4072 6324
516 410 619 477 347

1537 416 1597 475 8.
1639 413 2059 476 NICEPHORI
2098 411 2604 472 PATRIABCIIE
2649 413 2758 471 (.l’.

3669 405 3776 471 343

483 538 738 594 “operam
785 533 845 579 ut
891 523 1031 595 irugi
1088 524 1293 594 aliquid
1341 525 1616 579 videretur
1664 526 1994 579 multitudini
2039 527 2080 579 in

2195 523 2408 586 πολλοῖς
2441 522 2719 591 ἀξιόλογόν
2768 539 2821 575 τι
2870 522 3001 592 περὶ
3054 520 3163 574 τῶν
3212 520 3594 591 προκειμινων
3623 520 3774 591 αύτῷ

519 617 800 688 praposito
828 631 929 671 suo
947 616 1222 671 meditari.
1255 615 1333 669 ite
1360 628 1540 669 tamen
1571 631 1698 670 vera
1726 625 2091 686 [impotenter

521 708 628 760 vim
665 706 976 768 adhibebat,
1015 720 1119 774 qua
1151 712 1348 758 cuncta
1389 703 1495 758 sibi
1528 704 1721 772 placita
1750 703 2086 773 exsequeba-

522 799 626 853 tur.
663 798 768 851 Sed
802 798 945 852 enim
979 808 1077 851 nus
1106 796 1196 865 qui
1241 793 1487 850 veritatis
1512 795 1811 849 doctrinam
1846 795 2087 849 defendi-

521 904 663 949 mus,
694 887 879 955 deque
916 887 1017 940 hac
1054 887 1221 939 verba
1250 883 1510 948 facimus,
1547 883 1688 951 quod
1735 884 1911 954 angeli
1964 885 2089 954 pitt-

520 989 719 1045 gantur
777 994 841 1032 ac
864 978 1184 1047 ﬁgurentur,
1206 977 1446 1030 breviter
1465 977 1647 1030 omnia
1665 977 2090 1044 con-plectentes

517 1069 856 1124 docebimus.
897 1068 1145 1137 Namque
1179 1070 1231 1121 in
1275 1068 1466 1137 primis
1508 1069 1560 1122 id
1609 1066 1748 1122 facta
1792 1078 2085 1132 testantur,

513 1175 634 1229 qua:
666 1160 1078 1227 objectis-visui
1133 1168 1323 1219 nostro
1372 1158 1710 1228 spectaculis
1747 1168 1861 1214 tuto
1891 1159 2088 1214 conﬁr-

514 1261 750 1313 mantur.
790 1250 1001 1321 Ubique
1035 1253 1181 1306 enim
1238 1262 1509 1306 terrarum
1560 1266 1657 1321 per
1682 1264 1838 1306 sacra
1891 1252 2084 1319 tempta

513 1341 825 1398 bistoriales
854 1344 1085 1411 pictura:
1123 1340 1403 1396 abundauit
1437 1344 1611 1397 sacris
1646 1342 2085 1409 incorporearum

512 1433 877 1500 potentiarum
922 1432 1132 1503 ﬁguris,
1174 1434 1225 1487 id
1272 1435 1415 1503 quod
1460 1449 1489 1485 a
1522 1432 1805 1487 catholica!
1833 1432 2089 1486 Ecclesia:

510 1523 817 1591 antiquitus
849 1535 1073 1593 accepta
1114 1524 1411 1579 traditione
1453 1524 1562 1577 vim
1599 1532 1790 1577 tenet:
1825 1523 1981 1593 cujus
2011 1524 2085 1577 rei

513 1614 1043 1670 demonstrationem
1093 1621 1409 1684 exquirere,
1464 1630 1684 1670 omnem
1714 1622 1939 1684 superat
1976 1624 2088 1669 sto-

464 1744 471 1751 .
513 1701 782 1760 liditatem
825 1716 990 1777 atque
1020 1707 1337 1765 stultitiam.
1371 1707 1576 1763 Deinde
1604 1708 1768 1778 etiam
1799 1722 1829 1761 a
1870 1708 2085 1762 divino-

2193 614 2441 686 θεωρεῖν.
2471 614 2602 677 Ταῖς
2625 613 2907 682 ἀληθείαις
2936 613 2993 666 δὲ
3016 615 3081 683 τῇ
3107 612 3328 685 ἐξουσίᾳ
3343 612 3777 687 καταχρώμενος

2190 704 2484 774 ἐπέτρεπε,
2518 705 2586 759 δι’
2617 700 2685 776 ἦς
2712 704 2774 758 τὸ
2804 705 2913 758 πᾶν
2942 703 3052 757 τῶν
3082 703 3388 758 δοκούντων
3414 702 3772 775 κατώρθωτο.

2203 796 2365 866 Ἡμῖν
2393 798 2452 851 δὲ
2483 800 2595 862 τοῖς
2624 797 2719 850 τοῦ
2749 797 2909 864 λόγου
2943 795 3044 865 τῆς
3074 794 3336 864 ἀληθείας
3370 797 3769 867 προεστηκόσι,

2190 890 2283 941 καὶ
2310 890 2403 943 τὸν
2431 889 2788 959 περὶτούτων
2813 889 2975 957 λόγον
3007 879 3380 965 ποιουμένοις,
3402 889 3485 943 δτι
3518 889 3613 941 καὶ
3635 888 3773 957 γρά-

2189 997 2380 1049 φονται
2408 982 2502 1035 καὶ
2532 980 2893 1046 είκονίζονται
2920 983 2970 1034 οἱ
2997 980 3145 1049 ἀγιοι
3166 980 3416 1049 ἄγγελοι,
3446 979 3522 1044 ὡς
3548 981 3605 1032 ὲν
3636 978 3770 1050 βρα-
3804 1018 3813 1025 ι

2188 1076 2274 1142 χεῖ
2314 1072 2377 1126 τὸ
2426 1074 2537 1126 πᾶν
2568 1072 3024 1144 εἰσενεχθήσεται.
3076 1070 3298 1142 Πρῶτον
3346 1071 3445 1141 μὲν
3474 1070 3584 1141 γάρ
3630 1070 3771 1124 αὐτὰ

2193 1166 2465 1235 μαρτυρεξ
2510 1164 2579 1218 ea
2620 1164 2949 1234 πράγματα,
2985 1163 3129 1232 άπερ
3172 1161 3261 1215 διά
3308 1161 3417 1214 τῶν
3473 1160 3770 1231 ὁρωμένων

2188 1258 2319 1325 ἡμῖν
2353 1257 2447 1309 καὶ
2487 1257 2579 1308 ὑπ’
2626 1255 2750 1325 δψιν
2796 1253 3067 1322 κειμένων
3121 1253 3385 1320 ἀσφαλῶς
3430 1251 3764 1322 βεὸαιοῦται.

2189 1346 2473 1417 Πανταχοῦ
2510 1347 2620 1419 γάρ
2649 1350 2753 1417 γῆς
2792 1346 2935 1400 κατά
2964 1345 3090 1408 τοὺς
3119 1345 3301 1414 ἱεροὺς
3344 1345 3507 1407 ναοὺς
3538 1345 3595 1397 αἱ
3625 1345 3767 1398 ἱστοε

2189 1440 2303 1511 ρίαι
2358 1439 2625 1510 πλήθουσι
2658 1440 2730 1492 τᾶ
2780 1438 2892 1492 τῶν
2947 1436 3259 1505 ἀσωμάτων
3303 1435 3590 1505 δυνάμτων
3644 1435 3766 1505 ίερά

2188 1532 2607 1601 ἀπεικάσματα,
2648 1530 2744 1585 καὶ
2789 1530 2888 1599 τῆς
2919 1528 3219 1597 καθολικῆς
3286 1526 3640 1595 Ἐκκλησίας,
3694 1525 3764 1577 δι’

2185 1616 2254 1691 ἧς
2289 1620 2351 1672 τὸ
2377 1615 2595 1691 ’κράτος
2635 1618 2880 1689 ἀρχῆθεν
2930 1619 3193 1687 κέκτηται
3246 1619 3280 1687 ἠ
3335 1617 3658 1685 παράδοσις
3689 1609 3765 1668 ὧν

2186 1708 2462 1775 ἀπόδειξιν
2512 1710 2719 1779 ζητεῖν,
2755 1707 2939 1777 πάσης
2986 1708 3248 1761 ἐπέκεινα
3297 1706 3639 1776 ἠλιθιότητος
3672 1709 3766 1760 καὶ

511 1811 637 1851 rum
668 1797 1014 1853 oraculorum
1066 1801 1383 1867 magisterio
1422 1799 1563 1855 idem
1599 1802 1875 1855 docemur.
1908 1801 2080 1867 Atque

2191 1800 2575 1871 ματαιότητος.
2611 1798 2847 1873 Ἔπειτα
2887 1798 2945 1852 δὲ
2986 1799 3081 1853 καὶ
3134 1799 3169 1869 ἡ
3210 1796 3318 1851 τῶν
3347 1796 3766 1866 θεοπαραδότων

511 1896 571 1941 ut
612 1903 640 1941 ι
681 1890 968 1959 principali
1018 1892 1237 1960 Deoque
1270 1892 1517 1960 proximo
1547 1892 1908 1959 primitnslue
1937 1891 2080 1947 illinc

2188 1869 2385 1960 λογίων
2409 1869 2599 1964 σαφῶς
2628 1869 2776 1964 ἧμάς
2807 1892 3122 1946 ἑκπαιδεύει
3148 1890 3492 1944 διδασκαλία.
3529 1890 3640 1943 Καὶ
3678 1890 3763 1941 ίνα

510 1976 805 2046 elfulgenle
830 1981 1025 2034 ordine
1064 1980 1178 2047 (85)
1222 1982 1599 2042 exordiantur,
1643 1981 1928 2034 videamus
1954 1982 2080 2049 quid

510 2069 578 2123 de
626 2073 965 2125 ornamentis
1003 2088 1145 2125 area:
1182 2074 1233 2125 in
1277 2073 1436 2139 legali
1494 2071 1843 2126 tabernaculo
1893 2073 2082 2141 positae

506 2160 708 2215 Paulus
772 2162 921 2216 dicat
974 2176 991 2216 :
1055 2164 1329 2233 Superque
1378 2180 1497 2218 eam
1556 2162 1837 2219 Cherqu
1894 2162 2083 2233 gloria

509 2251 1368 2322 obumbmmia-propitiatorium
1419 2255 1488 2310 “.
1544 2254 1835 2310 Cberubini
1899 2265 2079 2309 autem

509 2343 713 2413 gloriae,
753 2343 1068 2414 giorilicati,
1114 2357 1168 2400 et
1205 2347 1451 2417 gloriosi,
1485 2358 1539 2402 et
1565 2347 1705 2401 infra
1736 2347 1925 2410 Deum,
1960 2349 2081 2414 jure

509 2435 814 2506 meritoque
847 2436 916 2489 ab
949 2437 1213 2493 Ecclesia:
1255 2442 1533 2508 magistris
1567 2442 1889 2495 creduntur.
1912 2438 2081 2494 Porro

506 2525 799 2594 signiﬁcari
834 2526 938 2580 hoc
975 2528 1193 2582 nomine
1227 2530 1439 2597 copiam
1484 2530 1728 2584 scientiae
1754 2538 1920 2599 atque
1947 2528 2081 2583 etfu-

506 2615 717 2668 sionem
752 2616 1053 2683 sapientize,
1086 2616 1441 2672 ilebrmorum
1469 2619 1648 2689 lingua
1674 2620 2077 2686 novit.Qninam

508 2719 642 2759 vero
670 2705 723 2758 hi
765 2707 927 2761 sunt?
972 2708 1029 2762 Si
1078 2707 1357 2763 Mantonas
1397 2726 1559 2764 aures
1590 2711 1775 2765 auditu
1825 2712 2079 2779 praeditas

510 2795 763 2861 liabet-et,
787 2798 1031 2852 audisset
1065 2799 1258 2867 utique
1289 2799 1693 2869 maniiesteque
1715 2800 2075 2870 cognovisset,

509 2897 616 2936 non
644 2884 767 2938 illos
812 2874 1235 2955 angustissimos
1267 2887 1616 2945 Cberubinos
1657 2890 1740 2944 bis
1776 2891 1954 2944 verbis
1981 2892 2076 2945 de-

507 2974 736 3040 signari,
777 2974 869 3043 qui
929 2985 1058 3031 sunt
1118 2978 1451 3048 incorporei,
1507 2980 1625 3034 sine
1686 2980 1859 3034 forma
1914 2992 2079 3050 atque

509 3062 716 3131 ﬁgura,
756 3063 1155 3120 intellectuales
1216 3081 1282 3121 ac
1340 3068 1671 3133 rationales;
1736 3070 1832 3123 sed
1891 3085 2078 3126 sacras

506 3155 689 3225 potius
723 3155 938 3210 illorum
967 3156 1250 3227 imagines,
1279 3173 1345 3214 es
1376 3160 1664 3231 purissima
1700 3162 2078 3230 splendidissi-

506 3258 705 3311 maque
762 3247 991 3300 materia
1030 3250 1384 3319 compositas,
1417 3250 1599 3304 aureis
1628 3250 1848 3305 laminis
1885 3266 2077 3307 antea-

505 3348 613 3402 que
643 3334 900 3389 caelatura
947 3336 1018 3391 ab
1076 3339 1329 3394 humanis
1384 3340 1635 3394 manibus
1693 3340 1800 3395 Deo
1855 3341 2078 3411 iubente

470 3426 823 3494 ,i'abricatas,
880 3428 1316 3499 inanimes,‘sine
1368 3443 1510 3488 motu
1537 3449 1603 3490 ac
1662 3452 1848 3501 sensu,
1888 3440 2076 3492 eodem

509 3534 574 3572 ac
607 3519 681 3572 illi
710 3522 928 3575 nomine
956 3522 1275 3591 appellatas,
1308 3524 1693 3594 appellationis
1721 3527 1880 3583 simul
1907 3528 2077 3597 parti-

507 3610 657 3681 cipes
684 3621 739 3666 et
771 3612 959 3683 gloria:
977 3615 1273 3685 gratiaeque
1298 3626 1595 3687 compotes.

579 3884 720 3951 Quid
758 3900 889 3956 ergo
923 3884 1039 3942 ﬁeri
1068 3887 1390 3957 oportebat?
1418 3887 1657 3945 Credere
1691 3890 1813 3945 bis?
1843 3907 1909 3945 an
1938 3891 2077 3946 Pau-

508 3977 617 4031 lum
660 3978 775 4033 hac
828 3979 1098 4034 dicentem
1148 3981 1412 4049 rejicere?
1454 3980 1763 4037 Jucundum
1806 3984 1906 4037 hoc
1951 3997 2078 4051 gra-

428 4085 432 4089 ’
516 4081 750 4141 tmnque
787 4071 1050 4126 Mamona:
1082 4072 1294 4139 fuisset,
1328 4075 1515 4143 procul
1539 4090 1731 4144 nempe
1761 4077 1827 4129 ab
1858 4089 2080 4145 aposto-

508 4161 611 4215 lira
658 4161 903 4216 doctrina
973 4161 1082 4234 74
1136 4165 1437 4228 discedere,
1497 4175 1661 4233 atque
1711 4163 2078 4218 Christianum

505 4265 629 4305 esse
653 4251 902 4306 desinere
931 4271 946 4307 :
972 4255 1100 4321 quin
1130 4254 1266 4308 adeo
1289 4269 1354 4309 ne
1390 4254 1556 4325 Moysi
1589 4254 1809 4324 quidem
1833 4257 2075 4320 credere,

498 4344 600 4414 qui
641 4342 740 4397 bos
763 4353 1087 4399 construere
1114 4344 1301 4410 jussus
1331 4345 1462 4411 fuit;
1505 4360 1679 4413 neque
1707 4346 1989 4399 Hebraeum
2021 4360 2082 4401 se

501 4438 777 4504 proﬁteri,
822 4445 880 4491 et
931 4436 976 4492 si
1008 4434 1140 4504 quid
1177 4436 1263 4491 bis
1309 4437 1594 4491 enortuius
1634 4437 1925 4492 dicendqu
1974 4446 2077 4503 est,

2189 1982 2284 2035 ἀπ’
2328 1982 2500 2050 αὐτῆς
2546 1982 2646 2052 τῆς
2701 1981 3016 2052 πρωτίστης
3058 1981 3150 2033 καλ⁵
3179 1980 3256 2042 ὼς
3284 1975 3579 2047 ’ἐγγυτάτω
3624 1977 3763 2030 Θεοῦ
3804 2003 3811 2009 “

2190 2072 2284 2148 και
2335 2071 2405 2124 τὰ
2461 2071 2658 2144 πρῶτα
2711 2071 2921 2124 ικεῐθεν
2971 2070 3397 2139 ἑλλαμπομινης
3446 2067 3762 2138 ἀρξώμεθα,

2192 2164 2390 2235 ἴδωμεν
2419 2164 2473 2217 τί
2500 2162 2610 2218 τῶν
2636 2164 2765 2235 περὶ
2796 2162 2895 2234 τὴν
2926 2161 3160 2216 κιϐωτὸν
3197 2161 3385 2213 ἕνεκεν
3406 2159 3637 2226 τάξεως.
3664 2160 3765 2227 τῆς

2189 2257 2248 2309 ὲν
2276 2257 2425 2327 νόμῳ
2467 2255 2695 2326 σκηνῆς,
2733 2256 2869 2325 φησί
2897 2253 3137 2316 Παῦλος·
3189 2251 3498 2320 ’Υπεράνω
3553 2250 3622 2303 δὲ
3652 2251 3765 2305 αὐ-

2188 2344 2299 2414 τῆς
2328 2346 2618 2415 Χερουϐὶμ
2671 2345 2858 2413 δόξης
2892 2343 3372 2409 κατασκιάζοντα
3405 2342 3470 2397 τὸ
3511 2340 3763 2407 ἱλαστή-

2179 2453 2335 2503 ριον.
2367 2435 2658 2507 Χερουϐὶμ
2684 2436 2741 2490 δὲ
2768 2434 2952 2503 δόξης,
2984 2435 3051 2488 τά
3073 2430 3555 2503 δεδοξασμέναρτά
3576 2428 3764 2494 ἔνδοξα

2189 2530 2285 2581 καὶ
2309 2528 2570 2582 ὑποκάτω
2594 2526 2688 2581 τοῦ
2710 2527 2867 2591 Θεοῦ,
2899 2526 2976 2590 ὡς
3006 2526 3211 2595 ἄριστα
3235 2526 3349 2587 τοῖς
3382 2525 3764 2595 μυσταγωγοῖς

2187 2624 2284 2690 τῆς
2323 2620 2658 2692 Ἐκκλησίας
2671 2619 2827 2672 δοκεῖ
2843 2636 2856 2649 ·
2891 2618 3179 2689 σημαίνειν
3197 2617 3254 2670 δι
3276 2615 3539 2686 τοῦνομα,
3562 2613 3767 2684 πλῆθος

2187 2712 2438 2781 γνώσεως
2487 2714 2579 2765 καὶ
2624 2709 2783 2781 χύσιν
2810 2712 3004 2780 σοφίας
3034 2712 3068 2780 ὴ
3130 2707 3400 2780 Ἐϐραίων
3440 2702 3551 2759 οἶδε
3586 2705 3761 2775 φωνή.

2187 2804 2324 2857 Τίνα
2359 2802 2416 2855 δὲ
2450 2804 2647 2867 ταῦτα,
2681 2803 2730 2855 εί
2760 2794 2873 2856 ὦτα
2902 2799 3015 2872 εἶχε
3048 2799 3145 2853 τοῦ
3172 2797 3415 2861 ἀκούειν,
3448 2798 3683 2867 ἧκουσεν
3699 2796 3765 2849 ἂν

2186 2896 2280 2948 καὶ
2310 2895 2524 2962 ἐπέγνω
2557 2893 2764 2963 σαφῶς,
2801 2895 2884 2948 δτι
2917 2894 3017 2947 οὐκ
3058 2891 3258 2954 αὐτοὺς
3295 2891 3423 2953 τοὺς
3452 2889 3765 2952 θειοτάτους

2186 2987 2280 3041 καὶ
2314 2987 2656 3056 ὑπερτάτους
2725 2984 3011 3056 Χερουϐὶμ
3053 2986 3081 3037 ό
3112 2983 3269 3052 λόγος
3322 2981 3673 3053 παρίστησιν,
3712 2980 3765 3032 oi

2184 3094 2248 3147 γε
2275 3076 2561 3147 ἀσώματοί
2595 3077 2655 3130 τέ
2681 3079 2787 3130 εἱσι
2820 3076 2917 3130 καὶ
2943 3075 3176 3129 ἀνείδεοι
3207 3074 3300 3127 καὶ
3333 3072 3761 3142 ἀσχημάτιστοι,

2185 3169 2363 3239 νοεροί
2396 3182 2455 3222 τε
2486 3170 2582 3223 καὶ
2627 3168 2839 3237 λογικοὶ
2884 3167 3250 3237 τυγχάνουσιν
3272 3182 3288 3199 ο
3321 3165 3459 3220 ἀλλά
3501 3166 3623 3219 κατ’
3667 3164 3766 3217 αύ-

2178 3261 2307 3323 τοὺς
2336 3260 2459 3331 ίερά
2504 3260 2973 3330 ἀπεικονίσματα,
3014 3259 3159 3329 ἀπερ
3184 3252 3244 3325 ἐξ
3276 3258 3412 3329 ὕλης
3451 3260 3554 3329 τῆς
3588 3255 3764 3311 καθα-

2180 3349 2429 3421 ρωτάτης
2470 3350 2563 3404 καὶ
2607 3349 3007 3420 λαμπροτάτης
3054 3347 3449 3412 διεσκεύαστο,
3492 3347 3560 3401 τὰ
3590 3364 3763 3418 χρυσο

2180 3439 2377 3509 ήλατα,
2397 3438 2467 3491 τά
2488 3440 2915 3510 χρυσοτόρευτα,
2934 3439 3001 3492 τὰ
3022 3440 3211 3510 χερσὶν
3235 3438 3607 3509 ἀνθρωπείαις
3624 3438 3763 3492 Θεοῦ

2179 3532 2611 3601 προστάττοντος
2652 3528 3020 3601 διησκημένα.
3057 3530 3126 3583 τά
3175 3528 3380 3598 ἀψυχα,
3407 3528 3476 3581 τά
3506 3528 3760 3606 ἀκίνητα,

2177 3621 2246 3675 τὰ
2262 3621 2588 3693 ἀναίσθητα,
2610 3621 2920 3691 ὁμωνύμως
2948 3621 3180 3683 ἐκείνοις
3210 3618 3756 3691 προσαγορευόμενα,

2180 3715 2278 3783 τῆς
2300 3729 2359 3767 τε
2399 3713 2774 3786 προσηγορίας
2798 3715 3159 3784 μετασχόντα,
3184 3711 3280 3766 καὶ
3301 3710 3459 3781 δόξης
3480 3708 3763 3781 ἠξιωμένα

2180 3806 2277 3858 καὶ
2316 3804 2561 3873 χάριτος.

2249 3894 2315 3947 Τί
2347 3890 2443 3948 οὖν
2488 3894 2689 3963 ιχρῆνς
2740 3892 3030 3945 Πείθεσθαι
3072 3890 3310 3955 τούτοις,
3348 3890 3380 3960 ἢ
3432 3889 3764 3960 διαγράφειν

2182 3984 2396 4039 Παῦλον
2420 3981 2597 4039 ταῦτα
2628 3984 3047 4053 διαλεγόμενονς
3092 3984 3223 4037 Ἡδὺ
3266 3980 3426 4035 τοῦτο
3466 3981 3614 4052 αύτῷ
3666 3983 3761 4035 καὶ

2181 4077 2376 4148 χαρίεν
2409 4077 2629 4147 μακράν
2671 4078 2769 4146 τῆς
2800 4074 3170 4142 ἀποστολικῆς
3213 4073 3561 4136 διδασκαλίας
3604 4074 3763 4127 ἀποί·

2180 4166 2396 4238 χεσθαι,
2426 4168 2521 4220 καὶ
2543 4165 2872 4238 ταύτῃ’γοῦν
2899 4167 2960 4218 ού
3000 4164 3103 4219 κᾶν
3130 4166 3461 4235 Χριστιανὸν
3486 4166 3763 4237 χρηματί-

2183 4266 2309 4308 σαν
2350 4256 2399 4308 εί
2450 4254 2509 4307 δὲ
2553 4253 2675 4307 οὐδὲ
2709 4254 2919 4323 Μωῦσῇ
2959 4252 3190 4306 ἕπεσθαι
3233 4252 3313 4323 τῷ
3362 4253 3537 4307 ταῦτα
3568 4254 3759 4307 κελευο

2183 4345 2368 4398 σθέντι
2397 4344 2790 4416 τεκτήνασθαι,
2819 4344 2941 4397 οὐδὲ
2975 4343 3230 4414 Ἐὕραῖον
3258 4342 3527 4413 ὑπάρξαι,
3581 4346 3676 4397 καὶ
3712 4348 3761 4399 εί

2179 4436 2264 4490 δεῖ
2308 4436 2370 4490 τὸ
2399 4436 2607 4490 τούτων
2639 4437 2817 4490 εἰπεῖν
2847 4435 3253 4507 ἀηχέπερον,
3282 4435 3404 4489 οὐδὲ
3458 4435 3622 4489 αὐτὸν
3673 4436 3763 4488 δέ-

503 4543 690 4598 neque
719 4528 829 4583 Deo
850 4528 1204 4598 acquiescere
1224 4528 1317 4598 qui
1344 4528 1444 4582 bos
1469 4528 1586 4582 ﬁeri
1615 4529 1911 4582 mandavit.
1942 4528 2079 4596 Quid

2185 4526 2378 4594 ξασθαι
2410 4526 2544 4580 Θεὸν
2582 4525 2758 4581 ταῦτα
2798 4525 3203 4599 προστάξαντα.
3239 4526 3306 4580 Τί
3343 4526 3453 4598 γάρ
3513 4542 3681 4597 φησιν
3734 4529 3763 4580 δ

497 4622 651 4676 enim
677 4622 813 4675 dixit
837 4621 893 4675 in
926 4617 1154 4675 oraculo
1177 4620 1317 4674 Deus
1349 4620 1568 4691 proprio
1593 4619 1823 4689 famulo?
1856 4618 2075 4686 Videsis,

498 4712 685 4766 omnia
720 4710 881 4776 [acies
912 4709 1074 4777 juxta
1111 4706 1205 4761 (ibi
1252 4718 1519 4762 ostensum
1553 4707 1867 4773 exeritplar;
1920 4716 2079 4776 atque

502 4803 655 4856 illinc
686 4800 784 4855 tibi
836 4801 1161 4855 innotescam
1216 4799 1287 4865 ",
1350 4814 1417 4853 cx
1468 4798 1795 4854 Cberubinis
1844 4798 2075 4854 sciiicet.

507 4897 661 4950 Anne
690 4892 860 4963 igitur
890 4892 1241 4947 honorabiles
1275 4906 1380 4945 non
1416 4890 1671 4945 videntur
1699 4906 1762 4943 ac
1786 4891 2076 4944 venerandi

501 4986 607 5054 illi,
640 4985 783 5041 unde
827 4985 966 5040 Deus
1006 4983 1320 5039 hominibus
1362 4981 1688 5037 innoteseit?
1725 4979 1896 5037 Nemo
1936 4981 2077 5036 divi-

504 5093 701 5133 narunt
751 5094 935 5133 rerum
981 5091 1239 5132 reverens
1290 5089 1394 5129 non
1428 5074 1778 5130 assentielur.
1810 5072 1910 5141 Qui
1947 5088 2078 5128 vero

504 5168 591 5222 bis
613 5168 1001 5223 contumeliam
1031 5166 1184 5233 iacit,
1206 5180 1442 5234 quanam
1467 5174 1617 5221 sorte
1651 5167 1968 5229 donabitur,
1995 5165 2079 5219 vel

508 5258 831 5326 quibusnam
864 5257 1290 5313 accensebitur?
1335 5256 1518 5312 Facile
1560 5257 1609 5310 id
1641 5261 1872 5326 quisque
1913 5256 2080 5320 volet,

508 5351 821 5420 intelliget:
871 5368 1064 5421 nempe
1120 5366 1245 5407 cum
1296 5350 1640 5405 etlmicorum
1684 5336 1975 5411 atbcismo,
2030 5359 2082 5402 et

503 5458 632 5501 cum
683 5443 1102 5502 Manichaeorum
1174 5443 1455 5514 impietate
1524 5452 1791 5513 ponetur;
1854 5456 2082 5512 quorum

583 5603 629 5635 "
656 5602 818 5659 llebr.
855 5619 930 5670 Ix,
950 5604 1012 5658 ὅ.
1089 5604 1135 5636 ⁸³
1161 5601 1329 5658 Exod.
1368 5616 1495 5667 xxv,
1517 5598 1608 5654 ΞΩ.

589 5737 705 5807 (85)
740 5738 794 5792 lu
823 5738 1014 5795 (ἔτεινςο
1042 5739 1227 5795 codice
1255 5736 1572 5807 voeabulum
1618 5735 1825 5800 τάξεως
1856 5736 1992 5807 jacet
2023 5736 2076 5807 in

518 5806 765 5882 margine
826 5828 855 5866 a
913 5810 1149 5867 secunda
1201 5822 1363 5864 manu
1400 5806 1660 5876 scriptum
1708 5807 1826 5862 sine
1873 5806 2072 5861 iudicio

2182 4618 2537 4692 χρηματίζων
2566 4618 2702 4683 Θεὸς
2727 4618 2805 4689 τῷ
2833 4620 3020 4688 οἰκείῳ
3044 4618 3373 4690 θεράποντι·
3400 4619 3553 4687 Ὅρα
3584 4617 3762 4683 nam-

2179 4727 2312 4776 σεις
2343 4710 2541 4765 πάντα
2568 4711 2718 4766 κατὰ
2758 4710 2868 4765 τὸν
2917 4712 3112 4764 τύπον
3145 4710 3253 4763 τὸν
3277 4708 3592 4776 δειχθέντα
3623 4724 3725 4762 σοι
3744 4720 3759 4737 ο

2179 4800 2279 4854 καὶ
2347 4797 2579 4853 ἐκεῖθεν
2633 4798 3069 4869 τνωσθήσομαί
3128 4814 3249 4863 σοι,
3311 4796 3419 4850 τῶν
3477 4797 3763 4867 Χερουϐὶμ

2180 4891 2375 4956 λέγων.
2406 4885 2557 4961 *Δρα
2585 4886 2679 4943 οὖν
2702 4890 2766 4943 ού
2796 4890 2955 4961 τίμια
2987 4889 3139 4943 δοκεῖ
3166 4889 3263 4953 καὶ
3289 4888 3564 4959 σεδάσμια
3597 4883 3759 4952 εἶναι,

2184 4981 2309 5037 ὅθεν
2349 4982 2482 5046 Θεὸς
2537 4980 2851 5054 ἀνθρώποις
2883 4979 3251 5050 γινώσκεταις
3287 4982 3397 5044 πᾶς
3435 4997 3521 5045 τις
3551 4980 3661 5032 τῶν
3693 4980 3764 5034 τά

2187 5074 2308 5127 θεῖα
2349 5072 2615 5126 σεὸόντων
2655 5073 3016 5144 συμφήσειεν.
3064 5070 3124 5126 ’0
3154 5071 3360 5126 τούτων
3407 5072 3454 5126 δ’
3500 5071 3762 5143 ὑϐριστὴς

2187 5165 2292 5221 ποῦ
2340 5182 2472 5220 ποτε
2532 5166 2972 5238 κληρωθησεται,
3029 5164 3127 5219 καὶ
3175 5167 3289 5218 τίσι
3345 5163 3761 5231 συντετάξεται,

2191 5259 2372 5330 ῥᾴδιον
2429 5258 2658 5312 συνιδεῖν
2709 5258 2789 5329 τῷ
2843 5255 3158 5329 βουλομένῳ
3210 5258 3397 5324 παντὶ,
3466 5256 3606 5327 μετὰ
3662 5257 3762 5326 τῆι,

2200 5348 2469 5417 Ἑλλήνων
2492 5348 2807 5418 ἀθεότητος,
2842 5348 2983 5420 μετὰ
3006 5348 3103 5419 τῆς
3127 5346 3449 5418 Μανιχαίων
3477 5347 3766 5417 ἀνοσιότη-

2189 5458 2281 5505 τος
2305 5457 2319 5472 ο
2346 5433 2421 5495 ὧν
2449 5440 2551 5509 τὴν
2583 5440 2741 5505 δόξαν
2777 5440 2875 5495 καὶ
2915 5440 3018 5511 τὴν
3061 5438 3416 5496 διδασκαλίαν
3444 5440 3762 5511 ἐζηλωκὼς,

2179 5737 2419 5879 ἓέιὶιέτξε
2435 5736 2598 5802 sedis,
2636 5750 2800 5808 quam
2831 5750 2978 5793 nunc
3001 5733 3188 5805 judico
3241 5749 3366 5792 esse
3391 5745 3513 5808 post
3551 5734 3757 5806 ἐλλαμ-

2254 5825 2267 5879 ε
2297 5826 2351 5861 ιν
2394 5822 2442 5871 ς·

2254 5822 2442 5879 μενης.
