4072 6324
390 296 397 304 ’
452 344 555 410 351

1478 344 1539 402 S.
1578 340 2000 402 NlCEPHORI
2040 338 2546 401 PATRIARCIIE
2584 338 2688 400 GP.

3597 329 3705 395 352

529 452 637 525 ⁷5
673 452 764 507 l0.
806 451 1082 507 Mittamus
1112 450 1258 520 loqui
1294 452 1358 504 de
1381 461 1633 506 sermone
1658 462 1779 521 post
1812 453 1899 506 illa
1927 467 2022 521 per

2195 446 2247 501 ι’.
2316 446 2525 516 Ἑῶμεν
2574 445 2753 514 λέγειν
2791 442 2883 497 τὸν
2939 440 3006 497 δι’
3062 438 3312 509 ἀγγέλων
3360 439 3522 507 λόγον
3583 445 3702 511 μετ’

458 545 684 615 angelos
737 544 942 605 habito,
980 552 1033 596 et
1064 543 1109 597 si
1150 543 1278 611 quid
1302 542 1464 614 aliud
1508 544 1591 596 his
1629 544 1807 599 simile
1844 546 2024 599 actum

458 645 565 691 est.
595 635 688 690 Sic
715 633 849 688 Navi
895 633 1004 687 filio
1036 634 1086 686 in
1128 632 1412 702 procinctu
1446 635 1612 688 stanti
1653 635 1722 697 ’³,
1757 636 1873 690 acie
1910 636 2025 704 jam

458 737 652 783 contra
688 727 870 779 hostes
914 724 1134 787 educta,
1166 724 1316 778 visus
1351 734 1436 778 est
1470 724 1703 778 humana
1734 724 1908 779 forma
1946 725 2029 777 di-

460 830 566 869 vus
599 813 849 883 angelus,
895 822 1109 865 armato
1131 811 1347 874 similis,
1378 826 1537 864 manu
1566 811 1806 880 gladium
1836 811 2028 864 disnri-

459 913 605 958 ctum
642 909 855 957 tenens.
893 902 1062 969 Quem
1090 917 1215 956 cum
1240 900 1407 956 Josua
1445 905 1599 971 quasi
1631 904 1855 959 militem
1901 921 2028 973 spe-

457 1003 654 1059 ctaret,
691 995 919 1065 visuque
967 993 1189 1049 insolito
1234 996 1523 1060 attonitus,
1578 997 1828 1063 quisnam
1879 1008 2030 1052 esset

457 1084 784 1153 ambigeret,
818 1094 871 1140 et
915 1095 1100 1140 utrum
1136 1087 1203 1141 de
1251 1087 1447 1156 pepulo
1480 1101 1581 1142 suo
1611 1089 1832 1159 aliquis,
1863 1107 1932 1145 an
1962 1093 2031 1148 de

392 1180 395 1183 ’
461 1175 727 1237 hostibus,
762 1177 1174 1239 sciscitaretur;
1209 1177 1299 1232 ille
1332 1192 1393 1233 se
1422 1179 1629 1233 militia.-
1666 1182 1878 1236 Domini
1926 1183 2030 1236 du-

459 1281 577 1321 cem
603 1282 728 1332 esse
758 1267 1077 1323 declaravit.
1112 1266 1249 1321 Tum
1280 1278 1334 1322 et
1364 1269 1612 1323 divorum
1647 1272 2031 1339 prophetarum

461 1354 683 1424 quidam
714 1356 918 1411 vidisse
953 1372 1013 1412 se
1040 1354 1327 1410 Dominum
1371 1357 1557 1427 gloriae
1592 1361 1669 1414 ait
1700 1361 1741 1427 ί,
1773 1361 2033 1427 Seraphi-

463 1460 655 1499 nornm
687 1462 886 1503 corona
912 1449 1330 1503 circumdatum.
1362 1451 1573 1505 Etenim
1618 1467 1743 1507 cum
1799 1454 1867 1509 ad
1898 1471 2031 1509 con-

464 1549 731 1592 tumacem
763 1537 916 1591 illum
964 1538 1201 1609 durique
1238 1541 1418 1596 cordis
1450 1543 1707 1612 populum
1741 1546 2032 1604 mittendus

464 1639 629 1693 esset,
666 1643 867 1683 arcana
921 1631 1029 1703 illa
1054 1631 1222 1701 gloria
1256 1632 1581 1697 illustratur,
1618 1636 1869 1705 libiaque
1916 1638 2034 1707 ejus

465 1720 707 1775 carbone
734 1722 1084 1789 mandantur,
1128 1733 1188 1778 ut
1214 1738 1346 1793 pure
1385 1725 1450 1778 ad
1484 1741 1675 1795 purum
1708 1730 2030 1797 accederet;

467 1809 747 1879 divinique
779 1815 1050 1867 sermonis
1080 1814 1254 1869 factus
1292 1817 1559 1880 minister,
1591 1826 1756 1888 atque
1783 1819 1884 1874 hoc
1917 1822 2033 1877 viso

414 1970 419 1975 ι
468 1899 746 1970 gloriaque
795 1901 1100 1964 roboratus,
1148 1904 1233 1956 cui
1280 1918 1391 1957 rem
1453 1905 1656 1959 nullam
1712 1923 2035 1977 comparare

467 1998 703 2057 poterat,
750 1991 1005 2046 humanis
1046 1996 1257 2049 cunctis
1290 1998 1639 2065 contemptis,
1672 2000 2035 2057 conlidentius

468 2085 534 2134 ad
560 2083 883 2155 auditorum
920 2086 1262 2142 oraculorum
1307 2090 1794 2159 promulgationem
1840 2110 2035 2163 proce-

465 2172 638 2226 deret.
670 2173 825 2228 Alius
858 2177 878 2207 ²
912 2188 1091 2232 autem
1132 2180 1329 2232 tuentis
1350 2180 1522 2235 oculis
1555 2182 1874 2250 puriticatis,
1912 2200 2032 2239 cum

468 2266 867 2335 impendentem
903 2271 1282 2337 peccatoribus
1312 2271 1547 2325 divinam
1588 2285 1842 2329 cerneret
1874 2277 2035 2346 puni-

469 2358 690 2421 tionem,
722 2362 1041 2430 pra-positos
1077 2362 1203 2417 huic
1231 2363 1305 2417 rei
1348 2364 1628 2419 ministros
1659 2368 1814 2433 vidit,
1847 2368 2036 2435 bipen-

467 2465 565 2505 nes
594 2466 754 2506 manu
808 2460 1120 2523 gestantes;
1152 2469 1259 2523 quo
1292 2454 1326 2507 ii
1370 2464 1586 2524 spectro
1621 2457 1952 2512 mortiferam
1982 2468 2039 2534 et

467 2539 758 2593 exitiosam
798 2542 929 2606 vim,
967 2541 1233 2595 caedenda:
1287 2544 1524 2597 sontium
1577 2545 1909 2599 multitudini
1950 2548 2036 2601 iu-

472 2639 715 2697 tentam,
778 2632 1263 2701 reprzeseutabant.
1338 2634 1492 2689 Sicut
1558 2636 1722 2690 etiam
1779 2636 2037 2692 viderat’

471 2721 673 2797 pedere
716 2723 989 2787 indutum,
1032 2723 1207 2778 media
1262 2727 1394 2780 urbe
1444 2725 1751 2782 discurrere
1803 2728 2036 2797 jussnm,

468 2816 795 2882 signumque
823 2813 1137 2884 imprimere
1168 2814 1220 2869 in
1248 2815 1519 2873 frontibus
1548 2821 1783 2873 virorum
1814 2835 2038 2890 gemen-

472 2904 627 2968 tium,
670 2912 727 2958 et
756 2905 826 2957 ob
873 2905 1053 2958 omnia
1088 2918 1207 2973 qua:
1246 2906 1390 2959 inter
1418 2921 1512 2960 cos
1561 2908 1761 2962 flebant
1818 2917 2037 2977 peccata

474 2996 849 3060 manentium,
878 2995 1061 3050 divina
1085 2997 1299 3051 interim
1325 2997 1535 3065 jnstitia
1558 3013 1677 3051 reos
1705 2998 1772 3053 ab
1805 2998 2040 3053 innoxiis

2127 539 2309 591 ἐκεῖνα
2366 535 2717 606 λαλούμενον,
2769 535 2865 587 καὶ
2906 534 2958 587 εί
2996 550 3049 585 τι
3094 531 3307 593 τούτοις
3345 529 3697 602 ᾠκονόμηται

2128 626 2529 697 παραπλήσιον.
2583 625 2772 688 Οὕτως
2804 623 2883 693 τῷ
2908 621 3005 677 τοῦ
3042 621 3199 690 Ναυῆ
3230 621 3404 686 παιδὶ,
3437 621 3560 674 ἐπεὶ
3593 638 3695 675 πο-

2127 717 2313 785 λέμων
2344 716 2539 786 ἔμελεν
2578 714 2766 786 αὐτῷ,
2810 713 2908 769 καὶ
2943 715 3080 784 πρὸς
3109 713 3237 775 τοὺς
3277 711 3594 781 ἀλλοτρίους
3635 708 3706 784 ἦν

2127 810 2161 879 ἡ
2190 808 2331 862 κατὰ
2361 810 2461 878 τὴν
2499 809 2680 879 μάχην
2718 803 3048 878 παράταξις,
3075 807 3104 858 ό
3143 804 3334 874 ὀφθεὶς
3357 803 3501 867 θεῖος
3533 805 3703 874 ἄγγεα

2128 899 2239 965 λος,
2264 901 2321 951 ἐν
2352 898 2676 971 ἀνθρωπείῳ
2702 897 2784 969 τῷ
2831 900 3072 967 σχήματι
3117 893 3467 964 ἐπεφαίνετο,
3501 894 3697 959 ἐοικὼς

2128 992 2487 1056 ὁπλιτεύοντι,
2522 992 2615 1044 καὶ
2655 990 2756 1060 τὴν
2800 991 2959 1061 χεῖρα
3015 985 3386 1058 παραδεικνὺς
3428 985 3709 1040 καθωπλι-

2133 1081 2339 1153 σμένην
2382 1081 2481 1152 τὴν
2524 1082 2818 1152 μάχαιραν.
2860 1079 2952 1133 Διὸ
2995 1079 3092 1133 καὶ
3138 1077 3215 1142 ὡς
3271 1075 3503 1145 ὁπλίτην
3538 1076 3707 1147 ὀρῶν,

2131 1175 2222 1227 καὶ
2251 1173 2387 1244 πρὸς
2418 1173 2479 1226 τι
2502 1173 2606 1243 τῆς
2642 1172 2771 1235 θέας
2806 1170 3211 1241 ἐξηλλαγμένον
3258 1170 3583 1240 ἀμηχανῶν,
3613 1170 3709 1222 ὅσ-

2130 1282 2214 1327 τις
2242 1266 2371 1318 ποτέ
2405 1265 2513 1335 εἴη,
2547 1264 2774 1336 πότερον
2811 1263 2920 1317 τῶν
2947 1262 3193 1333 φυλετῶν
3231 1262 3400 1333 ῆτῶν
3432 1261 3707 1331 πολεμίων

2130 1354 2514 1409 διεπυνθάνετο
2536 1372 2551 1388 ο
2583 1356 2612 1408 ό
2639 1353 2695 1407 δὲ
2721 1350 2861 1407 εἶναι
2889 1353 2992 1423 τῆς
3019 1352 3305 1424 δυνάμεως
3343 1353 3553 1424 Κυρίου
3580 1353 3709 1405 ἐαυ-

2131 1444 2223 1499 τὸν
2253 1446 2622 1517 στρατιάρχην
2649 1445 2997 1514 ἀπεφαίνετο.
3021 1444 3133 1498 Kal
3159 1443 3267 1496 τῶν
3293 1443 3456 1497 θείων
3484 1459 3706 1514 προφη-

2132 1537 2241 1591 τῶν
2274 1539 2302 1591 ὁ
2332 1537 2430 1608 μέν
2458 1555 2541 1601 τις
2590 1538 2683 1591 καὶ
2731 1537 2893 1591 αὑτὸν
2929 1540 3029 1608 τῆς
3069 1536 3228 1607 δόξης
3259 1535 3554 1589 τεθεᾶσθαι
3593 1534 3708 1587 Κύ-

2137 1628 2254 1699 ριόν
2280 1644 2434 1698 φησι,
2483 1628 2580 1681 καὶ
2634 1628 2703 1682 τά
2742 1628 2993 1699 Σεραφὶμ
3036 1626 3222 1696 κύκλῳ
3281 1624 3707 1695 περιιστάμενοι.

2148 1719 2366 1789 Ἐπειδὴ
2407 1718 2516 1788 γὰρ
2556 1719 2749 1790 ἔμελλε
2789 1719 2929 1790 πρὸς
2973 1718 3063 1771 τὸν
3097 1715 3300 1786 ἀπειθῆ
3346 1717 3553 1768 ἐκεῖνον
3582 1714 3710 1766 λαὸν

2066 1802 2107 1857 Β
2136 1812 2231 1864 καὶ
2278 1809 2705 1882 σκληροκάρδιον
2755 1808 3205 1870 ἀποστέλλεσθαι,
3239 1806 3337 1876 τὴν
3382 1805 3703 1875 ἀπόρρητον

2135 1901 2350 1973 ἐκείνην
2391 1900 2548 1967 δόξαν
2607 1899 3058 1972 περιαυγάζεται,
3107 1899 3205 1952 καὶ
3241 1897 3321 1968 τῷ
3359 1898 3597 1968 ἄνθρακι
3643 1896 3710 1949 τὰ

2134 1994 2288 2064 χείλη
2340 1992 2695 2065 καθαίρεται·
2731 1994 2817 2048 ἵνα
2852 1992 3109 2063 καθαρῶς
3140 1991 3218 2063 τῷ
3266 1989 3495 2062 καθαρῷ
3532 2007 3704 2061 προσ-

2134 2086 2404 2159 ομιλήσῃο
2434 2087 2528 2139 καὶ
2552 2085 2713 2138 θείων
2742 2084 2918 2153 λόγων
2950 2083 3230 2154 ὑπηρέτης
3261 2081 3570 2152 γενόμενος,
3602 2083 3712 2134 xix

2133 2182 2233 2249 τῆς
2270 2178 2528 2247 τοιαύτης
2560 2177 2688 2241 θέας
2738 2176 2834 2231 καὶ
2880 2175 3040 2242 δόξης
3090 2173 3554 2246 ἐπιρωννύμενος,
3616 2174 3711 2226 καὶ

2135 2271 2271 2341 πρὸς
2284 2270 2436 2324 οὐδὲν
2452 2270 2563 2322 τῶν
2580 2268 2753 2323 ἄλλων
2770 2266 2975 2337 ταύτην
2993 2267 3368 2336 παραμετρεῖν
3388 2264 3706 2334 δυνάμενος,

2136 2360 2356 2413 πάντων
2382 2358 2493 2413 τῶν
2518 2357 2878 2426 ἀνθρωπείων
2897 2355 3230 2423 καταγνοὺς,
3261 2353 3709 2427 θαρραλεώτερον

2137 2452 2273 2523 πρὸς
2303 2450 2403 2522 τὴν
2420 2450 2531 2505 τῶν
2557 2447 3069 2522 χρησμῳδουμένων
3090 2445 3366 2500 διακονίαν
3391 2444 3707 2517 προάγοιτο.

2151 2544 2208 2598 'U
2240 2543 2296 2597 δὲ
2328 2544 2453 2607 τοὺς
2485 2542 2585 2612 τῆς
2616 2540 2857 2604 διανοίας
2912 2537 3329 2610 κεκαθαρμένος
3357 2536 3697 2607 ὀφθαλμοὺς,

2136 2634 2327 2704 ἐπειδὴ
2354 2634 2450 2705 τὴν
2475 2633 2616 2687 κατά
2662 2633 2771 2686 τῶν
2806 2630 3217 2702 ἡμαρτηκότων
3260 2628 3542 2700 θεόκριτον
3582 2645 3715 2696 προ-

2136 2725 2502 2795 ενηνεγμένην
2536 2721 2684 2794 ἐώρα
2714 2721 3008 2792 τιμωρίαν,
3044 2721 3171 2784 τοὺς
3201 2719 3295 2772 ἐπὶ
3318 2718 3491 2791 ταύτῃ
3517 2735 3715 2787 τεταγ-

2140 2817 2332 2886 μένους
2394 2816 2490 2869 καὶ
2563 2812 3080 2885 ύπηρετουμένους,
3151 2810 3403 2873 πελέκεις
3458 2809 3713 2863 τεθέαται

2137 2907 2295 2977 χερσὶ
2348 2906 2636 2977 φέροντας,
2684 2904 2747 2957 τὸ
2785 2902 3161 2974 ἀναιρετικδνσ
3181 2903 3276 2956 καὶ
3333 2900 3715 2971 όλοθρευτικδν

2137 2999 2231 3050 καὶ
2247 2996 2411 3066 τομὸν
2434 2997 2537 3065 τῆς
2562 2994 2671 3049 τῶν
2690 2994 3008 3048 ὑπευθύνων
3032 2992 3271 3064 πληθύος
3287 2994 3711 3064 διαγράφοντας.

468 3094 781 3154 scparante.
814 3085 951 3140 Tum
984 3096 1040 3148 et
1070 3085 1223 3142 alteri
1259 3090 1535 3157 prophetae
1571 3087 1590 3118 "
1619 3103 1785 3157 eques
1817 3089 2035 3157 quidam

2144 3091 2360 3160 Ὅσπερ
2381 3089 2556 3160 δηκαὶ
2578 3088 2818 3158 ἑωράκει
2846 3085 3058 3158 ποδήρη
3086 3084 3422 3148 ἐνδεδυκότα,
3446 3101 3723 3155 προστατ-

470 3190 530 3230 se
571 3178 661 3231 dat
689 3177 1152 3247 conspiciendum,
1182 3193 1324 3248 equo
1358 3181 1479 3235 rufo
1504 3181 1764 3245 insidens,
1794 3193 1851 3235 ut
1884 3181 2036 3235 volu-

471 3266 722 3322 critatem
774 3266 1009 3324 fortasse
1057 3269 1402 3340 celeremque
1448 3271 1804 3341 gerendarum
1857 3286 2036 3326 rerum

471 3359 1080 3415 cursum-demonstret.
1109 3359 1293 3416 Faciei
1322 3376 1451 3416 vero
1478 3362 1649 3427 color,
1680 3378 1787 3432 quo
1825 3366 2041 3415 irmun.

471 3455 573 3502 dus
605 3458 659 3502 et
698 3460 956 3505 cruentus
991 3453 1297 3520 rubensque
1340 3460 1397 3506 et
1444 3452 1633 3519 igneus
1686 3456 2037 3524 pugnantium

472 3551 727 3605 aspectus
779 3541 1088 3604 denotatur,
1142 3543 1276 3595 iram
1326 3542 1469 3611 (Dei)
1517 3544 1779 3599 adversus
1833 3547 2042 3616 aliquot

475 3631 703 3686 hostiles
739 3640 929 3702 gentes
959 3635 1155 3688 innuit.
1206 3632 1522 3704 Rursusque
1554 3636 1693 3690 idem
1724 3640 1988 3707 propheta
2019 3639 2040 3671 '

474 3724 609 3776 bona
647 3727 808 3785 verba
840 3736 896 3780 et
919 3726 1313 3781 consolatorios
1347 3743 1631 3783 sermones
1660 3731 1850 3795 audiit,
1900 3733 2041 3786 divi-

475 3827 596 3867 nam
658 3814 1023 3883 placiditatem
1083 3818 1622 3889 benevolentiamque
1691 3825 2039 3890 nuntiantes,

474 3904 636 3970 quam
671 3920 798 3976 erga
830 3906 1136 3962 Jerusalem
1172 3921 1587 3978 exprompturus
1616 3922 1733 3967 erat
1761 3916 2043 3971 universa-

474 3994 542 4051 lis
576 3996 739 4061 Deus,
777 3998 1031 4069 populum
1054 4000 1175 4070 jure
1217 4000 1340 4057 belli
1376 4005 1649 4073 captivum
1670 4006 1756 4060 ‘ad
1807 4007 2041 4075 priorem

475 4091 891 4159 proslieritatem
944 4092 1364 4163 beatitatcmque
1420 4097 1772 4161 reducendo;
1809 4108 1860 4151 et
1899 4098 2042 4166 quod

476 4181 606 4236 urbs
630 4184 826 4236 iterum
856 4185 1173 4245 aedificanda
1206 4197 1370 4251 esset,
1407 4198 1459 4240 et
1494 4187 1639 4242 bene
1679 4203 1738 4243 se
1767 4189 2041 4257 habitura,

474 4282 530 4325 et
554 4274 747 4344 opibus
780 4274 1139 4330 abundatura.
1174 4275 1238 4329 Et
1266 4285 1531 4347 quotquot
1556 4277 1658 4332 alia
1684 4280 1919 4336 visiones
1944 4282 2046 4337 illa:

476 4366 721 4419 cernenti
770 4368 1259 4435 repraesentabant.
1291 4368 1637 4436 Atqneialius
1670 4370 1852 4435 aliter,
1887 4383 2045 4440 prout

2143 3181 2370 3252 τόμενόν
2393 3198 2451 3234 τε
2476 3179 2707 3235 διελθεῖν
2750 3179 2925 3251 μέσην
2948 3179 3046 3248 τὴν
3069 3177 3242 3242 πόλιν,
3286 3176 3382 3230 καὶ
3414 3175 3615 3229 διδόναι
3659 3176 3719 3227 τὸ

2145 3275 2370 3343 σημεῖον
2397 3273 2489 3326 ἐπὶ
2533 3272 2602 3325 τά
2624 3271 2853 3340 μέτωπα
2868 3269 2978 3325 τῶν
3014 3269 3225 3340 ἀνδρῶν
3253 3268 3363 3321 τῶν
3389 3285 3719 3321 καταστενα-

2146 3365 2348 3430 ζόντων
2376 3365 2467 3418 καὶ
2508 3364 2970 3435 κατοδυνωμένων
3003 3364 3096 3415 ἐπὶ
3128 3361 3334 3425 πάσαις
3363 3363 3481 3424 ταῖς
3511 3360 3719 3423 ἀνοίαις

2143 3459 2263 3519 ταῖς
2292 3456 2608 3526 γινομέναις
2640 3457 2699 3508 ἐν
2744 3456 2895 3526 μέσῳ
2935 3454 3135 3520 αὐτῶν,
3183 3454 3282 3525 τῆς
3323 3453 3476 3516 θείας
3508 3453 3720 3505 δικαιο-

2147 3548 2368 3619 κρισίας
2395 3547 2739 3618 διειργούσης
2766 3548 2894 3610 τοὺς
2918 3546 3245 3610 ἀνευθύνους
3283 3544 3395 3600 τῶν
3419 3545 3729 3597 ύποδίκων.·

2147 3639 2257 3692 Kal
2286 3639 2430 3710 ἄλλῳ
2495 3639 2694 3704 ἱππεύς
2752 3657 2837 3703 τις
2897 3639 3278 3710 ἐμφανίζεται,
3328 3638 3483 3708 ἵππῳ
3527 3636 3723 3708 πυρῤᾠ

2147 3731 2511 3801 ἐποχούμενος
2536 3746 2549 3759 ⁸
2586 3732 2725 3802 τάχα
2756 3732 2816 3784 τὸ
2835 3731 2929 3795 ὀξύ
2938 3733 3144 3804 ρροπον
3167 3730 3262 3785 καὶ⁵
3282 3730 3591 3800 ταχυπόρον
3615 3730 3723 3781 τῶν

2150 3823 2560 3892 ἐνεργουμένων
2600 3822 2674 3885 ὼς
2720 3823 2953 3892 ἱππότης
2990 3820 3383 3892 παραδεικνύς.
3416 3822 3491 3873 Τὸ
3541 3820 3596 3873 δὲ
3627 3819 3723 3872 τοῦ

2149 3912 2356 3981 χρωτὸς
2374 3911 2531 3977 εἶδος,
2550 3906 2593 3981 ᾧ
2613 3914 2673 3966 τὸ
2699 3912 2930 3983 θυμικὸν
2958 3912 3035 3976 ὡς
3063 3912 3363 3984 αῑμόχρουν
3395 3913 3499 3982 καὶ⁴
3519 3913 3724 3981 ὑπέρου

2150 4003 2279 4075 θρον
2308 4005 2400 4057 καὶ
2452 4004 2749 4076 πυρίπνουν
2780 4003 2889 4064 τῶν
2938 4004 3265 4074 μαχομένων
3310 4000 3721 4074 τεκμη’ριοῦται,

2148 4096 2247 4165 τὴν
2280 4095 2419 4148 κατὰ
2453 4112 2613 4149 τινων
2632 4094 2907 4164 πολεμίων
2938 4094 3108 4149 ἐθνῶν
3137 4093 3721 4165 ὀργῆνύπαινίττεται.

2152 4186 2260 4240 Kal
2297 4172 2453 4249 αὖθίς
2482 4188 2705 4258 ῥήματα
2734 4186 2878 4241 καλά
2917 4189 3013 4241 καὶ
3059 4187 3253 4256 λόγους
3277 4184 3726 4258 παρακλητικοὺς

2150 4278 2338 4348 ἡκουε,
2350 4278 2449 4350 τὴν
2467 4278 2619 4332 θείαν
2639 4278 2928 4349 εὐμένειαν
2939 4280 3034 4333 καὶ
3054 4278 3246 4348 φιλανθ
3256 4278 3466 4349 ρωπίαν
3482 4292 3725 4347 προαγο-

2155 4366 2435 4439 ρεύοντας,
2471 4362 2562 4433 αἷς
2595 4370 2727 4442 περὶ
2752 4369 2851 4441 τὴν
2881 4368 3244 4440 Ἰερουσαλὴμ
3268 4370 3531 4440 χρήσεται
3559 4370 3588 4421 ὁ
3619 4366 3727 4420 τῶν

477 4455 626 4508 varia
671 4456 908 4525 dignitas
956 4457 1288 4526 postulabat.
1323 4461 1685 4526 gerendarum
1717 4476 1932 4531 quoque
1964 4481 2038 4517 re-

2153 4461 2289 4515 ὅλων
2321 4460 2474 4525 Θεὸς,
2517 4462 2611 4514 ἐπὶ
2648 4463 2751 4533 τὴν
2801 4461 3077 4533 προτέραν
3128 4460 3476 4530 εὐδαιμονίαν
3522 4476 3582 4513 τε
3633 4460 3728 4512 καὶ

477 4560 598 4599 rum
645 4545 845 4616 ﬁguras
885 4546 1214 4617 symbolicas
1250 4547 1566 4604 informatas
1604 4551 1861 4620 videbat;
1888 4564 2050 4623 prout

479 4636 719 4707 denique
752 4636 899 4692 Deus
930 4639 1196 4693 arbitratu
1226 4655 1325 4694 suo
1360 4654 1449 4695 res
1483 4644 1564 4696 his
1594 4644 1735 4713 typis
1762 4659 2050 4714 expressas

477 4728 592 4797 geri
654 4728 906 4781 curabat.
959 4727 1099 4794 Quid
1156 4740 1335 4784 autem
1387 4730 1674 4787 dicendum
1714 4744 1801 4789 est
1833 4737 1898 4789 de
1947 4736 2052 4790 illis

477 4834 695 4889 quoque
737 4820 1064 4875 venerandis
1113 4825 1423 4893 sanctisque
1482 4824 1722 4886 feminis.
1752 4839 2045 4898 unguenta,

480 4912 729 4980 inquam,
771 4911 1113 4968 ferentibus?
1135 4912 1319 4969 Nonne
1346 4914 1659 4986 angelorum
1690 4915 1868 4973 visum
1900 4919 2049 4973 vide-

484 5003 673 5068 runt‘,
710 5015 873 5071 atque
920 5005 1019 5060 hos
1048 5005 1188 5061 albis
1220 5007 1438 5062 indutos
1465 5008 1713 5080 stolaque
1741 5008 2045 5078 splendida,

480 5092 607 5146 dum
639 5093 704 5148 ad
748 5093 990 5150 divinum
1034 5097 1340 5167 sepulcrum
1400 5099 1529 5170 ipsas
1580 5099 1925 5163 accederent,
1958 5101 2046 5153 ubi

484 5183 756 5238 vivificum
800 5187 994 5264 summi
1024 5185 1119 5242 Dei
1153 5203 1349 5259 corpus
1397 5198 1513 5244 erat
1545 5189 1878 5256 repositum?
1912 5205 2048 5256 quo-

486 5290 603 5329 rum
639 5280 883 5336 candida!
924 5291 1100 5336 vestes
1138 5290 1305 5351 atque
1336 5280 1621 5351 fulgentes,
1654 5280 1780 5348 quia
1808 5296 2054 5334 continu-

488 5383 611 5422 nem
683 5371 903 5435 humani
969 5376 1187 5442 generis
1246 5372 1489 5426 ketitiam
1554 5380 1606 5426 et
1680 5372 2053 5426 liberatiom-m

429 5486 438 5494 -
483 5462 781 5532 symbolice
798 5464 1172 5535 designabant,
1207 5442 1344 5532 pene
1370 5472 1496 5516 ante
1527 5478 1690 5531 quam
1726 5463 1825 5530 ipsi
1855 5464 2052 5532 angeli,

487 5566 671 5609 vocem
707 5554 845 5609 hanc
884 5555 1205 5610 emittebant
1238 5570 1251 5607 :
1278 5550 1379 5617 Qui
1402 5553 1647 5621 sepultus
1680 5562 1821 5618 crat,
1851 5568 2036 5609 resur-

552 5730 785 5788 "Josuc
815 5750 843 5786 v
874 5772 888 5798 ,
937 5732 1019 5786 15.
1100 5732 1117 5763 ³
1152 5731 1253 5787 lsa.
1288 5748 1357 5799 vi,
1411 5734 1457 5789 l.

1537 5734 1553 5763 ²
1582 5732 1773 5788 Ειουιι,
1816 5749 1887 5797 Ix,
1926 5733 1960 5786 2
2060 5734 2077 5765 ³
2110 5734 2241 5791 ibid.
2283 5736 2335 5790 l.
2419 5733 2621 5790 "Zaclt.
2656 5751 2694 5803 ι,
2727 5736 2780 5792 8.

2146 4553 2444 4607 εὐπάθειαν
2484 4554 2614 4616 τοὺς
2665 4551 3202 4623 ὴνδραποδισμὲνους
3243 4553 3338 4605 καὶ
3364 4550 3724 4620 δοριλήπτους

2150 4642 2463 4710 ἐπανάγων,
2504 4642 2599 4695 καὶ
2652 4644 2722 4695 τά
2750 4641 2891 4694 κατά
2920 4640 3020 4711 τὴν
3050 4640 3206 4694 πόλιν
3242 4641 3390 4701 ὅπως
3434 4638 3546 4703 ἕξει
3574 4639 3735 4708 οἰκήπ

2151 4732 2289 4797 σεώς
2320 4750 2377 4785 τε
2416 4732 2510 4786 καὶ
2541 4731 2855 4804 εὐετηρίας,
2884 4732 2967 4785 ὃτι
3001 4731 3376 4799 κατακάρπως
3418 4728 3730 4798 οἰκισθήσε-

2153 4843 2265 4878 ται.
2295 4824 2407 4878 Καὶ
2456 4822 2628 4877 τάλλα
2659 4824 2760 4877 ὅσα
2798 4824 2856 4878 αι
2899 4822 3050 4893 ὄψεις
3086 4823 3293 4875 ἐκεῖναι
3335 4820 3622 4876 διετύπουν
3655 4817 3733 4887 τῷ

2155 4917 2429 4989 βλέποντι.
2458 4915 2569 4969 Καὶ
2592 4914 2750 4979 ἄλλος
2791 4914 2990 4982 ἄλλως,
3013 4913 3148 4968 καθὸ
3164 4913 3224 4966 τὸ
3242 4913 3440 4984 μέτρον
3457 4912 3556 4983 τῆς
3577 4911 3733 4975 ἀξίας

2154 5007 2444 5071 ἐπέϐαλλε,
2481 5007 2577 5059 καὶ
2607 5008 2717 5060 τῶν
2745 5005 3217 5079 πραχθησομένων
3245 5007 3294 5059 οἱ
3324 5004 3487 5057 τύποι
3528 5002 3734 5073 συμϐο-

2153 5101 2318 5165 λικῶς
2365 5100 2798 5169 διεσκευάζοντο,
2830 5101 2924 5155 καὶ
2946 5100 3220 5172 ᾠκονόμει
3251 5099 3386 5163 θεὸς
3422 5098 3518 5151 καὶ
3549 5097 3732 5166 ἔκρινε

2155 5193 2226 5247 τὰ
2265 5196 2323 5247 ἐν
2351 5193 2564 5257 τούτοις
2620 5194 3098 5265 ἐκκαλυπτόμενα.
3160 5193 3227 5247 Τί
3277 5192 3322 5246 δ’
3368 5191 3434 5246 ἂν
3463 5190 3609 5243 εἴποι
3648 5206 3732 5254 τις

2159 5286 2287 5356 περί
2318 5302 2379 5353 γε
2412 5285 2521 5339 τῶν
2579 5285 2795 5356 σεμνῶν
2842 5287 3066 5340 ἐκείνων
3100 5284 3378 5355 γυναικῶν
3411 5284 3504 5337 καὶ
3534 5280 3728 5351 άγίων,

2157 5379 2267 5432 τῶν
2324 5379 2650 5449 μυροφόρων
2698 5378 2875 5446 λέγω;
2928 5379 3061 5448 Οὐχὶ
3141 5376 3408 5431 ὀπτασίαν
3481 5375 3734 5443 ἀγγέλων

2159 5471 2501 5540 ἑωράκεσαν,
2572 5472 2668 5524 καὶ
2723 5470 2949 5534 τούτους
2994 5468 3477 5540 λευχειμονοῦντας
3531 5466 3627 5519 καὶ
3666 5468 3732 5534 τῇ

2162 5560 2320 5632 στολῇ
2348 5562 2846 5633 ἐναστράπτοντας,
2890 5561 3051 5632 ἡνίκα
3088 5562 3229 5616 κατὰ
3266 5562 3357 5616 τὸν
3389 5559 3531 5613 θεῖον
3560 5556 3735 5625 τάφον

2893 5738 2911 5768 ⁵
2942 5735 3072 5791 ibid.
3112 5735 3195 5791 Π.
3275 5736 3296 5765 ⁶
3330 5732 3463 5790 Luc.
3500 5745 3647 5800 xxiv,
3679 5733 3734 5793 4.
