4072 6324
242 371 340 437 353

929 364 1559 426 ANTIRRHETICUS
1604 365 1666 425 ΙΙ
1717 366 1883 426 ADV.
1923 363 2515 427 CONSTANTINUM
2554 316 2767 426 COPIi.

3365 360 3471 427 354

241 478 625 553 προσήδρευον,
656 476 717 531 ὲν
747 469 792 545 ᾧ
818 476 880 530 τὸ
902 473 1212 548 ζωαρχικδν
1245 478 1342 546 τῆς
1371 477 1632 548 θεαρχὶας
1650 476 1804 549 σῶμα

1912 479 2077 543 rexit,
2130 493 2236 533 una
2268 492 2456 533 secum
2489 477 2768 533 suscitatis
2802 474 2870 530 iis
2915 472 3007 543 qui
3042 473 3234 529 mortis
3263 477 3471 530 catenis

242 572 690 645 ὲτεθησαύριστος
718 564 793 624 ὧν
820 570 881 624 τὸ
928 572 1158 643 φαιδρὸν
1185 573 1285 640 τῆς
1316 572 1510 640 στολῆς
1546 573 1640 625 καὶ
1669 589 1802 626 κατε

239 664 616 735 ηγλαῖσμένον,
657 661 895 733 ἐπείπερ
928 661 1204 731 σύμϐολον
1232 656 1300 732 ἦν
1324 661 1423 732 τῆς
1472 660 1659 731 κοινῆς
1704 658 1800 713 τοῦ

240 756 414 825 γένους
447 752 782 825 εὐφροσύνης
810 770 870 806 τε
890 755 986 807 καὶ
1009 750 1467 823 ἀπολυτρώσεως,
1489 750 1596 822 πρὸ
1620 750 1800 805 αὐτῶν

243 846 509 918 μονονουχὶ
536 846 721 918 φωνὴν
750 845 901 916 ἠφίει
926 862 942 878 ’
972 848 1166 916 ὅτιπερ
1220 846 1250 899 ὁ
1289 844 1482 915 ταφεὶς
1509 844 1803 915 ὲξεγήγερ-

1903 568 2245 622 tenebantur.
2280 566 2424 622 Mors
2450 568 2650 637 quippe
2680 568 2955 620 destructa
2989 574 3096 631 est,
3116 565 3234 619 orci
3258 564 3469 620 vincula

1903 660 2143 728 dirupta,
2175 659 2490 715 exstinctus
2519 658 2785 724 diabolus,
2820 669 3101 727 peccatum
3127 667 3469 713 evacuatum.

1904 749 2002 805 Hic
2058 752 2203 806 enim
2253 760 2372 806 erat
2434 751 2658 806 nuntius
2711 750 3047 815 laetissimus,
3099 748 3471 820 prodigiorum

1902 843 2157 898 videlicet
2185 845 2601 915 prredicatorum
2639 844 2977 913 magnitudo.

241 958 340 1007 ται,
364 941 693 994 συνανιστῶν
716 940 843 1003 τοὺς
893 939 1061 994 πάλαι
1113 940 1233 1002 ταῖς
1259 938 1356 992 τοῦ
1379 938 1613 992 θανάτου
1649 940 1858 1009 σειραῖς
1896 938 2306 1010 ὲνισχημένους.
2368 938 2608 1002 Θάνατος
2667 938 2775 1008 γὰρ
2824 936 3210 1002 καταλέλυται,
3262 936 3360 991 καὶ
3403 937 3474 991 τὰ

241 1032 402 1103 δεσμά
433 1031 526 1084 τοῦ
574 1029 704 1101 ᾅδου
758 1030 1113 1103 διέρρηκται,
1181 1033 1278 1089 καὶ
1347 1030 1680 1104 νενέκρωται
1743 1030 2014 1096 διάϐολος,
2065 1030 2163 1085 καὶ
2210 1029 2454 1102 ἁμαρτία
2504 1031 2879 1101 κατήργηται.
2932 1028 3111 1084 Τοῦτο
3139 1029 3249 1100 γὰρ
3300 1024 3369 1100 ῆν
3413 1031 3473 1083 τὸ

240 1124 717 1194 εὐαγγελιζόμενον
762 1125 872 1182 τῶν
914 1126 1338 1198 κηρυσσομένων
1376 1128 1695 1198 παραδόξων
1722 1127 1791 1182 τὰ
1830 1126 2111 1199 μεγαλεῖα.

303 1224 390 1272 ια’.
440 1218 594 1271 Ἐπεὶ
619 1217 715 1272 οὖν
746 1218 1045 1289 ὀφθαλμοῖς
1090 1220 1373 1291 σαρκίνοις
1409 1221 1635 1275 ἀθέατοι
1665 1222 1802 1275 εἰσιν

240 1310 285 1363 οἰ
337 1308 483 1375 ἅγιοι
544 1306 795 1375 ἄγγελοι,
844 1307 1112 1380 ὤφθησαν
1158 1309 1215 1362 δὲ
1247 1310 1524 1381 διαφόρως
1558 1310 1701 1364 κατά
1735 1310 1805 1364 τά

242 1395 475 1466 σύμϐολα
514 1395 624 1448 τῶν
676 1397 1113 1468 ὲγχειρισμένων
1139 1399 1327 1462 αὐτοῖς
1351 1399 1644 1455 διακονιῶν
1671 1418 1804 1472 σχη-

243 1487 607 1558 ματιζόμενοι,
640 1485 785 1541 οὕτω
816 1489 910 1542 καὶ
970 1488 1329 1560 είκοίσθησαν
1378 1490 1811 1568 [εἰκονίσθησαν]

241 1581 321 1633 καὶ
355 1579 704 1650 ἐγράφησαν,
736 1579 901 1650 μέχρι
924 1578 1055 1648 γοῦν
1082 1580 1184 1649 τῆς
1225 1582 1467 1654 σήμερον
1493 1583 1645 1655 παρὰ
1671 1585 1715 1637 Χ
1724 1601 1809 1656 ρι-

243 1672 485 1733 στιανοῖς.
528 1669 687 1724 Κατὰ
721 1669 896 1723 ταῦτα
931 1671 1028 1725 καὶ
1061 1671 1372 1742 πράσσεται
1410 1676 1503 1728 καὶ
1532 1675 1807 1746 κηρύσσε-

1973 1221 2060 1275 il.
2096 1218 2230 1286 Quia
2286 1219 2452 1289 igitur
2500 1218 2716 1274 carneis
2770 1219 2942 1273 oculis
2997 1217 3296 1273 invisibiles
3343 1225 3471 1270 sunt

1903 1312 2084 1368 sancti
2110 1311 2310 1382 angeli,
2343 1320 2715 1381 apparuerunt
2760 1319 2936 1365 autem
2972 1311 3306 1365 multimodis
3338 1309 3471 1380 ligu-

1903 1403 2050 1469 rati;
2093 1412 2251 1472 prout
2279 1404 2527 1474 symbola
2560 1404 3006 1459 demandatorum
3043 1400 3467 1457 ministeriorum

1905 1490 2175 1556 terebant,
2207 1491 2279 1546 ita
2305 1493 2470 1546 etiam
2501 1491 2714 1561 ﬁgurati
2748 1493 3041 1547 fueruntet
3074 1490 3202 1560 picti
3231 1491 3298 1544 ad
3328 1490 3472 1545 hunc

1904 1595 2075 1652 usque
2102 1581 2247 1636 diem
2279 1581 2419 1650 apud
2441 1578 2805 1635 Christianos.
2844 1579 2960 1647 Sic,
2996 1580 3240 1650 inquam,
3268 1579 3469 1651 agitur,

1896 1673 1979 1729 sie
2009 1674 2355 1743 praedicatur.
2395 1672 2456 1727 Et
2483 1673 2607 1743 quia
2649 1673 2824 1728 sancti
2852 1681 3002 1737 sunt,
3026 1672 3329 1741 divinaeque
3357 1687 3468 1726 ma-

241 1780 334 1816 ται.
368 1763 476 1817 Καὶ
510 1761 699 1833 ἐπειδὴ
728 1762 873 1830 ἆγιοι
902 1763 997 1816 καὶ
1022 1762 1275 1828 θεοειδεῖς
1297 1765 1424 1833 εἰσι,
1445 1766 1540 1820 καὶ
1561 1766 1803 1839 λειτουρ-

1906 1763 2115 1834 iestatis
2162 1763 2421 1829 ministri,
2455 1775 2511 1818 et
2550 1764 2788 1819 secunda
2846 1762 3052 1818 lumina
3095 1777 3124 1816 a
3154 1763 3326 1832 prima
3354 1760 3472 1816 luce

241 1857 315 1925 γοί
341 1857 434 1927 τῆς
459 1855 619 1918 θείας
650 1854 1093 1926 μεγαλειότητος,
1130 1856 1228 1909 καὶ
1256 1854 1411 1924 φῶτα
1443 1856 1671 1929 δεύτερα
1704 1856 1799 1911 τοῦ

240 1946 440 2015 πρώτου
472 1946 656 2016 φωτὸς
679 1946 1112 2016 ἀπαυγάσματα,
1143 1947 1237 2001 καί⁵
1269 1948 1370 2019 τῆς
1399 1950 1674 2019 σωτηρίας
1699 1950 1802 2019 τῆς

240 2038 505 2108 ήμετέρας
545 2038 809 2105 διάκονοι,
835 2038 905 2092 δι’
932 2037 969 2092 ἃ.
997 2037 1061 2109 δὴ
1087 2037 1183 2091 καὶ
1207 2037 1277 2091 τὰ
1296 2037 1503 2093 τούτων
1531 2039 1802 2110 ἀφομοιὼο

243 2145 368 2196 ματα
396 2129 564 2197 τίμια
601 2129 700 2181 καὶ
730 2127 864 2196 ἅγιά
908 2128 1049 2194 ἐστι,
1082 2127 1182 2199 τὴν
1214 2130 1596 2201 προσήκουσαν
1635 2130 1825 2205 τιμὴν

241 2218 615 2289 προσφέρομεν
637 2217 842 2281 αὐτοῖς,
872 2217 969 2271 καὶ
989 2218 1090 2281 τὰς
1120 2219 1163 2271 ἰε
1174 2217 1272 2289 ρὰς
1294 2217 1594 2289 πρεσϐείας
1623 2218 1802 2271 αὐτῶν

240 2307 582 2379 ἑξαιτοῦμενο
613 2307 751 2361 διότι
789 2305 1139 2378 γινώσκομεν
1193 2308 1287 2362 καὶ
1316 2307 1668 2379 πιστεύομεν,
1704 2309 1802 2372 τάς

241 2414 291 2450 τε
312 2396 627 2466 δοξολογίας
645 2396 824 2468 ήμῶν,
852 2397 946 2451 καὶ
978 2396 1078 2460 τὰς
1119 2397 1255 2468 πρὸς
1289 2398 1423 2452 Θεὸν
1451 2397 1803 2469 εὐχαριστίας

241 2508 289 2543 τε
326 2492 415 2545 καὶ
460 2492 688 2561 δεήσεις
737 2490 833 2544 καὶ
879 2490 1257 2561 παρακλήσεις
1308 2489 1378 2544 δι’
1400 2492 1594 2545 αὐτῶν
1633 2509 1795 2564 προσο

240 2581 446 2650 ἄγεσθαι
472 2599 492 2613 ο
529 2583 688 2653 εἰπερ
706 2581 854 2635 ἐστὶν
873 2581 1074 2652 ἀληθὲς
1097 2581 1160 2634 τὸ
1188 2583 1246 2634 ὲν
1268 2580 1623 2650 Εὐαγγελίοις
1652 2582 1803 2654 παρά

240 2672 318 2724 τοῦ
342 2673 607 2743 Σωτῆρος
639 2669 797 2741 ήμῶν
816 2670 1108 2742 εἰρημένον
1134 2686 1150 2701 ’
1184 2671 1307 2724 Ὅτι
1343 2673 1397 2725 οἰ
1430 2670 1671 2741 ἄγγελοι
1698 2675 1805 2727 αὐ-

240 2761 340 2815 τῶν
360 2764 427 2817 ἐν
453 2761 748 2830 οὐρανοῖς
778 2760 875 2815 διὰ
903 2761 1130 2827 παντὸς
1174 2760 1357 2831 δρῶσι
1388 2761 1455 2816 τὸ
1481 2763 1805 2829 πρόσωπον

240 2855 329 2910 τοῦ
359 2855 602 2924 Πατρός
625 2870 746 2924 μου
771 2852 878 2907 τοῦ
905 2852 976 2907 ἐν
1024 2852 1321 2922 οὐρανοῖς.
1368 2853 1435 2905 Τί
1464 2854 1805 2924 πράσσοντες

241 2945 331 3016 ῆτί
356 2945 761 3017 ἐργαζόμενοι,
794 2944 828 3015 ἢ
865 2944 1087 3007 πάντως
1122 2960 1186 3012 γε
1217 2943 1318 3007 τὰς
1371 2943 1620 3014 αἰτήσεις
1647 2944 1804 3014 ήμῶν

240 3041 307 3101 εἰς
339 3041 403 3093 τὰ
419 3034 551 3093 ὦτα
582 3035 788 3108 Κυρίου
822 3034 1049 3088 Σαϐαὼθ
1084 3034 1333 3103 ἀγοντες,
1362 3035 1458 3087 καί
1483 3035 1642 3088 ἵλεων
1673 3038 1805 3107 ήμῖν

1903 1855 2239 1926 ed’ulgentia,
2290 1866 2604 1925 nostra‘que
2657 1854 2851 1909 salutis
2908 1853 3204 1921 adjutores,
3263 1852 3385 1907 ideo
3418 1860 3474 1905 et

1904 1948 2145 2016 ipsorum
2170 1945 2435 2016 imagines
2459 1945 2779 2000 venerandae
2794 1953 3107 2012 sancteque
3130 1949 3279 2003 sunt,
3302 1942 3473 2009 iisque

1903 2039 2163 2093 honorem
2195 2052 2493 2107 congruum
2545 2034 2865 2100 deferimus,
2901 2033 3011 2104 76
3039 2046 3335 2101 sacrasque
3359 2031 3473 2112 illo-

1902 2144 2020 2184 rum
2053 2128 2475 2184 intercessioues
2505 2126 2871 2196 exposcimus,
2905 2125 3031 2194 quia
3052 2136 3246 2192 nempe
3269 2121 3471 2176 scimus

1901 2229 1955 2274 et
1983 2220 2257 2273 credimus
2279 2219 2417 2288 (87),
2449 2217 2790 2272 laudationes
2821 2225 3053 2282 nostras,
3088 2224 3143 2269 et
3172 2214 3469 2282 gratiarum

1902 2312 2165 2373 actiones,
2198 2318 2253 2363 et
2297 2322 2510 2378 preces,
2560 2321 2626 2362 ac
2656 2306 3081 2377 supplicationes
3113 2304 3182 2360 ab
3226 2303 3313 2358 his
3362 2303 3473 2358 Duo

1902 2401 2119 2468 oﬂ‘crri;
2159 2400 2202 2454 si
2256 2410 2405 2455 certe
2439 2413 2628 2454 verum
2675 2408 2785 2463 est,
2830 2397 2973 2467 quod
3024 2397 3076 2450 in
3106 2395 3408 2462 Evangeliis
3440 2411 3470 2449 a

1904 2493 2195 2548 Scrvatore
2224 2501 2412 2547 nostro
2455 2492 2656 2547 dictum
2716 2490 2816 2545 fuit
2847 2508 2861 2545 :
2896 2490 3037 2556 Quia
3086 2488 3259 2559 angeli
3292 2504 3470 2542 eorum

1902 2584 1958 2638 in
1982 2583 2124 2637 cce/is
2153 2599 2354 2647 semper
2376 2582 2549 2637 vident
2582 2582 2772 2653 faciem
2802 2578 2981 2635 Patris
3010 2581 3112 2635 mei
3133 2580 3226 2650 qui
3253 2581 3309 2632 in
3330 2580 3472 2633 caelis

1902 2686 1977 2730 est
2009 2677 2049 2730 ⁷.
2090 2675 2226 2742 Quid
2267 2690 2455 2730 revera
2508 2674 2655 2728 aliud
2711 2683 2907 2728 curant
2957 2683 3050 2727 aut
3104 2671 3335 2737 faciunt,
3369 2672 3471 2726 nisi

1903 2782 2091 2837 preces
2121 2778 2337 2823 nostras
2383 2768 2451 2822 ad
2486 2781 2646 2829 aures
2671 2765 2882 2820 Domini
2925 2763 3164 2819 Sabaoth
3200 2760 3472 2827 deferunt,

1906 2859 2169 2929 uobisque
2200 2876 2263 2914 ac
2298 2859 2458 2914 rebus
2492 2859 2698 2915 nostris
2745 2858 3033 2927 propitium
3073 2858 3391 2919 conciliant,
3420 2867 3476 2911 et

1904 2967 2003 3021 pro
2045 2954 2221 3007 salute
2254 2963 2444 3007 nostra
2495 2951 2879 3006 intercedunt?
2926 2949 3021 3004 llic
3050 2949 3234 3018 itaque
3274 2947 3341 3003 de
3377 2945 3482 3000 hoc

1906 3054 2226 3114 argumento
2254 3046 2432 3099 oratio
2472 3043 2639 3099 ﬁnem
2676 3043 2893 3106 habeat;
2917 3052 2971 3096 et
3001 3040 3318 3111 irreligiosa:
3340 3040 3475 3095 stul-

241 3131 381 3185 αὐτὸν
414 3130 525 3184 ἐπεὶ
550 3132 664 3192 τοῖς
687 3127 1106 3198 πεπραγμένοις
1140 3125 1676 3196 παρασκευάζοντες,
1711 3126 1804 3179 καὶ

1911 3138 2041 3191 titiaa
2066 3136 2314 3191 delirium
2346 3138 2457 3207 jam
2505 3140 2812 3193 omittatur.
2859 3135 2941 3191 0h
2984 3133 3236 3202 superius
3287 3144 3470 3187 autem

232 3220 273 3279 .h
292 3222 414 3292 πρδς
441 3220 731 3292 σωτηρίαν
765 3219 901 3289 ἡμῖν
930 3219 1049 3270 ἐστι
1080 3215 1460 3285 μεσιτεύοντες
1484 3233 1499 3282 ;
1543 3215 1806 3272 Ἐνταῦθα

248 3308 325 3367 οὖν
372 3316 400 3368 ὁ
452 3312 593 3383 περὶ
643 3309 850 3364 τούτων
893 3307 1050 3377 λόγος
1101 3306 1343 3377 ὡρίσθω,
1385 3307 1481 3362 καὶ
1526 3307 1555 3360 ὁ
1586 3306 1684 3376 τῆς
1711 3305 1806 3359 τοῦ

248 3402 515 3467 ὼσσεὸοὗς
553 3400 925 3471 ματαιότητος
961 3398 1130 3469 λῆρος
1183 3398 1443 3454 ἀνείσθω.
1493 3400 1617 3453 Ἐπὶ
1656 3400 1714 3453 δὲ
1739 3400 1807 3454 τὰ

253 3489 418 3559 πρώην
459 3488 847 3559 ὑπεσχημένα,
901 3486 1001 3557 τῆς
1060 3485 1154 3540 τοῦ
1185 3488 1436 3556 γραπτοῦ
1480 3489 1576 3542 καὶ
1615 3490 1807 3560 ἀπερι-

249 3582 473 3650 γρὰπτου
495 3580 689 3651 φωνῆς
720 3578 933 3643 ἕνεκεν,
957 3571 1033 3632 ὧν
1068 3577 1131 3631 τὸ
1177 3578 1433 3651 διάφορον
1463 3579 1520 3646 ἐξ
1544 3581 1805 3635 ἀπαιδευ-

250 3673 355 3736 σίας
382 3674 473 3728 καὶ
509 3669 758 3742 ἀμαθίας
785 3670 1096 3740 ὴγνοηκότα
1134 3670 1343 3723 κατίδοι
1373 3671 1437 3725 ἀν
1488 3688 1593 3737 τις,
1636 3671 1807 3726 καθά-

249 3778 339 3833 περ
369 3763 431 3834 δὴ
463 3762 569 3817 καὶ
597 3760 727 3823 τοὺς
757 3758 968 3813 ἐκείνου
1002 3759 1285 3829 φοιτητὰς,
1332 3761 1427 3813 καὶ
1467 3761 1566 3831 τῆς
1597 3761 1806 3833 πλάνης

250 3854 520 3925 ὀκροατὰς,
558 3853 685 3916 τοὺς
716 3852 812 3906 νῦν
838 3851 1057 3915 ἀσεϐεῖς
1088 3852 1182 3907 καὶ
1206 3850 1565 3916 ἀπαιδεύτους
1599 3852 1805 3923 δογμα-

250 3947 435 4010 τιστὰς,
457 3946 565 4017 ήδη
598 3943 677 4014 τῷ
729 3941 876 4014 λόγῳ
931 3942 1284 4014 τρεψώμεθα,
1317 3942 1387 3996 τὰ
1436 3943 1570 4014 παρ’
1621 3944 1803 3998 αὐτῶν

154 4030 155 4035 “
252 4036 689 4105 ὲπισκεπτὸμενοι
735 4034 1133 4106 ληρῳδήματα’
1188 4034 1306 4088 ἀλλ’
1364 4035 1554 4107 ἐπειδὴ
1614 4034 1803 4108 ὥσπερ

253 4126 445 4193 φύσεων
483 4127 587 4181 καὶ
617 4126 924 4196 ἰδιωμάτων
951 4125 1216 4197 διαφορὰν
1244 4125 1345 4180 οὐκ
1374 4125 1639 4196 ἔγνωσαν,
1680 4128 1804 4181 οὐδὲ

252 4216 499 4286 ἀναμέσον
525 4216 686 4285 ἁγίου
724 4216 815 4269 καὶ
846 4216 1075 4286 βεϐήλου
1121 4216 1417 4272 διαστεῖλαι
1451 4219 1802 4288 ἀνοηταίνον-

252 4320 327 4369 τες
348 4307 669 4379 διέγνωσαν,
702 4309 879 4373 οὕτως
907 4311 1029 4364 οὐδὲ
1056 4311 1085 4364 ὃ
1104 4310 1157 4364 τί
1189 4310 1321 4364 ποτέ
1353 4314 1470 4366 ἐστι
1488 4313 1678 4384 γραφὴ
1706 4312 1803 4367 καὶ

254 4400 572 4471 περιγραφὴ,
597 4400 631 4472 ἢ
653 4400 898 4473 γραπτὸν
917 4402 1011 4456 καί
1031 4401 1431 4471 περιγραπτὸν,
1458 4403 1798 4471 ἐπέγνωσαν

1908 3229 2195 3298 promissa,
2246 3238 2465 3298 propter
2514 3228 2771 3284 vocabula
2827 3227 3144 3296 indescripti
3197 3237 3253 3281 et
3306 3226 3475 3281 incir-

1907 3321 2222 3389 cumscripti
2260 3319 2394 3393 (88),
2448 3335 2675 3390 quorum
2727 3318 3087 3375 diﬂ'crcntiam
3137 3332 3203 3374 ex
3242 3318 3477 3372 ruditate

1907 3424 1963 3465 et
1987 3411 2201 3465 inscitia
2236 3409 2542 3465 Mamonam
2579 3410 2833 3479 ignorare
2872 3417 3111 3470 constat,
3140 3409 3281 3462 sicut
3309 3407 3474 3461 etiam

1906 3503 2026 3572 eius
2056 3504 2296 3560 asscclas
2323 3512 2380 3558 et
2408 3503 2614 3559 erroris
2643 3500 2960 3571 discipulos,
2993 3500 3191 3569 impios
3224 3500 3473 3555 videlicet

1909 3595 2066 3664 hujus
2102 3585 2278 3650 aetatis
2307 3603 2361 3649 et
2392 3595 2613 3665 ignaros
2643 3593 3022 3663 dogmatislas,
3056 3592 3183 3657 huc,
3233 3591 3474 3659 inquam,

1906 3702 2213 3743 sermonem
2237 3695 2642 3750 convertamus,
2672 3692 2729 3737 ut
2762 3684 3000 3754 ipsorum
3026 3699 3197 3753 nugas
3217 3682 3477 3752 dispicia-

1908 3794 2027 3832 mus
2065 3778 2231 3847 :quia
2259 3777 2399 3832 sicut
2432 3784 2750 3829 naturarum
2783 3788 2848 3829 ac
2877 3774 3270 3844 proprietatum
3324 3772 3477 3827 dilic-

1906 3870 2134 3925 rentiam
2167 3870 2435 3935 ignorant,
2477 3880 2648 3935 neque
2683 3865 2826 3921 inter
2851 3871 3101 3922 sanctum
3127 3874 3184 3919 et
3211 3864 3474 3933 pollutum

1906 3962 2240 4030 distinguere
2293 3959 2348 4014 hi
2407 3958 2563 4015 stulti
2604 3958 2818 4024 valent;
2872 3958 2943 4012 ita
3002 3971 3181 4026 neque
3235 3956 3364 4025 quid
3404 3958 3476 4011 sit

1906 4053 2116 4122 pictura
2174 4059 2228 4105 et
2289 4048 2739 4119 circumscriptio,
2777 4064 2953 4117 neque
2999 4048 3128 4118 quid
3158 4050 3361 4118 pictum
3422 4058 3479 4103 et

1904 4140 2371 4209 circumscriptum
2401 4140 2737 4207 sciunt,qua:
2757 4137 2913 4193 valde
2940 4136 3169 4192 invicem
3200 4135 3476 4201 diﬂ‘erunt,

1907 4231 2109 4288 nullam
2147 4231 2198 4285 in
2230 4230 2315 4284 his
2343 4244 2518 4299 neque
2535 4238 2892 4300 agnoscentes
2921 4242 3093 4299 neque
3124 4229 3477 4298 interponen—

1909 4335 1989 4380 tes
2019 4322 2424 4377 discretionem.
2470 4320 2709 4388 Quorum
2757 4320 3002 4376 stultitiae
3049 4334 3340 4390 parumper
3390 4321 3478 4373 in-

1906 4414 2195 4487 dulgentes
2236 4414 2291 4468 in
2331 4415 2581 4484 superius
2616 4414 2798 4479 dictis,
2858 4428 2927 4469 ne
2975 4412 3242 4468 orationis
3286 4426 3481 4469 cursus

255 4493 410 4546 πάντα
424 4493 533 4565 γὰρ
553 4494 873 4564 συγχέοντες
892 4494 987 4546 καὶ¹
1013 4510 1079 4545 συ
1088 4493 1394 4563 μφύροντες
1410 4496 1505 4547 καὶ
1519 4494 1804 4566 ἀδιάκριτα

1912 4508 2349 4578 abrumperetur,
2387 4521 2484 4561 uos
2508 4521 2722 4575 quoque
2752 4507 2837 4560 his
2878 4505 3152 4561 vocabulis
3188 4512 3349 4574 prout
3396 4519 3483 4559 rrs

257 4578 612 4661 λογισάμενοι,
644 4587 726 4648 εἰς
778 4585 976 4654 ταυτὸν
1029 4585 1281 4654 ἄγουσιν,
1312 4586 1349 4641 ἀ
1378 4588 1515 4640 πολὺ
1561 4587 1805 4656 ἀλλήλων

255 4670 504 4747 διέστηκε,
540 4677 641 4747 τὴν
684 4676 932 4730 ὁπωσοῦν
961 4678 1021 4730 ἐν
1050 4678 1238 4740 αὐτοῖς
1271 4676 1397 4732 οὔτε
1448 4678 1656 4741 εἰδότες
1683 4677 1809 4732 οὔτε

256 4760 464 4831 διδόντες
490 4767 786 4839 διάκρισιν,
820 4762 923 4821 Ὧν
952 4771 1019 4838 τῇ
1060 4767 1219 4840 ἀνοίᾳ
1255 4768 1732 4837 συγκαταστάντες
1752 4770 1812 4822 ὲν

257 4855 350 4917 τοῖς
370 4857 561 4911 ἀνόπιν
584 4858 919 4929 εἰρημένοις,
934 4858 1010 4921 ὡς
1029 4857 1094 4913 ἂν
1112 4858 1206 4911 τοῦ
1218 4858 1381 4927 λόγου
1395 4859 1456 4913 τὸ
1485 4864 1704 4930 συνεχὲς
1735 4860 1810 4931 μὴ

259 4941 601 5016 διακόπτοιτο,
630 4949 706 5013 ὡς
729 4950 885 5021 ἔτυχε
904 4953 1026 5014 ταῖς
1042 4954 1249 5021 φωναῖς
1261 4951 1356 5006 καὶ
1370 4952 1525 5005 αὐτοὶ
1542 4970 1813 5025 κατεχρη-

262 5036 455 5105 σάμεθα
479 5059 493 5072 °
528 5042 657 5097 ἔνθα
689 5044 788 5113 μὲν
815 5042 1042 5113 κυρίως,
1070 5045 1167 5096 καὶ
1206 5043 1267 5096 τὺ
1306 5043 1435 5097 ῐδιον
1456 5044 1555 5115 τῆς
1606 5044 1806 5112 λέξεως

259 5131 579 5202 τηρήσαντες
623 5134 1046 5207 σημαινόμενον,
1084 5135 1213 5189 ἔνθα
1238 5135 1296 5188 δὲ
1324 5136 1461 5206 πρὸς
1489 5137 1551 5190 τὸ
1582 5136 1806 5209 ἀδιάφο-

320 5310 339 5341 '
354 5311 550 5372 Matth.
573 5331 725 5382 mn,
762 5316 845 5373 ιο.

293 5463 429 5540 ,(87)
467 5468 850 5525 Animadverte
872 5470 1065 5540 dogma
1099 5471 1423 5527 catholicum
1462 5474 1527 5529 de
1568 5473 1804 5530 invoca-

273 5538 506 5606 tionect
575 5538 966 5594 communione
1016 5552 1374 5606 sanctorum;
1427 5552 1618 5597 contra
1677 5546 1802 5602 illos

273 5597 531 5679 insapiens
557 5611 643 5679 qui
680 5610 813 5663 nihil
844 5610 1150 5679 huiusmodi
1188 5597 1416 5665 credere
1453 5613 1660 5668 volunt.

335 5672 436 5737 (88)
469 5672 718 5752 Hoc'loco
745 5672 1013 5752 codexf(|'.
1060 5679 1210 5745 219)
1261 5681 1368 5733 Τοῦ
1408 5684 1658 5750 γραπτοῦ
1707 5687 1804 5740 καὶ

274 5738 692 5815 ἀπεριγράπτου·
749 5738 1001 5819 superius
1072 5738 1257 5805 autem
1323 5738 1573 5807 Aniit'th.
1615 5754 1665 5821 l,

1915 4597 2119 4654 ferebat
2160 4598 2312 4653 abusi
2344 4613 2572 4665 sumus;
2619 4596 2815 4651 alicubi
2862 4597 3077 4665 proprie
3122 4596 3404 4665 loquentes
3427 4607 3482 4652 et

1910 4689 2211 4744 secundum
2252 4688 2605 4759 principalem
2658 4688 2903 4743 vocabuli
2946 4689 3483 4760 signiticatum;ali-

1908 4781 2030 4835 cubi
2119 4795 2250 4835 vero
2315 4779 2735 4835 indiﬂ‘erentiam
2792 4783 3080 4851 quamdam
3139 4781 3193 4837 in
3253 4782 3485 4837 dicendo

1909 4871 2290 4927 servavimus:
2327 4873 2680 4942 promisimus
2715 4881 2891 4927 tamen
2918 4872 3033 4928 fore
3067 4882 3125 4927 ut
3155 4874 3350 4928 horum
3390 4888 3484 4927 vo-

1910 4962 2224 5017 cabulorum
2262 4964 2604 5019 enucleatam
2643 4966 2916 5027 notionem
2970 4967 3485 5035 distiuctioncmque

1912 5053 2310 5117 exhiberemus,
2346 5055 2474 5110 etin
2521 5058 2639 5125 'quo
2674 5058 2905 5113 invicem
2954 5058 3224 5124 diﬂ'eraut,
3269 5068 3326 5112 ut
3366 5060 3511 5114 evi-‘

1915 5141 2132 5196 dentior
2183 5142 2396 5197 illorum
2464 5144 2847 5217 interpretatio
2905 5162 3208 5220 sensusque
3278 5149 3481 5217 ignaris

2004 5480 2146 5559 1.5.2.)
2304 5482 2574 5559 ἀγράπτῳ
2605 5484 2696 5539 καί
2742 5485 3167 5559 ἀπεριγράπτῳ.
3225 5487 3480 5541 Attamen

1915 5553 2000 5604 hic
2033 5550 2463 5627 Nicephnrus'ad
2501 5550 2647 5608 illum
2683 5550 3148 5627 priorém'docmii
3199 5571 3482 5625 provocat,

1911 5637 2018 5690 quo
2053 5623 2217 5696 litut
2251 5626 2407 5677 lectio
2465 5623 2731 5695 γραπτός,
2784 5628 2873 5680 vel
2932 5623 3236 5696 ἄγραπτος,
3291 5628 3484 5696 eadem

1912 5706 2030 5746 esse
2062 5695 2255 5749 debeat
2293 5697 2593 5765 utrobique.
2629 5697 2841 5767 Eligant
2887 5695 3020 5768 ergo
3046 5695 3339 5768 philologi.
