4072 6324
565 389 674 453 355

1591 389 1652 449 S.
1689 385 2106 447 NiC-EPIIORI
2146 383 2648 445 PATRIARCHAE
2685 383 2793 443 CP.

3705 380 3815 444 356

580 500 772 564 ﬁeret;
819 491 1090 566 simulque
1117 495 1342 552 ridicula
1389 503 1444 551 et
1473 495 1716 552 stultitia:
1763 497 1916 564 plena
1954 496 2145 551 borum

2263 511 2345 565 ρον
2375 494 2592 559 ἰδόντες,
2626 494 2715 547 τὸν
2734 493 2891 561 λόγον
2917 492 3274 561 ποιησάμενοι
3303 509 3316 522 ·
3343 490 3732 562 ἐπηγγέλμεθα
3758 491 3817 545 δὲ

571 590 750 642 oratio
780 589 1270 642 demonstraretur.
1300 586 1595 656 PrOpterea
1637 587 1879 640 breviter
1912 601 2052 642 nunc
2079 584 2146 639 de

572 681 656 733 bis
690 680 962 733 disserere
993 678 1370 747 tempestivum
1396 675 1776 746 judicavimus.

2251 586 2352 654 τὴν
2387 585 2595 638 τούτων
2627 588 2978 656 παραστῆσαι
3013 586 3106 636 καὶ
3145 582 3484 653 διαρθρῶσαι
3531 583 3732 651 γνῶσίν
3759 600 3819 636 τε

2253 678 2347 732 καὶ
2385 678 2679 748 διάκρισιν,
2729 677 2824 730 καὶ
2861 677 2968 746 ὅτῳ
3008 676 3143 746 πρὸς
3190 677 3397 746 ἄλληλα
3443 677 3818 746 διαφέρουσιν,

569 774 645 837 ὡς
701 775 764 827 ἂν
823 773 1155 836 εὐκάτοιιτος
1249 772 1429 825 αὐτῶν
1497 773 1530 841 ἠ
1614 771 1880 842 ἑρμηνεία
1914 773 2006 824 καὶ
2056 771 2388 842 διασάφησις
2444 774 2544 826 οὑκ
2633 766 2797 826 εἰδόσι
2847 772 3097 842 γένηται,
3153 772 3560 840 καταγέλαστος
3615 771 3672 824 δὲ
3727 771 3823 823 καὶ

572 867 936 929 ἀπαιδευσίας
981 865 1214 934 πλήρης,
1239 865 1345 916 τῶν
1369 865 1610 934 ἀνοήτων
1673 865 1701 918 ὁ
1735 863 1888 931 λόγος
1948 862 2220 933 ἐκδειχθῇ.
2257 863 2445 937 Ταύτῃ
2479 881 2560 916 τοι
2615 864 2689 927 ὡς
2744 865 2802 917 ἐν
2857 863 3051 934 βραχεῖ
3099 863 3194 916 νῦν
3241 865 3371 934 περὶ
3417 863 3595 916 αὐτῶν
3639 863 3825 919 διαλα-

581 962 716 1013 ϐεῖν.
752 959 1006 1028 εὔκαιρον
1038 959 1440 1026 ὑπειλήφαμεν,

648 1053 738 1108 ιε.
771 1051 904 1118 Quis
935 1054 1078 1103 enim
1109 1049 1247 1118 (89),
1275 1051 1364 1116 qni
1391 1049 1781 1118 aliquantulum
1823 1049 2054 1102 rationis
2074 1048 2146 1101 sit

577 1147 876 1214 particeps,
907 1158 1010 1196 non
1049 1143 1315 1211 intelligat
1347 1143 1494 1196 aliud
1531 1157 1650 1197 esse
1677 1143 1972 1211 picturam,
2001 1140 2145 1194 aliud

577 1232 1180 1300 circumscriptionem?
1217 1231 1434 1286 Pictura
1475 1232 1644 1295 enim,
1683 1241 1741 1284 ut
1783 1248 1810 1285 a
1853 1230 2160 1300 simplicioo.

579 1327 731 1379 ribus
784 1325 1135 1391 incipiamus,
1171 1323 1462 1392 dupliciter
1503 1323 1742 1388 dicitur;
1780 1323 1951 1376 altera
2002 1321 2148 1376 enim

577 1415 992 1470 character'tbus
1029 1416 1220 1468 borum
1251 1415 1644 1468 elementorum
1677 1414 1820 1469 serie
1871 1423 1925 1468 et
1957 1415 2150 1468 ordine

577 1511 810 1572 signata,
853 1519 909 1560 et
958 1507 1264 1578 syllabatim
1334 1506 1654 1575 procedens,
1704 1521 1734 1558 ιι
1785 1504 2147 1574 scriptoribus

580 1599 1170 1668 cxprotnitur;-a|tcra
1204 1613 1333 1650 vero
1361 1611 1456 1664 per
1486 1595 1872 1650 similitudines
1913 1594 1980 1648 ad
2025 1593 2151 1649 imi-

586 1691 850 1745 tationem
910 1689 1242 1758 exemplaris
1290 1686 1558 1742 formatur
1585 1702 1648 1739 ac
1687 1686 1971 1756 ﬁguratur,
2000 1693 2058 1738 ut
2094 1683 2148 1738 in

2323 1047 2410 1117 ιβ’.
2439 1045 2535 1110 Τίς
2558 1047 2668 1117 γάρ
2715 1046 2824 1098 τῶν
2853 1046 2995 1101 κατά
3027 1046 3198 1119 βραχὺ
3237 1046 3398 1114 λόγου
3442 1048 3825 1116 μετασχόντων

2249 1140 2352 1194 οὐκ
2395 1140 2721 1209 ἐννοήσειεν,
2772 1138 2856 1191 ὅτι
2894 1137 3022 1191 ἄλλο
3069 1139 3170 1207 μέν
3216 1139 3333 1190 ἐστι
3391 1138 3598 1209 γραφὴ,
3639 1139 3825 1209 ἕτερον

2247 1231 2304 1284 δὲ
2343 1231 2659 1301 περιγραφή
2684 1247 2698 1295 ;
2755 1229 2946 1300 Γραφὴ
2991 1230 3089 1299 μὲν
3115 1230 3248 1300 γὰρ,
3274 1231 3363 1284 ἵνα
3391 1233 3454 1284 ἐκ
3485 1234 3594 1285 τῶν
3617 1235 3824 1288 ἁπλουο

2254 1321 2460 1393 στέρων
2485 1320 2804 1392 ἀρξώμεθα,
2833 1319 3028 1384 διττῶς
3062 1320 3282 1389 λέγεται
3311 1336 3326 1350 ⁸
3365 1324 3397 1392 ἡ
3440 1323 3542 1392 μὲν
3571 1326 3680 1395 γάρ
3712 1328 3827 1390 τοῖς

2252 1401 2632 1483 χαρακτῆρσιν
2680 1412 2914 1465 τουτωνὶ
2945 1411 3054 1464 τῶν
3081 1412 3367 1482 στοιχείων
3415 1417 3474 1466 ἐν
3517 1415 3696 1486 εἰρμῷ
3722 1421 3820 1470 καὶ

2252 1504 2405 1570 τάξει
2435 1504 2848 1573 χαρασσομὲνη,
2885 1504 2980 1557 καὶ
3030 1503 3373 1567 συλλαόικῶς
3413 1505 3681 1572 προϊοῦσα
3733 1507 3822 1561 διὰ

2252 1595 2361 1648 τῶν
2423 1593 2953 1665 λογογραφουμένων
3003 1593 3300 1663 ἐκφέρεται
3331 1607 3346 1622 ⁸
3392 1596 3428 1665 ἡ
3484 1597 3542 1650 δὲ
3579 1597 3666 1650 διὰ
3713 1597 3825 1650 τῶν

2253 1686 2618 1758 ὁμοιωμάτων
2649 1686 2882 1756 μιμήσει
2925 1688 2991 1757 τῇ
3029 1686 3166 1755 πρὸς
3189 1687 3249 1739 τὸ
3284 1689 3639 1758 παράδειγμα
3683 1689 3824 1747 είδο-

581 1797 644 1834 ea
679 1782 885 1848 pictura
937 1781 1015 1843 lit,
1061 1795 1180 1849 quin
1230 1793 1372 1832 nunc
1414 1778 1467 1830 in
1511 1777 1806 1846 quaestione
1839 1776 2010 1842 posita
2042 1785 2144 1828 est.

2263 1779 2548 1848 ποιουμένη
2609 1776 2703 1830 καὶ
2753 1775 3094 1848 τυπουμένη,
3143 1775 3218 1840 ὡς
3257 1778 3350 1830 ἐπὶ
3402 1777 3503 1846 τῆς
3559 1770 3696 1850 ἡμῖν
3745 1780 3829 1842 είς

582 1873 757 1939 Atque
795 1871 880 1924 illa
909 1871 1126 1940 quidem
1162 1885 1258 1938 per
1283 1884 1462 1932 voces,
1498 1883 1616 1935 quae
1656 1866 2024 1936 proferuntur,
2060 1880 2151 1933 pa-

582 1962 770 2015 tefacit
821 1977 880 2014 ea
913 1975 1033 2029 qua:
1079 1975 1360 2014 sermones
1391 1957 1628 2012 contexti
1688 1957 1938 2010 nuntiant
1988 1973 2002 2010 :
2041 1958 2150 2008 haec

582 2063 713 2099 vero
767 2062 1121 2114 personarum
1168 2046 1272 2100 sibi
1315 2046 1381 2098 ad
1423 2044 1700 2114 exemplar
1756 2044 2149 2113 propositarum

584 2139 938 2190 imitationem
964 2152 1057 2206 per
1078 2146 1529 2206 repraesentantes
1550 2135 1762 2188 colores
1779 2132 2154 2188 exbibet.C:n-

587 2232 798 2300 teroqui
844 2231 988 2284 haud
1018 2244 1155 2297 Opus
1184 2239 1266 2284 est
1317 2243 1459 2283 nunc
1508 2227 1879 2290 considerare,
1935 2242 2001 2279 an
2056 2225 2154 2278 ali-

588 2325 804 2391 quando
827 2322 1005 2390 imago
1021 2321 1379 2390 quarumdam
1401 2319 1699 2373 formarum
1719 2329 1772 2372 et
1791 2333 1971 2371 rerum
1986 2316 2156 2386 ἔμφα·

2253 1869 2481 1938 ζήτησιν
2522 1867 2892 1938 προκειμένης
2943 1866 3245 1921 δείκνυται.
3303 1867 3413 1922 Καὶ
3462 1870 3494 1938 ἡ
3552 1869 3652 1938 μὲν
3713 1869 3822 1924 τῶν

2254 1959 2648 2030 συνειρομένων
2673 1960 2846 2026 λόγων
2866 1960 2927 2012 τὸ
2951 1959 3360 2028 άπαγγελτικδν
3383 1960 3476 2014 διὰ
3508 1961 3617 2016 τῶν
3647 1965 3827 2032 ἐκφω-

2252 2050 2530 2120 νουμόνων
2575 2049 2936 2120 παρίστησιν·
2987 2053 3021 2119 ὴ
3053 2049 3111 2102 δὲ
3144 2051 3252 2102 τῶν
3304 2051 3826 2124 παραδεδειγμένων

2252 2137 2559 2210 προσώπων
2615 2137 2674 2190 τὸ
2725 2139 3044 2208 μιμητικὸν,
3080 2139 3170 2192 διὰ
3228 2139 3338 2191 τῶν
3395 2126 3823 2211 ἐμφαινομένων

2253 2228 2653 2282 ὑποδείκνυσιν.
2695 2229 2907 2292 ’Δλλως
2958 2229 3040 2295 δὲ,
3076 2230 3237 2300 εἰπερ
3295 2231 3452 2284 εἱδῶν
3491 2249 3654 2285 τινων
3713 2232 3826 2289 ἔσθ’

2252 2322 2338 2374 ὅτε
2365 2321 2458 2374 καὶ
2477 2320 2820 2391 πραγμάτων
2845 2320 3089 2390 ἔμφασιν
3122 2322 3386 2392 είσφέρει,
3409 2323 3508 2377 οὐκ
3532 2325 3828 2403 ἀναγκαῖαιν

583 2431 668 2467 σιν
701 2414 914 2467 afferat.
951 2412 1192 2470 Pictores
1243 2421 1422 2467 autem
1468 2410 1707 2478 utrique,
1751 2408 1842 2478 qui
1902 2409 2015 2464 haec
2073 2408 2154 2460 fa.

2263 2414 2312 2466 ὲν
2347 2412 2424 2482 τῷ
2454 2413 2681 2482 παρόντι
2711 2412 3147 2466 διασκοπεῖσθαι.
3173 2415 3412 2486 Γραφειῖς
3441 2414 3615 2468 δὲκαὶ
3641 2418 3824 2487 ἀμφό-

585 2507 759 2565 ciunt,
800 2503 1195 2558 consuetudine
1261 2503 1341 2556 sic
1391 2501 1647 2570 loquendi
1701 2507 1965 2554 vocantur
2019 2496 2154 2568 (90),

2263 2521 2404 2574 τεροι
2437 2505 2485 2556 oi
2511 2503 2684 2556 ταῦτα
2723 2503 2997 2573 μετιόντες
3026 2521 3085 2556 τε
3116 2504 3208 2557 καὶ
3235 2505 3649 2570 ἀποτελοῦντες,
3687 2508 3828 2568 κατὰ

586 2597 678 2662 qui
713 2595 922 2650 Scilicet
977 2609 1286 2646 sermonem
1337 2593 1618 2655 describit,
1656 2600 1717 2645 et
1755 2592 1845 2659 qui
1869 2591 2154 2644 scientiam

2263 2596 2354 2663 τὴν
2383 2587 2482 2647 ὧδε
2505 2594 2793 2651 καλοῦνται
2823 2594 3134 2664 συνήθειαν,
3156 2596 3184 2648 ὃ
3205 2613 3264 2648 τε
3291 2596 3380 2649 τὸν
3408 2596 3566 2666 λόγον
3588 2598 3829 2670 ὑπογρά-

589 2687 841 2758 pingendi
877 2695 1205 2740 consecutus
1251 2684 1358 2754 77
1403 2691 1509 2737 est.
1543 2683 1697 2748 Quod
1753 2682 1898 2736 enim
1946 2688 2159 2733 veteres

2263 2702 2394 2753 φων,
2444 2685 2536 2737 καὶ
2582 2685 2610 2736 ὁ
2649 2684 2749 2752 τῆς
2788 2685 3148 2755 ζωγραφικῆς
3201 2687 3514 2759 ἐπιστήμης
3565 2689 3826 2760 είδήμων,

589 2779 800 2851 γράψαι
847 2777 1122 2840 dicebant,
1165 2791 1261 2844 pro
1288 2790 1354 2829 eo
1405 2776 1547 2842 quod
1591 2784 1678 2828 est
1715 2773 1964 2840 scalpere
2021 2769 2156 2842 (9i),

2263 2777 2334 2830 Τὸ
2370 2777 2477 2846 γὰρ
2503 2776 2600 2828 ἐπὶ
2628 2776 2720 2828 τοῦ
2751 2776 2907 2840 ξύσαι
2931 2777 3084 2847 παρὰ
3116 2782 3228 2842 τοῖς
3245 2779 3497 2843 παλαιοῖς
3534 2781 3830 2851 λεγόμενον

593 2888 699 2924 non
747 2870 906 2938 longe
947 2868 1101 2922 abest
1130 2883 1158 2918 a
1185 2865 1581 2936 signiﬁcatione
1611 2866 1802 2919 horum
1835 2863 1897 2929 (i.
1940 2876 1990 2918 e.
2025 2861 2159 2916 scri-

2263 2866 2503 2938 πιὰψαι,
2553 2867 2614 2919 οὐ
2651 2866 2843 2942 πόρρω
2871 2868 2970 2936 τῆς
3024 2867 3230 2922 τούτων
3266 2870 3475 2932 ἐννοίας
3522 2870 3827 2940 διῴκισται.

594 2964 750 3016 bendi
788 2972 843 3014 et
893 2958 1194 3030 pingendi).
1229 2957 1680 3026 Circumscriptio
1729 2965 1932 3020 autem,
1986 2955 2159 3017 aiunt,

2264 2957 2584 3028 Περιγραφὴ
2633 2956 2710 3019 δὲ,
2747 2958 2902 3025 φασὶ,
2955 2958 3168 3020 τούτοις
3212 2961 3657 3032 ἀποτελεῖταιοῆ
3721 2964 3830 3034 γὰρ

595 3053 679 3105 bis
737 3051 996 3113 eﬂicitur;
1062 3049 1264 3102 etenim
1321 3046 1837 3114 circumscriptum,
1897 3051 1991 3098 aut
2043 3043 2159 3097 loco

2263 3049 2412 3119 τόπῳ
2465 3049 2866 3119 περιγράφεται
2925 3050 2988 3103 τὺ
3047 3052 3550 3122 περιγραφόμενον,
3593 3054 3836 3126 ἦχρόνῳ

594 3138 1082 3202 circumscribitur,
1119 3145 1212 3190 aut
1246 3144 1508 3206 tempore,
1539 3145 1632 3189 aut
1660 3131 2028 3196 inchoatione,
2057 3139 2148 3185 aut

2263 3141 2356 3194 καὶ
2385 3139 2460 3210 τῷ
2491 3136 2712 3210 ἧρχθαι,
2745 3140 2777 3210 ἢ
2810 3141 3146 3212 καταλήψειο
3185 3143 3335 3211 τόπῳ
3371 3145 3490 3214 μὲν,
3517 3145 3593 3208 ὡς
3621 3146 3689 3198 τὰ
3725 3148 3835 3199 σώ-

594 3229 1080 3300 compiebensione
1129 3247 1142 3283 :
1180 3228 1298 3283 loco
1346 3227 1588 3297 quidem,
1635 3234 1697 3280 ut
1747 3237 2007 3293 corpora;
2046 3222 2159 3280 loco

2269 3247 2412 3300 ματα
2430 3244 2443 3262 ο
2476 3230 2628 3300 τόπῳ
2652 3230 2761 3300 γὰρ
2803 3230 3196 3300 περιείργεται,
3225 3230 3280 3283 si
3301 3247 3363 3299 γε
3393 3231 3556 3296 τόπος
3593 3233 3711 3286 ἐστὶ
3738 3234 3835 3286 πέ-

595 3323 737 3376 enim
789 3321 1160 3384 continentur,
1225 3318 1494 3388 siquidem
1556 3318 1708 3372 locus
1760 3324 1844 3370 est
1899 3315 2159 3368 terminus

2269 3339 2367 3392 ρας
2423 3321 2516 3374 τοῦ
2568 3323 2980 3392 περιεχομένου,
3033 3322 3168 3374 καθὸ
3200 3325 3447 3392 περιέχει
3497 3323 3554 3376 τὸ
3585 3325 3836 3396 περιεχό-

595 3413 864 3477 contenti,
917 3423 1190 3480 quatenus
1225 3419 1542 3464 contentum
1591 3408 1876 3463 continet:
1924 3416 2165 3472 tempore

599 3513 782 3557 autem
822 3515 878 3556 et
939 3502 1287 3558 inchOatione
1355 3500 1483 3553 illud
1534 3497 2004 3566 circumsm'iptum
2061 3505 2162 3559 est,

595 3594 743 3660 quod
777 3610 804 3650 _a
843 3601 1086 3661 tempore
1111 3605 1231 3646 esse
1261 3589 1447 3656 coepit,
1494 3591 1636 3644 sicut
1675 3584 1850 3656 angeli
1889 3593 1943 3638 et
1973 3583 2166 3638 animm

597 3683 972 3737 circumscribi
1005 3682 1267 3738 dicuntur
1301 3679 1695 3749 :corporaliter
1717 3678 1862 3734 enim
1899 3692 2004 3732 non
2031 3691 2164 3731 con-

602 3778 842 3829 tinentur
875 3775 995 3829 loco
1047 3774 1250 3843 angeli,
1287 3771 1413 3842 quia
1439 3773 1614 3826 forma
1649 3771 1928 3840 ﬁguraque
1952 3779 2161 3835 carent,

596 3877 894 3936 onerantur
913 3876 1093 3922 autem
1146 3866 1196 3920 in
1225 3864 1341 3918 loco
1366 3863 1662 3920 secundum
1695 3873 1944 3920 naturam
1985 3878 2163 3925 suam,

597 3959 722 4027 quia
754 3959 952 4011 adsunt
974 3958 1042 4011 ibi
1069 3956 1412 4026 spiritaliter,
1439 3966 1625 4024 utpote
1648 3955 1943 4023 spiritales,
1976 3963 2032 4009 et
2055 3968 2158 4008 non

597 4057 723 4101 sunt
751 4048 902 4109 alibi,
950 4049 1043 4101 sed
1090 4047 1200 4101 illic
1251 4054 1308 4100 nt
1373 4054 1580 4100 mentes
1621 4045 2164 4100 circumscribuntur.

598 4135 960 4192 Potestetiam
987 4137 1092 4191 dici
1118 4151 1213 4192 eos
1239 4153 1266 4191 a
1291 4147 1540 4191 creatore
1559 4151 1682 4192 esse
1701 4135 2165 4204 circumscriptos.

598 4227 867 4296 Tempore
900 4229 1062 4284 etiam
1091 4229 1507 4297 circumscripta
1541 4237 1668 4282 sunt
1694 4243 1799 4283 non
1843 4227 2020 4282 solum
2049 4241 2168 4296 quae

597 4333 720 4374 esse
743 4328 1051 4387 creperum,
1078 4319 1170 4374 sed
1203 4333 1322 4386 quae
1345 4317 1508 4373 linem
1539 4318 1740 4373 habent
1761 4325 1814 4372 et
1839 4327 2162 4382 extremum,

598 4408 902 4476 cujnsmodi
935 4419 1021 4463 est
1053 4409 1164 4462 vita
1199 4419 1407 4471 nostra,
1458 4422 1578 4474 quae
1615 4407 1724 4462 imo
1753 4407 2166 4476 circumscripta

602 4515 933 4568 magnopere
969 4509 1054 4553 est
1106 4509 1161 4552 et
1206 4498 1493 4551 terminata
1529 4515 1543 4552 :
1601 4499 1969 4566 unusquisque
2015 4498 2156 4553 enim

606 4600 782 4652 tnorte
814 4588 971 4639 ﬁnem
999 4587 1120 4640 vitae
1157 4586 1384 4654 accipit;
1415 4596 1469 4640 et
1494 4587 1652 4653 hujus
1678 4587 1857 4642 mundi
1891 4587 2011 4643 linis
2032 4603 2163 4646 con-

603 4678 896 4736 summatio
926 4687 1028 4740 est,
1057 4691 1164 4745 qna
1219 4678 1451 4731 mundus
1489 4678 1743 4733 videlicet
1777 4680 1826 4732 in
1858 4679 2018 4734 aliam
2052 4680 2162 4734 for-

603 4781 747 4820 mam
797 4767 1116 4820 mutabitur.
1165 4765 1643 4838 Circumscriptum
1691 4779 1872 4826 autem
1919 4786 2167 4840 compre-

607 4856 865 4910 hensione
883 4866 987 4921 est,
1004 4858 1143 4924 quod
1163 4866 1341 4911 mente
1360 4867 1412 4911 et
1430 4859 1646 4914 notione
1657 4862 2131 4930 comprehenditur
2151 4881 2165 4916 :

605 4962 732 5002 nam
795 4949 1324 5020 circumscriptionis
1360 4965 1528 5019 genus
1557 4951 1758 5008 dicitur
1807 4956 1968 5009 etiam
2019 4970 2170 5011 com-

676 5117 787 5186 (89)
837 5117 1134 5194 Sequentia
1195 5121 1298 5194 duo
1348 5119 1583 5194 capitula
1645 5123 1710 5177 12
1759 5132 1813 5176 et
1859 5124 2054 5194 partim
2099 5125 2164 5178 l5

602 5190 876 5256 citi-crpsit
916 5192 1046 5242 olim
1089 5205 1209 5244 ctttn
1250 5193 1428 5258 aliqua
1471 5193 1734 5246 varietate
1761 5208 1827 5246 ex
1860 5190 1980 5247 ’ms.
2013 5193 2167 5248 Nice-

604 5264 776 5324 piioro
809 5259 1130 5326 Tttl‘t‘iatttls,
1153 5272 1474 5328 exstamque
1503 5263 1692 5317 Latine
1718 5264 1856 5328 apud
1887 5262 2164 5316 Canisinm

603 5331 692 5380 ml.
731 5337 782 5380 et
819 5331 1071 5382 tom.cit.
1122 5347 1176 5398 p.
1227 5332 1288 5383 l6
1333 5341 1388 5384 et
1443 5331 1528 5386 l7.
1580 5331 1948 5398 Caeteroquin,
2005 5342 2062 5384 ut
2101 5347 2167 5385 ex

604 5401 1036 5464 prtrt’ctlettllhtts
1090 5415 1426 5468 cognoscere
1482 5416 1586 5454 non
1643 5401 1807 5455 semel
1853 5401 2023 5463 licuit,
2080 5416 2168 5455 res

604 5483 856 5532 perversa
892 5471 943 5521 in
977 5471 1059 5522 bis
1083 5467 1333 5524 Turriani
1364 5473 1656 5537 excerptis,
1701 5473 1826 5521 dum
1880 5484 1908 5522 a
1948 5469 2166 5526 Canisio

601 5539 914 5601 ederentur,
967 5539 1187 5592 accidit.
1236 5540 1368 5594 Nam
1407 5555 1529 5594 cum
1581 5539 1883 5596 Turrianus
1936 5541 2164 5596 scbedas

602 5621 728 5678 snas
756 5609 1067 5670 dissolutas,
1103 5610 1331 5678 ideoque
1362 5609 1518 5667 facile
1552 5609 1984 5670 cont‘nndemlas,
2037 5610 2161 5664 relio

600 5676 830 5742 quisset,
856 5678 1104 5731 (lautisius
1131 5676 1469 5746 eas'passim
1510 5679 1874 5747 perturbavit,
1907 5679 2160 5747 nulloque

604 5759 726 5797 cum
754 5747 964 5810 ordine,
993 5751 1186 5803 nedum
1221 5764 1383 5816 nexu,
1419 5751 1573 5804 nobis
1607 5749 1837 5817 obtulit;
1871 5765 1991 5819 quze
2023 5765 2163 5805 mine

2269 3429 2430 3483 μενον
2453 3429 2466 3442 ·
2510 3413 2688 3482 χρόνῳ
2719 3413 2775 3464 δὲ
2805 3413 2900 3465 καὶ
2924 3412 3000 3483 τῷ
3029 3408 3232 3484 ἦρχθαι
3267 3417 3646 3487 περιγραπῖόν
3681 3421 3829 3472 ἐστιν

2263 3505 2293 3558 ὃ
2325 3507 2399 3576 μὴ
2425 3506 2687 3576 πρότερον
2714 3503 2795 3569 ὃν,
2825 3506 2932 3559 ἀπὸ
2962 3509 3154 3575 χρόνου
3187 3508 3280 3560 καὶ
3306 3506 3400 3560 τοῦ
3434 3505 3574 3561 εἶναι
3606 3510 3830 3580 ἦρξατοο

2267 3597 2388 3650 καθ’
2417 3596 2452 3650 ὃ.
2481 3599 2574 3650 κού⁴
2598 3596 2862 3664 ἀγγέλους
2892 3597 2986 3649 καὶ
3007 3596 3185 3666 ψυχὰς
3217 3601 3661 3671 περιγράφεσθαι
3681 3601 3838 3668 λέγε-

2265 3703 2354 3738 ται
2381 3702 2394 3714 ⁸
2431 3683 2758 3754 σωματικῶς
2797 3683 2898 3752 μὲν
2927 3684 3032 3753 γὰρ
3055 3683 3277 3752 ἄγγελοι
3309 3686 3368 3736 ἐν
3399 3685 3551 3755 τόπῳ
3571 3687 3632 3738 οὐ
3681 3703 3836 3755 περι-

2267 3775 2504 3845 έχονται,
2531 3773 2609 3842 τῷ
2635 3773 2710 3844 μὴ
2730 3773 3031 3826 τυποῦσθαι
3059 3774 3155 3826 καὶ
3181 3774 3650 3846 στηματίζεσθαν
3683 3776 3838 3844 ἐνερς

2266 3867 2425 3934 γοῦσι
2447 3848 2506 3918 δέ
2537 3865 2595 3918 ἐν
2621 3866 2770 3933 τόπῳ
2791 3866 2934 3920 κατὰ
2959 3864 3056 3936 τὴν
3085 3866 3296 3919 οἰκείαν
3324 3866 3507 3935 φύσιν,
3537 3865 3614 3936 τῷ
3642 3868 3838 3937 παρεῖ-

2266 3975 2354 4008 ναι
2389 3956 2594 4026 νοητῶς
2627 3957 2803 4026 νοεροί
2833 3972 2898 4024 γε
2944 3956 3118 4022 ὄντες,
3148 3958 3246 4011 καὶ
3287 3958 3363 4029 μὴ
3396 3955 3538 4012 εἶναι
3580 3960 3834 4032 ἑτέρωθι,

2268 4047 2380 4100 ἀλλ’
2420 4048 2597 4098 ἐκεῖσε
2634 4045 2843 4115 von-:6);
2886 4047 3350 4117 περιγράφεσθαι.
3384 4049 3541 4101 Εῖποι
3566 4048 3611 4101 δ’
3657 4050 3722 4102 ἄν
3752 4066 3840 4112 τις

2268 4135 2363 4188 καὶ
2395 4135 2499 4187 ὑπὸ
2545 4134 2640 4188 τοῦ
2673 4135 2974 4198 κτίσαντος
2999 4137 3201 4199 αὐτοὺς
3247 4138 3674 4208 περιορῖζεσθαι.
3710 4121 3838 4192 ’Ἔτι

2266 4227 2320 4278 δὲ
2357 4226 2448 4278 καὶ
2475 4226 2542 4278 τὰ
2563 4226 2738 4296 χρόνῳ
2759 4226 2860 4279 οὐκ
2879 4227 3132 4299 ὴργμὲνα
3167 4228 3344 4298 μόνον,
3376 4229 3512 4281 ἀλλὰ
3540 4229 3633 4282 καὶ
3664 4247 3846 4296 περα-

2267 4315 2502 4383 τούμενα
2559 4315 2651 4368 καὶ
2708 4314 2995 4385 όριζόμενα
3030 4331 3044 4346 ⁸
3093 4309 3168 4372 ὧν
3207 4320 3359 4370 ἐστιν
3412 4319 3446 4388 ή
3507 4318 3630 4370 καθ’
3691 4320 3840 4389 ἡμᾶς

2272 4407 2542 4478 παριοῦσα
2569 4405 2703 4477 ζωὴ,
2739 4407 2939 4476 μᾶλλον
2964 4409 3019 4462 δὲ
3052 4409 3493 4480 εὐπερίγραπτος
3531 4413 3626 4465 καὶ
3664 4428 3839 4464 πεπε-

2283 4498 2535 4568 ρασμένη
2561 4513 2575 4528 ·
2611 4498 2828 4569 θανάτῳ
2854 4499 2962 4569 γὰρ
2992 4499 3220 4564 ἕκαστος
3253 4502 3408 4571 ἡμῶν
3450 4502 3509 4555 τὸ
3547 4503 3722 4574 τέρμα
3747 4503 3841 4556 τοῦ

2273 4587 2388 4656 βίου
2417 4587 2650 4656 δέχεται,
2696 4591 2790 4640 καὶ
2815 4588 2964 4642 τοῦδε
3007 4590 3102 4643 τοῦ
3142 4592 3345 4655 παντὸς
3381 4592 3442 4644 τὸ
3473 4592 3646 4664 πέρας
3679 4593 3772 4647 καὶ
3806 4594 3843 4664 ἡ

2275 4680 2580 4743 συντέλεια.
2627 4681 2747 4734 καθ’
2780 4682 2848 4752 ἢν
2898 4683 3477 4754 μεταστοιχειούμενον
3514 4685 3844 4758 διαμειφθήρ

2276 4790 2444 4826 σεται.
2481 4773 2592 4828 Καὶ
2619 4773 2918 4844 καταλήψει
2948 4774 3005 4828 δὲ
3054 4777 3431 4845 περιγραπτόν
3472 4779 3642 4840 ἐστιν,
3671 4777 3699 4829 ὃ
3728 4779 3844 4830 δια-

2274 4863 2394 4933 νοίᾳ
2429 4865 2523 4916 καὶ
2563 4865 2761 4932 γνώσει
2790 4865 3269 4935 καταλαμϐάνεται
3297 4883 3311 4898 ο
3341 4867 3399 4920 ἓν
3433 4871 3539 4940 γὰρ
3587 4884 3847 4940 περιγρα-

2277 4955 2385 5024 φῆς
2421 4953 2562 5017 εἶδος
2606 4955 2845 5023 λέγεται,
2901 4956 2996 5009 καὶ
3020 4959 3053 5026 ἡ
3111 4957 3440 5028 κατάληψις,
3495 4959 3616 5013 καθ’
3655 4961 3721 5030 ἢν
3751 4963 3848 5014 καὶ

2265 5125 2477 5178 domum
2520 5125 2591 5250 int
2623 5128 2832 5199 integra
2880 5129 3121 5186 editione
3178 5144 3361 5190 nostra
3429 5133 3613 5188 sedem
3688 5149 3846 5190 suam

2265 5209 2562 5250 reeuneran
2598 5233 2612 5248 .

2264 5209 2612 5258 recuperant.

2306 5263 2446 5343 ⁶(90)
2480 5264 2592 5320 Hoc
2622 5267 2772 5344 valet_
2802 5270 2856 5322 in
2912 5269 3096 5341 lingua
3129 5271 3314 5327 Graeca
3373 5273 3461 5327 ubi
3508 5274 3758 5344 γραφεὺς
3791 5284 3848 5330 et

2264 5339 2441 5407 pictor
2469 5346 2551 5407 est
2575 5345 2640 5407 et
2669 5339 2913 5405 scriptor.
2966 5393 2976 5407 ,

2341 5404 2452 5480 (_9l)
2493 5401 2832 5460 Seltoliastes
2883 5401 2986 5480 ms.
3021 5410 3085 5464 ad
3117 5410 3363 5466 Juvenal.
3401 5429 3448 5464 νι
3476 5451 3491 5475 ,
3536 5411 3681 5480 2M},
3725 5429 3847 5468 voc.

2267 5475 2468 5548 s_cripto
2497 5490 2650 5539 aura,
2701 5486 2760 5548 ut
2801 5479 2957 5532 retuli
3013 5481 3062 5532 in
3115 5482 3394 5534 Glossario
3430 5500 3571 5548 meo,
3605 5475 3686 5534 sic
3719 5488 3794 5537 ait
3829 5502 3843 5538 :

2271 5542 2510 5618 Scribere
2532 5554 2590 5596 et
2620 5547 2857 5618 scalpere
2885 5549 3024 5615 apud
3052 5549 3272 5606 Graecos
3305 5567 3397 5618 per
3427 5542 3590 5606 unum
3625 5554 3846 5608 verbum

2272 5613 2635 5692 resolvantur,
2671 5613 2838 5692 idest
2883 5613 3082 5692 γράφω
3108 5636 3122 5650 ο
3157 5613 3500 5688 unde-poetae
3539 5639 3706 5676 unum
3751 5640 3848 5692 pro

2269 5683 2450 5763 altero.
2475 5697 2676 5750 ponere
2707 5683 2956 5740 solent.)
2992 5683 3132 5745 Sunt
3165 5683 3346 5744 autem
3381 5694 3558 5763 scalpe
3586 5702 3642 5748 et
3664 5683 3847 5763 acu'lpa

2272 5753 2545 5807 interdum
2573 5768 2741 5825 prope
2775 5772 3101 5826 synonyma.
