4072 6324
236 324 321 388 357

920 313 1556 378 ANTIRRHETICUS
1606 317 1665 377 II
1713 317 1883 380 ADV.
1924 317 2525 382 CONSTANTINUM
2563 318 2774 382 COPR.

3366 325 3475 390 358

236 428 432 499 ἄγγελοι
458 424 707 497 ἀλλήλων
736 422 918 488 ποσῶς
941 424 1043 495 τὴν
1060 424 1227 493 φύσιν
1251 425 1451 479 ίσσισιν⁸
1483 425 1623 478 ὥστε
1653 419 1781 478 εἶναι

1899 427 2210 493 prehensio,
2244 443 2348 498 qua
2378 426 2554 498 angeli
2590 439 2843 483 naturam
2875 441 3028 484 suam
3082 427 3225 484 inter
3277 446 3334 487 se
3363 438 3472 491 sli-

238 523 319 595 τὴν
336 518 699 591 περιγραφὴν,
725 516 1048 588 περίσχεσιν
1076 517 1170 571 καὶ
1191 516 1319 586 ὅρον
1338 517 1432 571 τοῦ
1458 518 1791 587 ὶμπεριεχο-

235 616 373 685 μένου
404 611 499 664 καὶ
528 607 924 679 ὁριζομένου,ἥ
954 610 1380 679 ἀποπεράτωσιν
1397 606 1491 661 τοῦ
1515 608 1789 677 ἠργμένον

234 707 314 758 καὶ
365 699 713 772 κινουμένου,
757 699 791 762 ἢ
842 697 1151 768 κατάληψιν
1202 696 1296 752 τοῦ
1350 700 1648 769 νοουμένου
1698 700 1792 753 καὶ

236 790 638 862 γινωσκομένου.
717 787 784 841 Ὅ
820 786 875 841 δὲ
944 786 1135 858 μηδενὶ
1198 787 1406 842 τούτων
1452 788 1789 859 περιέχεται,

229 882 628 953 ἀπερίγραπτόν
660 882 831 937 ἐστιν.
887 879 950 932 '0
983 878 1221 950 Χριστὸς
1258 879 1440 935 τοίνυν
1493 883 1609 943 τοῖς
1637 882 1789 954 εἰρη-

229 972 386 1042 μένοις
419 969 640 1030 τούτοις
668 968 1029 1041 ἀνθρωπίνως
1051 969 1500 1041 περιγέγραπται
1524 970 1747 1040 τρόποις
1772 988 1786 1002 ⁸

228 1062 397 1132 ἐπειδὴ
426 1060 543 1132 γὰρ
580 1061 741 1131 σῶμα
769 1060 1077 1132 πεφόρεκεν
1107 1059 1328 1131 ἀληθῶς
1374 1062 1437 1115 τὸ
1466 1061 1590 1116 καθ’
1620 1064 1787 1133 ἡμᾶς,

227 1155 276 1205 οὐ
308 1154 444 1206 κατὰ
495 1150 829 1221 φαντασίαν,
876 1153 906 1205 6
932 1150 1226 1225 ἀσῶματος
1270 1152 1329 1207 δν
1380 1151 1532 1223 τόπῳ
1564 1152 1789 1223 περιγέ-

231 1258 489 1315 γραπται·
525 1241 625 1296 καὶ
657 1241 834 1313 ἀρχὴν
873 1242 1139 1312 χρονικὴν
1197 1240 1438 1314 εἰληφὼς
1468 1245 1497 1296 6
1530 1241 1785 1313 ἄναρχος,

230 1336 384 1407 χρόνῳ
414 1334 771 1406 περιεγράφη
800 1349 815 1365 ·
848 1335 943 1387 καὶ
970 1334 1085 1397 τοῖς
1119 1331 1428 1405 ἀνθρώποις
1459 1334 1789 1405 σωματικῶς

232 1425 641 1499 προσομιλήσας,
670 1424 992 1498 κατελήφθη
1021 1427 1050 1479 6
1076 1426 1482 1499 άκατάληπτος.

285 1620 367 1680 ιγ’.
399 1609 776 1682 Τοσαυταχῶς
817 1607 912 1665 οὖν
942 1610 1246 1682 λεγομένης
1277 1609 1378 1678 τῆς
1419 1608 1785 1681 περιγραφῆς,

230 1705 404 1775 πολλὴν
435 1704 592 1758 ἔστιν
634 1705 819 1775 εὑρεῖν
867 1703 924 1757 ἐν
954 1702 1167 1766 τούτοις
1202 1700 1302 1772 τὴν
1335 1702 1601 1772 διαφοράν
1620 1717 1634 1730 ·
1663 1700 1787 1754 οὑᾶ

1893 527 2152 585 quantum
2200 531 2537 589 cognoscunt
2590 535 2605 574 :
2657 521 2731 574 ita
2787 528 2846 576 ιιι
2896 514 3333 593 circumscriptio
3398 529 3472 581 sit

1893 610 2336 678 comprehensio,
2384 623 2439 666 et
2469 611 2625 666 limes
2670 613 3048 680 comprehensi
3101 628 3167 668 ac
3225 615 3466 683 limitati,

1892 699 1976 753 vel
2017 703 2330 757 terminatio
2382 704 2546 773 empti
2598 714 2653 758 et
2707 706 2862 771 moti,
2924 705 3008 759 Vel
3057 707 3471 775 comprehensio

1895 790 2159 847 intellecti
2180 803 2233 849 et
2256 795 2480 862 cogniti.
2508 795 2661 862 Quod
2690 804 2871 851 autem
2905 796 3057 850 nullo
3076 812 3141 852 ex
3177 797 3262 853 his
3292 800 3469 854 modis

1891 886 2228 949 nominetur,
2273 886 2805 955 incircumscriptum
2881 898 2985 943 est.
3018 888 3272 944 Christus
3303 890 3469 960 igitur

1899 977 2209 1046 hnjusmodi
2231 977 2344 1046 jam
2375 978 2538 1033 dictis
2571 979 2747 1037 modis
2778 978 3090 1034 humanitus
3120 982 3467 1038 circumscri-

1891 1079 2017 1140 ptus
2060 1076 2165 1124 est.
2212 1067 2347 1122 Nam
2391 1069 2518 1138 quia
2565 1084 2763 1139 corpus
2804 1085 2949 1137 vere,
2998 1073 3140 1127 sicut
3187 1087 3309 1138 nos,
3359 1090 3464 1128 non

1894 1160 2018 1214 licte
2040 1160 2297 1229 gestavit,
2323 1158 2411 1213 ille
2435 1160 2527 1229 qui
2567 1170 2688 1214 erat
2717 1160 3069 1230 incorporeus
3098 1161 3218 1218 loco
3239 1164 3467 1217 circurn-

1889 1251 2151 1307 scribitur
2191 1259 2291 1306 :et
2334 1266 2459 1305 cum
2504 1253 2803 1321 temporale
2866 1254 3078 1306 initium
3111 1255 3340 1324 ceperit,
3371 1255 3462 1324 qui

1889 1350 2007 1395 erat
2032 1340 2430 1412 intemporalis,
2458 1351 2702 1413 tempore
2724 1343 3195 1400 circumscribitur
3222 1365 3235 1402 :
3267 1356 3463 1401 etcum

1894 1432 2217 1488 hominibus
2246 1431 2604 1501 corporaliter
2626 1442 2896 1501 versatus,
2929 1435 3365 1505 comprehensus
3386 1446 3467 1491 est

1890 1522 1986 1592 qui
2025 1531 2148 1576 erat
2179 1521 2690 1590 incomprehensus.

1962 1612 2051 1667 13.
2078 1611 2212 1666 Cum
2245 1620 2325 1666 tot
2353 1626 2484 1681 ergo
2533 1612 2709 1666 modis
2738 1610 2952 1666 dicatur
2984 1611 3461 1682 circumscriptio,

1892 1716 2084 1773 magna
2119 1701 2378 1756 tamenin
2412 1701 2496 1756 his
2525 1701 2833 1757 dili'erentia
2867 1703 3134 1773 reperitur
3162 1719 3175 1755 :
3206 1719 3303 1758 nec
3319 1705 3463 1760 enim

229 1797 316 1866 γΞιρ
341 1797 368 1848 6
394 1795 630 1866 γράφων
687 1795 857 1865 ἤγουν
915 1794 1201 1857 είκονίζων
1237 1793 1551 1864 ἄνθρωπον,
1593 1792 1668 1854 ῶς
1701 1792 1781 1859 ἐφ’

1890 1796 1981 1864 qui
2012 1794 2222 1864 pingit,
2251 1794 2302 1848 id
2334 1802 2417 1848 est
2467 1792 2757 1864 imaginem
2801 1794 3036 1849 hominis
3066 1792 3229 1854 fat-it.
3262 1795 3329 1849 de
3355 1810 3464 1864 quo

228 1882 275 1939 οὗ
309 1884 396 1939 νῦν
432 1886 735 1955 πρόκειται
783 1883 991 1952 λέγειν,
1028 1884 1122 1935 τὸν
1153 1883 1318 1937 αὐτὸν
1361 1885 1478 1952 ἅμα
1514 1882 1610 1935 καὶ
1639 1882 1781 1936 κατά

229 1978 394 2033 ταυτὶν
422 1975 782 2049 περιγράψει.
833 1975 918 2037 '0;
955 1974 1064 2028 οὐδ’
1096 1975 1260 2038 εἴτις
1311 1974 1614 2045 περιορίζοι
1635 1972 1779 2040 τινὰ,

229 2069 328 2122 καθ’
363 2069 418 2122 ὃν
442 2068 510 2123 ἂν
536 2066 847 2140 περισχεθῇ
888 2067 1052 2121 τόπον
1090 2066 1538 2136 ὲγκαθείργνυσι,
1570 2066 1666 2119 καὶ
1692 2064 1781 2119 τὸν

231 2160 289 2229 μὴ
313 2160 550 2231 παρόντα
588 2177 658 2228 γε
713 2160 950 2232 μάλιστα
976 2174 990 2189 ·
1024 2158 1119 2211 καὶ
1149 2159 1260 2227 γὰρ
1296 2159 1354 2209 ἐν
1391 2157 1489 2227 μὲν
1518 2157 1585 2226 τῇ
1619 2172 1775 2226 περι-

229 2255 383 2323 γραφῇ
411 2252 469 2319 ἐξ
501 2253 757 2321 ἀνάγκης
792 2251 1059 2323 πάρεστιν
1086 2265 1099 2278 ο
1154 2251 1213 2301 ἐν
1250 2248 1308 2300 δὲ
1353 2246 1432 2317 τῷ
1469 2245 1780 2317 γράφεσθαι

227 2345 274 2398 οὐ
300 2344 499 2407 πάντως
559 2343 835 2413 πάρεστιν
863 2358 877 2372 ⁸
924 2340 1041 2394 ἀλλ’
1070 2337 1193 2394 οὐδὲ
1240 2338 1583 2409 περιγράψει
1640 2353 1778 2408 προ-

228 2436 540 2506 ηγουμένως,
574 2435 685 2490 κᾶν
712 2451 797 2497 τις
817 2434 996 2502 οἴηται
1015 2431 1178 2486 τοῦτο
1194 2431 1348 2502 δρᾷν.
1372 2429 1552 2494 Ὀλως
1578 2428 1688 2499 γὰρ
1712 2427 1780 2481 τὰ

230 2528 520 2596 σωματικῶς
561 2524 1043 2598 περιγραφόμενα,
1066 2522 1232 2585 τόπος
1258 2520 1407 2574 ἐστὶν
1434 2521 1462 2579 6
1493 2518 1782 2590 προσεχῶς

231 2620 556 2689 περιγράφων
582 2634 598 2648 ·
642 2617 740 2675 καὶ
772 2615 824 2669 τί
855 2614 987 2669 ποτέ
1015 2615 1133 2667 ἔστι
1158 2612 1347 2676 τόπος,
1383 2611 1621 2682 εἴρηται.
1654 2609 1779 2664 Οὐδ’

232 2707 284 2763 αὖ
315 2712 467 2765 πάλιν
529 2712 587 2766 εῐ
636 2727 720 2774 τις
767 2707 1099 2779 σωματικῶς
1159 2704 1514 2777 περιγράφοι,
1568 2703 1655 2757 ἵνα
1686 2701 1782 2757 καὶ

233 2802 375 2873 τούτῳ
422 2800 873 2874 συγχρησώμεθα
924 2798 1002 2870 τῷ
1047 2797 1212 2869 λόγῳ,
1272 2796 1420 2863 τινά,
1472 2797 1564 2849 τὸν
1620 2791 1782 2875 αὐτὸν

233 2893 417 2956 πάντως
468 2895 566 2947 καὶ
617 2892 850 2964 γράφει,
890 2891 1011 2960 ἢτοι
1055 2886 1347 2950 εἰκονίξει·
1401 2884 1578 2946 οὐδεὶς
1614 2882 1726 2952 γὰρ
1753 2882 1781 2934 6

238 2984 634 3052 συναναγκάζων
686 2983 867 3051 λόγος,
927 2980 1053 3033 ἐπεὶ
1115 2978 1240 3032 οὐδὲ
1301 2974 1552 3046 ἀλλήλοις
1607 2972 1782 3027 ταῦτα

236 3075 413 3141 ἕπεται,
440 3076 513 3139 ῶς
545 3075 838 3147 εἰρήσεται
887 3073 980 3126 καὶ
1026 3068 1205 3134 αὖθις.
1251 3069 1341 3122 Ἐν
1368 3066 1503 3140 τῷδε
1538 3064 1635 3137 μὲν
1670 3063 1779 3133 γὰρ

237 3164 296 3234 τῷ
322 3167 477 3237 τόπῳ,
508 3162 627 3220 οἷον
651 3168 710 3218 ὲν
751 3164 916 3235 τοίχῳ
963 3163 1074 3222 τινὶ
1104 3162 1137 3232 ἢ
1170 3160 1381 3227 πίνακι,
1421 3156 1602 3229 φαμὲν
1638 3156 1778 3225 γρά-

239 3255 403 3323 φεσθαι
431 3258 723 3329 ἄνθρωπον
754 3272 769 3287 ο
817 3257 875 3308 ὲν
904 3252 1054 3325 αὐτῷ
1090 3253 1147 3308 δὲ
1179 3251 1258 3322 τῷ
1286 3251 1435 3320 τόπῳ
1472 3248 1648 3311 οὐδεὶς
1673 3246 1780 3300 τῶν

240 3345 475 3413 νηφόντων
504 3346 604 3399 καὶ
624 3344 1021 3413 λελογισμένων
1052 3342 1198 3395 εἴποι
1216 3340 1282 3394 ἂν
1313 3338 1476 3393 αὑτὸν
1509 3337 1779 3409 περιγρά-

240 3433 396 3498 φεσθαι
431 3436 550 3507 ἦτοι
605 3430 1037 3505 περιορίζεσθαι.
1102 3430 1424 3501 Ι’Δνθερωτντος
1463 3426 1574 3498 γὰρ
1628 3428 1686 3480 ὲν
1711 3425 1778 3494 τῇ

243 3520 325 3592 ἰδίᾳ
352 3524 507 3579 εἰκόνι
538 3524 821 3595 γράφεται
878 3520 1000 3592 μὲν,
1040 3520 1101 3573 οὐ
1148 3519 1568 3597 ⁸περιγράφεται
1617 3516 1674 3570 δὲ
1721 3516 1779 3569 ὲν

240 3612 367 3683 αὐτῇ,
397 3617 443 3668 εί
470 3618 546 3688 μὴ
578 3619 638 3668 ἐν
653 3613 732 3684 τῷ
761 3612 946 3683 οἰκείῳ
969 3614 1070 3683 τῆς
1103 3612 1449 3683 περιγραφῆς
1473 3610 1643 3679 τόπῳ.
1668 3607 1780 3663 Καὶ

242 3699 456 3773 ὸτρόπσς
482 3707 538 3759 δὲ
573 3704 784 3758 τούτων
806 3702 956 3775 παρὰ
983 3702 1121 3756 πολὺ
1173 3702 1424 3773 διήνεγκε
1443 3717 1457 3731 ·
1502 3701 1778 3772 γράφεται

248 3791 323 3857 μὲν
357 3796 457 3866 γὰρ
484 3796 781 3866 ἄνθρωπος
803 3795 891 3848 διὰ
921 3793 1234 3866 χρωμάτων
1274 3795 1367 3845 καὶ
1405 3791 1677 3862 ψτδῳίδων,
1711 3788 1778 3845 ἂν

246 3879 356 3935 οὕτω
381 3886 745 3957 συνενεχθείη,
779 3886 873 3940 καὶ
906 3883 1077 3938 ταῦτα
1127 3884 1386 3945 ποικίλως
1433 3882 1527 3935 καὶ
1555 3880 1776 3933 πολυει-

243 3968 326 4035 δῶς
391 3977 906 4050 σχηματιζόμενος,
990 3974 1088 4027 καὶ
1162 3971 1576 4043 διηλλαγμένοις
1666 3971 1779 4032 τοῖς

224 4062 422 4121 ,ἄνθεσιν
440 4084 454 4096 ’
475 4066 732 4136 οὐδαμῶς
774 4065 829 4119 δὲ
853 4065 1031 4118 ἔνεστι
1082 4063 1171 4118 διὰ
1199 4062 1402 4116 τούτων
1430 4060 1595 4114 αὑτὸν
1626 4077 1780 4131 περι-

247 4156 535 4227 γράφεσθαι,
588 4159 710 4213 ὲπεὶ
783 4157 984 4228 ἑτέρως
1030 4155 1175 4228 ἔχειν
1221 4157 1282 4209 τὸ
1342 4153 1778 4227 περιγράφεσθαι

248 4258 437 4316 ειρηται,

302 4337 403 4395 Ἔτι
434 4344 465 4412 ἡ
497 4341 691 4414 γραφὴ
712 4341 771 4394 τὸ
795 4341 1101 4412 σωματικὸν
1130 4335 1271 4405 εἶδος
1293 4340 1387 4395 τοῦ
1428 4342 1776 4414 γραφομένου

1884 1900 2026 1939 nunc
2048 1885 2385 1955 propositum
2407 1892 2493 1939 est
2515 1884 2715 1948 dicere,
2739 1886 2988 1938 eumdem
3012 1884 3172 1939 simul
3198 1885 3466 1954 pingendo

1887 1977 2327 2032 circumscribet.
2360 1975 2545 2045 Neque
2580 1976 2624 2029 si
2658 1976 2785 2045 quis
2814 1976 3049 2044 aliquem
3109 1978 3463 2033 circumlinu-

1885 2069 2107 2134 taverit,
2159 2069 2360 2123 idcirco
2386 2083 2507 2122 eum
2539 2067 2591 2121 in
2620 2067 2738 2120 loco
2770 2082 2878 2136 quo
2896 2068 3209 2122 continetur
3238 2070 3463 2123 conclu-

1880 2161 1992 2224 det,
2024 2161 2319 2230 praesertim
2343 2174 2471 2214 vero
2505 2175 2610 2215 non
2631 2168 2991 2228 praesentem:
3031 2159 3082 2211 in
3106 2158 3459 2213 circumscri-

1882 2254 2066 2323 ptione
2092 2252 2235 2306 enim
2282 2251 2590 2305 necessario
2640 2250 2797 2305 adest
2836 2249 2961 2316 ille;
3001 2265 3123 2303 cum
3152 2251 3464 2320 depingitur

1889 2355 2098 2409 autem,
2136 2344 2279 2398 haud
2310 2342 2532 2398 omnino
2576 2341 2893 2407 necessario
2915 2341 3068 2395 adest
3098 2359 3113 2397 :
3150 2341 3257 2395 imo
3292 2344 3457 2396 abso-

1883 2435 1993 2490 lute
2011 2449 2188 2506 neque
2203 2435 2645 2501 circumscribet,
2669 2435 2920 2504 quamvis
2941 2434 3141 2505 aliquis
3178 2436 3462 2492 exi~timet

1883 2528 2061 2584 sehoc
2084 2528 2264 2584 facere
2298 2544 2312 2582 :
2343 2542 2568 2597 prorsus
2592 2526 2739 2582 enim
2768 2526 2822 2579 in
2860 2527 2928 2582 iis
2956 2542 3076 2597 qua:
3103 2529 3464 2599 corporaliter

1883 2620 2431 2683 circumscribuutur,
2463 2619 2614 2674 locus
2642 2626 2720 2674 est
2746 2618 2839 2689 qui
2860 2633 2922 2671 ea
2946 2619 3194 2688 proxime
3227 2619 3463 2674 circum-

1885 2713 2116 2769 scribit:
2145 2710 2272 2780 quid
2301 2719 2482 2763 autem
2509 2710 2580 2764 sit
2604 2708 2773 2773 locus,
2793 2706 2905 2776 jam
2924 2711 3127 2763 dictum
3151 2717 3237 2763 est
3278 2708 3463 2779 Neque

1886 2818 2096 2868 rursus,
2127 2802 2170 2855 si
2197 2802 2321 2872 quis
2342 2801 2581 2870 aliquem
2616 2799 2981 2870 corporaliter
3015 2801 3457 2863 circumscribat,

1882 2894 2133 2951 eumdem
2157 2891 2417 2962 depingit,
2452 2890 2503 2944 id
2530 2899 2615 2951 est
2637 2888 2754 2957 eius
2778 2889 3069 2958 imaginem
3104 2888 3234 2943 facit
3262 2908 3277 2956 ;
3314 2890 3460 2945 nulla

1883 2980 2028 3034 enim
2064 2981 2203 3035 ratio
2230 2981 2374 3049 cogit
2410 2980 2510 3033 hoc
2557 2978 2741 3034 dicere
2764 3018 2778 3045 ,
2824 2980 2949 3047 quia
2983 2993 3088 3032 nec
3118 2980 3320 3033 habent
3346 2979 3461 3035 haec

1886 3070 2131 3140 (pingere
2144 3071 2356 3125 scilicet
2379 3077 2435 3124 et
2459 3069 2932 3140 circumscribere)
2960 3068 3173 3124 interse
3200 3086 3462 3125 consecu-

1886 3163 2111 3224 tionem.
2135 3171 2193 3215 ut
2211 3171 2395 3231 postea
2412 3160 2642 3215 dicetur.
2669 3158 2911 3229 Namque
2929 3159 2981 3213 in
3002 3160 3103 3214 hoc
3124 3158 3264 3227 loco,
3291 3160 3343 3214 in
3362 3160 3462 3217 ali-

1883 3268 1990 3323 quo
2013 3251 2219 3309 scilicet
2241 3252 2447 3322 pariete
2470 3261 2560 3305 aut
2580 3250 2779 3317 tabula,
2802 3250 3036 3309 dicimus
3061 3253 3280 3320 quidem
3309 3253 3455 3324 pingi

1885 3345 2182 3410 hominem,
2208 3348 2301 3399 sed
2335 3344 2386 3398 in
2420 3342 2511 3399 illo
2534 3344 2649 3415 ipso
2672 3343 2791 3398 loco
2812 3358 2968 3398 nemo
2996 3344 3232 3414 prudens
3253 3353 3308 3398 et
3337 3360 3459 3400 cor-

1883 3436 2044 3491 datus
2074 3435 2219 3490 dicet
2241 3434 2639 3500 circumscribi,
2671 3434 2723 3489 id
2745 3443 2828 3488 est
2854 3433 3089 3489 deliniri.
3113 3434 3284 3493 ilomo
3309 3438 3456 3492 enim

1883 3524 1937 3578 in
1976 3522 2211 3592 imagine
2237 3537 2332 3579 sua
2365 3523 2609 3593 pingitur
2638 3523 2884 3593 quidem,
2917 3538 3023 3578 non
3054 3534 3233 3581 tamen
3264 3528 3316 3581 in
3341 3526 3457 3596 ipsa

1881 3614 2375 3682 circumscribitur,
2405 3616 2499 3672 sed
2532 3615 2584 3669 in
2614 3614 2734 3670 loco
2774 3629 2888 3669 suae
2931 3618 3165 3685 propria:
3213 3621 3453 3675 circnm-

1883 3705 2220 3774 scriptionis.
2255 3705 2325 3760 Et
2356 3707 2547 3761 modus
2583 3705 2773 3759 horum
2810 3706 3189 3776 multipliciter
3216 3709 3399 3766 dili'ert
3436 3729 3452 3766 :

1881 3796 2122 3866 pingitur
2158 3797 2304 3857 enim
2329 3797 2488 3850 homo
2515 3797 2791 3853 coloribus
2815 3806 2872 3853 et
2900 3797 3097 3867 lapillis
3125 3798 3186 3870 (i.
3211 3816 3263 3853 e.
3287 3815 3453 3868 opere

1883 3886 2130 3956 mnsivo)
2162 3889 2206 3942 si
2239 3888 2312 3942 ita
2349 3885 2463 3945 ﬁeri
2498 3888 2816 3957 contingat,
2852 3899 2907 3944 et
2941 3888 3159 3959 quidem
3211 3891 3359 3944 varie
3388 3906 3454 3949 ac

1884 3976 2223 4033 multimodis
2266 3976 2573 4047 ﬁguratus,
2614 3979 2953 4048 diversisque
2999 3978 3310 4047 coloribus;
3358 3997 3454 4039 ue-

1881 4083 2152 4139 quaquam
2181 4077 2361 4124 tamen
2402 4078 2581 4139 potest
2619 4071 2702 4125 his
2735 4070 2865 4139 ipsis
2893 4072 3291 4135 circuiriscribi,
3326 4074 3454 4144 quia

1881 4160 2443 4233 circumscriptionem
2476 4160 2636 4216 aliter
2664 4176 2723 4217 se
2760 4161 2957 4218 habere
2978 4162 3238 4222 leillllIS.

1954 4343 2066 4415 78
2093 4340 2360 4401 Praeterea
2383 4322 2594 4413 pictura
2647 4343 2883 4413 speciem
2938 4358 3254 4413 corpoream
3313 4344 3442 4413 picti

250 4429 525 4504 παρίστησι,
591 4434 781 4505 σχῆμὰ
826 4450 885 4487 τε
922 4434 1016 4489 καὶ
1045 4433 1262 4504 μορφὴν
1299 4433 1464 4486 αὑτοῦ
1512 4434 1774 4486 ἑντυπουσ

1888 4444 2277 4504 repraesentat,
2326 4444 2380 4489 et
2414 4436 2637 4507 ﬁguram
2675 4449 2738 4488 ac
2782 4434 3011 4488 formam
3044 4435 3158 4503 ejus
3192 4437 3449 4503 exprimit

253 4519 359 4591 μένη
389 4526 474 4578 καὶ
506 4525 607 4596 τὴν
656 4524 976 4596 ἐμφέρειαν.
1023 4526 1088 4578 Ἢ
1127 4525 1184 4577 δὲ
1236 4524 1571 4596 περιγραφὴ,
1603 4527 1659 4578 ἐν
1683 4526 1776 4579 ού-

253 4605 337 4661 ὂενὶ
374 4616 571 4671 τούτων
615 4615 1045 4669 ὲπικοινωνοῦσα
1098 4619 1214 4679 τοῖς
1265 4616 1577 4686 εἰρημένοις
1630 4616 1779 4687 τρισὶ

251 4699 450 4768 τρόποις,
495 4707 568 4760 τὰ
614 4705 1127 4777 ἐμπεριειλημμένα
1157 4706 1361 4778 ὁρίζει·
1397 4706 1491 4759 καὶ
1515 4708 1549 4776 η
1583 4706 1681 4776 μὲν
1721 4708 1779 4760 ὲν

253 4788 311 4858 τῷ
327 4794 473 4869 ὁμοίῳ
493 4798 593 4870 τὴν
616 4798 800 4869 σχέσιν
832 4797 1032 4868 ἔχουσα
1056 4797 1193 4868 πρὸς
1216 4797 1294 4867 τῷ
1318 4795 1615 4869 ἀρχετύπῳ
1638 4798 1778 4863 ἐστὶ,

232 4881 524 4957 .κειὶ“ὰρχετύ
536 4906 638 4943 που
660 4891 848 4961 γραφὴ
866 4888 982 4942 ἐστι
994 4905 1054 4941 τε
1078 4889 1173 4942 καὶ
1188 4888 1426 4958 λέγεται,
1446 4889 1779 4959 κεχώρισταί

254 4984 299 5022 τι
320 4977 487 5049 αὑτοῦ,
515 4982 612 5040 καὶ⁷
649 4983 756 5054 ἰδίᾳ
789 4981 1086 5052 ὑφέστηκε,
1121 4982 1215 5034 καί
1246 4998 1377 5034 ποτε
1407 4980 1553 5034 ἔστιν
1574 4996 1586 5010 ·
1622 4982 1655 5050 ἡ
1695 4980 1776 5046 δὲ,

256 5060 349 5119 οὔτε
378 5069 571 5141 ὅμοιον,
600 5073 725 5127 οὔτε
748 5074 1000 5143 ἀνόμοιον
1047 5073 1278 5142 γίνεται,
1318 5071 1444 5126 οὔτε
1477 5073 1764 5128 εἰδοποιεῖ-

257 5164 340 5221 ται,
360 5162 465 5219 οὐδὲ
487 5169 798 5239 ἀρχετύπου
856 5166 1194 5237 ’περιγραφὴΔ
1219 5164 1458 5232 λέγεται,
1485 5164 1606 5219 οὐδὲ
1643 5166 1778 5237 πρὸς

259 5242 303 5295 τὸ
329 5248 606 5324 ἀρχέτυπον
637 5260 863 5330 φέρεται
894 5276 908 5290 ·
953 5259 1271 5328 ἁχωρίστως
1302 5256 1359 5310 δὲ
1404 5259 1499 5311 καὶ
1527 5257 1776 5323 αὐτόθεν,

260 5333 319 5400 οἷς
333 5354 737 5424 συμπεριείληφε
762 5351 1175 5421 συνυφίσταται,
1201 5352 1296 5404 καὶ
1314 5351 1398 5404 άε¹ι
1411 5351 1595 5415 αὐτοῖς
1619 5350 1782 5422 πρόσο

263 5439 394 5490 εστιν.
427 5442 530 5497 Ἀεὶ
557 5446 667 5517 γάρ
692 5449 751 5499 ὲν
781 5447 932 5515 τόπῳ
963 5447 990 5497 6
1016 5445 1324 5515 ἄνθρωπος,
1354 5444 1449 5498 καὶ
1479 5446 1536 5496 ἐν
1576 5440 1776 5516 χρόνῳ,

265 5523 334 5575 καὶ
355 5528 400 5580 iv
431 5537 726 5609 καταλήψει
750 5536 889 5603 ἐστὶ,
930 5536 1024 5589 καὶ
1058 5536 1410 5605 περιγραπτῇ
1440 5551 1504 5603 γε
1541 5534 1676 5606 οὖσί]
1709 5538 1775 5607 τῇ

271 5611 410 5699 φύσει,
434 5626 487 5692 ὲξ
505 5630 749 5699 ἀνάγκης
777 5628 993 5693 ἕπεται,
1013 5626 1191 5680 οὐδενὶ
1227 5626 1369 5696 κενῷ
1389 5627 1737 5699 διειργομένῃ
1763 5642 1778 5659 ο

268 5697 319 5764 ὡς
334 5706 414 5765 ἴδοι
429 5734 502 5783 τις
523 5721 616 5773 ἐπὶ
632 5720 730 5790 τῆς
754 5717 986 5787 τοπικῆς
1008 5716 1380 5789 περιγραφῆς,
1404 5717 1462 5770 τὸ
1483 5718 1775 5772 συνάπτειν

1883 4540 1945 4579 ac
1966 4526 2401 4582 similitudinem.
2433 4524 2881 4594 Circumscriptio
2923 4539 3050 4579 vero
3083 4525 3215 4579 nihil
3253 4525 3448 4579 horum

1880 4632 2168 4675 commune
2200 4618 2406 4672 habens
2433 4658 2449 4681 ,
2493 4617 2665 4683 tribus
2708 4617 2882 4673 modis
2908 4632 2969 4672 ea
3011 4633 3128 4688 qua:
3165 4618 3448 4684 continet,

1885 4710 2175 4777 terminat;
2204 4718 2259 4763 ei.
2287 4709 2464 4779 imago
2488 4709 2705 4778 quidem
2738 4709 2803 4763 ad
2839 4709 3017 4765 simile
3042 4709 3211 4765 relata
3232 4752 3248 4778 ,
3283 4713 3444 4782 juxta

1880 4800 2232 4870 archetypum
2252 4806 2370 4866 .est,
2412 4799 2804 4871 archetypique
2835 4800 3013 4870 imago
3048 4811 3132 4857 est
3152 4812 3205 4855 et
3226 4804 3451 4866 dicitur,

1878 4900 1930 4946 et
1961 4890 2033 4943 ab
2064 4906 2130 4944 eo
2160 4899 2418 4959 separata
2447 4900 2551 4955 est,
2594 4905 2658 4945 ac
2691 4905 2938 4945 seorsum
2964 4891 3258 4961 aliquando
3288 4902 3370 4947 est
3399 4903 3453 4948 et

1879 4983 2094 5037 exsistit
2121 5000 2143 5039 ι
2176 4983 2626 5052 circumscriptio
2666 4998 2798 5037 vero
2836 4999 3011 5052 neque
3041 4984 3241 5040 similis
3278 4998 3452 5051 neque

1879 5076 2162 5133 dissimilis
2198 5076 2275 5139 lit,
2302 5092 2476 5146 neque
2500 5076 2559 5132 lit
2591 5078 2804 5146 species
2833 5091 3006 5145 neque
3033 5075 3240 5138 forma;
3279 5090 3452 5143 neque

1878 5166 2078 5220 dicitur
2118 5167 2556 5235 circumscriptio
2591 5166 2870 5236 archetypi
2903 5203 2918 5228 ,
2959 5179 3059 5219 nec
3097 5166 3163 5217 ad
3193 5163 3449 5232 archety-

1881 5272 2006 5325 pum
2055 5256 2315 5318 refertur.
2351 5267 2402 5311 et
2442 5258 2889 5326 inseparabiliter
2924 5271 2987 5309 ac
3018 5265 3209 5325 suapte
3253 5263 3448 5309 natura

1880 5366 2002 5405 cum
2038 5351 2104 5405 iis
2142 5349 2303 5403 simul
2347 5349 2598 5413 exsistit,
2647 5365 2769 5419 quae
2798 5348 3039 5403 coiitiuet
3064 5384 3081 5411 ,
3126 5360 3450 5415 semperque

1881 5443 1986 5497 illis
2008 5442 2181 5496 adest.
2221 5442 2448 5511 Semper
2477 5441 2623 5496 enim
2671 5441 2722 5494 in
2770 5441 2890 5495 loco
2929 5449 3011 5492 est
3050 5437 3213 5491 homo
3239 5475 3254 5499 ,
3286 5445 3338 5489 et
3397 5437 3447 5488 iu

1882 5546 2155 5604 tempore,
2188 5545 2242 5588 et
2279 5536 2332 5589 in
2385 5534 2878 5603 comprehensione
2906 5574 2921 5599 ,
2965 5540 3020 5586 et
3052 5540 3303 5587 naturam
3339 5531 3452 5583 eir-

1880 5628 2271 5695 cnmscriptam
2311 5626 2627 5680 necessario
2668 5625 2938 5692 sequitur,
2992 5622 3140 5676 nullo
3171 5634 3342 5675 vacuo
3369 5622 3453 5675 di-

1883 5728 2145 5787 remptam
2170 5757 2185 5782 ,
2214 5717 2353 5771 sicut
2394 5715 2574 5784 quivis
2608 5724 2786 5785 potest
2819 5727 3049 5768 cernere
3108 5715 3159 5766 in
3209 5713 3453 5767 circum-
