4072 6324
515 352 621 417 359
1020 366 1033 373 '
1204 336 1207 341 6
1543 347 1604 405 S.
1648 345 1697 403 Ν
1710 341 2067 403 [CEPHORI
2105 345 2110 353 ’

2212 336 2616 400 musam:
2655 336 2765 397 cr.
2970 414 2977 417 Α
3256 380 3265 389 .
3674 333 3783 397 sco

521 462 840 532 scriptione,
862 473 1025 529 quam
1051 457 1176 511 facit
1204 456 1375 521 locus,
1402 469 1519 524 qum
1542 455 1804 506 terminos
1818 454 2100 521 utriusque

2212 451 2411 519 Ξιμφοίν
2468 447 2605 518 πρὸς
2664 449 2731 517 τῇ
2771 446 3066 517 ἐπιφανείᾳ
3097 445 3346 517 ἀλλήλων
3400 446 3473 500 τὰ
3529 446 3778 518 πέρατα’

520 557 769 623 corporis
807 552 1060 625 (scilicet
1091 548 1429 603 continentis
1468 556 1523 599 et
1569 546 1856 615 contenti)
1888 546 1953 597 ad
2002 560 2092 595 sn-

2212 541 2328 594 ἔνθα
2358 543 2468 612 γὰρ
2498 541 2664 609 ὄγκος
2698 539 2793 592 καὶ
2831 538 3082 610 μέγεθος.
3117 540 3176 602 ἐξ
3210 539 3461 610 ἀνάγκης
3492 539 3588 592 xal
3616 540 3784 602 τόπος

521 647 795 716 perﬁcient
816 645 1096 697 amborum
1125 639 1370 709 adjnngit
1399 653 1412 689 :
1445 636 1532 689 ubi
1564 636 1709 689 enim
1742 649 1821 689 est
1845 636 2015 688 moles
2042 643 2097 689 et

2212 632 2745 702 ςυνεπινοηθήσεται.
2794 631 2855 684 Ἦ
2887 630 3074 701 γραφὴ
3104 630 3161 683 δέ
3183 630 3537 703 ἐκκεχὼρηκε
3571 631 3781 701 πολλῷ·

524 735 853 806 magnitudo,
870 747 1091 787 necesse
1113 741 1196 784 est
1217 730 1486 798 cogitetur
1507 726 1667 781 simul
1691 727 1861 781 locus.
1879 725 2095 779 Pictura

2212 726 2294 779 mal
2324 727 2357 795 ἡ
2412 725 2596 795 γραφὴ
2630 738 2749 794 μεν,
2814 724 2864 776 εί
2916 724 3010 776 καὶ
3051 722 3330 793 διαφόροις
3364 724 3785 795 τόποις,κόμως

524 837 700 881 autem
738 825 895 896 longe
942 821 1186 878 dissidet.
1235 818 1367 872 Nam
1415 819 1624 886 pictura
1678 816 1898 884 quidem
1931 830 2100 883 quan-

2212 814 2524 885 ἔδρισμένως
2563 813 2849 868 τυποῦται.
2904 813 2969 865 Ἡ
3024 813 3346 885 περιγραφὴ
3397 813 3454 867 δέ
3496 812 3783 886 ὁρίζουσα.

498 918 686 987 ‘quam
720 915 952 971 diversis
993 914 1045 967 in
1083 913 1251 976 locis,
1296 909 1657 964 nihilominus
1687 907 1907 962 definite
1942 906 2096 960 ciliu-

524 1012 690 1076 gitur.
724 1005 1173 1074 Circumscriptio
1210 1017 1338 1057 Vt‘t'o
1369 1042 1384 1066 ,
1421 1000 1744 1070 simpliciter
1789 1008 1845 1055 et
1888 998 2100 1053 infinite

524 1100 811 1161 definiens,
829 1112 951 1150 cum
971 1095 1039 1148 iis
1057 1094 1335 1157 omnibus,
1357 1106 1697 1161 qumcunque
1720 1088 2097 1143 circumscribi

525 1199 717 1241 natura
745 1202 838 1239 sua
877 1193 1121 1255 possunt,
1154 1183 1556 1238 circumfertur.
1587 1181 1702 1236 Non
1731 1181 1872 1234 enim
1907 1181 1957 1233 in
1995 1180 2100 1233 hoc

523 1282 738 1347 quidem
770 1276 1218 1339 circumscribit,
1255 1276 1306 1327 in
1339 1274 1431 1327 illo
1474 1283 1654 1325 autem
1693 1287 1879 1325 secus.
1920 1272 2101 1339 Atque

524 1377 699 1443 imago
730 1372 947 1442 quidem
973 1370 1024 1423 iu
1053 1383 1214 1423 sensu
1246 1377 1298 1421 et
1325 1368 1642 1421 ostensione
1667 1374 1779 1417 tota
1815 1364 2096 1432 consistit,

526 1464 965 1531 circumscriptio
1010 1476 1141 1515 vero
1194 1474 1387 1530 magna
1418 1474 1483 1512 ex
1517 1468 1671 1527 parte
1722 1456 1775 1511 iu
1815 1457 2037 1510 notione
2083 1475 2096 1511 :

527 1556 762 1611 fortasse
788 1555 931 1609 enim
979 1553 1151 1607 solum
1186 1551 1361 1604 locum
1394 1547 1937 1604 circnmscribentem
1977 1561 2103 1601 sen-

529 1650 713 1702 timus.
757 1646 822 1699 Et
868 1657 925 1698 ut
979 1644 1289 1699 summatim
1326 1643 1541 1703 dicam,
1573 1656 1675 1696 nec
1724 1640 1933 1708 pictura
1986 1636 2099 1692 cir-

529 1738 850 1793 cumscribit
881 1738 1152 1792 hominem
1173 1775 1189 1799 ,
1228 1734 1350 1790 licet
1382 1734 1450 1787 sit
1494 1733 1978 1802 circumscriptus;
2008 1742 2102 1784 ne-

2205 905 2394 970 ἁπλῶς
2440 906 2535 959 καὶ
2597 904 2867 974 ἀορίστως
2906 904 3075 956 πᾶσιν
3109 903 3145 959 6.
3190 904 3401 972 πέφυκε
3445 908 3786 976 περιγράφε-

2209 998 2334 1051 σθαι
2365 997 2797 1068 συμπεριῆκται.
2851 997 2926 1049 ού
2966 996 3077 1067 γὰρ
3115 998 3172 1049 ἐν
3203 996 3339 1067 τῷδε
3377 996 3475 1067 μὲν
3511 1008 3786 1069 περιγρα-

2204 1108 2314 1160 φει.
2347 1092 2406 1143 ἐν
2438 1089 2575 1160 τῷδε
2604 1089 2660 1141 δὲ
2686 1088 2770 1142 οῦ.
2820 1089 2931 1141 Kal
2971 1090 3004 1158 ἡ
3038 1090 3138 1156 μὲν
3163 1090 3222 1141 ἐν
3266 1088 3521 1158 αἰσθήσει
3560 1089 3653 1142 καὶ
3678 1089 3789 1142 δεί-

2204 1181 2284 1246 ξει
2300 1181 2363 1234 τὸ
2387 1183 2491 1234 πᾶν
2510 1180 2642 1250 ἔχει,
2675 1179 2783 1250 ἠδὲ
2806 1179 2865 1233 τὸ
2890 1179 3053 1232 πλέον
3072 1181 3318 1249 ἐννοησει
3340 1195 3353 1211 ·
3380 1181 3527 1253 τάχα
3561 1180 3671 1251 γὰρ
3692 1180 3784 1233 τὸν

2203 1273 2615 1344 περιγράφοντα
2654 1272 2820 1325 τόπον
2854 1288 2940 1334 τις
2980 1270 3220 1325 αἴσθοιτο
3245 1270 3422 1341 μόνον.
3460 1271 3570 1323 Kal
3597 1271 3788 1333 ἁπλῶς

2203 1368 2398 1427 εἰπεῖν,
2428 1364 2552 1417 οῦτε
2580 1366 2614 1434 ἡ
2639 1364 2825 1434 γραφὴ
2859 1363 3195 1434 περιγράφει
3239 1363 3331 1416 τὸν
3362 1363 3647 1434 ἄνθρωπον
3677 1365 3784 1417 κᾶν

2205 1456 2583 1529 περιγραπτός
2630 1458 2803 1517 ἐστιν,
2829 1454 2954 1508 οὕτε
2996 1456 3029 1525 ἠ
3081 1455 3401 1526 περιγραφὴ
3431 1457 3634 1525 γράφει
3679 1456 3784 1511 κᾶν

2202 1548 2452 1619 γραπτός
2482 1548 2631 1599 ἐστιν
2652 1562 2664 1576 ο
2699 1546 2961 1616 ἑκάτερον
2991 1545 3100 1615 γὰρ
3131 1544 3221 1598 τὸν
3245 1545 3438 1598 ἐαυτοῦ
3467 1545 3624 1613 λόγον
3648 1544 3783 1613 ἐξει.

2203 1642 2314 1695 Καὶ
2344 1640 2423 1693 ἔτι
2454 1640 2486 1710 ὴ
2528 1640 2624 1709 μὲν
2651 1638 2837 1709 γραφὴ
2878 1636 3197 1709 περιέχεται
3232 1636 3338 1690 ὑπὸ
3369 1636 3473 1706 τῆς
3509 1652 3785 1709 περιγραο

2205 1734 2332 1803 φῆς,
2357 1732 2466 1803 ἠδὲ
2489 1730 2806 1801 περιγραφὴ
2851 1729 2911 1782 οὐ
2944 1728 3261 1800 περιέχεται
3288 1728 3382 1782 ὑπ’
3415 1728 3612 1798 αὐτῆς,
3645 1729 3786 1782 ἀλλὰ

529 1848 634 1903 que
661 1831 1095 1899 circumscriptio
1124 1829 1296 1899 pingit
1321 1868 1335 1891 ,
1362 1826 1574 1881 etiamsi
1602 1826 1691 1879 ille
1712 1800 1856 1895 pingi
1884 1829 2061 1893 potest
2086 1859 2103 1886 ,

2212 1800 2452 1892 περιέχει
2482 1800 2651 1891 αύτήν
2669 1837 2683 1851 ο
2702 1818 2783 1873 διδ
2802 1818 2925 1872 ούδέ
2948 1818 3318 1890 ἀντιστρέφει.
3353 1817 3480 1871 Ἐπὶ
3497 1818 3661 1873 πλέον
3678 1820 3789 1890 γὰρ

532 1936 823 1993 utrumque
853 1924 998 1977 enim
1053 1925 1323 1977 rationem
1366 1937 1521 1976 suam
1562 1921 1807 1976 habebit.
1837 1920 2105 1974 Praeterea

530 2016 741 2080 pictura
818 2014 1135 2067 continetur
1180 2028 1207 2064 a
1258 2012 1809 2079 circtnnscriptione,
1869 2010 2106 2064 circum.

529 2104 756 2171 scriptio
795 2111 971 2157 autem
1004 2116 1108 2155 non
1143 2102 1453 2157 continetur
1489 2116 1517 2154 a
1547 2101 1891 2166 pictura,sed
1925 2102 2102 2154 conti-

2206 1914 2240 1983 ἡ
2264 1912 2580 1983 περιγραφή
2606 1925 2621 1939 ⁵
2646 1910 2766 1963 εἴτι
2793 1908 2893 1980 μὲν
2916 1909 3022 1981 γὰρ
3055 1910 3318 1981 γραπτὸν,
3361 1909 3478 1980 ἦτοι
3496 1910 3558 1962 τὸ
3592 1912 3791 1964 εἰκονι-

2208 2003 2457 2075 ζόμενον,
2489 2004 2518 2055 6
2538 2001 2828 2073 ἄνθρωπος
2852 2001 3015 2070 λέγω,
3036 2002 3130 2055 καὶ
3160 2000 3300 2073 αὑτὴ
3325 2003 3358 2073 ἡ
3383 2002 3591 2074 γραφὴ,
3617 2004 3791 2073 ἦγουν

2205 2094 2234 2145 6
2267 2092 2654 2162 τετυπωμένος
2704 2092 3016 2161 χαρακτὴρ,
3053 2091 3280 2161 φήσειεν
3311 2091 3375 2143 ἄν
3398 2108 3479 2156 τις
3510 2092 3652 2162 τάχα
3681 2111 3788 2146 που

534 2203 620 2246 net
658 2206 801 2259 eam;
831 2192 950 2245 ideo
986 2206 1086 2247 nec
1127 2190 1181 2245 fit
1220 2191 1604 2259 reciprocatio.
1642 2188 1828 2242 Latius
1872 2204 2107 2259 namque

2212 2185 2304 2236 καὶ
2331 2181 2733 2251 περιγραπτδν,
2762 2182 2891 2252 περὶ
2918 2174 2980 2234 οῦ
3004 2181 3097 2235 νῦν
3125 2182 3261 2251 ἡμῖν
3287 2181 3470 2249 λέγειν
3495 2184 3789 2254 πάρεστιν,

532 2294 679 2353 pztlel
716 2282 1158 2352 circumscriptio
1192 2298 1207 2336 :
1240 2297 1363 2335 nam
1405 2281 1450 2336 si
1482 2282 1610 2350 quid
1647 2291 1731 2335 est
1762 2281 1967 2348 pictum
1997 2319 2013 2343 ,
2051 2280 2103 2334 id

2212 2274 2239 2328 δ
2284 2273 2561 2345 πανταχοῦ
2591 2273 3057 2344 ἐπισημαίνεσθαι
3096 2275 3225 2344 χρή.
3263 2276 3338 2329 Οὐ
3373 2277 3483 2346 γὰρ
3525 2277 3652 2349 περὶ
3690 2277 3789 2332 τοῦ

530 2386 611 2429 cst
642 2376 949 2444 figuratum.
985 2374 1179 2437 homo,
1223 2373 1467 2443 inquam,
1497 2382 1553 2427 et
1590 2373 1703 2441 ipsa
1736 2372 1971 2440 pictura,
2000 2384 2098 2425 seu

2213 2367 2402 2438 ἐτέρου
2430 2365 2635 2437 τρόπου
2684 2365 2928 2436 διέξιμεν
2948 2381 2961 2396 ·
2993 2366 3054 2419 οὐ
3088 2365 3196 2437 μὴν
3225 2365 3462 2438 ἔμπαλιν
3488 2367 3611 2423 εἴτι
3637 2385 3794 2439 περι-

531 2465 798 2533 clligiatns
850 2463 1175 2525 character,
1212 2462 1350 2523 haec,
1411 2461 1658 2530 inquam,
1697 2460 1802 2514 dici
1855 2467 2110 2528 poterunt

2213 2456 2485 2527 γραπτὸν,
2518 2456 2679 2511 τοῦτο
2711 2458 2807 2510 καὶ
2844 2457 3111 2525 γραπτόν.

531 2550 694 2615 etiam
726 2560 1159 2626 circumscripta,
1195 2558 1259 2611 de
1293 2556 1491 2627 quibus
1521 2570 1669 2609 nunc
1705 2569 1887 2609 sermo
1936 2555 2099 2609 nobis
2136 2561 2246 2618 est,
2273 2552 2418 2629 quod
2484 2550 2685 2621 ubique
2757 2560 2954 2607 notare
2985 2561 3198 2621 oportet
3220 2591 3236 2616 ,
3273 2568 3381 2607 non
3414 2554 3559 2607 enim
3595 2555 3657 2605 dc
3688 2555 3795 2609 alio

539 2653 698 2708 modo
728 2654 954 2721 agimus.
989 2648 1103 2704 Non
1141 2660 1320 2703 tamen
1355 2659 1583 2716 remeat,
1630 2658 1687 2702 ιιι
1724 2649 1768 2703 si
1817 2649 1945 2717 quid
1971 2660 2057 2704 est
2103 2648 2606 2718 circumscriptum,
2643 2648 2784 2704 idem
2841 2649 3004 2702 etiam
3032 2648 3102 2702 sit
3137 2648 3339 2719 pictum
3397 2648 3537 2719 (sive
3569 2649 3792 2720 imago).

606 2742 864 2809 Exemplo
888 2742 1117 2810 quodam
1147 2752 1288 2794 utar.
1309 2740 1534 2794 Annuus
1554 2742 1644 2808 qui
1670 2742 1871 2795 dicitur
1894 2743 2101 2813 cyclus,

2282 2736 2410 2795 Οἷόν
2429 2742 2481 2795 τί
2499 2756 2677 2812 φημι’
2715 2741 2775 2794 '0
2796 2740 3065 2804 ἐνιαύσιος
3095 2740 3426 2813 καλούμενος
3460 2743 3682 2812 κύκλος,
3705 2746 3795 2799 (va

536 2846 596 2889 ut
648 2847 801 2903 a'que
849 2848 1028 2888 sermo
1080 2832 1243 2885 etiam
1280 2842 1466 2885 noster
1494 2833 1790 2901 procedat,
1832 2833 2107 2889 mensuris

2214 2832 2310 2887 καὶ
2331 2831 2505 2897 οὕτως
2530 2834 2558 2885 ὁ
2585 2831 2743 2900 λόγος
2770 2832 2902 2903 ἡμῖν
2932 2833 3025 2897 ίοι,
3055 2832 3276 2902 μέτροις
3306 2834 3420 2886 τισὶ
3445 2836 3543 2887 καὶ
3570 2834 3797 2905 διαστή-

537 2928 784 2995 aliquot,
819 2925 871 2978 id
908 2932 1000 2978 est
1045 2921 1347 2977 intervallis
1389 2911 1667 2977 chronicis
1698 2935 1955 2993 quatuor,
1994 2925 2106 2979 cir-

2220 2944 2354 2998 μασι
2377 2928 2651 2998 χρονικοῖς
2667 2925 2891 2996 τέτρασι
2916 2926 3344 2997 περιστρέφεται
3364 2943 3379 2958 ο
3403 2926 3592 2998 διόπερ
3620 2928 3684 2998 δὴ
3699 2931 3795 2984 καὶ

536 3015 899 3070 ιυιιινοιινὶιιιτ
932 3029 947 3067 ι
982 3013 1106 3067 ideo
1147 3021 1203 3066 et
1243 3011 1622 3068 circumscribi
1659 3013 1876 3080 dicitur,
1935 3028 2110 3083 quan-

2217 3036 2284 3072 πε
2292 3020 2526 3090 ριγρᾶφε
2539 3017 2659 3071 αθειι
2679 3016 2920 3085 λέγεται,
2935 3017 2997 3069 ού
3016 3018 3290 3087 γράφεται
3305 3017 3383 3081 δέ,
3399 3019 3518 3088 ἦτοι
3536 3019 3798 3083 είκονίζε·

536 3123 697 3178 quam
745 3118 922 3173 neque
968 3103 1230 3175 pingitur,
1269 3119 1448 3173 neque
1487 3103 1773 3175 figuratur.
1825 3106 2110 3173 Quomodo

537 3201 683 3253 cnim
710 3197 1033 3268 figuraretur
1057 3196 1199 3264 quod
1226 3196 1409 3264 specie
1434 3194 1716 3265 formajue
1762 3208 1930 3260 caret,
1964 3198 2110 3253 idco-

539 3307 648 3359 que
684 3303 862 3359 neque
893 3288 992 3343 sub
1041 3289 1213 3341 visum
1257 3286 1402 3341 cadit
1443 3302 1622 3357 neque
1665 3289 1950 3343 subsistit?
1978 3289 2109 3344 Nam

536 3382 830 3438 continuus
868 3393 990 3434 cum
1025 3379 1132 3443 sit,
1175 3378 1439 3433 terminos
1471 3393 1592 3432 cum
1641 3380 1922 3450 principiis
1968 3395 2111 3435 sem-

542 3489 642 3545 per
673 3471 967 3527 connectit.
995 3470 1130 3537 Quia
1157 3485 1288 3541 ergo
1315 3471 1383 3525 ab
1405 3471 1599 3526 eodem
1633 3471 1698 3525 ad
1722 3471 1861 3527 idem
1894 3471 2111 3543 signum

541 3566 969 3623 circumvolutns
1015 3564 1096 3618 sol
1160 3563 1510 3630 transfertur,
1559 3564 1956 3633 quodammodo
2007 3565 2113 3621 cir-

541 3655 834 3712 cumscribi
871 3654 1092 3708 dicitur.
1126 3653 1304 3721 Atque
1335 3651 1604 3722 principia
1653 3657 1709 3705 et
1744 3651 1961 3706 termini
1993 3668 2114 3706 nnt-

544 3762 665 3804 luas
685 3749 1062 3801 successiones
1082 3760 1191 3799 uno
1221 3753 1496 3799 momento
1519 3753 1831 3813 punctoque
1853 3743 2112 3814 temporis

541 3858 606 3898 ac
652 3855 788 3911 pene
833 3836 1228 3894 insensibiliter
1274 3835 1582 3891 absolvunt.
1628 3834 1707 3890 Ne
1752 3836 1897 3891 enim
1936 3834 2110 3891 ﬂuens

543 3947 753 4002 tempus
797 3931 1091 3985 humanam
1122 3929 1286 3983 vitam
1334 3941 1479 3982 careo
1511 3928 1564 3982 iu
1604 3941 1767 3983 cursu
1807 3927 2110 3990 retineret,

542 4024 855 4092 nostrisque
886 4023 1047 4077 rebus
1076 4030 1131 4075 et
1176 4019 1388 4074 actibus
1418 4016 1668 4073 confusio
1691 4025 1745 4072 et
1779 4015 2114 4087 perturbatio

541 4127 708 4185 atque
739 4112 1013 4169 anomalia
1058 4111 1455 4176 dominaretur,
1494 4109 1640 4163 nullo
1671 4108 1931 4161 chronico
1962 4107 2116 4174 signo

545 4211 613 4264 iis
646 4208 994 4277 interposito,
1018 4212 1232 4271 tempus
1270 4203 1395 4267 hoc,
1424 4203 1666 4270 Inquam,
1699 4199 1909 4263 diebus,
1942 4197 2114 4261 boris,

546 4300 923 4362 hebdomadis,
960 4296 1261 4357 mensibus,
1287 4293 1573 4361 annisque,
1598 4291 1852 4345 metimur
1881 4299 1971 4344 :et
1986 4290 2113 4342 olim

2211 3124 2323 3159 ται.
2351 3107 2475 3169 Πῶς
2496 3106 2604 3176 γὰρ
2626 3105 2692 3160 ἂν
2721 3106 2814 3158 καὶ
2835 3106 3163 3177 εἰκονισθειη
3189 3107 3217 3159 ὅ
3237 3122 3301 3174 γε
3332 3108 3471 3179 μήτε
3496 3107 3799 3161 είδοποιού-

2216 3214 2394 3269 μενος,
2413 3199 2548 3268 μήτε
2570 3197 3069 3268 σχηματιζόμενος,
3088 3200 3181 3251 καὶ
3202 3198 3293 3252 διὰ
3346 3199 3507 3254 τοῦτο
3538 3200 3671 3271 μηδὲ
3704 3200 3798 3254 ὑπ’

2212 3287 2334 3358 bal/tv
2348 3289 2663 3359 ἐρχόμενος,
2691 3286 2804 3340 ἀλλ’
2821 3288 2943 3340 ούδέ
2963 3287 3284 3359 ύπομένων;
3307 3289 3546 3360 Συνεχὴς
3566 3289 3677 3357 γὰρ
3698 3288 3797 3354 ὢν,

2212 3381 2281 3435 τὰ
2304 3376 2478 3435 οἰκεία
2503 3380 2718 3451 πέρατα
2737 3383 2850 3444 τοῖς
2880 3379 2972 3433 τοῦ
2999 3380 3199 3450 ἐφεξῆς
3225 3381 3403 3451 ἀρχὰς
3431 3382 3520 3434 ἀεὶ
3544 3382 3802 3453 ποιούμεο

2212 3489 2303 3536 νος
2328 3471 2709 3525 ἐπισυνάπτει.
2764 3471 2979 3536 Ἀπλῶς
3006 3471 3138 3539 γοῦν
3167 3472 3248 3542 τῷ
3277 3472 3387 3526 ἀπὸ
3414 3471 3508 3525 τοῦ
3529 3466 3696 3526 αὐτοῦ
3720 3473 3801 3536 εἰς

2214 3565 2275 3619 τὸ
2301 3563 2433 3618 αὐτὸ
2468 3565 2699 3634 σημεῖον
2739 3562 3016 3627 κυκλικῶς
3051 3562 3496 3635 περιδινούμενον
3520 3564 3611 3618 τὸν
3648 3565 3800 3635 ἥλιον

2213 3651 2705 3717 ἀποκαθίστασθαι,
2755 3652 3007 3706 ὁπωσοῦν
3058 3653 3505 3724 περιγράφεσθαι
3559 3653 3797 3723 λέγεται.

2215 3745 2328 3799 Kal
2350 3742 2524 3808 οῦτως
2550 3742 2794 3814 ἀλλήλων
2836 3744 2937 3806 τὰς
2977 3742 3253 3815 διαδοχὰς,
3284 3743 3475 3816 ὥσπερ
3507 3745 3575 3819 ἐν,
3612 3747 3802 3818 ἀτόμῳ

2215 3838 2310 3893 καὶ
2339 3838 2541 3908 ἀκαρεῖ
2590 3836 2686 3889 καὶ⁵
2749 3831 2939 3905 σχεδὸν
2988 3834 3413 3906 ἀνεπαισθήτως
3464 3836 3801 3892 διανύουσιν.

2215 3934 2333 3987 Ἵνα
2362 3933 2471 4003 γὰρ
2505 3931 2582 4004 μὴ
2618 3931 2759 4004 ῥέων
2790 3931 2820 3983 6
2853 3930 3044 4002 χρόνος
3081 3929 3167 3983 ἐπ’
3197 3931 3378 4003 ἀδήλῳ
3408 3931 3475 3985 τὰ
3513 3935 3614 4003 τῆς
3652 3932 3804 4003 ζωῆς

2214 4026 2313 4096 τῆς
2334 4022 2692 4095 ἀνθρωπίνης
2719 4021 3096 4091 περιστήσειε,
3131 4020 3395 4091 σύγχυσίς
3440 4038 3501 4075 τε
3533 4021 3641 4076 τῶν
3675 4022 3804 4076 καθ’

2216 4117 2363 4185 ἡμᾶς
2403 4113 2750 4186 πραγμάτων
2780 4113 2876 4166 καὶ
2900 4112 3099 4179 ἀταξία
3133 4113 3229 4167 καὶ
3258 4112 3545 4183 ἀνωμαλία
3573 4115 3807 4183 ἐπικρα-

2215 4206 2357 4275 τοὲη,
2398 4204 2628 4275 μηδενος
2648 4201 2905 4273 χρονικοῦ
2932 4201 3162 4274 σημείου
3202 4202 3416 4267 τούτοις
3455 4204 3801 4274 ἐμφαινομέ-

2217 4314 2334 4360 νου,
2366 4296 2608 4366 ἡμέραις
2636 4296 2729 4348 καὶ
2762 4295 2937 4365 ὥραις
2984 4294 3079 4348 καὶ
3120 4294 3385 4366 ἐσὼμάσι
3412 4296 3507 4350 καὶ
3543 4297 3679 4367 μησὶ
3705 4298 3805 4351 καὶ

546 4392 765 4459 quidem
790 4388 1189 4459 olympiadibus
1210 4393 1262 4438 et
1280 4382 1657 4438 consulatibus
1671 4380 1898 4451 aliisque
1915 4382 2110 4436 dimen-

2219 4387 2483 4447 ἐνιαυτοῖς
2529 4387 2836 4455 μετρεῖται,
2870 4385 3171 4456 ὀλυμπιάσι
3202 4404 3263 4440 τε
3317 4386 3379 4441 τὸ
3428 4388 3657 4442 παλαιὸν
3706 4389 3804 4442 xal

545 4480 793 4535 sionibus
822 4474 1019 4532 decore
1046 4473 1502 4543 distinguebatur,
1530 4480 1591 4525 ut
1622 4472 1907 4540 perspicua
1939 4480 1993 4527 et
2025 4487 2118 4526 ac-

545 4578 735 4623 curata
772 4581 951 4621 rerum
983 4574 1261 4634 gestarum
1302 4561 1563 4615 memoria
1591 4572 2029 4630 conservaretur,
2063 4571 2119 4617 et

546 4663 670 4715 vitae
726 4668 880 4711 actus
928 4667 1077 4709 recte
1142 4654 1580 4723 disponerentur.
1631 4653 1721 4711 Sic
1772 4669 1900 4724 ergo
1951 4655 2115 4709 etiam

547 4748 752 4818 Moysis
784 4746 868 4799 lex
900 4758 1072 4813 usque
1094 4744 1161 4797 ad
1191 4742 1565 4814 erangelicam
1598 4744 1894 4799 salutarem
1921 4746 2119 4814 przcdi-

545 4839 817 4890 cationem
850 4833 1145 4903 producta,
1190 4842 1438 4902 tempore
1487 4833 1733 4887 constitit
1787 4842 1842 4888 et
1884 4834 2119 4889 circurn-

546 4932 753 4998 scripta
798 4926 918 4981 fuit.
956 4925 1261 4980 Idololatria
1296 4939 1456 4990 vero,
1496 4937 1788 4994 apparente
1827 4924 2119 4981 Servatore

545 5032 735 5076 nostro
759 5019 887 5082 Deo,
920 5033 1072 5087 aeque
1096 5016 1332 5072 cessavit
1350 5017 1791 5086 circumscripta,
1832 5032 2007 5087 neque
2033 5017 2119 5072 ul-

546 5112 717 5166 terius
748 5107 1128 5179 progrediens,
1155 5122 1334 5176 neque
1370 5107 1576 5163 diutius
1612 5123 1741 5164 suos
1784 5118 1939 5163 actus
1963 5123 2120 5164 exse-

544 5217 693 5258 rens.
722 5201 829 5257 Sed
856 5214 1029 5269 neque
1060 5200 1143 5253 lex
1170 5198 1422 5270 quautvis
1442 5199 1881 5269 circumscripta,
1913 5200 2024 5270 79
2053 5200 2120 5254 fi-

542 5311 729 5367 guram
767 5294 953 5349 habuit
982 5330 1000 5357 ,
1037 5308 1159 5347 cum
1202 5307 1298 5360 per
1341 5307 1400 5345 se
1458 5292 1589 5345 nihil
1625 5292 1696 5346 sit
1742 5293 1845 5346 nisi
1883 5309 2117 5357 nomen,

544 5400 854 5454 quanquam
887 5383 1003 5451 cjus
1052 5382 1307 5437 mandata
1343 5381 1651 5452 syllabatim
1701 5382 2034 5447 scribuntur,
2064 5391 2120 5435 et

544 5478 598 5532 in
645 5475 820 5529 sacris
849 5474 1027 5528 Libris
1057 5483 1323 5542 perpetuo
1355 5481 1595 5527 manent.
1626 5472 1812 5542 Neque
1838 5474 1966 5527 item
1999 5476 2118 5528 ido-

544 5567 757 5622 lolatria
790 5567 1050 5637 pingitur,
1084 5581 1206 5621 cum
1239 5564 1382 5618 circa
1414 5580 1504 5619 res
1530 5565 1948 5622 iusnbsistcntes
1981 5581 2119 5622 vane

516 5656 779 5726 ,laboret,
808 5668 862 5713 et
891 5659 1097 5726 absque
1127 5658 1311 5726 specie
1339 5655 1446 5712 ulla
1476 5656 1716 5726 figurare
1738 5657 1831 5712 sit.

2219 4477 2530 4540 ὑπατείαις,
2581 4477 2676 4530 καὶ
2713 4477 2927 4549 ἑτέροις
2972 4477 3199 4550 μέτροις
3259 4479 3661 4549 κοσμούμενος,
3712 4480 3805 4534 ἵνα

2220 4568 2399 4639 σαφὴς
2432 4567 2525 4620 καὶ
2560 4567 2949 4638 τετρανωμένη
2975 4566 3086 4621 τῶν
3126 4570 3520 4638 πραττομένων
3549 4572 3582 4641 ἠ
3611 4556 3802 4642 μνῆμη

2218 4659 2570 4727 διασὼζηται,
2595 4660 2689 4710 καὶ
2709 4660 2776 4710 τα
2797 4659 2855 4710 ἐν
2878 4658 2955 4728 τῷ
2981 4658 3081 4728 βίῳ
3104 4659 3445 4731 διευθετῆται
3478 4663 3807 4733 πράγματα.

2221 4750 2407 4812 Οῦτως
2443 4746 2535 4804 οὖν
2558 4749 2653 4803 καὶ
2681 4751 2709 4803 6
2738 4749 2878 4804 κατὰ
2908 4751 3112 4805 Mensa
3135 4752 3300 4820 νόμος
3323 4752 3486 4823 μέχρι
3518 4754 3614 4808 τοῦ
3639 4755 3808 4823 εὐαγ-

2220 4840 2442 4910 γελικοῦ
2497 4841 2594 4895 καὶ
2623 4839 2898 4913 σωτηρίου
2941 4840 3302 4911 κηρύγματος
3346 4842 3573 4913 προῖὼν,
3621 4845 3806 4916 χρόνῳ

2218 4933 2348 5002 ἐστη
2384 4933 2480 4985 καὶ
2514 4932 2889 5003 περιεγράφη.
2938 4931 3050 4985 Kal
3076 4934 3109 5002 ἡ
3156 4932 3566 5006 είδωλολατρεα,
3600 4938 3807 5005 ἐπιφα-

2218 5024 2403 5087 νέντος
2428 5022 2523 5077 τοῦ
2557 5023 2812 5094 Σωτῆρος
2844 5021 3002 5094 ἡμῶν
3032 5022 3194 5089 Θεοῦ,
3215 5024 3480 5090 ὡσαύτως
3513 5027 3806 5100 κατήργη-

2218 5131 2306 5168 ται
2341 5113 2434 5167 ml
2465 5113 2932 5183 περιγέγραπται,
2965 5114 3046 5177 εἰς
3073 5114 3134 5169 τὸ
3148 5115 3336 5171 λοιπὸν
3360 5118 3500 5190 μήτε
3534 5120 3806 5190 προϊοῦσα

2222 5203 2360 5275 μήτε
2386 5202 2693 5275 ἐνεργοῦσα
2727 5203 2975 5258 πώποτε.
3021 5204 3163 5259 Ἀλλ’
3211 5206 3335 5260 οὗτε
3369 5209 3399 5262 6
3429 5209 3596 5281 νόμος
3623 5210 3808 5267 καίτοι

2220 5295 2597 5365 περιγραπτδς
2646 5292 2744 5360 ὢν,
2800 5294 3153 5360 είκονίζεται,
3207 5297 3341 5350 αὑτό
3386 5314 3449 5366 γε
3495 5298 3620 5352 καθ’
3671 5300 3807 5354 αὐτὸ

2218 5385 2456 5455 τοῦνομα
2494 5384 2671 5453 ψιλὸν,
2728 5388 2778 5439 εί
2829 5389 2925 5441 καὶ
2978 5389 3047 5442 τὰ
3081 5386 3417 5460 νομιζόμενα
3460 5389 3807 5458 συλλαύικῶς

2219 5468 2513 5546 γράφεται,
2547 5478 2640 5529 καὶ
2669 5478 2727 5529 ἐν
2762 5476 2979 5542 Βίϐλοις
3016 5478 3188 5547 ἱεραῖς
3222 5481 3308 5531 ἀεὶ
3332 5479 3672 5551 διαφέρεται.
3702 5479 3811 5535 Oho

2218 5583 2278 5619 τε
2311 5569 2343 5638 ὴ
2377 5567 2765 5640 εἰδωλολατρία
2796 5572 3093 5640 γράφεται,
3148 5574 3385 5643 πρᾶγμα
3436 5574 3568 5644 περὶ
3594 5574 3808 5647 avum.

2222 5677 2392 5713 στατα
2443 5663 2997 5735 ματαιοπονούμενον,
3038 5666 3279 5721 ἀνείδεόν
3320 5684 3379 5720 τε
3414 5666 3474 5722 ὂν
3506 5668 3601 5721 καὶ
3630 5669 3806 5740 ἀσχη-

2226 5768 2505 5822 ματιστον.
