4072 6324
209 379 298 442 369

891 333 1521 442 ANTIRRHETICUS
1561 382 1622 442 II
1688 382 1856 442 ADV.
1898 334 2492 444 CONS'TANTINUM
2533 383 2748 448 corn.

3347 382 3455 445 370

206 491 404 554 τέλεια,
439 487 628 558 σαφῶς
669 481 772 542 ὧδε
825 491 1224 560 πιστούμενοςσ
1264 491 1504 546 ὀδωδότα
1551 491 1646 545 τὸν
1675 508 1766 544 τε-

1899 507 2025 548 urus
2055 501 2174 547 erat
2215 492 2560 564 mysterium,
2589 511 2732 550 nunc
2761 493 2874 574 jam
2907 492 3210 549 communis
3251 503 3304 548 ct
3338 493 3458 546 uni-

206 583 506 656 τραήμερον
554 581 621 634 ὲκ
675 581 786 638 τῶν
843 583 1340 653 μυχαιτάτωνοκαὶ
1394 583 1620 654 ἀφανῶν
1675 582 1770 636 τοῦ

205 676 320 750 ᾅδου
365 673 594 744 χωρίων·
636 673 713 738 ὡς
765 673 949 739 ζῶντα
987 671 1480 748 προκαλούμενος,
1530 677 1626 730 καὶ
1661 679 1794 739 τοῖς·

207 768 328 834 ζῶσι
353 767 443 820 τδν
466 767 745 839 ἥδηρπρὸς
784 767 996 840 φθορὰν
1029 771 1392 842 ἐπειγόμενον
1427 768 1523 822 καὶ¹
1566 761 1774 838 λυόμεέ
1815 794 1826 802 -

204 876 286 914 νον
316 859 768 929 ἐγκαταριθμῶν,
803 859 1053 932 ἐναργῶς
1101 861 1197 915 τοῦ
1229 860 1512 930 Θαύματος
1545 861 1646 930 τὴν
1676 860 1772 912 δύο

206 961 356 1021 ναμιν
378 949 475 1004 τοῦ
493 949 894 1016 ζωοποιοῦντος
923 955 1051 1017 τοὺς
1081 953 1316 1024 νεκροὺς
1341 949 1764 1013 διαδεικνύντος.

219 1044 346 1098 Ἀλλ’
376 1043 502 1097 οὐδὲ
536 1041 772 1096 ἐνταῦθα
806 1043 905 1108 ῶν,
942 1045 1048 1115 ἤδη
1085 1045 1182 1098 καὶ
1219 1047 1278 1097 ὲν
1315 1045 1700 1115 Καπερναοὺμ
1739 1043 1772 1113 ἢ

206 1135 258 1186 ὲν
281 1133 452 1204 ἑτέρῳ
490 1135 645 1204 τόπῳ
692 1134 837 1188 κατὰ
875 1135 1077 1188 ταυτὸν
1111 1135 1445 1205 σωματικῶς
1478 1135 1774 1204 ἐφαίνετο·

208 1227 293 1279 καὶ
319 1224 458 1288 ὅλως
492 1226 553 1278 ὲν
589 1224 728 1296 τῷδε
757 1223 834 1278 ῶν
864 1225 945 1296 τῷ
982 1226 1190 1297 χωρίῳ,
1233 1227 1333 1280 οὐκ
1362 1221 1431 1297 ἦν
1481 1227 1576 1280 καὶ
1617 1225 1781 1279 ἀλλα-

206 1315 316 1388 χόθι
335 1333 350 1346 ο
385 1317 483 1369 τὸν
511 1300 647 1383 γοῦν
676 1318 756 1381 είς
780 1316 1052 1388 οὐρανοὺς
1081 1319 1304 1372 ἀνιόντα
1341 1317 1440 1371 οὐκ
1465 1315 1585 1372 οῖδα
1621 1317 1675 1370 εί
1699 1333 1784 1380 τις

210 1405 335 1475 φαίη
358 1447 373 1470 ,
408 1408 507 1460 καὶ
536 1405 634 1460 νῦν
674 1407 755 1461 ἔτι
800 1409 1137 1479 σωματικῶς
1165 1405 1484 1480 ἀνθρώποις
1516 1424 1783 1479 προσομι-

209 1497 398 1553 λοῦντα
447 1491 1000 1571 συναναστρέφεσθαι
1026 1541 1041 1564 ,
1077 1503 1128 1554 εί
1161 1501 1258 1554 καὶ
1291 1500 1468 1565 ἄλλως
1520 1489 1618 1553 σὺν
1647 1501 1784 1571 ἡμῖν

210 1589 278 1650 ὡς
317 1591 536 1654 πιστοῖς
571 1590 667 1644 καὶ
700 1590 930 1654 οἰκείοις
979 1589 1307 1655 διαιωνίςων
1345 1591 1486 1655 ἐστὶ,
1543 1590 1686 1643 κατὰ
1721 1589 1785 1642 τὸ

209 1677 536 1750 ἐπάγγελμα
559 1697 573 1711 ·
604 1681 654 1733 εί
699 1681 774 1752 μὴ
822 1680 1074 1752 μέλλοιεν
1108 1681 1202 1735 καὶ
1233 1681 1370 1752 πρὸς
1415 1681 1592 1734 ταῦτα
1622 1697 1784 1750 περι-

209 1769 639 1842 τραχύνεσθαιοί
667 1773 972 1844 ἀλλότριοι.’
993 1773 1105 1826 Καὶ
1131 1773 1221 1828 ἵνα
1253 1773 1328 1844 μὴ
1355 1775 1424 1828 τὰ
1453 1773 1626 1827 πολλὰ
1649 1774 1789 1840 diee-

1877 585 2102 638 versalis
2138 587 2551 640 resurrectionis
2589 585 2844 654 prmludia
2877 588 3135 642 ostendit.
3169 586 3445 641 Fetentom

1877 675 2300 743 quatriduanum
2335 693 2398 731 ex
2438 677 2635 732 abditis
2683 678 3043 748 obscurisque
3087 677 3285 732 inferni
3320 677 3452 732 locis

1878 767 2057 821 vivum
2088 777 2340 833 revocat;
2379 777 2432 822 et
2479 771 2788 824 viventibus
2819 785 2967 832 eum,
3005 769 3094 838 qui
3129 769 3180 823 in
3214 768 3462 838 putredi-

1880 873 2001 912 neut
2037 859 2150 928 jam
2207 857 2478 912 resolutus
2533 860 2746 922 abibat,
2786 862 3146 925 adnumerat;
3203 860 3310 912 vim
3348 859 3466 926 eius

1882 958 2125 1003 mortuos
2159 949 2466 1002 vivillttandi
2518 950 2782 1004 miraculo
2815 951 2916 1006 hoc
2967 951 3250 1005 evidenter
3303 967 3460 1004 ttttm-

1880 1050 2109 1096 strante.
2143 1037 2250 1094 Sed
2279 1041 2424 1098 enim
2455 1037 2584 1095 dum
2631 1042 2718 1096 hic
2749 1054 2913 1108 esset,
2935 1043 3047 1112 jam
3079 1058 3184 1096 non
3217 1039 3462 1110 Caphar-

1884 1133 2064 1187 uatnui
2098 1133 2276 1186 aliove
2331 1133 2383 1187 in
2419 1133 2560 1200 loco,
2591 1137 2781 1188 eodem
2818 1145 3062 1204 tempore
3097 1133 3460 1203 corporaliter

1885 1225 2181 1279 visebatur.
2218 1222 2450 1278 Prorsus
2491 1223 2616 1277 dn'm
2655 1225 2706 1278 in
2735 1225 2836 1280 hoc
2865 1227 2984 1282 loco
3010 1236 3176 1294 esset,
3213 1225 3342 1280 alibi
3381 1225 3463 1277 in-

1886 1317 2042 1372 terim
2089 1333 2192 1372 non
2227 1327 2367 1371 erat.
2397 1317 2530 1372 Eum
2561 1318 2728 1386 igitur
2758 1320 2848 1390 qui
2887 1319 2941 1374 in
2977 1320 3147 1374 cmlos
3198 1332 3468 1390 conscen-

1885 1407 1986 1470 dit,
2015 1408 2157 1461 hattd
2187 1407 2301 1462 scio
2329 1424 2394 1461 an
2418 1408 2705 1478 quisquam
2731 1409 2872 1463 dicet
2896 1387 3256 1476 corporaliter
3282 1407 3460 1459 adhuc

1887 1503 2030 1556 inter
2062 1502 2310 1556 homines
2341 1499 2570 1554 versari.
2604 1500 2922 1568 Quanquam
2955 1499 3059 1554 alio
3087 1498 3247 1553 modo
3279 1497 3462 1550 nobis-

1887 1609 2011 1648 cum
2064 1607 2160 1647 ceu
2213 1592 2464 1648 ﬁdelibus
2505 1607 2570 1648 ac
2625 1592 2988 1646 familiaribus
3043 1600 3306 1663 perpetuo
3362 1599 3466 1650 est,

1887 1682 2186 1742 secundum
2231 1687 2684 1754 promissionem;
2725 1685 2828 1740 nisi
2869 1685 3008 1741 forte
3055 1684 3108 1738 in
3161 1684 3265 1738 hoc
3301 1682 3461 1735 etiam

1889 1777 2222 1834 stomachari
2272 1775 2452 1832 volent
2495 1776 2548 1831 hi
2598 1793 2625 1829 a
2676 1777 2780 1830 [ide
2838 1786 3022 1830 nostra
3066 1773 3251 1829 alieni.
3304 1772 3368 1826 Et
3399 1786 3466 1824 ne

211 1865 376 1926 ιόντες
415 1865 634 1936 μακρὸν
671 1865 1052 1937 ἀποτείνωμεν
1109 1865 1290 1934 λόγον,
1331 1863 1492 1936 εἴπερ
1532 1864 1787 1936 ἐνσώμα-

1899 1870 2056 1924 multa
2081 1869 2454 1940 persequendo
2475 1867 2690 1939 longius
2715 1882 3017 1922 sermonem
3040 1867 3391 1937 protrahunt;
3427 1866 3470 1918 si

209 1972 293 2018 τος
321 1953 411 2026 ἦν,
455 1959 514 2011 ἐν
543 1959 695 2028 τόπῳ
721 1953 790 2028 ἦν
819 1959 917 2011 καὶ
950 1957 1422 2030 περιεγέγραπτο.
1460 1958 1642 2022 Τόπος
1679 1957 1790 2029 γὰρ

207 2051 379 2118 πέρας
421 2051 546 2104 ἐστὶ
576 2049 671 2104 τοῦ
709 2049 1066 2122 περιέχοντος
1091 2090 1109 2116 ,
1145 2050 1284 2104 καθὸ
1314 2049 1567 2120 περιέχει
1600 2049 1661 2103 τὸ
1689 2067 1790 2102 πε-

205 2141 552 2211 ριεχόμενον,
583 2142 682 2195 καὶ
711 2141 922 2213 πέρασι
948 2141 1260 2212 διείληπται
1294 2139 1416 2194 καθ’
1445 2141 1512 2205 ἃς
1543 2140 1791 2213 όρίζεσαι

203 2228 496 2302 [ὁρίζεται]
534 2229 630 2300 σχέ
639 2221 775 2293 σεις.

267 2319 357 2377 ιθ’.
406 2322 586 2392 Δῆλον
614 2317 732 2388 οὖν,
763 2321 842 2386 ὡς
879 2321 975 2376 καὶ
1001 2323 1030 2376 ό
1061 2321 1320 2394 Χριστὸς,
1355 2319 1517 2390 σῶμα
1547 2317 1790 2390 άληθῶς,

201 2413 296 2467 καὶ
334 2414 400 2468 οὐ
445 2412 596 2468 κατὰ
632 2413 878 2484 δόκησιν,
923 2413 1108 2484 φορῶν
1141 2413 1204 2467 τὸ
1251 2413 1547 2484 ἡμέτερον,
1587 2410 1646 2464 ἓν
1683 2427 1793 2464 τινι

199 2506 344 2577 τόπῳ
395 2504 508 2572 ὢν,
566 2507 669 2560 οὐκ
717 2501 786 2577 ἦν
829 2504 1170 2576 σωματικῶς
1218 2503 1499 2575 πανταχοῦ
1530 2517 1546 2533 ⁵
1603 2502 1664 2568 ἐξ
1716 2495 1792 2556 ὧν

198 2597 421 2653 πάντων
485 2598 744 2670 φανερὸν,
797 2599 883 2651 ὃτι
935 2602 1408 2668 περιεγέγραπτο.
1463 2595 1574 2652 Kal
1613 2597 1662 2646 εἰ
1717 2599 1792 2666 μὴ

199 2690 356 2743 τοῦτο
387 2690 827 2760 ὁμολογήσαιεν,
854 2688 949 2744 τὸν
979 2689 1171 2762 ἕτερον
1201 2689 1405 2760 τρόπον
1437 2689 1696 2753 δώσουσι,
1725 2692 1790 2760 τῇ

195 2780 574 2852 κακοδαίμονι
617 2779 730 2834 τῶν
777 2779 1037 2853 Δοκητῶν
1080 2779 1262 2853 πλάνῃ
1295 2779 1619 2850 μαινόμενοι
1651 2795 1792 2849 συμ-

198 2871 661 2944 περιενεχίιέντες
687 2911 703 2936 ,
737 2872 797 2926 ἓν
838 2871 1114 2943 φαντασίᾳ
1143 2870 1244 2942 τὴν
1274 2871 1370 2924 τοῦ
1404 2871 1621 2944 Κυρίου
1658 2872 1795 2942 σάρ-

195 2963 363 3016 κωσίν
403 2979 472 3016 τε
518 2962 616 3016 καὶ
649 2960 964 3033 σταύρωσιν
993 2960 1440 3033 ὀνειρώσσοντες.
1494 2961 1646 3030 Μηδὲ
1686 2963 1800 3032 γὰρ

196 3045 330 3104 εἶναι
364 3049 624 3124 Χριστὸν
650 3049 746 3104 τὸν
797 3051 1211 3124 σταυρούμενον
1247 3051 1649 3123 ἐφαντάζοντο,
1677 3052 1797 3106 ἀλλ’

193 3141 356 3196 αὑτὸν
415 3143 535 3214 μὲν
583 3143 680 3196 ἐπὶ
710 3141 810 3196 τοῦ
843 3142 1007 3215 ὅρους
1054 3145 1408 3210 καθέζεσθαι,
1443 3132 1702 3218 διαγελᾷν
1737 3147 1794 3202 δὲ

205 3233 520 3298 Ἰουδαίους
557 3232 634 3297 ῶς
665 3233 887 3306 Σίμωνα
932 3234 1330 3308 σταυροῦντας,
1371 3234 1521 3302 δόξαι
1559 3239 1816 3308 Χριστὸν·

192 3322 618 3398 ἐσταυρῶσθαι.
653 3325 770 3379 Οὐκ
817 3323 878 3392 ἐξ
921 3327 1080 3398 ἡμῶν
1127 3323 1222 3382 οὖν
1267 3327 1395 3398 ἔσχε
1441 3329 1682 3399 Χριστὸς
1734 3329 1796 3383 τὸ

193 3417 680 3489 περιγράφεσθαι,
701 3418 824 3473 οὐδὲ
848 3419 1002 3491 παρὰ
1031 3419 1093 3473 τὸ
1122 3421 1414 3486 είκονίζειν
1437 3422 1586 3492 ἡμᾶς
1611 3422 1795 3488 αὑτὸν,

191 3511 599 3584 πριγραπτός
637 3513 780 3566 ἐστι.
819 3511 1024 3583 Μακρὰ
1057 3509 1152 3566 οὖν
1183 3513 1446 3586 ληροῦσιν
1473 3517 1523 3568 oi
1553 3513 1796 3582 ἀνόητοι,

192 3605 280 3654 καὶ
300 3603 656 3658 ἀπαίδευτοι
681 3643 696 3666 ,
733 3603 830 3658 καὶ
871 3607 1054 3676 πάσης
1084 3605 1461 3678 ἡμοιρηκότες
1492 3608 1794 3672 συνέσεως,

188 3695 278 3748 καὶ
309 3695 489 3754 οὐδὲν
543 3696 656 3751 τῶν
698 3697 1022 3768 μεμηνότων
1071 3697 1280 3769 βέλτιον
1307 3700 1546 3770 ἔχοντες.
1585 3699 1798 3752 Οὐκοῦν

187 3787 246 3838 οὺ
294 3790 754 3862 περιγράψομεν
808 3791 976 3846 αὐτὸν
1019 3793 1222 3863 ἡμεῖςδ
1280 3794 1421 3859 πῶς
1449 3795 1560 3868 γὰρ
1611 3796 1704 3850 τόν
1736 3811 1801 3864 γε

187 3882 558 3952 σωματικῶς
585 3881 664 3954 μὴ
709 3883 991 3955 παρόντα;
1033 3884 1174 3940 ἀλλὰ
1209 3887 1500 3958 γράφομεν
1523 3888 1631 3958 ,ιού
1666 3885 1804 3942 καθὸ

185 3975 652 4046 περιγράφεται,
687 3975 826 4030 ἀλλὰ
857 3977 994 4030 καθὸ
1023 3977 1336 4049 γράφεσθαι
1367 3980 1586 4049 πέφυκε
1614 3997 1803 4051 σωμα⁸

183 4065 356 4131 τικῶς
386 4106 406 4133 ,
452 4065 544 4120 ἵν’
574 4067 929 4140 ἐκδηλότερον
961 4071 1104 4142 φανῇ
1133 4070 1197 4124 τὸ
1219 4071 1331 4125 τῶν
1363 4071 1559 4142 φωνῶν
1599 4089 1804 4144 σημαι-

185 4156 448 4228 νόμενον.
471 4157 675 4224 Οὕτως
711 4159 809 4214 καὶ
829 4163 885 4215 αἱ
904 4145 1134 4229 εἰκόνες,
1149 4162 1212 4216 οὐ
1230 4163 1370 4217 καθὸ
1402 4164 1804 4236 περιγραπτὸς,

186 4247 324 4304 ἀλλὰ
359 4251 524 4307 καθὸ
567 4252 841 4322 γραπτὸς.
875 4253 1210 4326 γνωρίζουσι
1253 4259 1424 4311 πᾶσιν
1455 4257 1644 4312 αὐτόν.
1694 4257 1806 4312 Καί

186 4355 247 4406 γε
280 4344 387 4398 καὶ
435 4345 625 4416 ἡμεῖς
668 4343 1032 4416 είκονίζομεν,
1075 4347 1173 4418 οὐχ
1287 4349 1461 4417 Λόγος
1511 4350 1612 4404 καλ⁵
1663 4349 1798 4414 Θεὸς

184 4432 458 4510 (ἀόρατος
483 4439 610 4505 γὰρ
642 4440 736 4492 καὶ
758 4439 972 4510 ἀναφὴς
998 4441 1093 4494 καὶ
1121 4443 1560 4514 ἀσχημάτιστος,
1580 4445 1765 4513 ἄπαγε
1787 4459 1802 4476 ο

1888 1961 2142 2017 Christus
2175 1971 2496 2030 corporales
2547 1970 2698 2024 erat,
2745 1961 2933 2029 utique
2983 1957 3035 2014 in
3095 1960 3212 2013 loco
3261 1968 3375 2012 erat
3421 1968 3475 2010 et

1891 2052 2361 2120 circumscriptus.
2388 2051 2520 2105 Nam
2551 2049 2701 2105 locus
2727 2051 2995 2105 terminus
3011 2058 3093 2102 est
3119 2048 3472 2108 continentis,

1891 2154 2162 2214 quatenus
2194 2144 2468 2209 continet,
2508 2153 2563 2199 et
2611 2142 2863 2198 terminis
2909 2142 3252 2205 continetur,
3280 2153 3478 2193 secun-

1893 2238 2018 2292 dntn
2051 2252 2146 2290 eas
2177 2236 2376 2305 quibus
2403 2234 2706 2304 prteiinitur
2735 2234 3049 2289 relationes.

1966 2327 2050 2383 19.
2088 2327 2241 2384 Patet
2295 2331 2478 2400 igitur,
2516 2331 2794 2388 Christum
2849 2345 3064 2402 quoque
3098 2345 3226 2384 vere
3280 2337 3334 2383 et
3368 2344 3472 2380 non

1891 2430 2223 2490 apparenter
2269 2436 2468 2492 corpus
2512 2434 2758 2478 nostrmu
2815 2429 3139 2490 gestantem,
3193 2420 3376 2486 aliquo
3421 2418 3474 2471 in

1895 2511 2014 2566 loco
2072 2514 2466 2583 cxsistentem,
2523 2531 2629 2569 non
2682 2514 2854 2569 fuisse
2904 2514 3106 2582 ubique
3169 2509 3475 2582 corporali--

1897 2611 1977 2656 ter
2006 2619 2020 2657 :
2050 2605 2248 2674 quibus
2269 2620 2334 2661 ex
2367 2605 2620 2660 omnibus
2653 2615 2864 2661 constat
2893 2621 3014 2658 cunt
3050 2603 3216 2658 fuisse
3244 2605 3342 2657 ('il‘t
3362 2620 3480 2656 unt-

1894 2695 2182 2764 scriptum.
2220 2697 2373 2764 Quod
2423 2699 2468 2752 si
2519 2699 2686 2752 nolint
2739 2698 3013 2761 conﬁteri,
3053 2697 3219 2751 alium
3261 2697 3476 2750 nodum

1897 2788 2234 2852 narrabunt,
2290 2789 2493 2844 infelici
2565 2789 2889 2846 Docctarmn
2955 2805 3143 2845 errore
3211 2788 3480 2842 furialiter

1896 2879 2128 2948 abrepti,
2165 2879 2448 2949 pbauta~ia
2483 2889 2692 2935 tantum
2720 2880 3014 2949 contigisse
3041 2879 3254 2934 Domini
3292 2879 3478 2930 incar-

1897 2973 2171 3026 natioucm
2216 2983 2270 3027 et
2293 2974 2701 3028 rrucilixiouem
2739 2974 3102 3028 somniantes.
3135 2970 3268 3025 Nam
3318 2969 3479 3024 Chri-

1898 3071 2038 3116 stum
2087 3062 2228 3116 hand
2259 3063 2425 3116 fuisse
2475 3063 2796 3118 crucifixum
2853 3061 3136 3132 lmaginati
3185 3071 3341 3128 sunt;
3386 3061 3480 3113 Sed

1902 3157 2075 3226 ipsum
2108 3159 2324 3227 quidem
2378 3158 2430 3212 in
2481 3164 2668 3212 'moute
2721 3158 3002 3212 sedentem
3055 3154 3270 3209 Ju:l:ros
3325 3151 3470 3207 deri-

1900 3248 2070 3312 sisse,
2102 3264 2200 3302 reu
2231 3248 2319 3317 qui
2348 3248 2624 3303 Simonem
2651 3247 3004 3319 (Cyreumum
3029 3243 3048 3308 )
3075 3243 3478 3312 cruciﬁgentes.

1903 3347 2154 3408 putarent
2185 3339 2458 3396 Christum
2489 3339 2826 3394 cruciﬁxisse
2865 3333 3100 3410 (97-98).
3161 3334 3276 3388 Non
3319 3333 3482 3404 igitur

1903 3429 2066 3484 habet
2117 3427 2368 3486 Christus
2419 3447 2447 3484 a
2509 3429 2665 3484 nobis
2712 3427 3320 3496 circumscriptionem;
3386 3440 3485 3478 nec

1901 3522 2026 3590 quia
2074 3536 2105 3576 a
2153 3523 2309 3577 nobis
2360 3522 2544 3593 imago
2595 3519 2714 3589 ejus
2746 3521 2988 3595 pingitur
3023 3520 3138 3574 sive
3195 3517 3484 3585 sculpitur,

1903 3613 2109 3666 idcirco
2157 3613 2204 3667 is
2242 3623 2328 3668 est
2358 3613 2826 3682 circumscriptus.
2867 3609 3032 3667 Valde
3064 3611 3250 3680 itaque
3279 3623 3486 3676 nttgau-

1904 3714 1992 3759 tur
2037 3705 2090 3760 bi
2133 3705 2316 3760 stolidi
2374 3705 2484 3776 33
2532 3713 2583 3760 et
2630 3691 2840 3774 ignari,
2891 3703 3150 3772 omnique
3207 3701 3484 3755 intellectu

1904 3797 2072 3864 cassi,
2118 3812 2296 3866 neque
2345 3797 2652 3852 furentlbns
2696 3796 2966 3862 saniores,
3018 3793 3134 3848 Non
3175 3807 3305 3861 ergo
3345 3807 3444 3845 nos
3466 3831 3496 3856 ,_

1903 3891 2150 3959 inquam,
2175 3888 2452 3946 Christum
2477 3888 2985 3944 circumscribimus
3014 3905 3027 3941 :
3053 3890 3322 3955 quomodo
3342 3883 3485 3937 enim

1906 3980 1958 4036 id
1995 3979 2172 4045 ﬁeret,
2221 3994 2286 4034 eo
2333 3977 2695 4048 corporaliter
2730 3992 2836 4031 non
2873 3985 3142 4046 praesente
3166 3973 3325 4028 ?‘S-.-d
3363 3989 3491 4028 eum

1905 4073 2267 4136 deliueamus,
2305 4085 2424 4126 non.
2461 4080 2732 4141 quatenus
2776 4069 2847 4124 sit
2875 4069 3342 4136 Cit‘ClltltSCl‘ipltlS.
3393 4067 3491 4120 sed

1909 4173 2178 4234 quatenus
2222 4173 2416 4219 natura
2463 4180 2558 4220 sua
2591 4165 2664 4216 ita
2716 4172 3064 4234 comparatus
3100 4169 3184 4215 est
3235 4170 3291 4216 ut
3322 4161 3490 4229 possit

1909 4256 2193 4314 delineari.
2225 4255 2318 4312 Sic
2342 4255 2487 4310 enim
2517 4255 2628 4327 jam
2656 4254 3039 4310 vocabulorum
3073 4264 3264 4308 sensus
3291 4253 3491 4308 clarius

1910 4357 2174 4418 pateseet.
2207 4345 2286 4401 Ita
2324 4348 2489 4400 etiam
2514 4347 2722 4403 tirones
2753 4360 2904 4410 etnn,
2940 4357 3046 4399 non
3080 4354 3350 4414 quatenus
3383 4345 3492 4398 cir-

1911 4443 2326 4510 cumscriptum,
2356 4440 2451 4494 sed
2481 4449 2752 4508 quatenus
2777 4437 3036 4493 dclineari
3061 4446 3257 4506 potest,
3284 4437 3494 4491 cunctis

183 4531 655 4606 παραφροσύνης
685 4531 794 4604 γὰρ
833 4533 993 4587 τοῦτό
1017 4535 1214 4604 γε,καὶ
1239 4537 1339 4606 τῆς
1371 4537 1602 4590 ἁπασῶν
1635 4537 1796 4612 ἐσχά-

1915 4536 2220 4589 notiiicant.
2258 4533 2474 4602 Nosque
2511 4532 2646 4586 adeo
2677 4531 2830 4585 illum
2882 4529 3178 4600 ﬁguramus
3203 4572 3218 4597 ,
3246 4545 3350 4582 non
3389 4544 3494 4596 qua

180 4637 276 4694 της
333 4625 638 4689 ἀπονοίας
693 4623 1267 4704 ἀνάμεστον),ἁλλ’ᾖ
1316 4627 1608 4701 ἄνθρωπος
1661 4631 1820 4684 κατὰ.

182 4717 368 4771 πάντα
403 4717 852 4789 πεφανέρωται.
881 4721 994 4790 Οὐχ
1018 4721 1214 4790 ῶσπερ
1244 4721 1322 4791 τῷ
1357 4720 1612 4792 Ἀϐραὰμ
1641 4719 1804 4790 ῶιρϐη

182 4805 271 4860 καὶ
295 4811 428 4873 τοῖς
478 4809 818 4880 προφήταις
855 4812 914 4864 ὲν
939 4809 1070 4865 εῖδει
1099 4811 1392 4884 ἀνθρώπου
1415 4855 1430 4879 ,
1465 4813 1601 4877 ἀλλ’,
1622 4813 1703 4866 ὅτι
1745 4813 1808 4866 Ὀ

179 4899 379 4969 Λόγος
432 4900 624 4969 σὰρξ
672 4901 912 4972 ἐγένετο
941 4944 954 4968 ,
993 4903 1094 4958 καὶ
1127 4905 1484 4972 ἐσκήνωσεν
1517 4905 1587 4960 ἐν
1637 4905 1802 4974 ἡμῖν.

181 4989 306 5058 Καὶ,
359 5011 386 5046 α
445 4993 522 5047 '0
579 4992 756 5062 Λόγος
806 4994 1144 5064 παχύνεται,
1195 5015 1212 5046 ι
1247 4998 1274 5050 ὅ
1315 4999 1470 5058 ἐστι,
1525 4997 1624 5066 τὴν
1673 4987 1806 5048 ’καθ’

177 5086 322 5154 ἡμᾶς
361 5087 590 5160 σάρκα
618 5085 927 5159 πεφόρεκε·
953 5089 1068 5154 καὶ,
1101 5108 1117 5139 ι
1141 5089 1201 5141 ’0
1227 5089 1470 5160 ἄναρχος
1495 5087 1751 5158 ἄρχεταιο
1786 5106 1803 5136 ι

239 5240 477 5315 (97:98)
500 5237 906 5315 Animadverte
933 5239 1466 5315 insigniterimpiam
1488 5241 1810 5315 Docctarunt

176 5310 266 5366 sou
331 5310 878 5368 Phantasiastarum
929 5311 1182 5375 tabulam,
1223 5312 1366 5367 haud
1396 5314 1510 5368 scio
1567 5329 1632 5365 an
1684 5311 1809 5364 alibi

177 5393 613 5440 memoratam.
636 5379 839 5434 Revera
860 5380 1250 5436 Phantasiastte
1287 5383 1574 5437 humanam
1606 5381 1808 5436 Christi

179 5467 445 5510 naturain
475 5462 784 5520 negantes,
806 5451 923 5518 ejus
943 5467 1159 5520 quoque
1189 5455 1495 5520 passionem
1529 5467 1592 5505 ac
1621 5468 1805 5506 necem

177 5533 630 5596 consequenter
653 5522 1006 5596 reﬁciebant;
1031 5531 1194 5591 atque
1213 5523 1286 5575 ita
1316 5523 1594 5596 ludibundi
1617 5537 1808 5596 propec

178 5590 406 5650 tnodmit
446 5610 528 5648 ac
569 5590 718 5646 male
747 5590 924 5644 feriati
973 5590 1120 5646 hanc
1140 5607 1354 5661 quoque
1399 5592 1644 5662 Cyrenaei
1685 5607 1806 5660 sup-

179 5668 535 5728 positionem
641 5663 1124 5730 excogitaverunt;
1183 5663 1284 5716 nisi
1327 5662 1483 5728 ,l’orte
1545 5663 1714 5728 ipsam
1778 5678 1808 5715 a

179 5731 521 5794 litauit-limis
561 5733 730 5801 quasi
780 5731 1024 5786 lneredes
1075 5741 1422 5800 acceperant.
1483 5733 1806 5786 Phantasia-

185 5820 291 5865 stas
323 5809 622 5866 Severus
655 5802 970 5870 patriarcha
1001 5802 1376 5860 Antiochenus
1412 5801 1567 5858 libris
1613 5813 1802 5856 contra

1915 4627 2152 4683 Verbum
2181 4636 2262 4682 est
2291 4637 2346 4681 et
2377 4627 2554 4690 Dens;
2583 4623 2685 4678 hac
2707 4624 2909 4678 etenim
2940 4623 3151 4678 ratione
3183 4622 3494 4686 invisibilis,

1917 4717 2281 4790 intangibilis,
2339 4727 2394 4772 et
2437 4716 2642 4786 absque
2673 4714 2846 4770 forma
2895 4724 2978 4768 est
3017 4713 3198 4785 (absit
3251 4715 3378 4778 hoc,
3417 4713 3498 4768 in-

1915 4827 2108 4865 sanum
2145 4810 2342 4878 quippe
2363 4817 2527 4871 esset,
2560 4817 2614 4860 et
2653 4823 2864 4862 su-uma
2896 4808 3166 4860 dementia
3203 4807 3416 4876 pieuum
3439 4805 3492 4874 );

1917 4901 2010 4954 sed
2043 4911 2310 4970 quatenus
2352 4900 2517 4954 homo
2548 4896 2750 4964 factus,-
2782 4897 2980 4966 ubique
3016 4897 3114 4952 iuit
3146 4898 3494 4966 cunspicuus.

1917 4984 2032 5048 Non
2087 4996 2230 5047 sicut
2277 4991 2592 5046 Abt'ahamo
2617 4990 2779 5052 ,visus
2812 4998 2894 5044 est
2939 5000 3104 5060 atque
3132 4991 3410 5060 prophetis
3445 4991 3502 5042 iu«

1923 5083 2158 5138 hominis
2200 5081 2381 5152 specie
2403 5121 2422 5148 ,
2444 5081 2539 5135 sed
2595 5077 2720 5147 quia
2750 5078 2970 5136 Verbum
3005 5097 3129 5135 caro
3160 5081 3362 5150 factum
3397 5089 3498 5144 est,

1914 5237 2188 5293 Juliannm
2271 5235 2443 5291 lialic.
2502 5235 2829 5304 pulsaverat,
2883 5247 2936 5290 et
2993 5253 3114 5291 cn-n
3163 5237 3487 5291 'iliauichzeis

1917 5310 2228 5377 conspirare
2252 5309 2760 5377 demonstraverat;
2791 5322 2926 5376 quos
2962 5307 3130 5362 libros
3163 5325 3258 5361 nos
3291 5309 3489 5374 partim

1915 5375 2184 5432 edidimus
2230 5377 2417 5446 Spicil.
2476 5375 2628 5432 Rern.
2668 5386 2706 5430 l.
2763 5377 2829 5432 Χ.
2863 5377 3006 5431 Idem
3064 5377 3270 5432 fert-rat
3321 5379 3488 5430 etiam

1913 5451 2251 5505 Theodosius
2283 5451 2590 5518 patriarcha
2622 5450 3042 5512 Alexandrinus,
3077 5447 3230 5515 cujus
3256 5448 3486 5518 Ascripm

1909 5521 1960 5574 iu
2020 5516 2594 5574 Arabicis‘coditribus
2668 5521 2862 5586 partim
2921 5522 3190 5572 novimus.
3243 5516 3491 5584 Cumque

1909 5591 2213 5645 bilueretici
2239 5591 2550 5643 Armeniam
2572 5604 2786 5656 quoque
2817 5589 3306 5652 contaminassent,
3343 5589 3490 5641 refu-

1921 5663 2016 5713 tati
2036 5670 2156 5714 sunt
2185 5661 2384 5714 saeculo
2408 5669 2600 5712 octavo
2618 5674 2644 5710 a
2668 5659 2974 5726 patriarcha
2996 5659 3204 5712 Joanne
3227 5659 3489 5712 Uauicnsi

1918 5747 1978 5784 ea
2005 5731 2265 5798 pra-clara
2309 5730 2574 5792 oratione,
2621 5743 2739 5796 qme
2773 5728 2910 5796 typis
2948 5727 3054 5798 PP.
3088 5727 3492 5784 Mecltitat‘ista-

1919 5796 2036 5854 runt
2077 5799 2316 5855 Vcrt‘tiis
2345 5808 2467 5853 ante
2505 5799 2600 5852 bos
2635 5812 2804 5852 annus
2830 5796 3048 5866 prodiit.
