4072 6324
520 344 626 410 375

543 503 936 524 Ἦ

1546 360 1607 421 S.
1651 361 2074 425 NICEPHORI
2110 367 2621 429 PATRIARCH/E
2658 371 2768 432 ΕΡ.

1633 660 2268 759 ΑΝΤΙΡΡΗΣΙΣ
2341 630 2708 759 TPITH.

2100 883 2173 896 .-

1314 1021 2301 1122 ANTIRRHETICUS
2412 962 2969 1126 TERTIUS.

590 1363 701 1436 85
718 1364 823 1420 Sed
841 1364 984 1420 enim
1011 1366 1408 1426 incredulitatis
1425 1370 1763 1439 defensores,
1786 1374 1880 1442 qui
1904 1388 2088 1429 rerum
2121 1381 2168 1438 Α

520 1459 686 1514 etiam
719 1459 932 1515 cunctis
956 1459 1367 1531 perspicuarum
1396 1464 1903 1535 etpervulgatarnm
1942 1480 2103 1519 accu-

523 1559 673 1609 ratas
756 1553 1255 1609 demonStrationes
1312 1556 1624 1625 requirunt,
1668 1557 1758 1625 qui
1824 1557 2099 1624 negotium

524 1640 826 1710 impietatis
857 1656 971 1696 suae
1024 1640 1252 1708 iaciunt,
1288 1652 1559 1700 rectorum
1596 1643 1854 1698 Ecclesia:
1883 1646 2104 1713 dogma-

525 1739 637 1785 tum
661 1733 1070 1786 subversionem
1095 1749 1111 1799 ;
1147 1741 1310 1802 atque
1337 1732 1410 1786 ita
1435 1748 1532 1787 ceu
1562 1734 1934 1805 eloquentium
1965 1735 2100 1789 vali-

526 1823 827 1892 dorumque
864 1822 1314 1891 dogmatistarum
1356 1824 1588 1894 gloriam
1627 1827 1770 1895 apud
1801 1840 1916 1890 eos,
1966 1841 2105 1895 quos

527 1913 824 1983 decipiunt,
879 1923 1163 1980 venantes,
1232 1916 1521 1982 statim,ac
1583 1920 1652 1972 ab
1702 1920 1820 1987 ipsa
1872 1919 2106 1973 veritate

528 2013 901 2075 roarguuntnr
965 2015 1133 2076 atque
1200 2018 1545 2077 premuntur,
1623 2007 1694 2062 ad
1753 2007 2100 2067 inordinatus

528 2098 956 2166 disceptationes
1003 2108 1058 2153 et
1095 2098 1473 2167 intempestiva
1529 2111 1847 2169 argumenta
1888 2107 2108 2154 vertun-

528 2198 639 2251 tur,
664 2189 1029 2260 proianasque
1056 2191 1443 2246 vocabulorum
1467 2192 1736 2249 novitates
1757 2190 2103 2256 concinnant,

525 2278 829 2351 stultasque
882 2291 938 2336 et
1003 2280 1212 2352 ineptas
1268 2280 1451 2337 lt05tili
1510 2280 1777 2337 adversus
1827 2279 2105 2336 Christum

526 2372 710 2441 lingua
770 2373 1097 2443 qumstiones
1149 2381 1519 2437 commovent,
1552 2373 1701 2428 circa
1754 2372 1915 2428 ﬁdem
1970 2388 2007 2427 a
2045 2386 2106 2427 se

527 2465 793 2534 alijectam
845 2465 1317 2535 naufragantes“,
1367 2465 1503 2520 nihil
1554 2465 1792 2521 scientes
1842 2465 1937 2519 sed
1987 2463 2108 2518 lan-

528 2567 773 2625 guentes,
801 2566 859 2610 ut
887 2571 1055 2611 sacrze
1090 2555 1308 2612 Littera:
1325 2557 1476 2611 aiunt
1498 2557 1565 2621 ¹⁸,
1594 2557 1752 2611 circa
1778 2557 2106 2627 qumstimtes

528 2653 583 2700 et
615 2662 822 2718 pugnas
852 2647 1164 2702 verborum.
1194 2648 1556 2714 Quamobrem
1590 2649 1747 2703 nobis
1776 2663 1834 2702 se
1864 2646 2109 2701 addubi—

532 2749 710 2794 tantes
732 2738 1028 2807 exhibent;
1058 2748 1224 2809 atque
1251 2739 1394 2793 unde
1437 2738 1595 2795 nobis
1636 2739 1929 2808 imaginum
1962 2739 2101 2798 ratio
2138 2729 2179 2783 Β

530 2836 688 2900 caput
738 2828 917 2885 fuerit
937 2831 1303 2900 interrogant,
1338 2838 1390 2885 et
1417 2830 1560 2884 unde
1591 2832 1830 2899 ipsarum
1875 2844 2107 2885 venera-

529 2922 610 2977 tio
633 2922 833 2977 tradita
856 2921 879 2977 ί
908 2933 1197 2993 sperantes
1211 2922 1425 2979 scilicet
1451 2922 1607 2978 nobis
1630 2923 1697 2977 ad
1718 2922 1918 2977 incitas
1953 2923 2108 2977 reda-

531 3013 635 3069 ctis
670 3012 921 3069 ﬁduciam
959 3012 1293 3070 defuturam.

603 3106 655 3159 1.
683 3105 815 3177 Age,
836 3120 987 3173 vero,
1026 3107 1337 3175 hujusmodi
1382 3108 1693 3177 qumstioni.
1725 3118 2100 3165 consentaneo

532 3213 634 3254 nos
663 3212 881 3270 quoque
913 3214 1169 3257 sermone
1203 3201 1615 3271 respondemus.
1653 3199 1933 3259 Undenam
1960 3200 2112 3256 vobis

536 3290 976 3361 evangelicornm
1007 3290 1273 3347 librorum
1312 3291 1583 3356 inventio,
1621 3303 1675 3348 et
1712 3292 1800 3347 illa
1832 3307 1992 3361 quam
2026 3294 2111 3348 his

534 3382 807 3438 adhibetis
832 3383 1111 3439 veneratio
1130 3383 1505 3439 demonstrata
1537 3383 1660 3449 fuit,
1694 3384 1935 3454 itemque
1968 3399 2103 3439 crux

533 3483 590 3529 et
647 3488 983 3544 quaecunque
1045 3475 1153 3530 alia
1230 3476 1283 3531 in
1336 3476 1774 3531 Christianorum
1862 3476 2106 3531 Ecclesia

536 3567 802 3638 obsequio
862 3567 1126 3637 cultuque
1183 3562 1460 3639 gaudent?
1508 3567 1638 3635 Quae
1687 3583 1811 3624 cum
1862 3569 2111 3631 audiunt,

537 3671 934 3730 exasperantur
959 3661 1275 3731 plurimum,
1317 3670 1372 3716 et
1400 3676 1524 3717 cum
1576 3661 1655 3716 ira
1700 3660 1966 3716 delininnt
2002 3674 2109 3716 non

536 3766 658 3808 esse
687 3755 755 3807 de
786 3751 871 3807 his
907 3752 1321 3819 sciscitandum,
1356 3759 1661 3808 metuentes
1688 3751 1901 3807 scilicet
1948 3766 2017 3807 ne
2060 3751 2113 3805 in

539 3844 791 3900 eamdem
827 3844 1108 3901 nobiscum
1143 3845 1575 3901 controversiam
1611 3844 1875 3900 incidant.
1912 3844 2115 3898 Deinde

536 3938 693 4010 quasi
715 3937 937 3993 aliunde
974 3952 1081 3992 non
1122 3936 1337 4007 possint
1360 3939 1594 3992 evadere
1620 3941 1775 4006 (nam
1811 3936 1940 4010 quid
1966 3934 2114 3989 aliud

2278 1374 2420 1428 Ἀλλ’
2444 1374 2495 1427 οἱ
2516 1373 2615 1444 τῆς
2639 1374 2900 1438 ἀπιστίας
2924 1376 3319 1445 προασπισταὶ,
3350 1377 3444 1430 καὶ
3470 1377 3578 1431 τῶν
3631 1381 3779 1449 παρά

2204 1467 2342 1518 πᾶσι
2377 1466 2839 1536 κατειλημμένων
2864 1468 2959 1520 καὶ
2986 1468 3513 1539 δεδημοσιευμένωγ
3532 1471 3781 1541 ἀκριϐεῖς

2203 1556 2567 1620 ἀπαιτοῦντες
2608 1556 2709 1620 τὰς
2753 1557 3103 1623 ἀποδείξεις,
3156 1561 3345 1631 ἐπειδὴ
3400 1561 3632 1631 μελέτην
3680 1563 3783 1631 τῆς

2203 1646 2461 1711 ἀσεϐείας
2486 1647 2671 1702 αὐτῶν
2708 1646 3010 1716 ποιοῦνται,
3046 1650 3113 1702 τά
3145 1649 3283 1720 ὀρθά
3311 1650 3411 1720 τῆς
3452 1652 3781 1721 Ἐκκλησίας

2198 1739 2570 1811 νπαρευθύνειν
2598 1741 2867 1811 δόγματα,
2889 1741 2987 1813 τὴν
3016 1744 3080 1795 ἐκ
3098 1742 3193 1796 τοῦ
3221 1744 3369 1810 δόξαι
3392 1743 3601 1807 δεινούς
3622 1761 3779 1805 τινας

2206 1833 2303 1886 καὶ
2334 1832 2550 1905 δριμεῖς
2596 1827 2736 1886 εἶναι
2763 1833 3134 1904 δογματιστάς
3163 1836 3316 1906 παρά
3350 1835 3457 1888 τῶν
3494 1835 3781 1900 ἐξαπατω-

2208 1925 2388 1995 μένων
2400 1924 2562 1989 δόξαν
2588 1923 2920 1995 θηρώμενοι,
2938 1927 3069 1982 ὅταν
3093 1927 3186 1980 ὑπ’
3208 1927 3380 1996 αὐτῆς
3398 1928 3498 1997 τῆς
3523 1927 3782 1997 ἀληθείας

2206 2015 2537 2086 ἐλέγχωνται
2570 2017 2665 2070 καὶ
2697 2016 2994 2081 πιέζωνται
3017 2058 3032 2083 ,
3074 2017 3214 2090 πρὸς
3245 2018 3475 2090 ἐρεύνας
3510 2019 3782 2083 ἀτάκτους

2206 2109 2300 2162 καὶ
2319 2108 2625 2175 ἀποδείξεις
2652 2109 2920 2181 ἀκαίρους
2945 2112 3391 2181 περιτρέπονται,
3428 2110 3691 2181 βεϐήλους
3722 2128 3782 2164 τε

2206 2202 2540 2270 κενοφωνίας
2559 2201 2889 2264 συντιθέασι,
2918 2203 3010 2255 καὶ
3035 2202 3169 2272 πρὸς
3193 2201 3453 2273 ζητήσεις
3476 2203 3666 2273 μωρὰς
3689 2204 3784 2255 καὶ

2206 2293 2570 2355 ἀπαιδεύτους
2617 2294 2719 2363 τὴν
2747 2293 3134 2365 Χριστομάχον
3174 2294 3427 2362 γλῶσσαν
3473 2295 3779 2366 προΐενται,

2207 2386 2338 2457 περὶ
2367 2386 2467 2458 τὴν
2511 2386 2695 2441 πίστιν
2724 2386 3060 2457 ἀπωσμένην
3111 2386 3297 2446 αὐτοῖς
3344 2391 3775 2457 ναυαγήσαντες,

2211 2476 2375 2548 μηδὲν
2415 2477 2792 2546 ἐπιστάμενοι,
2829 2475 3123 2537 νοσοῦντες
3140 2476 3199 2528 δὲ
3223 2516 3239 2540 ,
3275 2477 3418 2530 κατᾶ
3449 2479 3511 2529 τὸ
3543 2476 3785 2547 Γράμμα

2207 2568 2267 2622 τὸ
2298 2568 2466 2640 ἱερὸν,
2498 2567 2891 2638 περιξητήσεις
2924 2567 3080 2639 [περὶ
3099 2567 3382 2639 ζητήσεις]
3419 2568 3514 2621 καὶ
3545 2567 3783 2637 λογομα-

2210 2659 2355 2728 χίας.
2391 2657 2483 2723 Ἐξ
2508 2652 2584 2712 ὧν
2612 2657 2969 2729 διαποροῦσιν
3000 2661 3156 2729 ἡμῖν,
3195 2658 3368 2712 Πόθεν
3408 2660 3538 2729 ὑμῖν
3567 2661 3786 2712 ἀνιστο-

2209 2750 2420 2820 ρεῖσθαι
2474 2751 2572 2814 τὰς
2620 2750 2837 2815 εἰκόνας
2880 2752 3302 2824 παρείληπται,
3364 2751 3461 2805 καὶ
3506 2753 3539 2822 ἠ
3578 2751 3787 2804 τούτων

2209 2837 2580 2910 προσκύνησις
2605 2839 3002 2909 παραδέδοταις
3033 2838 3212 2891 ἐλπίδι
3235 2836 3361 2903 τοῦ,
3389 2837 3527 2909 πρὸς
3563 2837 3623 2890 τὸ
3644 2837 3790 2905 ἀμή-

2210 2945 2372 3001 χανον
2403 2930 2656 2984 ἐντεῦθεν
2688 2930 3086 3001 περιωσμένων
3121 2930 3153 2999 ἡ
3165 2929 3300 2999 μῶν,
3330 2927 3429 2999 τὴν
3461 2926 3783 2999 παρρησίαν

2212 3023 2617 3093 περιαιρήσειν.

2280 3121 2350 3171 α’.
2406 3116 2493 3181 Ἐξ
2527 3111 2623 3169 οὖν
2645 3115 2746 3181 τῆς
2793 3115 3197 3186 ἐπαπορήσεως
3237 3111 3330 3167 τοῦ
3379 3112 3542 3180 λόγου
3570 3108 3631 3162 τό
3657 3107 3787 3162 ἀκό-

2212 3205 2401 3260 λουθον
2432 3208 2564 3277 ἡμῖν
2593 3206 2888 3270 ἐνδιδόντος
2918 3204 3385 3277 ἀνθυποφέρομεν
3406 3219 3420 3233 ·
3457 3200 3627 3256 Πόθεν
3657 3200 3789 3269 ὑμῖν

2212 3299 2321 3353 τῶν
2363 3298 2741 3367 εὐαγγελικῶν
2796 3297 2996 3368 βίϐλων
3036 3300 3069 3369 ὴ
3105 3296 3395 3369 ἐφεύρεσις
3421 3333 3435 3357 ,
3469 3292 3567 3346 καὶ
3596 3293 3629 3362 ἡ
3654 3290 3787 3360 περὶ

2214 3390 2419 3453 ταύτας
2448 3391 2514 3461 ἦν
2536 3390 2775 3443 ποιεῖσθε
2814 3390 3186 3461 προσκύνησις
3208 3385 3652 3458 παραδέδεικται,
3679 3382 3708 3435 ὃ
3725 3397 3788 3436 τε

2217 3482 2451 3552 σταυρὸς
2475 3519 2491 3545 ,
2540 3481 2636 3534 καὶ
2681 3480 2850 3535 τᾶλλα
2886 3480 3065 3533 ὁπόσα
3101 3481 3159 3533 ἐν
3194 3480 3263 3549 τῇ
3298 3477 3406 3530 τῶν
3440 3472 3786 3546 Χριστιανῶν

2228 3573 2529 3645 Ἐκκλησία
2554 3573 2616 3626 τὸ
2644 3572 2810 3636 σέϐας
2836 3574 2932 3627 καὶ
2969 3572 3067 3643 τὴν
3107 3570 3481 3643 προσκύνησιν
3518 3566 3785 3637 ἀποφέρε-

2215 3683 2307 3719 ται
2331 3683 2346 3732 ;
2374 3665 2492 3734 Ἐφ’
2514 3658 2596 3728 οἷς
2621 3665 2699 3727 ὡς
2732 3664 2965 3717 πλεῖστα
2999 3660 3395 3735 τραχυνόμενοι
3429 3677 3487 3713 τε
3511 3658 3606 3714 καὶ⁸
3628 3657 3787 3729 χαλε-

2216 3757 2501 3820 παίνοντες
2528 3755 2942 3826 νομοθετοῦσιν.
2971 3754 3049 3817 ὡς
3067 3755 3169 3808 οὐκ
3194 3752 3313 3818 ἐξὸν
3337 3751 3546 3806 τούτων
3577 3750 3782 3805 πυνθά-

2216 3847 2401 3901 νεσθαι
2434 3846 2642 3910 ἕνεκεν,
2688 3846 2764 3917 μη
2794 3848 2905 3910 τοῖς
2953 3845 3136 3907 αὐτοῖς
3166 3845 3300 3913 ἡμῖν
3325 3841 3675 3913 περιπέσοιεν
3706 3840 3789 3893 λό-

2218 3954 2337 4008 γοις
2365 3938 2780 4009 εὐλαϐούμενοι.
2805 3933 2937 3991 Εἶτα
2967 3937 3041 4001 ὡς
3075 3936 3175 3990 οὐκ
3197 3936 3316 3989 ἐνὸν
3344 3936 3529 3997 αὐτοῖς
3551 3932 3790 4011 ἑτέρωσέ

539 4032 723 4086 dicere
772 4030 1031 4104 queant?)
1068 4031 1134 4086 ad
1169 4030 1517 4089 traditionem
1550 4028 1911 4100 confugiunt;
1953 4037 2116 4099 prout

2219 4050 2311 4086 ποι
2331 4031 2599 4103 προϊέναι,
2640 4032 2713 4098 (τί
2733 4031 2843 4103 γὰρ
2864 4030 2930 4086 ἂν
2954 4031 3049 4085 καὶ
3071 4029 3280 4083 εἴποιεν
3310 4028 3497 4100 ἕτερον
3516 4026 3557 4097 ς)
3571 4028 3664 4078 ἐπὶ
3690 4025 3793 4095 τὴν

538 4122 785 4179 homines
812 4121 989 4178 solent
1035 4136 1259 4178 carcere
1287 4121 1474 4178 emissi
1528 4120 1619 4191 qui
1671 4120 1740 4175 ad
1777 4121 2013 4189 spatiosa
2060 4126 2117 4174 et

2221 4124 2518 4197 παράδοσιν
2569 4124 2979 4195 αὐτομολοῦσι·
3032 4123 3288 4193 καθάπερ
3327 4122 3377 4174 ot
3424 4119 3531 4173 τῶν
3572 4116 3792 4186 δεσμῶν

539 4212 707 4270 libera
748 4212 866 4268 loca
905 4212 1223 4274 decurrunt,
1261 4220 1426 4282 atque
1447 4210 1752 4266 Ecclesium
1779 4209 1890 4279 jam
1933 4210 2060 4263 inde
2088 4224 2118 4262 a

2220 4217 2530 4288 ἀφιέμενοι.
2564 4217 2658 4269 ἐπὶ
2686 4217 2749 4270 τὸ
2777 4216 3064 4286 ἀνειμένον
3090 4215 3409 4283 ἐπείγονται
3441 4212 3537 4265 καὶ
3570 4208 3791 4263 ἐλεύθεο

539 4304 861 4375 primordiis
916 4303 1229 4376 suscepisse
1279 4304 1541 4373 scriptam
1599 4302 1652 4357 in
1706 4301 1815 4356 illis
1850 4301 2007 4355 libris
2057 4315 2121 4357 ac

2225 4329 2339 4384 ρον,
2368 4314 2465 4366 καὶ
2497 4313 2558 4367 τὸ
2587 4314 2682 4366 ἀπ’
2715 4313 2892 4384 ἀρχῆς
2909 4311 3155 4382 δεδέχθαι
3188 4310 3286 4380 τὴν
3328 4305 3655 4373 Ἐκκλησίαν
3692 4303 3794 4373 τὴν

541 4396 948 4453 manifestatam
989 4395 1244 4462 gratiam,
1298 4393 1653 4463 respondent.
1702 4392 1875 4447 Porro
1923 4394 1970 4446 si
1997 4393 2121 4461 quis

2222 4407 2622 4478 γεγραμμένην
2651 4406 2711 4459 ὲν
2736 4408 2920 4470 αὐτοῖς
2949 4406 3043 4459 καὶ
3069 4403 3410 4474 δηλουμένην
3444 4400 3626 4471 χάριν,
3658 4406 3787 4469 προ-

539 4489 773 4545 istorum
802 4486 1243 4542 incredulitatem
1274 4495 1442 4554 atque
1489 4484 1859 4552 insipientiam
1885 4493 2118 4553 spectet,

540 4595 673 4636 sane
715 4580 859 4635 dicet
900 4593 1037 4647 opus
1089 4590 1211 4631 esse
1239 4576 1370 4646 ipsis
1428 4574 1702 4646 scriptura
1733 4576 1860 4641 alia,
1904 4576 2121 4645 aliaque

539 4683 817 4740 utcunque
850 4669 1338 4749 demonstratione,
1385 4684 1507 4740 quae
1539 4669 1912 4740 consignatam
1944 4669 2120 4724 Evan-

539 4764 697 4836 geliis
726 4763 1010 4818 veritatem
1041 4770 1336 4823 atlestctur
1364 4763 1860 4833 atqueconfirmet:
1899 4779 2120 4819 rursus-

540 4873 648 4927 que
681 4856 809 4912 huic
836 4858 1092 4911 secunda:
1138 4856 1428 4927 scriptura:
1460 4871 1597 4924 opus
1622 4871 1747 4912 esse
1780 4855 1911 4933 alia,
1949 4866 2113 4926 atque

541 4950 617 5004 ita
657 4950 710 5004 in
750 4948 1019 5004 infinitum
1058 4950 1378 5019 procedere.

611 5039 719 5096 Sed
747 5040 852 5096 hoc
884 5055 1016 5096 sane
1048 5040 1290 5108 ipsorum
1319 5041 1535 5112 ineptiis
1565 5042 1951 5099 concedamus.
1983 5042 2121 5097 Tra-

505 5138 509 5142 ’
541 5134 804 5190 ditionem
828 5134 1196 5204 praetendunt,
1240 5151 1403 5205 quam
1442 5135 1494 5190 iu
1527 5136 1689 5191 rebus
1722 5136 1824 5191 sibi
1860 5135 2122 5206 jucundis

540 5228 649 5281 vim
695 5227 900 5283 habere
938 5226 1152 5293 volunt,
1192 5227 1247 5281 in
1314 5227 1560 5285 molestis
1616 5238 1799 5285 autem
1836 5227 2128 5298 repudiare

541 5328 816 5391 satagunt.
848 5320 1014 5390 Atqui
1050 5320 1103 5375 in
1129 5321 1347 5378 cunctis
1370 5320 1513 5376 idem
1545 5319 1851 5391 subjectum
1881 5327 1987 5383 est,
2029 5334 2126 5389 par

2219 4500 2492 4568 ῖσχονται.
2522 4493 2692 4551 Εἶπεν
2710 4499 2773 4553 ἂν
2802 4515 2888 4560 τις
2910 4496 3050 4568 πρὸς
3067 4495 3130 4548 τὸ
3162 4495 3388 4549 ἄπιστον
3414 4493 3507 4545 καὶ
3535 4490 3796 4544 ἀσύνετον

2224 4591 2407 4644 αὐτῶν
2441 4589 2585 4656 ἰδὼν,
2610 4590 2687 4653 ὡς
2718 4588 2886 4660 ἀλλης
2925 4590 3113 4652 αὐτοῖς
3150 4587 3331 4659 δεήσει
3372 4583 3728 4656 συγγραφῆς,
3760 4581 3793 4652 ἦ

2222 4680 2473 4735 ὁπωσοῦν
2516 4680 2710 4750 ἑτέρας
2741 4678 3072 4742 ἀποδείξεως
3097 4719 3112 4743 ,
3150 4676 3211 4731 τὸ
3251 4680 3309 4731 ὲν
3340 4676 3569 4737 ἐκείνοις
3599 4672 3796 4741 ἀληθὲς

2225 4771 2762 4843 προσμαρτυρούσης
2804 4771 2900 4824 καὶ
2936 4769 3294 4843 βεϐαιούσης,
3333 4768 3430 4821 καὶ
3467 4766 3638 4840 ταύτῃ
3672 4765 3791 4819 ἑτέ-

2228 4883 2351 4938 ρας,
2387 4866 2482 4919 καὶ
2510 4864 2649 4918 ίέναι
2681 4863 2774 4916 ἐπὶ
2797 4862 2857 4915 τὸ
2887 4863 3136 4933 ἄπειρον.

2311 5048 2473 5103 Ἀλλά
2523 5047 2691 5102 τοῦτο
2732 5048 2832 5118 μὲν
2862 5048 2985 5108 ταῖς
3014 5044 3240 5099 ἐκείνων
3275 5043 3626 5113 ἁϐελτηρίαις
3659 5055 3804 5110 παρ-

2227 5143 2454 5215 ήσομεν.
2488 5140 2801 5211 Παράδοσιν
2828 5138 3274 5211 προχειρίζονται
3302 5177 3317 5203 ,
3346 5136 3411 5206 ἣν
3460 5134 3546 5203 ἐφ’
3574 5127 3656 5196 οἷς
3704 5132 3804 5201 μὲν

2226 5234 2443 5305 ἥδονται
2473 5231 2768 5302 κρατύνειν
2823 5229 3122 5289 ἐθέλουσιν,
3152 5229 3237 5296 ἐφ’
3277 5222 3359 5291 οἷς
3410 5225 3467 5279 δὲ
3513 5223 3802 5296 ἄχθονται,

2226 5322 2597 5394 ἀπαγορεύειν
2632 5320 3012 5384 σπουδάζουσι.
3060 5317 3258 5372 Καίτοι
3289 5321 3349 5372 ὲν
3370 5317 3575 5371 ἅπασιν
3606 5316 3639 5385 ἡ
3674 5314 3808 5367 ὑπό-

544 5414 803 5484 temporis
832 5430 1049 5483 cursus,
1076 5416 1377 5471 auctoritas
1407 5416 1625 5470 eadem.
1660 5413 1768 5469 Sed
1805 5414 1935 5482 quid
1962 5412 2115 5484 quis-

2229 5416 2377 5475 θεσις
2404 5415 2437 5484 ἡ
2464 5412 2625 5482 αὐτὴ,
2659 5413 2756 5465 καὶ
2785 5414 2813 5466 ὁ
2851 5412 3043 5484 χρόνος
3073 5411 3391 5482 σύνδρομος,
3426 5409 3519 5461 καί
3544 5406 3604 5459 τὸ
3637 5406 3811 5474 γέρας

544 5508 687 5575 piam
742 5507 893 5563 dicat
937 5508 1273 5575 hominibus,
1341 5508 1431 5577 qui
1486 5522 1666 5577 neque
1731 5508 1893 5561 factis
1947 5522 2120 5577 neque

2230 5507 2515 5577 ὁμότιμον.
2578 5500 2740 5559 Ἀλλά
2773 5505 2827 5557 τί
2875 5505 2940 5559 ἄν
2981 5523 3066 5569 τις
3111 5506 3256 5557 εἴποι
3308 5503 3443 5573 πρὸς
3482 5496 3810 5567 ἀνθρώπους

544 5598 727 5654 verbis
752 5599 1010 5667 credunt,
1045 5615 1144 5656 nec
1172 5600 1300 5670 quid
1324 5599 1618 5669 loquantur
1642 5599 1722 5653 vel
1750 5599 1875 5669 quid
1901 5599 2125 5656 audiant

2237 5600 2371 5670 μήτε
2400 5598 2544 5668 ἔργῳ
2572 5597 2707 5669 μήτε
2741 5597 2884 5668 λόγῳ
2921 5596 3297 5667 πειθομένους,
3337 5594 3473 5663 μήτε
3500 5590 3535 5647 ἃ
3566 5590 3808 5659 λέγουσι,

623 5773 691 5830 ’⁸1
713 5772 852 5832 Tim.
883 5794 920 5846 I,
959 5778 1040 5836 l9.
1124 5781 1162 5813 ’³
1196 5781 1213 5834 l
1250 5778 1389 5834 Tim.
1430 5794 1501 5846 vt,
1531 5777 1582 5831 4.
