4072 6324
202 342 320 409 3T]

944 364 1566 430 ANTIRRHETICUS
1607 366 1703 429 III
1740 366 1910 427 ADV.
1949 363 2545 427 CONSTANTINUM
2584 365 2798 428 COPR.

3365 368 3471 434 378

208 459 365 528 μήτε
394 462 434 516 ἃ
456 464 711 523 ἀκούουσι
745 472 1023 539 συνιέντας
1048 518 1063 541 ,
1090 478 1190 548 τῆς
1223 478 1281 533 δὲ
1312 479 1524 533 ἐαυτῶν
1544 474 1796 547 ἀπεγνω-

1911 478 2100 543 tciunt,
2135 489 2189 533 ct
2232 480 2298 532 de
2352 493 2446 531 sua
2500 478 2675 533 salute
2731 477 3078 548 desperant?
3109 475 3471 534 Nihilominus

207 552 392 615 κότε-ις
431 561 735 631 σωτηρίαςς
770 564 960 634 Ὅμως
983 567 1028 620 δ’
1059 566 1153 622 οῦν
1186 570 1215 622 ὁ
1237 570 1337 641 τῆς
1361 569 1624 642 ἀληθείας
1650 571 1792 641 παῤ·

210 646 560 713 ῥησιάσεται
604 652 776 722 λόγος,
828 658 1047 727 Πρῶτον
1075 661 1133 714 δὲ
1187 662 1362 715 ἐκεῖνο
1406 662 1584 716 εἰπεῖν
1621 662 1793 727 ἀξιον,

205 736 301 787 ὅτι
348 739 597 807 μάλιστα
639 747 695 798 ἐν
730 750 838 810 τοῖς
879 750 1007 819 περὶ
1059 750 1195 804 Θεοῦ
1242 752 1556 825 λεγομένοις
1594 769 1654 806 τε
1702 753 1797 806 καὶ

206 827 607 899 ἀκουομέναις,
636 838 748 905 μετ’
775 832 1057 904 εὐλαϐείας
1080 842 1175 914 τῆς
1202 844 1595 915 προσηκούσης
1621 860 1793 916 προσ-

209 919 365 973 ιέναι
410 922 545 994 χρὴ,
581 926 722 997 ’ρόῦῳ
759 929 884 999 θείῳ
912 936 1387 1004 κατηρτισμένους
1409 952 1423 965 ο
1455 932 1577 989 εἶτα
1612 936 1795 997 πίστιν

210 1012 273 1062 ὲν
302 1012 531 1079 τούτοις
578 1018 837 1086 ἡγεῖσθαι,
884 1024 977 1077 καὶ
1010 1026 1193 1079 πίστιν
1230 1026 1522 1098 τιμᾶσθαι,
1556 1028 1649 1081 καὶ
1674 1029 1795 1089 ταῖς

208 1098 433 1170 ψυχαῖς
462 1109 895 1179 προενιδρύσθαι,
922 1115 1013 1167 καὶ
1040 1116 1099 1168 ἐν
1129 1116 1390 1189 εῦθύτητι
1419 1119 1645 1190 καρδίας
1668 1116 1795 1181 τοὺς

210 1193 352 1262 περὶ
389 1197 736 1266 τηλικούτων
776 1203 963 1273 λόγους
997 1207 1377 1278 ὑποδέχεσθαι,
1412 1210 1585 1264 κενῶν
1614 1210 1671 1263 δὲ
1701 1211 1796 1264 καὶ

212 1286 487 1352 ματαίων
532 1290 849 1364 ἐρωτήσεων
881 1296 1182 1368 ἀπέχεσθαι
1210 1339 1226 1364 ,
1255 1299 1378 1364 τούς
1431 1318 1491 1354 τε
1528 1299 1799 1373 γραώδεις

212 1374 441 1443 μύθους
459 1381 556 1434 καὶ
578 1384 673 1448 τὰς
703 1385 959 1457 βεϐήλους
981 1393 1318 1461 κενοφωνίας
1338 1394 1420 1456 είς
1443 1393 1505 1447 τὸ
1535 1392 1799 1456 παντελὲς

207 1467 678 1542 ἀποτρέπεσθαι,
718 1478 779 1530 οὐ
810 1482 1101 1553 προσέχειν
1141 1484 1197 1536 δὲ
1242 1484 1614 1554 γενεαλογίαις
1660 1485 1797 1537 ἀπε-

212 1559 474 1628 ρᾶντοις,
501 1565 643 1620 καθά
662 1568 721 1620 τὸ
751 1570 984 1641 Γράμμα
1011 1573 1072 1625 τὸ
1099 1575 1244 1645 ἱερδν
1276 1574 1569 1644 δεδίδαχεν,
1605 1574 1662 1628 αἶ
1700 1574 1800 1644 ζη-

208 1652 417 1722 τήσεις
456 1653 753 1729 παρέχουσι
794 1662 1014 1732 μᾶλλον,
1054 1665 1086 1736 ἢ
1141 1666 1455 1736 οἰκονομίαν
1512 1665 1650 1720 Θεοῦ
1701 1665 1800 1737 τὴν

210 1747 277 1796 ἐν
335 1747 572 1816 πίστει,
608 1752 743 1822 μηδέ
800 1754 983 1823 ζητεῖν
1022 1760 1120 1829 τὴν
1170 1758 1258 1813 διὰ
1289 1760 1399 1811 τῶν
1434 1760 1675 1830 σημείων
1706 1759 1801 1812 καὶ

1899 564 2169 625 veritatis'
2209 584 2391 625 sermo
2442 570 2638 625 fiducia
2687 585 2793 624 non
2854 582 3024 628 caret.
3074 571 3258 628 Primo
3292 574 3472 642 itaque

1899 677 2118 718 monere
2144 662 2364 733 dignum
2405 671 2513 728 est,
2562 677 2757 732 nempe
2793 663 2858 717 ad
2883 678 2947 718 ea
2982 665 3217 720 maxime
3244 680 3364 733 qua:
3399 643 3463 720 de

1897 753 2008 809 Deo
2030 753 2285 807 dicuntur
2314 761 2369 806 et
2423 752 2745 816 audiuntur,
2785 752 2967 806 debita
2997 766 3119 807 cum
3162 753 3472 808 reverentia

1897 858 2016 900 esse
2076 843 2464 907 accedendum,
2528 842 2826 913 divinoqne
2876 844 3073 900 timore
3150 848 3468 899 instrui-tos.

1900 934 2103 991 Deinde
2142 943 2394 1004 oportere
2454 932 2508 987 iu
2549 933 2635 989 his
2684 934 2760 988 uti
2828 937 2966 990 duce
3018 936 3145 1001 nde,
3208 937 3471 991 honorem

1901 1027 2023 1081 fidei
2082 1027 2307 1090 habere,
2375 1039 2605 1094 eamque
2666 1024 2867 1081 animis
2916 1027 3177 1092 inserere,
3228 1038 3284 1082 et
3348 1042 3469 1081 cum

1900 1117 2224 1171 rectitudine
2248 1116 2427 1172 cordis
2446 1117 2750 1172 doctrinam
2777 1117 2924 1173 circa
2953 1119 3052 1173 has
3084 1133 3173 1174 res
3194 1119 3470 1187 escipere,

1900 1208 2149 1264 futilibus
2175 1208 2484 1278 ineptisque
2516 1208 2912 1279 quaestionibus
2956 1211 3256 1276 abstinere,
3296 1210 3473 1267 aniles

1900 1297 2113 1353 fabulas
2149 1298 2483 1368 profanaque
2510 1308 2565 1352 et
2594 1313 2734 1352 vana
2760 1300 3020 1355 vocabula
3060 1300 3284 1354 omnino
3308 1314 3473 1369 repu-

1900 1389 2074 1453 diare,
2134 1403 2310 1458 neque
2358 1390 2693 1461 genealogiis
2742 1390 3116 1445 interminatis
3168 1391 3470 1456 attendere,

1903 1490 2063 1551 prout
2116 1496 2288 1536 sacra:
2339 1480 2563 1536 Litterae
2608 1482 2899 1547 docent“,
2961 1497 3081 1551 quae
3140 1483 3471 1550 qumstiones

1904 1580 2166 1642 prteslant
2207 1573 2402 1643 magis,
2430 1587 2596 1643 quam
2631 1572 2723 1628 Dei
2753 1574 3116 1627 tecononiiam
3142 1573 3217 1644 (5)
3244 1588 3363 1642 qua:
3389 1581 3474 1625 est

1904 1662 1956 1715 in
1993 1662 2096 1716 tlde
2126 1677 2142 1715 :
2171 1674 2342 1730 neque
2376 1661 2503 1715 item
2529 1661 2643 1732 86
2678 1660 2955 1731 postulare
2988 1672 3045 1714 ut
3086 1676 3180 1731 per
3209 1661 3470 1715 miracula

1904 1763 1957 1809 et
1982 1754 2287 1824 prodigiosa
2316 1767 2479 1821 opera
2524 1753 2865 1807 contirmatio
2903 1752 2995 1807 ﬁat
3030 1767 3095 1806 ac
3123 1753 3471 1807 demonstra-

212 1812 567 1908 παραδόξωνί
604 1812 775 1914 ἔργων
809 1812 1090 1903 πίστωσιν.
1132 1852 1225 1904 καὶ
1269 1812 1568 1916 ἀπόδειξίν,
1608 1848 1800 1920 ῆγοῦν

1911 1841 1983 1895 tio
2015 1860 2026 1895 :
2064 1840 2144 1893 vel
2205 1840 2437 1909 denique
2479 1840 2703 1895 minime
2761 1841 2964 1895 habere
3006 1851 3283 1896 nutantem
3330 1842 3472 1895 circa

212 1930 543 2000 ἀμφίϐολον
581 1934 677 2006 τὴν
712 1936 937 2009 γνώμην
971 1940 1116 2012 ἔχειν
1150 1942 1282 2015 περὶ
1325 1941 1395 1995 τὰ
1421 1942 1632 2011 καίρια.
1670 1942 1802 1994 Ἰου-

210 2022 422 2077 δαϊκὸν
462 2025 623 2081 τοῦτο
673 2030 734 2082 τὸ
768 2032 1102 2104 ἐπιχείρημα
1132 2074 1145 2095 ,
1190 2033 1436 2088 ἀπίστων
1460 2035 1576 2086 ἐστὶ
1609 2033 1670 2087 τὸ
1702 2050 1803 2086 κα-

215 2115 555 2189 κούργημα.
584 2119 735 2173 Τίσιν
769 2122 871 2193 ἔφη
897 2124 923 2176 ὁ
951 2124 1153 2194 Κύριος
1176 2166 1189 2189 ,
1220 2126 1289 2178 Ὠ
1316 2125 1489 2194 γενεὰ
1523 2123 1800 2187 ἄπιστος,

212 2208 492 2275 σημεῖον
506 2209 781 2279 ἐπιζητεῖ,
805 2213 902 2267 καί
929 2216 1179 2285 σημεῖον
1199 2218 1271 2269 οὐ
1286 2215 1605 2283 δοθήσεται
1625 2213 1800 2282 αὐτῇ,

212 2301 368 2357 ἀλλ’
428 2302 466 2371 ἢ
509 2303 576 2356 τὸ
614 2305 866 2374 σημεῖον⁵
914 2306 1075 2363 Ἰωνᾶ
1125 2308 1230 2362 τοῦ
1287 2307 1639 2377 προφήτου;
1682 2307 1803 2376 οὐχὶ

211 2394 338 2455 τοῖς
362 2391 688 2446 ἀπειθοῦσιν
730 2396 1001 2460 Ἰουδαίοις
1020 2438 1035 2461 ,
1065 2399 1160 2452 καὶ
1202 2400 1287 2452 ἀεὶ
1312 2399 1391 2469 τῷ
1437 2399 1577 2469 ἀγίῳ
1604 2398 1803 2469 διαμα-

216 2482 491 2550 χομένοις
520 2484 826 2555 Πνεῦματι;
878 2488 1017 2559 Μηδ⁹
1047 2484 1115 2543 αὖ
1166 2491 1304 2562 πρὸς
1355 2492 1680 2562 περιέργους
1711 2491 1805 2544 καὶ

219 2573 600 2640 ἀπαιδεύτους
628 2579 852 2649 ἐρεύνας
879 2581 1228 2649 ἀπάγεσθαι,
1264 2583 1320 2637 αἳ
1348 2583 1680 2654 λογομαχίας
1711 2585 1805 2636 καὶ

218 2664 437 2738 λέσχην
457 2668 685 2737 γεννῶσι
722 2672 939 2740 μᾶλλον,
972 2676 1004 2747 ἢ
1029 2673 1187 2742 λόγον
1212 2673 1514 2746 εὔχρηστον
1546 2677 1640 2730 καὶ
1663 2676 1806 2746 ὠφέ-

219 2756 389 2826 λιμῦν
416 2774 433 2791 ⁹
465 2759 602 2829 μήτε
637 2760 743 2831 μὴν
769 2762 907 2833 πρὸς
952 2766 1341 2829 ἀποδεικτικὰς
1380 2766 1627 2835 ἀνάγκας
1656 2766 1805 2834 λογι-

224 2849 354 2910 καίς
404 2848 645 2917 μεθόδοις
686 2852 1099 2921 προαγομένους
1142 2853 1233 2907 διὰ
1278 2856 1386 2908 τῶν
1413 2856 1677 2925 ἐντέχνων
1713 2856 1807 2909 καὶ

226 2939 644 3008 σεσοφισμένων
678 2941 875 3008 λόγων,
920 2944 1010 2996 ἐπὶ
1051 2945 1151 3006 τὰς
1190 2944 1395 2998 τούτων
1441 2946 1806 3015 καταψεύγειν

227 3029 625 3097 πιθανότητας,
651 3031 838 3102 βιαίως
862 3035 996 3105 πρὸς
1023 3038 1427 3106 συγκατάθεσιν
1449 3039 1576 3101 τοῦς
1602 3038 1809 3108 ἀκροω-

1907 1950 1994 1989 res
2014 1931 2348 2004 principales
2367 1932 2716 1985 sententiam.
2753 1929 3035 1985 Iudaicum
3068 1932 3170 1986 hoc
3190 1945 3477 1997 argumen-

1904 2039 2017 2082 tum
2044 2035 2149 2093 est,
2181 2034 2234 2079 et
2267 2022 2678 2078 incredulorum
2714 2021 2949 2076 malitia.
2978 2021 3314 2089 Quibusnam
3342 2022 3474 2074 dicit

1905 2119 2163 2174 Dominus
2197 2136 2210 2171 :
2246 2120 2288 2170 Ο
2328 2114 2593 2186 generatio
2616 2113 2924 2168 incredula!
2954 2115 3159 2183 signant
3181 2113 3395 2182 quierit,
3423 2122 3470 2165 et

1902 2214 2106 2283 tignum
2128 2226 2230 2264 non
2259 2209 2475 2262 dabitur
2494 2206 2564 2269 ei,
2586 2206 2689 2259 nisi
2715 2207 2923 2275 signum
2936 2203 3090 2258 Jama
3104 2211 3369 2273 propheta:
3389 2202 3475 2256 "2

1905 2316 2083 2357 nonne
2146 2297 2566 2355 contumacibus
2625 2294 2829 2350 Judreis
2880 2305 2936 2350 et
2987 2302 3179 2348 sancto
3254 2306 3475 2359 semper

1906 2394 2226 2449 resistentes
2259 2388 2483 2459 Spiritui
2507 2387 2531 2442 ?
2552 2387 2736 2457 Neque
2770 2387 2899 2440 item
2931 2384 3163 2440 curiosis
3193 2393 3246 2437 et
3280 2384 3471 2438 infice-

1906 2486 1976 2540 tis
2008 2480 2451 2552 inquisitionibus
2482 2486 2700 2549 oportet
2734 2493 2833 2532 nos
2881 2476 3080 2545 abripi,
3119 2491 3239 2545 quae
3274 2476 3464 2529 verbo-

1905 2591 2025 2632 rum
2049 2573 2425 2630 contentiones
2473 2581 2529 2626 et
2580 2569 2955 2640 garrulitatem
2996 2567 3176 2637 potius
3207 2573 3475 2635 generant

1907 2686 2067 2740 quam
2096 2667 2394 2739 prolicuam
2446 2663 2742 2731 utilemque
2771 2660 3073 2716 doctrinam
3098 2682 3111 2716 ;
3138 2671 3313 2727 neque
3345 2658 3464 2711 dia-

1909 2761 2119 2818 lecticis
2175 2756 2446 2814 methodis
2482 2756 2548 2810 ad
2594 2755 3049 2810 demonstrativas
3093 2748 3476 2806 conclusiOues

1911 2851 2182 2922 pergendo
2214 2864 2312 2918 per
2364 2847 2695 2901 artificiosos
2744 2845 3127 2915 captiososque
3173 2855 3475 2905 sermones,

1910 2949 1977 3001 ad
2039 2946 2141 3000 hoc
2196 2958 2365 3014 genus
2423 2940 2840 3010 persuasionum
2895 2935 3211 3006 confugere,
3261 2948 3381 3002 qua:
3412 2932 3477 2984 ad

1911 3052 2237 3096 consensum
2287 3035 2574 3089 audientes
2622 3031 2890 3087 violenter
2948 3028 3196 3098 adigunt.
3252 3023 3481 3079 l’rorsus

231 3122 437 3189 μένους
474 3124 818 3193 ἐπαγομένας
844 3142 858 3154 ’
903 3126 1216 3198 Ἑλληνικὸν
1243 3129 1405 3181 τοῦτο
1431 3130 1525 3181 καὶ
1563 3128 1806 3181 ἀπίστων

1914 3133 2017 3189 hoc
2082 3130 2433 3185 ethnicorum
2478 3133 2562 3179 est
2621 3132 2785 3193 atque
2832 3120 3129 3177 infidelium
3179 3118 3480 3171 inventum.

231 3212 559 3265 παντάπασι
587 3214 648 3266 τὸ
696 3214 999 3287 ἐφεύρεμα.
1032 3212 1145 3270 Καὶ
1186 3219 1297 3290 γὰρ
1327 3218 1523 3291 ὥσπερ
1563 3220 1807 3272 Ἰουδαῖοι

234 3302 469 3370 σημεῖον
521 3303 795 3373 αἰτοῦσιν,
841 3307 984 3360 οῦτω
1030 3308 1126 3362 καὶ
1170 3309 1431 3383 Ἕλληνες
1480 3310 1670 3379 σοφίαν
1711 3309 1810 3381 ζη-

232 3410 450 3449 τουσιν.

303 3490 379 3558 β’.
425 3489 568 3543 Ἀλλ’
591 3488 722 3562 ἡμῖν
740 3508 825 3560 γε,
853 3487 932 3556 οἷς
962 3494 1142 3559 πίστις
1166 3494 1225 3548 τὸ
1253 3495 1589 3566 τιμώμενον,
1617 3494 1809 3559 πίστις

236 3580 385 3649 ἀρχὴ
411 3579 507 3633 καὶ
545 3580 832 3653 ὑποϐάθρα
891 3585 989 3654 τῆς
1035 3586 1309 3654 σωτηρίας
1347 3586 1506 3657 ήμῶν
1553 3585 1808 3644 τιθέσθω.

236 3671 364 3723 ὅθεν
393 3671 490 3724 ἐπὶ
518 3673 609 3725 τὸν
652 3673 855 3727 σκοπὴν
886 3676 977 3729 καὶ
1004 3675 1065 3728 τὸ
1106 3678 1259 3741 τέλος
1289 3676 1398 3731 τῶν
1439 3677 1811 3746 ἐλπιζομένων

238 3763 600 3833 ἐπειγόμεθα.
635 3766 789 3819 Ἐπεὶ
826 3766 881 3819 δὲ
917 3769 950 3837 ἠ
976 3767 1160 3830 πίστις
1195 3768 1255 3834 ἐξ
1288 3770 1481 3842 ἀκοῆς,
1524 3769 1812 3822 πιστεῦσαι

237 3855 321 3907 δεῖ
348 3855 568 3923 πρῶτον
594 3856 688 3910 τὸν
732 3858 1171 3929 προσερχόμενον
1218 3862 1302 3913 ὅτι
1362 3861 1481 3915 ἔστι
1515 3861 1647 3925 Θεὸς
1668 3903 1682 3927 ,
1715 3861 1812 3914 καὶ

240 3947 363 4007 τοῖς
389 3945 716 4015 ἐκζητοῦσιν
751 3949 920 4001 αὐτὸν
970 3951 1373 4019 μισθαποδότης
1410 3953 1625 4020 γίνεται
1659 3969 1674 3982 ·
1719 3968 1811 4003 πι-

242 4033 474 4087 στεῦσαι
503 4073 520 4099 ,
555 4036 613 4088 οὐ
654 4036 1059 4109 ζυγομαχῆσαι,
1092 4040 1228 4093 ἀλλά
1263 4041 1446 4095 πίστει
1502 4042 1813 4112 προσιέναι,

240 4123 336 4176 τὸν
362 4125 466 4195 τῆς
494 4124 808 4190 είίπειθείας
875 4129 1064 4199 μισθὸν
1114 4132 1571 4202 ἀπεκδεχόμενον.
1623 4132 1816 4194 Πίστις

241 4215 356 4286 γάρ
385 4218 537 4269 ἐστιν
562 4218 706 4289 ἁπλῆ
731 4218 1008 4290 λογισμῶν
1038 4222 1133 4274 καὶ
1166 4222 1503 4294 ἀπερίεργος
1533 4221 1815 4290 συγκατά-

242 4308 397 4371 θεσις
426 4322 445 4338 ⁸
477 4308 556 4361 διὸ
603 4308 784 4362 πίστει
816 4311 1087 4381 πρόσιμεν
1120 4316 1185 4385 τῇ
1236 4315 1443 4384 χάριτι,
1485 4316 1551 4385 τῇ
1606 4317 1671 4367 ἐκ
1718 4312 1816 4365 τοῦ

240 4400 393 4453 θείου
416 4398 739 4471 Πνεῦματος
765 4403 1021 4475 ἐπιπνοίᾳ
1049 4406 1404 4477 ἐντικτομένῃ
1435 4409 1557 4470 ταῖς
1584 4405 1693 4458 τῶν
1725 4422 1819 4457 πιο

1914 3222 2122 3281 Etenim
2155 3221 2296 3275 sicut
2341 3217 2512 3273 Judari
2560 3216 2774 3289 signant
2808 3221 3019 3286 petunt,
3047 3214 3117 3267 ita
3160 3208 3360 3267 ethnici
3391 3222 3482 3262 sa-

1912 3315 2168 3390 pientiam
2193 3322 2447 3384 quarunt
2478 3308 2544 3364 ".

1979 3500 2036 3558 2.
2075 3497 2241 3553 Nobis
2281 3510 2432 3560 vero,
2467 3494 2665 3565 quibus
2697 3491 2832 3547 ﬁdes
2874 3491 2929 3545 in
2960 3493 3168 3545 honore
3204 3496 3313 3552 est,
3356 3484 3485 3540 fides

1916 3594 2031 3662 ipsa
2060 3590 2276 3646 initium
2326 3604 2389 3643 ac
2426 3587 2838 3641 fundamentum
2890 3582 3083 3637 salutis
3124 3589 3323 3637 nostra:
3356 3595 3489 3633 cou-

1915 3689 2201 3750 stituatur,
2263 3684 2406 3737 unde
2445 3680 2510 3734 ad
2551 3692 2769 3747 scopum
2821 3678 3091 3741 finemque
3146 3683 3485 3743 speratarum

1915 3791 2095 3831 rerum
2132 3771 2532 3827 contendimus.
2572 3767 2837 3833 Quoniam
2873 3778 3000 3817 vero
3034 3764 3167 3817 fides
3192 3778 3255 3816 ex
3291 3763 3476 3814 auditu

1915 3878 2019 3932 est,
2045 3863 2269 3918 credere
2307 3869 2521 3928 oportet
2553 3858 2727 3927 primo
2770 3855 3126 3930 accedentem
3159 3852 3298 3921 quod
3333 3852 3472 3903 Deus

1915 3957 2007 4016 sit,
2050 3961 2104 4006 et
2146 3950 2289 4017 quod
2345 3946 2745 4015 inquirentibus
2789 3958 2848 3999 se
2889 3950 3271 3995 remunerator
3317 3939 3482 4002 sit";

1917 4040 2428 4108 credere,iuquam,
2477 4044 2710 4104 oportet,
2765 4048 2869 4086 non
2920 4032 3201 4093 resistere,
3237 4032 3330 4083 sed
3362 4045 3485 4083 cum

1920 4138 2022 4191 fide
2039 4132 2319 4189 accedere.
2353 4138 2406 4180 ct
2428 4125 2718 4179 docilitatis
2738 4122 2969 4176 fructum
2998 4122 3297 4190 percipere.
3326 4120 3485 4174 Fides

1918 4227 2058 4282 enim
2110 4230 2217 4295 εδειΓ
2250 4220 2386 4272 liber
2429 4231 2456 4268 a
2512 4211 3023 4268 ratiocinationibus
3073 4219 3127 4264 et
3180 4211 3488 4264 incuriosus

1919 4327 2193 4370 assensus.
2226 4310 2346 4363 Ideo
2376 4306 2478 4359 fide
2508 4304 2571 4358 ad
2610 4302 2837 4371 gratiam
2866 4301 3200 4359 accedimus.
3239 4315 3358 4367 qua:
3392 4299 3477 4352 di-

1919 4405 2044 4458 Viuo
2065 4400 2276 4454 alllanle
2296 4395 2501 4464 Spiritu
2535 4392 2586 4445 in
2618 4389 2903 4441 animabus
2929 4387 3162 4441 fidelium
3196 4388 3432 4456 gignitur
3459 4405 3472 4439 :

243 4491 390 4544 στῶν
420 4490 646 4560 ψυχαὶςο
694 4493 873 4564 πάσης
900 4473 1159 4556 ἀπιστίας
1204 4473 1499 4569 ἐλευθέραν
1540 4499 1638 4568 τὴν
1669 4496 1808 4564 γνώρ⁴

1924 4509 2042 4546 eum
2073 4490 2297 4542 liberam
2339 4481 2486 4536 omni
2521 4473 2895 4531 incredulitate
2948 4482 3181 4527 mentem
3219 4473 3482 4543 gerimus,

244 4600 355 4654 μην
391 4582 745 4653 κεκτημένοι,
798 4585 892 4639 καὶ
941 4588 999 4640 ἐν
1055 4588 1321 4659 ἁπλότητι
1367 4589 1595 4658 καρδίας
1637 4587 1820 4650 ἁπλῶς

242 4675 339 4726 καὶ
370 4672 752 4740 ἀϐασανίστως
780 4676 849 4730 τὰ
879 4680 945 4747 τῇ
977 4679 1242 4751 καθολικῇ
1290 4679 1590 4749 Ἐκκλησία
1644 4694 1823 4748 παρα-

242 4764 515 4835 δεδομένα
552 4765 627 4830 ὡς
662 4768 727 4820 ἐκ
766 4767 921 4833 θείας
963 4771 1347 4841 ἐπιλάμποντα
1401 4772 1624 4841 χάριτος
1675 4768 1825 4838 δεχό-

248 4857 418 4930 μεθα,
464 4857 648 4929 πάσης
677 4859 774 4926 τῆς
805 4859 863 4925 ἐξ
884 4861 1218 4931 ἀμφιϐολίας
1266 4862 1482 4933 κηλῖδος
1514 4863 1609 4914 καὶ
1648 4860 1821 4932 ῥύπου

246 4949 675 5022 καθαρεύοντες.
714 4952 946 5023 Νόσημα
978 4956 1091 5025 γὰρ
1124 4954 1306 5025 ψυχῆς
1345 4955 1533 5008 κακῶν
1561 4954 1821 5006 κάκιστον

248 5041 506 5107 ἀπιστία,
546 5043 640 5095 καὶ
670 5043 963 5110 ἀσυνεσίας
992 5046 1135 5116 ἀρχὴ
1163 5047 1259 5099 καὶ
1284 5045 1568 5108 ἀπωλείας
1617 5040 1820 5112 παραίο

250 5151 387 5188 τιον.
434 5132 571 5185 Ἐὰν
603 5134 713 5205 γὰρ
749 5135 836 5206 μὴ
872 5139 1236 5206 πιστεύσητε
1259 5179 1273 5205 ,
1327 5138 1513 5209 φησιν,
1565 5135 1707 5190 οὐδὲ
1740 5133 1823 5203 μὴ

254 5220 507 5291 συνῆτε.
539 5223 615 5276 Ἥ
652 5240 710 5276 τε
745 5224 855 5293 γὰρ
904 5226 1161 5283 ἀπείθεια
1193 5227 1330 5299 πρὸς
1370 5226 1551 5281 ὁτιοῦν
1594 5226 1655 5278 οὐ
1692 5241 1824 5292 συγ-

326 5403 373 5436 "
399 5400 420 5457 ι
445 5402 589 5459 Tim.
621 5419 659 5467 t,
686 5403 742 5458 4.
819 5404 860 5434 ¹⁷
892 5403 1088 5459 Matth.
1127 5419 1238 5469 xvi,
1261 5404 1315 5457 4.
1393 5402 1436 5435 η
1464 5402 1482 5456 l
1515 5402 1644 5456 Cor.
1679 5416 1715 5465 ι,
1749 5398 1839 5453 ‘22.

334 5558 412 5627 (5)
438 5556 664 5614 Graecus
712 5556 998 5627 Nicepltori
1021 5559 1189 5613 codex
1213 5571 1401 5623 reapse
1424 5556 1587 5610 habet
1629 5569 1734 5608 non
1758 5554 1827 5627 οίέ

261 5625 498 5698 κοδομὴν
543 5630 628 5681 vel
684 5625 1017 5699 οἰκοδομίαν,
1068 5631 1159 5699 sed
1221 5628 1555 5695 οἰκονομίαν,
1618 5637 1674 5676 ιιι
1733 5625 1821 5676 alii

263 5700 411 5754 multi
446 5700 663 5753 Codices
700 5701 1051 5765 nonnullique
1092 5698 1279 5750 Patres
1307 5706 1617 5762 veteresque
1648 5704 1822 5765 trans—

262 5771 525 5836 lationes;
560 5784 865 5840 quanquam
903 5762 976 5825 et'
1002 5771 1088 5824 illa
1120 5769 1268 5839 prior
1314 5766 1606 5836 permultos
1663 5762 1825 5817 habet

1917 4596 1973 4640 et
2012 4584 2065 4637 in
2100 4577 2449 4647 simplicitate
2476 4569 2655 4622 cordis
2687 4567 2899 4620 sincere
2940 4581 3002 4620 ac
3040 4565 3157 4619 sine
3192 4563 3295 4617 ulla
3324 4562 3491 4628 inqui-

1920 4676 2115 4731 sitione
2163 4667 2387 4722 traditas
2418 4659 2700 4714 catholicae
2736 4656 2994 4731 Ecclesia:
3052 4656 3330 4711 doctrinas
3366 4662 3490 4707 tau-

1920 4782 2078 4835 quam
2129 4760 2306 4814 divina
2358 4752 2623 4819 fulgentes
2675 4749 2846 4817 gratia
2891 4749 3222 4816 suscipimus
3269 4760 3485 4801 omnem

1927 4850 2279 4910 dubitationis
2353 4857 2561 4899 naevum
2634 4838 3014 4908 maculamque
3086 4840 3489 4905 abstergeutes.

1929 4945 2143 5003 Morbus
2182 4938 2326 4993 enim
2372 4932 2622 4988 omnium
2657 4931 2925 5000 pessimus
2957 4930 3332 5002 incredulitas,
3365 4927 3495 4978 insi-

1929 5036 2142 5110 pientis:
2181 5030 2412 5088 initium,
2444 5034 2496 5080 et
2535 5023 2858 5093 perditionis
2888 5037 3074 5077 causa.
3111 5022 3170 5075 Si
3203 5020 3346 5074 enim
3385 5032 3482 5069 ηον

1930 5106 2273 5183 credideritis,
2306 5118 2477 5184 inquit
2513 5115 2798 5182 Scriptura
2816 5115 2882 5178 '°,
2920 5130 2983 5167 ne
3017 5109 3320 5179 intelligetis
3366 5106 3485 5174 qni-

1931 5222 2072 5276 dem.
2101 5213 2309 5269 Etenim
2344 5206 2692 5264 incredulitas
2725 5205 2924 5259 nullam
2955 5205 3160 5274 patitur
3188 5216 3326 5255 verse
3364 5198 3495 5252 reli-

1919 5396 1961 5428 ¹³
2000 5392 2163 5448 llebr.
2198 5403 2273 5454 ιι,
2306 5384 2357 5439 6.
2434 5382 2479 5414 ὀ
2507 5378 2613 5433 lsa.
2640 5391 2736 5445 ιἰι,
2761 5380 2815 5433 9.

1933 5546 2335 5613 as1ipnlatores.
2390 5534 2523 5613 Vide
2607 5529 3079 5613 llosennlt'tllerum
3163 5530 3227 5580 ad
3291 5528 3495 5613 dictum

1933 5600 2079 5674 pm,“
2143 5618 2354 5673 locum,
2410 5606 2498 5677 qui
2567 5602 2759 5658 merito
2821 5600 3104 5669 Vulgatatn
3138 5610 3402 5667 nostram,
3448 5600 3504 5656 id

1931 5702 2014 5747 est
2036 5688 2308 5761 priorem,
2338 5676 2574 5753 praefert.
