4072 6324
522 346 631 414 379

1480 378 1498 396 -
1548 355 1609 416 S.
1649 352 2068 414 NICEPHORI
2105 349 2613 412 PATRIARCIUE
2650 350 2761 409 CP.

3686 357 3792 417 380

524 461 704 530 gionis
736 460 1041 517 doctrinam
1094 476 1228 533 pure
1268 464 1565 533 excipere:
1613 466 1882 521 dubitatio
1917 477 2095 521 autem

2215 464 2371 532 {tepet
2398 462 2661 533 καθαρῶς
2693 461 2786 514 τὸν
2819 460 2981 531 λόγον
3014 464 3113 534 τῆς
3152 463 3445 525 εὐσεϐείας
3478 468 3796 539 παραδέχε-

526 550 873 619 splendorem
897 552 1146 606 veritatis
1166 553 1488 617 obscurans,
1510 568 1608 607 ceu
1632 555 1824 609 nebula
1849 556 2100 624 quaedam

525 639 627 694 soli
658 640 1052 708 intercurrens,
1089 657 1196 695 non
1213 643 1343 696 sinit
1367 658 1502 711 pure
1525 644 1855 699 intellectum
1886 661 2097 712 eorum,

526 729 617 797 qui
651 739 832 799 egent,
871 729 1184 783 illuminari.
1219 728 1314 783 Est
1344 730 1509 799 igitur
1557 730 1924 800 exploratum,
1966 732 2099 786 nihil

525 834 647 874 esse
680 820 889 875 ﬁrmius
925 837 988 873 ac
1018 821 1391 890 tutius-qnam
1425 821 1639 875 initium
1679 837 1708 875 a
1743 822 1847 876 ﬁde
1878 823 2099 878 ducere.

528 911 781 977 Quaerere
828 925 1007 967 autem
1046 913 1181 966 initii
1235 912 1471 977 initium,
1520 922 1576 967 et
1622 914 2102 970 demonstrationis

529 1001 1074 1064 demonstrationem,
1118 1002 1248 1070 quid
1292 1000 1435 1055 aliud
1467 1012 1551 1056 est
1593 1016 1756 1071 quam
1788 1002 1911 1056 ﬁdei
1942 1003 2100 1058 ﬁdem

528 1092 813 1159 quaerere?
842 1107 949 1162 qua
979 1092 1198 1159 quidem
1230 1108 1285 1146 re
1311 1093 1445 1148 nihil
1478 1094 1722 1147 insanius
1748 1106 1827 1147 est
1863 1096 2106 1161 magisve

532 1181 844 1235 ridiculum.
884 1181 1170 1252 Nunquam
1209 1184 1354 1237 enim
1391 1183 1617 1237 habebit
1645 1184 1807 1237 homo
1841 1185 1930 1238 ubi
1971 1201 2104 1239 con-

529 1273 689 1327 sistat
721 1289 989 1343 snnmque
1020 1274 1366 1328 ratiocinium
1402 1274 1622 1344 deligat,
1656 1277 1701 1329 si
1747 1280 1889 1345 quod
1918 1277 2106 1332 inven-

532 1374 645 1417 tum
675 1375 781 1429 est,
821 1366 886 1419 ad
930 1366 1089 1419 aliam
1141 1376 1372 1436 cogatur
1423 1367 1857 1436 inquisitionem.
1910 1368 2102 1436 Itaque

530 1468 714 1523 postea
748 1472 908 1526 quam
947 1465 1207 1525 quantum
1242 1458 1474 1527 quisque
1506 1458 1649 1512 volet
1679 1458 2014 1528 exquirendo
2047 1473 2107 1513 se

530 1548 826 1612 attriverit,
852 1549 916 1602 ad
944 1549 1100 1603 ﬁdem
1127 1549 1341 1602 demum
1370 1564 1466 1604 ceu
1488 1552 1553 1602 ad
1584 1559 1754 1601 tntum
1780 1549 2105 1617 principium

534 1638 829 1708 confugiet.
865 1637 1111 1709 Namque
1147 1640 1448 1694 incredulis
1485 1640 1538 1693 in
1575 1639 1844 1694 inﬁnitum
1878 1636 2106 1693 stultitia

534 1728 813 1798 procedet,
846 1737 900 1782 et
924 1734 1188 1798 nnSquam
1223 1730 1544 1795 consistent,
1586 1729 1682 1803 sed
1708 1730 1759 1782 in
1798 1728 2106 1795 semetipsis

2206 553 2373 607 σθαι.’
2405 552 2441 623 ἡ
2468 569 2526 606 τε
2555 550 2859 622 ἀμφιϐολία
2879 550 2978 621 τὴν
3002 552 3199 624 αἴγλην
3226 554 3327 623 τῆς
3363 554 3628 626 ἀληθείας
3654 559 3789 611 ἐπι-

2205 643 2526 708 σκιάζουσα,
2568 643 2824 714 καθάπερ
2851 660 2904 696 τι
2938 644 3101 712 νέφος
3140 644 3445 716 ὑποτρέχον
3487 647 3580 701 τὸν
3608 648 3789 720 ἥλιον,

2202 734 2302 788 οὐκ
2333 734 2554 803 ἐφίησιν
2613 733 2931 804 εἰλικρινῶς
2964 734 3067 805 τὴν
3113 736 3332 789 σύνεσιν
3386 736 3497 791 τῶν
3558 737 3794 793 δεόντων

2203 825 2562 893 αὐγάζεσθαι.
2614 825 2782 895 Δῆλον
2821 819 2916 879 οῦν
2946 826 3023 889 ὡς
3072 826 3228 879 οὐδὲν
3270 827 3370 895 τῆς
3416 827 3505 881 διὰ
3550 829 3796 895 πίστεως

2202 913 2380 983 ἀρχῆς
2432 913 2777 984 βεϐαιότερον
2818 913 2851 984 ἢ
2907 915 3339 986 ἀσφαλέστερον.
3389 917 3463 969 Τὸ
3508 916 3567 970 δὲ
3606 918 3794 990 ζητεῖν

2204 1004 2382 1073 ἀρχῆς
2406 1002 2602 1074 ἀρχὴν,
2635 1003 2729 1056 καὶ
2769 1003 3046 1067 ἀπόδειξιν
3092 1004 3455 1070 ἀποδείξεως,
3505 1006 3557 1059 τί
3602 1008 3796 1078 ἕτερόν

2206 1090 2425 1160 ὲστινῆ
2485 1091 2665 1142 πίστιν
2710 1090 2997 1159 ἐπιζητεῖν
3048 1092 3326 1158 πίστεως;
3376 1092 3573 1146 τούτου
3626 1093 3685 1147 δὲ
3741 1093 3794 1147 τί

2207 1177 2566 1248 ἀνοητότερον
2601 1177 2632 1248 ἥ
2656 1179 3197 1251 καταγελαστότερον
3226 1198 3241 1247 ;
3273 1182 3346 1235 Οὐ
3381 1182 3491 1252 γάρ
3519 1182 3633 1247 ἕξει
3662 1184 3796 1239 ποτὲ

2206 1262 2266 1323 οὗ
2328 1270 2582 1339 στήσεται
2640 1271 2737 1323 καὶ
2786 1272 3074 1339 ἁπερείσει
3107 1271 3200 1324 τὸν
3248 1272 3537 1342 λογισμὸν,
3575 1274 3667 1328 ἀεὶ
3696 1274 3793 1329 τοῦ

2208 1359 2675 1429 ὲφευρισκομένου
2726 1361 2813 1430 ἐφ’
2850 1363 3045 1432 ἑτέραν
3095 1361 3329 1433 ζήτησιν
3379 1366 3745 1434 ἐπειγομένου
3776 1383 3789 1398 ο

2206 1449 2348 1502 ὥστε
2406 1451 2504 1502 ὅσα
2567 1449 2632 1503 ἂν
2677 1452 2849 1521 κάμοι
2898 1448 2984 1516 τις
3011 1453 3216 1524 ζητῶν,
3245 1454 3338 1507 ἐπὶ
3369 1455 3469 1526 τὴν
3508 1457 3693 1509 πίστιν
3717 1458 3795 1521 ὡς

2208 1539 2288 1600 εἰς
2319 1538 2495 1609 ἀρχὴν
2529 1539 2749 1610 ἀσφαλῆ
2776 1542 3199 1609 καταφεύξεται.
3248 1545 3375 1607 Τοῖς
3396 1544 3505 1616 γὰρ
3536 1546 3793 1611 ἀπίστοις

2210 1630 2291 1690 εἰς
2320 1629 2629 1698 ἀπέραντον
2664 1631 2783 1703 ags:
2833 1634 2896 1685 τὸ
2933 1633 3188 1703 μάταιον,
3240 1636 3339 1690 καὶ
3372 1638 3613 1708 οὐδαμοῦ
3667 1641 3795 1711 στή-

2212 1737 2417 1785 σονται,
2452 1722 2568 1775 ἀλλ’
2621 1724 2701 1786 εἰς
2737 1725 2964 1787 ἑαυτοὺς
3030 1726 3485 1797 συντριϐήσονται
3538 1730 3635 1783 καὶ
3686 1732 3794 1784 ἀπ-

536 1828 889 1873 conterentur
909 1830 1071 1889 atque
1102 1821 1352 1889 peribunt
1374 1830 1595 1890 propter
1620 1800 1782 1873 suam
1815 1818 2102 1872 inﬁdelita-

2215 1811 2623 1881 ολοῦνται,διὰ
2671 1817 2771 1886 τὴν
2832 1818 3092 1871 ἀπιστίαν
3150 1820 3330 1875 αὐτῶν
3402 1820 3498 1876 καὶ
3556 1823 3795 1895 σκληροι-

538 1918 644 1963 tein
686 1918 741 1963 et
781 1900 974 1964 durum
1008 1926 1101 1964 cor
1130 1910 1231 1982 (6).

605 2000 663 2055 5.
711 1998 977 2071 Deinceps
1013 2000 1126 2069 jam
1191 2002 1422 2057 dicimus
1480 2001 1736 2072 pingendi
1786 2002 1989 2057 Christi
2046 2017 2110 2057 ac

538 2088 798 2156 ﬁgurandi
860 2107 1067 2146 morem
1138 2092 1281 2151 haud
1332 2109 1361 2146 a
1398 2094 1556 2148 nobis
1614 2093 1828 2147 initium
1876 2094 2108 2163 cepisse,

536 2196 715 2250 neque
755 2191 916 2237 aetate
953 2192 1133 2237 nostra
1182 2192 1517 2253 susceptum,
1556 2199 1731 2253 neque
1767 2186 2108 2239 neotericum

536 2285 657 2327 esse
687 2274 983 2329 inventum.
1013 2273 1296 2345 Temporis
1329 2277 1717 2331 auctoritatem
1749 2276 1912 2332 habet
1938 2278 2113 2347 pictu-

542 2378 618 2426 ra,
655 2365 978 2434 antiquitate
1009 2369 1444 2432 commendatur,
1486 2369 1812 2438 evangelica:
1836 2371 2108 2440 praedica-

543 2455 675 2510 tioni
709 2469 984 2512 coactanea
1009 2472 1091 2513 est
1118 2476 1133 2525 ;
1175 2443 1379 2516 idcirco
1426 2463 1754 2517 venerabilis
1785 2474 1868 2518 est
1893 2479 1955 2517 ac
1988 2465 2111 2518 reli-

539 2546 711 2614 giosa.
739 2551 914 2617 Atque
963 2560 1022 2604 ut
1062 2553 1277 2605 brevius
1328 2554 1844 2622 asseverantiusqne
1885 2554 2063 2609 dicam
2096 2573 2110 2609 :

542 2640 668 2707 quia
700 2639 941 2711 symbola
991 2642 1112 2696 ﬁdei
1148 2652 1350 2698 nostra:
1378 2655 1506 2696 sunt
1537 2644 1619 2697 ha:
1651 2645 1895 2699 visibiles
1926 2646 2117 2716 imagi-

543 2744 664 2793 nes,
718 2724 902 2799 exeque
942 2746 1050 2796 una
1084 2747 1205 2785 cum
1259 2732 1361 2786 ﬁde
1398 2732 1520 2805 jam
1554 2734 1678 2789 inde
1717 2748 1745 2788 ο
1803 2737 2117 2805 primordiis

541 2830 815 2882 canstant,
868 2822 1138 2891 simulque
1162 2802 1459 2878 creverunt
1487 2841 1503 2890 ;
1531 2825 1777 2892 sequitur
1803 2802 1870 2881 -ιιι
1898 2837 2116 2896 apesto-

542 2909 703 2965 licunt
729 2912 838 2983 87
888 2913 990 2968 hoc
1027 2930 1165 2982 opus
1222 2914 1316 2978 sit,
1352 2925 1406 2969 et
1440 2916 1661 2971 Patrum
1710 2916 1884 2987 sigillo
1918 2919 2117 2974 conﬁr-

542 3013 772 3058 rnatum.
806 3002 960 3059 Sicut
1004 3006 1149 3059 enim
1184 3005 1257 3060 illi
1289 3006 1529 3061 divinam
1562 3008 1873 3080 religionem
1912 3013 2117 3081 scripto

542 3096 703 3150 nobis
733 3095 1070 3162 obtulerunt,
1101 3100 1174 3151 ita
1220 3098 1459 3152 vicissim
1495 3115 1522 3152 a
1554 3100 1767 3169 pictura
1789 3102 1977 3157 modus
2012 3117 2119 3171 quo

542 3180 804 3241 Servator
835 3186 889 3240 iu
925 3197 1068 3241 terra
1091 3199 1446 3243 conversatus
1465 3200 1572 3255 est,
1605 3206 1710 3244 non
1742 3190 1920 3244 minus
1953 3206 2116 3261 quam

544 3281 615 3335 ab
643 3281 953 3349 evangeliea
991 3279 1301 3351 Scriptura,
1333 3282 1662 3351 conspicuus
1690 3282 2121 3353 manifestusth

547 3374 626 3430 ﬁt.
654 3379 698 3430 A
731 3377 925 3445 quihus
960 3378 1099 3431 idem
1137 3387 1317 3431 actum
1364 3388 1469 3443 est,
1503 3378 1646 3447 quod
1695 3378 1847 3432 multi
1891 3387 2118 3447 egerunt

542 3469 749 3532 quires
785 3469 913 3523 olim
976 3470 1239 3539 praeclare
1292 3481 1470 3539 gestas
1521 3470 1953 3539 descripserunt,
2005 3485 2112 3524 non

544 3562 698 3618 libris
726 3564 899 3618 solum
935 3564 1407 3628 commendantes,
1441 3578 1628 3617 verum
1674 3564 1839 3617 etiam
1875 3563 1927 3617 in
1966 3562 2120 3617 tabu-

544 3655 611 3710 lis
666 3666 1015 3725 exponentes.
1072 3656 1387 3727 llujusmodi
1430 3655 1648 3710 eﬁ’atutn
1714 3658 1985 3726 quoddam
2053 3658 2121 3711 ab

545 3763 650 3802 uno
673 3749 835 3804 etiam
872 3750 1248 3819 magistrorum
1297 3748 1571 3804 Ecclesiae
1631 3749 1919 3812 audimus,
1973 3748 2117 3818 quod

547 3857 568 3891 ι
600 3855 790 3908 nempe
814 3855 900 3895 res
925 3840 1049 3896 belli
1081 3840 1294 3905 fortiter
1324 3852 1526 3911 gestas,
1556 3850 1608 3896 et
1629 3841 1872 3897 historici
1903 3855 2044 3910 saepe
2065 3849 2120 3896 et

545 3927 782 3994 pictores
814 3939 1226 3999 repraesentant,
1260 3931 1333 3985 illi
1388 3932 1607 4001 quidem
1663 3932 1912 3986 oratione
1955 3946 2118 3986 exor-

546 4030 757 4084 nantes,
791 4020 842 4073 hi
879 4035 1005 4074 vero
1035 4022 1086 4074 in
1130 4022 1330 4077 tabulis
1375 4022 1764 4092 exprimentes.
1803 4041 1822 4074 ι
1847 4021 2120 4087 Quamob-

547 4123 659 4162 rem
689 4110 780 4178 qui
837 4111 1102 4179 scriptum
1138 4111 1396 4177 admittit,
1455 4112 1502 4167 is
1574 4113 1886 4167 necessario
1922 4127 2119 4182 repre-

542 4203 909 4258 διειιιοιίοιιοηι
947 4219 1164 4274 quoque
1211 4206 1501 4260 admittet:
1564 4221 1687 4259 nam
1738 4204 1784 4260 si
1815 4220 1977 4257 unum
2010 4220 2117 4259 non

2216 1905 2467 1975 καρδίαν.

2287 2003 2357 2064 γ’.
2396 1995 2560 2066 Ἑξῆς
2594 1998 2649 2051 δὲ
2678 1998 2853 2052 ταῦτα
2882 1998 3136 2070 λέγομεν,
3178 2000 3260 2055 δτι
3293 2001 3367 2055 τὸ·
3395 2003 3629 2072 γράφειν
3672 2007 3795 2075 ἦτοι

2216 2091 2501 2155 είκονίζειν
2525 2092 2617 2144 τὸν
2649 2091 2910 2161 Χριστὸν,
2937 2094 3036 2145 οὐκ
3061 2092 3122 2157 ἐξ
3145 2093 3301 2162 ἡμῶν
3320 2094 3418 2164 τὴν
3441 2097 3615 2167 ἀρχὴν
3643 2099 3794 2167 εἰλη-

2218 2199 2340 2251 φεν,
2369 2183 2491 2247 οῦδὲ
2518 2184 2573 2234 ὲν
2602 2186 2667 2253 τῇ
2694 2183 2817 2235 καθ’
2842 2179 3211 2254 ἡμᾶςῆρκται
3230 2188 3416 2257 γενεᾷ,
3444 2188 3564 2240 οὐδὲ
3597 2190 3794 2260 νεαρὸν

2217 2272 2277 2325 τὸ
2301 2271 2621 2343 ἐφεύρημα’
2658 2273 2834 2343 χρόνῳ
2863 2274 3157 2344 τετίμηται
3181 2276 3213 2346 ἡ
3237 2276 3443 2346 γραφὴ,
3470 2279 3794 2351 ἀρχαιότητι

2218 2364 2533 2435 διαπρέπει,
2552 2365 2837 2432 ἡλικιῶτις
2862 2367 2978 2418 ἐστι
3007 2365 3099 2419 τοῦ
3123 2366 3488 2435 εὐαγγελικοῦ
3507 2369 3796 2439 κηρύγμα-

2219 2473 2310 2520 τος
2335 2472 2349 2486 ·
2379 2457 2459 2509 διὸ
2490 2458 2584 2510 καὶ
2614 2458 2897 2527 αἰδέσιμος
2933 2458 3027 2511 καὶ
3055 2457 3354 2525 σεϐασμία.
3398 2462 3507 2514 Καὶ
3532 2461 3621 2515 ἵνα
3668 2479 3796 2517 συνο

2219 2546 2530 2616 τομώτερον
2578 2546 2674 2598 καὶ
2738 2546 3087 2617 βεϐαιότερον
3138 2548 3298 2612 εἴπω,
3331 2548 3519 2620 ἐπειδὴ
3550 2550 3795 2620 σύμϐολα

2218 2636 2319 2705 τῆς
2354 2636 2588 2699 πίστεως
2647 2637 2805 2706 ήμῶν
2846 2637 2942 2707 τῆς
2993 2639 3299 2709 ἀμωμήτου
3354 2642 3423 2694 τά
3474 2643 3592 2711 ἰερὰ
3622 2640 3798 2696 ταῦτα

2223 2724 2494 2794 θεάματα,
2518 2725 2688 2779 πάλαι
2717 2729 2782 2797 τῇ
2810 2725 2990 2779 πίστει
3018 2728 3111 2781 καὶ
3138 2728 3196 2794 ἐξ
3225 2729 3402 2798 ἀρχῆς
3425 2731 3797 2803 συνυφέοτηκε

2222 2820 2315 2873 καὶ
2348 2819 2699 2887 συνήκμασεν
2729 2834 2741 2849 ·
2793 2819 3115 2873 ἀποστόλων
3177 2821 3297 2874 ἐστὶ
3349 2822 3411 2874 τὸ
3464 2823 3795 2894 ἐγχείρημα,

2224 2909 2485 2979 Πατέρων
2523 2910 2585 2962 τὸ
2629 2911 3074 2981 ὲπισφράγισμα.
3112 2911 3199 2975 Ὠς
3228 2915 3335 2985 γὰρ
3373 2912 3527 2965 αὐτοὶ
3577 2914 3667 2967 τὸν
3695 2915 3797 2984 τῆς

2224 3001 2535 3063 θεοσεϐείας
2562 3003 2700 3072 ἡμῖν
2729 3003 3096 3075 εἰσηγήσαντο
3115 3003 3295 3072 λόγον,
3313 3005 3457 3058 οὕτω
3488 3004 3584 3058 καὶ
3635 3008 3692 3058 ἐν
3721 3005 3799 3078 τῷ

2228 3093 2385 3164 μέρει
2415 3093 2610 3163 τούτῳ,
2644 3096 2736 3147 τὸν
2776 3096 2981 3165 τρόπον
3013 3096 3136 3150 καθ’
3169 3097 3227 3151 ὃν
3272 3098 3299 3150 ὁ
3335 3098 3528 3169 Σωτὴρ
3562 3100 3657 3152 ἐπὶ
3698 3105 3800 3177 τῆς

2220 3185 2328 3255 γῆς
2376 3186 2695 3257 ἀνεστράφη
2757 3187 3198 3258 πολιτευόμενος,
3242 3190 3383 3243 καθά
3441 3191 3535 3243 καὶ
3580 3191 3669 3243 διὰ
3698 3192 3799 3262 τῆς

2221 3276 2585 3348 εῦαγγελικῆς
2616 3280 2946 3349 συγγραφῆς
2973 3282 3190 3353 ἐμφανῆ
3219 3283 3312 3335 καὶ
3348 3282 3483 3351 δῆλα
3534 3283 3801 3341 καθίστα-

2219 3383 2331 3432 ται,
2367 3368 2561 3420 ταυτὸν
2583 3369 2725 3439 τάχα
2754 3370 3059 3438 ποιοῦντες,
3091 3373 3229 3443 ὅπερ
3255 3374 3441 3427 πολλοὶ
3485 3376 3596 3427 τῶν
3628 3375 3801 3430 πάλαι

2218 3453 2318 3518 τὰς
2352 3455 2635 3526 ἀριστείας
2692 3460 3078 3529 άναγράπτους
3112 3463 3467 3533 ἐποιήσαντο,
3516 3465 3579 3518 οῦ
3634 3467 3799 3536 μόνον

2220 3548 2279 3599 ὲν
2311 3546 2530 3631 βίϐλοις.
2559 3549 2988 3627 ἀναταξάμενοι,
3022 3552 3124 3623 ήδη
3158 3552 3215 3604 δὲ
3248 3555 3342 3606 καὶ
3372 3557 3429 3608 ὲν
3458 3556 3679 3621 πίναξιν
3705 3560 3798 3612 ἀν-

2223 3638 2633 3709 ιστορήσαντες.
2660 3634 2784 3693 Οἴόν
2812 3657 2864 3693 τι
2889 3642 2984 3693 καὶ
3013 3643 3167 3713 παρά
3194 3660 3299 3697 τινι
3333 3645 3441 3698 τῶν
3462 3645 3797 3702 διδασκάλων

2218 3732 2318 3801 τῆς
2362 3732 2689 3802 Ἐκκλησίας
2720 3733 2993 3805 ἀκούομεν
3015 3776 3031 3802 ,
3066 3736 3150 3790 ὅτι
3186 3756 3207 3789 ι
3270 3739 3365 3792 καὶ
3402 3740 3674 3811 -πολέμων
3706 3744 3800 3797 άν-

2220 3820 2625 3893 δραγαθήματα
2650 3826 2745 3877 καὶ
2778 3824 3111 3897 λογογράφοι
3146 3828 3412 3893 πολλάκις
3435 3831 3531 3884 καὶ
3571 3833 3793 3903 ζωγρά-

2221 3930 2311 3982 φοι
2340 3912 2814 3983 διασημαίνουσιν,
2842 3918 2891 3970 οἰ
2926 3918 3025 3988 μὲν
3049 3918 3129 3989 τῷ
3163 3919 3307 3989 λόγῳ
3354 3922 3711 3991 κοσμοῦντες,
3745 3925 3794 3976 oi

2219 4003 2275 4056 δὲ
2304 4006 2416 4067 τοῖς
2464 4004 2677 4069 πίναξιν
2710 4007 3163 4078 ὲγχαράττοντες.
3197 4028 3215 4059 ι
3253 4010 3417 4063 Ὥστε
3450 4011 3479 4063 ὁ
3518 4011 3615 4082 τὴν
3665 4029 3795 4081 συγ-

2221 4097 2437 4168 γραφὴν
2469 4097 2779 4169 δεχόμενος,
2812 4101 3128 4168 ἀναγκαίως
3158 4101 3372 4166 δέξεται
3398 4105 3495 4155 καὶ
3522 4104 3619 4174 τὴν
3652 4107 3798 4159 ίστο-

2223 4189 2374 4258 ρίαν·
2408 4192 2457 4241 εἰ
2481 4190 2591 4260 γὰρ
2625 4190 2686 4242 τὸ
2713 4190 2899 4260 ἕτερον
2932 4193 2994 4245 οὐ
3023 4192 3258 4258 δέξεται,
3292 4194 3413 4247 οὐδὲ
3451 4195 3682 4265 θάτερον
3719 4196 3814 4267 δή·

551 4293 762 4362 recipit,
795 4308 860 4347 ne
891 4293 1123 4348 alterum
1165 4294 1407 4364 quidem.
1434 4292 1555 4349 Jam
1590 4296 1714 4364 quia
1740 4295 2004 4365 quidquid
2033 4304 2111 4351 est

2222 4296 2375 4333 που.»
2409 4281 2520 4334 Καὶ
2571 4281 2764 4353 ἐπειδὴ
2799 4282 2859 4335 τὸ
2885 4284 2993 4336 πᾶν
3033 4286 3131 4354 τῆς
3164 4283 3259 4337 τοῦ
3294 4286 3469 4353 Λόγου
3514 4285 3800 4350 κενώσεως

549 4395 754 4449 actum,
785 4385 1048 4439 exinaniti
1080 4384 1243 4440 Verbi
1276 4385 1383 4439 vita
1414 4396 1564 4454 gesta
1589 4385 1711 4448 fuit.
1734 4386 2043 4456 placuitque
2068 4386 2111 4442 ei

2220 4373 2506 4442 οἰκονομία
2524 4368 2590 4443 ἦν
2627 4374 2729 4444 ἤδη
2756 4376 3150 4446 πραττόμενον,
3180 4377 3445 4448 εὐδόκησε
3488 4379 3592 4431 κάν
3615 4378 3799 4449 τούτῳ

544 4476 651 4532 hoc
680 4493 895 4547 quoque
955 4477 1115 4532 modo
1153 4478 1391 4531 divinam
1448 4479 1808 4533 (nconomiam
1859 4480 2111 4536 benevole

2221 4465 2286 4535 δὴ
2321 4464 2399 4536 τῷ
2430 4462 2618 4536 τρόπῳ
2650 4465 3047 4539 φιλανθρώπως
3076 4468 3143 4521 τὰ
3171 4467 3271 4537 τῆς
3304 4469 3623 4538 οἰκονομίας
3670 4471 3795 4522 ὲπι-

540 4569 862 4626 demonstra
874 4585 927 4624 re
948 4586 964 4635 ;
982 4569 1185 4624 ideirco
1210 4570 1310 4624 hoc
1327 4571 1489 4624 etiam
1514 4571 1898 4640 descriptionis
1921 4586 2118 4641 genere

544 4681 686 4734 opus
716 4665 838 4729 fuit,
864 4664 1133 4719 crassiore
1152 4664 1366 4734 quidem
1395 4664 1489 4720 sed
1509 4673 1687 4718 tatnen
1713 4663 2108 4731 manilestlore,

552 4756 948 4825 simpliciorum
1000 4756 1387 4825 rndiorumque
1418 4755 1697 4813 hominum
1741 4770 1943 4821 causa;
1980 4766 2041 4812 ut
2080 4757 2116 4813 ii

551 4849 714 4902 etiam
750 4848 840 4916 qui
870 4846 1082 4903 litteras
1110 4850 1405 4916 nescirent,
1446 4849 1586 4918 quod
1617 4861 1711 4918 per
1757 4840 2117 4913 litteraturam

549 4952 660 4992 non
693 4944 965 5008 poterant,
993 4937 1046 4991 id
1069 4938 1209 4995 visui
1236 4938 1478 4994 oblatum
1513 4939 1843 5007 reciperent,
1884 4946 1938 4992 et
1963 4953 2117 4993 como

552 5031 890 5100 pendiariam
935 5032 1109 5100 magis
1140 5040 1305 5101 atque
1332 5032 1723 5088 evidentiorem
1755 5046 1936 5085 rerum
1965 5030 2115 5088 noti-

2219 4558 2533 4622 δείξασθαι·
2571 4559 2651 4611 διὸ
2696 4559 2790 4612 καὶ
2848 4558 3035 4629 ἐδέησε
3071 4558 3273 4630 ταύτης
3330 4560 3432 4628 τῆς
3486 4562 3800 4631 παχυτέρας

2221 4652 2464 4725 γραφῆς,
2494 4651 2837 4721 σαφεστέρας
2864 4651 2920 4703 δὲ
2958 4652 3132 4721 ὅμως,
3164 4652 3276 4704 τῶν
3312 4651 3700 4725 ἁπλουστέρων
3738 4672 3799 4707 τε

2224 4746 2318 4800 καὶ
2365 4744 2773 4814 ἀγροικοτέρων
2829 4744 3015 4797 ἕνεκεν
3048 4760 3060 4774 ·
3111 4744 3199 4797 ἵνα
3254 4745 3347 4798 καὶ
3377 4746 3427 4798 οί
3470 4745 3545 4816 μὴ
3595 4747 3801 4810 εἰδότες

2223 4838 2550 4911 γράμματα,
2584 4839 2721 4909 ὅπερ
2751 4837 2836 4891 διὰ
2868 4839 2960 4892 τοῦ
2992 4838 3151 4908 λόγου
3177 4840 3680 4912 καθυστερίζονται,
3711 4841 3801 4895 διὰ

2215 4930 2314 5000 τῆς
2345 4929 2523 4999 ὅψεως
2573 4930 3033 5000 ἀντεισαγόμενον
3085 4929 3315 4997 ἕλοιντο,
3375 4934 3799 5003 συντομωτέραν

2214 5038 2276 5075 τε
2322 5022 2419 5075 καὶ
2478 5021 2844 5094 ἐκδηλοτέραν
2884 5022 2983 5093 τὴν
3041 5022 3150 5075 τῶν
3209 5024 3556 5094 πραγμάτων
3612 5024 3799 5080 αὐτῶν

554 5122 682 5176 tiam
715 5123 1018 5180 haurirent.
1073 5125 1226 5193 Quod
1259 5126 1402 5179 enim
1451 5138 1831 5194 smpenumero
1880 5137 2036 5178 mens
2087 5137 2111 5177 a

2215 5112 2475 5184 ἀλήθειαν
2535 5114 2893 5168 κατανοῶσιν.
2928 5114 3108 5184 Ὅπερ
3139 5115 3247 5186 γὰρ
3282 5116 3543 5179 πολλάκις
3590 5117 3620 5167 ὁ
3670 5116 3800 5181 νοῦς

552 5225 867 5269 sermonum
937 5215 1129 5271 auditu
1183 5231 1291 5270 non
1343 5216 1596 5286 percipit,
1669 5215 1820 5269 visus
1868 5214 2111 5270 veracius

2216 5206 2317 5286 οὐχ
2337 5200 2449 5259 εἷλε
2475 5206 2565 5260 διὰ
2591 5206 2693 5277 τῆς
2717 5207 2827 5259 τῶν
2874 5206 3052 5274 λόγων
3079 5207 3274 5276 ἀκοῆς,
3318 5208 3350 5276 ή
3389 5206 3511 5276 ὄψις
3544 5207 3800 5271 ἀπλανῶς

551 5305 851 5372 excipiens,
881 5306 1081 5362 clarius
1120 5306 1223 5362 sibi
1265 5284 1680 5376 interpretatur.
1730 5302 1821 5358 Sic
1854 5304 2111 5374 ejusmodi

2225 5284 2639 5370 παραλαϐοῦσα,
2677 5300 3011 5372 σαφέστερον
3059 5300 3502 5370 ὲφηρμήνευσεν.
3538 5298 3631 5364 Εἰς
3662 5300 3799 5355 ἀνά-

551 5394 801 5451 homines
838 5394 1057 5450 facilius
1101 5395 1457 5451 recordantur
1480 5410 1542 5450 ea
1570 5409 1692 5463 qua:
1716 5392 1980 5453 Christus
2008 5394 2111 5463 egit

2228 5408 2424 5464 μνησιν
2454 5384 2742 5445 λοιπὸν-ὧν
2774 5391 2839 5444 δι’
2867 5392 3015 5462 ἡμᾶς
3038 5392 3066 5443 ὁ
3101 5392 3334 5463 Χριστὸς
3374 5391 3566 5462 ἔδρασέ
3593 5407 3654 5444 τι
3704 5392 3798 5443 καὶ

2213 5542 2585 5613 suppeditatus
2627 5542 2680 5595 in
2718 5541 3073 5609 Apologetico
3106 5541 3329 5610 majore,
3379 5556 3499 5610 pag.
3528 5539 3632 5613 Gr.
3663 5540 3787 5605 I37,

2220 5628 2377 5683 quem
2408 5628 2507 5667 nos
2539 5615 2809 5683 propriam
2848 5628 3065 5681 quoque
3090 5614 3139 5666 in
3174 5614 3354 5683 sedem
3382 5612 3793 5683 transtulimus,

2220 5681 2413 5753 nempe
2438 5683 2489 5735 in
2518 5682 2955 5753 explanationem
2996 5683 3179 5753 Cyrilli
3210 5683 3261 5737 itt
3304 5681 3471 5750 lipisr.
3517 5684 3583 5735 ad
3632 5682 3795 5740 liotn.

2218 5752 2495 5826 pag.’Lat.
2527 5752 2615 5820 27,
2656 5768 2776 5808 cum
2812 5756 2993 5808 adnot.

624 5548 700 5617 (6)
738 5548 906 5605 Vides
931 5548 1209 5619 pulchram
1240 5548 1489 5619 genuinm
1515 5543 1951 5619 Christianorum
1982 5543 2103 5619 ﬁdei

552 5616 996 5688 descriptionem,
1026 5620 1227 5674 nosuis
1248 5616 1472 5688 quoque
1508 5616 1839 5688 temporibus
1876 5618 2112 5688 ntaxitne

555 5683 826 5744 idoneam.
862 5690 1099 5759 Legatur
1133 5683 1311 5743 autem
1344 5683 1695 5759 diviquoq‘ue
1740 5683 1927 5759 Cyrilli
1978 5686 2115 5759 insi-

556 5760 679 5827 guis
712 5761 811 5815 hac
858 5755 1019 5830 sup‘er
1061 5774 1120 5815 re
1142 5759 1315 5827 locus,
1353 5755 1515 5815 nobis
1560 5755 1626 5813 ah
1657 5757 1773 5828 ipso
1789 5755 2111 5827 'Nicepboro
