4072 6324
453 370 562 438 383

458 573 626 628 susin
655 571 853 628 animis
880 571 1018 626 ellici
1041 572 1215 627 solent
1248 588 1261 625 :
1299 585 1405 640 quo
1429 568 1489 624 ﬁt
1513 578 1568 622 ιιι
1595 570 1748 625 multi
1768 580 1823 625 et
1852 587 2034 626 secum

459 664 560 731 ipsi
581 670 634 718 et
658 663 922 718 adversus
943 662 1078 716 alios
1097 662 1443 727 dissentiant,
1464 661 1751 731 verbisque
1770 672 2033 732 pugnent,

460 752 531 808 de
568 753 730 809 dictis
778 753 1115 823 ambigentes
1148 766 1162 805 :
1200 761 1578 807 verumtamen
1607 767 1691 814 ea,
1750 769 1915 823 quam
1952 769 2041 808 res

461 842 703 897 visibiles
733 841 959 906 faciunt,
992 841 1124 896 ﬁdes
1160 843 1344 911 procul
1374 842 1522 897 omni
1554 844 1893 900 dubitatione
1930 855 2037 902 est.

464 933 635 988 Tanta
655 948 783 988 vero
794 944 875 988 est
893 938 1172 1002 utriusque
1189 935 1521 1001 conuuunio,
1549 944 1607 989 ut
1624 936 1675 989 in
1699 952 1805 991 uno
1825 938 2046 991 eodem-

463 1024 746 1092 quelibro,
786 1025 1088 1092 sicutsarpe
1114 1025 1165 1079 in
1192 1027 1586 1095 antiquissimis
1608 1028 1814 1082 chartis
1858 1028 2042 1082 videre

464 1122 568 1178 est,
599 1113 900 1166 alternatim
920 1129 1007 1167 res
1032 1113 1354 1179 deliueetur,
1377 1116 1506 1170 hinc
1529 1117 1744 1186 quidem
1770 1132 1865 1188 per
1883 1117 2047 1189 sylla-

465 1205 636 1257 bieam
661 1205 985 1270 orationem,
1012 1205 1158 1261 illinc
1185 1221 1313 1260 vero
1336 1222 1432 1277 per
1464 1207 1628 1262 hasce
1657 1207 1921 1277 imagines
1947 1223 2044 1261 ea-

464 1293 585 1347 dem
621 1294 861 1348 narratio
905 1295 1245 1360 exhibeatttr,
1280 1310 1400 1365 qua:
1431 1296 1590 1350 ﬁebat
1622 1297 1839 1351 litteris.
1879 1288 2033 1351 Sicut

471 1398 598 1451 ergo
615 1382 888 1453 Evangelii
904 1385 1171 1454 scriptura
1192 1384 1316 1443 inde
1329 1386 1535 1442 obtinet
1548 1389 1689 1456 apud
1708 1388 2050 1443 Christianos

477 1475 661 1541 ﬁdem,
700 1476 828 1545 quin
888 1476 995 1531 alia
1042 1479 1311 1547 scriptura
1365 1489 1457 1533 aut
1493 1481 1742 1536 oratione
1781 1481 2044 1550 indigeat,

464 1585 587 1640 qua:
615 1570 682 1624 de
718 1584 780 1625 ea
818 1577 1051 1625 testetur
1072 1570 1355 1641 eidemque
1373 1571 1770 1640 patrocinetur,
1799 1581 1855 1625 ut
1889 1588 2049 1626 vene—

467 1664 637 1717 randa
665 1672 720 1717 et
746 1650 1085 1719 honorabilis
1117 1665 1416 1732 habeatur;
1444 1665 1523 1719 sic
1554 1665 1717 1720 etiam
1742 1665 2045 1718 divinarum

470 1753 764 1824 imaginum
823 1753 1137 1822 delineatio,
1188 1770 1310 1810 cum
1365 1756 1431 1809 sit
1472 1756 1661 1810 eadem
1696 1740 1861 1825 atque
1882 1772 2052 1811 evan-

1481 375 1543 435 S.
1587 374 2011 435 NICEPHORI
2049 375 2560 438 PATBIARCHIE
2596 378 2702 438 CP.

460 483 706 551 quasdam
742 488 796 538 et
826 480 1213 553 ambiguitates
1246 481 1551 552 pariuntur,
1585 482 1895 553 diversique
1915 498 2041 539 sen-
2071 501 2110 546 Α

3618 369 3728 434 384

2141 484 2244 555 τῆς
2272 484 2535 557 τοιαύτης
2597 484 2837 556 ἱστορίας
2876 484 3144 554 γίνεσθαι.
3196 481 3461 545 Πολλάκις
3490 480 3598 550 γάρ
3638 482 3724 534 διὰ

2142 574 2252 628 τῶν
2279 575 2455 646 λόγων
2495 575 2590 630 καί⁵
2632 576 2861 648 ἀπορίαι
2898 576 3041 639 τινὲς
3096 575 3193 627 καὶ
3222 573 3725 644 διαμφισῦητήσεις

2142 665 2441 731 τίκτονται,
2476 668 2569 720 καὶ
2596 669 2922 739 φρονήματα
2970 666 3205 736 διάῳορα
3239 667 3357 728 ταῖς
3385 664 3608 733 ψυχαῖς,
3646 663 3739 726 ὡς-

2144 756 2204 807 τὸ
2235 755 2405 822 εἰκὸς,
2448 756 2673 825 φύονται
2722 773 2736 787 ·
2773 756 2959 810 πολλοὶ
3014 754 3143 825 γοῦν
3190 753 3453 824 καὶπρὸς
3498 753 3724 816 ἑαυτοὺς

2146 847 2239 903 καὶ
2268 849 2404 918 προς
2434 848 2655 917 ἐτέρους
2685 847 3137 912 διαστασιάζουσι
3191 846 3285 900 καὶ
3330 836 3724 915 λογομαχοῦσι,

2146 939 2276 1006 περὶ
2309 937 2419 991 τῶν
2474 938 2787 1008 λεγομένων
2817 937 3247 1007 ἀμφιγνοοῦντες
3269 952 3282 966 ο
3315 937 3347 1005 ἡ
3392 934 3449 986 δὲ
3479 934 3569 987 διὰ
3621 933 3729 985 τῶν

2149 1028 2365 1098 ὁρατῶν
2393 1030 2681 1094 πίστωσις,
2719 1030 3123 1099 ἀναμφίλεκτον
3156 1027 3493 1097 πανταχόθεν
3530 1024 3725 1095 κέκτη-

2147 1134 2262 1173 ται.
2307 1117 2430 1172 Ἐπὶ
2464 1118 2717 1173 τοσοῦτον
2750 1121 2805 1173 δέ
2833 1122 2890 1172 ἐν
2928 1119 3259 1190 ἀμφοτέροις
3286 1119 3319 1188 ἡ
3348 1114 3625 1175 κοινωνία,
3655 1112 3725 1177 ὡς

2148 1212 2206 1261 ὲν
2237 1211 2338 1280 μιᾷ
2372 1211 2464 1264 καὶ
2501 1214 2566 1281 τῇ
2601 1212 2740 1283 αὐτῇ
2790 1210 2981 1281 βίϐλῳ,
3038 1210 3183 1264 καθὰ
3240 1206 3513 1278 πολλαχοῦ
3541 1210 3597 1259 ἐν
3634 1206 3723 1274 ἀρ·

2149 1302 2466 1370 χαιοτάταις
2502 1302 2628 1355 ἰδεῖν
2674 1302 2789 1355 ἔστι
2819 1302 3060 1366 δέλτοις,
3108 1301 3260 1373 παρὰ
3312 1300 3478 1369 μέρος
3529 1296 3736 1367 γεγρά-

2153 1390 2306 1460 φθαι,
2334 1392 2582 1445 ἐντεῦθεν
2616 1396 2715 1463 μὲν
2764 1393 2854 1445 τὸν
2896 1392 2983 1445 δια
3042 1391 3152 1445 τῶν
3208 1390 3494 1444 συλλαϐῶν
3532 1389 3730 1456 λόγον,

2151 1483 2404 1536 ἐντεῦθεν
2437 1484 2495 1537 δὲ
2540 1483 2631 1536 τὸν
2661 1485 2750 1538 διὰ
2788 1485 2885 1553 τῆς
2931 1483 3176 1554 ἱστορίας
3213 1482 3445 1553 ταύτης,
3491 1481 3590 1532 κα)⁸
3631 1478 3735 1547 τὴν

2153 1574 2323 1644 αὐτὴν
2379 1574 2793 1644 προδείκνυσθαι
2833 1576 3111 1645 ὑφήγησιν
3167 1578 3233 1645 τῇ
3267 1576 3325 1627 ἐν
3382 1574 3734 1641 γράμμασιν.

2168 1665 2254 1729 Ὠς
2284 1661 2378 1719 οῦν
2405 1666 2497 1721 τοῦ
2540 1667 2875 1735 Εὐαγγελίου
2918 1670 2950 1738 ἡ
2998 1666 3290 1737 συγγραφὴ
3357 1663 3587 1718 αὐτόθεν
3623 1663 3740 1731 ἔχει

2157 1757 2310 1828 παρά
2358 1759 2705 1829 Χριστιανοῖς
2739 1760 2799 1812 τὸ
2857 1759 3191 1823 ἀξιόπιστον,
3252 1758 3313 1810 οὗ
3344 1754 3734 1827 ⁸’προσδεομένηιί

469 1844 638 1915 gelica
665 1846 910 1915 scriptio,
942 1862 1036 1917 per
1066 1861 1125 1901 se
1151 1845 1308 1900 ﬁdem
1344 1844 1494 1908 facit,
1522 1860 1699 1915 neque
1720 1846 2033 1899 extrinsecu

2170 1846 2339 1917 ,τέρας
2395 1849 2720 1919 συγγραφῆς
2763 1848 2797 1919 ἢ
2844 1848 3004 1916 λόγου
3067 1849 3161 1902 τοῦ
3203 1848 3672 1918 συνηγορήσοντος
3703 1844 3737 1913 ἢ

471 1948 794 2006 argumento
841 1947 983 2008 eget,
1036 1949 1110 1993 ut.
1142 1938 1416 2005 Evangelii
1450 1953 1535 1992 res
1583 1946 1956 2006 repnesentet,
1998 1949 2053 1992 et

471 2026 718 2082 eumdem
750 2043 812 2083 ac
839 2028 967 2082 illud
1002 2028 1261 2083 honorent
1295 2029 1567 2096 itnpetrel.
1599 2027 1816 2094 Quodsi
1845 2026 2055 2083 extrin-

472 2132 654 2172 secum
686 2118 1058 2174 testimonium
1097 2121 1277 2189 imago
1303 2120 1626 2189 requireret,
1653 2118 1927 2189 quomodo
1958 2119 2056 2173 ali-

476 2218 558 2262 ter
616 2211 664 2264 ci
734 2211 1067 2278 patrocinari
1113 2226 1419 2281 possemus,
1481 2227 1642 2281 quam
1691 2212 1934 2266 invocata
1989 2213 2056 2265 ab

482 2301 792 2369 t'vangelico
828 2303 1034 2372 scripto
1067 2303 1521 2359 conﬁrmatione?
1562 2302 1617 2357 Si
1645 2317 1777 2372 ergo
1810 2303 2055 2371 Evange-

478 2390 608 2444 lium
657 2392 998 2447 credentium
1050 2392 1276 2448 auribus
1329 2408 1617 2452 assonaus.
1667 2401 1950 2461 tantopere
1978 2400 2061 2446 est

481 2483 798 2539 honorabile
828 2484 979 2553 (nam
1009 2484 1141 2541 ﬁdes
1166 2494 1351 2539 nostra
1379 2499 1443 2538 ex
1476 2483 1688 2553 auditu)
1717 2482 1922 2552 pictura
1944 2496 2063 2550 qua:

482 2574 582 2641 ipsi
616 2573 751 2627 visui
776 2575 1136 2644 sensibusque
1166 2574 1438 2639 incidens,
1468 2574 1715 2628 eamdem
1750 2574 2066 2627 instructio.

485 2680 607 2717 nem
636 2665 791 2719 nobis
814 2665 1053 2729 exhibet,
1096 2666 1231 2733 hac,
1262 2665 1507 2734 inquam,
1544 2665 1626 2719 vel
1666 2675 1953 2735 prtevertet
1974 2682 2065 2720 ce-

484 2755 700 2811 li‘ritate
750 2757 1186 2824 instructionem,
1240 2757 1498 2827 quoniam
1550 2758 1699 2812 visus
1752 2757 1931 2826 aptior
1984 2767 2064 2812 est

486 2849 859 2917 persuadendo
929 2865 1093 2919 quam
1140 2850 1381 2916 auditus,
1418 2848 1500 2904 vel
1559 2859 1709 2905 certe
1766 2850 2064 2904 secundum

485 2942 711 3009 gradum
758 2957 863 2996 non
908 2943 1132 2998 tenebit.
1184 2944 1362 3014 Atque
1411 2942 1485 2996 ita
1543 2940 1820 3013 Evangelii
1890 2941 2064 2996 instar

485 3033 590 3085 erit
623 3030 722 3104 (8).

2159 1941 2769 2011 προσμαρτυρήσοντος,
2796 1940 2928 2010 προς
2960 1940 3021 1992 τὸ
3050 1936 3191 1994 εἶναι
3218 1940 3390 2009 αὐτὴν
3427 1936 3734 2005 σεϐασμίαν

2159 2031 2255 2084 καὶ
2284 2030 2493 2096 ἔνδοξον
2521 2047 2533 2060 ·
2573 2030 2729 2095 οὕτω,
2767 2032 2860 2085 καὶ
2896 2034 2927 2101 ἠ
2966 2032 3073 2084 τῶν
3104 2030 3265 2084 θείων
3303 2027 3739 2097 ἀπεικασμάτων

2160 2122 2368 2193 γραφὴ,
2401 2125 2435 2193 ἡ
2470 2122 2610 2194 αὑτὴ
2637 2125 2701 2192 τῇ
2740 2123 3073 2193 εύαγγελικῇ
3123 2122 3491 2191 τυγχάνουσα,
3523 2117 3740 2171 οἴκοθεν

2158 2216 2219 2268 τὸ
2248 2214 2440 2267 πιστὸν
2497 2215 2803 2281 ἐπάγεται,
2845 2214 2942 2268 καὶ
2992 2213 3092 2266 οὐκ
3136 2214 3204 2266 ἂν
3242 2211 3463 2281 δεηθείη
3504 2208 3603 2275 τῆς
3636 2205 3745 2257 τῶν

2161 2301 2360 2373 ἔξωθεν
2390 2305 2744 2371 ἀποδείξεως,
2776 2305 3021 2376 σημᾶναί
3046 2322 3108 2357 τε
3138 2303 3207 2357 τὰ
3237 2303 3332 2356 τοῦ
3377 2300 3741 2369 Εὐαγγεὶίου,

2161 2398 2258 2452 καὶ
2284 2398 2381 2469 τὴν
2415 2397 2586 2467 αὐτὴν
2618 2397 2815 2463 ἐκείνῳ
2842 2398 3009 2466 τιμὴν
3038 2394 3475 2465 ἀπενέγκασθαι.
3518 2394 3581 2446 El
3614 2391 3747 2458 γοῦν

2163 2492 2332 2545 ἐδεῖτο
2363 2489 2672 2561 μαρτυρίας
2718 2489 2820 2559 τῆς
2861 2490 2972 2542 τῶν
3033 2488 3213 2552 ἐκτὸς,
3271 2486 3324 2540 τί
3385 2485 3452 2538 ἆν
3512 2482 3641 2537 ἀλλο
3666 2498 3748 2541 τις

2168 2582 2629 2653 προεστήσατο,ἥ
2674 2582 2893 2644 πάντως
2944 2581 3036 2633 τὸν
3072 2579 3168 2634 τοῦ
3225 2576 3561 2646 Εὑαγγελίου
3590 2574 3748 2641 λόγον

2166 2673 2495 2743 βεϐαιοῦντα
2521 2674 2819 2745 εἰσήγαγεν
2849 2690 2864 2739 ;
2891 2673 2951 2726 Εί
2977 2673 3159 2727 τοίνυν
3186 2671 3247 2725 τὸ
3280 2668 3613 2738 Εὖαγγέλιον
3632 2668 3750 2729 ταῖς

2163 2764 2356 2826 ἀκοαῖς
2383 2763 2492 2816 τῶν
2522 2763 2734 2817 πιστῶν
2766 2762 3155 2833 ἐνηχούμενον,
3183 2761 3442 2815 τοσούτου
3486 2756 3751 2829 τιμᾶσθαι

2163 2855 2312 2920 ἄξιον
2345 2855 2462 2924 (καὶ
2483 2853 2593 2925 γὰρ
2623 2856 2656 2925 ὴ
2684 2854 2868 2919 πίστις
2904 2854 3063 2924 ἡμῶν
3098 2854 3157 2921 ἐξ
3181 2854 3400 2923 ἀκοῆς),
3432 2850 3503 2903 τὰ
3551 2851 3617 2920 τῇ
3653 2846 3752 2917 θέα

2165 2947 2305 3017 αὐτῇ
2335 2945 2776 3017 προσπίπτοντα,
2804 2946 2899 2999 καὶ
2920 2945 2988 2998 δι’
3018 2945 3187 3015 αὐτῆς
3207 2944 3306 3014 τῆς
3329 2942 3660 3012 αἰσθήσεως,
3692 2935 3755 2989 τὸ

2168 3037 2365 3091 ταυτὸν
2393 3037 2491 3107 τῆς
2520 3036 2873 3099 διδασκαλίας
2911 3029 3042 3106 ἡμῖν
3073 3034 3443 3104 παριστῶντα,
3481 3031 3514 3103 ἢ
3543 3044 3754 3101 παρευ-

484 3126 770 3198 δοκιμήσει
810 3129 910 3199 τῆς
946 3124 1296 3189 διδασκαλίας
1324 3123 1402 3195 τῷ
1432 3123 1609 3196 τάχει,
1634 3123 1770 3178 διότι
1815 3125 1910 3179 καὶ
1936 3125 2057 3198 ὄψις
2095 3127 2267 3198 ἀκοῆς
2300 3129 2502 3199 μᾶλλον
2565 3128 2627 3183 τὸ
2693 3127 2985 3196 ἐπαγωγὸν
3014 3126 3149 3197 πρὸς
3171 3124 3437 3178 πίπτωσιν
3467 3123 3753 3191 κέκτηται,

378 3207 419 3227 ⁶’
486 3218 522 3291 ἢ
556 3217 773 3283 πάντως
800 3219 902 3272 οὐκ
959 3219 1015 3271 ἐν
1048 3216 1322 3289 δευτέροις
1360 3217 1666 3281 τετάξεται.
1717 3218 1828 3271 Καὶ
1875 3217 2049 3281 οὕτως
2087 3220 2242 3274 ἔσται
2281 3219 2638 3289 Εὑαγγέλιον.

564 3311 619 3366 6.
651 3311 899 3366 Asterius
932 3321 1133 3372 autem.
1165 3323 1398 3379 namque
1426 3323 1479 3365 et
1515 3309 1603 3364 hic
1634 3310 1827 3377 dignus
1846 3319 1928 3365 est
1977 3312 2067 3380 qui

2246 3321 2320 3380 ς’.
2363 3313 2640 3384 ’Δστέριος
2663 3313 2721 3366 δὲ
2746 3312 2993 3384 (μνήμης
3019 3309 3129 3381 γάρ
3155 3309 3249 3363 καὶ
3272 3305 3463 3361 τοῦτον
3485 3306 3667 3372 ἀξιοῦν
3688 3311 3755 3362 τι

495 3419 637 3459 nunc
659 3411 1136 3467 commemoretur,
1163 3402 1279 3457 sive
1300 3402 1346 3456 is
1362 3410 1443 3456 est
1461 3416 1621 3471 quem
1646 3401 1732 3456 isti
1755 3402 2071 3471 magistrum

493 3495 776 3556 inducunt,
806 3492 920 3547 sive
944 3491 1089 3545 alius
1109 3492 1336 3562 quilibet
1363 3492 1474 3562 (9);
1507 3494 1775 3572 Asterius,
1824 3494 2070 3563 inquam,

495 3585 851 3641 nihilominus
932 3584 985 3638 in
1063 3584 1499 3642 baimorrhoissze
1576 3585 1888 3641 laudatione
1936 3584 2073 3657 (ιιι),

496 3677 736 3733 studium
783 3672 1244 3745 voluntatemque'
1266 3676 1535 3740 mulieris,
1584 3692 1747 3746 quam
1805 3678 2077 3733 credendo

501 3767 552 3820 in
596 3766 997 3823 benefactorem
1044 3781 1200 3821 suum
1246 3767 1504 3831 ostendit,
1541 3781 1872 3838 magnopere
1901 3767 2078 3822 admi-

505 3874 651 3925 rans,
672 3859 750 3913 ait
797 3858 1148 3914 constitutam
1171 3857 1242 3914 ab
1269 3857 1383 3928 ipsa
1415 3873 1621 3913 a'neam
1654 3859 1854 3915 Christi
1890 3860 2083 3930 imagi-

505 3966 650 4016 nent,
688 3950 1015 4020 evangelica:
1047 3949 1415 4019 prtedicationi
1457 3965 1615 4021 opem
1650 3951 1878 4016 tulisse;
1916 3951 1987 4006 ita
2023 3956 2083 4004 ιιι

505 4041 646 4095 hanc
700 4041 990 4097 irridentes
1022 4040 1192 4096 Judaei
1230 4041 1393 4096 simul
1433 4053 1489 4097 et
1537 4043 1741 4096 ethnici
1794 4042 2083 4097 convince-

512 4145 697 4188 rentur
721 4142 901 4187 tameu
956 4150 1020 4187 ac
1067 4133 1427 4202 pudeﬁerent,
1461 4133 1586 4202 quia
1619 4149 1803 4187 veram
1836 4147 1959 4186 esse
1990 4133 2086 4187 do-

507 4225 739 4282 ctrinam
781 4223 924 4280 illam
955 4224 1297 4279 tuauil'estius
1324 4225 1564 4295 patebat.
1588 4223 1764 4290 Quam
1789 4223 2084 4278 convictio-

507 4332 628 4372 nem
660 4331 765 4372 non
795 4315 1196 4384 ferentesimpii
1228 4315 1447 4383 quidam
1479 4329 1543 4369 ac
1559 4313 1653 4369 Dei
1669 4314 1874 4381 hostes,
1903 4330 2084 4370 rerum

505 4408 738 4462 subinde
772 4420 985 4461 smnma
1031 4404 1211 4473 potiti,
1264 4403 1505 4457 divinam
1561 4412 1821 4471 statuam,
1858 4402 1935 4458 ita
1976 4402 2086 4459 Deo

512 4508 639 4552 tunc
694 4496 1064 4566 permittente,
1105 4492 1345 4560 dejicere
1379 4491 1546 4546 moliti
1579 4501 1706 4546 sunt
1740 4492 1853 4563 (ll)
1886 4512 1899 4548 :
1938 4495 2083 4565 quod

509 4604 641 4644 sane
689 4588 890 4641 nostris
916 4599 1131 4655 quoque
1163 4584 1501 4653 temporibus
1530 4583 1601 4637 ob
1649 4594 1868 4655 peccata
1901 4599 2085 4640 nostra

509 4687 882 4751 perpetratum
914 4678 1179 4731 videmus.
1204 4674 1339 4730 Cum
1372 4674 1426 4729 in
1451 4676 1718 4746 utrisque,
1751 4687 1861 4730 tum
1896 4677 2083 4747 pictu-

513 4786 571 4824 ra
600 4768 807 4824 scilicet
839 4776 950 4822 tum
977 4767 1270 4838 scriptura,
1304 4781 1472 4822 unum
1519 4767 1769 4837 idemque
1792 4783 2083 4838 argumen-

512 4870 624 4915 tum
656 4860 907 4925 exsistant,
940 4873 1135 4931 resque
1171 4861 1240 4917 ab
1277 4860 1383 4916 illis
1425 4861 1744 4931 signiﬁcata:
1781 4876 1877 4930 per
1903 4862 2086 4916 omnia

508 4954 624 5027 89
651 4954 858 5012 similes
888 4956 1018 5022 sint,
1047 4956 1170 5027 quis
1201 4971 1332 5012 sana
1371 4967 1551 5012 mente
1578 4958 1834 5027 praeditus
1869 4965 1962 5012 aut
1995 4973 2083 5013 so-

590 5094 667 5164 (8)
703 5090 910 5164 Nempe
937 5095 1004 5149 ad
1034 5092 1549 5149 demonstrationem
1579 5094 1720 5165 quod
1748 5093 1964 5161 attinet,
1986 5107 2088 5148 non

518 5167 583 5218 ad
609 5168 1010 5235 atttjtoritatem.
1050 5165 1247 5220 Recole
1287 5181 1339 5235 ρ.
1370 5166 1461 5228 3|,
1499 5166 1623 5219 adn.
1658 5165 1748 5219 26.

591 5236 666 5306 (9)
692 5234 888 5289 Recole
914 5252 967 5306 p.
1003 5236 1093 5300 80,
1120 5251 1242 5291 cum
1269 5230 1454 5290 atlnot.
1474 5236 1566 5291 9L
1590 5235 1834 5306 Naittqtte
1876 5241 1931 5288 et
1970 5230 2077 5306 illic

522 5303 1141 5361 duo'distincti’Asterii
1174 5307 1608 5361 subindicantur.
1656 5303 1763 5359 Sed
1811 5314 1989 5355 tamen
2022 5303 2089 5356 de

526 5378 611 5451 his
641 5376 908 5451 prolixith
936 5377 1039 5451 dici
1064 5392 1105 5451 Aa
1133 5377 1289 5451 nobis
1316 5392 1421 5451 n_o_n
1446 5386 1528 5430 est
1556 5391 1715 5451 opus,
1747 5372 2089 5451 quandoquie

527 5441 837 5501 detuexstat
852 5444 1028 5501 Photii
1047 5447 1500 5516 Atnpltilochiana
1518 5441 1880 5516 quiestioqttot
1895 5441 2095 5510 fuerint

526 5517 911 5592 AsteriiKapttd
937 5512 1346 5592 Ootulielisiutn,
1374 5528 1507 5571 tom.
1539 5512 1637 5568 eit.
1664 5528 1719 5582 p.
1751 5512 1879 5565 280.
2008 5579 2019 5592 ο
2058 5579 2068 5592 ε

598 5587 715 5658 (ίυ)
737 5586 1056 5662 Quindecim
1087 5587 1201 5662 fere
1226 5589 1318 5658 qui
1362 5594 1904 5662 διανυηιυνδῖετευε,
1950 5586 2098 5662 Emisit

528 5651 736 5728 cx'nts.
761 5651 1328 5728 NicephoroAllatius
1349 5656 1415 5728 ad
1438 5651 1966 5728 Combeﬁsium,_qui
1984 5652 2098 5705 edi-

526 5726 602 5779 dit
632 5736 763 5781 tum.
797 5721 972 5796 citfp.
1005 5727 1130 5780 277.
1161 5726 1363 5783 Ibidem
1392 5724 1555 5795 igitur
1575 5721 1937 5796 Combeﬁsius
1971 5735 2096 5790 gra-

529 5799 732 5853 tulatur
788 5798 855 5854 de
920 5792 1211 5867 Nicephori
1284 5792 1444 5869 opere
1500 5805 1755 5865 tanquam
1835 5792 2089 5847 thesauro

2174 3402 2270 3457 νῦν
2290 3402 2498 3456 δίκαιον
2520 3401 2645 3475 [b]),
2677 3405 2787 3457 εττε
2816 3402 2875 3456 δν
2904 3403 3060 3456 αὐτοὶ
3088 3401 3409 3455 διδάσκαλον
3436 3400 3754 3465 ἐπάγονται,

2175 3494 2210 3565 ἦ
2260 3492 2509 3548 ὁστισοῦν
2561 3493 2772 3564 ἕτερος,
2822 3491 3101 3562 Ἀστέριος
3160 3489 3203 3543 δ’
3235 3485 3329 3544 οῦν
3379 3489 3551 3558 ὅμως,
3592 3490 3650 3541 ἐν
3681 3489 3758 3557 τῷ

2176 3587 2258 3649 είς
2283 3584 2381 3656 τὴν
2436 3585 2739 3656 αἱμόῤῥουν
2793 3582 3083 3653 ἐγκωμίῳ,
3130 3580 3231 3653 τήν
3282 3597 3343 3632 τε
3385 3580 3625 3650 σπουδὴν
3664 3581 3759 3631 καὶ

2179 3677 2503 3749 προαίρεσιν
2529 3676 2623 3729 τοῦ
2648 3676 2900 3746 γυναίου,
2934 3677 3000 3746 ἠν
3032 3674 3164 3744 περὶ
3192 3674 3293 3744 τὴν
3326 3672 3514 3727 πίστιν
3545 3672 3648 3743 τὴν
3678 3673 3759 3734 εἶς

2180 3769 2273 3822 τὸν
2338 3768 2645 3841 εὐεργέτην
2680 3766 3024 3831 ἐπεδείξατο,
3082 3765 3508 3837 ύπεραγάμενός
3567 3781 3759 3834 φησιν,

2180 3861 2263 3914 ὅτι
2285 3877 2348 3929 γε
2374 3860 2439 3930 δὴ
2464 3862 2492 3914 ὁ
2522 3860 2655 3931 παρ’
2678 3860 2850 3929 αὐτῆς
2881 3861 2962 3923 είς
2993 3858 3167 3911 τύπον
3212 3857 3307 3911 τοῦ
3339 3856 3581 3928 Χριστοῦ
3625 3858 3761 3927 χαλ-

2184 3950 2516 4023 κουργηθεὶς
2554 3950 2800 4022 ἀνδριὰς,
2858 3953 2942 4013 είς
2992 3948 3325 4020 συνηγορίαν
3370 3947 3464 4002 τοῦ
3525 3948 3761 4015 εύαγγε·

2184 4043 2338 4097 λικοῦ
2371 4042 2735 4115 κηρύγματος
2777 4042 3034 4112 ἕστηκεν,
3066 4040 3209 4095 ὥστε
3243 4042 3373 4104 τοὺς
3399 4040 3558 4093 τοῦτο
3602 4056 3762 4109 κωμ-

2186 4134 2462 4205 ῳδοῦντας
2502 4136 2596 4189 καὶ
2635 4133 3152 4205 καταχλευάζοντας
3216 4132 3506 4191 Ἰουδαίους
3559 4148 3620 4184 τε
3670 4133 3768 4183 καὶ

2188 4226 2478 4298 Ἕλληνας,
2500 4225 2567 4279 δι’
2590 4225 2760 4279 αὐτοῦ
2779 4224 2995 4296 ἀληθῶς
3017 4223 3126 4277 τῶν
3153 4220 3585 4294 κηρυσσομένων
3603 4220 3783 4291 ἐκδηκ

2187 4318 2408 4389 λότερον
2462 4320 2899 4386 ἐκφαινομένων,
2948 4315 3215 4386 ἡττᾶσθαι
3247 4317 3345 4368 καὶ
3399 4314 3765 4382 καταισχύνε-

2190 4409 2333 4464 σθαι.
2368 4403 2444 4465 Οῦ
2464 4409 2556 4464 τὸν
2572 4409 2793 4480 ἔλεγχον
2825 4410 2891 4462 οὐ·
2921 4409 3203 4481 φέροντες,
3232 4407 3342 4461 τῶν
3367 4406 3513 4461 κατά
3535 4407 3766 4478 καιροὺς

2189 4501 2541 4575 κρατούντων
2589 4502 2808 4555 ἀσεϐῶν
2835 4518 2897 4553 τε
2940 4503 3035 4556 καὶ
3074 4502 3365 4573 θεομάχων
3416 4500 3583 4565 τινὲς,
3631 4498 3768 4569 πρὸς

2202 4592 2529 4664 καθαίρεσιν
2559 4592 2655 4646 τοῦ
2685 4592 2832 4645 θείου
2890 4593 3228 4663 ἀγάλματος,
3269 4592 3417 4646 οῦτω
3466 4590 3769 4662 τηνικαῦτα

2193 4685 2329 4740 Θεοῦ
2374 4687 2856 4757 συγχωρήσαντος,
2895 4686 3304 4757 ἐπεχείρησανο
3359 4686 3496 4755 ὅπερ
3549 4684 3614 4754 δὴ
3677 4685 3771 4736 καὶ

2199 4774 2285 4843 ἐφ’
2312 4773 2468 4845 ἡμῶν
2493 4776 2581 4829 διὰ
2608 4775 2706 4839 τὰς
2737 4776 3016 4846 ἁμαρτίας
3033 4775 3190 4845 ἡμῶν
3212 4773 3429 4845 ὁρῶμεν
3458 4775 3770 4843 γινόμενον.

2211 4863 2331 4916 Ἐπ’
2362 4865 2567 4933 ἀμφοῖν
2592 4860 2688 4918 οῦν
2713 4865 2821 4918 τῶν
2872 4864 3104 4936 γραφῶν
3136 4867 3266 4936 μιᾶς
3312 4865 3405 4918 καὶ
3445 4864 3545 4932 τῆς
3601 4863 3775 4935 αὐτῆς

2198 4957 2553 5030 ὑπαρχούσης
2586 4958 2920 5023 ὑποθέσεως,
2953 4960 3182 5014 καὶτῶν
3219 4959 3316 5013 ἀπ’
3352 4958 3536 5011 αὐτῶν
3569 4974 3773 5028 σημαι-

2199 5092 2377 5146 adlmc
2410 5094 2672 5161 reposito,
2699 5093 2794 5148 sed
2832 5105 3009 5147 tamen
3059 5093 3300 5148 invento.

2270 5161 2383 5232 (ll)
2420 5163 2568 5216 lianc
2602 5165 2805 5218 Christi
2841 5165 3050 5217 Domini
3079 5174 3334 5227 statuam,
3366 5164 3432 5216 de
3462 5178 3563 5232 qua
3594 5162 3777 5216 Euse—

2198 5231 2340 5296 bius,
2366 5231 2513 5286 Hist.
2544 5235 2671 5288 εστι.
2692 5232 2805 5296 Vll,
2831 5234 2918 5300 18,
2940 5236 3029 5288 alii
3053 5250 3300 5289 eversam
3342 5231 3509 5288 luisse
3543 5250 3570 5285 ιι
3599 5233 3775 5287 Masi-

2198 5304 2346 5356 mino
2371 5305 2543 5363 aiunt,
2577 5305 2665 5357 alii
2695 5319 2723 5356 a
2751 5303 2992 5358 Juliano.

2267 5371 2342 5441 (ι)
2395 5374 2756 5429 Combeﬁsius
2810 5376 2899 5443 qui
2958 5377 3121 5430 breve
3176 5376 3302 5431 hinc
3339 5383 3672 5441 excerptum,
3713 5389 3775 5427 ex

2197 5440 2386 5496 l’ltOtio
2434 5455 2730 5512 sumptum.
2784 5440 2969 5509 edidit,
3018 5446 3068 5498 in
3118 5446 3268 5499 Auct.
3334 5444 3475 5498 Bibl.
3506 5440 3624 5497 ΙΨ.
3662 5458 3701 5496 ι.
3735 5442 3778 5508 l,

2197 5526 2249 5579 ρ.
2299 5512 2427 5576 255,
2472 5515 2619 5582 punit
2657 5533 2671 5568 :
2712 5514 3020 5579 ’Λξιοῦνται
3080 5515 3172 5569 τὸν
3215 5517 3463 5570 δίκαιονο
3528 5515 3779 5577 ridicule,

2196 5593 2384 5636 tontra
2440 5591 2616 5638 textus
2667 5585 2854 5655 scripti
2901 5587 3217 5651 veritatem;
3279 5586 3513 5640 absurde
3572 5596 3781 5647 autem,

2195 5663 2387 5705 contra
2429 5666 2663 5708 mentem
2707 5658 2968 5719 auctoris,
3009 5657 3098 5724 qui
3144 5658 3439 5719 Asterium,
3475 5656 3779 5723 nedumju-

2197 5732 2362 5794 stum,
2400 5725 2495 5781 sed
2536 5725 2710 5780 dubiae
2736 5726 2858 5781 lidei
2897 5728 3191 5783 existimat.
