4072 6324
216 427 341 489 385
966 431 1594 495 ANTIRRHETICUS
1630 431 1724 495 III
1763 435 2572 505 ADV..CONSTANTINUM
2612 444 2827 505 COPR.
3418 449 3528 516 386

217 535 497 605 νομένων
529 535 874 609 πραγμάτων
928 539 1273 611 ἑκατέρωθεν
1307 543 1369 596 τὸ
1406 544 1836 614 ἀπαράλλακτον

1951 548 2115 615 brius,
2178 550 2233 605 in
2291 551 2494 621 quibus
2533 553 2673 609 nihil
2737 554 3077 612 discriminis
3135 566 3244 625 est,
3304 560 3527 632 dignum

220 627 641 698 κεκτημένων,
670 629 756 694 τίς
778 630 890 684 τῶν
917 632 1044 686 νοῦν
1074 634 1313 704 ἑχόντων
1359 637 1455 690 καὶ
1491 640 1844 711 σωφρρνοιὶν-

1951 657 2134 703 unum,
2167 642 2310 712 quod
2348 645 2676 713 honoratur;
2706 646 2938 702 alterum
2973 654 3117 717 quod
3152 627 3529 718 comburatur,

219 739 376 783 των,
415 723 478 773 ὲν
510 718 594 785 οἷς
623 722 686 775 τὸ
736 723 1030 796 ἀδιάφορον
1058 727 1385 799 ἐνυπάρχει,
1430 729 1492 783 τὸ
1533 731 1633 799 μὲν
1672 749 1844 803 προσ-

222 812 539 868 κυνεῖσθαι
597 812 665 867 ἂν
733 814 968 887 ἀξιώσῃ,
1014 818 1076 869 τὸ
1103 817 1164 871 δὲ
1214 819 1836 891 καταπίμπρασθαι;Εί

224 905 349 973 γὰρ
377 905 448 956 τὸ
478 904 670 974 ἕτερον
722 905 927 975 τίμιον.
962 907 1058 960 καὶ
1085 907 1319 978 θάτερον
1368 909 1428 973 ἐξ
1464 910 1713 981 ἀνάγκης
1737 927 1753 943 ο
1793 913 1844 965 ει

220 997 289 1048 δὲ
318 997 388 1048 οὐ
429 996 617 1060 τοῦτο,
666 996 791 1050 οὐδὲ
832 999 1014 1051 ἐκεῖνο
1057 999 1280 1069 τίμιον⁸
1347 1002 1446 1055 καὶ
1493 1003 1685 1075 ἐπειδὴ
1719 1005 1843 1057 κατ’

221 1087 399 1139 οὐδὲν
430 1086 810 1157 διαφέρουσιν,
841 1090 871 1141 ὁ
922 1087 985 1140 τὸ
1033 1088 1226 1161 ἕτερον
1282 1093 1586 1164 καθαιρῶν,
1626 1095 1689 1148 τὸ
1734 1095 1845 1150 πᾶν

226 1180 600 1247 Εὑαγγελίου
629 1179 962 1250 καθῃρηκὼς
992 1181 1101 1252 εἴη.
1138 1184 1202 1236 Ὢ
1230 1183 1332 1253 τῆς
1382 1187 1583 1255 μανίας
1614 1188 1629 1241 ι
1663 1185 1710 1239 ὣ
1741 1188 1842 1259 τῆς

224 1272 556 1335 ἁπονοίαςί
600 1272 842 1342 Χριστοῦ
904 1275 1097 1347 μνήμη
1159 1277 1253 1329 καὶ
1302 1277 1476 1348 ὄνομα
1512 1280 1843 1350 πρόκειται*

226 1368 395 1428 ’τίνες
429 1366 479 1417 οἱ
530 1365 1045 1436 καταστρέφοντεςς
1097 1362 1210 1438 ἆρα
1245 1369 1617 1439 Χριστιανοὺς
1649 1371 1847 1441 ὀνομα-

1946 733 2249 801 putaverit?
2290 733 2426 789 Nam
2477 736 2527 790 si
2584 751 2752 793 unum
2806 730 3130 797 honorabile
3160 753 3265 809 est,
3305 761 3531 802 necesse

1946 830 2031 879 est
2075 838 2199 880 esse
2257 833 2313 879 et
2350 825 2583 880 alterum
2648 845 2662 882 :
2724 828 2809 884 sin
2859 829 2962 886 hoc
3016 832 3242 889 minime
3300 846 3406 902 est,
3460 852 3529 893 ne

1947 914 2079 970 illud
2106 916 2347 984 quidem.
2398 916 2467 971 Et
2498 919 2755 986 quoniam
2801 919 2916 976 haec
2965 922 3102 978 nihil
3156 924 3434 992 dill‘eruut,
3483 928 3531 984 si

1945 1004 2070 1075 quis
2118 1004 2348 1060 alterum
2410 1006 2676 1073 destruat,
2715 1018 2884 1065 totam
2938 1011 3214 1083 Evangelii
3260 1031 3530 1072 summam

1947 1096 2300 1151 destruxerit.
2396 1100 2439 1149 υ
2517 1099 2790 1153 vesaniam
2867 1111 3033 1170 atque
3142 1103 3529 1162 dementiam!

1947 1185 2150 1241 Christi
2206 1186 2412 1242 mentio
2484 1202 2793 1259 nomenque
2862 1189 2976 1247 illic
3038 1203 3328 1261 prostant;
3402 1195 3528 1266 qui-

1948 1292 2074 1331 nam
2151 1277 2203 1331 lii
2285 1287 2415 1332 sunt
2472 1279 2563 1348 qui
2635 1281 2970 1336 destruunt?
3022 1282 3160 1339 Num
3227 1286 3528 1345 Christiani

1949 1369 2252 1437 appellandi
2276 1370 2298 1424 ?
2326 1368 2475 1441 Nego
2503 1371 2804 1428 enimvero.
2834 1373 3004 1429 Judaei
3033 1377 3135 1431 hoc
3164 1378 3366 1433 audent
3394 1380 3531 1434 faci-

228 1458 440 1522 στέονς
474 1458 552 1509 Οὐ
587 1456 687 1526 μὲν
721 1453 837 1513 οὖν·
882 1456 1125 1513 Ἰουδαῖοι
1154 1459 1317 1513 τοῦτο
1335 1462 1581 1532 τολμῶσι
1601 1465 1697 1516 καὶ⁹
1722 1463 1848 1516 Ἐλ-

230 1551 415 1618 ληνες
443 1550 543 1602 καὶ
572 1548 872 1621 βάρϐαροι,
908 1551 1095 1621 ἐχθροί
1127 1567 1191 1619 γε
1224 1550 1404 1619 ὄντες,
1442 1555 1538 1606 καὶ
1590 1554 1693 1624 τῆς
1719 1554 1844 1608 καθ’

230 1644 397 1714 ἡμᾶς
430 1644 589 1713 ίερᾶς
624 1641 927 1712 θρησκείας
949 1641 1247 1713 ἀλλότριοι,
1285 1638 1367 1707 οἷς
1406 1645 1504 1698 καὶ
1538 1640 1685 1699 οὗτοι
1721 1648 1848 1700 ἁτε-

234 1737 392 1805 χνῶς
427 1734 505 1797 ὡς
532 1735 913 1805 Χριστομάχοι
956 1735 1377 1801 συντετάξονται
1405 1751 1421 1768 ⁸
1471 1736 1548 1801 ὡς
1600 1736 1846 1793 Ἰουδαῖοι

236 1828 843 1893 σκανδαλιςέσθωσαν,
901 1828 978 1891 ὡς
1027 1828 1291 1898 Ἕλληνες
1348 1828 1842 1899 μωραινέσθωσαν·

1948 1474 2071 1523 nus,
2103 1462 2298 1529 pagani
2331 1461 2644 1529 etbarbari,
2678 1477 2801 1519 cum
2852 1465 2962 1520 sint
2993 1468 3177 1522 hostes
3236 1479 3532 1539 nostroque

1949 1565 2111 1604 sacro
2148 1552 2296 1606 cultu
2336 1553 2542 1620 alieni;
2575 1554 2773 1623 quibus
2817 1556 2871 1610 lii
2903 1558 3066 1611 etiam
3109 1562 3228 1613 slne
3273 1559 3382 1613 ulla
3427 1562 3530 1615 du-

1950 1639 2238 1706 bitatione,
2272 1650 2460 1710 utpote
2506 1641 2713 1697 Christi
2748 1643 2956 1710 hostes,
3000 1648 3527 1705 annumerabnntur.

1950 1728 2232 1799 Tanquam
2276 1729 2448 1787 Juda'i
2486 1734 2952 1800 scandalizentur,
3017 1743 3275 1807 tanquam
3325 1739 3529 1794 ethnici

1949 1819 2325 1889 infatuentur;
2355 1824 2792 1894 quandoquidem
2827 1826 3079 1882 Christus
3125 1828 3216 1897 qui
3261 1829 3531 1899 praedica-

233 1923 562 1992 ἐπειδήπερ
595 1920 1021 1991 ἐσταυρωμένος
1045 1921 1075 1973 ὁ
1105 1920 1347 1991 Χριστὸς
1401 1921 1842 1991 κηρυσσόμενος,

1951 1921 2038 1965 tur
2062 1915 2376 1979 cruciﬁxus,
2408 1915 2552 1983 quod
2583 1917 2724 1971 idem
2751 1928 2835 1972 est
2891 1934 2956 1973 ac
2989 1921 3034 1974 si
3083 1920 3349 1989 figuratus
3374 1923 3531 1979 dica-

231 2015 451 2068 ταυτὸν
481 2014 543 2066 δὲ
583 2015 751 2082 φάναι
788 2012 885 2065 καὶ
930 2012 1359 2081 είκονιζόμενος,
1409 2012 1691 2076 Ἰουδαίοις
1743 2012 1845 2084 μέν

232 2110 365 2160 ἐστι
393 2103 957 2173 σκάνδαλον,Ἕλλησι
975 2103 1033 2157 δὲ
1060 2105 1264 2175 μωρία.
1285 2104 1497 2175 Ὠσπερ
1519 2103 1616 2158 οὖν
1637 2105 1666 2157 ό
1688 2103 1846 2174 λόγος

232 2201 267 2251 ό
290 2198 403 2251 τοῦ
430 2195 676 2266 σταυροῦ
706 2194 935 2249 καὶτῶν
984 2195 1080 2249 τοῦ
1137 2196 1554 2267 σταυρευθέντος
1596 2196 1846 2266 ὑπομνη-

238 2289 472 2359 μάτων,
502 2290 619 2350 τοῖς
653 2288 752 2358 μὲν
786 2286 1194 2358 ἀπολλυμένοις
1242 2288 1423 2360 μωρία
1454 2289 1594 2353 ἑστι,
1644 2291 1760 2351 τοῖς
1787 2287 1845 2341 δὲ

237 2381 596 2450 σωζομένοις
631 2381 766 2451 ἡμῖν
792 2378 1025 2450 δύναμις
1056 2379 1196 2433 Θεοῦ
1250 2382 1393 2446 ἐστι,
1437 2380 1534 2434 καὶ
1562 2379 1740 2435 ταῦτά
1781 2396 1846 2448 γε

233 2477 358 2546 ἄρα
388 2473 660 2537 ὡσαύτως
697 2473 792 2526 τὸν
852 2472 1087 2543 σταυρὸν
1125 2472 1221 2526 τοῦ
1245 2474 1485 2543 Χριστοῦ
1513 2474 1609 2527 καὶ
1652 2474 1713 2526 τὸ
1744 2475 1847 2529 πά-

234 2568 339 2629 θος
374 2568 517 2637 ἡμῖν
558 2565 958 2636 διαγράφουσιν
986 2580 1001 2595 ο
1033 2566 1083 2618 εί
1109 2564 1169 2618 δὲ
1206 2565 1613 2635 τάληθέστερον
1669 2567 1847 2621 εἰπεῖν

235 2663 305 2713 ἑκ
344 2658 699 2730 περιουσίας,
725 2657 819 2709 καὶ
850 2656 951 2719 τὰς
994 2655 1303 2726 θεοσημίας
1343 2657 1441 2710 καὶ
1492 2656 1846 2729 θαυματουρ-

235 2753 405 2820 γίας,
454 2749 638 2820 ἇσπερ
678 2749 1074 2820 τερατουργῶν
1128 2749 1440 2803 ἐδείκνυτο·
1493 2749 1592 2802 καὶ
1655 2748 1713 2803 ἐν
1757 2750 1847 2802 ἐπ’

235 2842 600 2913 ἀμφοτέροις
627 2841 746 2894 ἐστὶ
771 2840 833 2893 τὸ
860 2839 960 2911 τῆς
983 2841 1153 2910 τιμῆς
1184 2840 1385 2905 αἴτιον,
1402 2842 1449 2911 δή
1477 2839 1575 2893 τοῦ
1603 2840 1847 2911 Χριστοῦ

238 2937 519 2997 κένωσις.

316 3049 394 3115 ζ’.
431 3049 501 3103 Oi
532 3048 590 3101 δέ
613 3066 677 3118 γε
704 3047 897 3117 φαῦλοι
928 3050 1022 3104 καὶ
1065 3048 1176 3103 τῶν
1209 3047 1434 3119 φαύλων
1461 3050 1723 3121 ἐργάται,
1751 3049 1847 3103 ὑπ’

241 3139 623 3209 ἀναισχύντου
652 3139 876 3212 γνώμης
931 3140 1328 3195 καταιτιῶνται
1366 3141 1537 3211 ἡμᾶς.
1593 3143 1660 3212 τῇ
1699 3140 1845 3212 ἁπλῇ

244 3233 444 3285 πίστει
471 3231 647 3300 καίτῇ
681 3229 981 3300 παραδόσει
1032 3232 1142 3300 τῆς
1176 3230 1479 3301 καθολικῆς
1519 3230 1847 3302 Ἐκκλησίας

245 3328 316 3396 τῇ
346 3324 592 3395 ἀγράφῳ
618 3321 1148 3393 ὲπιστηριζομένους
1169 3335 1183 3351 ⁶
1228 3321 1367 3378 ἀλλὰ
1395 3321 1592 3393 ῥητέον
1636 3323 1844 3387 αὐτοῖς,

246 3419 336 3469 ὃτι
380 3412 624 3486 μάλιστα
655 3413 755 3484 μὲν
782 3415 814 3484 ή
850 3413 1098 3482 ἄγραφος
1131 3411 1434 3481 παράδοσις
1462 3412 1525 3464 τὸ
1554 3412 1847 3483 ἰσχυρότα-

247 3528 350 3563 τον
383 3509 608 3562 πάντων
640 3504 930 3578 κέκτηται,
968 3506 1065 3559 καὶ
1094 3499 1207 3559 οἷον
1242 3504 1452 3575 κρηπίς
1477 3520 1563 3567 τις
1586 3505 1680 3557 κα)⁸
1713 3503 1849 3576 ἕδρα

250 3603 371 3656 τῶν
405 3603 465 3653 ὲν
494 3603 559 3672 τῇ
589 3601 783 3671 χρήσει
810 3596 905 3651 τοῦ
958 3596 1077 3669 βίου
1108 3596 1281 3663 ἐστὶν,
1311 3596 1435 3665 ἥτις
1478 3596 1572 3649 ἐπὶ
1600 3596 1849 3651 πλεῖστον

251 3691 596 3762 διαρκέσασα
638 3689 1023 3760 πεποιωμένον
1072 3687 1193 3751 ἔθος
1255 3687 1630 3740 καθίσταται*
1685 3688 1747 3740 τὸ
1793 3686 1851 3741 δὲ

255 3787 384 3849 εθος
419 3784 601 3854 χρόνῳ
626 3781 825 3853 μακρῷ
856 3779 1182 3852 βεὸαιωθὲν,
1208 3780 1428 3848 φύσεως
1448 3781 1603 3850 ἰσχὺν
1634 3779 1850 3850 λαμϐά-

256 3896 344 3931 νει
372 3893 386 3907 ’
449 3875 664 3944 φύσεως
693 3874 751 3927 δὲ
803 3873 859 3927 τί
912 3874 978 3927 ἂν
1028 3873 1114 3944 εἴη
1155 3872 1549 3944 ἰσχυρότερον;
1581 3873 1644 3925 Ei
1686 3872 1744 3925 δὲ
1770 3872 1853 3925 δεῖ

258 3968 690 4041 περιεργότερον
718 3966 916 4020 τούτου
938 3965 1225 4029 διαλαϐεῖν
1247 3966 1481 4028 εἵνεκεν,
1514 3964 1737 4035 ὁρῶμεν
1765 3965 1849 4017 ὅτι

260 4062 363 4115 καὶ
404 4061 468 4111 τὸ
500 4058 831 4127 Εὑαγγὲλιον
861 4057 992 4112 αὐτὸ
1042 4057 1310 4127 ἀγράφως
1343 4056 1404 4111 τὸ
1434 4056 1491 4125 ἐξ
1535 4056 1712 4128 ἀρχῆς
1748 4073 1854 4111 πα-

264 4154 576 4227 ραδέδοται.
599 4154 656 4205 Ὀ
686 4153 796 4223 γὰρ
820 4150 1031 4221 Κύριος
1063 4153 1159 4205 καὶ
1184 4152 1316 4215 Θεὸς
1346 4150 1504 4222 ἡμῶν
1530 4151 1623 4203 ἐπὶ
1648 4151 1710 4204 τὸ
1743 4166 1851 4204 σω-

260 4250 460 4319 τήριον
491 4243 777 4316 προελθὼν
823 4244 1112 4314 κήρυγμα,
1152 4244 1255 4297 οὐκ
1302 4245 1362 4296 ὲν
1397 4243 1695 4314 γράμμασι
1725 4242 1853 4305 τοὺς

264 4337 447 4401 θείους
483 4337 727 4399 ἐκείνους
764 4337 858 4388 καὶ
888 4335 1244 4405 θαυμαστοὺς
1264 4334 1469 4405 νόμους
1496 4333 1740 4400 ἐξέθετο,
1776 4332 1851 4393 ὡς

266 4432 430 4502 ἴσμεν
464 4431 724 4505 ἅπανῖες,
762 4428 883 4482 οὐδὲ
910 4430 967 4481 ἐν
992 4430 1169 4501 χάρτῃ
1196 4427 1291 4480 καὶ
1337 4427 1529 4497 μέλανι
1573 4425 1673 4497 τὴν
1709 4426 1852 4498 W7“

262 4526 365 4593 λὴν
408 4522 556 4576 οὕτω
588 4524 683 4577 καὶ
726 4522 999 4593 σωτήριον
1032 4518 1385 4575 διδασκαλίαν
1430 4518 1756 4590 ἐνέγραψεν,
1788 4518 1849 4571 οὐ

1948 2011 2056 2065 tur,
2093 2000 2298 2057 Judaeis
2322 2004 2542 2073 quidem
2583 2006 2901 2061 scandalum
2932 2018 3038 2072 est,
3074 2010 3309 2063 ethnicis
3338 2021 3525 2066 autem

1947 2093 2195 2147 stultitia.
2257 2094 2412 2150 Sicut
2466 2110 2597 2166 ergo
2628 2110 2809 2150 sermo
2864 2098 2931 2151 de
2964 2112 3127 2154 cruce
3166 2108 3222 2153 et
3251 2101 3316 2154 de
3367 2103 3531 2158 rebus

1947 2186 2192 2241 cruciﬁxi
2227 2188 2694 2256 memorabilibus,
2746 2191 2974 2259 perditis
3008 2192 3317 2251 hominibus
3343 2197 3528 2253 stulti-

1951 2279 2021 2332 tia
2071 2291 2192 2344 est;
2222 2280 2378 2337 nobis
2435 2291 2617 2336 autem
2649 2282 2895 2350 salvatis,
2935 2285 3108 2341 virtus
3140 2287 3231 2342 Dei
3254 2299 3378 2355 est;
3414 2290 3532 2347 haec

1949 2371 2080 2426 item
2134 2372 2337 2427 Christi
2408 2388 2628 2429 crucem
2682 2376 3110 2448 passionemque
3174 2380 3331 2436 nobis
3377 2398 3532 2452 aeque

1948 2464 2303 2530 describunt;
2359 2464 2475 2519 imo
2526 2468 2770 2537 majore,
2811 2477 2871 2523 ut
2920 2471 3103 2525 verius
3158 2471 3378 2537 dicam,
3430 2475 3529 2541 vi;

1949 2571 2160 2612 necnon
2197 2558 2376 2612 divina
2418 2560 2660 2631 prodigia
2688 2600 2703 2625 ,
2740 2576 2862 2631 qua:
2903 2561 2949 2618 is
2977 2563 3304 2620 mirabiliter
3333 2582 3534 2637 opera-

1951 2657 2037 2702 tus
2073 2657 2176 2703 est.
2209 2647 2434 2719 Uuaque
2466 2659 2550 2706 est
2587 2652 2874 2721 utriusque
2925 2654 3002 2710 rei
3042 2655 3375 2714 honoranda:
3398 2673 3532 2714 cau-

1950 2752 2034 2805 sa,
2076 2754 2270 2809 nempe
2299 2739 2502 2796 Christi
2535 2741 2857 2798 exinanitio.

2022 3040 2073 3095 7.
2127 3037 2191 3096 Hi
2239 3052 2417 3097 autem
2460 3043 2694 3115 improbi
2730 3054 2786 3100 et
2832 3045 3197 3118 improbitatis
3245 3057 3531 3118 auctores,

1952 3133 2267 3203 impudente
2314 3134 2496 3190 animo
2541 3152 2639 3191 nos
2678 3147 2972 3202 accusant,
3023 3139 3113 3208 qui
3151 3138 3204 3194 iu
3253 3140 3357 3195 (ide
3402 3142 3534 3195 sim-

1951 3225 2098 3295 plici,
2130 3234 2187 3280 et
2210 3225 2495 3281 catholica:
2540 3226 2795 3283 Ecclesia:
2831 3230 3121 3284 traditione
3163 3248 3269 3286 nun
3303 3235 3528 3302 scripta,

1952 3317 2180 3372 linuiter
2218 3327 2550 3386 perstamus.
2607 3317 2713 3373 Sed
2755 3320 3193 3389 respondendum
3243 3333 3328 3377 est
3377 3325 3532 3390 istis,

1952 3409 2297 3464 traditionem
2344 3411 2628 3479 potissime
2683 3425 2789 3465 non
2834 3413 3094 3482 scriptam
3134 3430 3245 3484 prae
3282 3417 3536 3474 omnibus

1950 3514 2071 3555 esse
2105 3501 2534 3569 validissimam,
2581 3512 2637 3555 et
2692 3503 2958 3559 columna.-
3014 3506 3271 3577 hasisque
3313 3511 3430 3565 vice
3476 3510 3528 3569 iu

1952 3593 2075 3648 vita:
2103 3592 2352 3649 humanae
2387 3596 2572 3650 usibus
2601 3594 2791 3668 fungi;
2820 3614 2940 3666 quae
2970 3598 3279 3657 diutissime
3309 3603 3537 3669 durans,

1952 3697 2219 3755 receptam
2280 3690 3062 3746 consuetudinemconstituit
3122 3710 3135 3746 :
3198 3697 3538 3750 consuetudo

1952 3786 2132 3830 autem
2171 3778 2328 3847 longo
2370 3789 2612 3849 tempore
2647 3781 2894 3845 firmata,
2946 3792 3155 3837 natura:
3195 3785 3302 3837 vim
3348 3786 3536 3842 sumit.

1954 3866 2092 3933 Quid
2144 3884 2307 3937 porro
2345 3879 2431 3925 est
2484 3879 2677 3924 natura
2713 3872 2981 3927 validius?
3019 3873 3172 3939 Quod
3215 3875 3260 3928 si
3312 3875 3539 3944 hujusce

1953 3961 2032 4015 rei
2073 3976 2235 4015 causa
2274 3963 2604 4032 exquisitius
2638 3964 2845 4034 aliquid
2879 3964 3170 4021 dicendum
3224 3978 3343 4033 est,
3392 3970 3540 4023 vide-

1954 4068 2076 4107 mus
2120 4048 2296 4122 ipSum
2327 4053 2687 4123 Evangelium
2727 4056 2982 4126 primitus
3030 4058 3237 4127 absque
3267 4059 3534 4129 scriptura

1954 4144 2123 4201 fuisse
2167 4148 2444 4201 traditum.
2474 4146 2607 4200 Nam
2644 4148 2906 4203 Dominus
2929 4164 2993 4205 ac
3028 4151 3167 4206 Deus
3200 4161 3385 4207 noster
3412 4169 3535 4207 cum

1954 4240 2021 4293 ad
2060 4239 2355 4294 salutarem
2409 4242 2644 4296 accessit
2675 4242 3151 4311 prardicatiouem,
3190 4259 3297 4299 non
3337 4244 3537 4300 litteris

1954 4333 2169 4388 divinas
2219 4332 2341 4389 illas
2389 4334 2779 4405 mirabilesque
2818 4333 2963 4406 leges
3005 4338 3277 4406 exposuit,
3314 4347 3373 4392 ut
3418 4353 3537 4393 om-

1956 4408 2070 4480 nes.
2090 4425 2332 4492 scimus,
2373 4441 2550 4496 neque
2577 4426 2769 4482 charta
2813 4437 2867 4483 et
2904 4437 3211 4483 atramento
3242 4439 3350 4483 tant
3391 4428 3539 4485 salu-

1957 4518 2109 4573 brem
2142 4520 2442 4574 doctrinam
2478 4521 2734 4589 scripsit,
2774 4536 2881 4576 non
2931 4520 3164 4591 lapideis
3205 4522 3404 4577 tabulis
3456 4523 3541 4578 in-

265 4618 433 4684 πλαξὶ
460 4614 690 4680 λιθίναις
714 4615 988 4677 ὲτύπωσε,
1021 4614 1278 4682 καθάπερ
1310 4612 1369 4665 τὸ
1394 4610 1628 4664 παλαιὸν
1654 4612 1682 4663 ό
1708 4608 1847 4663 κατὰ

1956 4608 2214 4679 sculpsit,
2257 4611 2401 4677 sicut
2460 4610 2762 4680 antiquitus
2799 4610 3036 4666 Mosaica
3094 4612 3180 4667 lex
3240 4613 3537 4669 ebaraxata

264 4708 475 4765 Μωσέα
521 4707 689 4776 νόμος
734 4706 1129 4778 διεκεχάρακτο
1155 4747 1170 4768 ,
1210 4703 1348 4758 ἀλλὰ
1407 4702 1611 4771 ψυχαῖς
1675 4700 1849 4753 ταῦτα

265 4800 591 4865 ἐναπέθετο,
624 4800 681 4851 ὲν
713 4799 986 4869 πνεύματι
1018 4796 1412 4869 κεχαραγμένα
1462 4795 1554 4847 καὶ
1602 4810 1847 4861 σεσημα-

1958 4700 2090 4768 fuit;
2146 4700 2240 4756 sed
2274 4717 2393 4756 eam
2433 4702 2485 4755 iu
2537 4704 2823 4779 animabus
2863 4704 3005 4759 Deus
3037 4704 3301 4771 inseruit,
3344 4708 3538 4775 spiritu

1954 4792 2290 4849 cﬂ‘ormatam
2323 4804 2375 4849 et
2407 4796 2797 4877 consignatam,
2834 4812 2943 4852 non
2974 4797 3149 4853 littera
3182 4798 3317 4870 (12).
3367 4798 3477 4853 lluc
3504 4815 3535 4853 ιι

266 4892 465 4960 σμένα,
483 4889 546 4941 οὐ
570 4887 859 4960 γράμματι
883 4928 898 4943 .
930 4888 1099 4941 Τοῦτο
1118 4889 1212 4940 καὶ
1238 4885 1328 4939 διὰ
1352 4884 1649 4956 προφητῶν
1675 4884 1847 4951 ἁγίων

1951 4889 2156 4941 sanctis
2196 4903 2413 4958 quoque
2470 4890 2751 4958 prophetis
2807 4890 2936 4944 olim
2992 4894 3311 4960 praedictum
3366 4891 3468 4946 fuit
3516 4910 3532 4949 :

268 4982 439 5036 πάλαι
468 4980 974 5052 προαναπειρώνητο
995 4998 1007 5011 ·
1030 4972 1239 5046 Διδοὺς
1271 4979 1401 5048 γὰρ,
1434 4979 1590 5047 φησὶ,
1622 4977 1847 5046 νόμους

1951 4976 2100 5032 Daus
2127 4982 2287 5044 enim,
2313 4981 2507 5049 inquit,
2543 4981 2679 5050 leges
2704 4997 2847 5035 nicas
2878 4983 2933 5035 in
2970 4984 3229 5038 mentibus
3258 5001 3460 5049 eorum,
3481 4995 3530 5038 et

261 5092 381 5143 μου
412 5076 499 5138 εὶς
530 5070 803 5128 διάνοιὰν
840 5072 1059 5139 αὐτῶν,
1097 5071 1194 5125 καὶ
1232 5071 1331 5124 ἐπὶ
1370 5070 1619 5139 καρδίας
1650 5067 1847 5123 αὐτῶν

1951 5073 2005 5124 in
2053 5071 2299 5126 cordibus
2344 5074 2578 5141 ipsorum
2624 5074 2852 5127 scribam
2888 5090 2978 5129 eas
3000 5075 3066 5128 ”.
3112 5077 3265 5142 Quod
3298 5090 3430 5130 sane
3467 5076 3534 5129 ab

262 5166 578 5234 ἐπιγράψω
605 5167 847 5232 αὐτούς.
904 5168 971 5218 Ἀ
1013 5166 1076 5236 δὴ
1107 5164 1198 5218 ὑπ’
1232 5164 1404 5233 αὐτῆς
1443 5164 1543 5231 τῆς
1584 5162 1848 5233 ἀληθείας

266 5256 512 5327 Χριστοῦ
564 5257 940 5328 περαινόμενα
988 5256 1259 5325 ἔγνωμεν,
1332 5256 1545 5326 χρόνοις
1586 5255 1644 5307 δέ
1706 5270 1852 5308 τισιν

270 5349 499 5420 ὕστερον
537 5350 631 5401 καὶ
686 5350 873 5420 γραφῇ
925 5348 1350 5419 χαραττὸμενα’
1390 5348 1603 5417 μάρτυς
1636 5347 1664 5398 ό
1708 5345 1853 5409 θεῖος

272 5442 486 5506 Λουκᾶς
534 5432 991 5513 ἁπαράγραπτος,
1034 5440 1099 5495 ἂν
1134 5439 1244 5507 ἄρα
1295 5440 1557 5510 δέχωνται
1593 5441 1693 5508 τὴν
1744 5455 1850 5490 πα-

339 5622 389 5653 “
418 5618 620 5675 Jerem.
660 5634 811 5681 xxxi,
844 5619 933 5673 55.

1954 5165 2068 5235 ipsa
2101 5165 2327 5219 veritate
2348 5165 2570 5220 Christo
2597 5176 2880 5235 peractum
2909 5168 3145 5233 scimus;
3180 5177 3300 5235 post
3327 5168 3536 5235 aliquot

1956 5266 2140 5311 autem
2176 5272 2349 5313 annos
2391 5260 2600 5327 scripto
2625 5259 2789 5315 etiam
2819 5274 3157 5329 expressum.
3204 5258 3383 5313 Testis
3417 5260 3535 5313 ine-

1956 5347 2231 5403 luctabilis
2292 5348 2464 5403 Lucas
2524 5351 2600 5421 (si
2645 5359 2825 5406 tamen
2882 5351 3024 5405 hunc
3073 5351 3159 5405 isti
3203 5350 3535 5421 admittunt)

1956 5440 2050 5508 qui
2085 5440 2440 5507 traditionem
2476 5441 2771 5511 Evangelio
2810 5458 2909 5498 suo
2950 5440 3361 5499 fundamentum
3400 5458 3537 5512 pra:-

344 5785 360 5837 t
372 5780 456 5845 12)
497 5778 725 5833 Videtur
754 5776 1091 5845 Nicephortts
1121 5788 1338 5829 sumere
1365 5774 1504 5828 hanc
1536 5771 1866 5828 sententiam
1904 5784 1971 5827 ex
2032 5768 2253 5827 Eusebii
2274 5768 2629 5841 Theophauia
2652 5771 2745 5829 lib.
2776 5786 2857 5840 nt,
2882 5772 2970 5839 40,
3002 5772 3158 5845 cujus
3190 5775 3310 5833 vide
3347 5775 3532 5835 Graeca

272 5846 596 5924 Fragiiicuta
634 5864 663 5905 a
694 5850 850 5906 nobis
898 5862 1069 5918 nuper
1102 5845 1269 5901 edita.
