4072 6324
511 406 611 474 391

1540 400 1598 457 S-
1644 395 2060 456 NICEPHORI
2098 389 2606 454 PATRIARCHE
2646 391 2755 449 (ΣΡ.

3675 386 3782 453 392

517 518 751 587 primum
772 559 787 582 ,
823 516 963 583 quod
997 515 1078 568 lex
1106 511 1301 583 jnbens
1331 511 1526 566 divinis
1563 510 1871 577 Evangeliis
1905 509 2085 562 cruci-

2219 509 2290 559 ιὲν
2314 509 2341 559 6
2364 506 2527 576 νόμος
2559 507 2587 559 6
2613 504 2853 557 κελεύων
2889 503 2958 558 τά
2983 519 3040 556 τε
3074 503 3193 556 θεῖα
3225 502 3536 571 Εύαγγέλια
3563 502 3658 555 καὶ
3690 504 3783 557 τὸν

517 621 625 674 que
670 606 991 673 obsequium
1031 604 1326 667 exhibere,
1379 600 1652 668 rebusque
1705 599 1828 652 aliis
1873 612 1993 667 qua:
2037 598 2091 650 in

518 709 702 755 nostra
734 698 974 752 Ecclesia
1016 697 1353 751 honorantur
1383 702 1437 747 et
1466 692 1862 761 gloriﬁcantnr,
1901 688 2091 742 cadent

518 789 723 844 Christi
758 803 971 855 quoque
1007 788 1294 853 imaginem
1329 783 1576 836 venerari
1604 784 1878 835 admonet.

592 878 680 934 10.
720 878 978 943 Quaenam
1023 891 1148 930 vero
1184 874 1516 942 hujuslegis
1557 883 1752 927 natura
1785 871 1904 926 est?
1938 870 2097 926 Fides

2197 596 2450 667 σταυρὸν,
2473 597 2566 647 καὶ
2586 594 2756 648 τᾶλλα
2783 594 2953 647 ὁπόσα
2981 596 3038 647 ὲν
3065 596 3133 662 τῇ
3163 592 3285 645 καθ’
3309 594 3457 662 ἡμᾶς
3477 591 3784 664 Ἐκκλησία

2194 689 2421 755 τιμᾶται
2467 690 2562 739 καὶ
2599 684 2923 752 δοξάζεται,
2965 687 2994 738 ό
3028 686 3196 748 αὐτὸς
3236 679 3391 747 οὗτος
3434 684 3531 737 καὶ
3575 682 3785 754 ταύτην

2197 780 2525 846 προσκυνεῖν
2562 779 2878 849 παρεγγυᾷ.

2271 876 2317 924 ι’,
2355 869 2422 921 Τί
2445 869 2505 922 δὲ
2539 868 2891 935 τοῦτόέστινς
2932 870 2995 922 Ἦ
3022 870 3226 935 πίστις,
3259 870 3351 925 καὶ
3377 868 3484 922 τῶν
3510 868 3723 924 πιστῶν
3753 869 3787 940 ἠ

522 971 805 1034 nimirum,
840 978 895 1023 et
937 967 1272 1021 credentium
1318 965 1546 1019 interior
1585 979 1649 1018 ac
1685 973 1981 1033 spontaneo
2033 962 2097 1016 ad

2219 960 2412 1015 ιῖκοθεν
2443 962 2539 1014 καὶ
2572 962 3016 1030 αὐτεπάγγελτος
3050 962 3177 1031 περὶ
3207 962 3276 1015 τὰ
3307 961 3429 1015 θεῖα
3470 961 3616 1032 ὁρμὴ
3639 1002 3654 1026 ,
3684 961 3782 1015 καὶ

525 1075 611 1115 res
657 1060 870 1114 divinas
906 1058 1249 1129 proclivitas,
1280 1068 1335 1112 et
1383 1057 1530 1111 circa
1566 1057 1712 1125 ipsas
1768 1056 1852 1123 pia
1888 1064 1940 1107 et
1984 1070 2101 1108 rec-

524 1151 729 1205 tissima
764 1166 892 1203 cura
930 1164 993 1203 ac
1036 1148 1302 1212 studium,
1338 1162 1546 1201 necnon
1610 1146 1806 1199 tradita
1843 1144 2101 1199 Ecclesia:

525 1243 890 1311 diuturnoque
934 1250 1176 1310 tempore
1208 1240 1447 1294 stabilita
1486 1250 1541 1294 et
1584 1252 1911 1307 permanens
1954 1252 2101 1292 con-

525 1334 785 1400 suetudo,
822 1342 981 1402 prout
1026 1332 1184 1402 paulo
1219 1342 1346 1386 ante
1383 1332 1587 1385 dictum
1630 1339 1732 1385 est.
1768 1328 1970 1384 Deinde
2006 1345 2103 1384 na—

529 1426 726 1480 turalis
757 1439 972 1493 quoque
1016 1424 1174 1478 nobis
1219 1424 1379 1478 insita
1418 1422 1503 1476 lex
1545 1431 1626 1476 est
1677 1422 1904 1491 (prmter
1940 1437 2103 1489 quam

524 1518 671 1588 quod
716 1518 800 1571 lex
836 1532 1051 1585 quoque
1083 1517 1286 1584 scripta
1320 1516 1369 1569 id
1401 1514 1583 1584 jubet)
1622 1524 1678 1568 ut
1720 1513 2106 1582 praestantibus

529 1611 693 1665 rebus
753 1624 1027 1677 congruos
1080 1607 1407 1663 exhibentur
1459 1608 1634 1660 honor
1687 1614 1741 1660 et
1804 1605 2102 1673 veneratio.

528 1706 707 1771 Atque
744 1703 847 1755 hoc
900 1716 965 1755 ex
1002 1698 1309 1754 dilicrentia
1345 1712 1560 1767 quoque
1598 1698 1973 1751 adorationmn
2017 1711 2108 1752 co-

530 1809 792 1862 gnoscere
819 1794 964 1849 licet.
998 1792 1240 1860 Namque
1277 1790 1475 1845 eximia
1507 1799 1563 1845 ct
1593 1790 1834 1843 omnium
1869 1789 2105 1843 maxima

2201 1055 2234 1124 ἡ
2262 1055 2394 1122 περὶ
2423 1054 2565 1107 αὐτὰ
2611 1055 2852 1125 εὐλαϐὴς
2886 1055 2981 1107 καὶ
3022 1054 3294 1122 εύθυτάτη
3336 1054 3658 1126 προαίρεσις
3692 1056 3791 1107 καὶ

2204 1145 2431 1216 σπουδὴ.
2463 1146 2558 1199 καὶ
2594 1148 2627 1216 ἡ
2676 1145 3089 1216 παραδεδομένη
3117 1148 3184 1215 τῇ
3231 1144 3532 1216 Ἐκκλησία
3563 1144 3659 1198 καὶ
3707 1146 3787 1216 τῷ

2206 1236 2407 1307 μακρῷ
2446 1237 3028 1308 χρόνῳσβεϐαιωθείσα
3058 1238 3151 1289 καὶ
3182 1236 3464 1306 κρατοῦσα
3498 1236 3787 1306 συνήθεια,

2204 1327 2349 1380 καθά
2371 1327 2435 1396 δὴ
2466 1328 2560 1380 καὶ
2587 1328 2770 1397 μικρῷ
2804 1327 3040 1397 πρόσθεν
3074 1328 3292 1398 εἴρηται
3313 1342 3327 1356 ⁸
3373 1326 3565 1380 ἔπειτα
3602 1327 3659 1381 δὲ
3704 1328 3792 1382 ὅτι

2205 1420 2301 1472 καὶ
2334 1422 2565 1487 φυσικὸς
2596 1419 2761 1489 νόμος
2793 1422 2925 1489 ἡμῖν
2967 1420 3286 1489 ἐνυπάρχει,
3321 1421 3416 1472 καὶ
3451 1419 3551 1489 μὲν
3586 1419 3653 1490 δὴ
3695 1418 3795 1474 καὶ

2204 1510 2232 1563 6
2256 1512 2314 1564 ἐν
2351 1513 2645 1582 γράμμασι
2676 1513 2928 1581 κείμενος
2960 1512 3336 1579 ἐγκελεύεται,
3363 1515 3479 1575 τοῖς
3511 1513 3574 1565 τὸ
3605 1516 3795 1582 κρείτο

2205 1618 2296 1655 τον
2328 1603 2719 1672 ἐνεγκαμένοις
2758 1602 2862 1673 ’τὴν
2905 1603 3229 1676 πρέπουσαν
3260 1603 3451 1673 νέμειν
3494 1604 3663 1675 τιμὴν
3699 1605 3799 1657 καὶ

2210 1695 2613 1765 προσκύνησινο
2662 1695 2758 1748 καὶ
2791 1693 2948 1748 τοῦτο
2993 1694 3155 1764 μάθοι
3197 1712 3282 1758 τις
3334 1695 3400 1749 ἂν
3447 1697 3513 1748 ἐκ
3552 1695 3654 1765 τῆς
3683 1695 3796 1748 τῶν

2210 1787 2637 1857 προσκυνήσεων
2670 1788 2961 1857 διαφορᾶς.
2982 1786 3046 1838 Ἦ
3077 1786 3178 1856 μὲν
3208 1788 3316 1856 γὰρ
3345 1787 3664 1857 ἐξῃρημένη
3699 1790 3797 1840 καὶ

530 1885 811 1949 adoratio,
871 1883 961 1936 uni
1024 1882 1320 1937 universali
1373 1880 1485 1935 Deo
1528 1896 1819 1950 rerumque
1863 1880 2107 1935 omnium

2219 1876 2430 1929 πάντων
2473 1878 2733 1931 ἐπέκεινα
2767 1876 3176 1948 προσκύνησις,
3230 1877 3376 1947 μόνῳ
3413 1876 3491 1946 τῷ
3523 1876 3632 1931 τῶν
3660 1876 3799 1930 ὃλων

533 1974 761 2027 Domino
811 1974 1037 2027 debetur
1089 1987 1153 2025 ac
1188 1971 1432 2026 redditur
1478 1971 1621 2041 (18),
1666 1972 1830 2025 veluti
1865 1971 1949 2025 illa
1992 1987 2111 2039 quae

534 2076 818 2132 reputatur
857 2065 970 2118 lieri
999 2064 1286 2118 Iatreutico
1316 2064 1460 2118 cultu
1501 2079 1565 2118 ac
1594 2064 1813 2134 spiritu.
1854 2063 2109 2132 Reliqua-

534 2169 651 2207 rnm
681 2169 811 2207 vero
834 2153 1235 2217 adorationum,
1266 2152 1372 2205 alia
1404 2152 1463 2205 lit
1484 2153 1554 2206 ob
1585 2153 1859 2207 excelsum
1884 2154 2109 2221 gradum

534 2261 600 2299 ac
662 2245 1015 2314 dignitatem,
1070 2243 1238 2297 veluti
1292 2243 1384 2296 illa
1441 2258 1563 2312 quae
1605 2244 1825 2313 regibus
1879 2244 2113 2313 aliisque

536 2336 876 2405 principibus
904 2354 931 2389 a
964 2335 1201 2391 subditis
1229 2335 1538 2390 exhibetur.
1569 2336 1662 2391 Sic
1688 2337 1833 2390 enim
1861 2349 1929 2390 ex
1966 2336 2111 2390 omni

535 2426 863 2494 antiquitate
922 2427 1005 2480 lex
1070 2425 1331 2481 obtinuit.
1395 2426 1514 2480 Alia
1576 2427 1855 2497 tyrannica
1919 2437 2006 2482 est
2061 2438 2116 2481 et

535 2528 746 2583 coacta,
789 2532 982 2587 nempe
1028 2533 1149 2586 qua:
1194 2517 1471 2571 iracundis
1513 2533 1579 2572 ac
1617 2504 2043 2587 prmpotcntibus
2083 2536 2115 2574 a

540 2610 736 2663 timore
759 2618 814 2663 et
848 2609 1210 2677 trepidatione
1242 2610 1351 2663 vim
1384 2610 1708 2679 patientium
1739 2611 1907 2666 invite
1943 2612 2117 2667 defer-

541 2711 657 2751 tur.
692 2698 809 2752 Alia
848 2713 969 2753 cum
1000 2698 1301 2754 honorandi
1340 2698 1619 2766 proposito
1643 2708 1888 2754 amanter
1913 2710 1967 2755 et
1994 2717 2114 2756 cum

541 2791 647 2844 lide
699 2805 726 2842 a
785 2790 1160 2856 credentibus,
1222 2798 1447 2859 propter
1504 2788 1745 2857 ipsorum
1801 2802 2116 2848 sanctorum

540 2884 733 2946 Deum,
763 2881 1021 2935 tribuitur
1072 2882 1279 2936 sanctis
1312 2897 1411 2937 ceu
1462 2897 1559 2951 per
1598 2898 1692 2937 eos
1732 2886 1798 2938 ad
1830 2884 1996 2939 Deum
2035 2902 2119 2939 re-

539 2976 682 3038 lata,
718 2988 925 3029 necnon
978 2973 1121 3028 divis
1158 2972 1399 3043 angelis,
1450 2982 1503 3028 et
1540 2974 1732 3033 sacris
1773 2975 2117 3041 hominibus,

540 3077 592 3120 et
623 3066 866 3137 angustis
896 3064 1110 3136 templis
1153 3066 1424 3134 vasisque.
1470 3065 1586 3119 Alia
1626 3065 1859 3135 denique
1897 3066 2117 3125 relative

2210 1967 2329 2038 Θεῷ
2382 1970 2477 2022 καὶ
2520 1969 2743 2022 πάντων
2793 1966 3272 2033 κατεξουσιάζοντι
3318 1967 3666 2036 ἐποφείλεται
3701 1966 3799 2020 καὶ

2214 2063 2576 2132 προσάγεται,
2602 2062 2692 2116 οἵα
2715 2064 2749 2130 ἡ
2781 2063 2839 2114 ἐν
2865 2060 3096 2131 λατρεία
3129 2061 3335 2129 θεωρου
3347 2059 3482 2130 μένη
3511 2059 3608 2111 καὶ
3633 2057 3799 2112 πνεύ-

2217 2170 2382 2223 ματι·
2431 2153 2541 2207 τῶν
2588 2153 2635 2207 δ’
2678 2153 2853 2206 ἄλλων
2894 2154 2928 2223 ἡ
2972 2152 3073 2223 μὲν
3111 2151 3237 2205 καθ’
3284 2150 3561 2220 ὑπεροχὴν
3611 2149 3800 2202 καὶτὸ

2215 2244 2457 2315 ἀξίωμα,
2484 2244 2558 2309 ὡς
2587 2248 2620 2315 ὴ
2653 2249 2766 2309 τοίς
2790 2244 3073 2315 βασιλεῦσι
3102 2244 3198 2297 καὶ⁵
3228 2247 3341 2307 τοῖς
3363 2242 3547 2305 ἄλλοις
3571 2242 3801 2312 ἄρχουσι

2216 2338 2366 2409 παρά
2394 2336 2503 2389 τῶν
2544 2338 2803 2407 ὑπηκόων
2834 2334 3286 2408 προσφερομένη’
3320 2332 3463 2387 οὕτω
3501 2331 3611 2403 γάρ
3637 2332 3801 2402 νόμος

2216 2429 2559 2500 κεκράτηκεν
2584 2426 2793 2482 ἄνωθεν
2838 2441 2852 2456 ·
2884 2428 2918 2497 ἡ
2946 2426 3002 2479 δὲ
3043 2423 3344 2494 τυραννικὴ
3383 2423 3479 2477 καὶ
3527 2423 3722 2493 βίαιος,
3762 2424 3798 2493 ή

2216 2526 2329 2585 τοῖς
2355 2519 2648 2590 δυσμενέσι
2687 2520 2782 2572 καὶ
2806 2516 3129 2588 τυραννοῦσι
3152 2516 3262 2570 δέει
3288 2515 3383 2570 καὶ
3411 2514 3622 2586 ἀγωνίᾳ
3649 2514 3803 2585 παρά

2217 2614 2327 2667 τῶν
2360 2610 2901 2684 κατηναγκασμένων
2931 2608 3205 2671 ἀκουσίως
3239 2606 3651 2679 προσαγομένη·
3680 2606 3713 2673 ἠ
3739 2605 3797 2659 δὲ

2219 2708 2361 2761 κατὰ
2389 2706 2556 2776 τιμὴν
2607 2703 2702 2759 καὶ
2738 2700 3065 2773 προαίρεσιν
3106 2702 3172 2753 ἐκ
3226 2700 3394 2753 πόθου
3426 2700 3520 2753 καὶ
3564 2699 3801 2761 πίστεως

2222 2800 2372 2870 παρά
2415 2798 2522 2853 τῶν
2570 2795 2783 2865 πιστῶν
2815 2798 2929 2858 τοῖς
2980 2793 3160 2863 ἁγίοις
3207 2793 3303 2852 διὰ,
3332 2794 3425 2847 τὸν
3474 2791 3584 2846 τῶν
3628 2792 3801 2859 ἁγίων

2221 2890 2355 2943 Θεὸν
2387 2888 2760 2959 νενεμημένη,
2791 2886 2866 2951 ὡς
2909 2885 2977 2939 δι’
3017 2884 3243 2939 ἐκείνων
3276 2885 3363 2937 ἐπ’
3404 2883 3567 2937 αὐτὸν
3601 2884 3802 2952 ἀναγο-

2226 2981 2387 3051 μένη,
2417 2979 2673 3048 ἀγγέλοις
2700 2994 2760 3030 τε
2806 2977 2993 3044 θείοις,
3027 2977 3123 3030 καὶ
3172 2975 3432 3046 ἀνδράσιν
3477 2976 3641 3046 ἱεροῖς
3661 3017 3677 3041 ,
3709 2974 3803 3028 καὶ

2222 3074 2371 3134 ναοῖς
2409 3071 2614 3142 τιμίοις
2644 3074 2743 3125 καὶ
2772 3071 3048 3126 σκεύεσιν·
3089 3074 3123 3143 ἡ
3152 3072 3209 3127 δὲ
3245 3070 3472 3143 σχετικὴ
3498 3070 3595 3125 καὶ
3625 3071 3806 3125 ἀσπα-

544 3169 600 3213 et
648 3158 991 3223 salutatoria,
1032 3172 1101 3212 ex
1128 3157 1305 3212 amico
1343 3156 1690 3228 benigneque
1721 3158 1924 3223 animo,
1959 3159 2116 3212 fami-

2225 3163 2410 3234 στικὴ,
2449 3164 2515 3216 ἐκ
2552 3164 2776 3234 φιλικῆς
2821 3164 3118 3228 διαθέσεως
3163 3164 3259 3217 καὶ
3305 3163 3681 3233 εὐγνώμονος,
3722 3165 3803 3218 0'.-

542 3252 832 3306 liaritatem
868 3266 931 3305 ac
973 3250 1405 3306 benevolentiam
1433 3251 1576 3305 caris
1609 3249 1919 3304 hominibus
1949 3251 2119 3320 signi-

544 3346 738 3400 ﬁcans.
767 3343 963 3399 Verum
1005 3352 1292 3413 utcunque
1321 3358 1379 3397 se
1411 3342 1573 3398 habet
1594 3343 1929 3399 adorationis
1958 3347 2118 3410 ratio,

547 3444 607 3491 ut
638 3436 812 3504 magis
842 3434 1171 3505 generaliter
1201 3433 1507 3504 loquamur,
1541 3433 1606 3489 ad
1640 3434 1753 3489 haec
1785 3434 1886 3488 tria
1921 3450 2119 3505 genera

548 3527 804 3583 adoratio
842 3526 1133 3596 redigitur;
1172 3542 1295 3579 nam
1349 3523 1433 3579 vel
1486 3538 1673 3579 amore
1711 3523 1796 3579 vel
1857 3533 2001 3579 metu
2042 3523 2123 3577 vel

547 3617 664 3687 lege
732 3617 848 3672 lieri
903 3617 1260 3687 conSpicitur.
1314 3615 1681 3681 Quamobrem
1734 3616 1927 3679 rebus,
1990 3630 2124 3685 quas

547 3718 730 3761 nostra
762 3708 1027 3761 hactenus
1048 3706 1296 3760 adoratio
1342 3706 1542 3777 attigit,
1583 3721 1680 3761 ceu
1711 3706 1973 3776 dignitate
2011 3722 2125 3760 ma-

540 3799 661 3866 jore
690 3799 949 3869 praeditis,
984 3808 1037 3853 et
1078 3798 1485 3853 venerationem
1519 3807 1741 3867 propter
1768 3812 1832 3852 ea
1869 3812 1990 3867 qua
2023 3812 2124 3850 no-

549 3891 631 3945 his
653 3898 1083 3944 commemorant
1107 3889 1216 3961 92
1254 3889 1608 3956 merentibus,
1638 3899 1786 3943 recte
1814 3903 1913 3943 nos
1940 3902 2127 3941 amore

550 3982 811 4038 Stitnulati
849 3983 1195 4037 honorarium
1237 3981 1612 4036 adorationem
1647 3979 1976 4047 tribuimus;
2016 3993 2124 4032 non

552 4074 695 4128 illaut
731 4073 912 4129 hercle
938 4072 1128 4138 latriaa,
1163 4073 1336 4137 absit;
1368 4082 1424 4125 ut
1460 4069 1551 4125 isti
1574 4070 1835 4124 adversus
1861 4068 2127 4123 Christia-

554 4181 653 4220 nos
684 4164 906 4233 indigno
935 4161 1371 4217 Christianorum
1407 4174 1559 4213 more
1597 4168 1868 4227 nugantnr
1895 4158 2031 4229 (t9).

624 4256 713 4311 ll.
744 4254 866 4309 Jam
916 4253 959 4309 si
1016 4254 1159 4322 leges
1191 4266 1404 4321 quoque
1446 4251 1681 4305 recitare
1718 4267 1857 4321 opus
1901 4261 2019 4319 est,
2060 4267 2125 4306 en

555 4350 776 4404 Paulum
828 4347 1111 4418 jnbentem
1157 4361 1172 4398 :
1221 4341 1440 4396 Reddite
1480 4343 1720 4397 omnibus
1772 4342 1978 4410 debita,
2033 4343 2127 4396 alii

552 4454 741 4496 metum
766 4485 780 4503 .
831 4441 927 4494 alii
967 4438 1218 4491 honorem
1242 4435 1288 4466 “
1345 4445 1399 4489 et
1439 4443 1703 4503 quotquot
1736 4434 1847 4493 alia
1882 4451 2006 4491 cum
2044 4436 2126 4491 bis

2222 3254 2447 3308 κείωσιν
2492 3257 2587 3308 καὶ
2633 3253 2850 3309 εὔνοιαν
2889 3257 3005 3320 τοῖς
3047 3256 3435 3327 ἠγαπημένοις
3465 3256 3804 3324 ἐπαγγελλο-

2225 3344 2383 3416 μένη.
2414 3347 2524 3399 Καὶ
2550 3347 2698 3411 ὅπως
2726 3347 2791 3400 ἂν
2819 3349 2848 3402 6
2876 3348 2977 3417 τῆς
3016 3349 3444 3419 προσκυνήσεως
3481 3348 3593 3418 ἔχοι
3624 3347 3803 3417 λόγος.

2222 3439 2319 3492 καὶ⁹
2364 3437 2439 3501 ὡς
2480 3436 2545 3491 ἄν
2583 3454 2667 3501 τις
2709 3437 3074 3508 γενικώτερον
3109 3438 3293 3502 εἴποι,
3332 3440 3485 3508 τρισὶ
3516 3439 3725 3501 τούτοις
3770 3440 3803 3511 ή

2223 3528 2600 3600 προσκύνησις
2624 3528 3132 3603 χαρακτηρίζεσθαι
3156 3529 3421 3599 πέφυκενο
3442 3528 3475 3600 ἢ
3498 3530 3605 3601 γὰρ
3627 3529 3797 3600 πόθῳ,

2223 3621 2258 3691 ἢ
2292 3621 2462 3690 φόϐῳ,
2498 3621 2533 3692 ἢ
2563 3622 2713 3693 νόμῳ
2746 3621 3010 3691 γινομένη
3041 3623 3257 3691 ὁρᾶταισ
3292 3620 3374 3675 διὸ
3404 3623 3500 3675 καὶ
3528 3626 3639 3685 τοῖς
3667 3638 3801 3692 προ-

2224 3712 2498 3781 κειμένοις
2524 3712 2657 3781 ἡμῖν
2687 3710 2765 3781 τῷ
2792 3710 2936 3780 λόγῳ
2966 3712 3046 3772 εἰς
3072 3710 3388 3780 ἐπίσκεψιν,
3413 3703 3501 3764 οἷα
3530 3712 3687 3782 δόξης
3713 3710 3804 3764 λα-

2225 3806 2381 3873 χοῦσι
2414 3805 2511 3874 τῆς
2540 3800 2884 3871 κρείττονος,
2923 3801 3020 3854 καὶ
3048 3801 3110 3853 τὸ
3140 3800 3440 3871 σεὸἀσμιον
3481 3794 3557 3855 ὧν
3596 3801 3805 3855 εἵνεκεν

2230 3896 2451 3964 μνήμην
2486 3893 2711 3965 φέρουσι
2736 3892 3121 3964 κεκτημένοις,
3149 3892 3375 3957 εἰκότως
3409 3894 3475 3946 ἐκ
3508 3892 3674 3946 πόθου
3704 3892 3804 3971 τῂν

2227 3982 2370 4035 κατά
2397 3982 2561 4053 τιμὴν
2586 3982 2961 4053 προσκύνησιν
3001 3984 3243 4052 νέμομεν
3266 4022 3282 4050 ,
3310 3983 3371 4035 ού
3409 3984 3509 4053 τὴν
3536 3984 3677 4039 κατὰ
3706 3981 3807 4037 ita-

2227 4072 2440 4143 τρείαν,
2477 4074 2683 4141 ἄπαγε,
2717 4073 2794 4138 ὡς
2822 4074 2871 4127 οἳ
2906 4074 3253 4146 Χριστιανῶν
3285 4074 3347 4128 ού
3376 4075 3518 4129 κατά
3542 4076 3807 4147 Χριστια-

2228 4164 2353 4225 νοὺς
2386 4164 2861 4235 κατεφλυάρησαν.

2303 4249 2390 4304 ια’.
2424 4252 2485 4305 El
2509 4252 2565 4305 δέ
2585 4253 2665 4305 δεῖ
2694 4254 2787 4306 καὶ
2811 4253 2937 4318 τοὺς
2970 4253 3167 4325 νόμους
3193 4254 3370 4308 εἰπεῖν
3397 4296 3412 4321 ,
3445 4248 3807 4326 νομοθετείτω

2229 4343 2440 4407 Παῦλος
2461 4386 2476 4410 ,
2517 4344 2791 4399 Ἀπόδοτε
2823 4343 2974 4401 πᾶσι
2996 4386 3010 4410 ,
3046 4346 3246 4415 λέγων,
3279 4346 3387 4414 τὰς
3419 4345 3701 4414 ὀφειλάς,
3727 4342 3809 4411 τῷ

2223 4435 2341 4505 μὲν
2371 4435 2479 4488 τὸν
2503 4437 2691 4504 φόϐον
2708 4475 2724 4502 ,
2749 4435 2828 4501 τῷ
2855 4436 2924 4490 δὲ
2952 4436 3069 4504 τὴν
3096 4437 3278 4506 τιμὴν
3302 4480 3317 4505 ,
3348 4439 3443 4491 κα)⁸
3463 4439 3565 4491 ὅσα
3592 4438 3808 4501 τούτοις

553 4542 859 4590 enumerat.
891 4530 1045 4596 Quod
1088 4529 1131 4583 si
1163 4526 1330 4582 Paulo
1358 4542 1464 4581 non
1495 4526 1774 4593 obediunt,
1808 4543 1874 4582 ne
1907 4528 2116 4583 Christo

2229 4528 2760 4599 συγκατηρξθμηται.
2800 4528 2863 4582 Ei
2895 4528 2951 4581 δὲ
2980 4527 3179 4601 Παύλῳ
3215 4530 3279 4597 ού
3321 4530 3635 4598 πείθονται,
3668 4530 3809 4601 τάχα

554 4629 772 4696 quidem
804 4638 1010 4677 morem
1057 4628 1282 4690 gerent,
1315 4618 1405 4688 qui
1435 4619 1674 4676 (ἔπεσι-ἰδ’
1695 4621 1983 4692 imaginem
2024 4620 2123 4675 bo-

556 4720 739 4774 norari
774 4713 1069 4770 mandavit.
1107 4710 1320 4765 Etenim
1368 4725 1587 4765 nummo
1625 4727 1653 4763 a
1685 4711 2040 4766 tentatoribus
2070 4711 2121 4767 ei

554 4811 767 4873 oblato,
825 4820 928 4859 non
981 4804 1056 4857 ait
1098 4819 1112 4856 :
1161 4800 1451 4875 Despuite,
1502 4813 1594 4857 aut
1642 4803 1979 4867 conculcatc,
2031 4815 2124 4859 aut

629 4946 674 4978 "'
695 4945 852 4998 Rom.
888 4956 1007 5006 xm,
1039 4940 1091 4995 7.

632 5099 745 5171 (IS)
778 5095 1102 5171 Rectissime
1134 5092 1471 5171 Nicephorus
1502 5107 1626 5171 cum
1658 5092 2127 5171 septimag‘synodi

562 5163 879 5227 tlel‘ini'tioue
911 5178 1018 5219 act.
1052 5165 1106 5229 7,
1148 5163 1235 5216 tibi
1275 5163 1610 5217 honoranda:
1629 5165 1844 5231 quidem
1872 5163 2130 5215 dicuntur

564 5241 827 5312 imagines
853 5236 1074 5298 Christi,
1113 5235 1374 5312 Deiparze,
1403 5244 1796 5312 e_t_sanctorum
1832 5243 2133 5312 nontamen

560 5302 909 5373 ceravlntrin,
941 5322 1055 5375 quia
1086 5307 1371 5359 seettndum
1402 5302 1560 5375 ﬁdem
1586 5313 1687 5367 est,
1717 5317 1930 5375 quicque
1962 5303 2132 5375 solam

562 5384 791 5436 divinam
816 5370 1058 5432 naturam
1077 5376 1324 5433 decel.00
1355 5370 1459 5442 μὴν
1487 5372 1584 5442 τὴν
1605 5371 1747 5425 κατὰ
1769 5371 1950 5442 πίστιν
1977 5370 2130 5440 ἡμῶν

563 5452 823 5524 ἀληθινὴν
851 5447 1146 5524 λατρείαν,
1212 5444 1246 5515 ἢ
1279 5440 1473 5513 πρέπει
1508 5440 1644 5523 μόνη
1673 5444 1756 5524 ,τῇ
1787 5440 1910 5524 θεία
1943 5443 2123 5524 φύσει.

564 5512 703 5576 Huic
740 5512 1152 5576 evidentissime
1190 5512 1341 5582 patet
1394 5527 1548 5565 error
1577 5512 1695 5582 (vel
1715 5512 1892 5579 potius
1922 5514 2129 5565 calum-

566 5596 677 5651 nia)
712 5591 931 5647 secundi
965 5581 1200 5641 canonis
1223 5581 1752 5643 Francofordicnsis,
1802 5581 1869 5633 ab
1910 5582 2126 5636 hetero-

565 5656 722 5718 doxis
776 5661 939 5715 toties
996 5653 1284 5711 catholicis
1320 5651 1537 5717 objecti,
1579 5651 1631 5703 in
1684 5664 1790 5717 quo
1824 5661 2012 5704 contra
2047 5652 2125 5705 rei

567 5736 736 5802 ipsius
767 5734 1051 5802 veritatem
1085 5726 1199 5778 haec
1256 5722 1596 5802 scribuntur:
1626 5720 1804 5802 Allata
1836 5732 1908 5774 est
1938 5723 1991 5773 in
2026 5738 2127 5802 me-

563 5789 715 5860 dium
743 5802 963 5875 qttrestio
998 5799 1062 5849 de
1101 5809 1232 5848 riora
1276 5789 1576 5847 Cra-corum
1612 5792 1831 5861 synodo,
1865 5807 2023 5861 quam
2061 5794 2124 5844 de

2229 4620 2351 4674 οὐδὲ
2368 4620 2590 4691 Χριστῷ
2618 4621 3047 4692 πεισθήσονται,
3074 4623 3175 4695 τὴν
3203 4626 3483 4696 Καίσαρος
3512 4627 3697 4679 εἰκόνα
3729 4644 3810 4679 τι·

2164 4788 2177 4793 ἦ
2233 4715 2341 4783 μᾷν
2375 4715 2857 4784 παρεγγυήσαντι’
2886 4715 2982 4768 τοῦ
3013 4717 3124 4786 γὰρ
3160 4717 3495 4787 νομίσματος
3524 4718 3676 4789 παρά
3702 4717 3809 4771 τῶν

2230 4804 2606 4875 πειραζόντων
2617 4806 2661 4877 ⁸ύ
2671 4806 3065 4875 ποδειχθέντος,
3085 4809 3183 4860 ούκ
3215 4804 3336 4862 εἷπε
3349 4850 3363 4875 ,
3381 4809 3806 4875 Καταπτύσατε,

2240 5095 2546 5169 οῃίοναηιίίεΔ
2581 5095 2895 5164 imaginibus
2929 5095 3392 5169 Constantinopoli
3437 5096 3811 5169 (intoNicataz)

2240 5164 2501 5238 fecerunt,
2528 5166 2585 5218 in
2629 5182 2731 5234 qua
2777 5169 3027 5238 scriptum
3069 5164 3380 5238 habebajnr,
3415 5164 3471 5221 tit
3502 5168 3591 5238 qui
3623 5164 3814 5236 imagti

2242 5237 2391 5288 nibus
2422 5245 2748 5296 sanctorum,
2798 5236 2873 5287 ita
2907 5246 2959 5288 ut
3008 5237 3210 5301 deiﬁcw
3251 5234 3813 5296 Τι’ἑηὶιαιὶξεεντὲωὶηι

2240 5315 2333 5357 aut
2360 5306 2725 5359 adat-titionem
2753 5322 2857 5358 non
2880 5307 3254 5374 impenderent,
3287 5315 3570 5361 auat/tenta
3589 5310 3816 5376 judica—

2240 5384 2442 5427 rentur.

2299 5444 2411 5514 (19)
2454 5443 2528 5499 Ut
2566 5443 2698 5497 olim
2734 5445 3080 5512 nngabantnr
3125 5445 3494 5512 lconomachi,
3537 5449 3611 5501 ita
3645 5446 3811 5502 etiam
3874 5450 3883 5456 ’

2224 5516 2535 5585 consecutis
2608 5518 2941 5584 temporibus
2998 5532 3171 5585 usque
3222 5519 3288 5570 ad
3343 5533 3463 5579 nos.
3512 5518 3815 5572 irridentur

2225 5584 2499 5656 immerito
2566 5586 2635 5638 ab
2692 5586 3041 5639 heterodoxis
3082 5584 3342 5641 catholici
3427 5591 3581 5656 quasi
3633 5588 3809 5641 latriae

2225 5655 2451 5729 cultum,
2489 5672 2594 5707 non
2622 5667 2822 5729 autem
2848 5657 3193 5729 honorarium
3225 5662 3307 5726 (ut
3333 5674 3418 5714 res
3449 5655 3557 5729 est)
3586 5672 3813 5714 venera-

2226 5724 2427 5780 tionem
2455 5730 2631 5781 sacris
2667 5726 2991 5796 imaginibus
3019 5724 3335 5783 exhibeant.
