4072 6324
260 342 356 413 .409

918 348 1544 424 ANTIRRHETICUS
1584 364 1677 424 III
1715 366 1885 428 ADV.
1921 364 2517 428 CONSTANTINUM
2554 364 2772 426 COPR.

3402 359 3512 430 ιιο

262 454 428 523 τούτῳ
487 456 770 528 χρώμενος
817 460 1107 534 ἐπιφέρει”
1160 468 1274 521 Καὶ
1323 470 1518 544 ὥσπερ
1572 475 1666 528 ἐπὶ
1720 476 1828 535 τῶν

1945 478 2154 546 mulque
2176 492 2297 531 cum
2336 476 2401 531 iis
2431 476 2890 539 convenientiam,
2930 486 3119 527 rursus
3182 473 3284 527 lioc
3316 489 3508 531 eremo

264 546 551 618 τεχνητῶν,
586 548 731 603 κατά
755 549 855 622 τὴν
891 553 1106 627 μορφὴν
1135 558 1169 628 ἡ
1209 560 1497 631 ὁμοίωσις,
1528 563 1702 630 οὕτως
1734 567 1831 620 ἐπὶ

262 639 356 708 τῆς
381 637 535 703 θείας
577 641 676 695 καὶ
726 635 1027 700 ἀσυνθέτου
1069 646 1310 718 φύσεως,
1345 653 1404 706 ὲν
1455 655 1523 726 τῇ
1572 657 1830 728 κοινωνίᾳ

262 729 355 800 τῆς
385 728 641 802 θεότητός
663 733 812 788 ἐστιν
854 738 887 807 ἡ
932 737 1148 805 ἓνωσις.
1185 741 1528 812 Σημειωτέον
1574 744 1631 799 δὲ
1681 747 1830 811 ὅπως

263 823 348 876 ἐπὶ
375 822 484 876 τῶν
508 826 808 898 τεχνητῶν,
842 829 903 882 ού
960 831 1122 901 τῆσδε
1176 834 1208 906 ἢ
1266 835 1428 904 τῆσδε
1459 836 1674 909 εἴρηκε,
1730 838 1830 910 τὴν

263 913 398 970 κατά
418 914 517 987 τὴν
548 916 765 989 μορφὴν
790 918 884 972 τοῦ
922 922 1285 992 πρωτοτύπου
1322 927 1582 995 ὁμοίωσιν
1613 931 1830 999 προσδι-

262 1006 600 1077 ωρισμένως,
631 1006 767 1062 ἀλλά
811 1010 899 1064 διὰ
930 1011 1025 1065 τοῦ
1047 1014 1413 1083 πληθυντικοῦ
1444 1018 1701 1090 ἀριθμοῦ,
1738 1022 1832 1074 ἐπὶ

263 1096 449 1149 πασῶν
476 1098 663 1163 ἁπλῶς
692 1100 787 1154 τὸν
818 1101 978 1157 αὐτὸν
1011 1105 1275 1177 εἰσήγαγε
1314 1106 1472 1178 λόγον
1495 1126 1508 1139 ·
1566 1111 1641 1176 ῶς
1667 1113 1831 1186 εἴπερ

264 1186 692 1278 μὴξάπόσχοιντο
721 1191 822 1262 τῆς
853 1195 1055 1249 ἀτόπου
1087 1197 1422 1264 φιλονεικίας
1453 1201 1503 1255 οἰ
1544 1202 1834 1278 ἀναισχυν-

259 1276 504 1344 τοῦντες,
546 1281 1011 1353 ὲκόιασθήσονται-
1061 1288 1136 1358 μὴ
1174 1288 1272 1343 ἕνα
1317 1292 1511 1361 μόνον,
1550 1294 1687 1348 ἀλλὰ
1729 1276 1834 1351 καὶ

262 1367 486 1434 πολλοὺς
522 1373 671 1437 υἱοὺς
708 1374 881 1440 ἀθέως
928 1380 1292 1435 ἀναπλάττειν
1328 1385 1423 1437 καὶ
1460 1385 1724 1458 ἀνοήτως.

323 1553 431 1625 κβ’.
467 1554 540 1608 Τὸ
573 1556 754 1610 τοίνυν
785 1559 1103 1631 λεγόμενον,
1142 1563 1223 1616 ὃτι
1255 1564 1287 1633 ὴ
1326 1563 1427 1634 τῆς
1460 1566 1670 1633 εἰκόνος
1697 1570 1833 1640 τιμὴ

259 1645 342 1699 ἐπὶ
368 1646 432 1699 τὸ
462 1648 818 1717 πρωτότυπον
850 1650 1141 1715 διαϐαίνει,
1176 1647 1264 1708 οἷα
1297 1654 1362 1726 δὴ
1397 1659 1833 1731 προσεχέστερον

259 1736 330 1808 τῷ
351 1739 446 1790 ἐπὶ
459 1741 560 1809 τῆς
586 1739 851 1809 βασιλέως
879 1743 1089 1807 είκόνος
1120 1746 1530 1817 παραδείγματι
1555 1749 1833 1820 κείμενον,

259 1830 684 1900 προηγουμένως
712 1833 806 1886 ἐπὶ
853 1834 964 1889 τῶν
1010 1836 1290 1908 τεχνητῶν
1320 1837 1545 1892 εἰκόνιον
1584 1842 1832 1912 ὲφήρμο-
1867 1834 1907 1891 Β

258 1930 408 1984 σται,
456 1918 550 1971 καὶ
590 1919 766 1985 οὕτως
808 1922 901 1974 ἐπὶ
954 1925 1053 1995 τὴν
1102 1926 1338 1997 φυσικὴν
1386 1928 1572 1981 εἰκόνα
1620 1929 1833 1985 ἐκεῖθεν

257 2008 604 2079 μετέρχεται,
634 2012 728 2064 καὶ
758 2011 896 2082 πρὸς
938 2012 1037 2083 τὴν
1070 2013 1355 2083 θεολογίαν
1393 2015 1836 2087 παραδειγματι-

256 2099 361 2166 κῶς
393 2100 663 2168 ἀνάγεται
680 2119 695 2135 ο
721 2102 974 2175 τοιαύτης
998 2104 1054 2158 δὲ
1079 2107 1407 2177 μεταλαχεῖν
1439 2109 1539 2180 τὴν
1566 2109 1836 2179 τεχνητὴν

256 2191 437 2257 εἰκόνα
449 2193 551 2262 τῆς
570 2192 705 2265 πρὸς
726 2198 786 2247 τὸ
813 2196 1171 2266 πρωτότυπον
1189 2198 1331 2252 κατὰ
1356 2201 1454 2269 τὴν
1483 2200 1699 2271 μορφὴν
1722 2217 1837 2253 κοι-

257 2284 452 2347 νωνίας
479 2285 574 2337 καὶ
592 2284 853 2355 σχέσεως,
885 2284 1040 2340 οὐδὲν
1068 2282 1234 2360 ἦττον
1265 2290 1297 2358 ἢ
1324 2289 1466 2345 κατὰ
1490 2290 1587 2363 τὴν
1616 2292 1836 2362 ὁμωνυ-

259 2374 384 2443 μίαν
425 2374 710 2446 ἐνέφηνεν.
758 2376 845 2441 Ὧς
882 2379 991 2450 γὰρ
1038 2382 1100 2434 οὐ
1148 2379 1262 2446 δύο,
1305 2380 1422 2435 ἀλλ’
1450 2381 1544 2436 ἕνα
1580 2382 1837 2451 λέγεσθαι

257 2465 487 2537 βασιλέα
516 2471 848 2541 συνήνεκται
879 2472 970 2543 (τὸ
998 2475 1107 2544 γὰρ
1128 2473 1189 2527 ἒν
1212 2476 1301 2530 ἐπ’
1323 2477 1534 2546 ἀμφοῖν
1559 2477 1839 2545 διαφαίνε-

254 2559 390 2631 ται),
410 2559 562 2613 οὕτω
589 2560 681 2634 δὴ,
714 2561 811 2616 καὶ
837 2563 865 2615 ὃ
884 2562 1333 2636 θαυμαστότερον
1366 2569 1460 2620 καὶ
1479 2569 1837 2639 οἰκειότερον,

258 2652 391 2721 μηδὲ
434 2652 503 2706 τὸ
524 2655 741 2726 κράτος
777 2655 1087 2726 σχίζεσθαι,
1136 2659 1270 2729 μηδὲ⁷
1303 2661 1404 2729 τὴν
1433 2660 1592 2725 δόξαν
1622 2662 1841 2732 μερίζε-

257 2742 402 2805 σθαι.
433 2744 463 2798 ὃ
482 2745 681 2816 ἐδήλου
718 2747 810 2800 ἐπὶ
828 2748 928 2817 τῆς
953 2752 1189 2821 φυσικῆς
1214 2752 1244 2821 ἠ
1273 2753 1393 2805 κατ’
1431 2753 1621 2807 ουσίαν
1645 2752 1838 2819 ἓνωσις

254 2838 484 2902 εἰκόνος.
532 2838 657 2902 Πῶς
688 2835 783 2893 οὖν
822 2841 1008 2912 ἄτιμοι
1061 2846 1154 2895 καὶ
1203 2844 1657 2914 ἀπηγορευμέναι
1704 2844 1841 2915 πρὸς

255 2928 567 2996 ἑξάπλωσιν
583 2931 680 2984 καὶ
699 2932 998 3005 σαφήνειαν
1024 2932 1344 3003 τηλικούτου
1370 2935 1718 3006 πράγματος,
1742 2935 1843 3005 τῆς

253 3020 543 3092 θεολογίας
564 3023 1007 3095 λαμϐανόμεναι;
1055 3026 1114 3079 '0
1136 3027 1193 3080 δὲ
1217 3028 1379 3091 αὐτὸς
1408 3019 1565 3091 οὗτος
1584 3028 1841 3081 διδάσκα-

252 3111 358 3180 λος,
388 3116 488 3168 καὶ
521 3116 581 3167 ὲν
610 3120 723 3179 τοῖς
750 3117 888 3172 κατά
909 3118 1201 3172 Σαϐελλίου
1229 3119 1432 3187 λόγοις,
1456 3119 1555 3190 τὴν
1581 3121 1709 3189 περὶ
1733 3118 1840 3175 τῶν

253 3206 572 3291 εἰρημένων
589 3206 828 3261 διάνοιαν
858 3209 1179 3279 λευκότερον
1202 3184 1446 3274 ἐξαιτλοῦ
1476 3184 1788 3281 (Οὐδὲ-γὰρ
1811 3210 1838 3262 ὁ
1869 3184 1909 3240 C

254 3300 393 3353 κατά
426 3302 535 3371 τὴν
560 3302 769 3371 ἀγορὰν
797 3305 864 3374 τῇ
896 3303 1146 3375 βασιλικῇ
1174 3304 1345 3358 εἰκόνι
1368 3303 1723 3369 ,ὲνατενίζων,
1750 3305 1844 3358 καὶ

253 3392 482 3460 βασιλέα
504 3394 684 3463 λέγων
706 3396 799 3448 τὸν
822 3398 880 3449 ὲν
908 3396 985 3467 τῷ
1015 3397 1226 3455 πίνακι.
1250 3398 1345 3452 δύο
1367 3399 1626 3468 βασιλέας
1648 3399 1843 3468 ὁμολο-

252 3487 355 3550 γεῖ,
382 3487 491 3556 τήν
517 3481 579 3539 τέ
606 3487 793 3540 εἰκόνα
812 3488 904 3542 καὶ
935 3491 1024 3542 τὸν
1053 3484 1115 3543 οὗ
1138 3493 1281 3542 ἐστιν
1309 3491 1341 3560 ή
1364 3488 1532 3545 εἰκών
1558 3506 1570 3519 ⁸
1600 3492 1726 3544 οὔτε
1749 3492 1844 3543 ἐὰν

250 3574 435 3642 δείξας
468 3577 567 3631 τὸν
596 3579 655 3630 ὲν
701 3579 777 3649 τῷ
811 3580 1002 3633 πίνακι
1044 3583 1433 3649 γεγραμμένον
1470 3584 1592 3653 εῖπη
1624 3625 1635 3639 ,
1676 3577 1844 3644 Οὗτός

253 3666 446 3735 ἐστινὸ
465 3667 752 3739 βασιλεὺς,
769 3668 1111 3740 ἀπεστέρησε
1127 3672 1215 3722 τὸν
1247 3673 1430 3741 πρωτό
1446 3691 1496 3721 ευ
1512 3690 1609 3723 πον
1634 3673 1731 3742 τῆς
1750 3671 1844 3725 τοῦ

252 3756 531 3826 βασιλέως
564 3763 962 3831 προσηγορίας,
998 3763 1199 3833 μᾶλλον
1245 3764 1344 3833 μὲν
1373 3760 1464 3816 οὖν
1518 3764 1713 3833 ἐκείνῳ
1744 3763 1844 3834 τὴν

250 3851 416 3919 τιμὴν
449 3851 754 3904 ἐϐεϐαίωσε
797 3854 884 3908 διὰ
914 3855 1012 3923 τῆς
1053 3855 1243 3908 τούτου
1274 3854 1566 3925 ὁμολογίας
1595 3871 1607 3884 ’
1646 3857 1693 3908 εἰ
1737 3856 1846 3926 γάρ

250 3944 282 4011 ὴ
310 3942 483 3997 εἰκὼν
517 3942 797 4014 βασιλεὺς,
832 3947 1013 4015 πολλῷ
1036 3948 1097 4017 δή
1134 3965 1237 4000 που
1258 3936 1415 4010 ἐίκίς
1445 3947 1670 4017 βασιλέα
1702 3945 1845 4000 εἶναι

251 4035 345 4085 καὶ
378 4036 478 4087 τὸν
509 4039 582 4104 τῇ
632 4038 803 4089 εἰκόνι
855 4039 1277 4109 παρασχόμενον
1310 4038 1408 4109 τὴν
1462 4039 1641 4093 αἰτίαν
1665 4056 1678 4069 ·
1732 4039 1846 4094 ἀλλ’

250 4126 498 4205 ἐνταῦθα
537 4128 637 4197 μὲν
670 4128 804 4195 ξύλα
842 4130 940 4182 καὶ
986 4129 1282 4201 ζωγράφου
1312 4131 1478 4201 τέχνη
1523 4130 1622 4201 τὴν
1662 4130 1847 4184 εἰκόνα

251 4221 395 4272 ποιεῖ
425 4218 686 4291 φθαρτὴν
744 4219 987 4291 φθαρτοῦ
1040 4223 1269 4293 μίμημα
1299 4225 1394 4276 καὶ
1433 4223 1700 4294 τεχνητὴν
1752 4222 1847 4276 τοῦ

252 4313 614 4382 ποιηθέντος,
650 4316 767 4366 ἐκεῖ
797 4314 852 4367 δὲ
884 4315 1013 4368 ὅταν
1064 4316 1306 4385 ἀκούσῃς
1356 4314 1562 4377 εἰκόνα,
1593 4314 1846 4381 ἀπαύγα-

253 4420 365 4474 σμα
400 4408 523 4460 νόει
554 4407 654 4474 τῆς
687 4405 845 4473 δόξης
871 4422 884 4436 ο
918 4408 970 4458 τί
998 4406 1055 4460 δὲ
1084 4407 1147 4460 τὸ
1170 4407 1536 4476 ἀπαύγασμα,
1570 4408 1667 4460 καὶ
1695 4407 1781 4469 τίς
1815 4408 1846 4477 ή

1930 569 2017 639 plu
2077 571 2143 623 ad
2194 567 2471 640 physicam
2521 568 2810 636 imaginem
2860 565 3167 634 analogiam
3234 565 3503 628 habente.

1930 666 2088 712 utens
2110 659 2262 715 addit
2298 675 2313 711 :
2344 657 2415 712 Et
2442 657 2601 711 sicuti
2638 658 2690 710 in
2716 654 3099 710 artilicialibus
3129 654 3431 708 similitudo
3457 655 3511 708 in

1931 746 2105 803 [urina
2146 748 2227 814 fit,
2270 749 2429 805 sicin
2472 748 2655 805 divina
2688 748 3161 816 incompositaque
3186 758 3407 807 natura,
3458 747 3512 799 in

1931 843 2309 897 communione
2329 842 2627 896 divinitatis
2647 840 2705 894 (it
2723 841 2917 894 unitas.
2946 838 3510 893 Animadvertendum

1932 942 2133 998 autem,
2164 932 2305 1001 quod
2338 947 2443 986 non
2478 932 2528 985 in
2567 932 2667 987 hac
2715 931 2796 985 vel
2844 928 2957 999 99
2986 929 3071 983 illa
3102 927 3378 982 artiﬁciali
3408 927 3507 981 de-

1934 1025 2081 1078 tlnite
2105 1024 2302 1078 dixerit
2332 1025 2603 1078 exsistere
2637 1024 2908 1094 protmypi
2939 1020 3381 1083 similitmlinem,
3410 1017 3510 1073 sed

1934 1116 2127 1186 plurali
2168 1131 2417 1181 numero,
2447 1118 2511 1169 de
2535 1117 2746 1170 cunctis
2766 1113 3090 1183 simpliciter
3115 1113 3310 1167 eodem
3347 1110 3510 1165 modo

1936 1210 2145 1265 locutus
2202 1208 2293 1263 sit.
2354 1207 2718 1274 Quamobrem
2764 1207 2866 1260 nisi
2915 1205 3259 1275 impudentes
3311 1203 3399 1257 isti
3434 1200 3510 1256 ab

1934 1302 2166 1355 absurda
2216 1314 2313 1354 sua
2343 1300 2695 1354 contentione
2750 1298 3042 1360 alisistant,
3091 1306 3356 1365 cogentur
3395 1293 3512 1361 jam

1934 1404 2041 1442 non
2081 1404 2246 1442 unum
2276 1388 2664 1450 tantummodo,
2701 1403 2884 1440 verum
2920 1386 3082 1440 etiam
3144 1386 3324 1455 plures
3377 1383 3516 1438 lilios

1937 1481 2097 1549 impie
2116 1479 2381 1548 stulteque
2407 1480 2736 1549 confingere.

2006 1571 2095 1625 92.
2132 1571 2291 1639 Quod
2327 1586 2457 1641 ergo
2477 1571 2682 1625 dictant
2719 1579 2823 1634 est,
2856 1584 3049 1636 nempe
3099 1567 3352 1622 delatum'
3376 1565 3511 1620 ima-

1938 1664 2045 1735 gini
2081 1664 2337 1722 honorem
2385 1663 2453 1719 ad
2506 1673 2847 1734 prototypum
2882 1662 3138 1722 transire,
3187 1659 3238 1713 id
3281 1674 3380 1713 ceu
3419 1672 3514 1714 ac-

1939 1756 2333 1811 commodatius
2386 1755 2548 1824 regia:
2597 1752 2848 1823 imaginis
2913 1750 3160 1818 exetnplo
3217 1749 3514 1816 quadrans,

1936 1846 2308 1903 artiﬁcialibus
2357 1847 2599 1916 apprime
2636 1844 2960 1912 imaginibus
3005 1840 3298 1911 congruit;
3353 1849 3517 1908 atque

1938 1940 2008 1994 ita
2040 1941 2105 1996 ad
2168 1940 2462 1994 naturalem
2504 1937 2791 2006 imaginem
2844 1936 2992 1990 illinc
3045 1934 3298 1995 trausiiit,
3352 1942 3408 1986 et
3447 1932 3517 1985 ad

1937 2045 2238 2087 sermonem
2270 2031 2338 2086 de
2379 2031 2485 2085 Deo
2514 2030 2741 2097 exempli
2796 2041 2945 2081 more
2994 2026 3316 2081 traducitur.
3351 2023 3514 2078 Hanc

1939 2136 2118 2179 autem
2154 2123 2221 2177 ab
2249 2121 2523 2177 artiﬁciali
2570 2121 2803 2190 imagine
2837 2119 3021 2173 haberi
3062 2116 3509 2171 communionem

1940 2232 2060 2271 cum
2098 2225 2382 2284 prototypo
2438 2232 2503 2269 ac
2554 2213 2895 2277 relationem,
2945 2211 3085 2267 hami
3119 2210 3297 2264 minus
3352 2222 3516 2278 quam

1940 2320 2036 2375 per
2080 2304 2501 2375 ltontonyntiam,
2560 2304 2675 2372 ipse
2722 2301 2980 2358 ostendit.
3027 2300 3180 2353 Sicut
3224 2298 3367 2351 enim
3403 2311 3510 2351 non

1941 2394 2066 2457 duo,
2099 2393 2190 2447 sed
2222 2408 2383 2445 unum
2434 2406 2555 2447 esse
2613 2404 2790 2459 regem
2848 2386 3190 2442 concluditur
3240 2388 3519 2455 (namque

1942 2501 2104 2540 unum
2124 2486 2250 2554 quid
2280 2501 2347 2540 ex
2373 2484 2633 2538 anibolius
2660 2484 2901 2553 apparet)
2925 2496 2941 2547 ;
2974 2481 3071 2546 ita,
3094 2480 3234 2547 quod
3253 2478 3412 2533 etiam
3436 2486 3523 2535 est

1943 2577 2243 2631 mirabilius
2302 2587 2355 2629 et
2409 2573 2671 2635 intimins,
2734 2586 2911 2640 neque
2970 2571 3264 2639 potentiam
3311 2568 3506 2630 scindi,

1943 2682 2118 2736 neque
2148 2666 2481 2733 maiestatem
2511 2666 2562 2720 in
2595 2675 2777 2733 partes
2816 2662 2968 2718 abire
3018 2671 3197 2730 patet;
3242 2660 3386 2729 quod
3412 2660 3513 2714 de-

1943 2757 2277 2813 monstrabat
2304 2756 2356 2807 in
2389 2753 2617 2808 naturali
2661 2752 2895 2821 imagine
2952 2750 3271 2804 substantia:
3318 2746 3523 2805 unitas.

1944 2850 2050 2903 Cur
2091 2861 2220 2916 ergo
2277 2847 2553 2899 inltonortn
2591 2845 2702 2898 sint
2750 2851 2808 2899 et
2866 2840 3175 2910 rejiciendre
3222 2839 3510 2909 imagines,

1944 2958 2065 3011 qna-
2092 2947 2156 2992 ad
2189 2939 2585 3006 expositionem
2634 2936 3166 3001 declarationemqne
3206 2942 3368 2985 tanta:
3413 2931 3513 2996 rei,

1945 3033 2116 3097 qualis
2136 3041 2215 3083 est
2250 3031 2314 3082 de
2344 3028 2434 3081 Dei
2496 3039 2686 3082 natura
2738 3036 3029 3091 tractatus,
3078 3036 3364 3092 assumpta:
3412 3021 3527 3077 fue-

1948 3121 2277 3177 rnnt?l.lent
2331 3121 2417 3175 hic
2449 3122 2638 3173 doctor
2689 3121 2740 3175 in
2804 3134 3053 3173 sertnoue
3080 3128 3272 3170 contra
3322 3115 3521 3169 Subulo

1945 3216 2072 3269 lium
2106 3216 2218 3282 (‘28)
2268 3225 2501 3268 utentem
2561 3228 2712 3266 suam
2761 3212 2827 3264 de
2877 3226 2933 3265 re
2984 3209 3237 3279 praedicta
3289 3207 3521 3262 lucidius

1946 3308 2143 3361 evolvit
2177 3324 2190 3360 :
2234 3323 2250 3356 ι
2300 3304 2481 3373 Neque
2509 3304 2653 3358 enim
2680 3302 2769 3372 qni
2795 3304 2848 3355 in
2881 3300 2997 3354 foro
3034 3301 3268 3368 regalem
3326 3296 3522 3368 imagi-

1948 3417 2066 3454 nem
2102 3399 2362 3462 intuetur,
2428 3409 2717 3465 regemque
2765 3394 2900 3449 dicit
2963 3394 3206 3461 eumqui
3255 3392 3306 3446 in
3347 3390 3527 3446 tabula

1947 3503 2051 3553 est,
2092 3492 2226 3545 dans
2275 3491 2562 3545 conﬁtetur
2596 3503 2771 3558 reges,
2835 3486 3128 3557 imaginem
3167 3483 3437 3549 videlicet,
3472 3491 3529 3538 et

1948 3588 2095 3640 illmn
2124 3584 2278 3650 cuius
2304 3591 2389 3639 est
2416 3584 2615 3650 imago.
2662 3580 2850 3651 Neque
2900 3581 2944 3636 si
2990 3579 3369 3633 demonstrans
3397 3589 3522 3630 eum

1949 3678 2037 3744 qni
2091 3677 2141 3729 in
2194 3676 2373 3729 tabula
2420 3675 2597 3743 pictus
2646 3683 2753 3735 eSt,
2794 3673 2925 3726 dicit
2956 3689 2970 3725 :
3008 3671 3102 3725 llic
3126 3680 3206 3724 est
3237 3686 3329 3723 rex
3357 3709 3372 3733 ,
3410 3668 3532 3731 ideo

1948 3777 2291 3838 prototypum
2318 3764 2677 3835 appellatione
2712 3764 2853 3833 rt-gis
2909 3762 3137 3831 spoliat;
3200 3762 3305 3815 imo
3356 3760 3532 3827 potius

1949 3858 2207 3913 honorem
2228 3858 2275 3910 ei
2301 3859 2401 3913 hac
2416 3855 2761 3911 Confessione
2781 3854 3087 3910 confirmat.
3109 3852 3239 3905 Nam
3269 3851 3314 3903 si
3356 3851 3533 3917 imago

1949 3964 2042 4003 rex
2075 3957 2177 4007 est.
2218 3950 2389 4001 multo
2448 3946 2623 4015 magis
2656 3958 2835 4014 regem
2881 3957 3004 3999 esse
3032 3951 3245 4012 oportet
3273 3955 3397 3994 eum
3435 3940 3529 4009 qui

1951 4041 2173 4109 imagini
2203 4040 2462 4094 faciendae
2495 4051 2715 4090 causam
2753 4035 2920 4091 dedit.
2958 4033 3151 4089 Verum
3187 4032 3273 4087 hic
3316 4029 3533 4099 quidem

1952 4132 2092 4201 ligna
2118 4143 2169 4184 et
2196 4147 2285 4185 ars
2306 4129 2528 4200 pictoris
2552 4127 2842 4199 imaginem
2870 4126 3079 4183 faciunt
3104 4122 3531 4195 corruptibilem,

1954 4224 2289 4277 at'til‘irialcnt
2325 4221 2564 4276 hominis
2586 4219 2962 4287 corruptibilis
2991 4217 3348 4272 imitationem
3373 4230 3390 4282 ;
3423 4212 3537 4267 illic

1955 4331 2132 4370 autem
2188 4332 2310 4369 cum
2362 4315 2645 4384 imaginem
2682 4311 2943 4376 mulieris,
2980 4310 3318 4381 splendorem
3352 4306 3539 4376 gloriae

1954 4410 2155 4477 cogita.
2188 4407 2323 4473 Quis
2363 4416 2543 4459 autem
2578 4405 2649 4459 sit
2672 4403 2945 4474 splendor,
2986 4415 3172 4471 quaeve
3203 4398 3396 4469 gloria,
3422 4398 3541 4467 ipse

249 4494 412 4561 δόξα,
466 4497 642 4560 αὐτὸς
688 4497 861 4559 ἐὐθὺς
914 4499 1260 4568 ἡρμήνευσεν
1295 4500 1323 4552 ὁ
1364 4499 1693 4563 Ἀπόστολος
1748 4500 1844 4552 ἐπ-

1959 4512 2103 4556 rrcte
2160 4500 2381 4568 exponit
2427 4497 2720 4566 Apostolus
2768 4497 2859 4566 qui
2912 4496 3095 4548 addit:
3151 4491 3217 4545 Et
3265 4491 3541 4546 character

252 4588 510 4655 αγαχῲν,
545 4589 657 4643 Καὶ
681 4589 987 4658 χαρακτὴρ
1017 4589 1128 4658 τῆς
1157 4590 1569 4655 ὑποστάσεως.
1606 4611 1623 4642 ι
1649 4591 1853 4644 Τοιαύ-

247 4694 346 4749 της
372 4678 436 4732 δὲ
493 4678 595 4733 διὰ
647 4678 868 4732 πάντων
915 4683 1010 4750 τῆς
1060 4684 1200 4734 κατὰ
1233 4684 1331 4744 τὰς
1372 4682 1587 4742 εἰκόνας
1619 4683 1854 4752 θεωρίας

252 4769 802 4842 παραδεδειγμένης,
832 4772 909 4832 ὡς
951 4771 1012 4824 τό
1058 4773 1231 4835 ὲοικὲς
1265 4773 1324 4824 ὲν
1376 4760 1549 4825 ἅπασι
1585 4773 1730 4824 κατά
1759 4771 1853 4824 τὸν

252 4859 384 4916 ῐδιον
414 4864 559 4934 ὅρον
595 4861 692 4914 καὶ
722 4862 879 4930 λόγον
912 4862 1143 4932 ἐχούσας
1170 4880 1182 4893 ·
1218 4863 1270 4914 τί
1303 4862 1361 4917 τὸ
1390 4863 1602 4919 κᾶτιπον
1638 4864 1705 4914 τά
1754 4862 1853 4931 τῆς

251 4951 465 5017 τάξεως
499 4951 977 5022 ἀναστρέψαντας
1025 4954 1223 5013 εἰπεῖν,
1264 4948 1347 5006 ὅτι
1377 4952 1651 5024 Ὤσπερή
1703 4953 1854 5023 παρὰ

252 5042 363 5095 τῶν
380 5042 750 5098 ἀσεϐούντων
780 5046 859 5107 εἰς
874 5043 966 5096 τόν
992 5045 1120 5096 Υίὸν
1171 5044 1325 5114 ὕϐρις
1357 5046 1493 5115 ’πρὸς
1525 5046 1612 5098 τὸν
1637 5046 1855 5114 Πατέρα

254 5134 324 5197 ὡς
341 5136 424 5199 εἰς
455 5134 778 5205 ἀρχέτυπον
792 5138 1052 5207 ἄντικρυς
1076 5136 1356 5191 ἀναϐαίνει
1378 5152 1392 5166 ⁸
1417 5138 1565 5191 οὔτω
1596 5140 1690 5191 καὶ
1718 5138 1855 5208 ήείς

252 5226 355 5295 τὴν
374 5245 435 5280 τε
444 5227 663 5298 χνητὴν
681 5228 772 5281 τοῦ
797 5230 1034 5301 Χριστοῦ
1054 5230 1239 5284 εἰκόνα
1261 5230 1391 5303 παρ’
1419 5229 1598 5285 αὐτῶν
1618 5246 1863 5300 προσφεε

256 5322 467 5390 ρομένη
490 5320 718 5388 ἀτιμία,
739 5323 987 5393 φανερῶς
1004 5322 1077 5385 ὡς
1097 5324 1181 5375 ἐπ’
1200 5324 1510 5395 ἀρχέτυπον
1525 5324 1613 5377 τὸν
1627 5324 1860 5395 Χριστὸν

260 5411 423 5465 αὐτὸν
458 5414 847 5486 ἁναφέρεταις
899 5416 963 5467 Τί
1007 5415 1213 5470 τούτων
1256 5419 1589 5490 σαφέστερον
1634 5417 1859 5489 ἢὲκδη-

331 5588 378 5623 ⁸⁵
402 5589 588 5646 Hebr.
632 5604 668 5654 t,
702 5589 757 5642 5.

333 5771 453 5833 [38)
481 5770 543 5827 ln
585 5768 824 5825 editione
848 5769 1119 5838 Garnerii,
1153 5779 1196 5826 t.
1224 5767 1287 5837 ll,
1309 5784 1362 5842 p.
1394 5769 1516 5826 192.

1951 4593 2264 4648 substantia:
2299 4592 2413 4660 ejus
2437 4591 2504 4646 “.
2549 4610 2565 4641 ο
2617 4588 2731 4643 llac
2776 4589 3135 4657 undeqnaque
3179 4585 3247 4639 de
3288 4580 3543 4651 imagini-

1951 4684 2049 4739 bus
2075 4684 2322 4751 ειεμυςίιο
2369 4683 2828 4745 consideratione,
2865 4694 2984 4748 qute
3034 4677 3448 4734 similitudinem
3479 4672 3535 4728 ln

1951 4777 2203 4829 Oznnilms
2257 4790 2357 4844 pro
2413 4790 2508 4830 sua
2548 4789 2774 4844 qua-que
2826 4772 3146 4827 detinitione
3202 4783 3267 4825 ac
3319 4768 3535 4821 ratione

1954 4868 2180 4930 habent;
2212 4883 2308 4922 cur
2353 4867 2425 4921 sit
2466 4866 2761 4921 absurdum
2816 4863 3010 4918 ordine
3051 4862 3271 4915 inverso
3326 4858 3531 4918 dicere.

1961 4961 2103 5029 quod
2150 4960 2308 5014 sicuti
2361 4959 2646 5029 impiorum
2710 4960 2971 5011 adversus
3011 4952 3207 5008 Filium
3250 4950 3444 5020 injuria
3474 4947 3543 5001 ad

1965 5049 2178 5103 Patrum
2208 5058 2394 5117 utpote
2425 5050 2776 5119 archetypum
2813 5055 2956 5102 recta
2992 5045 3208 5108 transit,
3244 5043 3323 5096 sic
3352 5040 3545 5095 adver-s

1964 5157 2056 5197 Sus
2085 5140 2424 5196 artiﬁcialem
2459 5139 2663 5197 Chriin
2723 5139 3014 5208 imaginem
3045 5137 3109 5190 ab
3164 5133 3281 5188 istis
3333 5131 3541 5186 illatum

1963 5234 2215 5300 dedecus,
2241 5243 2424 5302 aperte
2454 5248 2550 5288 ceu
2578 5233 2646 5289 ad
2672 5232 3030 5302 archetypum
3056 5228 3331 5283 Christum
3370 5222 3545 5278 refer—

1966 5324 2091 5378 tur?
2120 5323 2257 5391 Quid
2292 5322 2376 5378 bls
2408 5321 2754 5377 manifestius
2785 5329 2878 5375 aut
2914 5316 3220 5373 evidentius
3250 5313 3314 5366 ad
3338 5310 3547 5367 verita-

1967 5410 2036 5474 tis
2072 5417 2291 5474 tutelam
2323 5425 2379 5474 ct
2429 5414 2867 5481 aliirmationem,
2930 5422 3179 5479 veraeque
3207 5401 3467 5461 doctrinm
3488 5407 3545 5456 et
