4072 6324
210 368 296 437 ιιι

881 350 1512 416 ANTIRRHETICUS
1550 350 1646 412 III
1683 349 1854 414 ADV.
1894 346 2491 412 CONSTANTINUM
2527 344 2741 406 COPR.

3348 342 3467 408 is?!

216 471 681 553 προοδιωρίσαντο,
701 462 907 520 τούτων
934 465 1114 535 μόνων
1139 461 1465 534 ὑφελόμενοι
1493 462 1593 532 τὴν
1613 477 1784 533 προσ-

1896 460 2295 517 constituissent
2332 473 2395 512 ac
2438 457 2790 519 dctinissent,
2833 465 3001 528 atque
3032 456 3118 513 liis
3156 472 3464 515 vum-mm-

214 552 420 643 κύνησιν
440 580 453 595 ·
493 563 589 617 καὶ
617 559 671 614 τί
698 559 782 612 δεῖ
829 556 1012 626 λέγειν
1046 555 1461 627 προσκύνησιν;
1490 552 1626 625 μηδὲ
1678 570 1775 606 τυ-

216 662 426 721 ποῦσθαι
453 656 515 711 τδ
556 652 823 726 παράπαν
849 650 1029 719 πάντη
1079 648 1172 701 καὶ
1208 646 1433 707 πάντως
1479 644 1774 699 ἑθέσπισαν

220 758 443 831 μίμημα.

272 845 333 902 λ’.
379 842 519 899 Ἀλλ’
563 830 746 895 αὐτῶν
787 853 851 906 γε
874 834 1007 888 ἔνιοι
1034 831 1130 888 καί⁸
1179 831 1362 895 οῐκους
1403 829 1586 901 ίεροῦς
1642 828 1779 883 ἔδει-

218 953 390 1012 μαντο,
418 934 516 987 καὶ
543 928 666 1001 ίερά
692 924 954 997 κειμήλια
982 920 1365 992 ὲτεκτήναντο,
1393 922 1452 973 ὲν
1486 913 1586 1012 οἷς.
1604 917 1781 972 ταῦτα

216 1005 556 1086 ἐντυποῦντες
603 1020 701 1075 καὶ
734 1015 1133 1088 διαγράφοντες
1191 1013 1522 1081 φαίνονται·
1555 1005 1630 1066 ιῖν
1686 1012 1786 1066 καὶ

214 1119 366 1173 όντων
396 1115 492 1169 καί⁹
521 1107 850 1182 γινομένων,
881 1106 974 1162 τὸν
995 1106 1095 1177 τῆς
1121 1102 1269 1175 ζωῆς
1313 1102 1558 1174 βιοῦντες
1609 1102 1781 1156 διετέ-

215 1210 324 1264 λουν
355 1207 572 1260 ἅπαντα
598 1200 791 1272 χρόνον
826 1214 841 1228 ο
883 1195 987 1269 ἠδη
1035 1194 1092 1249 δὲ
1128 1194 1223 1247 καὶ
1254 1193 1403 1265 ὅροις
1424 1190 1429 1199 ”
1452 1191 1549 1247 καὶ
1592 1191 1782 1246 κανόσι

216 1300 365 1363 θείοις
427 1289 872 1364 ἀναστηλοῦσθαι
922 1286 993 1341 τὰ
1036 1285 1275 1358 Χριστοῦ
1324 1285 1637 1348 ὲτύπωσαν,
1689 1283 1785 1337 καὶ

189 1376 192 1382 λ
219 1391 399 1465 μᾶλλον
420 1387 501 1460 τῷ
522 1382 857 1457 ἀνθρωπείῳ
876 1380 1030 1445 εῐδει,
1048 1379 1159 1450 ὅσῳ
1171 1377 1267 1431 καὶ
1281 1381 1347 1448 τῇ
1362 1376 1597 1449 ἀληθείᾳ
1617 1391 1785 1448 προσ-

215 1487 498 1559 ῳκείωται,
524 1481 559 1553 ἢ
592 1479 673 1551 τῷ
705 1477 802 1532 τοῦ
830 1475 1031 1548 ἀμνοῦ,
1085 1475 1135 1528 oi
1169 1472 1560 1555 ἀρχαιότεροι,
1590 1472 1640 1525 οἱ
1683 1470 1783 1542 τὴν

218 1578 354 1652 ίεράν
411 1576 511 1630 καὶ
546 1573 734 1639 ιάγίαν
784 1569 954 1640 ἕκτην
999 1563 1511 1654 συγκεκροτηκότες
1564 1562 1783 1617 σύνοδον

217 1670 448 1738 θεόσοφοι
484 1664 725 1736 πατέρες
775 1660 1178 1716 διδασκέτωσαν
1201 1676 1216 1691 ο
1249 1656 1344 1723 οὒς
1376 1656 1585 1720 πάντας
1639 1654 1786 1726 παρ-

216 1760 435 1833 ορῶντες
452 1758 502 1811 οί
524 1756 752 1821 ἀνόσιοι,
778 1751 870 1806 ἐπὶ
904 1752 998 1806 τὸν
1022 1752 1324 1824 κορυφαῖον
1347 1750 1449 1820 τῆς
1477 1749 1668 1812 ἀθεῖας
1693 1747 1785 1801 τὸν

1883 566 2007 607 nem
2062 551 2439 619 abrogassent.
2488 546 2626 615 Quid
2681 548 2806 603 dico
2851 549 3300 605 venerationem?
3351 550 3463 608 Nec

1881 644 2224 713 ligurandum
2262 641 2482 710 quidem
2525 639 2634 693 ullo
2682 639 2845 693 modo
2881 637 3238 696 simulacrum
3275 642 3469 698 decre-

1882 734 2114 786 vissent.

1959 821 2119 895 105
2158 822 2248 878 '50.
2279 820 2442 891 Atqui
2481 837 2673 887 secus,
2703 821 2898 877 horum
2927 819 3093 891 aliqui
3122 836 3307 878 sacras
3329 836 3466 893 quo-

1883 930 1991 988 que
2018 918 2161 971 aedes
2193 924 2538 978 struxerunt,
2570 923 2627 970 et
2657 929 2816 969 sacra
2851 913 3068 969 cimclia
3093 912 3470 979 elaborarunt,

1883 1008 1940 1064 in
1968 1007 2170 1078 quibus
2204 1006 2300 1060 has
2332 1005 2601 1074 imagines
2629 1003 2696 1059 ab
2736 1003 2817 1059 eis
2851 1004 3148 1073 impressas
3179 1004 3261 1058 vel
3294 1002 3474 1074 pic.»

1883 1107 2124 1155 constat.
2156 1095 2287 1164 ane
2315 1097 2442 1161 dum
2475 1104 2753 1151 exstarent
2791 1105 2848 1151 et
2884 1096 2937 1150 in
2970 1095 3087 1152 dies
3118 1096 3328 1162 tierent,
3368 1097 3471 1165 ipsi

1887 1200 2058 1245 totum
2088 1189 2442 1259 absolverunt
2470 1188 2599 1244 vita:
2639 1202 2885 1244 cursum.
2911 1186 3140 1258 Jamque
3179 1190 3343 1244 etiam
3374 1188 3474 1242 de-

1886 1281 2231 1337 ﬁnitionibus
2283 1279 2597 1349 divinisque
2650 1279 2953 1337 canonibus
3002 1281 3230 1351 proponi
3266 1278 3473 1335 Christi

1886 1373 2185 1444 imaginem
2223 1372 2461 1445 typicam
2494 1383 2862 1441 censuerunt;
2894 1382 2950 1429 et
2978 1374 3218 1428 humana
3251 1374 3474 1443 quidem

1886 1464 2071 1535 potius
2125 1464 2337 1530 l'orma,
2393 1479 2494 1519 ceu
2546 1464 2763 1519 veritati
2810 1466 3268 1534 congruentiore.,
3309 1480 3477 1532 quam

1888 1556 2049 1628 agni,
2092 1557 2232 1624 ﬁeri,
2264 1554 2430 1626 prisci
2466 1555 2541 1610 illi
2566 1556 2659 1625 qui
2687 1571 2903 1611 sacram
2940 1564 3298 1626 sanctamque
3317 1572 3476 1631 synn-

1888 1647 2017 1701 dum
2040 1656 2250 1702 sextam
2277 1646 2629 1702 celebrarunt
2658 1661 2688 1701 a
2720 1646 2828 1701 Ben
2854 1647 3106 1719 inspirati
3133 1646 3346 1717 Patres,
3374 1664 3481 1704 nos

1890 1737 2165 1793 docebunt
2196 1736 2331 1810 (ιο).
2368 1735 2516 1804 Quos
2544 1747 2776 1793 cunctos
2801 1737 3095 1808 irreligiosi
3119 1737 3174 1793 hi
3199 1739 3477 1811 neglectui

214 1828 438 1921 δῦσσεϐἦ
456 1847 719 1903 Εὑσέϐιον
736 1844 1108 1916 ἀποτρέχουσι
1130 1847 1224 1898 καὶ
1244 1842 1336 1907 οὓς
1360 1841 1785 1913 παρεπλάσαντο

1896 1828 2193 1895 habentes,
2238 1830 2316 1893 ad
2373 1829 2718 1901 coryphamm
2772 1828 3195 1901 irreligiositatis
3249 1832 3481 1900 impium

215 1943 475 2017 Πατέρας,
507 1941 626 2004 ταῖς
660 1932 892 2017 οίκείαις
915 1935 1131 2009 ὀρέξεσι
1148 1935 1251 2007 τῆς
1276 1933 1534 1998 ἀσεϐείας
1558 1932 1779 1988 ἐκκαιό-

217 2051 378 2107 μενοι,
407 2031 475 2086 ἐκ
505 2048 567 2085 τε
602 2029 701 2100 τῆς
730 2024 1058 2099 Μανιχαίων
1102 2026 1197 2080 καὶ
1255 2024 1558 2097 Ἀρειανῶν
1602 2022 1781 2095 λύμης

214 2126 593 2202 ἑρανισάμενοι
625 2123 914 2194 φάσματα,
955 2117 1282 2174 καὶτούτων
1328 2118 1472 2190 μέρη
1522 2117 1643 2170 τινὰ
1685 2114 1781 2169 καὶ

211 2202 689 2292 τμήματαίπάσης
737 2209 1027 2284 βδελυρίας
1081 2208 1178 2263 καὶ
1243 2207 1593 2278 ἀκαθαρσίας
1648 2206 1780 2260 ἀνά-

217 2318 397 2383 μεστά,
420 2309 617 2382 πόρρω
635 2323 741 2360 που
772 2302 865 2359 τοῦ
887 2301 988 2375 τῆς
1020 2300 1350 2373 Ἐκκλησίας
1371 2299 1531 2371 χοροῦ
1563 2300 1657 2353 καί⁸
1683 2298 1783 2368 τῆς

214 2404 349 2468 Θείας
404 2404 477 2456 ὲκ
522 2400 789 2453 πλειόνων
843 2396 1056 2468 χρόνων
1105 2392 1556 2463 ἀπεληλαμένους
1600 2389 1781 2459 δόξῃς,

213 2494 295 2559 οὓς
329 2495 423 2549 καὶ
468 2491 532 2547 τὸ
582 2487 999 2563 ἀπερίγραπτον
1035 2486 1129 2539 ἐπὶ
1164 2484 1429 2555 Χριστοῦ,
1464 2482 1655 2554 ὥσπερ
1688 2482 1784 2536 καὶ

212 2586 265 2639 τὸ
290 2586 575 2658 ἀλλότριον
598 2582 695 2637 καὶ
738 2580 1081 2653 ἑτεροούσιον
1111 2579 1212 2650 τῆς
1258 2577 1354 2632 τοῦ
1392 2576 1786 2649 γεγεννηκότος

212 2675 387 2738 οὐσίας
428 2672 794 2747 φρονοῦντας,
829 2673 886 2726 αἱ
942 2671 1091 2744 ίεραὶ
1141 2669 1351 2724 σύνοδοι
1404 2667 1782 2739 ἁπεκήρυξαν,

214 2770 454 2839 φρικτοῖς
511 2765 821 2837 ἀναθέμασι
864 2761 1324 2831 καταζεύξαντες.
1374 2761 1499 2816 Ἔτι
1544 2760 1602 2813 δὲ
1648 2757 1787 2829 πρὸς

211 2844 319 2922 τοῖς
340 2860 686 2933 εἰρημένοις,
716 2857 808 2911 τὸν
843 2857 1170 2929 ἱεροφάντην
1198 2853 1469 2929 Κύριλλον
1522 2850 1618 2906 τοῦ
1660 2849 1787 2905 καθ’

213 2952 350 3022 ἡμᾶς
378 2952 550 3021 λόγου
583 2950 679 3004 καὶ
730 2949 832 3020 τῆς
862 2948 1129 3020 ἀληθείας
1168 2946 1492 3019 ῦπέρμαχον
1543 2946 1787 3017 προστηο

215 3045 453 3114 σάμενοι,
488 3044 690 3115 ἴδωμεν
724 3041 829 3097 ποῦ
856 3059 988 3096 ποτε
1021 3041 1134 3113 ἄρα
1168 3044 1197 3095 ὁ
1220 3040 1321 3112 τῆς
1353 3039 1561 3101 είκόνος
1604 3037 1791 3099 αὐτοῖς

214 3134 360 3205 λόγος
390 3136 735 3206 ἐκϐήσεταιη
765 3132 1039 3203 θαυμάζω
1071 3120 1181 3203 γὰρ
1234 3131 1283 3185 εί
1344 3130 1420 3203 μὴ
1454 3127 1788 3185 ἀποστασίου

213 3203 423 3297 γραφὴν
479 3203 920 3293 ἀπενέγκοιντο·
970 3216 1072 3276 ὦδε
1119 3222 1228 3294 γάρ
1275 3238 1454 3293 φησι,
1504 3223 1604 3292 τὴν
1652 3221 1788 3290 πρὸς
1819 3203 1863 3263 c

224 3317 534 3391 Ῥωμαίους
586 3318 683 3371 τοῦ
720 3318 868 3372 θείου
928 3317 1260 3372 Ἀποστόλου
1317 3314 1788 3387 ύπομνηματίζων

223 3411 570 3483 Ἐ’πιστολήνο
611 3429 629 3462 ι
673 3410 777 3464 Τόν
797 3427 861 3481 γε
896 3409 1003 3480 μὴν
1032 3413 1097 3462 ἐκ
1140 3392 1457 3479 σπέρματος
1486 3405 1653 3460 Δαϐἰδ
1695 3421 1792 3473 γε-

212 3503 439 3571 γονότα,
488 3501 635 3556 κατὰ
670 3501 768 3572 τὴν
814 3501 996 3571 σάρκα
1043 3499 1281 3572 ὡρίσθαι
1331 3500 1497 3568 φησὶν
1538 3494 1615 3560 είς
1664 3496 1791 3549 Υίὸν

212 3594 338 3648 Θεοῦ
365 3597 426 3648 ὲν
461 3595 721 3664 δυνάμει,
753 3593 895 3647 κατά
930 3592 1153 3662 Πνεῦμα
1182 3591 1519 3661 ἁγιωσύνης,
1553 3590 1610 3654 ἐξ
1655 3589 1790 3645 ἀνα·-

215 3686 456 3751 σῖάσεως
513 3684 726 3757 νεκρῶν
751 3701 765 3715 ο
800 3683 1094 3756 ὼρίσμεθα-
1122 3685 1221 3755 μὲν
1253 3682 1362 3758 γὰρ
1388 3683 1485 3736 καὶ
1514 3683 1676 3752 ἡμεῖς
1714 3682 1794 3744 είς

210 3780 378 3844 υἱοὺς,
407 3779 533 3833 ἀλλ’
557 3779 657 3832 οὐκ
698 3780 756 3831 ἐν
794 3776 1026 3847 δυνάμει
1056 3776 1279 3847 μᾶλλον,
1308 3774 1421 3828 ἀλλ’
1474 3776 1550 3838 ὼς
1585 3774 1643 3827 ὲν
1696 3772 1795 3844 χά-

213 3887 351 3944 ριτος
388 3873 588 3943 μοίρᾳ,
641 3871 745 3940 τῆς
780 3869 1026 3940 κλήσεως
1064 3868 1415 3940 ἀξιούμενοι·
1476 3867 1572 3920 καὶ
1618 3866 1694 3929 ὡς
1737 3867 1795 3920 ὲν

213 3961 342 4032 μόνῃ
383 3960 614 4032 θελήσει
647 3956 742 4012 τοῦ
781 3957 927 4012 ’Θεοῦ
952 3958 1049 4012 καὶ
1079 3958 1294 4029 Πατρδς
1344 3957 1407 4012 τὸ
1445 3957 1635 4029 χρῆμα
1670 3972 1798 4028 κερ-

210 4050 486 4117 δαίνοντες
508 4065 529 4081 ⁸
564 4053 594 4104 ὁ
630 4050 688 4104 δέ
741 4064 821 4120 γε
870 4049 1224 4123 Ἐμμανουὴλ
1258 4050 1360 4104 οὐκ
1397 4050 1464 4105 ἂν
1495 4042 1597 4103 ὧδε
1659 4047 1796 4119 ἔχοι,

208 4143 405 4198 πολλοῦ
426 4162 500 4214 γε
526 4142 622 4197 καὶ
641 4143 724 4198 δεῖ
749 4159 763 4174 ο
798 4140 914 4197 ἀλλ’
945 4144 994 4196 εί
1025 4143 1119 4197 καὶ
1139 4144 1366 4213 γέγονεν
1399 4143 1464 4197 ὲκ
1483 4142 1799 4214 σπέρματος

207 4235 297 4288 τοῦ
328 4226 509 4290 laets
532 4236 675 4290 κατὰ
710 4224 912 4307 σάρκα,
945 4235 1042 4288 καὶ
1077 4234 1155 4299 ὡς
1175 4231 1257 4299 εἷς
1285 4234 1519 4306 ὲξὴμῶν
1550 4237 1629 4298 είς
1671 4234 1800 4289 Υίὸν

208 4326 492 4397 λογίζεται
543 4328 678 4383 Θεοῦ
708 4327 799 4382 διὰ
832 4329 893 4382 τδ
942 4327 1306 4400 ἀνθρώπινον,
1337 4327 1452 4381 ἀλλ’
1481 4323 1575 4383 οὖν
1612 4330 1671 4381 ὲν
1706 4329 1801 4382 δυ-

211 4420 369 4491 νάμει
402 4422 509 4477 καὶ
535 4420 768 4492 ἀληθεία
800 4420 946 4475 κατά
973 4419 1139 4489 φύσιν
1174 4419 1302 4483 Υἱός
1329 4421 1471 4486 ἔστι,
1504 4419 1573 4474 δι’
1614 4412 1676 4473 οὗ
1707 4416 1803 4472 καὶ

208 4512 366 4581 ¹ἡμεῖς
398 4510 809 4581 υίοπδιούμεθα
842 4528 856 4541 ·
892 4510 1049 4581 εἴπερ
1096 4510 1246 4564 ἐστὶν
1270 4511 1468 4582 ἀληθὲς
1501 4512 1700 4572 εἰπεῖν,
1724 4509 1800 4575 ὡς

208 4604 265 4656 τὸ
306 4605 484 4660 αὐτοῦ
512 4603 744 4675 Πνεῦμα
777 4604 1221 4675 πεπλουτηκότες
1254 4604 1345 4659 διὰ
1387 4604 1481 4658 τοῦ
1515 4603 1672 4673 ἀγίου
1703 4601 1801 4672 βα-

157 4712 174 4771 ι
210 4697 553 4769 πτίσματος,
585 4699 706 4750 τότε
737 4695 823 4768 δὴ,
855 4696 981 4750 τότε
1017 4697 1566 4775 καὶάνεπιπλήκτως
1592 4696 1796 4765 φαμὲν,

219 4786 383 4844 ’Δϐϐἁ
409 4776 693 4862 ὁνΠατήρ.
714 4789 924 4845 Οὐκοῦν
956 4789 1031 4852 ὡς
1060 4788 1271 4852 είκόνες
1302 4789 1437 4859 πρὸς
1464 4787 1798 4858 ἀρχέτυπον,

208 4877 344 4935 οὕτω
370 4884 477 4936 καὶ
503 4882 667 4953 ἡμεῖς
684 4884 733 4934 οἱ
758 4866 902 4935 κατά
922 4882 1072 4936 θέσιν
1113 4881 1220 4935 υίοὶ
1239 4921 1253 4945 ,
1282 4880 1419 4951 πρὸς
1441 4880 1534 4933 τὸν
1551 4879 1709 4948 φύσει
1739 4896 1801 4933 τε

211 4973 296 5025 καὶ
321 4973 571 5044 δυνάμει
599 4975 694 5028 καὶ
725 4973 940 5045 άληθῶς
958 4975 1023 5028 ἐκ
1051 4973 1265 5046 Πατρδς
1301 4972 1801 5044 μεμαρτυρημένον

207 5062 280 5123 εἰς
307 5065 507 5120 τοῦτο.
548 5083 567 5116 ι

272 5154 377 5210 λα’.
424 5154 793 5211 Ἐπιοτατέον
820 5156 914 5211 οῦν
956 5156 1224 5228 ἀκριϐῶς,
1250 5157 1334 5210 ὅτι
1385 5156 1552 5224 γεετὸ
1574 5155 1677 5226 τῆς
1727 5157 1805 5209 εί·-

208 5245 356 5310 κόνος
416 5247 806 5319 παράδειγμα,
862 5249 960 5318 οὐχ
996 5246 1187 5320 ὥσπερ
1225 5250 1283 5300 ὲν
1328 5250 1444 5310 τοῖς
1491 5246 1803 5319 ἔμπροσθεν

210 5337 350 5404 ὅπως
387 5340 518 5411 ἔχει
550 5339 579 5391 ὁ
610 5340 737 5403 Υἱὸς
767 5340 904 5411 πρὸς
937 5340 1030 5394 τὸν
1076 5341 1318 5411 Πατέρα,
1346 5339 1491 5395 οὕτω
1523 5340 1803 5396 κάνταῦθα

208 5434 654 5504 παρενήνεκται,
673 5426 789 5486 ἀλλ’
824 5432 974 5497 ὅπως
1006 5434 1164 5504 ἡμεῖς
1197 5433 1247 5486 oi
1280 5432 1430 5486 θέσει
1474 5434 1569 5487 καὶ
1620 5433 1804 5505 χάριτι

274 5581 390 5653 ($0)
423 5584 509 5640 De
542 5581 642 5637 hoc
672 5582 908 5638 diximus
943 5585 1216 5652 superius,
1245 5599 1298 5653 p.
1337 5585 1427 5652 12,
1451 5588 1503 5639 in
1530 5587 1660 5642 adn.

273 5653 391 5720 (bl)
431 5653 794 5726 Gratulenzur
829 5655 930 5708 huc
988 5670 1187 5708 nomm
1228 5658 1402 5726 san_cti
1435 5657 1621 5726 Cyrilli
1661 5657 1806 5726 frag-

212 5733 458 5778 mentum
490 5738 566 5776 οι
601 5724 717 5793 ejus
764 5721 1171 5779 Commentario
1218 5726 1270 5779 in
1302 5721 1579 5793 Epistfad
1615 5721 1810 5782 Roma-

217 5809 326 5860 nos,
359 5794 532 5865 cujus
587 5796 739 5849 sedes
770 5796 991 5865 propria
1020 5805 1102 5852 est
1137 5805 1259 5865 post
1289 5799 1525 5866 primum
1582 5815 1612 5853 ιι
1652 5800 1810 5855 nobis

1889 1920 2181 1976 Eusebium
2216 1919 2558 1992 confugiunt,
2604 1930 2662 1976 et
2692 1920 2830 1975 alios
2868 1936 3007 1992 quos
3054 1922 3157 1976 sibi
3191 1922 3479 1977 conﬁnxe-

1890 2023 2020 2069 runt
2061 2023 2282 2085 patres,
2329 2012 2551 2069 sceleris
2589 2013 2671 2069 sui
2719 2014 3069 2083 cupidinibus
3114 2013 3475 2080 inﬂammati,

1888 2105 2123 2171 sumptis
2170 2104 2336 2158 etiam
2390 2119 2419 2157 a
2471 2102 2897 2161 Manichaeorum
2948 2116 3112 2176 atque
3144 2106 3480 2163 Arianorum

1894 2205 2050 2265 peste
2076 2195 2353 2265 ﬁgmentis
2372 2234 2388 2261 ,
2421 2210 2725 2265 eorumque
2760 2196 3046 2267 particulis
3071 2198 3281 2269 aliquot
3310 2211 3478 2270 atque

1892 2287 2172 2358 reliquiis,
2205 2288 2334 2342 faece
2366 2287 2512 2343 omni
2545 2298 2709 2358 atque
2744 2290 3059 2359 impuritate
3105 2293 3481 2362 scatentibus;

1890 2395 2027 2451 quos
2060 2379 2249 2451 procul
2296 2379 2365 2433 ab
2398 2378 2652 2434 Ecclesia:
2695 2392 2838 2434 cmtu
2875 2381 3179 2448 submotos,
3215 2393 3271 2437 et
3318 2386 3348 2437 a
3395 2386 3479 2439 di-

1892 2474 2017 2527 vina
2052 2473 2223 2543 gloria
2264 2474 2430 2526 multo
2460 2483 2703 2541 tempore
2732 2484 2860 2528 ante
2885 2474 3165 2540 exclusos,
3195 2473 3478 2533 Christum

1892 2565 2053 2622 simul
2097 2567 2664 2637 incircumscriptum,
2699 2576 2756 2622 et
2797 2566 3039 2623 alienum
3090 2567 3479 2640 diversumque

1892 2673 1923 2713 a
1956 2670 2181 2729 paterna
2212 2659 2519 2715 substantia
2564 2671 2892 2726 censentes,
2934 2674 3108 2717 sacrae
3137 2664 3329 2735 synodi
3379 2679 3478 2719 ex-

1894 2752 2389 2821 communicaruut,
2414 2754 2710 2809 tremendis
2722 2752 2997 2824 subjectos
3017 2757 3479 2815 analhematmus.

1896 2845 2003 2901 Sed
2054 2857 2421 2917 nos,~pra3ter
2466 2847 2646 2913 dicta,
2698 2848 3117 2917 bierOphantam
3165 2848 3481 2922 Cyrillum,

1898 2940 2170 2996 sermonis
2190 2940 2361 2995 nostri
2388 2940 2749 3011 veritatisque
2772 2952 3064 3012 patronum
3089 2944 3475 3014 producentes,

1898 3033 2179 3089 videamus
2214 3049 2453 3104 quonam
2484 3034 2601 3091 haec
2627 3033 2696 3089 de
2737 3035 3068 3105 imaginibus
3097 3038 3478 3093 controversia

1899 3124 2020 3181 istis
2059 3125 2279 3181 demum
2336 3126 2544 3182 evadet.
2595 3125 2767 3183 Miror
2809 3130 2993 3194 enim,
3047 3129 3157 3185 nisi
3210 3130 3337 3187 huic
3366 3133 3473 3201 ipsi

1894 3228 2092 3274 sancto
2120 3221 2239 3275 viro
2265 3220 2471 3290 repudii
2499 3219 2741 3275 libellum
2787 3222 2936 3277 dent.
2971 3220 3182 3293 Quippe
3208 3222 3255 3279 is
3282 3224 3363 3280 sic
3399 3224 3479 3279 ait

1895 3309 2004 3366 divi
2044 3309 2290 3381 Apostoli
2326 3312 2394 3367 ad
2434 3310 2712 3367 Romanos
2751 3310 3050 3381 Epistolam
3080 3317 3480 3374 commentario

1893 3402 2194 3474 explanans
2223 3404 2360 3478 (il).
2406 3422 2426 3457 ι
2458 3402 2537 3459 De
2573 3404 2782 3461 semine
2817 3405 3038 3462 Davidis
3066 3416 3252 3462 natum
3282 3422 3480 3464 secun-

1895 3496 2023 3552 dum
2054 3512 2307 3561 carnem,
2340 3496 2789 3566 praedestinatum
2822 3499 2901 3553 ait
2930 3498 3126 3554 Filium
3165 3500 3256 3555 Dei
3288 3501 3340 3554 in
3369 3501 3481 3555 vir-

1898 3595 2033 3655 tute,
2066 3590 2364 3644 secundum
2394 3587 2663 3659 Spiritum
2688 3590 3162 3657 sanctiﬁcationis,
3186 3607 3257 3647 ex
3292 3608 3480 3649 resur-

1897 3681 2139 3736 rectione
2168 3691 2530 3737 mortuorum.
2570 3681 2787 3737 Etenim
2823 3683 3279 3751 praedestinatum
3312 3687 3479 3740 etiam

1896 3788 1999 3829 nos
2032 3773 2162 3838 lilii,
2204 3774 2298 3829 sed
2340 3783 2520 3829 tamen
2577 3791 2682 3829 non
2718 3790 2785 3830 ex
2821 3776 3055 3839 virtute,
3090 3780 3186 3831 sed
3223 3785 3481 3845 utinquam

1897 3880 1964 3920 ex
1997 3866 2208 3937 gratia,
2254 3866 2360 3921 hac
2408 3866 2772 3935 appellatione
2817 3867 2963 3939 digni
3009 3868 3213 3934 habiti;
3265 3880 3319 3923 et
3357 3878 3482 3923 tau-

1897 3973 2061 4029 quam
2108 3958 2226 4014 sola
2288 3958 2382 4015 Dei
2425 3958 2603 4015 Patris
2658 3961 2978 4028 voluntate,
3018 3962 3157 4016 lianc
3190 3977 3305 4015 rem
3358 3976 3483 4017 sor-

1902 4051 2007 4105 titi.
2053 4049 2535 4106 Verumeuimvero
2569 4049 2888 4106 Emmanuel
2946 4051 3177 4105 multant
3222 4052 3376 4106 abest
3424 4065 3486 4108 ut

1901 4142 1974 4197 ita
2004 4158 2065 4198 se
2091 4142 2307 4199 habeat.
2326 4142 2553 4198 Etiamsi
2580 4143 2726 4198 enim
2752 4143 2823 4198 de
2847 4142 3063 4198 Davidis
3086 4144 3297 4200 semine
3318 4147 3487 4199 exsti-

1905 4237 1968 4291 tit
2014 4236 2310 4292 secundum
2343 4251 2597 4301 carnem,
2628 4244 2868 4291 attamen
2904 4237 3106 4292 virtute
3151 4253 3216 4293 ac
3258 4240 3489 4294 veritate

1904 4328 2175 4384 naturalis
2203 4328 2374 4384 Filius
2393 4338 2511 4394 est,
2543 4344 2641 4399 per
2670 4344 2835 4399 quem
2867 4344 2968 4386 nos
2996 4346 3212 4402 quoque
3236 4332 3329 4387 lilii
3367 4331 3486 4387 om.

1905 4421 2103 4476 cimur.
2141 4419 2421 4490 Siquidem
2446 4435 2577 4477 vere
2599 4422 2821 4489 dicitur,
2845 4423 2995 4493 quod
3021 4423 3140 4495 ejus
3177 4425 3333 4480 dilati
3362 4424 3488 4494 Spi-

1911 4513 2017 4568 ritu
2071 4528 2169 4584 pcr
2215 4526 2463 4570 sanctum
2506 4515 2865 4584 baptismum,
2915 4525 3044 4571 tunc
3084 4517 3301 4571 demum
3346 4518 3487 4573 citra

1913 4602 2388 4672 reprehensionem
2419 4603 2654 4659 dicimus
2681 4623 2696 4658 :
2729 4603 2885 4659 Abba
2917 4604 3101 4660 Pater.
3153 4603 3322 4677 igitur
3347 4608 3491 4663 sicut

1910 4695 2177 4766 imagines
2210 4704 2340 4750 sunt
2368 4709 2495 4768 erga
2535 4696 2855 4767 archetypa,
2890 4697 2963 4751 ita
2993 4707 3050 4753 et
3088 4712 3187 4753 nos
3214 4713 3312 4769 per
3362 4700 3492 4755 ado-

1913 4789 2153 4858 ptionem
2183 4786 2305 4853 lilii,
2330 4802 2458 4858 erga
2491 4802 2616 4842 eum
2652 4803 2841 4845 sumus
2868 4790 2961 4859 qui
2990 4803 3182 4860 suapte
3209 4801 3401 4846 natura
3428 4807 3493 4847 ae

1909 4879 2114 4934 virtute
2152 4893 2389 4949 vereque
2437 4876 2617 4934 Patris
2652 4879 2966 4938 testimonio
2999 4882 3121 4944 talis
3169 4892 3256 4939 est
3307 4885 3492 4940 decla-

1910 4982 2061 5026 ratus
2083 4970 2219 5043 (42).
2252 4989 2271 5021 ι

1981 5154 2073 5210 51.
2119 5152 2290 5209 Porro
2323 5164 2577 5210 accurate
2617 5157 3166 5214 animadvertendum
3219 5169 3304 5215 est
3350 5160 3489 5213 ima-

1911 5248 2054 5320 ginis
2087 5245 2392 5319 exemplum
2415 5286 2430 5306 .
2483 5256 2597 5300 non”
2623 5258 2681 5303 ut
2719 5249 2772 5304 in
2808 5251 3178 5320 superioribus
3218 5253 3493 5321 quomodo

1912 5340 2084 5396 Filius
2113 5354 2171 5393 se
2203 5337 2369 5394 habet
2397 5337 2464 5392 ad
2516 5336 2768 5406 Patrem,
2812 5341 3005 5396 ita-hic
3035 5341 3200 5396 etiam
3234 5338 3487 5411 proferri,

1914 5432 2011 5489 sed
2039 5432 2311 5500 quomodo
2343 5445 2442 5486 nos
2491 5431 2780 5503 ad0ptione
2818 5439 2873 5487 et
2895 5431 3069 5503 gratia
3107 5430 3226 5498 lilii,
3265 5430 3333 5486 ad
3362 5447 3486 5487 eum

1912 5604 1968 5643 ιιι
2018 5595 2201 5642 nostra
2259 5581 2499 5639 editidne
2566 5588 2886 5654 impressum
2912 5627 2927 5654 ,
2959 5599 3152 5654 nempe
3185 5600 3304 5649 cap.
3349 5601 3403 5648 I,
3432 5586 3491 5642 4.

1990 5658 2104 5730 με)
2130 5655 2338 5730 Sancti
2362 5724 2370 5729 _
2395 5657 2579 5727 Cyrilli
2606 5657 2830 5730 insigne
2886 5670 2940 5730 et
2968 5673 3182 5730 ,rarunr
3221 5660 3290 5712 de
3323 5659 3497 5715 sacris

1919 5727 2245 5794 imaginibus
2275 5727 2456 5779 exstat
2495 5727 2867 5780 testimonium
2904 5727 2953 5780 in
3003 5727 3120 5794 ejus
3143 5727 3497 5785 Commenta-

1921 5803 2000 5854 rio
2033 5818 2061 5851 a
2088 5798 2244 5851 nobis
2273 5797 2418 5851 edito
2445 5798 2507 5849 ad
2541 5797 2806 5867 psalmum
2830 5810 2988 5869 cun,
3024 5797 3111 5854 l6.
