4072 6324
415 523 453 553 7}.

423 562 458 582 θοι

415 590 457 607 "ob

418 616 453 635 δ’,

486 409 596 474 423
1516 404 1577 465 s.
1616 403 2035 465 NICEPHORI
2075 402 2583 465 PATRIARCHE
2620 401 2730 464 CP.
3058 356 3065 365 ’
3650 355 3763 457 te".

491 526 583 597 qui
620 531 819 580 natura
856 536 921 578 ac
948 520 1149 577 virtute
1181 518 1349 575 Filius
1383 526 1486 585 est,
1521 528 1735 573 nosmet
1765 518 2027 572 habemus
2055 536 2068 572 :

2191 517 2307 583 tisi,
2336 516 2473 588 πρὸς
2506 515 2599 569 τὸν
2639 515 2801 587 φύσει
2831 514 2925 569 καὶ
2963 512 3197 584 δυνάμει
3230 507 3359 569 Υἰδν
3390 511 3606 585 ἔχομεν,
3661 516 3755 568 καὶ

426 603 456 668 ᾷῗτ
490 624 654 687 atque
697 625 755 671 ut
797 615 1222 677 demonstretur,
1260 626 1366 679 quo
1404 623 1502 662 nos
1548 610 1705 663 modo
1751 608 1895 681 digni
1940 609 2068 661 facti

2191 628 2232 662 av
2282 608 2559 672 ἀποδείξει
2616 606 2710 683 τοῆ
2776 604 2981 677 τρόπον
3036 603 3159 660 καθ’
3204 604 3264 658 ὃν
3313 603 3595 675 ἡξιώμεθα
3653 605 3757 676 τῆς

408 686 425 739 -Ι
492 686 762 766 luerimus
788 707 1106 775 adoptione;
1144 718 1337 769 nempe
1368 702 1508 755 sicut
1553 701 1817 771 imagines
1851 701 1915 754 ad
1944 716 2071 771 pro-

494 811 675 873 totypa
712 798 1032 868 simpliciter
1075 805 1129 849 et
1160 795 1577 849 indeterminate
1608 808 1667 848 se
1700 796 1931 859 habent;
1965 811 2069 847 non

490 901 673 945 autem
711 898 967 958 tanquam
1006 884 1274 956 hujus-ch
1316 884 1460 937 illius
1497 898 1742 952 persona).
1788 884 2072 953 imagines,

492 984 576 1035 vel
608 980 729 1034 talis
756 977 1035 1046 dignitatis
1062 986 1191 1045 puta
1231 974 1447 1046 regalis,
1479 974 1610 1027 sicut
1643 975 1693 1027 in
1723 974 2076 1044 prmi-edenti-

493 1073 614 1125 hus.
651 1066 933 1135 Quomodo
970 1074 1150 1119 autem
1184 1078 1243 1119 se
1271 1067 1509 1118 habeant
1540 1065 1802 1133 imagines
1844 1063 1908 1116 ad
1947 1080 2073 1131 pro-

496 1173 677 1232 totypa
707 1198 723 1224 ,
756 1172 1071 1213 communes
1121 1157 1367 1211 notiones
1415 1156 1828 1225 communisque
1877 1156 2077 1209 intelli-

494 1253 672 1320 gentia
723 1253 938 1314 docent,
986 1259 1147 1318 atque
1178 1250 1318 1317 apud
1378 1263 1567 1303 omnes
1607 1265 1735 1303 sana
1785 1258 1962 1301 mente
2005 1248 2081 1302 in-

500 1355 744 1398 structos
782 1342 834 1396 in
871 1340 1124 1395 confesso
1155 1350 1235 1394 cst
1267 1350 1430 1409 atque
1461 1340 1844 1405 ituiuhitatum;
1883 1341 2079 1409 quippe

494 1436 621 1505 qui,
669 1444 860 1488 natura
896 1434 1185 1502 magistra,
1220 1431 1361 1485 hanc
1408 1433 1609 1486 habent
1656 1433 1951 1486 nuti0uetn.
1987 1432 2079 1486 Sic

494 1542 626 1595 ergo
662 1541 762 1580 nos
796 1525 1082 1594 atl0ptiune
1116 1525 1206 1577 lilii
1234 1565 1251 1589 ,
1305 1522 1369 1577 ad
1409 1538 1531 1576 euut
1570 1523 1660 1591 qni
1698 1535 1890 1576 natura
1940 1523 2079 1577 veri-

500 1630 610 1675 tate
653 1634 717 1674 ac
763 1621 967 1672 virtute
1000 1616 1174 1671 Filius
1215 1628 1336 1680 est,
1369 1630 1577 1669 smnus.
1626 1614 1870 1683 Namque
1916 1630 2080 1671 omne

498 1716 826 1786 exemplum,
869 1730 965 1767 ceu
1009 1728 1095 1766 res
1127 1711 1489 1767 communiter
1519 1713 1766 1765 confessa
1793 1751 1805 1772 ,
1840 1709 2079 1765 assumi-

504 1818 590 1861 tur
615 1846 630 1871 ,
664 1817 721 1859 ut
750 1822 814 1859 ea
846 1805 1148 1859 notioribus
1179 1813 1341 1873 atque
1370 1804 1694 1857 clarioribus
1735 1803 1983 1872 ambigua
2026 1810 2082 1856 et

2176 699 2451 762 υἱοθεσίας
2481 716 2496 729 ·
2540 701 2621 753 ὅτι
2659 698 2733 761 ὼς
2774 701 2828 751 αἱ
2862 696 3071 759 εἰκόνες
3117 697 3254 767 πρὸς
3313 695 3377 748 τὰ
3421 688 3758 768 πρωτότυπα

2175 793 2363 856 ἁπλῶς
2391 795 2485 846 καὶ
2515 793 2837 863 ἀδιορίστως
2864 793 2928 843 οὐ
2957 790 3113 844 τοῦδε
3138 789 3231 843 τοῦ
3261 790 3557 861 προσώπου
3592 790 3758 846 εἰκὼν

2173 886 2394 957 ἣτῆσδε
2448 885 2549 955 τῆς
2583 886 2761 950 ἀξίας,
2810 878 2921 938 οἷον
2969 883 3258 955 βασιλικῆς
3303 883 3445 941 κατὰ
3500 885 3570 939 τὰ
3617 901 3757 957 προ⁴

2176 978 2459 1050 ηγούμενα
2493 995 2506 1008 ·
2533 976 2594 1031 τὸ
2622 977 2677 1030 δὲ
2716 979 2864 1041 ὅπως
2915 976 3133 1047 ἔχουσιν
3167 976 3222 1029 αἰ
3274 968 3482 1041 εἰκόνες
3518 977 3656 1049 πρδς
3688 977 3758 1032 τὰ

2177 1066 2546 1139 πρωτότυπα,
2590 1066 2646 1120 αἰ
2698 1064 2879 1119 κοιναὶ
2913 1064 3214 1135 ὑπολήψεις
3245 1064 3339 1118 καὶ
3377 1064 3578 1119 ἔννοιαι
3613 1083 3757 1135 παρ-

2181 1158 2393 1223 ιστῶσι,
2422 1159 2516 1212 καὶ
2537 1159 2672 1212 πᾶσι
2695 1159 2806 1219 τοῖς
2831 1155 3178 1227 σωφρονοῦσι
3200 1148 3636 1227 συμπεφώνηται
3666 1159 3760 1211 καὶ

2177 1252 2601 1323 διωμολόγηται,
2631 1249 2848 1303 οἴκοθέν
2887 1266 2947 1302 τε
2974 1250 3069 1303 καὶ
3095 1249 3478 1303 αὐτοδίδακτον
3505 1252 3603 1319 ’τὴν
3634 1251 3762 1322 περὶ

2177 1344 2385 1397 τούτων
2436 1342 2640 1412 γνῶσιν
2689 1341 3075 1412 κεκτημένοις.
3124 1341 3313 1405 Οὕτως
3344 1338 3437 1394 οὖν
3490 1344 3652 1411 ἡμεῖς
3712 1345 3761 1395 οἰ

2180 1426 2327 1488 κατᾶ
2350 1434 2499 1487 θέσιν
2542 1432 2669 1497 υίοί,
2707 1431 2841 1503 πρὸς
2888 1431 2980 1485 τὸν
3030 1430 3193 1501 φύσει
3253 1434 3348 1485 καὶ
3398 1433 3628 1506 ἀληθεία
3669 1435 3766 1488 καὶ⁹

2178 1527 2405 1596 δυνάμει
2423 1538 2440 1554 ⁶
2473 1526 2583 1578 πᾶν
2607 1518 2716 1597 γὰρ
2738 1524 3091 1595 παράδειγμα
3120 1522 3196 1588 ὡς
3221 1525 3442 1588 πάντως
3472 1526 3768 1597 ὁμολογού-

2185 1636 2346 1692 μενον
2378 1616 2899 1689 παραλαμϐάνεται,
2944 1614 3033 1669 ἵνα
3072 1616 3136 1669 ἔκ
3163 1614 3272 1668 τῶν
3321 1617 3767 1687 γνωριμωτέρων

2182 1711 2278 1767 καὶ
2309 1711 2659 1783 σαφεστέρων
2679 1708 2749 1763 τὰ
2777 1706 3290 1779 διαμφιϐαλλόμενα
3314 1707 3411 1762 καὶ
3445 1708 3627 1780 ἀσαφῆ
3669 1708 3765 1782 τὴν
3806 1762 3811 1769 ,

2183 1803 2454 1858 πίστωσιν
2490 1803 2587 1857 καὶ
2627 1801 3006 1876 πληροφορίαν
3030 1800 3254 1873 δέξηται
3279 1816 3295 1833 ⁸
3344 1800 3521 1866 διττὸς
3550 1797 3643 1856 οὖν
3678 1804 3769 1856 ὲν-

499 1902 731 1952 ohscura
780 1900 936 1951 iidem
986 1908 1147 1963 atque
1197 1896 1663 1951 conﬁrmationem
1719 1894 1875 1964 105
1930 1895 2075 1948 arci-

2191 1894 2355 1950 ταῦθα
2380 1896 2408 1949 6
2440 1895 2538 1966 τῆς
2572 1892 2845 1957 υἱοθεσίας
2871 1894 3160 1965 πρόκειται
3190 1890 3270 1964 τῷ
3311 1895 3490 1965 Πατρὶ
3517 1894 3719 1965 τρόπος
3748 1911 3763 1929 ο

504 1991 671 2057 piant.
716 1987 914 2055 Duplex
959 1988 1122 2053 igitur
1175 2003 1201 2037 a
1237 1982 1395 2037 Patre
1451 1985 1539 2037 hic
1580 1984 1900 2053 proponitur
1942 1981 2074 2037 ado-

504 2080 705 2149 ptionis
760 2080 970 2132 modus.
1035 2077 1187 2131 Alius
1248 2077 1392 2130 enim
1469 2076 1737 2130 naturalis
1810 2089 2079 2144 verosque

504 2170 719 2235 dicitur,
774 2170 864 2239 qui
909 2169 1016 2223 Deo
1052 2165 1228 2223 Verbo
1274 2167 1556 2236 congruit;
1609 2165 1814 2235 quique
1856 2166 1963 2218 imo
2012 2180 2081 2219 ne

504 2264 720 2332 adoptio
750 2263 989 2329 quidem,
1026 2261 1121 2314 sed
1147 2259 1335 2313 filiatio
1370 2261 1537 2329 magis
1570 2259 1789 2330 praprie
1819 2257 2082 2312 dicendus

503 2363 610 2409 est.
640 2352 791 2406 Alter
809 2361 889 2407 cst
911 2350 1125 2416 modus,
1152 2365 1250 2421 per
1268 2351 1612 2419 adoptionem
1641 2360 1803 2419 atque
1826 2350 2079 2419 gratiam,

505 2445 597 2514 qui
650 2444 807 2499 nobis
852 2442 1200 2497 credentibus
1247 2440 1439 2495 merito
1485 2442 1755 2511 congruit.
1801 2444 2083 2507 Quomodo

507 2537 670 2607 igitur
718 2550 778 2590 se
823 2534 987 2589 habet
1023 2534 1295 2603 posterior
1344 2533 1538 2589 modus
1579 2533 1645 2587 ad
1701 2534 1979 2603 priorem?
2029 2542 2086 2587 ut

508 2628 804 2698 imagines,
841 2627 1050 2697 inquit,
1084 2626 1151 2681 ad
1182 2625 1557 2697 archetypum.
1596 2623 1735 2678 Nam
1780 2626 1915 2678 sicut
1952 2626 2088 2678 ima-

508 2720 681 2791 qiuem
720 2720 911 2773 terreni
957 2720 1177 2773 tulimus
1206 2759 1223 2785 ,
1269 2718 1443 2787 inquit
1478 2717 1835 2787 apostolicum
1885 2733 2086 2772 oracu-

507 2813 646 2880 lum,
667 2812 744 2866 sic
766 2812 928 2865 etiam
960 2811 1245 2880 imaginem
1272 2811 1490 2864 rmiesiia
1518 2808 1746 2880 feramus
1770 2810 1835 2865 ⁸³.
1858 2809 1917 2865 lii
1945 2812 2087 2881 quod

508 2911 565 2957 et
592 2901 706 2972 ipse
733 2901 926 2956 beatus
955 2899 1043 2953 hic
1073 2898 1309 2970 (Iyrillus
1333 2898 1458 2953 alibi
1492 2898 1779 2955 manifeste
1812 2901 1887 2956 ita
1915 2902 2091 2955 disse-

508 3006 637 3049 rens
663 2978 793 3045 dicit
814 2990 949 3061 (45).
987 3006 1007 3041 ι
1037 2990 1171 3044 Cum
1206 2989 1458 3045 animalis
1482 2989 1645 3045 homo
1683 2991 1749 3045 ad
1778 2991 2090 3061 improbita-

512 3093 621 3138 tem
655 3083 972 3146 declinaret,
999 3091 1054 3137 et
1080 3082 1317 3153 doptivi
1343 3082 1547 3152 peccati
1583 3094 1806 3153 propter
1824 3085 2092 3140 omnimo—

512 3176 641 3231 dutn
674 3178 853 3230 carnis
885 3173 1137 3231 allectum
1171 3177 1359 3232 morbo
1389 3174 1700 3242 laboraret;
1729 3192 1882 3231 suam
1913 3176 1981 3231 ad
2011 3176 2092 3233 di—

511 3266 695 3319 vinam
724 3266 1014 3335 imaginem
1034 3264 1540 3331 conformationem,
1574 3265 1953 3340 insertumque
1982 3269 2084 3325 sibi
2117 3242 2160 3300 C

515 3357 691 3412 instar
717 3358 879 3427 sigilli
928 3355 1191 3428 Spiritum
1230 3358 1470 3428 depulit;
1512 3369 1675 3431 atque
1713 3361 1785 3414 ita
1816 3361 2092 3430 corrupti-

516 3450 645 3503 bilis
679 3463 743 3502 ac
772 3450 1030 3504 deformis
1057 3451 1327 3519 apparuit.
1362 3450 1653 3521 Postquam
1683 3467 1812 3507 vero
1849 3453 2092 3508 omnium

516 3539 749 3596 Creator
803 3544 1090 3597 restituere
1143 3543 1312 3596 voluit
1359 3543 1411 3597 in
1462 3546 1829 3614 integritatem
1864 3559 1928 3598 ac
1976 3544 2095 3615 pul-

521 3632 887 3686 claritudinem
912 3643 1153 3686 veterem
1177 3632 1228 3686 id
1249 3634 1391 3702 quod
1404 3634 1531 3689 olim
1559 3636 1856 3700 exciderat,
1872 3634 2099 3689 immisit

520 3723 718 3779 iterum
751 3725 803 3778 ei
867 3724 1014 3779 illum
1046 3725 1137 3793 qui
1170 3725 1301 3779 olim
1353 3737 1653 3780 recesserat
1682 3727 1919 3780 divinum
1973 3741 2098 3781 san-

527 3824 782 3883 ctumque
816 3815 1104 3884 Spiritum,
1131 3815 1385 3883 praeclare
1416 3816 1496 3871 sic
1526 3815 1578 3870 in
1607 3818 2095 3885 supraniundanam

521 3902 810 3972 imaginem
841 3907 1111 3959 hominem
1135 3917 1493 3973 commutatus,
1524 3917 1687 3975 atque
1710 3910 1781 3960 ita
1806 3924 1927 3961 eutn
1956 3924 2099 3961 conr-

523 4008 721 4063 parans
741 4036 756 4059 ,
787 4005 846 4048 ut
869 3996 1037 4064 poSsit
1084 4010 1177 4064 per
1208 3996 1357 4048 illum
1391 4000 1455 4050 ad
1485 4012 1638 4050 suam
1676 4012 1772 4051 nos
1802 3996 2100 4051 reformare

526 4086 961 4141 similitudinem.
993 4105 1012 4138 ι
1043 4088 1196 4153 Quod
1229 4099 1409 4141 autem
1441 4089 1683 4142 omnium
1713 4088 1946 4142 validius
1996 4097 2098 4155 est,

527 4192 717 4233 rursus
744 4177 882 4232 idem
914 4179 1180 4245 magister
1205 4180 1282 4231 ait
1310 4179 1361 4232 in
1415 4176 1588 4232 forma
1618 4176 1710 4231 Dei
1732 4191 1851 4231 esse
1878 4158 2098 4231 Filium.

524 4268 896 4338 Eumdetnque
915 4270 1206 4339 imaginem
1233 4280 1289 4322 et
1308 4272 1679 4325 characterem
1697 4283 1869 4324 sacra:
1884 4268 2103 4325 Littera:

526 4363 715 4416 dicunt
766 4360 948 4416 Patris
998 4364 1110 4415 sui.
1157 4362 1424 4431 Imagines
1475 4370 1656 4415 autem
1708 4372 1766 4415 ut
1808 4362 2100 4433 archetypa

527 4461 671 4507 sunt.
697 4453 835 4520 Quid
858 4452 925 4507 ad
955 4454 1069 4507 hinc
1107 4450 1546 4521 respondebunt?
1575 4451 1762 4510 Nonne
1793 4456 1916 4511 hinc
1937 4457 2105 4513 disce-

2180 1990 2277 2044 καὶ
2296 1990 2405 2062 γὰρ
2426 1990 2453 2041 6
2475 1989 2576 2061 μὲν
2606 1986 2769 2057 φύσει
2801 1986 2898 2041 καὶ
2926 1984 3161 2058 ἀληθείᾳ
3184 1983 3302 2038 ἔστι
3326 2002 3385 2039 τε
3406 1985 3501 2041 καὶ
3525 1985 3767 2054 λέγεται,

2179 2081 2238 2145 6;
2260 2080 2339 2151 τῷ
2358 2078 2480 2150 Θεῷ
2511 2079 2605 2132 καί⁵
2635 2078 2795 2150 Λόγῳ
2818 2075 3256 2148 προσῳκείωται,
3288 2075 3322 2147 ἢ
3348 2076 3486 2148 τάχα
3506 2076 3627 2130 οὐδὲ
3654 2078 3770 2130 uio—

2183 2169 2359 2236 θεσία,
2381 2169 2497 2223 ἀλλ’
2515 2168 2701 2239 υἰότης
2730 2166 2891 2220 τοῦτο
2910 2166 3250 2239 κυριώτερον
3280 2162 3346 2220 ἂν
3373 2166 3592 2240 λεχθείη
3615 2184 3630 2199 ·
3662 2171 3690 2222 6
3714 2167 3772 2223 δι

2183 2260 2330 2314 θέσει
2349 2259 2443 2311 καὶ
2478 2258 2687 2328 χάριτι,
2716 2255 2843 2326 ἥτις
2874 2256 2960 2323 ἐφ’
2997 2254 3155 2325 ἡμῶν
3182 2250 3290 2306 τῶν
3327 2252 3771 2307 πεπιστευκότων

2182 2351 2410 2413 εἰκότως
2435 2350 2655 2420 ἐφήρμο
2671 2365 2812 2402 ςται.
2844 2346 2969 2410 Πῶς
2997 2345 3090 2399 οὖν
3115 2344 3230 2416 ἔχει
3270 2346 3299 2398 6
3329 2345 3583 2416 δεύτερος
3632 2346 3767 2417 πρὶς

2187 2443 2280 2494 τὸν
2305 2441 2615 2512 πρότερον;
2650 2440 2741 2501 Ὠς
2773 2439 2830 2492 αἱ
2859 2437 3092 2503 εἰκόνες,
3146 2436 3304 2507 φησὶ,
3342 2436 3478 2509 πρὸς
3507 2437 3569 2490 τὸ
3602 2438 3771 2508 ἀρχέ-

2182 2549 2377 2585 τυπον.
2409 2531 2518 2585 Καὶ
2546 2530 2655 2601 γὰρ
2689 2530 2833 2584 καθὸ
2869 2529 2984 2596 τὴν
3004 2529 3213 2583 εἰκόνα
3236 2528 3343 2584 τοῦ
3388 2530 3597 2597 χοϊκοῦ
3632 2531 3770 2600 ἐφο-

2178 2622 2464 2697 ῥέσομεν,
2493 2624 2627 2692 φησί
2652 2621 2713 2674 τὸ
2731 2618 3088 2675 ἀποστολικδν
3110 2621 3313 2689 λόγιον,
3342 2621 3495 2675 οὓτω
3518 2623 3618 2676 καί
3656 2621 3768 2692 τὴν

2186 2717 2391 2770 εἰκόνα
2443 2715 2547 2769 τοῦ
2586 2714 2953 2781 ἐπουρανίου
3005 2713 3378 2784 φορέσωμεν.
3435 2715 3500 2767 ὐ
3551 2714 3617 2785 δὴ
3676 2712 3772 2769 καὶ

2188 2810 2350 2873 αὐτὸς
2378 2802 2534 2872 οὗτος
2562 2810 2592 2862 ὁ
2625 2807 2899 2878 μακάριος
2930 2804 3202 2878 Κύριλλος
3248 2807 3306 2860 ὲν
3344 2807 3550 2880 ἑτέροις
3583 2808 3772 2877 σαφῶς

2197 2901 2403 2956 οὑτωσί⁵
2427 2899 2767 2971 διαγορεύων
2809 2898 2942 2971 φησί
2967 2914 2981 2931 ο
3020 2914 3040 2950 t
3067 2899 3485 2964 Διανενευκότος
3509 2898 3602 2954 τοῦ
3630 2898 3772 2964 ζῶον

2189 2993 2329 3067 πρὸς
2348 2994 2410 3046 τὸ
2440 2991 2785 3062 πλημμελὲς,
2812 2991 2908 3045 καὶ
2933 2992 3034 3063 τὴν
3056 2989 3371 3064 εἰσποίητον
3401 2991 3681 3063 ἁμαρτίαν
3706 2994 3773 3045 ὲκ

2188 3080 2291 3144 τῆς
2332 3079 2570 3132 εἰσάπαν
2615 3078 2974 3151 φιλοσαρκίας
3017 3079 3445 3159 ὴρρωστηκότος
3475 3097 3491 3113 ο
3523 3080 3587 3136 τὸ
3634 3083 3773 3152 πρὸς

2195 3171 2348 3225 θείαν
2384 3171 2574 3225 εἰκόνα
2601 3169 2945 3242 διαμορφοῦν
2973 3171 3129 3237 αὐτὸ,
3156 3170 3251 3226 καὶ
3273 3174 3589 3245 σημάντρου
3617 3173 3775 3245 δίκην

2194 3264 2527 3335 ἀπορῤήτως
2609 3262 2986 3333 ὲντεθειμένον
3058 3263 3459 3334 ἀπενοσφίζετο
3527 3264 3774 3336 πνεῦμα,

2195 3358 2431 3429 φθαρτόν
2460 3373 2521 3409 τε
2550 3354 2695 3411 οὕτω
2721 3358 2819 3411 καὶ
2854 3356 3091 3421 ἀκαλλὲς
3126 3358 3507 3427 ἀναπέφανται
3533 3375 3549 3391 ⁸
3584 3359 3776 3434 ἐπειδὴ

2194 3451 2251 3504 δὲ
2279 3453 2309 3503 6
2342 3450 2461 3504 τῶν
2477 3450 2615 3504 ὅλων
2639 3450 3024 3520 γενεσιουργὸς
3051 3449 3410 3521 ἀνακομίζειν
3463 3450 3655 3524 ἢθελεν
3700 3456 3780 3518 εἰς

2197 3542 2524 3614 ἑδραιότητά
2560 3559 2618 3594 τε
2651 3542 2747 3594 καὶ
2785 3542 3091 3612 εὐκοσμίαν
3129 3542 3230 3613 τὴν
3265 3543 3324 3593 ὲν
3367 3543 3566 3613 ἀρχαῖς
3592 3544 3654 3597 τὸ
3695 3544 3777 3597 δι-

2196 3631 2515 3703 ολισθῆσαν.
2547 3631 2751 3700 ἐνῆκεν
2787 3627 2947 3695 αὖθις
2981 3631 3131 3703 αὐτῴ
3156 3631 3216 3684 τὸ
3245 3632 3622 3703 ἀποφοιτῆσάν
3649 3642 3779 3688 ποτε

2200 3723 2341 3778 θεῖόν
2368 3741 2427 3777 τε
2454 3725 2547 3778 καὶ
2573 3723 2733 3794 ἀγιον
2772 3724 3023 3797 Πνεῦμα,
3056 3727 3503 3797 μεταστοιχειοῦν
3540 3723 3599 3781 εὖ
3638 3729 3783 3799 μάλα

2199 3816 2337 3886 πρὸς
2364 3815 2463 3885 τὴν
2485 3816 2864 3887 ὐπερκόσμιον
2894 3817 3106 3883 εἰκόνα,
3141 3817 3239 3870 καὶ
3268 3820 3516 3889 πεφυκὸς
3546 3821 3643 3873 καὶ
3689 3820 3785 3873 δυ-

2201 3906 2438 3975 νάμενον
2469 3905 2538 3957 δι’
2581 3906 2749 3960 αὐτοῦ
2784 3907 2921 3978 πρὸς
2947 3907 3086 3960 ἰδίαν
3117 3908 3267 3979 ἡμᾶς
3300 3900 3787 3983 εμεταρρυθμίζειν

2202 3996 2523 4069 ἐμφέρειαν.
2568 4016 2588 4051 ι
2641 3999 2707 4050 Ὀ
2759 3998 2817 4052 δὲ
2870 3998 3079 4053 τούτων
3121 4000 3340 4054 πάντων
3400 4002 3785 4074 ἰσχυρότερον,

2202 4090 2367 4143 πάλιν
2393 4090 2556 4153 αὐτὸς
2579 4091 2607 4143 6
2635 4091 2966 4155 διδάσκαλος
2992 4093 3218 4164 ἔφησεν,
3245 4093 3329 4147 ὃτι
3348 4094 3409 4146 ὲν
3442 4096 3627 4166 μορφῇ
3649 4094 3787 4148 Θεοῦ

2203 4182 2439 4253 ὑπάρχει
2488 4185 2515 4235 ὁ
2552 4182 2697 4246 Υἱός.
2736 4183 2941 4239 Εἰκόνα
2998 4200 3058 4238 τε
3107 4183 3274 4238 αὐτὸν
3308 4185 3402 4239 καὶ
3438 4186 3789 4257 χαρακτῆρα,

2204 4275 2370 4345 φησιν
2395 4276 2422 4327 6
2443 4274 2587 4345 ίερδς
2614 4273 2794 4344 λόγος,
2835 4275 2933 4330 τοῦ
2962 4277 3381 4350 γεγεννηκότος.
3406 4278 3473 4331 Δί
3498 4276 3556 4331 δὲ
3580 4278 3790 4341 εἰκόνες

2202 4364 2279 4429 ὡς
2330 4364 2399 4416 τὰ
2427 4364 2740 4436 ἀρχέτυπα.
2777 4364 2843 4417 Τί
2884 4366 3022 4437 πρὸς
3052 4365 3226 4419 ταῦτα
3257 4366 3493 4434 εἴποιενς
3549 4361 3657 4437 ἀρα
3689 4365 3791 4420 οὐκ

2204 4454 2271 4508 ἂν
2300 4453 2592 4509 ἀπέλθοιεν
2628 4454 2880 4509 ἐντεῦθεν
2907 4456 3266 4528 ὲ).ηλεγμένοι
3299 4458 3393 4511 καὶ
3409 4458 3787 4529 ᾐσχυμμένοις

524 4544 656 4605 dent
683 4544 926 4613 coarguii
955 4554 1009 4597 et
1039 4543 1355 4612 pudel‘acti?
1385 4546 1655 4611 Quantum
1683 4547 1826 4602 enim
1863 4550 2091 4617 pertinet

2207 4546 2372 4599 Ὅσον
2405 4546 2505 4617 μὲν
2520 4547 2629 4617 γὰρ
2645 4542 2779 4618 ἧκεν
2809 4550 2887 4627 εἰς
2914 4550 3005 4603 τὸν
3032 4548 3131 4619 τῆς
3163 4549 3445 4619 θεολογίας
3471 4550 3627 4619 λόγον
3658 4534 3791 4605 ἀπο·

528 4636 596 4689 ad
642 4632 929 4700 theologia:
978 4633 1277 4695 rationem,
1311 4646 1431 4685 eain
1479 4632 1699 4687 tradidit
1734 4634 1923 4688 dicens
1962 4634 2099 4687 ima-

524 4729 707 4797 ginem
733 4740 857 4780 esse
898 4722 1179 4778 Genitoris
1216 4723 1436 4789 Filitun,
1463 4725 1618 4795 juxta
1646 4723 1890 4781 effatum.
1919 4726 2103 4794 Quan-

531 4829 646 4872 tum
677 4831 806 4872 vero
839 4816 1035 4872 attinet
1064 4816 1131 4871 ad
1161 4831 1501 4871 communem
1539 4819 1826 4884 rationem,
1856 4833 2104 4881 omnem-

529 4925 637 4982 que
685 4908 979 4980 imaginum
1016 4909 1267 4974 modum,
1311 4910 1364 4963 id
1404 4909 1688 4963 verborum
1736 4911 2106 4965 additamenta

530 5005 788 5065 denotat,
827 5000 1019 5071 plurali
1051 5011 1205 5056 utens
1234 5016 1458 5055 numero
1486 5000 1797 5070 dicensqoe,
1834 5001 2103 5071 littagines

529 5103 714 5149 autem
741 5104 797 5146 ut
827 5092 1137 5165 archetypa.
1180 5092 1315 5148 Nunt
1356 5102 1410 5148 et
1442 5095 1544 5150 hoc
1566 5094 1890 5147 vocabulum
1921 5096 1987 5147 ad
2022 5093 2104 5146 di-

530 5187 669 5241 vina:
704 5198 913 5241 natura:
953 5186 1371 5254 descriptionem
1395 5194 1676 5241 assument
1719 5186 1772 5238 hi
1806 5186 2106 5250 dementes,

530 5288 592 5333 ut
632 5279 814 5349 plures
850 5279 964 5349 jam
1007 5278 1150 5334 filios
1195 5288 1486 5349 patresque
1534 5276 1821 5342 inducant,
1857 5287 1915 5329 et
1965 5275 2113 5345 poly-

530 5375 821 5430 tlteismum
855 5372 1253 5443 profiteantur?
1276 5370 1395 5427 Non
1420 5370 1563 5427 enim
1588 5371 1789 5440 imago,
1824 5368 1978 5434 dicit,
2014 5368 2109 5425 sed

601 5548 650 5583 ³³
687 5547 856 5604 ICor.
894 5563 984 5607 xv,
1017 5545 1108 5602 69.

2204 4638 2430 4702 δίδωκε,
2476 4640 2661 4709 φήσας
2715 4640 2899 4694 εἰκόνα
2951 4637 3092 4695 εἶναι
3128 4641 3221 4695 τοῦ
3256 4643 3654 4714 γεγεννηκότος
3696 4642 3791 4696 τὸν

2209 4728 2360 4797 Υίὺν,
2393 4729 2535 4782 κατά
2563 4729 2625 4783 τὸ
2650 4729 2834 4800 λόγιον
2866 4748 2881 4763 ο
2910 4732 3035 4785 ὅσον
3062 4731 3121 4785 δὲ
3155 4734 3235 4793 εἰς
3259 4733 3322 4787 τὸ
3351 4735 3531 4787 κοινὸν
3568 4735 3665 4790 καὶ
3690 4752 3791 4789 κα-

2209 4817 2364 4871 θόλου
2406 4818 2502 4872 τοῢ
2545 4820 2657 4873 τῶν
2699 4819 2930 4874 εἰκόνων
2964 4822 3193 4894 τρόπου,
3231 4824 3297 4894 τῇ
3341 4825 3604 4897 ἐπαγωγῇ
3661 4824 3791 4879 ὑπο-

2208 4911 2590 4989 δείκνυσιςτῷ
2653 4912 3006 4986 πληθυντικῷ
3042 4914 3262 4987 ἀριθμῷ
3302 4916 3650 4989 χρησάμενος
3692 4918 3791 4971 καὶ

2210 4999 2406 5064 εἰπὼν,
2434 4987 2501 5053 Δί
2534 5001 2589 5053 δὲ
2611 5002 2819 5066 εἰκόνες
2839 5002 2913 5065 ὡς
2936 5002 3003 5056 τὰ
3032 4987 3338 5075 ἀρχέτυπα.
3359 4987 3511 5074 Ἀρα
3541 5003 3636 5057 καί¹
3658 5001 3794 5056 ταύ-

2206 5108 2307 5161 την
2340 5091 2439 5162 τὴν
2465 5090 2649 5163 φωνὴν
2677 5091 2771 5146 ἐπὶ
2792 5094 2889 5163 τῆς
2908 5094 3188 5163 θεολογίας
3207 5094 3532 5167 ὲκλήψονται
3553 5095 3602 5148 οἰ
3624 5095 3787 5167 ἀνόηι

2207 5198 2327 5249 τοι,
2355 5184 2442 5238 ἵνα
2472 5185 2566 5237 καὶ
2598 5186 2749 5249 υἱοὺς
2781 5186 3033 5253 πολλοὺς,
3074 5187 3174 5259 ἤδη
3209 5187 3265 5241 δὲ
3293 5188 3390 5243 καὶ
3414 5187 3659 5261 πατέρας
3676 5188 3793 5242 είσο

2209 5276 2483 5344 αγάγωσι,
2534 5280 2631 5331 καὶ
2668 5277 2961 5333 πολυθεῒαν
3001 5278 3451 5350 πρεσϐεύσωσιν;
3495 5278 3569 5331 03
3601 5277 3714 5350 γὰρ
3754 5280 3788 5352 ἡ

2215 5367 2403 5436 εἰκὼν,
2436 5371 2626 5441 φησὶν,
2665 5372 2809 5440 ἀλλ’,
2832 5374 2887 5427 αἰ
2907 5373 3120 5437 εἰκόνες
3149 5372 3226 5437 ὡς
3254 5373 3323 5427 τὰ
3350 5372 3655 5445 ἀρχέτυπα,
3683 5371 3791 5427 65t—

610 5741 725 5813 (όό)
748 5812 757 5817 _
784 5736 1288 5817 Qua-.rvudnm__e_rit
1330 5751 1423 5807 per
1455 5735 1625 5790 otium
1673 5735 1888 5817 de'hoc
1954 5736 2142 5809 Cyriili
2179 5746 2391 5809 tractu;
2425 5755 2546 5795 nam
2581 5750 2730 5796 certe
2797 5742 2937 5812 apud
2969 5757 3063 5797 nos
3102 5743 3153 5799 in
3193 5742 3612 5801 Commentariis
3637 5741 3787 5817 ejus.

530 5808 652 5868 dem
694 5808 759 5866 ad
788 5813 991 5867 dictum
1028 5809 1179 5865 l'auli
1210 5809 1383 5864 locum
1428 5822 1531 5863 non
1560 5808 1817 5864 occurrit.
