4072 6324
628 435 755 499 ἹΞἸ

1688 431 1749 490 S.
1774 424 2215 489 ’NICEPHOBI
2249 425 2763 488 ‘I’ATRIARCILE
2805 424 2913 486 ΕΡ.

3812 428 3910 492 423

651 562 835 609 autem
869 549 1143 605 honorare
1173 547 1428 601 videnlur
1458 540 1779 613 (46).Atqui
1806 542 2082 612 quomodo
2102 556 2229 595 sau-

2344 540 2431 592 καὶ
2466 536 2813 604 διαπτύουσι,
2846 537 2938 589 τὸν
2973 537 3030 588 δὲ
3079 535 3171 589 τοῦ
3207 535 3575 606 ἀγιαζομένου
3608 540 3770 609 τιμᾷν
3802 542 3909 595 ἐδο-

651 641 921 697 ι-ιίίίεειιιε
950 650 1128 711 typus,
1158 637 1209 692 id
1239 643 1322 690 est
1343 648 1479 688 crux
1504 671 1519 698 ,
1551 631 1674 695 fuit,
1711 641 1769 685 ut
1796 631 1898 701 ipsi
1931 630 2149 691 volunt.
2184 631 2230 686 si

653 732 904 789 Christus
933 745 1059 785 vere
1086 729 1139 783 in
1175 739 1407 796 corpore
1439 738 1544 779 non
1573 730 1656 776 est
1682 722 1916 789 passus?
1944 720 2080 776 Huic
2102 735 2233 789 ergo

654 816 906 871 amentiae
933 822 1094 882 atque
1125 809 1349 866 insania:
1381 821 1447 862 ne
1474 806 1805 875 respondere
1826 805 2049 874 quidem
2072 820 2233 875 opor-

661 919 798 964 teret
854 924 869 961 :
930 903 1259 975 respondere
1317 900 1463 956 enim
1515 899 1681 954 stulto
1723 895 1881 966 juxta
1942 895 2232 951 stultitiam

654 1015 807 1056 suam
840 994 1165 1054 vetamur“.
1192 992 1302 1049 Sed
1329 992 1474 1048 enim
1505 1001 1730 1061 propter
1763 987 1924 1058 hujus
1962 988 2234 1044 sermonis

655 1091 941 1148 veritatem
975 1086 1354 1152 asserendam,
1386 1084 1699 1153 seriemque
1730 1083 2041 1148 tenendam,
2072 1090 2235 1150 atque

654 1191 713 1238 ut
756 1180 1118 1252 picutioribus
1145 1176 1600 1247 persuadeamus.
1626 1174 1701 1228 ita
1733 1173 1970 1229 dicimus
2005 1192 2019 1228 :
2061 1172 2236 1243 primo

628 1275 869 1347 «quidem
893 1280 1088 1330 cuncta
1117 1285 1240 1341 quae
1270 1270 1322 1323 in
1358 1266 1598 1323 Ecclesia
1623 1265 1715 1321 Dei
1746 1276 1893 1330 sunt,
1926 1278 2081 1320 sacra
2115 1278 2236 1318 esse

652 1386 717 1427 ae
737 1379 948 1433 sancta,
986 1380 1087 1421 uos
1106 1365 1249 1419 scire
1271 1370 1326 1417 et
1354 1359 1600 1416 conﬁteri
1628 1374 1643 1425 ;
1670 1358 1899 1427 ideoque
1931 1355 2233 1412 veneranda

652 1474 708 1518 et
736 1461 983 1529 religiosa
1008 1457 1214 1531 pariter
1236 1454 1426 1511 haberi
1452 1470 1481 1506 a
1506 1448 1850 1521 nobis‘atque
1877 1448 2193 1504 honoranda
2217 1464 2233 1514 ;

657 1553 902 1623 nihilque
926 1566 1050 1607 esse
1075 1549 1129 1604 iu
1168 1548 1235 1603 iis
1258 1545 1549 1618 inglorium
1580 1551 1673 1598 aut
1706 1540 1983 1611 ignobile,
2019 1548 2077 1593 ut
2120 1537 2235 1604 jam

656 1645 784 1701 alibi
816 1643 1072 1699 diximus.
1118 1638 1309 1709 Neque
1349 1638 1480 1692 licet
1530 1635 1689 1691 nobis
1737 1633 2023 1697 ﬁdelibus,
2061 1644 2239 1701 neque

628 1736 979 1791 ptraditioues
1010 1733 1268 1796 illorum,
1316 1730 1409 1800 qui
1457 1726 1723 1783 doctrina:
1778 1733 1978 1780 nostra;
2033 1721 2237 1777 antesi-

657 1831 819 1901 gnani
856 1828 1100 1893 luerunt,
1126 1831 1348 1879 monent
1377 1829 1437 1876 ut
1461 1818 1842 1876 distinctiones
1871 1816 2009 1871 ullas
2039 1825 2093 1869 et
2121 1815 2234 1870 dis-

2340 631 2460 698 ξαν·
2498 630 2829 693 καίτοικπῶς
2879 629 3142 700 ἡγίασται
3185 628 3306 680 κατ’
3342 629 3540 692 αὐτοὺς
3567 670 3582 694 ,
3616 631 3692 701 μὴ
3723 649 3909 689 πεπονο

2340 723 2491 788 θότος
2527 723 2621 777 τοῦ
2653 722 2896 797 Χριστοῦ
2926 722 3141 793 σώματι
3166 723 3309 775 κατᾶ
3333 721 3629 794 ἀλήθειαν;
3659 727 3788 794 πρὸς
3818 728 3910 797 μὲν

2339 813 2435 871 οὖν
2458 818 2559 888 τὴν
2586 815 2847 887 τοιαύτην
2874 817 3177 890 παράνοιαν
3200 815 3300 869 καὶ
3328 816 3774 887 φρενοϐλάϐειαν,
3799 820 3912 874 οὐδὲ

2340 907 2738 980 ἀποκρίνεσθαι
2757 906 2935 979 χρεών
2958 924 2973 938 υ
2988 928 3005 958 ι
3029 909 3120 978 Μὴ
3141 908 3438 978 ἀποκρίνου
3452 907 3562 978 γὰρ
3580 909 3767 980 ἄφρονι
3782 912 3913 965 κατά

2340 1001 2439 1073 τὴν
2467 1000 2784 1072 ἀφροσύνην
2826 997 3016 1063 αὑτοῦ,
3044 1017 3063 1049 ι
3087 990 3471 1069 διδασκόμεθα.
3499 999 3728 1054 Διάύτὸ
3741 1002 3792 1054 δὲ
3823 1002 3911 1056 τοῦ

2341 1092 2504 1162 λόγου
2535 1090 2597 1145 τὸ
2626 1090 2830 1162 ἀληθὲς
2860 1091 2957 1145 κα)⁸
2991 1089 3307 1153 ἀκόλουθον,
3347 1091 3443 1144 καὶ
3481 1091 3580 1161 τὴν
3613 1092 3719 1147 τῶν
3755 1095 3914 1148 ἐπιει-

2343 1187 2621 1259 κεστέρων
2650 1185 2988 1250 εὐπείθειαν,
3017 1185 3194 1239 ταῦτά
3214 1203 3395 1257 φαμεν
3420 1203 3434 1218 ·
3463 1186 3546 1239 ὅτι
3578 1186 3787 1257 πρῶτον
3819 1189 3913 1259 μὲν

2344 1280 2521 1334 πάντα
2557 1280 2623 1332 τὰ
2643 1280 2701 1332 ἐν
2729 1281 2796 1351 τῇ
2845 1277 3111 1349 ἐκκλησίᾳ
3133 1277 3229 1331 τοῦ
3251 1276 3411 1341 Θεοῦ,
3433 1277 3560 1349 ίερά
3591 1295 3651 1331 τε
3674 1280 3762 1333 καὶ
3787 1279 3913 1349 ἅγια

2344 1375 2439 1427 καὶ
2464 1374 2623 1443 ἴσμεν
2664 1373 2761 1427 καὶ
2793 1370 3186 1443 ὁμολογοῦμενο
3222 1370 3318 1423 καὶ
3344 1369 3434 1423 διὰ
3462 1369 3656 1434 τοῦτο,
3685 1387 3913 1442 προσκυ-

2344 1466 2481 1537 νητὰ
2507 1468 2602 1520 καὶ
2625 1466 2902 1536 σεϐάσμια
2926 1465 3129 1536 ὁμοίως
3161 1463 3293 1535 παρ’
3323 1465 3455 1534 ἡμῖν
3488 1466 3595 1517 είσι
3621 1466 3715 1517 καὶ
3740 1464 3910 1533 τίμια,

2345 1561 2439 1615 κα)⁸
2464 1560 2617 1613 οὐδὲν
2656 1558 2868 1623 ἄδοξον,
2916 1556 3073 1611 οὐδὲν
3107 1556 3325 1626 ἀτιμον,
3358 1555 3548 1627 ὥσπερ
3586 1558 3652 1627 δὴ
3683 1559 3774 1610 καὶ
3807 1559 3916 1611 ἐτέ-

2345 1651 2481 1721 ρωθι
2528 1652 2660 1720 ἡμῖν
2704 1648 2976 1703 λέλεκται·
3019 1649 3113 1703 κα)⁸
3157 1648 3259 1701 οὐκ
3308 1647 3430 1713 ἐξὸν
3481 1648 3617 1718 ἡμῖν
3672 1650 3781 1712 τοῖς
3828 1666 3918 1701 πι-

2348 1742 2513 1804 στοίς⁶
2550 1739 2670 1794 οὐδὲ
2714 1740 2785 1793 τὰ
2829 1737 3246 1810 παραδεδομένα
3283 1737 3437 1809 παρά
3487 1736 3596 1790 τῶν
3646 1736 3916 1808 προεστώ-

2343 1842 2454 1879 των
2515 1825 2612 1879 τοῦ
2667 1826 2791 1880 καθ’
2855 1827 3003 1896 ἡμᾶς
3057 1825 3216 1895 λόγου
3274 1824 3673 1895 ἐπαγγέλλεται
3716 1825 3920 1894 διακρί-

661 1922 990 1993 quisitiones
1039 1917 1307 1973 faciamus
1331 1954 1346 1979 ,
1379 1912 1509 1983 quid
1555 1911 1629 1966 sit
1660 1910 1894 1979 primum
1924 1909 2007 1962 vel
2040 1922 2234 1963 secun-

2344 1935 2451 1982 σεις
2480 1918 2635 1982 τινὰς
2678 1919 2774 1972 καὶ
2812 1916 3087 1984 ἐξετάσεις
3118 1917 3420 1984 ποιεῖσθαι,
3467 1919 3653 1971 ὁποῖον
3685 1916 3751 1988 δὴ
3787 1917 3920 1988 πρό-

657 2012 811 2077 dum,
846 2010 972 2081 quid
1002 2008 1123 2079 plus
1155 2004 1240 2062 vel
1276 2003 1457 2059 minus
1499 2000 1837 2057 houorabile.
1884 1997 2131 2068 Namque
2180 1997 2232 2053 id

657 2117 823 2161 omne
851 2103 919 2158 ab
948 2099 1249 2157 inﬁdelium
1285 2106 1339 2151 et
1362 2092 1654 2165 impiorum
1690 2091 1894 2147 malitia
1917 2100 2003 2145 est
2033 2105 2048 2144 :
2082 2099 2231 2161 puta,

656 2197 703 2252 si
734 2196 838 2251 hoc
877 2192 1181 2248 adoravero
1218 2188 1304 2243 vel
1353 2200 1512 2242 secus
1534 2224 1550 2251 ,
1583 2183 1906 2238 salvaborue
1936 2198 2003 2236 an
2040 2181 2236 2236 secus?

658 2288 921 2346 meliusne
947 2285 1070 2349 hoc,
1110 2299 1177 2338 au
1201 2279 1369 2337 illud?
1390 2277 1555 2347 {Quod
1587 2291 1719 2332 sane
1741 2289 1967 2329 summa;
1989 2273 2234 2330 stultitiae

656 2390 722 2437 ac
760 2378 1010 2435 ruditatis
1041 2376 1261 2439 horum,
1291 2371 1385 2442 qui
1426 2384 1569 2425 nunc
1605 2368 1731 2424 talia
1777 2375 2051 2436 quaerunt,
2091 2366 2232 2420 indi-

656 2475 800 2532 cium
834 2480 939 2528 est.
972 2467 1112 2535 Quid
1138 2466 1283 2522 enim
1306 2459 1714 2533 respondebunt
1747 2458 1992 2513 dicenti:
2022 2475 2039 2510 t
2076 2456 2132 2512 Si
2158 2457 2235 2513 le-

655 2579 778 2636 gem
812 2562 1117 2617 universam
1167 2555 1362 2627 aliquis
1402 2551 1736 2619 servaverit,
1792 2551 1847 2605 in
1896 2566 2004 2607 uno
2053 2560 2234 2606 autem

661 2654 916 2709 mandato
938 2649 1195 2715 oﬂ'emlat,
1229 2647 1406 2702 lactus
1421 2654 1505 2701 est
1529 2643 1771 2698 omnium
1797 2657 1921 2698 reus
1937 2641 2237 2711 "bAtque

664 2749 777 2804 luce
804 2747 869 2801 de
893 2742 1162 2815 legalibus
1196 2740 1409 2794 actibus
1429 2777 1445 2804 ,
1475 2735 1561 2791 vel
1592 2735 1754 2790 etiam
1788 2733 1857 2789 de
1904 2733 2238 2804 irrepreheu-

648 2838 805 2895 sibili
828 2847 884 2891 et
909 2831 1263 2903 integerrima
1287 2829 1390 2884 llde
1420 2835 1630 2883 nostra.
1660 2822 1780 2880 Non
1811 2831 1895 2881 est
1924 2838 2054 2895 ergo
2080 2838 2112 2879 a
2149 2836 2240 2879 no-

659 2932 745 2987 bis
766 2929 913 2985 circa
941 2927 1057 2983 haec
1081 2923 1391 2986 rixandum,
1431 2904 1687 2991 quoniam
1714 2917 1829 2988 pari
1855 2916 2025 2986 gradu
2062 2918 2237 2971 hono-

661 3020 831 3075 randa
857 3032 980 3074 esse
1013 3023 1224 3082 saneta,
1253 3025 1536 3068 sacrorum
1568 3007 1791 3064 Patrum
1824 3018 2067 3062 canones
2098 3007 2235 3061 divi-

658 3109 973 3165 nitusediti
1004 3103 1344 3176 pracipiunt.
1520 3110 1525 3113 ‘

727 3319 820 3376 35.
854 3316 1238 3374 Verumtamen
1262 3319 1483 3382 propter
1507 3308 1797 3367 stultorum
1839 3310 2239 3365 contumaciam

661 3422 829 3482 atque
858 3404 1269 3477 impudentiam,
1301 3402 1462 3475 paulo
1494 3401 1763 3457 curiosius
1791 3401 1859 3455 de
1891 3400 1996 3455 bac
2033 3415 2092 3455 re
2134 3401 2241 3456 dis-

663 3498 952 3557 serendum
1004 3506 1288 3569 putamus;
1340 3493 1519 3549 neutri
1552 3492 1769 3561 quidem
1817 3491 1942 3564 rei(
1982 3491 2133 3548 cruci
2186 3501 2245 3547 et

652 3593 921 3667 imagini)
952 3590 1214 3645 honorem
1261 3594 1544 3656 negantes,
1572 3584 1667 3639 sed
1698 3591 1965 3653 quatenus
2019 3599 2086 3640 ex
2132 3586 2241 3641 dis-

664 3683 978 3756 quisitiouis
1046 3677 1440 3748 consequentia
1520 3676 1803 3747 provenit,
1866 3676 2240 3746 prmstantiam

565 3788 568 3791 ‘
660 3777 954 3851 quamdam
983 3773 1127 3829 inter
1158 3775 1256 3827 has
1283 3772 1460 3842 ipsas,
1509 3769 1661 3825 brevi
1704 3784 1956 3825 sermone
2000 3780 2243 3827 statuen-

664 3885 790 3938 tes;
824 3870 1055 3926 dicimus
1092 3867 1310 3937 itaque,
1372 3872 1431 3919 ut
1476 3878 1506 3919 a
1565 3863 1728 3920 simili
1779 3863 1994 3919 initium
2064 3862 2244 3932 capia-

639 3979 787 4019 .mus
832 3980 848 4018 :
894 3961 946 4033 Ι)
1001 3958 1266 4028 Quoniam
1314 3968 1371 4014 et
1418 3958 1534 4028 ipsa
1583 3960 1761 4029 imago
1804 3955 2073 4028 ejusmodi
2120 3965 2239 4021 est;

665 4058 843 4129 imago
873 4055 1081 4112 Christi
1128 4052 1432 4111 similitudo
1461 4050 1580 4121 ejus
1602 4059 1689 4105 est
1709 4092 1725 4116 ,
1758 4057 1814 4103 et
1845 4048 2071 4117 corpori
2124 4045 2242 4116 ejus

661 4149 860 4206 similis
883 4156 987 4213 εει,
1016 4145 1359 4215 ﬁguramque
1381 4142 1624 4212 corporis
1652 4141 1771 4212 ejus
1798 4140 1956 4196 nobis
1985 4141 2245 4196 describit

666 4250 722 4297 et
753 4238 1007 4304 delineat,
1039 4252 1105 4292 ac
1135 4234 1370 4308 speciem
1407 4233 1715 4297 denuntiat,
1739 4240 1794 4288 et
1820 4232 2038 4286 modum
2072 4234 2243 4289 aetio-

665 4331 752 4385 nis
775 4327 862 4383 vel
903 4326 1162 4384 doctrina:
1219 4324 1300 4377 vel
1353 4319 1629 4399 passionis
1668 4329 1727 4375 ut
1779 4320 2068 4391 plurimum
2120 4323 2243 4377 imi-

669 4422 835 4477 tando
865 4417 1155 4491 signiﬁcat.
1185 4415 1387 4485 Figura
1422 4428 1552 4467 vero
1581 4414 1762 4469 crucis
1793 4413 1940 4468 nulla
1973 4423 2125 4483 parte
2170 4418 2244 4470 si-

667 4514 810 4570 milis
865 4522 950 4568 est
992 4510 1206 4579 corpori
1247 4508 1401 4578 ejus,
1454 4506 1695 4576 nihilque
1733 4522 1922 4562 eorum
1976 4523 2096 4578 quae
2130 4511 2240 4569 dixi

2334 2026 2494 2081 τερον
2522 2009 2555 2081 ἢ
2586 2008 2860 2081 δεύτερον,
2902 2009 2997 2063 καὶ
3044 2010 3127 2063 ὅτι
3152 2008 3481 2080 τιμιώτερον
3510 2010 3543 2079 ἢ
3578 2009 3915 2081 ἀτιμότερον·

2334 2102 2586 2158 ἀπίστων
2634 2101 2796 2156 τοῦτο
2844 2102 2941 2156 καὶ
2988 2100 3221 2156 ἀνοσίων
3267 2100 3332 2155 τὸ
3390 2101 3793 2173 κακούργημα·
3841 2102 3921 2166 ὡς

2334 2195 2398 2247 Εἰ
2430 2193 2548 2247 τόδε
2600 2193 2698 2264 μὲν
2760 2193 3149 2265 προσκυνήσω,
3202 2192 3324 2248 τόδε
3355 2192 3412 2246 δὲ
3463 2191 3562 2259 οὒ,
3612 2192 3847 2262 σώζομαι
3880 2193 3917 2263 ἢ

2335 2287 2394 2339 οὐ
2467 2282 2740 2356 σώζομαι;
2813 2287 3063 2355 κρεῖττον
3119 2283 3280 2338 τοῦτο
3347 2284 3552 2355 μᾶλλον
3619 2283 3654 2355 ἢ
3711 2286 3918 2349 ἐκεῖνος

2334 2376 2363 2429 ὃ
2395 2377 2460 2447 δὴ
2508 2377 2602 2431 καὶ
2656 2376 2788 2430 αὐτὸ
2823 2376 3138 2448 τῆς,ἀκρας
3178 2374 3427 2447 ἀμαθίας
3486 2376 3583 2430 καὶ
3634 2376 3919 2438 ἀσυνεσίας

2335 2468 2447 2521 τῶν
2503 2468 2599 2531 νῦν
2655 2468 2724 2523 τά
2783 2466 3015 2523 τοιαῦτα
3064 2466 3447 2538 ἐκζητούντων
3495 2470 3810 2539 τεκμήριονο
3863 2469 3920 2520 τί

2336 2560 2445 2632 γὰρ
2490 2561 2728 2630 φήσουσι
2783 2562 2923 2631 πρὸς
2980 2558 3073 2612 τὸν
3107 2559 3395 2629 εἰρηκότα,
3450 2561 3534 2612 ὅτι
3591 2578 3610 2613 ι
3667 2559 3788 2613 Ἐάν
3827 2558 3920 2611 τὸν

2339 2651 2502 2720 νόμον
2550 2650 2671 2703 ὅλον
2723 2648 2937 2722 φυλάξῃ
2980 2666 3105 2715 τις,
3134 2648 3342 2722 πταίσῃ
3375 2650 3432 2715 δὲ
3477 2653 3536 2703 ἐν
3587 2650 3704 2717 ἐνὶ,
3733 2650 3922 2720 γέγονε

2337 2743 2559 2796 πάντων
2605 2740 2826 2811 ἔνοχοςς
2881 2758 2899 2793 ι
2949 2739 3046 2793 καὶ
3093 2738 3272 2795 ταῦτα
3302 2740 3432 2810 περὶ
3479 2740 3734 2814 πράξεων
3778 2756 3927 2811 νομι-

2337 2835 2473 2899 κῶν,
2533 2832 2675 2902 ἦπου
2712 2848 2778 2900 γε
2812 2831 2913 2901 τῆς
2946 2832 3252 2903 ἀμωμήτου
3299 2832 3392 2886 καὶ
3435 2832 3731 2903 ἀκιὸδήλου
3763 2832 3927 2903 ἡμῶν

2339 2927 2595 2988 πίστεως·
2639 2925 2744 2977 οὐκ
2779 2922 2927 2978 ἔστιν
2952 2918 3046 2977 οὗν
3079 2924 3216 2993 ἡμῖν
3258 2923 3389 2994 περὶ
3426 2922 3636 2978 τούτων
3679 2922 3930 2993 ζυγομα-

2339 3018 2475 3087 χεῖν,
2496 3014 2658 3069 ὁπότε
2680 3012 3085 3085 παραπλησίως
3110 3011 3367 3081 ἀλλήλοις
3387 3009 3655 3082 τιμᾶσθαι
3678 3011 3747 3066 τὰ
3764 3010 3927 3080 ἀγια,

2341 3111 2435 3164 καὶ
2477 3106 2740 3178 Πατέρων
2792 3107 2954 3177 ἱερῶν
2998 3106 3193 3177 θεσμοὶ
3237 3104 3562 3176 θεοπρεπῶς
3602 3104 3934 3177 ἐκπεφωνη-

2267 3247 2313 3307 C
2336 3202 2498 3269 μένοι
2523 3198 2924 3270 διαγορεύουσι.

2418 3315 2513 3368 λε’.
2548 3314 2650 3366 Διά
2674 3308 2734 3366 ’δὲ
2770 3310 3075 3381 φιλόνεικον
3106 3310 3203 3363 καὶ
3233 3308 3592 3380 ἀναίσχυντον
3622 3309 3735 3362 τῶν
3763 3309 3935 3379 ἀνοή-

2347 3425 2477 3471 των,
2518 3406 2941 3478 περιεργότερον
2971 3402 3176 3458 τούτων
3215 3401 3400 3455 ἕνεκεν
3431 3399 3791 3471 διαλήψεσθαι
3818 3400 3939 3453 δεῖν

2347 3499 2629 3572 ᾠήθημεν⁹
2671 3497 2850 3552 οὐδενὶ
2897 3494 2998 3566 μὲν
3030 3496 3093 3549 τὸ
3137 3493 3327 3559 ἄδοξον
3357 3492 3732 3565 περιτιθέντες
3756 3531 3771 3557 ,
3803 3492 3938 3546 ὅσον

2346 3593 2403 3646 δέ
2427 3594 2492 3645 ἐκ
2518 3592 2615 3663 τῆς
2648 3590 2946 3655 ἐξετάσεως
2972 3588 3066 3642 τοῦ
3096 3586 3393 3642 ἀκολούθου
3422 3587 3640 3658 ἀνήκει,
3669 3585 3731 3639 τὸ
3761 3585 3941 3655 ὑπερ-

2349 3685 2482 3755 φυὲς
2511 3684 2654 3737 κατά
2683 3700 2735 3736 τι
2760 3680 2891 3751 γοῦν
2926 3683 2983 3733 ἐν
3010 3680 3224 3743 αὐτοῖς,
3259 3678 3335 3742 ὡς
3368 3679 3426 3732 ἐν
3462 3677 3656 3748 βραχεῖ
3680 3675 3760 3747 τῷ
3784 3675 3942 3746 λόγῳ

2350 3774 2745 3847 παριστῶντες·
2782 3774 3016 3845 λέγομεν
3046 3772 3232 3831 τοίνυν
3266 3771 3354 3824 ἵνα
3383 3773 3447 3824 ἐκ
3480 3768 3575 3823 τοῦ
3606 3768 3794 3840 ὁμοίου
3833 3769 3945 3837 τὴν

2352 3868 2529 3940 ἀρχὴν
2553 3864 2936 3937 ποιησώμεθα,
2968 3864 3158 3934 ἐπειδὴ
3178 3862 3338 3916 τοῦτο
3358 3862 3453 3915 καὶ
3476 3860 3662 3915 εἰκών·
3687 3863 3769 3930 A')
3808 3859 3949 3913 Ὀτι

2351 3962 2382 4031 ἡ
2412 3958 2582 4013 εἰκὼν
2605 3958 2701 4012 τοῦ
2736 3957 2980 4029 Χριστοῦ
3002 3999 3016 4023 ,
3048 3955 3303 4026 ὁμοίωμα
3336 3952 3504 4007 αὑτοῦ
3547 3954 3664 4006 ἐστι
3686 3994 3702 4019 ,
3733 3952 3830 4007 καὶ
3860 3954 3954 4023 τῷ

2351 4048 2565 4119 σώματι
2607 4047 2773 4101 αὑτοῦ
2805 4047 3096 4119 προσέοικε
3117 4085 3132 4111 ,
3166 4046 3260 4098 καὶ
3293 4044 3387 4097 τὸν
3416 4042 3588 4097 τύπον
3614 4042 3713 4096 τοῦ
3749 4043 3951 4112 σώμα-

2349 4158 2438 4207 τος
2469 4139 2636 4196 αὑτοῦ
2688 4142 2825 4211 ἡμῖν
2863 4138 3205 4210 ὑπογράφει,
3242 4137 3338 4191 καὶ
3372 4135 3432 4189 τὸ
3474 4131 3617 4199 εἶδος
3651 4152 3959 4203 κατεπαγ-

2349 4232 2624 4302 γέλλεται,
2658 4232 2754 4285 καὶ
2781 4230 2983 4302 τρόπον
3014 4228 3268 4301 πράξεως
3293 4228 3325 4298 ἢ
3377 4227 3729 4289 διδασκαλίας
3754 4226 3790 4298 ἢ
3836 4226 3961 4279 πά.-

2351 4321 2477 4385 θους
2507 4321 2583 4385 ὡς
2614 4321 2683 4374 τά
2731 4319 2904 4373 πολλά
2947 4318 3381 4390 ἀπομιμουμένη
3421 4317 3800 4388 διασημαίνει·
3827 4319 3857 4370 ὁ
3889 4317 3965 4371 δὲ

2348 4415 2447 4470 τοῦ
2480 4413 2717 4485 σταυροῦ
2758 4413 2957 4480 τύπος,
2984 4412 3109 4466 οὔτε
3144 4412 3470 4486 προσέοικεν
3509 4410 3678 4466 αὐτοῦ
3718 4409 3799 4481 τῷ
3832 4409 3965 4463 σώ-

2354 4524 2506 4580 ματι,
2533 4505 2659 4561 οὔτε
2699 4506 2851 4560 οὐδὲν
2879 4505 2991 4560 τῶν
3029 4504 3339 4576 είρημένων
3383 4505 3521 4575 ἡμῖν
3563 4501 3965 4557 ὑποδείκνυσιν

667 4606 929 4660 ostendit.
964 4602 1119 4669 Quod
1149 4608 1332 4655 autem
1362 4599 1540 4655 simile
1572 4608 1656 4667 est
1703 4599 1889 4667 alicui,
1925 4604 2098 4673 magis
2129 4621 2238 4676 pro-

2350 4600 2411 4654 τὸ
2442 4600 2500 4653 δέ
2527 4617 2634 4653 τινι
2659 4600 2868 4671 ὅμοιον,
2896 4597 2993 4652 τοῦ
3025 4596 3101 4669 μὴ
3121 4598 3309 4675 ὁμοίου
3342 4595 3643 4668 ἐγγύτερόν
3688 4596 3813 4649 ἐστι
3849 4599 3971 4651 καὶ

667 4695 928 4765 pinquum
967 4690 1127 4761 107
1147 4700 1202 4746 et
1231 4700 1518 4760 cognatum
1547 4700 1634 4745 est
1665 4690 1739 4755 ei,
1771 4704 1932 4763 quam
1959 4694 2104 4763 quod
2139 4711 2245 4751 non

666 4797 752 4841 est
807 4784 1007 4851 simile,
1048 4782 1332 4854 notiusque
1389 4781 1520 4837 illud
1558 4792 1777 4853 propter
1828 4784 2244 4845 similitudinem

667 4877 868 4933 etlicit:
898 4892 960 4933 ac
992 4876 1216 4946 proinde
1240 4876 1551 4931 honoratior
1578 4886 1663 4930 est
1691 4877 1869 4946 imago
1904 4877 2132 4948 Christi,
2161 4891 2246 4936 ut-

668 4978 797 5040 pote
822 4969 993 5039 magis
1015 4967 1091 5023 illi
1112 4966 1339 5023 ﬁnitima
1362 4975 1419 5024 et
1445 4967 1644 5022 notior.
1678 4968 1815 5022 Cum
1862 4970 2030 5040 igitur
2074 4970 2246 5042 ﬁgura

668 5061 847 5120 crucis
888 5062 1029 5133 apud
1062 5077 1161 5118 nos
1189 5065 1263 5117 sit
1289 5063 1346 5117 in
1378 5063 1585 5118 honore
1624 5072 1681 5117 et
1726 5064 2097 5131 veneratione,
2146 5066 2251 5120 erit

668 5157 991 5212 honoratior
1027 5165 1081 5211 ει
1114 5155 1479 5211 venerabilior
1502 5154 1707 5212 Christi
1759 5157 1959 5228 imago.
1990 5157 2061 5229 Il)
2092 5157 2246 5214 Praz-

668 5261 817 5306 terea
845 5249 1023 5321 imago
1053 5246 1253 5304 Christi
1292 5250 1523 5318 primum
1576 5255 1632 5304 et
1682 5249 1800 5304 siue
1847 5250 2025 5305 medio
2059 5251 2246 5307 statim

666 5350 720 5399 et
745 5342 922 5412 primo
962 5356 1255 5412 congressu
1302 5343 1537 5410 speciem
1583 5340 1699 5410 ejus
1757 5342 1914 5397 uobis
1950 5342 2157 5399 indicat
2190 5354 2247 5400 et

667 5432 987 5488 memoriam
1021 5427 1200 5497 affert,
1234 5431 1499 5500 siquidem
1526 5445 1671 5495 eum,
1708 5430 1801 5501 qui
1843 5429 2111 5503 eﬂigiatus
2134 5441 2241 5500 est,

667 5523 724 5581 in
757 5524 875 5596 ipsa
905 5521 1089 5592 efﬁgie
1122 5532 1375 5593 tauquam
1403 5524 1455 5578 in
1484 5522 1702 5593 speculo
1726 5532 2055 5592 spectamus.
2094 5523 2242 5580 Crux

738 5712 782 5743 ⁵⁵
804 5712 977 5765 Prov.
1017 5705 1253 5772 XX\'I,.‘.
1330 5706 1377 5736 ⁸⁸
1416 5704 1533 5761 Jac.
1568 5721 1628 5769 tt,
1668 5706 1749 5759 lt).

2352 4695 2709 4766 οἰκειότερον,
2745 4695 2820 4759 ὡς
2860 4695 2951 4748 διὰ
2996 4697 3094 4764 τῆς
3147 4694 3464 4765 ὁμοιότητος
3510 4692 3974 4766 γνωριμώτερον

2353 4788 2532 4842 ἐκεῖνο
2588 4786 2777 4841 ποιοῦν
2829 4787 2925 4841 καὶ
2982 4786 3086 4847 διαὶ
3132 4786 3292 4840 τοῦτο
3340 4786 3435 4840 καὶ⁸
3500 4786 3864 4857 τιμιώτερονο
3926 4788 3975 4858 ἡ

2353 4878 2518 4934 είκὼν
2572 4879 2682 4950 ἀρα
2735 4878 2831 4932 τοῦ
2866 4879 3139 4949 Χριστοῦ,
3185 4878 3263 4943 ὡς
3309 4879 3618 4950 οἰκειοτέρα
3657 4878 3980 4946 καὶιγνω-

2357 4970 2677 5041 ριμωτέρα,
2740 4970 2926 5041 τιμίου
2992 4971 3089 5025 καὶ
3154 4970 3356 5024 σεπτοῦ
3422 4969 3516 5025 τοῦ
3592 4969 3768 5024 τύπου
3852 4971 3977 5024 τοῦ

2355 5061 2591 5134 σταυροῦ
2635 5064 2765 5133 παρ’
2799 5065 2934 5135 ἡμῖν
2978 5062 3371 5133 τυγχάνοντος,
3411 5061 3719 5133 τιμιωτέρα
3757 5059 3832 5115 ἂν
3865 5061 3979 5133 εἴη

2353 5156 2448 5209 καὶ
2487 5156 2927 5227 σεϐασμιωτέρα.
2972 5154 3068 5226 B')
3106 5155 3226 5209 Ἔτι
3273 5156 3306 5226 ἡ
3335 5153 3500 5208 εἰκὼν
3528 5154 3624 5209 τοῦ
3656 5152 3924 5225 Χριστοῦ
3956 5194 3982 5220 ,

2353 5247 2588 5319 πρώτως
2616 5249 2707 5301 καὶ
2734 5248 2958 5318 ἀμέσως
2985 5245 3150 5312 εὐθύς
3182 5265 3239 5301 τε
3272 5248 3367 5302 καὶ
3397 5249 3465 5301 ἐκ
3494 5246 3718 5320 πρώτης
3754 5248 3985 5301 ἐντεύ-

2348 5340 2514 5406 ξεως,
2546 5340 2608 5393 τὸ
2632 5337 2771 5404 εἶδος
2801 5338 2969 5395 αὐτοῦ
3010 5342 3141 5413 παρ’
3181 5343 3314 5411 ἡμῖν
3342 5342 3665 5411 ἐμφανίζει,
3696 5341 3805 5395 καὶ
3857 5339 3988 5413 τὴν

2349 5436 2573 5507 μνήμην
2616 5434 2913 5505 ἐντίθησιν·
2946 5434 3110 5489 αὐτὸν
3140 5435 3250 5505 γὰρ
3291 5435 3384 5489 τὸν
3430 5436 3857 5507 εἰκονιζόμενον
3905 5436 3989 5492 ὲν

2348 5527 2485 5597 αὐτῇ
2539 5524 3055 5599 κατοπτριζόμεθα’
3107 5528 3135 5580 ὁ
3188 5527 3246 5580 δὲ
3290 5528 3522 5599 σταυρὸς
3574 5528 3674 5598 οὐχ
3725 5525 3985 5593 οὕτως’

740 5865 857 5932 (Mi)
894 5863 1005 5920 lloc
1027 5863 1160 5921 dicit
1192 5862 1313 5933 quia
1346 5860 1688 5917 leonomaclti
1725 5862 2016 5934 imaginem
2045 5860 2250 5919 Christi
2291 5862 2707 5931 aversabantur,
2736 5877 2957 5920 crucem
2985 5878 3091 5919 non
3122 5863 3274 5930 item,
3305 5872 3362 5918 ut
3390 5877 3512 5919 mox
3539 5859 3787 5931 patebit.
