4072 6324
171 430 249 495 429
832 413 1460 476 ANTIRRIIETICUS
1502 413 1592 472 III
1634 414 1800 473 ADV.
1841 412 2429 473 CONSTANTINUM
2473 415 2683 473 (MPR.

3277 419 3382 482 430

169 538 362 614 σταυρὸν
393 534 500 605 γὰρ
534 529 855 601 ἐνορῶντες,
910 529 1126 598 πρῶτον
1165 528 1262 598 μὲν
1309 528 1444 599 πρὸς
1487 528 1545 580 τὸ
1582 544 1706 596 φαι-

1817 537 1990 581 antent
2024 543 2129 580 non
2164 528 2264 581 hoc
2314 527 2475 591 facit;
2513 544 2632 580 cum
2675 528 2814 580 cnim
2865 543 3079 582 crucem
3119 531 3383 595 ridemus,

168 635 353 703 νόμενον
381 624 473 678 τὸν
505 619 630 676 νοῦν
675 617 1056 690 ἀπερείδομεν·
1105 617 1297 671 ἔπειτα
1338 619 1415 682 δὲ,
1445 618 1494 671 τί
1533 620 1702 683 ἐστιν,

165 719 440 789 ἐννοοῦμεν,
495 713 590 766 καὶ
635 709 754 773 πῶς
807 710 1068 780 ἡγίασται
1119 708 1562 780 ἀναθεωροῦμεν,
1612 711 1705 762 καὶ

167 814 289 886 παρὰ
313 811 454 872 τίνος
473 847 490 873 ,
537 804 629 860 καὶ
653 797 798 857 οὕτω
833 803 978 857 κατὰ
1005 799 1260 875 δεύτερον
1282 803 1464 871 λόγον,
1494 804 1586 856 ἐπὶ
1614 803 1704 856 τὸν

167 903 513 978 σταυρωθέντα
543 900 638 953 καὶ
681 897 988 967 ἁγιάσαντα
1031 897 1193 951 αὑτὸν
1226 899 1476 977 μέτηιμενο
1506 897 1567 950 τὸ
1597 895 1706 950 τοξ-

165 1016 238 1052 νυν
274 992 500 1066 πρώτως
540 989 632 1043 ἐπὶ
669 1005 724 1041 τι
759 987 1103 1058 μεταϐαῖνον.
1139 988 1235 1042 καὶ
1295 987 1524 1058 πρώτως
1575 987 1707 1042 αὐτὸ

163 1089 408 1161 γνώριμον
437 1081 644 1146 ποιοῦν,
681 1080 776 1134 τοῦ
817 1079 1092 1149 δευτέρως
1111 1079 1287 1134 ταῦτα
1315 1077 1598 1142 ποιοῦντος
1627 1097 1708 1133 τι·

168 1180 420 1255 μιὼτερονο
469 1176 504 1245 ἡ
551 1171 716 1227 εἰκὼν
757 1171 863 1242 ἄρα
893 1171 988 1224 τοῦ
1030 1170 1292 1242 Χριστοῦ,
1327 1172 1422 1225 τοῦ
1470 1170 1704 1242 σταυροῦ

162 1274 318 1346 τιμίου
345 1271 515 1334 ὄντως
546 1265 851 1338 τιμιωτέρα
881 1265 1142 1336 ὑπάρχει.

219 1456 335 1514 Εἶτα
357 1459 431 1526 Γ)
456 1453 609 1528 παρὰ
651 1455 786 1509 πᾶσι
809 1456 922 1516 τοῖς
951 1451 1076 1506 νοῦν
1099 1450 1314 1521 ἔχουσιν
1335 1451 1706 1524 ὡμολόγηται,

166 1552 304 1608 imo
345 1547 576 1618 ἁγιάζον
609 1546 708 1600 τοῦ
752 1542 1120 1615 ἁγιαζομένου
1165 1543 1413 1612 κρεῖττόν
1441 1545 1578 1597 ἐστι’
1616 1545 1712 1598 καὶ

164 1641 271 1709 γὰρ,
303 1637 488 1705 Χωρις
536 1633 740 1704 πάσης
769 1633 1136 1703 ἀντιλογίας,
1173 1633 1308 1703 φησι
1347 1633 1409 1686 τὸ
1434 1634 1712 1688 ἀποστολι-

164 1733 236 1784 κὸν
258 1729 449 1796 λόγιον,
467 1727 533 1780 τὸ
555 1726 811 1780 ἔλαττον
827 1724 948 1779 ὑπὸ
964 1724 1072 1779 τοῦ
1089 1725 1428 1793 κρείττονος
1447 1727 1711 1794 εὐλογεῖ-

162 1837 236 1873 ται
256 1835 267 1847 ·
296 1820 342 1871 εἰ
362 1817 545 1870 τοίνυν
573 1816 630 1868 τὸ
667 1815 826 1886 σῶμα
851 1812 1091 1885 Χριστοῦ
1123 1813 1216 1868 τὸν
1245 1814 1476 1886 σταυρὸν
1515 1815 1709 1885 ήγίασε

161 1909 548 1981 προσομιλῆσαν
593 1905 740 1977 αύτῷ
797 1904 1266 1978 προσηλούμενον,
1316 1907 1415 1960 καὶ
1461 1907 1591 1979 ἡμῖν
1642 1908 1708 1961 δι’

159 2001 295 2057 αὐτοῦ
319 2002 412 2054 τὸν
441 1999 715 2070 ἁγιασμον
762 1999 980 2069 ἐνῆκεν,
1029 2000 1058 2052 6
1083 2000 1138 2054 δὲ
1168 2000 1402 2071 σταυρὸς
1429 2001 1498 2055 δι’
1542 2003 1708 2056 αὐτοῦ

159 2096 410 2165 ἡγίασται·
447 2085 522 2146 ὧν
545 2093 602 2146 δὲ
623 2092 692 2146 τὰ
723 2092 1061 2163 πρωτότυπα
1081 2091 1416 2164 τιμιώτερα,
1451 2094 1541 2148 καὶ
1573 2096 1713 2149 αὐτὰ

158 2186 436 2257 τιμιώτεροι
461 2200 473 2214 ’
513 2183 703 2255 ἐπειδὴ
729 2184 785 2237 δὲ
815 2183 986 2254 ἄμφω
1009 2184 1208 2249 τύποι,
1235 2185 1330 2238 καὶ
1360 2187 1388 2238 6
1415 2185 1584 2250 τύπος
1617 2189 1710 2241 τοῦ

157 2279 486 2348 ἁγιασθέντος
510 2275 746 2347 σταυροῦ
779 2277 981 2345 τίμιος,
1009 2277 1037 2329 6
1074 2275 1246 2340 τύπος
1284 2276 1393 2350 ἄρα
1424 2277 1519 2330 τοῦ
1549 2277 1711 2344 ἁγιά-

159 2389 321 2436 σαντος
364 2369 648 2440 σώματος,
675 2367 876 2440 μᾶλλον
891 2369 1236 2440 τιμιώτερος.
1258 2370 1332 2439 Δθ)
1355 2368 1474 2422 Ἔτι
1492 2371 1519 2422 6
1541 2368 1712 2432 τύπος

155 2465 230 2531 τῆς
251 2463 531 2524 ἐκτάσεως
546 2459 656 2514 τῶν
671 2459 872 2530 χειρῶν
888 2458 982 2513 τοῦ
1012 2458 1251 2530 Χριστοῦ
1271 2461 1366 2512 καὶ
1391 2457 1484 2514 τοῦ
1505 2460 1713 2530 σχῆμα·

155 2573 222 2620 τος
237 2555 430 2618 σεπτός
448 2555 614 2606 ἐστιν’
639 2553 748 2622 ὅσῳ
765 2551 820 2605 δὲ
835 2550 1080 2622 διαφέρει
1102 2551 1260 2620 σῶμα
1283 2554 1580 2622 σχήματος,
1598 2567 1713 2604 τοσ-

156 2649 267 2716 ούτῳ
293 2649 387 2700 καὶ
406 2646 482 2700 τὰ
511 2646 606 2698 ἀπ’
634 2644 814 2698 αὐτῶν
838 2643 1028 2696 διοίσει
1057 2659 1070 2673 ο
1101 2636 1176 2698 ὧν
1206 2643 1314 2713 γὰρ
1336 2645 1406 2696 τὰ
1430 2644 1712 2715 ἀρχέτυπα

157 2742 458 2811 τιμιώτερα,
497 2739 592 2791 καὶ
614 2735 754 2790 αὐτὰ
778 2734 1085 2806 τιμιώτερα
1110 2751 1122 2763 ·
1168 2737 1261 2788 καὶ
1296 2735 1404 2806 γὰρ
1432 2736 1494 2788 τὸ
1529 2736 1712 2806 σχῆμα

158 2829 224 2880 διὰ
265 2830 324 2881 τὸ
377 2828 586 2898 σῶμα,
631 2826 724 2878 καὶ
768 2826 800 2894 ἡ
849 2823 1089 2886 ἐκτασις’
1119 2823 1181 2876 ού
1231 2825 1337 2894 μὴν
1385 2823 1619 2894 ἔμπαλιν
1653 2826 1712 2878 τὸ

161 2920 289 2990 σῶμα
333 2920 424 2974 διὰ
453 2920 521 2972 τὸ
559 2919 763 2988 σχῆμα·
800 2916 895 2970 καὶ
940 2916 1002 2970 τδ
1056 2916 1157 2985 μὲν
1199 2915 1391 2986 σῶμα,
1436 2915 1592 2969 oricia.
1618 2917 1713 2970 καὶ

157 3013 491 3085 ὑποκείμενόν
527 3014 663 3064 ἐστι·
697 3012 756 3063 τὸ
776 3009 835 3062 δὲ
867 3009 1056 3080 σχῆμα
1084 3008 1431 3079 συμϐεϐηκὸς
1453 3008 1549 3062 καὶ
1574 3025 1712 3079 παρ-

157 3104 484 3175 ακολούθημα
511 3118 527 3133 ⁸
565 3103 675 3172 ὅσῳ
716 3098 809 3154 οὖν
863 3100 1024 3154 οὐσία
1069 3098 1481 3169 συμϐεϐηκότος
1525 3101 1711 3170 κρείτ-

1811 618 2041 686 primum
2074 619 2290 688 quidem
2330 628 2564 673 mentem
2593 620 2656 672 ad
2694 620 2741 672 id
2774 621 2914 689 quod
2951 632 3173 689 apparet
3212 624 3386 678 inten-

1809 710 2017 774 dimns,
2063 711 2256 765 deinde
2306 712 2606 781 cogitamus
2675 712 2802 782 quid
2854 712 2956 777 sit,
2993 724 3048 767 ct
3111 719 3385 783 quomodo

1807 802 2142 856 sanctificata
2172 801 2352 868 fuerit,
2394 813 2446 858 et
2479 820 2508 857 a
2531 819 2661 872 (pro,
2708 805 3177 874 contemplamur;
3225 817 3386 877 atque

1808 895 1878 948 ita
1903 898 2138 949 secundo
2175 895 2293 948 loco
2327 897 2392 948 ad
2427 897 2772 962 cruciﬁxum,
2803 906 2855 950 et
2889 899 2954 951 ad
2986 916 3108 953 eum
3138 901 3227 968 qui
3257 917 3385 954 cru-

1807 999 1924 1040 cem
1965 986 2361 1052 sanctiﬁcavit,
2407 988 2725 1043 transimus.
2774 988 3036 1055 Quocirca
3085 993 3228 1061 quod
3277 993 3386 1062 pri-

1807 1093 1954 1131 mum
1989 1078 2185 1132 transit
2217 1078 2282 1132 ad
2316 1078 2540 1147 aliquid,
2576 1090 2632 1134 et
2679 1079 2808 1135 illud
2841 1080 2896 1134 in
2944 1081 3134 1152 primis
3165 1083 3386 1137 manife-

1807 1178 1950 1225 stum
1984 1169 2186 1236 efﬁcit,
2219 1170 2537 1224 honoratius
2566 1186 2631 1224 eo
2675 1181 2758 1226 est
2798 1172 2940 1240 Quod
2975 1172 3114 1227 idem
3146 1175 3384 1228 secundo

1809 1260 1930 1316 loco
1977 1260 2148 1316 facit:
2197 1276 2328 1332 ergo
2380 1260 2590 1317 Christi
2645 1263 2824 1332 imago
2857 1264 3175 1319 honoratior
3223 1281 3385 1321 cruce

1809 1352 2036 1418 Christi,
2066 1369 2186 1421 qua:
2210 1354 2411 1423 alioqui
2455 1354 2790 1408 honorabilis
2818 1365 2920 1410 cst.

1884 1445 2084 1500 Deinde
2115 1443 2209 1515 Ill)
2252 1456 2459 1500 certum
2493 1455 2576 1501 est
2639 1447 2776 1511 apud
2816 1462 3004 1502 omnes
3041 1451 3132 1518 qui
3188 1452 3387 1504 mentis

1809 1546 1936 1591 sunt
1963 1547 2264 1605 compotes,
2293 1537 2343 1589 id
2371 1538 2513 1608 quod
2539 1538 2867 1606 sanctificat,
2901 1541 3242 1596 sanctiﬁcata
3272 1558 3390 1597 esse

1813 1629 2049 1684 melius:
2096 1627 2220 1684 Siue
2265 1629 2683 1682 contradictione
2711 1630 2890 1697 enim,
2939 1632 3112 1702 inquit
3155 1633 3390 1700 Aposto-

1813 1719 1894 1775 lus
1916 1721 1984 1784 ⁸⁶,
2011 1721 2150 1790 quod
2174 1720 2350 1772 minus
2381 1729 2478 1782 est,
2511 1737 2542 1772 a
2574 1723 2790 1775 meliore
2812 1721 3136 1784 benedicitur
3159 1737 3177 1774 :
3199 1739 3391 1792 quaut-

1814 1810 1999 1862 obrem
2031 1822 2229 1878 corpus
2246 1807 2447 1862 Christi
2473 1824 2690 1863 crucem
2714 1811 3075 1866 sanctiﬁcavit
3106 1827 3227 1866 cum
3269 1828 3387 1867 eam

1818 1899 1990 1968 tetigit
2023 1909 2075 1953 et
2107 1900 2158 1953 in
2187 1915 2249 1954 ea
2275 1899 2549 1954 conﬁxum
2582 1899 2706 1966 fuit,
2732 1911 2787 1956 et
2825 1903 3257 1959 benedictionem
3295 1921 3392 1958 no-

1814 1992 1895 2044 bis
1919 2005 2012 2059 per
2043 1991 2181 2043 hanc
2218 1989 2472 2057 immisit;
2515 2007 2642 2044 crux
2683 2007 2810 2046 vero
2844 2009 2940 2063 per
2972 1995 3146 2062 ipsum
3183 1997 3390 2050 sancti-

1815 2084 1969 2136 licata
2016 2090 2101 2136 cst
2138 2101 2148 2134 :
2184 2096 2415 2149 quorum
2464 2097 2643 2136 autem
2699 2096 2986 2155 prototypa
3038 2064 3388 2143 honoratiora

1813 2183 1958 2237 sunt,
1993 2183 2042 2226 et
2077 2173 2190 2242 ipsa
2223 2183 2352 2227 sunt
2400 2175 2569 2243 magis
2599 2176 2863 2229 honorata
2903 2196 2916 2232 :
2951 2177 3387 2249 quandoquidem

1817 2280 1944 2319 vero
1980 2275 2208 2334 utraque
2249 2265 2420 2336 ﬁgura
2469 2277 2575 2330 est,
2607 2277 2658 2321 ct
2708 2268 2874 2338 figura
2923 2272 3102 2327 crucis
3147 2273 3392 2328 sanctifi-

1812 2368 1948 2412 cata:
1972 2359 2231 2414 honorata
2258 2370 2375 2427 cst;
2403 2359 2566 2428 ﬁgura
2602 2360 2766 2430 igitur
2795 2363 3040 2431 corporis
3071 2365 3218 2433 quod
3262 2379 3390 2419 cru-

1815 2466 1929 2505 cem
1964 2451 2341 2517 sanctiﬁcavit,
2381 2452 2552 2521 magis
2590 2452 2856 2508 honorata
2894 2465 2997 2510 est.
3046 2455 3254 2510 Rursus
3287 2454 3389 2525 IV)

1816 2555 1972 2613 typus
2000 2544 2333 2600 extensiouis
2361 2560 2615 2599 manuum
2655 2545 2945 2616 figuraeque
2986 2547 3187 2604 Christi
3223 2564 3390 2604 vene—

1816 2636 2010 2691 rabiles
2043 2645 2169 2692 sunt
2204 2653 2216 2689 :
2263 2645 2526 2706 quantum
2560 2648 2738 2693 autem
2775 2639 2956 2695 diﬁ‘ert
3005 2656 3034 2694 a
3077 2640 3246 2712 ﬁgura
3276 2660 3392 2698 cor-

1815 2745 1934 2795 pus,
1971 2739 2178 2784 tantum
2229 2727 2478 2785 different
2507 2746 2625 2800 qua:
2683 2731 2749 2785 ab
2797 2730 2878 2787 eis
2927 2734 3387 2802 proﬁciscuntur:

1815 2835 2043 2888 quorum
2072 2821 2214 2875 enim
2241 2821 2537 2892 archetypa
2562 2821 2614 2876 in
2645 2821 2851 2892 majore
2895 2823 3100 2879 honore
3134 2836 3282 2891 sum,
3326 2843 3391 2882 cu

1817 2912 2104 2980 majore-in
2133 2912 2339 2968 honore
2362 2913 2477 2984 ipsa
2509 2924 2691 2980 erunt,
2734 2913 3000 2984 siquidem
3055 2915 3223 2986 figura
3267 2933 3392 2988 pro-

1816 3015 1935 3076 pter
1959 3021 2154 3074 corpus
2178 3016 2282 3072 est,
2306 3017 2358 3060 et
2381 3006 2663 3072 exti‘nsio;
2689 3021 2792 3061 non
2820 3016 3019 3072 autem,
3041 3013 3388 3074 ecoutrario,

1817 3114 2010 3168 corpus
2040 3108 2261 3168 propter
2313 3098 2540 3167 figuram
2598 3113 2614 3152 ε
2671 3114 2734 3154 ac
2773 3113 2974 3169 corpus
3005 3101 3226 3171 quidem
3261 3105 3391 3158 sub-

154 3209 257 3259 των,
280 3195 533 3264 τοσούτῳ
560 3195 650 3246 καί
688 3191 846 3262 σῶμα
878 3192 1176 3261 σχήματος,
1207 3190 1238 3260 ἢ
1265 3191 1390 3243 ὅσον
1419 3189 1566 3260 ψυχὴ
1590 3191 1710 3243 ἑπι-

1817 3190 2014 3244 stantia
2061 3199 2116 3244 et
2142 3187 2442 3258 subjectum
2477 3199 2582 3258 est,
2621 3190 2790 3260 figura
2824 3207 2953 3248 vero
2979 3193 3234 3249 accidens
3261 3195 3392 3250 sub-

157 3287 342 3356 στήμης
366 3301 384 3317 ⁸
423 3288 527 3341 καὶ
578 3285 638 3338 τὸ
681 3284 780 3355 μὲν
811 3283 972 3352 σῶμα.
997 3282 1478 3352 ἐσχηματισμένον
1507 3282 1622 3336 ἐστι
1651 3300 1710 3335 τε

156 3380 228 3431 καὶ
263 3380 523 3448 λέγεται·
571 3378 755 3447 σχῆμα
791 3377 847 3429 δὲ
880 3376 1363 3452 σεσωματωμένον,
1394 3377 1566 3439 οὐδεὶς
1605 3375 1714 3428 τῶν

157 3471 566 3541 σωφρονούντων
596 3470 712 3539 ἐρεῖ
731 3485 745 3499 ο
782 3465 927 3520 οὕτω
960 3466 1067 3537 γὰρ
1094 3465 1189 3519 καὶ
1218 3466 1278 3518 τὸ
1316 3465 1474 3536 σῶμα
1502 3483 1712 3538 κεχρω-

156 3564 329 3630 εμένον
359 3561 587 3634 λεχθείη
620 3561 705 3626 ἂν,
732 3559 917 3613 οὐκέτι
950 3559 1005 3612 δὲ
1050 3558 1341 3630 χρώματος
1371 3557 1530 3627 σῶμα
1555 3597 1569 3622 ,
1597 3558 1717 3612 ούὸὲ

155 3653 325 3723 χρῶμα
373 3651 884 3722 σεσωματωμένονο
933 3650 1218 3722 κρείττονα
1260 3645 1355 3702 οὖν
1393 3651 1460 3704 τὰ
1486 3649 1580 3703 τοῦ
1615 3650 1719 3702 σώ-

157 3761 299 3810 ματος
327 3747 483 3816 ἤπερ
511 3745 588 3804 τὰ⁴
623 3743 716 3796 τοῦ
747 3744 1025 3814 σχήματος
1046 3759 1058 3772 ·
1097 3743 1193 3796 καὶ
1221 3745 1270 3796 εἰ
1317 3742 1506 3806 τοῦτο,
1553 3743 1660 3812 ἄρα
1690 3743 1718 3795 6

155 3841 294 3905 τύπος
342 3841 442 3896 τοῦ
497 3839 788 3910 σώματος,
834 3836 928 3891 τοῦ
970 3839 1141 3890 τύπου
1177 3837 1272 3890 τοῦ
1326 3837 1603 3906 σχήματος
1637 3853 1720 3886 τιο-

154 3933 292 3999 μιώτε
300 3953 393 4006 ρος

206 4203 321 4256 Ἔτι
369 4183 464 4272 ΕΎ
505 4205 536 4255 6
587 4201 820 4273 σταυρὸς
878 4201 1084 4255 ἁπλοῦν
1130 4216 1248 4266 πως
1298 4206 1394 4257 κοιλ⁹
1439 4204 1719 4258 ἁποίκιλον

151 4291 254 4358 ἡμῖν
281 4295 548 4365 εἰσφέρει
581 4291 642 4345 τδ
679 4291 918 4363 Χριστοῦ
954 4292 1152 4357 πάθος·
1183 4296 1295 4357 τοῖς
1319 4294 1375 4347 δὲ
1402 4297 1720 4366 ἀγροικοτέ-

153 4397 239 4446 ροις
278 4386 440 4455 μόλις
487 4383 559 4438 ἂν
597 4385 693 4436 καὶ
722 4383 931 4446 πάθους
969 4383 1237 4454 σύμϐολον
1272 4386 1490 4457 νοηθείη
1516 4403 1528 4416 ·
1567 4387 1634 4440 τὰ
1661 4387 1718 4440 δὲ

1817 3297 2159 3355 sequensque
2189 3300 2202 3337 :
2239 3293 2446 3353 quanto
2489 3283 2654 3354 igitur
2691 3285 2996 3340 substantia
3050 3286 3394 3357 prarstantior

1817 3385 1898 3429 est
1928 3375 2230 3439 accidente,
2287 3383 2379 3430 aut
2424 3385 2630 3444 quanto
2673 3378 2855 3431 anima
2924 3379 3270 3447 praestantior
3310 3390 3394 3435 est

1819 3467 2064 3530 scientia,
2117 3475 2266 3522 tanto
2326 3482 2526 3537 corpus
2572 3477 2793 3536 praastat
2834 3468 3041 3540 ﬁgurat.
3089 3469 3166 3524 Ac
3221 3469 3390 3540 ﬁgura

1819 3557 2034 3624 quidem
2067 3565 2150 3612 est
2180 3569 2232 3610 et
2265 3557 2469 3612 dicitur
2499 3559 2641 3628 quod
2677 3560 2965 3629 ﬁguratqu
2999 3570 3084 3616 est
3116 3580 3130 3617 :
3168 3562 3393 3634 figuram

1824 3663 1950 3702 vero
1976 3648 2178 3702 factum
2226 3665 2349 3704 esse
2396 3666 2624 3720 corpus,
2666 3667 2826 3706 nemo
2875 3668 3022 3708 same
3074 3657 3273 3710 mentis
3322 3656 3398 3710 di-

1821 3749 2006 3793 cturus
2025 3749 2142 3803 est;
2171 3741 2250 3792 sic
2272 3742 2414 3794 enim
2447 3751 2499 3794 et
2531 3755 2728 3810 corpus
2751 3743 2932 3798 colore
2967 3745 3251 3814 praeditum
3289 3747 3396 3801 dici

1823 3838 2031 3898 potest,
2063 3847 2168 3887 non
2199 3841 2378 3886 autem
2418 3848 2614 3903 corpus
2652 3835 2837 3901 color,
2878 3851 3051 3905 neque
3090 3836 3242 3892 color
3275 3853 3391 3892 cor-

1821 3939 1950 3992 pus;
1982 3925 2362 3992 prmstantiora
2400 3927 2563 3994 igitur
2597 3941 2715 3994 qum
2760 3927 3044 3996 corporis,
3079 3943 3243 3998 quam
3275 3943 3400 3999 qua:

1821 4026 1948 4070 situt
1982 4015 2189 4086 ﬁgura).
2219 4015 2370 4083 Quod
2413 4020 2456 4071 si
2495 4017 2565 4071 ita
2591 4027 2693 4083 est,
2736 4030 2895 4090 typus
2933 4022 3179 4090 corporis
3227 4022 3400 4076 hono-

1823 4108 1991 4161 ratior
2036 4117 2118 4162 cst
2172 4120 2296 4178 typo
2353 4109 2552 4178 ﬁgura‘.

1895 4199 2036 4254 Crux
2081 4201 2303 4270 insuper
2329 4201 2395 4273 ν)
2421 4201 2720 4272 simplicem
2759 4206 3156 4273 quodammodo
3192 4215 3246 4261 et
3280 4207 3400 4261 sine

1825 4291 2088 4347 varietate
2121 4293 2276 4348 nobis
2325 4295 2631 4362 passionem
2693 4307 3084 4366 repraesentat;
3119 4314 3147 4352 a
3183 4299 3402 4354 rusticis

1826 4398 1953 4437 vero
2001 4394 2055 4438 et
2096 4387 2405 4454 agrestibus
2429 4389 2511 4442 vix
2571 4389 2891 4458 intelligitur
2935 4406 3056 4445 esse
3096 4392 3400 4462 symbolmn

154 4471 249 4541 ἱερὰ
275 4474 667 4547 μορφώματα,
692 4474 751 4526 οὐ
779 4474 840 4526 τὸ
871 4473 1040 4537 πάθος
1065 4475 1225 4544 μόνον
1260 4475 1596 4530 ποικίλλουσι
1625 4479 1712 4532 καὶ

1826 4477 2092 4545 passionis
2127 4496 2141 4532 :
2173 4495 2343 4534 sacra:
2375 4497 2506 4536 vero
2537 4483 2798 4552 imagines
2835 4499 2941 4539 non
2978 4485 3150 4539 solum
3187 4484 3400 4553 passio-

153 4566 462 4639 λεπτότερον
497 4566 925 4638 διαγράφοῦσιν,
953 4567 1067 4620 ἀλλ’
1101 4567 1198 4639 ἥδη
1231 4569 1326 4623 καὶ
1351 4568 1418 4622 τὰ
1457 4568 1718 4640 θαύματα

153 4657 223 4708 καὶ
267 4659 334 4713 τὰ
391 4658 710 4729 τεράστια,
770 4656 913 4729 ἆτιερ
957 4659 986 4710 6
1032 4659 1272 4730 Χριστὸς
1327 4660 1718 4731 ἐξειργάσατο,

156 4746 474 4821 πλατύτερον
535 4749 630 4801 καὶ
683 4748 1020 4818 σαφέστερον
1074 4750 1207 4818 ἡμῖν
1264 4749 1718 4821 διασημαίνουσι’

155 4838 200 4890 τὰ
230 4844 415 4896 τοίνυν
475 4839 810 4912 τρανότερον
844 4841 937 4893 καὶ
981 4840 1335 4916 ἐκδηλότερον
1383 4843 1518 4912 ἡμῖν
1548 4841 1722 4897 ταῦτα

154 4930 552 5001 ὑποφαίνοντα,
618 4931 726 4985 τῶν
784 4932 1152 5004 ἀμυδρότερόν
1206 4952 1322 4998 πως
1383 4935 1449 4988 τὰ
1485 4934 1716 4989 τοιαῦτα

153 5020 460 5095 δηλούντων,
523 5023 828 5095 τιμιώτεροι
877 5025 974 5076 καὶ
1023 5025 1407 5097 εὐσημότερα.ξ
1442 5027 1546 5096 ς’)
1589 5027 1714 5081 Ἔτι

153 5118 436 5193 ἁσταυρὸς
503 5118 720 5179 πάθους
775 5115 1044 5187 σύμϐολόν
1093 5119 1248 5183 ἐστι,
1310 5119 1404 5170 καὶ
1449 5119 1541 5170 τὸν
1595 5117 1714 5189 τρό-

156 5223 227 5264 πον
285 5213 418 5268 καθ’
476 5212 546 5264 δν
608 5212 636 5263 ὁ
704 5209 991 5272 πεπονθὼς
1062 5210 1124 5262 τὸ
1203 5209 1374 5273 πάθος
1431 5210 1718 5281 διήνεγκεν

154 5300 550 5358 ’ὅταινεσσεταιο
580 5303 632 5354 τξ
663 5301 772 5374 γὰρ
800 5301 988 5371 ἕτερον
1019 5300 1268 5371 βούλεται
1294 5302 1375 5365 τὸ,
1397 5298 1585 5370 τΑρον
1615 5302 1722 5357 τὸν

225 5458 266 5489 ⁸⁸
289 5458 466 5513 Hebr.
502 5470 608 5521 vn,
641 5455 692 5510 7.
767 5457 810 5490 ³⁷
841 5453 1030 5520 Matth.
1067 5455 1290 5520 “1,24.

205 5613 272 5684 (d)
303 5614 525 5684 Decem,
562 5611 671 5664 haec
703 5608 992 5684 Nicephori
1028 5607 1476 5684 bretjacapitula
1507 5623 1571 5662 ex
1608 5610 1713 5684 alio

154 5675 306 5747 rorida
350 5698 459 5738 nos
507 5681 626 5747 jam
672 5675 992 5747 protulimus
1039 5678 1093 5731 in
1132 5678 1322 5746 Spicil.
1369 5675 1527 5729 Rom.
1568 5689 1605 5731 t.
1638 5677 1705 5730 Χ.

154 5744 426 5823 Ceteroqui
467 5744 583 5804 hoc
622 5744 1502 5823 praecipuequarturi_t_'capi_tnlinu,
1541 5747 1707 5823 fuisse

157 5836 174 5866 υ
206 5817 510 5876 breviatum
559 5817 650 5874 seu
691 5819 911 5874 librario
960 5819 1013 5872 in
1049 5818 1236 5874 codice
1288 5818 1378 5871 illo
1409 5817 1709 5871 socorditcr

1823 4583 1944 4622 nem
1978 4569 2194 4624 variant
2223 4581 2278 4626 et
2309 4573 2562 4628 subtilius
2585 4575 2939 4645 describunt,
2967 4580 3060 4633 sed
3093 4580 3257 4634 etiam
3295 4581 3403 4635 mi-

1825 4660 2009 4714 racula
2051 4673 2107 4716 et
2138 4663 2407 4733 prodigia,
2448 4681 2571 4735 quin
2623 4667 2877 4723 Christus
2929 4670 3078 4737 fecit,
3133 4671 3293 4728 latius
3347 4686 3404 4728 ct

1823 4752 2022 4808 clarius
2054 4753 2210 4809 nobis
2243 4757 2579 4826 exprimunt.
2605 4765 2734 4824 una:
2785 4763 2951 4832 igitur
2977 4765 3318 4834 explanatius
3347 4779 3401 4820 ct

1823 4843 2115 4900 dilucidius
2149 4846 2263 4901 bare
2301 4849 2458 4903 nobis
2493 4854 2825 4920 ostendunt,
2857 4856 3207 4914 honoratiora
3241 4870 3295 4915 et
3321 4858 3400 4914 si-

1825 4934 2204 5006 gniﬁcantiora
2231 4947 2378 5001 sunt.
2409 4957 2572 5010 quam
2595 4958 2716 5012 quae
2751 4947 3036 5002 obscurius
3068 4949 3183 5005 haec
3229 4951 3402 5006 decla-

1825 5035 1968 5081 rant.
2006 5026 2275 5083 Prteterea
2315 5031 2402 5100 VI)
2443 5049 2577 5088 crux
2611 5039 2878 5105 passionis
2929 5042 3238 5112 symbolum
3288 5056 3392 5101 est.

1820 5128 1872 5172 et
1902 5117 2119 5173 modum
2156 5133 2284 5187 quo,
2304 5124 2394 5192 qui
2420 5137 2613 5192 passus
2640 5137 2744 5196 est,
2779 5132 3085 5198 passionem
3116 5133 3395 5197 sustinuit,

1822 5210 2108 5280 mnigmate
2147 5211 2435 5282 signiﬁcat.
2478 5215 2615 5282 Quid
2645 5222 2786 5275 enim
2840 5223 2984 5279 aliud
3030 5225 3143 5278 vult
3191 5221 3398 5292 signiti-

1827 5317 1952 5357 care
2005 5299 2134 5356 illud
2167 5319 2182 5358 :
2234 5303 2379 5361 Tolle
2431 5325 2636 5365 crucem
2676 5324 2820 5369 luant
2853 5326 2902 5370 ει
2944 5333 3156 5388 sequere
3194 5331 3274 5369 me
3305 5314 3350 5346 ⁸⁷
3388 5350 3404 5376 ν

1820 5610 2090 5694 vitiatum,
2127 5625 2274 5694 patet
2311 5621 2518 5694 exipsa
2548 5621 2640 5674 Fr.
2679 5622 2927 5679 Turriani
2981 5625 3170 5681 Latina
3218 5630 3390 5686 inter-

1818 5689 2140 5755 pretationc,
2178 5689 2266 5753 qui
2301 5691 2490 5742 eodem
2525 5707 2625 5744 ms.
2662 5709 2792 5748 usus
2835 5695 3028 5750 fuerat.
3056 5698 3192 5752 Sunt
3245 5703 3388 5755 enim

1819 5749 2108 5873 {nl-Latino
2133 5749 2427 5826 exlunplari
2478 5761 2663 5815 eadem
2695 5778 2813 5831 qua:
2843 5766 2894 5818 in
2918 5749 3010 5822 illo
3041 5749 3226 5824 (Ericen
3269 5788 3389 5824 ntu-

1841 5836 1866 5870 a
1900 5836 2069 5873 tones.

1841 5836 2069 5875 attones.
