4072 6324
546 359 575 390 ³
606 386 723 452 .irit

1648 366 1707 424 S.
1752 357 2169 422 NICEI’IIORI
2200 350 2715 415 PATRIARCILE
2746 350 2858 410 (ΞΡ.

3782 343 3887 408 432

617 502 780 553 quam
813 483 963 536 illum
998 479 1086 548 qui
1113 475 1365 531 conﬁxus
1396 481 1469 524 t-st
1506 471 1577 523 tii;
1604 485 1697 522 ore
1734 467 1979 529 Domini,
2021 474 2073 516 ct
2108 479 2195 514 va-
2229 514 2230 517 η

2331 458 2566 526 ’ταυρόν
2605 472 2722 510 σου
2744 495 2758 519 ,
2807 456 2905 508 καί
2947 454 3263 508 ἀκολούθει
3292 468 3413 521 μοι,
3445 452 3478 522 ἢ
3509 450 3598 505 τὸν
3633 452 3889 524 καθηλω-

620 576 881 631 uitalibus
909 571 1091 625 inundi
1136 568 1383 622 nuntium
1415 562 1647 627 remisit,
1683 568 1932 629 paratum
1979 569 2099 609 esse
2130 554 2196 607 ad

618 667 802 720 omnia
865 671 1087 732 pr0pter
1138 671 1378 711 amorem
1432 654 1549 722 ejus
1588 646 1945 705 sustinenda?
1980 644 2070 699 Sic
2107 643 2197 713 qui

624 761 674 811 in
708 770 874 812 carne
914 767 1012 807 sua
1068 753 1318 821 stigmata
1354 745 1559 801 Christi
1619 742 1865 803 ferebat,
1903 739 2038 792 etin
2072 752 2200 806 pas-

624 840 773 903 sione
798 845 1136 915 gloriabatur
1176 840 1424 915 inquiens
1460 856 1471 891 :
1517 835 1649 889 Mihi
1689 843 1867 887 autem
1902 832 2035 885 absit
2083 828 2200 899 glo-

627 940 754 992 riari
780 938 882 990 nisi
909 938 961 989 in
986 950 1137 987 cruce
1167 930 1376 985 Domini
1402 930 1566 982 nostri
1588 926 1715 980 Jesu
1748 923 1943 978 Christi
1976 922 2046 987 ⁸⁸,
2074 936 2201 973 cru-

660 1029 930 1083 ilixioncm
964 1027 1142 1090 nobis,
1183 1025 1233 1077 id
1258 1020 1676 1091 estpassiouetn
1714 1015 1945 1078 Christi,
1970 1014 2056 1067 his
2084 1027 2204 1064 vcr-

623 1124 705 1175 liis
741 1119 1086 1188 depingcbat.
1118 1117 1302 1186 Imago
1326 1125 1504 1168 autem
1534 1120 1621 1166 est
1655 1110 1826 1181 ipsius
1846 1150 1861 1174 ,
1883 1110 1973 1178 qui
2016 1120 2205 1176 passus

614 1223 727 1272 est.
761 1225 1017 1280 expressa
1068 1206 1406 1270 similitudo;
1450 1219 1571 1272 qum.
1628 1200 1847 1269 proprie
1893 1199 2064 1266 magis
2127 1196 2205 1250 di—

624 1303 893 1373 gninsque
945 1301 1120 1367 ipsum
1155 1296 1314 1352 nobis
1343 1302 1719 1361 repraesentat,
1742 1306 1903 1359 quam
1926 1304 1985 1342 ea
2016 1288 2204 1354 ﬁgura,

630 1394 794 1465 1‘08
824 1408 941 1461 quat!
980 1391 1248 1443 exteriora
1283 1397 1333 1440 et
1367 1400 1485 1454 quae
1517 1384 1796 1436 Christum
1851 1382 2208 1441 circumstant

629 1488 898 1556 designat.
944 1482 1126 1552 Imago
1157 1481 1323 1549 igitur
1355 1493 1474 1546 qua:
1528 1476 1706 1546 ipsum
1733 1472 2014 1529 Christum
2054 1468 2209 1522 nobis

631 1579 899 1647 designat,
932 1574 1144 1643 dignior
1169 1582 1250 1626 est
1278 1568 1557 1632 honorari,
1587 1581 1747 1636 quam
1783 1579 1918 1620 crux
1940 1575 2058 1631 qua!
2088 1575 2211 1630 pits-

631 1672 803 1726 sionis
844 1668 1057 1722 modum
1110 1662 1265 1718 nobis
1291 1660 1647 1715 demonstrat.

2240 1831 2278 1885 ίῗ
2313 1841 2559 1905 κνύντος.

707 1942 911 1998 Christi
983 1952 1177 1992 nomen
1232 1933 1341 2002 VII)
1393 1940 1648 1998 tanquam
1711 1927 2095 1995 homonymum
2145 1922 2212 1973 dc

633 2035 834 2091 Christi
863 2031 1098 2101 imagine
1121 2026 1449 2097 praedicatur
1479 2041 1492 2077 :
1520 2021 1773 2077 Christus
1806 2019 1951 2072 enim
1987 2025 2215 2070 vocatur

622 2128 760 2198 ipsa
788 2128 986 2194 imago,
1011 2123 1150 2176 sicut
1182 2134 1274 2172 rex
1311 2109 1541 2169 vocatur
1563 2115 1677 2182 ip-a
1715 2113 1891 2179 imago
1921 2109 2063 2176 regis
2097 2124 2111 2161 :
2152 2107 2214 2158 de

640 2234 798 2273 truce
823 2227 1003 2270 autem
1037 2209 1318 2283 pra'dirari
1347 2224 1450 2260 non
1487 2214 1681 2275 ιιυιιιμι,
1720 2218 1877 2255 nemo
1912 2202 2052 2253 enim
2094 2212 2218 2249 ror-

638 2318 796 2367 datus
849 2322 1070 2362 crucem
1132 2304 1265 2357 ullo’
1298 2301 1458 2356 modo
1517 2297 1807 2368 appellabit
1877 2294 2151 2347 Christum
2201 2308 2212 2341 :

639 2417 809 2472 quare
843 2400 985 2470 quod
1014 2395 1303 2467 participat
1341 2392 1515 2461 ipsum
1556 2403 1774 2449 nomen,
1820 2387 1961 2441 sicut
1992 2383 2217 2454 partiri--

555 2546 565 2559 ,
641 2505 734 2565 pat
784 2494 1009 2561 ﬁguram
1048 2486 1337 2555 corporis,
1384 2483 1554 2550 magis
1606 2480 1929 2533 honoratum
1973 2487 2089 2540 cst,
2132 2474 2220 2527 illo

644 2587 784 2654 quod
828 2584 956 2637 nihil
992 2582 1181 2634 horum
1212 2576 1505 2646 participat
1538 2591 1549 2625 :
1585 2576 1760 2641 imago
1792 2571 1956 2639 igitur
1986 2569 2221 2623 honora-

649 2683 751 2731 tior
778 2686 1084 2743 cst,quam
1144 2670 1310 2740 ﬁgura
1366 2667 1565 2721 crucis.
1614 2663 1759 2733 VIII)
1789 2664 1960 2718 Causa
2006 2670 2223 2715 antece-

648 2774 727 2825 dit
749 2770 1024 2828 οΙῐυςιυιιι,
1052 2764 1429 2833 ντωεὶιηιειιυο
1453 2746 1618 2813 causa
1652 2759 1927 2811 eﬁiciens:
1958 2755 2103 2825 quod
2130 2770 2222 2807 au-

650 2877 756 2917 trtn
795 2860 1092 2919 antecedit,
1130 2857 1299 2924 magis
1333 2855 1655 2927 honoratum
1687 2858 1790 2915 est,
1824 2864 1984 2927 quani
2038 2849 2086 2901 id
2138 2844 2227 2899 cui

651 2956 945 3011 antecedit.
974 2950 1110 3016 Quia
1144 2949 1310 3020 igitur
1341 2946 1503 3000 causa
1535 2944 1722 3012 ﬁgura:
1749 2942 1926 2995 crucis
1945 2949 2026 2994 est
2050 2937 2229 3008 passio

652 3047 899 3117 corporis
929 3039 1156 3104 Christi,
1210 3049 1266 3093 et
1323 3051 1522 3104 corpus
1569 3042 1653 3088 est
1707 3028 2024 3101 principalis
2064 3042 2228 3082 causa

658 3143 840 3207 ﬁgura:
873 3135 1083 3195 crucis,
1129 3130 1372 3199 sequitur
1411 3137 1471 3181 ut
1520 3126 1698 3195 imago
1729 3120 1972 3191 corporis
1999 3118 2230 3181 Christi,

659 3244 914 3300 tanquam
949 3241 1113 3280 causa
1165 3222 1405 3278 clﬁriens
1454 3219 1636 3289 ﬁgura:
1674 3216 1878 3280 crucis,
1919 3212 2232 3268 honoratior
2258 3208 2301 3265 C

654 3328 941 3382 habeatur.
1005 3318 1094 3390 IX)
1139 3316 1272 3371 Item
1330 3313 1472 3382 quod
1529 3306 1759 3377 alicujus
1810 3322 1974 3362 causa
2028 3306 2230 3360 factum

654 3427 761 3481 cst,
798 3412 1025 3468 inferius
1071 3418 1152 3463 est
1188 3422 1253 3461 co
1279 3445 1292 3470 ,
1321 3412 1541 3474 propter
1585 3400 1727 3469 quod
1782 3396 1985 3451 factum
2024 3406 2126 3451 est.
2171 3394 2233 3449 Si

656 3509 824 3580 igitur
849 3518 979 3559 crux
1017 3509 1240 3573 propter
1288 3509 1487 3566 corpus
1539 3489 1754 3551 Domini
1806 3488 1951 3541 facta
1988 3496 2092 3551 est,
2129 3500 2230 3540 ne—

660 3579 816 3656 cesse
844 3607 926 3653 est
954 3604 1011 3648 ut
1038 3592 1205 3657 etiam
1242 3590 1293 3641 in
1323 3581 1513 3642 horum
1545 3582 1729 3653 ﬁguris
1750 3579 2036 3635 inferiores
2055 3588 2235 3647 partes

650 3694 799 3746 [erat
824 3689 995 3757 ﬁgura
1033 3685 1234 3738 crucis.
1268 3676 1416 3732 'Nam
1442 3688 1672 3747 quonmi
1701 3671 2080 3728 antecedentia
2130 3672 2235 3722 mi-

648 3780 790 3837 'nora
826 3790 952 3835 sunt
979 3817 994 3843 ,
1030 3776 1144 3845 ipsa
1188 3762 1403 3842 quoque
1439 3768 1648 3822 minora
1701 3773 1847 3819 sunt.
1885 3761 2235 3817 Demonstrao
2270 3808 2277 3813 .

672 3887 784 3930 tum
817 3873 983 3941 igitur
1029 3878 1116 3921 est
1158 3863 1405 3936 pluribus
1450 3858 1785 3921 rationibus,
1827 3855 1989 3924 quod,
2024 3851 2238 3907 etiamsi

662 3979 799 4022 crux
838 3961 1054 4017 riviﬁca
1080 3961 1131 4013 in
1162 3959 1368 4011 honore
1392 3952 1594 4021 alioqui
1629 3950 1914 4011 habeatur,
1952 3947 2128 4013 imago
2161 3953 2241 3996 ta-

662 4072 785 4112 men
820 4052 1048 4112 Christi,
1087 4062 1144 4104 ut
1175 4045 1549 4117 superioribus
1577 4037 1911 4108 argumentis
1932 4033 2239 4089 conlectum

662 4164 769 4219 est,
822 4147 1143 4205 honoratior
1193 4154 1275 4198 est
1310 4162 1321 4196 :
1355 4153 1523 4210 quare
1560 4135 1655 4206 qui
1696 4146 1914 4187 crucem
1976 4129 2241 4182 honorare

665 4244 982 4317 proﬁtetur,
1048 4235 1261 4291 Domini
1295 4245 1512 4304 qucque
1566 4226 1857 4296 imaginem
1904 4220 2239 4277 honorabit:

665 4338 748 4392 sin
775 4344 905 4390 Vero
940 4335 1081 4387 hanc
1114 4344 1219 4383 non
1273 4328 1524 4385 honorat,
1554 4318 1720 4372 multo
1752 4316 1929 4370 minus
1971 4314 2118 4368 illum
2154 4313 2244 4367 bo-

667 4427 903 4482 norabit.

730 4614 1056 4671 Postremo,
1099 4605 1167 4675 Χ)
1225 4582 1468 4657 νίιιειιιυε
1503 4597 1687 4653 multis
1742 4598 1793 4650 in
1846 4595 1976 4650 locis
2026 4592 2257 4670 crucili—p

668 4707 889 4760 itionem
919 4699 1123 4755 Christi
1147 4699 1200 4750 in
1236 4694 1471 4764 imagine
1501 4692 1726 4762 pictam,
1752 4698 1806 4745 et
1830 4696 1888 4742 ut
1918 4685 2246 4741 convenien-

672 4797 744 4850 tia
772 4795 847 4849 rei
880 4791 1076 4862 poscit,
1111 4805 1231 4859 quae
1271 4786 1362 4841 illo
1396 4784 1607 4844 scilicet
1635 4781 1793 4836 modo
1828 4790 1949 4834 acta
1983 4777 2085 4833 fuit
2120 4794 2133 4829 :
2164 4778 2246 4830 vi-

673 4892 864 4944 demus
899 4885 1171 4941 Christum
1214 4881 1482 4952 pendere,
1539 4888 1840 4945 manusque
1886 4880 2141 4927 extensae
2183 4883 2248 4923 ac

673 4980 841 5037 clavis
868 4979 1130 5043 con‘lixas,
1168 4975 1364 5045 quibus
1395 4968 1651 5026 salutaris
1688 4965 1868 5037 passio
1899 4962 2100 5019 Christi
2125 4975 2246 5014 om-

675 5073 834 5128 uilius
885 5069 1160 5123 miraculis
1212 5061 1621 5125 admirabilior,
1672 5068 1726 5111 et
1774 5044 2008 5120 caneris,
2051 5053 2249 5123 quibus

675 5165 809 5218 salvi
860 5162 988 5216 l'acti
1027 5174 1214 5215 sumus
1244 5198 1260 5222 ,
1324 5152 1674 5225 principalior
1720 5148 1877 5202 nobis
1918 5144 2246 5214 depingitur.

677 5259 815 5324 Quid
851 5257 1014 5326 igitur
1055 5252 1262 5307 inimici
1301 5236 1482 5303 crucis
1514 5243 1712 5300 Christi
1753 5243 1840 5296 hic
1874 5238 2116 5294 facient?
2147 5236 2251 5291 Ne-

591 5372 601 5385 ~
675 5365 827 5404 cesse
850 5359 936 5402 est
962 5347 1194 5400 alterum
1220 5358 1285 5395 ex
1332 5338 1545 5394 duobus
1585 5334 1765 5388 facere
1798 5350 1812 5386 :
1842 5340 1934 5385 aut
1962 5330 2253 5382 adorantes

674 5455 927 5504 crucem,
973 5436 1263 5504 imaginem
1319 5445 1535 5499 quoque
1590 5427 1854 5489 adorare,
1909 5422 2008 5476 nisi
2067 5420 2257 5473 malint

676 5529 928 5585 frustrari
998 5525 1394 5596 professionem
1460 5534 1613 5573 suam
1673 5534 1686 5570 :
1746 5524 1843 5567 aut
1901 5511 2256 5567 demolientes

677 5621 992 5690 Imaginem,
1036 5616 1197 5671 simul
1229 5627 1446 5670 crucem
1477 5609 1740 5665 demoliri.
1780 5606 1879 5673 Qui
1928 5612 2105 5657 autem
2167 5621 2253 5658 sc.-

750 5775 799 5812 ’⁵⁸
828 5771 1009 5829 Galat.
1068 5768 1265 5848 “,14.

2303 550 2465 621 μένον
2509 549 2585 620 τῷ
2623 548 2772 618 φόϐῳ
2807 546 3017 617 Κυρίου
3046 585 3060 609 ,
3099 546 3195 598 καὶ
3236 548 3351 608 τοῖς
3394 542 3489 597 τοῦ
3530 543 3739 614 κόσμου
3780 562 3893 615 μα-

2300 643 2475 705 ταίοις
2528 639 2965 710 ἁποταξάμενον,
3029 636 3276 710 εὐτρεπῆ
3330 634 3474 691 εἶναι
3541 638 3648 691 πᾶν
3707 636 3893 693 ὁτιοῦν

2302 734 2445 805 ὑπὲρ
2500 734 2599 804 τῆς
2632 735 2711 795 είς
2765 732 2928 785 αὑτὸν
2980 731 3275 801 ὑπομένειν
3326 729 3582 799 ἀγάπηςς
3629 726 3777 782 οὕτω
3824 729 3892 800 δὴ

2302 828 2398 878 καὶ
2423 827 2451 878 6
2480 826 2546 882 τὰ
2585 824 2861 894 στίγματα
2898 823 2990 877 τοῦ
3019 822 3262 894 Χριστοῦ
3297 825 3353 874 ὲν
3391 824 3456 894 τῇ
3492 821 3659 891 σαρκὶ
3682 821 3891 894 φέρων,

2305 921 2399 975 καὶ
2433 919 2574 989 μέγα
2597 917 2691 970 ἐπὶ
2725 916 2802 987 τῷ
2838 917 3001 972 πάθει
3032 916 3200 971 αὐτοῦ
3234 915 3472 987 φρονῶν,
3525 913 3895 985 ἐφιλοτιμεῖτο

2305 1011 2501 1080 λέγων·
2565 1010 2722 1091 Ἐμοὶ
2751 1008 2819 1064 δὲ
2847 1009 2933 1079 μὴ
2963 1010 3199 1076 γένοιτο
3242 1005 3603 1075 καυχᾶσθαι,
3635 1009 3687 1060 ει
3706 1005 3794 1077 μὴ
3823 1006 3897 1060 ἐν

2306 1102 2386 1169 τῷ
2412 1101 2654 1172 σταυρῷ
2681 1103 2786 1157 τοῦ
2809 1103 3033 1172 Κυρίου
3060 1101 3232 1172 ἡμῶν
3259 1099 3465 1169 Ἰησοῦ
3489 1100 3771 1168 Χριστοῦ*
3794 1100 3895 1171 τὴν

2309 1198 2620 1267 σταύρωσιν
2680 1198 2811 1267 ἡμῖν
2844 1196 2933 1248 διὰ
2982 1195 3188 1259 τούτων
3241 1192 3598 1265 ὑπογράφων,
3654 1192 3773 1264 ἦτοι
3832 1192 3896 1245 τὸ

2310 1288 2549 1359 Χριστοῦ
2584 1288 2777 1350 πάθως’
2825 1288 2857 1357 ἡ
2905 1286 2961 1339 δὲ
3010 1283 3176 1338 εἰκὼν
3223 1283 3391 1337 αὐτοῦ
3440 1283 3535 1336 τοῦ
3589 1283 3897 1354 πάσχοντος

2310 1381 2707 1453 ἑκσφράγισμα
2734 1380 2830 1433 καὶ
2864 1378 3120 1449 ὁμοίωμά
3149 1378 3323 1442 ἐστιν,
3350 1377 3681 1447 οἰκειότερον
3708 1376 3765 1428 δὲ
3798 1375 3896 1428 καὶ

2312 1468 2766 1542 ἀξιολογώτερον,
2780 1470 2839 1522 τὸ
2857 1469 3022 1523 αὐτόν
3041 1486 3161 1522 τινα
3176 1466 3554 1539 διαγράφονμῆ
3575 1466 3636 1519 τὸ
3651 1466 3719 1519 τά
3736 1465 3897 1529 ὲκτὺς

2316 1564 2409 1617 καὶ
2447 1563 2577 1632 περὶ
2620 1560 2784 1615 αύτδν
2817 1556 3137 1629 ϐποεραῖνον·
3172 1556 3576 1628 ἀξιολογωτέρα
3604 1554 3714 1626 ἄρα
3749 1556 3784 1625 ὴ
3812 1556 3897 1606 ιι-

2316 1656 2448 1719 κὼν,
2484 1656 2560 1718 ὼς
2591 1654 2683 1708 τὸν
2715 1653 2951 1726 Χριστὸν
2974 1652 3141 1705 αὑτὸν
3185 1652 3317 1721 ήμῖν
3362 1647 3770 1719 ἓμφανίζουσα,
3798 1644 3897 1699 τοῦ

2319 1748 2558 1819 σταυροῦ
2612 1748 2703 1801 τὸν
2757 1747 2958 1817 τρόπον
3028 1743 3123 1797 τοῦ
3180 1742 3387 1805 πάθους
3445 1742 3577 1812 ημῖν
3633 1737 3901 1809 παραδει-

2389 1935 2462 1988 Τὸ
2510 1934 2749 2007 Χριστὸς
2805 1932 2983 2003 ὄνομα
3020 1932 3096 2002 Z')
3144 1928 3454 2000 ὁμωνύμως
3486 1928 3582 1981 καὶ
3630 1923 3773 1980 κατά
3798 1925 3901 1997 τῆς

2316 2028 2525 2093 εἰκόνος
2567 2028 2734 2081 αὐτοῦ
2776 2025 2870 2080 τοῦ
2920 2022 3161 2095 Χριστοῦ
3192 2023 3605 2092 κατηγορεῖται·
3656 2016 3902 2088 Χριστὸς

2315 2123 2421 2188 γιρ
2456 2121 2550 2189 καὶ
2581 2118 2971 2189 αύτὴλέγεται
2999 2132 3011 2145 ·
3045 2114 3233 2185 ὥσπερ
3280 2114 3377 2168 καὶ
3403 2111 3655 2183 βασιλεὺς
3680 2153 3694 2177 ,
3735 2111 3769 2179 ἡ
3800 2107 3898 2161 τοῦ

2322 2212 2594 2281 βασιλέως
2637 2210 2823 2263 εἰκὼν·
2870 2208 3012 2263 κατά
3048 2206 3140 2260 τοῦ
3196 2204 3432 2276 σταυροῦ
3483 2203 3541 2257 δὲ
3571 2201 3903 2272 κατηγορεῖ-

2322 2305 2445 2359 ςθαι
2482 2303 2647 2357 τοῦτο
2672 2302 2935 2359 ἀδύνατον
2958 2318 2971 2331 '
3008 2299 3187 2362 οὐδεὶς
3222 2298 3331 2369 γὰρ
3370 2296 3437 2351 ἂν
3481 2295 3615 2365 φαίη
3646 2293 3755 2347 τῶν
3790 2309 3901 2349 σω-

2322 2396 2686 2466 φρονούντων,
2732 2396 2971 2465 Χριστὸν
3004 2392 3098 2445 τὸν
3147 2388 3382 2462 σταυρὸν
3415 2386 3599 2441 οὐδενὶ
3630 2384 3835 2456 τρόπῳ·
3865 2382 3901 2437 δ

2321 2489 2499 2541 τοίνυν
2547 2490 2603 2542 ὲν
2637 2487 2853 2559 μεθέξει
2883 2486 2977 2539 καὶ
3007 2484 3172 2538 αὑτοῦ
3218 2482 3312 2536 τοῦ
3359 2481 3625 2551 ὀνόματος
3672 2477 3896 2547 γέγονε,

2323 2581 2575 2650 καθάπερ
2626 2579 2727 2651 ἤδη
2776 2578 2869 2631 καὶ
2914 2578 2992 2647 τῷ
3024 2576 3118 2629 τοῦ
3152 2574 3405 2643 σώματος
3450 2572 3606 2641 τύπῳ
3637 2565 3901 2623 κεκοινώο

2325 2690 2479 2742 νηκε,
2509 2672 2601 2725 τοῦ
2628 2671 2852 2742 μηδενὸς
2875 2669 3080 2722 τούτων
3106 2666 3469 2737 μετασχόντος
3491 2659 3836 2734 τιμιώτερονο
3862 2659 3900 2728 η

2327 2762 2487 2816 εἰκὼν
2526 2762 2635 2833 ἄρα
2664 2760 2757 2814 τοῦ
2808 2758 2995 2818 τύπου,
3036 2758 3129 2813 τοῦ
3172 2755 3412 2827 σταυροῦ
3446 2751 3771 2824 τιμιωτέρα.
3813 2747 3905 2817 Ην)

2327 2855 2400 2907 T6
2452 2855 2624 2907 αἴτιον
2655 2852 2749 2906 τοῦ
2788 2850 3034 2905 αἰτιατοῦ
3075 2849 3399 2920 προηγεῖται
3423 2861 3436 2877 ·
3470 2846 3568 2900 καὶ
3609 2843 3815 2916 μᾶλλον
3842 2842 3909 2897 τὸ

2330 2944 2612 3012 ποιητικὸν
2639 2942 2830 2995 αἴτιονο
2861 2942 2922 2994 τὸ
2960 2941 3018 2993 δὲ
3049 2937 3464 3011 προηγούμενον
3504 2951 3675 3001 τινος,
3710 2929 3910 3003 τιμιώ-

2329 3053 2487 3108 τερον
2518 3028 2579 3088 οῦ
2610 3036 2954 3104 προηγεῖται·
2984 3032 3108 3084 ἐπεὶ
3144 3026 3236 3083 οῦν
3268 3026 3558 3083 αἴτιοντοῦ
3596 3024 3769 3080 τύπου
3808 3019 3909 3078 τοῦ

2335 3127 2589 3200 σταυροῦ¹
2620 3128 2681 3181 τὸ
2706 3125 2878 3189 πάθος
2906 3124 3001 3178 τοῦ
3052 3122 3304 3194 σώματος
3333 3119 3428 3174 τοῦ
3480 3116 3721 3189 Χριστοῦ
3742 3158 3757 3184 ,
3802 3111 3898 3167 καί

2336 3216 2815 3290 προκαταρκτικὸν
2844 3212 3097 3283 τδισῶμα
3135 3210 3230 3265 τοῦ
3277 3208 3486 3274 τύπου,
3530 3207 3624 3262 καὶ⁵
3667 3209 3700 3278 ἡ
3746 3204 3913 3265 είκὼν

2335 3315 2444 3384 ἄρα
2473 3311 2567 3365 τοῦ
2599 3310 2848 3380 σώματος
2881 3304 2976 3361 τοῦ
3006 3301 3268 3374 Χριστοῦ,
3305 3301 3379 3364 ὡς
3407 3298 3691 3369 ποιητικὸν
3715 3297 3912 3362 αἴτιον,

2334 3404 2429 3459 τοῦ
2461 3402 2634 3457 τύπου
2669 3399 2763 3454 τοῦ
2795 3396 3033 3468 σταυροῦ
3083 3394 3402 3463 τιμιωτέρα.
3434 3390 3514 3460 9')
3547 3391 3669 3445 Ἔτι
3698 3389 3726 3442 ὃ
3770 3404 3915 3453 τινος

2334 3497 2520 3549 ἕνεκεν
2549 3494 2798 3562 γέγονεν,
2830 3488 3052 3543 ἔλαττόν
3083 3487 3231 3538 ἐστιν
3262 3483 3474 3537 ἐκείνου
3509 3480 3607 3562 τοῦ
3644 3481 3711 3534 δι’
3740 3479 3768 3531 6
3818 3478 3913 3547 γέ-

2336 3604 2513 3657 γονεν·
2547 3550 2596 3638 ἐι
2627 3550 2809 3636 τοίνυν
2857 3582 2885 3633 6
2918 3577 3150 3648 σταυρὸς
3179 3574 3273 3630 τοῦ
3326 3550 3608 3653 Κυριαῖοῦ
3659 3571 3913 3641 σώματος

2336 3649 2545 3741 ένεκεν,
2578 3672 2799 3741 ἀνάγκη
2825 3669 2919 3723 καὶ
2949 3670 3006 3722 ὲν
3038 3668 3153 3729 τοῖς
3180 3663 3388 3718 τούτων
3418 3649 3632 3728 τύποις,
3664 3661 3724 3714 τὸ
3756 3659 3915 3713 ἔλατ-

2338 3784 2427 3820 τον
2450 3766 2541 3819 τδν
2572 3763 2745 3818 τύπον
2773 3758 2869 3813 τοῦ
2897 3756 3133 3829 σταυροῦ
3168 3753 3564 3825 ἀποφέρεσθαι·
3597 3745 3671 3806 ὧν
3706 3751 3816 3822 γὰρ
3844 3750 3917 3803 τὰ

2341 3856 2729 3928 προηγούμενα
2770 3852 3063 3915 ἐλάττονα,
3110 3847 3204 3900 καὶ
3257 3842 3396 3898 αύτά
3424 3843 3703 3907 ἐλάττοναο
3750 3841 3920 3895 δέδει-

2341 3968 2467 4005 κται
2499 3946 2592 4003 οὖν
2631 3945 2720 4000 διὰ
2750 3944 3031 4004 πλειόνων,
3061 3941 3135 4003 ὡς
3161 3939 3263 4010 καὶ,
3282 3938 3447 3993 αὐτοῦ
3486 3936 3579 3990 τοῦ
3610 3936 3783 3989 τύπου
3818 3933 3917 3987 τοῦ

2343 4040 2606 4110 ζωοποιοῦ
2641 4036 2872 4109 σταυροῦ
2904 4034 3086 4105 τιμίου
3134 4031 3288 4094 ὄντος
3314 4014 3451 4102 Δπαρ’
3481 4030 3633 4100 ἡμῖν,
3685 4029 3719 4098 ἠ
3750 4025 3919 4080 εἰκὼν

2342 4135 2459 4195 τοῦ,
2486 4129 2757 4207 Χριστοῦ,
2809 4127 2949 4182 κατά
2986 4126 3084 4196 τὴν
3129 4122 3240 4176 τῶν
3288 4119 3694 4191 ἀποδεδομένων
3741 4118 3922 4186 λόγων

2344 4226 2669 4284 ἀκολουθίαν
2715 4240 2773 4275 τε
2819 4224 2912 4275 καὶ
2961 4218 3237 4284 ἐξέτασιν,
3295 4214 3601 4287 τιμιωτέρα
3656 4212 3919 4282 ὑπάρχει·

2343 4319 2373 4372 6
2406 4318 2586 4371 τοίνυν
2614 4315 2705 4368 τὸν
2735 4313 2966 4383 σταυρὸν
2981 4312 3144 4383 τιμᾷν
3160 4306 3627 4377 ἐπαγγελλόμενος
3647 4343 3661 4368 ,
3695 4302 3928 4372 τιμήσει

2346 4409 2454 4479 ἄρα
2489 4406 2583 4461 καὶ
2620 4404 2715 4458 τοῦ
2748 4403 2954 4475 Κυρίου
3003 4401 3103 4470 τὴν
3142 4399 3357 4451 εικόναο
3407 4397 3458 4449 εί
3499 4395 3558 4448 δὲ
3600 4392 3809 4463 ταύτην
3860 4392 3931 4445 οὐ

2346 4503 2503 4572 τιμᾷ,
2541 4498 2663 4552 οὐδὲ
2688 4498 2896 4551 ἐκεῖνον
2924 4493 3122 4567 πολλοῦ
3154 4508 3216 4560 γε
3257 4490 3351 4543 καὶ
3378 4489 3477 4544 δεῖ.

2425 4590 2557 4647 Εἶτα
2587 4590 2652 4661 I')
2684 4587 2901 4659 ὁρῶμεν
2938 4588 2995 4638 ὲν
3023 4584 3232 4637 πλείοσι
3255 4581 3440 4643 τόποις
3478 4578 3572 4650 τὴν
3598 4575 3692 4631 τοῦ
3715 4574 3930 4645 Κυρίου

2355 4681 2667 4752 σταύρωσιν
2721 4679 2779 4730 ὲν
2828 4676 2998 4729 εἰκόνι
3042 4670 3550 4742 διαγεγραμμένην,
3602 4669 3694 4720 καὶ
3738 4664 3811 4728 ὡς
3864 4664 3937 4717 τὸ

2353 4770 2502 4833 εἰκὸς
2542 4768 2675 4840 ἔχει,
2701 4765 2964 4833 ἀνάλογον
2990 4763 3066 4834 τῷ
3096 4762 3190 4816 τοῦ
3215 4763 3543 4831 πράγματος
3577 4757 3700 4812 καθ’
3733 4755 3793 4810 ὃν
3831 4755 3931 4807 πέ-

2357 4878 2599 4934 πρακται
2625 4859 2834 4928 τρόπῳ,
2868 4855 3141 4925 ἐκκρεμὲς
3166 4861 3225 4906 τέ
3262 4853 3321 4906 τδ
3346 4851 3527 4923 σῶμα,
3568 4849 3660 4903 καὶ
3688 4847 3784 4913 τὰς
3815 4848 3932 4918 χεῖο

2354 4973 2458 5026 ρας
2481 4952 2900 5023 διαπλουμένας,
2927 4950 3025 5002 καὶ
3052 4949 3164 5010 τοῖς
3192 4947 3341 5016 ἥλοις
3371 4941 3941 5014 διαπεπερονημέναςο

2356 5049 2446 5116 ὑφ’
2479 5043 2554 5100 ὧν
2580 5046 2641 5099 τὺ
2675 5044 2897 5099 πάντων
2949 5038 3272 5110 θαυμασίων
3313 5035 3787 5107 θαυμασιώτερον,
3839 5033 3948 5084 καὶ

2356 5134 2465 5192 τῶν
2505 5139 2572 5192 δι’
2611 5131 2687 5192 ὧν
2727 5134 3055 5204 σεσὼσμεθα
3086 5131 3147 5185 τὸ
3180 5128 3567 5202 καιριώτατον,
3600 5123 3772 5187 πάθος
3804 5124 3948 5193 ἡμῖν

2358 5231 2449 5285 τοῦ
2482 5226 2722 5301 Χριστοῦ
2758 5227 2817 5279 τὸ
2852 5225 3119 5296 σωτήριον
3154 5222 3552 5299 ύπσγράφεταν
3594 5218 3646 5269 τί
3678 5199 3770 5269 οὖν
3801 5212 3949 5283 προς

2358 5323 2517 5376 τοῦτο
2542 5323 2589 5375 οἱ
2623 5318 2812 5391 ἐχθροὶ
2843 5316 2937 5370 τοῦ
2978 5312 3212 5384 σταυροῦ
3253 5312 3346 5365 τοῦ
3376 5307 3612 5382 Χριστοῦ
3645 5306 3906 5379 δράσειαν
3928 5346 3952 5373 ,

2358 5414 2573 5483 ἀνάγκη
2602 5412 2749 5465 δυοῖν
2781 5409 2844 5462 τὺ
2869 5409 3077 5479 ἕτερον·
3114 5407 3148 5477 ἢ
3181 5401 3625 5477 προσκυνοῦντας
3656 5399 3747 5453 τδν
3780 5412 3957 5451 σταυ-

2364 5508 2477 5577 ρὸν,
2532 5505 2628 5559 καὶ
2663 5503 2763 5573 τὴν
2823 5501 3009 5555 εἰκόνα
3066 5498 3599 5569 συμπροσκυνῆσαι,
3651 5491 3812 5563 εἴπερ
3867 5490 3958 5563 μὴ

2368 5601 2550 5671 μέλλοι
2589 5598 2659 5651 τὰ
2702 5600 2800 5666 τῆς
2848 5592 3181 5665 ἐπαγγελίας
3240 5588 3421 5644 αὐτῶν
3468 5584 3875 5642 διαπεσεῖσθαιο
3915 5584 3955 5656 ἢ
