4072 6324
176 392 255 456 LV
826 392 1446 454 ANTIRRHETICUS
1489 391 1582 450 ΙΙΙ
1622 389 1789 448 ADV.
1831 387 2425 450 CONSTANTINUM
2463 389 2677 449 COPR.

3283 385 3391 450 438

176 505 246 558 ἐπὶ
269 501 360 573 τὴν
400 501 546 574 ἱερὰν
573 502 682 554 τῶν
721 503 1071 571 Εὐαγγελίων
1103 503 1451 576 συγγραφὴν,
1484 504 1559 566 ὡς
1590 502 1709 556 δαι-

1825 516 1913 556 ceu
1954 516 2073 572 qua:
2104 503 2408 557 daemonum
2457 503 2842 559 nonnullorum
2900 502 3236 572 aliorumque
3280 502 3378 556 im-

177 596 321 667 μόνων
346 595 408 666 δή
457 612 613 648 τινων
645 596 740 650 καὶ
770 595 946 650 ἄλλων
981 596 1234 665 πονηρῶν
1266 596 1487 667 μνήμην
1523 592 1710 663 εἰσφέ-

176 704 340 756 ρονσαν
368 686 769 753 αἰτιασόμενοι·
807 685 920 739 ἀλλ’
954 685 1015 739 ού
1063 686 1131 738 δι’
1171 687 1358 738 ἐκεῖνα
1388 683 1581 743 ταῦτα,
1626 680 1715 734 διά

176 781 215 831 δὲ
236 779 314 831 τὸν
338 778 901 850 θαυμτουργὴσαντα
929 778 1023 839 καὶ
1049 777 1405 830 άπελάσαντα
1429 774 1710 844 δαίμονας.

176 870 248 924 καὶ
302 869 489 931 νόσους
555 869 871 940 καθάραντα
926 868 1212 940 προδήλως
1298 866 1709 936 συνινήνεκται.

175 960 278 1014 Οὐδὲ
313 959 388 1029 τῷ
419 959 738 1030 Εὑαγγελίῳ
771 958 1432 1031 συμπροσκυνηθὴσεταιο
1473 955 1569 1009 καὶ
1608 955 1715 1024 γὰρ

176 1051 326 1122 ἧπαρν
349 1050 508 1122 ἡμῶν
541 1050 942 1122 προσκύνησις,
976 1052 1024 1105 εί
1064 1051 1157 1104 καὶ
1186 1047 1464 1119 αἰσθητῶς
1503 1046 1713 1116 γίνεται

178 1142 282 1212 πρὸς
306 1141 540 1212 αἰσθητά
572 1159 635 1211 γε
665 1142 796 1195 ὄντα
820 1142 1070 1211 τά.ὃ.για,
1101 1140 1219 1196 ἀλλ’
1249 1140 1342 1195 οὖν
1371 1156 1434 1209 γε
1463 1134 1713 1191 ἐντεῦθεν

176 1236 263 1296 ταῖς
296 1235 505 1304 νοεραῖς
545 1235 879 1305 ἐνεργείαις,
932 1234 1026 1287 ἐπὶ
1054 1234 1146 1287 τὸν
1193 1232 1401 1285 τούτων
1443 1230 1616 1284 αἴτιον
1654 1226 1714 1278 τὸ

178 1325 303 1387 σέϐας
321 1325 655 1397 ἁνάπτομεν,
678 1326 773 1380 καὶ
797 1325 1144 1395 συμϐολικῶς
1171 1324 1343 1378 ταῦτα
1362 1322 1710 1377 ἐπιτελεῖται·

178 1419 363 1488 ἐπείπερ
389 1418 423 1488 ῆ
467 1434 534 1486 γε
598 1416 973 1490 προσκύνησις
1003 1416 1160 1489 ἡμῶν
1196 1417 1291 1470 καὶ
1322 1417 1356 1486 ἡ
1389 1415 1615 1481 λατρεία
1657 1418 1714 1469 ὲν

178 1508 404 1578 πνεύματι
430 1511 530 1564 καὶ
556 1509 810 1581 ἀληθείᾳ,
832 1508 976 1563 κατά
998 1509 1088 1562 τὸν
1118 1507 1213 1563 τοῧ
1245 1508 1499 1579 Σωτῆρος
1529 1506 1712 1575 λόγον,

178 1601 338 1671 κυρίως
367 1602 459 1655 καὶ
494 1603 715 1675 ἀληθῶς
749 1605 895 1656 ἐστιν
919 1618 931 1630 ·
967 1602 1127 1671 ἡμεῖς
1163 1600 1273 1671 γὰρ
1302 1599 1329 1653 δ
1361 1596 1714 1669 προσκυνοῦ-

179 1708 273 1757 μεν,
302 1690 542 1763 οἴδαμεν·
577 1692 731 1745 αὐτοὶ
773 1692 830 1745 δὲ
866 1692 894 1745 ὃ
922 1689 1336 1763 προσκυνοῦμεν
1362 1731 1377 1756 ,
1411 1689 1511 1741 οὐκ
1542 1688 1710 1750 ίσασι,

177 1781 231 1852 τῷ
262 1783 327 1853 μὴ
354 1784 565 1838 εἰδέναι
591 1783 791 1847 αὐτοὺς
818 1787 916 1854 τῆς
953 1783 1105 1845 θείας
1133 1778 1448 1852 οἰκονομίας
1475 1778 1534 1832 τδ
1568 1778 1712 1851 μέγα

180 1878 449 1947 μυστήριον.

229 1964 312 2038 λη’.
343 1968 460 2021 Ἔτι
491 1968 660 2037 φασὶν
682 2007 698 2034 ,
748 1968 831 2021 ὅτι
878 1985 896 2018 ι
934 1966 1050 2038 Πρὸ
1087 1964 1184 2038 μὲν
1214 1963 1308 2018 τοῦ
1344 1964 1548 2026 πάθους
1580 1964 1715 2034 Χρι-

179 2058 273 2111 στοῦ
294 2060 383 2116 καὶ
416 2060 523 2129 τῆς
559 2058 934 2122 ἀναστάσεως,
967 2057 1203 2130 Χριστὸν
1237 2056 1630 2127 περιγράφειςο
1664 2054 1715 2107 τί

176 2146 207 2197 δ’
227 2145 279 2199 ἄν
303 2148 470 2210 εἴποις
513 2147 652 2217 μετὰ
680 2147 778 2217 τὴν
801 2145 1097 2200 ἀνάστασιν
1122 2161 1137 2211 ;
1169 2143 1360 2215 ἐπειδὴ
1386 2144 1485 2196 οὐκ
1516 2143 1574 2195 ἑν
1602 2143 1715 2205 τοῖς

177 2236 319 2298 αὐτοῖς
343 2237 407 2290 τὰ
440 2236 772 2307 πράγματα·
804 2235 1083 2306 ἄφθαρτον
1111 2236 1219 2307 γὰρ
1244 2234 1433 2288 λοιπὸν
1468 2234 1527 2287 τὺ
1557 2234 1715 2303 σῶμα

176 2326 387 2396 Χριστοῦ,
412 2328 515 2381 καὶ⁸
543 2326 641 2397 τὴν
672 2326 975 2381 ἀθανασίαν
1012 2327 1463 2398 κληρωσάμενον·
1495 2322 1597 2377 ποῦ
1622 2319 1716 2378 οὖν

179 2435 235 2471 σοι
260 2420 319 2474 τὰ
360 2422 457 2490 τῆς
516 2418 866 2490 περιγραφῆς
921 2420 1235 2489 χωρήσειε;
1269 2417 1364 2470 καὶ
1409 2415 1524 2478 πῶς
1549 2432 1716 2485 σπεριο

176 2511 471 2580 τραφήσεται
513 2511 575 2563 τὸ
609 2508 1013 2581 κεκλεισμένων
1050 2509 1158 2564 τῶν
1198 2508 1376 2579 θυρῶν
1409 2507 1545 2577 πρὸς
1593 2507 1718 2568 τοὺς

179 2601 382 2674 μαθητὰς
411 2602 617 2668 είσιὸν,
657 2602 754 2656 καὶ
788 2602 978 2674 μηδενὶ
1011 2599 1298 2672 κωλύματι
1328 2597 1716 2671 περιειργόμεο

176 2710 261 2759 m;
295 2713 312 2747 ι
343 2696 471 2760 Ταῖς
518 2694 847 2766 τολμηρίαις
877 2693 984 2765 γὰρ
1014 2693 1123 2746 τῶν
1147 2691 1400 2762 Δοκητῶν
1425 2688 1718 2760 ἀναισχύν-

177 2799 254 2845 τως
289 2785 549 2856 ἑπόμενλοι
585 2824 600 2849 ,
639 2784 774 2854 μηδὲ
805 2782 1123 2853 ἐφάψασθαι
1156 2782 1315 2853 χερσὶ
1346 2783 1435 2834 τὸν
1470 2780 1719 2851 μαθητὴν

179 2874 249 2943 τῆς
270 2876 406 2941 θείας
435 2877 690 2948 πλευρᾶς
724 2873 1069 2943 κενολογοῦσι
1089 2892 1106 2905 ο
1138 2871 1500 2928 κελευσθέντα
1532 2871 1589 2924 δὲ
1622 2870 1719 2940 μό-

184 2985 246 3021 νον
267 2970 403 3040 παρὰ
430 2968 526 3023 τοῦ
577 2968 833 3039 Σωτῆρος
852 2966 938 3038 μὴ
972 2965 1039 3036 μέ
1053 2983 1156 3020 ιτοι
1181 2964 1358 3019 καὶτὸ
1381 2962 1719 3036 προσταχθὲν

183 3061 237 3120 εἰς
258 3060 402 3131 ἔργον
428 3060 803 3134 ἐξενέγκαντα
821 3075 836 3088 ’
862 3058 958 3113 καὶ
986 3058 1075 3112 διά
1101 3057 1272 3111 ταῦτα
1308 3058 1446 3129 μήτε
1487 3054 1719 3127 ὀφθῆναι

1819 591 2112 661 proborum
2172 591 2339 647 l‘aciat
2391 594 2747 649 mentionem.
2796 594 2962 664 Atqui
3014 610 3119 648 non
3169 604 3391 664 propter

1818 682 2116 746 tlrcmones,
2156 682 2251 736 sed
2308 692 2529 753 propter
2565 683 2824 739 miracula
2880 693 3188 754 patrautem
3231 681 3391 738 Chri-

1817 780 1959 823 stum
1998 771 2379 841 daemonesque
2428 773 2809 840 expcllentem,
2861 784 2917 829 ct
2946 775 3168 829 morbos
3188 789 3394 829 sanan-

1819 870 1949 927 tcm,
1976 861 2096 917 sine
2136 862 2301 917 dubio
2346 862 2618 933 scriptura
2650 864 2738 917 illa
2782 874 3002 920 exarata
3051 863 3177 919 fuit.
3205 863 3393 933 Neque

1819 964 2013 1021 reapse
2049 950 2405 1021 Evangelitun
2437 968 2545 1008 una
2566 953 2924 1011 adorabitur:
2959 957 3163 1011 etenim
3199 965 3388 1012 nostra

1798 1042 2088 1108 ‘atluratio,
2138 1043 2355 1100 etiamsi
2394 1045 2730 1102 sensibiliter
2776 1063 2904 1119 erga
2966 1048 3246 1107 sensibilis
3308 1048 3387 1114 ill,

1817 1150 2059 1197 attamen
2121 1141 2250 1197 hinc
2301 1142 2659 1199 intellectuali
2728 1142 2780 1198 vi
2824 1142 2893 1198 ad
2952 1143 3143 1197 harum
3206 1155 3389 1196 rerum

1817 1242 2096 1287 auctorem
2123 1232 2327 1288 cultum
2355 1234 2670 1300 deferimus,
2705 1249 2803 1289 nec
2821 1233 2923 1289 nisi
2950 1232 3249 1304 symbolice
3268 1231 3383 1286 hinc

1820 1322 1975 1378 ﬁunt.
2017 1323 2228 1395 Quippe
2263 1334 2451 1381 nostra
2500 1325 2751 1382 adoratio
2780 1335 2833 1379 et
2889 1325 3050 1380 latria
3095 1324 3152 1379 in
3191 1324 3388 1395 spiritu

1818 1426 1883 1464 ac.
1915 1413 2174 1480 veritate,
2206 1414 2506 1471 secundum
2541 1411 2857 1469 Servatoris
2894 1413 3081 1481 verba,
3113 1412 3389 1483 principa-

1819 1503 1943 1558 liter
1970 1519 2204 1574 vereque
2231 1505 2309 1560 lit.
2331 1506 2444 1562 Nos
2466 1506 2611 1561 enim
2641 1506 2768 1578 (ιυίιι
2796 1507 3087 1561 adoremus
3119 1545 3135 1570 ,
3157 1506 3379 1560 scimus.

1819 1595 1910 1650 Isti
1946 1610 2075 1652 vero
2108 1597 2252 1667 quod
2282 1612 2380 1652 nos
2403 1597 2720 1663 adoramus,
2773 1598 3048 1660 nesciunt,
3090 1595 3219 1666 quia
3272 1608 3394 1649 ηιξ-ι

1817 1703 1980 1759 gnum
2012 1687 2207 1744 divinat
2236 1689 2555 1744 (economlte
2593 1688 2909 1760 mysterium
2940 1688 3212 1759 ignorant.
3238 1736 3243 1739 _

1887 1959 1976 2015 58.
2010 1959 2236 2031 Insuper
2262 1960 2420 2016 aiunt
2462 1978 2478 2016 :
2510 1949 2536 2013 ἰ
2579 1963 2720 2017 Ante
2753 1960 2958 2016 Christi
2994 1960 3215 2029 quidem
3269 1971 3391 2027 pas-

1817 2052 2027 2109 sionem
2058 2062 2109 2108 el
2139 2055 2601 2110 resurrectionem
2633 2051 2910 2108 Christum
2939 2050 3407 2125 circumscribiy:

1817 2141 1948 2212 quid
1999 2156 2130 2197 vero
2164 2141 2314 2198 dices
2359 2151 2484 2212 post
2513 2140 3011 2197 resurrectionem?
3054 2141 3256 2197 etenim
3288 2155 3381 2193 res

1818 2247 1927 2287 non
1961 2235 2153 2288 eodem
2184 2242 2312 2289 sunt
2342 2241 2526 2301 statu;
2556 2232 2753 2303 quippe
2780 2230 3195 2301 incorruptibile
3223 2230 3391 2285 deiu-

1817 2340 1945 2395 ceps
1967 2323 2169 2381 Christi
2190 2339 2391 2395 corpus
2420 2334 2584 2381 estet
2608 2323 3072 2379 immortalitatem
3096 2323 3375 2391 adeptum.

1818 2416 2064 2483 Quonam
2126 2418 2310 2486 itaque
2368 2427 2455 2472 lua
2525 2417 2963 2487 circumscriptio
3027 2417 3254 2470 eradi-ti
3306 2420 3395 2472 vel

1818 2510 2091 2580 quomodo
2121 2510 2632 2574 circumscribatur,
2666 2509 2809 2579 quod
2859 2508 3058 2563 clausis
3085 2507 3269 2577 ianuis
3323 2511 3390 2561 att

1819 2602 2117 2671 discipulos
2158 2602 2369 2657 introiit
2415 2600 2562 2656 nullo
2610 2600 2895 2657 obstaculo
2957 2599 3326 2669 impeditum?
3369 2619 3415 2652 ιι.

1821 2693 2065 2757 Scilicet,
2096 2693 2150 2748 hi
2200 2693 2485 2748 audaciam
2542 2692 3041 2762 plmntasiastarum
3077 2700 3395 2760 sequentes.

1822 2798 1890 2837 ne
1942 2791 2145 2837 tactum
2203 2782 2419 2852 quidem
2472 2781 2726 2837 manibus
2773 2796 2800 2835 a
2850 2780 3118 2850 discipulo
3148 2779 3391 2834 divinum

1824 2875 1965 2929 latus
1997 2874 2304 2940 blaterant;
2337 2873 2430 2927 sed
2456 2872 2668 2942 jussum
2697 2872 2747 2927 id
2785 2875 3163 2927 tantummodo
3204 2888 3232 2926 a
3263 2872 3392 2926 Scr-

1826 2975 2036 3031 vatore,
2074 2980 2179 3019 non
2209 2974 2388 3020 tamen
2420 2965 2473 3019 in
2513 2979 2734 3036 operam
2769 2980 2883 3018 rcm
2922 2964 3230 3018 mandatam
3263 2980 3395 3019 cnu-

1827 3058 2037 3112 tulisse.
2111 3055 2515 3127 Proptereaque
2577 3069 2754 3126 neque
2804 3055 2977 3109 visum
3032 3054 3086 3110 in
3142 3070 3392 3126 corpore,

186 3152 374 3222 σώματι,
406 3156 546 3227 μήτε
572 3149 712 3207 εἶναι
744 3154 902 3224 σῶμα
930 3152 990 3204 τὺ
1019 3151 1279 3221 παράπαν
1308 3150 1370 3204 τὸ
1398 3149 1578 3220 σῶμα.
1616 3146 1720 3199 Οὖ-

1826 3160 2002 3216 ncque
2049 3147 2178 3201 illud
2215 3161 2415 3217 corpus
2454 3148 2721 3213 ullatenus
2768 3145 2939 3201 fuisse
2990 3161 3208 3216 corpus.
3247 3145 3401 3201 Adeo

184 3257 261 3305 τως
286 3244 454 3309 αὐτοῖς
482 3245 556 3298 τά
591 3244 698 3298 τῶν
725 3242 1069 3312 Εύαγγελίων
1096 3241 1329 3296 ἀπισταί
1370 3240 1533 3294 Ἀλλά
1560 3237 1721 3293 τοῦτο

186 3331 357 3400 πρῶτον
382 3329 682 3399 ἀκούσεται
710 3335 739 3387 δ
770 3334 896 3402 περὶ
924 3330 1099 3386 ταῦτα
1130 3329 1430 3403 διαπορῶν,
1449 3330 1533 3383 ὅτι
1563 3327 1719 3383 Ἐισ-

186 3424 355 3491 adfor,
387 3427 595 3497 φήσας,
653 3425 716 3479 τὸ
750 3424 1124 3497 ἀπορούμενον
1150 3424 1377 3487 ἔλυσας*
1423 3423 1561 3486 ὅλως
1610 3422 1721 3493 γάρ

187 3512 514 3585 τδείσελθείν,
560 3517 658 3571 καὶ
702 3516 1038 3587 ὲξε).θείν,ἣ
1083 3516 1433 3588 μεταϐαίνειν
1466 3511 1723 3568 ἐντεῦθεν

187 3604 346 3672 ἐκεῖσε,
382 3610 537 3663 οὐδὲν
578 3609 766 3680 ἕτερον
797 3608 829 3679 ἢ
870 3609 1219 3680 περιγραφῆς
1264 3609 1412 3660 ἐστιν
1445 3605 1724 3680 ἴδιονέπτὸ

188 3693 266 3764 γὰρ
294 3698 431 3759 ἐντὸς
459 3697 649 3770 θυρῶν
673 3678 916 3768 γεγονὸς,
944 3678 1129 3752 οὐκέτι
1158 3698 1214 3750 δὲ
1242 3697 1337 3750 καὶ
1363 3696 1521 3759 ἐκτὸς
1546 3678 1726 3767 ὑπάρ-

188 3802 273 3853 χον,
304 3790 677 3863 περιγραπτδν
712 3792 930 3855 πάντως
976 3790 1152 3844 ἐστίν·
1179 3788 1324 3842 οὕτω
1366 3790 1461 3842 καί⁸
1496 3788 1591 3840 ἐπὶ
1620 3787 1724 3857 τῆς

188 3875 418 3953 Σωτηρίος)
454 3883 811 3953 ἀναστάσεως
858 3883 1067 3937 κατίδοι
1098 3900 1183 3947 τις
1217 3882 1314 3946 ἂν,
1345 3880 1439 3935 τοῦ
1470 3879 1618 3933 λίθου
1647 3878 1725 3950 τῷ

189 3967 309 4042 τάφῳ
337 3974 690 4046 ἐπικειμένου
710 4016 723 4036 ,
757 3976 840 4044 ἐφ’
874 3967 921 4044 ᾧ
954 3972 1022 4027 τὰ
1066 3974 1361 4045 σήμαντρα
1396 3969 1726 4043 προσετετύ-

192 4075 332 4116 πωτο·
356 4066 596 4127 ἀναστὰν
619 4068 728 4136 γὰρ
750 4067 811 4120 τὺ
839 4066 1017 4136 σῶμα,
1040 4068 1142 4119 οὐκ
1162 4063 1229 4138 ἦν
1253 4066 1345 4119 καὶ
1370 4066 1427 4116 ἐν
1448 4063 1525 4134 τῷ
1546 4062 1724 4133 τάφιεγ

191 4151 233 4216 ἐξ
253 4150 306 4208 οὗ
327 4157 385 4211 τὸ
423 4159 804 4230 περιγραπτδν
833 4152 1014 4229 εῖναικ,
1047 4157 1362 4211 ἀκολουθεῖν
1390 4155 1723 4223 ἐπάναγκες·

192 4242 236 4293 τὸ
256 4244 303 4298 δὲ
321 4249 379 4301 ὲκ
404 4249 619 4321 νεκρῶν
644 4249 967 4319 ἀναστῆναι,
993 4248 1090 4301 καὶ
1117 4247 1299 4301 πυλῶν
1323 4246 1726 4317 κεκλεισμένων

194 4332 291 4387 εἴσω
316 4340 587 4405 γενέσθαι,
618 4342 710 4393 καὶ
739 4338 794 4392 εί
816 4356 870 4393 τι
908 4339 1121 4402 τούτοις
1162 4338 1400 4392 ἐτελεῖτο
1433 4336 1727 4407 παραπλή-

195 4437 298 4492 σιον,
322 4433 376 4486 οὐ
409 4433 665 4502 σώματος
691 4433 910 4504 πρόεισι
943 4434 1113 4504 νόμῳ,
1144 4430 1266 4484 οὐδὲ
1298 4430 1397 4500 τῆς
1428 4430 1553 4485 καθ’
1577 4430 1729 4499 ἡμᾶς

1825 3237 1913 3293 isti
1944 3236 2257 3308 Evangeliis
2299 3236 2654 3294 discretlttnt!
2695 3235 2858 3305 Atqui
2886 3237 2988 3292 hoc
3036 3236 3270 3306 primum
3300 3253 3395 3290 au-

1822 3330 1960 3398 diet,
2016 3331 2107 3399 qui
2142 3330 2207 3384 de
2247 3330 2334 3386 his
2392 3332 2654 3402 ambigit;
2714 3344 2909 3400 nempe
2963 3344 3086 3386 cum
3157 3330 3395 3394 dixeris,

1824 3422 2051 3485 introiit,
2084 3422 2306 3477 dubium
2352 3420 2580 3477 solvisti.
2631 3421 2866 3477 Prorsus
2892 3421 3037 3476 enim
3086 3421 3313 3476 introire
3342 3433 3395 3476 ct

1824 3517 1997 3581 exire,
2026 3516 2108 3571 vel
2150 3516 2277 3572 hinc
2317 3516 2445 3572 illuc
2490 3516 2747 3582 transire,
2796 3518 3009 3572 nonnisi
3045 3516 3399 3579 circumscri-

1826 3607 2032 3679 ptionis
2064 3609 2342 3677 proprium
2390 3617 2497 3662 est.
2540 3606 2672 3662 Nam
2707 3609 2851 3679 quod
2876 3609 3015 3662 intra
3061 3608 3259 3678 jauuas
3290 3620 3395 3674 est,

1828 3713 2003 3769 neque
2031 3698 2141 3767 jam
2174 3707 2326 3753 extra
2358 3698 2633 3765 consistit,
2666 3700 3139 3767 circumscriptum
3172 3701 3397 3756 omnino

1828 3798 1933 3845 cst.
1969 3789 2060 3843 Sic
2090 3791 2254 3843 etiam
2293 3790 2346 3843 in
2401 3789 2712 3846 Servatoris
2756 3791 3163 3846 resurrectione
3212 3792 3400 3846 videre

1830 3890 1938 3947 est,
1980 3896 2103 3935 cum
2137 3880 2277 3949 lapis
2306 3879 2560 3950 sepulcro
2581 3879 2776 3936 fuisset
2805 3881 3108 3949 impositus,
3134 3890 3188 3935 et
3215 3881 3390 3949 sigilla

1832 3972 2100 4043 apposita.
2144 3970 2275 4026 Nam
2310 3973 2692 4026 resuscitatum
2724 3987 2942 4042 corpus,
2985 3970 3099 4036 jam
3130 3990 3235 4026 nou
3281 3984 3401 4027 crat

1828 4062 2035 4132 pariter
2067 4063 2118 4117 in
2148 4062 2434 4133 sepulcro;
2460 4063 2602 4118 unde
2632 4062 2683 4118 id
2702 4062 2870 4118 fuisse
2896 4063 3398 4134 circumscriptum,

1831 4157 2145 4210 necessario
2174 4153 2534 4210 concluditur.
2566 4153 2740 4209 Porro
2767 4170 2794 4207 a
2826 4155 3057 4210 mortuis
3090 4169 3399 4223 resurgere,

1831 4254 1884 4301 et
1912 4225 2340 4315 clausis‘ianttis
2396 4248 2648 4310 introire,
2679 4253 2736 4301 et
2785 4245 3048 4316 quidquid
3089 4245 3401 4315 huiusmodi

1832 4350 2112 4408 peractum
2141 4338 2265 4402 fuit,
2294 4337 2437 4393 ltautl
2488 4337 2602 4409 lege
2630 4339 2875 4410 corporis
2902 4339 3192 4410 processit,
3227 4353 3402 4408 neque

1834 4439 2037 4484 nostra:
2066 4428 2678 4500 materialislahilisque
2724 4441 2954 4483 naturas.
3004 4430 3139 4497 Quia
3182 4440 3238 4485 et
3277 4440 3425 4486 ante

195 4516 341 4574 ὲνύλου
361 4526 453 4578 καὶ
478 4524 718 4596 ῥευστῆς
734 4526 974 4594 φύσεωςν
996 4525 1115 4580 ἐπεὶ
1138 4525 1231 4577 καὶ
1253 4522 1361 4593 πρὸ
1380 4521 1474 4575 τοῦ
1496 4522 1720 4586 πάθους,

1833 4511 2165 4589 passionem,
2219 4521 2273 4574 in
2328 4519 2585 4576 ﬂuctibus
2636 4520 2919 4575 ambulare
2953 4531 3280 4591 conspectus
3319 4530 3404 4575 est

196 4610 304 4664 κατὰ
330 4617 588 4686 κυμάτων
616 4617 645 4669 ὀ
674 4616 866 4688 Σωτὴρ
894 4616 1140 4681 πεζεύων
1168 4613 1443 4677 τεθέαται,
1471 4614 1582 4685 ἀφῇ
1618 4630 1728 4684 χει-

200 4698 264 4764 ρὺς
285 4708 502 4785 νεκροὺς
525 4707 796 4778 ἀνίστησι,
823 4709 920 4762 καὶ
940 4707 1108 4762 τᾶλλα
1126 4706 1270 4777 άπερ
1286 4704 1728 4776 ὲθαυματούργει

197 4788 259 4843 διὰ
280 4796 365 4849 τοῦ
407 4798 679 4870 σώματος·
711 4802 805 4854 καὶ
834 4800 896 4854 οὐ
928 4800 992 4869 δή
1036 4815 1139 4851 που
1184 4796 1359 4852 ταῦτά
1396 4813 1578 4867 φαμεν
1623 4795 1730 4849 ἴδια

199 4877 427 4954 σώματος,
471 4888 595 4942 οὐδὲ
634 4889 952 4960 ἀσώματον
987 4890 1086 4960 τῆς
1117 4890 1227 4960 γὰρ
1260 4889 1589 4962 δραστηρίου
1632 4888 1727 4941 καὶ

199 4968 372 5045 ἀμάχου
400 4978 684 5051 δυνάμεως
717 4977 807 5053 ἦν,
920 4979 1098 5036 πάντα
1125 4979 1285 5035 εἴκει·
1321 4981 1416 5034 καὶ
1447 4978 1728 5049 θαύματος

200 5056 327 5135 λόγῳ,
350 5062 446 5123 οὐκ
476 5071 697 5142 ἰδιότητι
728 5072 1031 5143 ἐπράττετο
1067 5071 1319 5142 σώματος
1345 5086 1360 5100 ·
1396 5070 1512 5124 ἀλλ’
1540 5070 1727 5141 ἐπειδὴ

201 5151 255 5221 τῷ
276 5159 451 5215 κάλλει
480 5162 581 5233 τῆς
609 5156 917 5235 ἀφθαρσίας
943 5163 1432 5234 λελαμπρυσμένον
1467 5163 1605 5233 μετά
1630 5163 1730 5233 τὴν

203 5243 453 5307 ἀνάστασιν
491 5246 719 5327 γέγονε,
745 5255 841 5308 καὶ
870 5255 1171 5326 ἀκήρατον,
1216 5255 1311 5308 καὶ
1334 5254 1512 5325 πάντη
1553 5255 1727 5309 καθα-

206 5337 324 5402 Ρεῦον
370 5344 574 5417 φθορᾶς
617 5346 710 5400 καὶ
740 5345 1082 5417 παχύτητος,
1130 5348 1198 5416 τῇ
1249 5348 1572 5416 συνημμένη
1615 5345 1732 5415 ἅμα

205 5424 539 5503 ὑτῖοστατικῷς
565 5439 658 5493 καὶ
697 5439 1006 5509 ἀδιαστάτῳ
1045 5437 1230 5507 φύσει,
1262 5437 1323 5502 ἐξ
1350 5434 1418 5510 ἧς
1456 5439 1561 5490 τῶν
1593 5439 1735 5510 ὑπὲρ

209 5519 334 5583 φύσιν
362 5529 607 5601 μετέσχε,
635 5532 703 5586 τὰ
731 5530 870 5602 ὑπὲρ
892 5530 1053 5600 σῶμα
1074 5531 1318 5601 ἐνήργει,
1348 5530 1440 5583 καὶ
1466 5524 1559 5584 οἷα
1588 5531 1736 5595 εἰκὸς

209 5610 281 5680 οὑχ
307 5616 478 5684 ἀπλὼ
508 5621 759 5695 σώματος
790 5662 804 5687 ,
838 5622 977 5677 ἀλλά
1010 5622 1156 5677 θείου
1191 5623 1283 5677 καὶ
1311 5622 1593 5694 ἀφθάρτου
1630 5624 1735 5676 σώ-

215 5712 363 5768 ματος.

1832 4609 2109 4677 Servator,
2137 4627 2327 4668 manus
2359 4622 2505 4669 tactu
2558 4621 2805 4668 mortuos
2834 4615 3123 4680 suscitare,
3166 4623 3222 4669 et
3247 4628 3401 4684 qum-

1830 4717 2042 4772 cunque
2073 4702 2179 4756 alia
2231 4717 2328 4772 per
2359 4718 2558 4773 corpus
2609 4717 2769 4758 suum
2821 4705 3091 4760 mirabilia
3144 4705 3401 4775 patravit.

1830 4792 2017 4862 Neque
2055 4793 2177 4851 ideo
2233 4793 2347 4848 haec
2383 4794 2614 4848 dicimus
2642 4796 2897 4867 corporis
2938 4796 3182 4865 propria,
3233 4811 3413 4867 neque

1831 4883 2006 4952 ipsum
2060 4882 2181 4938 sine
2237 4898 2486 4952 corpore.
2532 4885 2697 4941 Erant
2751 4888 2949 4959 quippe
3004 4888 3121 4945 lucc
3172 4886 3408 4943 cmcacis

1835 4976 2162 5044 invictaque
2190 4975 2412 5032 virtutis
2427 4977 2625 5045 olllcia,
2659 4980 2742 5034 cui
2778 4980 2960 5034 omnia
2988 4981 3224 5048 cedunt;
3254 4997 3406 5048 aeque

1834 5068 2081 5126 miraculi
2109 5070 2378 5126 rationem
2406 5071 2702 5140 habebant,
2729 5089 2836 5128 non
2865 5081 3046 5129 autem
3071 5075 3407 5145 proprietate

1834 5159 1995 5215 insita
2053 5162 2267 5228 corpori
2315 5163 2540 5219 ﬁebant.
2577 5163 2683 5221 Sed
2743 5166 2833 5221 ubi
2882 5164 3409 5235 incorruptibilitatis

1836 5250 2175 5309 formositate
2204 5268 2400 5323 corpus
2430 5254 2560 5309 illud
2599 5264 2723 5326 post
2767 5256 3220 5312 resurrectionem
3253 5267 3410 5307 exor-

1838 5354 2019 5398 natum
2072 5344 2271 5411 evasit,
2310 5357 2364 5401 et
2410 5346 2744 5416 inviolabile,
2790 5348 3048 5419 omnique
3100 5344 3409 5415 corruptela

1836 5447 1889 5489 et
1918 5437 2163 5492 crassitie
2195 5438 2452 5505 immune,
2499 5456 2621 5494 cum
2662 5440 2908 5510 copulata
2940 5438 3040 5494 sibi
3072 5435 3410 5508 ltypostatice

1841 5529 2186 5597 inseparabili
2236 5541 2456 5594 natura.
2491 5548 2558 5586 ex
2607 5547 2714 5601 qna
2749 5529 3194 5599 supernatnrales
3250 5527 3412 5583 dotes

1842 5621 2231 5690 participabat;
2285 5633 2411 5677 tunc
2463 5625 2745 5693 superiora
2801 5620 3048 5689 corporis
3109 5619 3408 5675 conditioni

1844 5713 2059 5778 agebat,
2092 5720 2277 5779 atque,
2311 5726 2365 5765 ut
2403 5728 2499 5780 par
2534 5723 2673 5775 erat,
2708 5712 2924 5781 propria
2951 5727 3060 5765 non
3087 5710 3409 5780 simpliciter

1843 5804 2113 5871 corporis,
2160 5806 2256 5858 scd
2309 5806 2473 5859 divini
2527 5816 2580 5859 et
2658 5805 3087 5872 incorruptibilis
3142 5805 3415 5875 corporis.
