  <div class='ocr_page' id='page_1' title='image "/cluster/home/n/w/nwhite01/storage/ocr_20150623/100/hvd.32044010574994/241.png"; bbox 0 0 4072 6324; ppageno 0'>
   <div class='ocr_carea' id='block_1_1' title="bbox 442 354 3728 456">
    <p class='ocr_par' dir='ltr' id='par_1_1' title="bbox 442 354 3728 456">
     <span class='ocr_line' id='line_1_1' title="bbox 442 354 3728 456; baseline -0.011 -1"><span class='ocrx_word' id='word_1_1' title='bbox 442 390 547 456; x_wconf 66' lang='lat'><strong>433</strong></span> <span class='ocrx_word' id='word_1_2' title='bbox 666 392 675 397; x_wconf 79' lang='grc'><strong>’</strong></span> <span class='ocrx_word' id='word_1_3' title='bbox 1209 405 1222 422; x_wconf 83' lang='grc'><em>⁴</em></span> <span class='ocrx_word' id='word_1_4' title='bbox 1477 386 1540 447; x_wconf 85' lang='lat' dir='ltr'><strong>S.</strong></span> <span class='ocrx_word' id='word_1_5' title='bbox 1581 381 2002 445; x_wconf 82' lang='lat' dir='ltr'><strong>NICEPHORI</strong></span> <span class='ocrx_word' id='word_1_6' title='bbox 2042 376 2548 440; x_wconf 62' lang='lat' dir='ltr'><strong>PATRIARCHZE</strong></span> <span class='ocrx_word' id='word_1_7' title='bbox 2586 376 2688 437; x_wconf 74' lang='grc' dir='ltr'><strong>ΟΡ.</strong></span> <span class='ocrx_word' id='word_1_8' title='bbox 3620 354 3728 419; x_wconf 69' lang='grc' dir='ltr'><strong>ιιι</strong></span> 
     </span>
    </p>
   </div>
   <div class='ocr_carea' id='block_1_2' title="bbox 448 468 2058 565">
    <p class='ocr_par' dir='ltr' id='par_1_2' title="bbox 448 488 2037 565">
     <span class='ocr_line' id='line_1_2' title="bbox 448 488 2037 565; baseline -0.009 -10"><span class='ocrx_word' id='word_1_9' title='bbox 448 511 591 558; x_wconf 74' lang='lat' dir='ltr'><strong>ututs</strong></span> <span class='ocrx_word' id='word_1_10' title='bbox 625 497 808 557; x_wconf 76' lang='lat' dir='ltr'><strong>eﬂ‘atis</strong></span> <span class='ocrx_word' id='word_1_11' title='bbox 834 497 1208 563; x_wconf 88' lang='lat' dir='ltr'><strong>continentur,</strong></span> <span class='ocrx_word' id='word_1_12' title='bbox 1239 493 1292 549; x_wconf 84' lang='lat' dir='ltr'><strong>in</strong></span> <span class='ocrx_word' id='word_1_13' title='bbox 1323 491 1522 565; x_wconf 84' lang='lat' dir='ltr'><strong>quibus</strong></span> <span class='ocrx_word' id='word_1_14' title='bbox 1546 489 1808 547; x_wconf 77' lang='lat' dir='ltr'><strong>scribitur</strong></span> <span class='ocrx_word' id='word_1_15' title='bbox 1850 505 1862 543; x_wconf 93' lang='lat'><strong>:</strong></span> <span class='ocrx_word' id='word_1_16' title='bbox 1897 488 2037 555; x_wconf 87' lang='lat' dir='ltr'><strong>quod</strong></span> 
     </span>
    </p>
   </div>
   <div class='ocr_carea' id='block_1_3' title="bbox 2159 468 3724 565">
    <p class='ocr_par' dir='ltr' id='par_1_3' title="bbox 2159 468 3724 552">
     <span class='ocr_line' id='line_1_3' title="bbox 2159 468 3724 552; baseline -0.012 -14"><span class='ocrx_word' id='word_1_17' title='bbox 2159 503 2244 552; x_wconf 70' lang='grc' dir='ltr'>τος</span> <span class='ocrx_word' id='word_1_18' title='bbox 2274 483 2484 551; x_wconf 67' lang='grc' dir='ltr'>διῆλθε</span> <span class='ocrx_word' id='word_1_19' title='bbox 2507 500 2521 514; x_wconf 77' lang='grc' dir='ltr'><strong>ο</strong></span> <span class='ocrx_word' id='word_1_20' title='bbox 2554 482 2727 537; x_wconf 82' lang='grc' dir='ltr'>ταῦτα</span> <span class='ocrx_word' id='word_1_21' title='bbox 2764 479 2859 534; x_wconf 70' lang='grc' dir='ltr'>καὶ</span> <span class='ocrx_word' id='word_1_22' title='bbox 2890 477 3138 550; x_wconf 82' lang='grc' dir='ltr'>ἀρχαίων</span> <span class='ocrx_word' id='word_1_23' title='bbox 3168 474 3333 530; x_wconf 82' lang='grc' dir='ltr'>τινῶν</span> <span class='ocrx_word' id='word_1_24' title='bbox 3366 468 3532 538; x_wconf 80' lang='grc' dir='ltr'>σοφαὶ</span> <span class='ocrx_word' id='word_1_25' title='bbox 3561 484 3724 540; x_wconf 81' lang='grc' dir='ltr'>περι-</span> 
     </span>
    </p>
   </div>
   <div class='ocr_carea' id='block_1_4' title="bbox 453 563 2058 653">
    <p class='ocr_par' dir='ltr' id='par_1_4' title="bbox 453 563 2029 653">
     <span class='ocr_line' id='line_1_4' title="bbox 453 563 2029 653; baseline -0.009 -6"><span class='ocrx_word' id='word_1_26' title='bbox 453 598 593 651; x_wconf 75' lang='lat' dir='ltr'><strong>Deus</strong></span> <span class='ocrx_word' id='word_1_27' title='bbox 646 602 877 649; x_wconf 87' lang='lat' dir='ltr'><strong>mortem</strong></span> <span class='ocrx_word' id='word_1_28' title='bbox 934 604 1040 645; x_wconf 87' lang='lat' dir='ltr'><strong>non</strong></span> <span class='ocrx_word' id='word_1_29' title='bbox 1094 586 1304 653; x_wconf 76' lang='lat' dir='ltr'><strong>fecerit,</strong></span> <span class='ocrx_word' id='word_1_30' title='bbox 1341 563 1455 639; x_wconf 73' lang='lat' dir='ltr'><strong>sed</strong></span> <span class='ocrx_word' id='word_1_31' title='bbox 1506 583 1575 638; x_wconf 87' lang='lat' dir='ltr'><strong>ad</strong></span> <span class='ocrx_word' id='word_1_32' title='bbox 1625 580 2029 637; x_wconf 70' lang='lat' dir='ltr'><strong>subsistendum</strong></span> 
     </span>
    </p>
   </div>
   <div class='ocr_carea' id='block_1_5' title="bbox 2159 563 3728 653">
    <p class='ocr_par' dir='ltr' id='par_1_5' title="bbox 2166 563 3728 648">
     <span class='ocr_line' id='line_1_5' title="bbox 2166 563 3728 648; baseline -0.011 -17"><span class='ocrx_word' id='word_1_33' title='bbox 2166 595 2319 648; x_wconf 84' lang='grc' dir='ltr'>χουσι</span> <span class='ocrx_word' id='word_1_34' title='bbox 2334 578 2544 648; x_wconf 70' lang='grc' dir='ltr'>ῥήσεις,</span> <span class='ocrx_word' id='word_1_35' title='bbox 2559 574 2683 629; x_wconf 77' lang='grc' dir='ltr'>καθ’</span> <span class='ocrx_word' id='word_1_36' title='bbox 2697 573 2764 638; x_wconf 79' lang='grc' dir='ltr'><strong>ἀς</strong></span> <span class='ocrx_word' id='word_1_37' title='bbox 2786 572 3115 643; x_wconf 81' lang='grc' dir='ltr'>γέγραπται,</span> <span class='ocrx_word' id='word_1_38' title='bbox 3134 571 3247 624; x_wconf 81' lang='grc' dir='ltr'>ὅτιι</span> <span class='ocrx_word' id='word_1_39' title='bbox 3266 568 3327 621; x_wconf 87' lang='grc' dir='ltr'>Ὀ</span> <span class='ocrx_word' id='word_1_40' title='bbox 3343 565 3475 628; x_wconf 72' lang='grc' dir='ltr'><strong>Θεὸς</strong></span> <span class='ocrx_word' id='word_1_41' title='bbox 3493 563 3728 617; x_wconf 84' lang='grc' dir='ltr'>θάνατον</span> 
     </span>
    </p>
   </div>
   <div class='ocr_carea' id='block_1_6' title="bbox 451 654 2058 747">
    <p class='ocr_par' dir='ltr' id='par_1_6' title="bbox 451 669 2033 747">
     <span class='ocr_line' id='line_1_6' title="bbox 451 669 2033 747; baseline -0.01 -8"><span class='ocrx_word' id='word_1_42' title='bbox 451 697 648 740; x_wconf 85' lang='lat' dir='ltr'><strong>cuncta</strong></span> <span class='ocrx_word' id='word_1_43' title='bbox 693 682 1001 747; x_wconf 72' lang='lat' dir='ltr'><strong>creaverit;</strong></span> <span class='ocrx_word' id='word_1_44' title='bbox 1061 686 1139 743; x_wconf 90' lang='lat' dir='ltr'><strong>et,</strong></span> <span class='ocrx_word' id='word_1_45' title='bbox 1174 675 1319 747; x_wconf 88' lang='lat' dir='ltr'><strong>quod</strong></span> <span class='ocrx_word' id='word_1_46' title='bbox 1363 677 1635 731; x_wconf 83' lang='lat' dir='ltr'><strong>salutares</strong></span> <span class='ocrx_word' id='word_1_47' title='bbox 1684 671 1796 727; x_wconf 86' lang='lat' dir='ltr'><strong>sint</strong></span> <span class='ocrx_word' id='word_1_48' title='bbox 1849 669 2033 725; x_wconf 86' lang='lat' dir='ltr'><strong>mundi</strong></span> 
     </span>
    </p>
   </div>
   <div class='ocr_carea' id='block_1_7' title="bbox 2159 654 3723 747">
    <p class='ocr_par' dir='ltr' id='par_1_7' title="bbox 2159 654 3723 736">
     <span class='ocr_line' id='line_1_7' title="bbox 2159 654 3723 736; baseline -0.01 -14"><span class='ocrx_word' id='word_1_49' title='bbox 2159 669 2235 722; x_wconf 78' lang='grc' dir='ltr'><strong>ιύκ</strong></span> <span class='ocrx_word' id='word_1_50' title='bbox 2265 668 2549 736; x_wconf 77' lang='grc' dir='ltr'>ἐποίησεν,</span> <span class='ocrx_word' id='word_1_51' title='bbox 2601 665 2719 719; x_wconf 83' lang='grc' dir='ltr'>ἀλλ’</span> <span class='ocrx_word' id='word_1_52' title='bbox 2752 664 2971 719; x_wconf 76' lang='grc' dir='ltr'><strong>ἔκτισεν</strong></span> <span class='ocrx_word' id='word_1_53' title='bbox 3010 663 3092 726; x_wconf 83' lang='grc' dir='ltr'><strong>είς</strong></span> <span class='ocrx_word' id='word_1_54' title='bbox 3133 660 3194 714; x_wconf 79' lang='grc' dir='ltr'>τὸ</span> <span class='ocrx_word' id='word_1_55' title='bbox 3232 654 3373 714; x_wconf 75' lang='grc' dir='ltr'>εἶναι</span> <span class='ocrx_word' id='word_1_56' title='bbox 3404 656 3477 710; x_wconf 86' lang='grc' dir='ltr'>τὰ</span> <span class='ocrx_word' id='word_1_57' title='bbox 3503 654 3723 709; x_wconf 82' lang='grc' dir='ltr'>πάντα·</span> 
     </span>
    </p>
   </div>
   <div class='ocr_carea' id='block_1_8' title="bbox 453 745 2058 845">
    <p class='ocr_par' dir='ltr' id='par_1_8' title="bbox 453 761 2033 845">
     <span class='ocr_line' id='line_1_8' title="bbox 453 761 2033 845; baseline -0.01 -14"><span class='ocrx_word' id='word_1_58' title='bbox 453 777 717 845; x_wconf 79' lang='lat' dir='ltr'><strong>origines,</strong></span> <span class='ocrx_word' id='word_1_59' title='bbox 744 787 918 845; x_wconf 90' lang='lat' dir='ltr'><strong>neque</strong></span> <span class='ocrx_word' id='word_1_60' title='bbox 945 772 1026 828; x_wconf 90' lang='lat' dir='ltr'><strong>eis</strong></span> <span class='ocrx_word' id='word_1_61' title='bbox 1060 769 1253 825; x_wconf 89' lang='lat' dir='ltr'><strong>mortis</strong></span> <span class='ocrx_word' id='word_1_62' title='bbox 1277 767 1633 837; x_wconf 88' lang='lat' dir='ltr'><strong>pharmacum</strong></span> <span class='ocrx_word' id='word_1_63' title='bbox 1681 761 1812 818; x_wconf 86' lang='lat' dir='ltr'><strong>insit</strong></span> <span class='ocrx_word' id='word_1_64' title='bbox 1841 762 1887 794; x_wconf 80' lang='lat'>”</span> <span class='ocrx_word' id='word_1_65' title='bbox 1917 781 1931 816; x_wconf 91' lang='lat'><strong>:</strong></span> <span class='ocrx_word' id='word_1_66' title='bbox 1959 772 2033 826; x_wconf 86' lang='lat' dir='ltr'><strong>et,</strong></span> 
     </span>
    </p>
   </div>
   <div class='ocr_carea' id='block_1_9' title="bbox 2159 745 3730 845">
    <p class='ocr_par' dir='ltr' id='par_1_9' title="bbox 2159 745 3730 831">
     <span class='ocr_line' id='line_1_9' title="bbox 2159 745 3730 831; baseline -0.01 -17"><span class='ocrx_word' id='word_1_67' title='bbox 2159 760 2232 814; x_wconf 69' lang='grc' dir='ltr'>ιαὶ</span> <span class='ocrx_word' id='word_1_68' title='bbox 2285 760 2546 831; x_wconf 81' lang='grc' dir='ltr'><strong>σωτήριοι</strong></span> <span class='ocrx_word' id='word_1_69' title='bbox 2569 758 2624 811; x_wconf 80' lang='grc' dir='ltr'>αἱ</span> <span class='ocrx_word' id='word_1_70' title='bbox 2648 757 2893 826; x_wconf 79' lang='grc' dir='ltr'><strong>γενέσεις</strong></span> <span class='ocrx_word' id='word_1_71' title='bbox 2924 753 3021 807; x_wconf 80' lang='grc' dir='ltr'>τοῦ</span> <span class='ocrx_word' id='word_1_72' title='bbox 3051 753 3282 823; x_wconf 82' lang='grc' dir='ltr'><strong>κόσμου,</strong></span> <span class='ocrx_word' id='word_1_73' title='bbox 3307 748 3406 803; x_wconf 75' lang='grc' dir='ltr'>καὶ</span> <span class='ocrx_word' id='word_1_74' title='bbox 3436 748 3540 801; x_wconf 81' lang='grc' dir='ltr'>οὐκ</span> <span class='ocrx_word' id='word_1_75' title='bbox 3579 745 3730 799; x_wconf 72' lang='grc' dir='ltr'>ἐστιν</span> 
     </span>
    </p>
   </div>
   <div class='ocr_carea' id='block_1_10' title="bbox 452 836 2058 940">
    <p class='ocr_par' dir='ltr' id='par_1_10' title="bbox 452 836 2038 940">
     <span class='ocr_line' id='line_1_10' title="bbox 452 836 2038 940; baseline -0.012 -15"><span class='ocrx_word' id='word_1_76' title='bbox 452 836 601 940; x_wconf 69' lang='lat' dir='ltr'><strong>quod</strong></span> <span class='ocrx_word' id='word_1_77' title='bbox 634 836 777 922; x_wconf 86' lang='lat' dir='ltr'><strong>Deus</strong></span> <span class='ocrx_word' id='word_1_78' title='bbox 806 836 1082 921; x_wconf 68' lang='lat' dir='ltr'><strong>hominem</strong></span> <span class='ocrx_word' id='word_1_79' title='bbox 1124 859 1428 916; x_wconf 71' lang='lat' dir='ltr'><strong>condiderit</strong></span> <span class='ocrx_word' id='word_1_80' title='bbox 1454 857 1522 913; x_wconf 90' lang='lat' dir='ltr'><strong>ad</strong></span> <span class='ocrx_word' id='word_1_81' title='bbox 1548 853 2038 925; x_wconf 86' lang='lat' dir='ltr'><strong>incorruptibilita-</strong></span> 
     </span>
    </p>
   </div>
   <div class='ocr_carea' id='block_1_11' title="bbox 2159 836 3731 940">
    <p class='ocr_par' dir='ltr' id='par_1_11' title="bbox 2159 836 3731 920">
     <span class='ocr_line' id='line_1_11' title="bbox 2159 836 3731 920; baseline -0.008 -17"><span class='ocrx_word' id='word_1_82' title='bbox 2159 870 2195 904; x_wconf 76' lang='grc' dir='ltr'><strong>;ν</strong></span> <span class='ocrx_word' id='word_1_83' title='bbox 2219 852 2411 914; x_wconf 83' lang='grc' dir='ltr'>αύταίς</span> <span class='ocrx_word' id='word_1_84' title='bbox 2440 849 2737 920; x_wconf 84' lang='grc' dir='ltr'>φάρμακον</span> <span class='ocrx_word' id='word_1_85' title='bbox 2756 847 2979 918; x_wconf 81' lang='grc' dir='ltr'><strong>ὀλέθρου</strong></span> <span class='ocrx_word' id='word_1_86' title='bbox 3001 863 3015 879; x_wconf 87' lang='grc'><strong>·</strong></span> <span class='ocrx_word' id='word_1_87' title='bbox 3050 836 3069 899; x_wconf 75' lang='grc' dir='ltr'><strong>ι</strong></span> <span class='ocrx_word' id='word_1_88' title='bbox 3107 845 3224 911; x_wconf 75' lang='grc' dir='ltr'>καὶ,</span> <span class='ocrx_word' id='word_1_89' title='bbox 3247 844 3329 897; x_wconf 82' lang='grc' dir='ltr'>ὅτι</span> <span class='ocrx_word' id='word_1_90' title='bbox 3360 842 3403 893; x_wconf 82' lang='grc'><strong>«⁸</strong></span> <span class='ocrx_word' id='word_1_91' title='bbox 3419 844 3461 895; x_wconf 87' lang='lat'>0</span> <span class='ocrx_word' id='word_1_92' title='bbox 3484 838 3619 903; x_wconf 80' lang='grc' dir='ltr'>Θεὸς</span> <span class='ocrx_word' id='word_1_93' title='bbox 3644 838 3731 892; x_wconf 72' lang='grc' dir='ltr'><strong>ἐκ·</strong></span> 
     </span>
    </p>
   </div>
   <div class='ocr_carea' id='block_1_12' title="bbox 458 947 2038 1026">
    <p class='ocr_par' dir='ltr' id='par_1_12' title="bbox 458 947 2038 1026">
     <span class='ocr_line' id='line_1_12' title="bbox 458 947 2038 1026; baseline -0.01 -11"><span class='ocrx_word' id='word_1_94' title='bbox 458 972 586 1026; x_wconf 89' lang='lat' dir='ltr'><strong>tem,</strong></span> <span class='ocrx_word' id='word_1_95' title='bbox 621 958 821 1014; x_wconf 80' lang='lat' dir='ltr'><strong>invidia</strong></span> <span class='ocrx_word' id='word_1_96' title='bbox 860 964 1042 1011; x_wconf 83' lang='lat' dir='ltr'><strong>autem</strong></span> <span class='ocrx_word' id='word_1_97' title='bbox 1072 952 1272 1009; x_wconf 89' lang='lat' dir='ltr'><strong>diaboli</strong></span> <span class='ocrx_word' id='word_1_98' title='bbox 1305 965 1455 1006; x_wconf 90' lang='lat' dir='ltr'><strong>mors</strong></span> <span class='ocrx_word' id='word_1_99' title='bbox 1473 950 1527 1004; x_wconf 91' lang='lat' dir='ltr'><strong>in</strong></span> <span class='ocrx_word' id='word_1_100' title='bbox 1571 947 1833 1005; x_wconf 89' lang='lat' dir='ltr'><strong>mundum</strong></span> <span class='ocrx_word' id='word_1_101' title='bbox 1867 947 2038 1002; x_wconf 88' lang='lat' dir='ltr'><strong>intra-</strong></span> 
     </span>
    </p>
   </div>
   <div class='ocr_carea' id='block_1_13' title="bbox 457 1038 2038 1114">
    <p class='ocr_par' dir='ltr' id='par_1_13' title="bbox 457 1038 2038 1114">
     <span class='ocr_line' id='line_1_13' title="bbox 457 1038 2038 1114; baseline -0.011 -7"><span class='ocrx_word' id='word_1_102' title='bbox 457 1054 599 1107; x_wconf 84' lang='lat' dir='ltr'><strong>verit</strong></span> <span class='ocrx_word' id='word_1_103' title='bbox 637 1050 704 1103; x_wconf 75' lang='lat'><strong>“.</strong></span> <span class='ocrx_word' id='word_1_104' title='bbox 732 1050 828 1104; x_wconf 85' lang='lat' dir='ltr'><strong>His</strong></span> <span class='ocrx_word' id='word_1_105' title='bbox 855 1060 1093 1104; x_wconf 88' lang='lat' dir='ltr'><strong>consona</strong></span> <span class='ocrx_word' id='word_1_106' title='bbox 1115 1044 1343 1101; x_wconf 84' lang='lat' dir='ltr'><strong>Patrum</strong></span> <span class='ocrx_word' id='word_1_107' title='bbox 1375 1055 1592 1114; x_wconf 91' lang='lat' dir='ltr'><strong>quoque</strong></span> <span class='ocrx_word' id='word_1_108' title='bbox 1626 1038 1905 1110; x_wconf 71' lang='lat' dir='ltr'><strong>religionis</strong></span> <span class='ocrx_word' id='word_1_109' title='bbox 1935 1053 2038 1093; x_wconf 84' lang='lat' dir='ltr'><strong>nn-</strong></span> 
     </span>
    </p>
   </div>
   <div class='ocr_carea' id='block_1_14' title="bbox 456 1130 2041 1212">
    <p class='ocr_par' dir='ltr' id='par_1_14' title="bbox 456 1130 2041 1212">
     <span class='ocr_line' id='line_1_14' title="bbox 456 1130 2041 1212; baseline -0.009 -12"><span class='ocrx_word' id='word_1_110' title='bbox 456 1153 585 1200; x_wconf 68' lang='lat' dir='ltr'><strong>strae</strong></span> <span class='ocrx_word' id='word_1_111' title='bbox 611 1141 994 1212; x_wconf 85' lang='lat' dir='ltr'><strong>magistrorum</strong></span> <span class='ocrx_word' id='word_1_112' title='bbox 1026 1149 1191 1192; x_wconf 85' lang='lat' dir='ltr'><strong>voces</strong></span> <span class='ocrx_word' id='word_1_113' title='bbox 1217 1134 1536 1207; x_wconf 57' lang='lat' dir='ltr'><strong>praedicant.</strong></span> <span class='ocrx_word' id='word_1_114' title='bbox 1581 1130 1736 1200; x_wconf 86' lang='lat' dir='ltr'><strong>Quod</strong></span> <span class='ocrx_word' id='word_1_115' title='bbox 1755 1144 1889 1202; x_wconf 83' lang='lat' dir='ltr'><strong>ergo</strong></span> <span class='ocrx_word' id='word_1_116' title='bbox 1921 1143 2041 1185; x_wconf 86' lang='lat' dir='ltr'><strong>ma-</strong></span> 
     </span>
    </p>
   </div>
   <div class='ocr_carea' id='block_1_15' title="bbox 453 1223 2040 1306">
    <p class='ocr_par' dir='ltr' id='par_1_15' title="bbox 453 1223 2040 1306">
     <span class='ocr_line' id='line_1_15' title="bbox 453 1223 2040 1306; baseline -0.009 -15"><span class='ocrx_word' id='word_1_117' title='bbox 453 1235 573 1306; x_wconf 89' lang='lat' dir='ltr'><strong>jore</strong></span> <span class='ocrx_word' id='word_1_118' title='bbox 601 1231 1017 1288; x_wconf 91' lang='lat' dir='ltr'><strong>conﬁrmatione</strong></span> <span class='ocrx_word' id='word_1_119' title='bbox 1042 1229 1340 1300; x_wconf 87' lang='lat' dir='ltr'><strong>indigebat,</strong></span> <span class='ocrx_word' id='word_1_120' title='bbox 1387 1226 1442 1281; x_wconf 89' lang='lat' dir='ltr'><strong>id</strong></span> <span class='ocrx_word' id='word_1_121' title='bbox 1475 1239 1664 1295; x_wconf 80' lang='lat' dir='ltr'><strong>reapse</strong></span> <span class='ocrx_word' id='word_1_122' title='bbox 1711 1238 1773 1279; x_wconf 89' lang='lat' dir='ltr'><strong>ea</strong></span> <span class='ocrx_word' id='word_1_123' title='bbox 1808 1223 2040 1294; x_wconf 85' lang='lat' dir='ltr'><strong>potitum</strong></span> 
     </span>
    </p>
   </div>
   <div class='ocr_carea' id='block_1_16' title="bbox 456 1312 2037 1390">
    <p class='ocr_par' dir='ltr' id='par_1_16' title="bbox 456 1312 2037 1390">
     <span class='ocr_line' id='line_1_16' title="bbox 456 1312 2037 1390; baseline -0.011 -9"><span class='ocrx_word' id='word_1_124' title='bbox 456 1314 573 1381; x_wconf 63' lang='lat' dir='ltr'><strong>est.</strong></span> <span class='ocrx_word' id='word_1_125' title='bbox 610 1322 724 1378; x_wconf 80' lang='lat' dir='ltr'><strong>Non</strong></span> <span class='ocrx_word' id='word_1_126' title='bbox 756 1321 901 1377; x_wconf 93' lang='lat' dir='ltr'><strong>enim</strong></span> <span class='ocrx_word' id='word_1_127' title='bbox 929 1333 1130 1390; x_wconf 89' lang='lat' dir='ltr'><strong>corpus</strong></span> <span class='ocrx_word' id='word_1_128' title='bbox 1171 1315 1457 1385; x_wconf 85' lang='lat' dir='ltr'><strong>oportebat</strong></span> <span class='ocrx_word' id='word_1_129' title='bbox 1493 1312 1608 1369; x_wconf 86' lang='lat' dir='ltr'><strong>ﬁeri</strong></span> <span class='ocrx_word' id='word_1_130' title='bbox 1634 1312 2037 1381; x_wconf 82' lang='lat' dir='ltr'><strong>incorporeum,</strong></span> 
     </span>
    </p>
   </div>
   <div class='ocr_carea' id='block_1_17' title="bbox 2137 928 3729 1011">
    <p class='ocr_par' dir='ltr' id='par_1_17' title="bbox 2137 928 3729 1011">
     <span class='ocr_line' id='line_1_17' title="bbox 2137 928 3729 1011; baseline -0.009 -15"><span class='ocrx_word' id='word_1_131' title='bbox 2137 958 2255 996; x_wconf 85' lang='grc' dir='ltr'>τισε</span> <span class='ocrx_word' id='word_1_132' title='bbox 2276 941 2369 994; x_wconf 75' lang='grc' dir='ltr'>τὸν</span> <span class='ocrx_word' id='word_1_133' title='bbox 2391 939 2680 1011; x_wconf 86' lang='grc' dir='ltr'>ἄνθρωπον</span> <span class='ocrx_word' id='word_1_134' title='bbox 2715 940 2802 992; x_wconf 76' lang='grc' dir='ltr'><strong>ἐπ’</strong></span> <span class='ocrx_word' id='word_1_135' title='bbox 2835 935 3135 1007; x_wconf 77' lang='grc' dir='ltr'><strong>ἀφθαρσίᾳ,</strong></span> <span class='ocrx_word' id='word_1_136' title='bbox 3166 933 3263 988; x_wconf 75' lang='grc' dir='ltr'>καὶ</span> <span class='ocrx_word' id='word_1_137' title='bbox 3282 931 3461 1002; x_wconf 76' lang='grc' dir='ltr'>φθόνῳ</span> <span class='ocrx_word' id='word_1_138' title='bbox 3477 928 3729 983; x_wconf 73' lang='grc' dir='ltr'>διαϐόλου</span> 
     </span>
    </p>
   </div>
   <div class='ocr_carea' id='block_1_18' title="bbox 2140 1020 3733 1102">
    <p class='ocr_par' dir='ltr' id='par_1_18' title="bbox 2140 1020 3733 1102">
     <span class='ocr_line' id='line_1_18' title="bbox 2140 1020 3733 1102; baseline -0.009 -14"><span class='ocrx_word' id='word_1_139' title='bbox 2140 1034 2370 1097; x_wconf 81' lang='grc' dir='ltr'>θάνατος</span> <span class='ocrx_word' id='word_1_140' title='bbox 2385 1035 2467 1096; x_wconf 82' lang='grc' dir='ltr'>εἰς</span> <span class='ocrx_word' id='word_1_141' title='bbox 2484 1032 2575 1085; x_wconf 79' lang='grc' dir='ltr'><strong>τὸν</strong></span> <span class='ocrx_word' id='word_1_142' title='bbox 2599 1031 2804 1102; x_wconf 79' lang='grc' dir='ltr'>κόσμον</span> <span class='ocrx_word' id='word_1_143' title='bbox 2825 1029 3045 1100; x_wconf 77' lang='grc' dir='ltr'>εἰσῆλθε</span> <span class='ocrx_word' id='word_1_144' title='bbox 3070 1044 3086 1059; x_wconf 88' lang='grc'><strong>·</strong></span> <span class='ocrx_word' id='word_1_145' title='bbox 3109 1046 3129 1081; x_wconf 76' lang='grc' dir='ltr'><strong>ι</strong></span> <span class='ocrx_word' id='word_1_146' title='bbox 3154 1024 3369 1087; x_wconf 75' lang='grc' dir='ltr'>τούτοις</span> <span class='ocrx_word' id='word_1_147' title='bbox 3398 1020 3617 1091; x_wconf 79' lang='grc' dir='ltr'>συνῳδὰ</span> <span class='ocrx_word' id='word_1_148' title='bbox 3634 1020 3733 1075; x_wconf 75' lang='grc' dir='ltr'>καὶ</span> 
     </span>
    </p>
   </div>
   <div class='ocr_carea' id='block_1_19' title="bbox 2140 1112 3731 1197">
    <p class='ocr_par' dir='ltr' id='par_1_19' title="bbox 2140 1112 3731 1197">
     <span class='ocr_line' id='line_1_19' title="bbox 2140 1112 3731 1197; baseline -0.011 -16"><span class='ocrx_word' id='word_1_149' title='bbox 2140 1126 2248 1180; x_wconf 85' lang='grc' dir='ltr'>τῶν</span> <span class='ocrx_word' id='word_1_150' title='bbox 2291 1123 2636 1197; x_wconf 80' lang='grc' dir='ltr'>ίερομυστῶν</span> <span class='ocrx_word' id='word_1_151' title='bbox 2672 1121 2936 1193; x_wconf 82' lang='grc' dir='ltr'>Πατέρων</span> <span class='ocrx_word' id='word_1_152' title='bbox 2962 1121 3020 1175; x_wconf 83' lang='grc' dir='ltr'><strong>αι</strong></span> <span class='ocrx_word' id='word_1_153' title='bbox 3063 1118 3244 1189; x_wconf 72' lang='grc' dir='ltr'>φωναὶ</span> <span class='ocrx_word' id='word_1_154' title='bbox 3274 1112 3695 1186; x_wconf 88' lang='grc' dir='ltr'>διαγορεύουσιν</span> <span class='ocrx_word' id='word_1_155' title='bbox 3715 1126 3731 1143; x_wconf 77' lang='grc' dir='ltr'><strong>ο</strong></span> 
     </span>
    </p>
   </div>
   <div class='ocr_carea' id='block_1_20' title="bbox 2142 1203 3735 1289">
    <p class='ocr_par' dir='ltr' id='par_1_20' title="bbox 2142 1203 3735 1289">
     <span class='ocr_line' id='line_1_20' title="bbox 2142 1203 3735 1289; baseline -0.01 -18"><span class='ocrx_word' id='word_1_156' title='bbox 2142 1219 2280 1289; x_wconf 86' lang='grc' dir='ltr'>ὅπερ</span> <span class='ocrx_word' id='word_1_157' title='bbox 2306 1212 2399 1271; x_wconf 77' lang='grc' dir='ltr'>οὖν</span> <span class='ocrx_word' id='word_1_158' title='bbox 2429 1216 2603 1270; x_wconf 64' lang='grc' dir='ltr'>ἐδεῖτο</span> <span class='ocrx_word' id='word_1_159' title='bbox 2634 1214 2892 1286; x_wconf 76' lang='grc' dir='ltr'><strong>βοηθείας</strong></span> <span class='ocrx_word' id='word_1_160' title='bbox 2923 1212 3024 1283; x_wconf 82' lang='grc' dir='ltr'>τῆς</span> <span class='ocrx_word' id='word_1_161' title='bbox 3057 1210 3401 1282; x_wconf 79' lang='grc' dir='ltr'>κρείττονος,</span> <span class='ocrx_word' id='word_1_162' title='bbox 3434 1205 3599 1260; x_wconf 83' lang='grc' dir='ltr'>τοῦτο</span> <span class='ocrx_word' id='word_1_163' title='bbox 3640 1203 3735 1257; x_wconf 75' lang='grc' dir='ltr'><strong>καὶ</strong></span> 
     </span>
    </p>
   </div>
   <div class='ocr_carea' id='block_1_21' title="bbox 2142 1295 3821 1380">
    <p class='ocr_par' dir='ltr' id='par_1_21' title="bbox 2142 1295 3821 1380">
     <span class='ocr_line' id='line_1_21' title="bbox 2142 1295 3821 1380; baseline -0.011 -16"><span class='ocrx_word' id='word_1_164' title='bbox 2142 1309 2407 1380; x_wconf 83' lang='grc' dir='ltr'><strong>τυγχάνει</strong></span> <span class='ocrx_word' id='word_1_165' title='bbox 2435 1325 2449 1341; x_wconf 77' lang='grc' dir='ltr'><strong>ο</strong></span> <span class='ocrx_word' id='word_1_166' title='bbox 2476 1307 2539 1361; x_wconf 85' lang='grc' dir='ltr'><strong>ού</strong></span> <span class='ocrx_word' id='word_1_167' title='bbox 2566 1306 2676 1377; x_wconf 98' lang='lat'><strong>7&amp;9</strong></span> <span class='ocrx_word' id='word_1_168' title='bbox 2704 1305 2767 1359; x_wconf 79' lang='grc' dir='ltr'>τὸ</span> <span class='ocrx_word' id='word_1_169' title='bbox 2792 1304 2955 1374; x_wconf 84' lang='grc' dir='ltr'>σῶμα</span> <span class='ocrx_word' id='word_1_170' title='bbox 2979 1301 3091 1356; x_wconf 71' lang='grc' dir='ltr'>ἔδει</span> <span class='ocrx_word' id='word_1_171' title='bbox 3118 1298 3379 1370; x_wconf 82' lang='grc' dir='ltr'>γενέσθαι</span> <span class='ocrx_word' id='word_1_172' title='bbox 3413 1295 3735 1367; x_wconf 81' lang='grc' dir='ltr'>ἀσώματον,</span> <span class='ocrx_word' id='word_1_173' title='bbox 3814 1296 3821 1303; x_wconf 88' lang='grc'><em>’</em></span> 
     </span>
    </p>
   </div>
   <div class='ocr_carea' id='block_1_22' title="bbox 458 1388 2058 1477">
    <p class='ocr_par' dir='ltr' id='par_1_22' title="bbox 458 1388 2043 1477">
     <span class='ocr_line' id='line_1_22' title="bbox 458 1388 2043 1477; baseline -0.009 -6"><span class='ocrx_word' id='word_1_174' title='bbox 458 1425 521 1471; x_wconf 85' lang='lat' dir='ltr'><strong>ut</strong></span> <span class='ocrx_word' id='word_1_175' title='bbox 570 1424 718 1471; x_wconf 87' lang='lat' dir='ltr'><strong>esset</strong></span> <span class='ocrx_word' id='word_1_176' title='bbox 766 1414 932 1467; x_wconf 91' lang='lat' dir='ltr'><strong>etiam</strong></span> <span class='ocrx_word' id='word_1_177' title='bbox 991 1388 1553 1477; x_wconf 86' lang='lat' dir='ltr'><strong>incircumscriptum,</strong></span> <span class='ocrx_word' id='word_1_178' title='bbox 1605 1402 2043 1473; x_wconf 83' lang='lat' dir='ltr'><strong>quandoquidem</strong></span> 
     </span>
    </p>
   </div>
   <div class='ocr_carea' id='block_1_23' title="bbox 2159 1388 3737 1477">
    <p class='ocr_par' dir='ltr' id='par_1_23' title="bbox 2159 1388 3737 1475">
     <span class='ocr_line' id='line_1_23' title="bbox 2159 1388 3737 1475; baseline -0.011 -19"><span class='ocrx_word' id='word_1_179' title='bbox 2159 1402 2236 1458; x_wconf 68' lang='grc' dir='ltr'><strong>ἵνα</strong></span> <span class='ocrx_word' id='word_1_180' title='bbox 2328 1402 2424 1456; x_wconf 61' lang='grc' dir='ltr'><strong>καὶ⁵</strong></span> <span class='ocrx_word' id='word_1_181' title='bbox 2456 1401 2900 1472; x_wconf 86' lang='grc' dir='ltr'>ἀπερίγραπτον,</span> <span class='ocrx_word' id='word_1_182' title='bbox 2932 1394 3169 1465; x_wconf 75' lang='grc' dir='ltr'>ἐπείπερ</span> <span class='ocrx_word' id='word_1_183' title='bbox 3188 1393 3294 1446; x_wconf 89' lang='grc' dir='ltr'><strong>ούκ</strong></span> <span class='ocrx_word' id='word_1_184' title='bbox 3312 1392 3444 1447; x_wconf 82' lang='grc' dir='ltr'>ἀνευ</span> <span class='ocrx_word' id='word_1_185' title='bbox 3483 1388 3737 1458; x_wconf 82' lang='grc' dir='ltr'>σώματος</span> 
     </span>
    </p>
   </div>
   <div class='ocr_carea' id='block_1_24' title="bbox 460 1477 2058 1576">
    <p class='ocr_par' dir='ltr' id='par_1_24' title="bbox 460 1494 2046 1576">
     <span class='ocr_line' id='line_1_24' title="bbox 460 1494 2046 1576; baseline -0.01 -13"><span class='ocrx_word' id='word_1_186' title='bbox 460 1522 570 1563; x_wconf 89' lang='lat' dir='ltr'><strong>non</strong></span> <span class='ocrx_word' id='word_1_187' title='bbox 617 1507 824 1576; x_wconf 82' lang='lat' dir='ltr'><strong>absque</strong></span> <span class='ocrx_word' id='word_1_188' title='bbox 875 1516 1105 1574; x_wconf 88' lang='lat' dir='ltr'><strong>corpore</strong></span> <span class='ocrx_word' id='word_1_189' title='bbox 1134 1501 1298 1555; x_wconf 91' lang='lat' dir='ltr'><strong>homo</strong></span> <span class='ocrx_word' id='word_1_190' title='bbox 1328 1507 1542 1552; x_wconf 87' lang='lat' dir='ltr'><strong>creatus</strong></span> <span class='ocrx_word' id='word_1_191' title='bbox 1574 1494 1681 1550; x_wconf 84' lang='lat' dir='ltr'><strong>fuit</strong></span> <span class='ocrx_word' id='word_1_192' title='bbox 1714 1512 1728 1549; x_wconf 93' lang='lat'><strong>:</strong></span> <span class='ocrx_word' id='word_1_193' title='bbox 1764 1509 1936 1566; x_wconf 87' lang='lat' dir='ltr'><strong>neque</strong></span> <span class='ocrx_word' id='word_1_194' title='bbox 1961 1508 2046 1548; x_wconf 88' lang='lat' dir='ltr'><strong>sc-</strong></span> 
     </span>
    </p>
   </div>
   <div class='ocr_carea' id='block_1_25' title="bbox 2159 1477 3738 1576">
    <p class='ocr_par' dir='ltr' id='par_1_25' title="bbox 2159 1477 3738 1568">
     <span class='ocr_line' id='line_1_25' title="bbox 2159 1477 3738 1568; baseline -0.012 -18"><span class='ocrx_word' id='word_1_195' title='bbox 2159 1495 2480 1568; x_wconf 73' lang='grc' dir='ltr'>5ἆνθρωπος</span> <span class='ocrx_word' id='word_1_196' title='bbox 2504 1491 2999 1564; x_wconf 78' lang='grc' dir='ltr'><strong>δεδημιούργηται,</strong></span> <span class='ocrx_word' id='word_1_197' title='bbox 3021 1478 3146 1541; x_wconf 74' lang='grc' dir='ltr'>ούδὲ</span> <span class='ocrx_word' id='word_1_198' title='bbox 3164 1486 3247 1549; x_wconf 86' lang='grc' dir='ltr'><strong>είς</strong></span> <span class='ocrx_word' id='word_1_199' title='bbox 3267 1483 3397 1538; x_wconf 78' lang='grc' dir='ltr'>ὕστε</span> <span class='ocrx_word' id='word_1_200' title='bbox 3406 1499 3504 1554; x_wconf 85' lang='grc' dir='ltr'><strong>ρον</strong></span> <span class='ocrx_word' id='word_1_201' title='bbox 3523 1479 3615 1534; x_wconf 74' lang='grc' dir='ltr'><strong>διὰ</strong></span> <span class='ocrx_word' id='word_1_202' title='bbox 3635 1477 3738 1547; x_wconf 79' lang='grc' dir='ltr'>τὴν</span> 
     </span>
    </p>
   </div>
   <div class='ocr_carea' id='block_1_26' title="bbox 463 1570 2058 1670">
    <p class='ocr_par' dir='ltr' id='par_1_26' title="bbox 463 1570 2043 1670">
     <span class='ocr_line' id='line_1_26' title="bbox 463 1570 2043 1670; baseline -0.009 -16"><span class='ocrx_word' id='word_1_203' title='bbox 463 1601 579 1656; x_wconf 88' lang='lat' dir='ltr'><strong>rius</strong></span> <span class='ocrx_word' id='word_1_204' title='bbox 622 1570 843 1670; x_wconf 75' lang='lat' dir='ltr'><strong>propter</strong></span> <span class='ocrx_word' id='word_1_205' title='bbox 892 1570 1173 1666; x_wconf 81' lang='lat' dir='ltr'><strong>peccatum</strong></span> <span class='ocrx_word' id='word_1_206' title='bbox 1223 1607 1419 1663; x_wconf 91' lang='lat' dir='ltr'><strong>corpus</strong></span> <span class='ocrx_word' id='word_1_207' title='bbox 1470 1591 1520 1646; x_wconf 88' lang='lat' dir='ltr'><strong>ei</strong></span> <span class='ocrx_word' id='word_1_208' title='bbox 1574 1589 1807 1645; x_wconf 90' lang='lat' dir='ltr'><strong>accessit</strong></span> <span class='ocrx_word' id='word_1_209' title='bbox 1861 1586 1973 1657; x_wconf 70' lang='grc'><strong>(49)</strong></span> <span class='ocrx_word' id='word_1_210' title='bbox 2029 1604 2043 1640; x_wconf 90' lang='lat'><strong>:</strong></span> 
     </span>
    </p>
   </div>
   <div class='ocr_carea' id='block_1_27' title="bbox 2159 1570 3739 1670">
    <p class='ocr_par' dir='ltr' id='par_1_27' title="bbox 2159 1570 3739 1661">
     <span class='ocr_line' id='line_1_27' title="bbox 2159 1570 3739 1661; baseline -0.013 -17"><span class='ocrx_word' id='word_1_211' title='bbox 2159 1590 2429 1661; x_wconf 60' lang='grc' dir='ltr'>ἁμαρτίαν</span> <span class='ocrx_word' id='word_1_212' title='bbox 2460 1586 2612 1658; x_wconf 78' lang='grc' dir='ltr'>αὐτῷ</span> <span class='ocrx_word' id='word_1_213' title='bbox 2653 1585 2716 1639; x_wconf 84' lang='grc' dir='ltr'>τὸ</span> <span class='ocrx_word' id='word_1_214' title='bbox 2753 1583 2915 1654; x_wconf 86' lang='grc' dir='ltr'>σῶμα</span> <span class='ocrx_word' id='word_1_215' title='bbox 2951 1579 3358 1653; x_wconf 58' lang='grc' dir='ltr'>προσγέγονεν</span> <span class='ocrx_word' id='word_1_216' title='bbox 3414 1576 3448 1646; x_wconf 83' lang='grc' dir='ltr'>ἢ</span> <span class='ocrx_word' id='word_1_217' title='bbox 3503 1573 3616 1645; x_wconf 88' lang='lat'><strong>7&amp;9</strong></span> <span class='ocrx_word' id='word_1_218' title='bbox 3671 1570 3739 1624; x_wconf 79' lang='grc' dir='ltr'>ἂν</span> 
     </span>
    </p>
   </div>
   <div class='ocr_carea' id='block_1_28' title="bbox 466 1663 2058 1761">
    <p class='ocr_par' dir='ltr' id='par_1_28' title="bbox 466 1663 2045 1761">
     <span class='ocr_line' id='line_1_28' title="bbox 466 1663 2045 1761; baseline -0.008 -15"><span class='ocrx_word' id='word_1_219' title='bbox 466 1691 667 1761; x_wconf 86' lang='lat' dir='ltr'><strong>alioqui</strong></span> <span class='ocrx_word' id='word_1_220' title='bbox 716 1663 1089 1760; x_wconf 42' lang='lat' dir='ltr'><strong>neque—homo</strong></span> <span class='ocrx_word' id='word_1_221' title='bbox 1120 1685 1422 1742; x_wconf 79' lang='lat' dir='ltr'><strong>exstitisset</strong></span> <span class='ocrx_word' id='word_1_222' title='bbox 1451 1697 1628 1753; x_wconf 88' lang='lat' dir='ltr'><strong>neque</strong></span> <span class='ocrx_word' id='word_1_223' title='bbox 1659 1681 2045 1750; x_wconf 68' lang='lat' dir='ltr'><strong>transgressio.</strong></span> 
     </span>
    </p>
   </div>
   <div class='ocr_carea' id='block_1_29' title="bbox 2159 1663 3741 1761">
    <p class='ocr_par' dir='ltr' id='par_1_29' title="bbox 2159 1663 3741 1751">
     <span class='ocr_line' id='line_1_29' title="bbox 2159 1663 3741 1751; baseline -0.013 -14"><span class='ocrx_word' id='word_1_224' title='bbox 2159 1683 2271 1737; x_wconf 77' lang='grc' dir='ltr'>οὐδὲ</span> <span class='ocrx_word' id='word_1_225' title='bbox 2299 1680 2607 1751; x_wconf 74' lang='grc' dir='ltr'>ἅνθρωπος,</span> <span class='ocrx_word' id='word_1_226' title='bbox 2646 1677 2767 1731; x_wconf 68' lang='grc' dir='ltr'>οὐδὲ</span> <span class='ocrx_word' id='word_1_227' title='bbox 2794 1674 3113 1747; x_wconf 77' lang='grc' dir='ltr'>παράϐασις</span> <span class='ocrx_word' id='word_1_228' title='bbox 3143 1689 3159 1705; x_wconf 76' lang='grc' dir='ltr'><strong><em>ο</em></strong></span> <span class='ocrx_word' id='word_1_229' title='bbox 3192 1673 3250 1724; x_wconf 83' lang='grc' dir='ltr'>ὲν</span> <span class='ocrx_word' id='word_1_230' title='bbox 3296 1668 3405 1723; x_wconf 87' lang='grc' dir='ltr'>τίνι</span> <span class='ocrx_word' id='word_1_231' title='bbox 3445 1666 3558 1737; x_wconf 82' lang='grc' dir='ltr'><strong>γὰρ</strong></span> <span class='ocrx_word' id='word_1_232' title='bbox 3601 1663 3741 1728; x_wconf 80' lang='grc' dir='ltr'>ὅλως</span> 
     </span>
    </p>
   </div>
   <div class='ocr_carea' id='block_1_30' title="bbox 467 1757 2058 1852">
    <p class='ocr_par' dir='ltr' id='par_1_30' title="bbox 467 1757 2048 1852">
     <span class='ocr_line' id='line_1_30' title="bbox 467 1757 2048 1852; baseline -0.005 -17"><span class='ocrx_word' id='word_1_233' title='bbox 467 1782 525 1836; x_wconf 92' lang='lat' dir='ltr'><strong>In</strong></span> <span class='ocrx_word' id='word_1_234' title='bbox 552 1757 660 1852; x_wconf 83' lang='lat' dir='ltr'><strong>quo</strong></span> <span class='ocrx_word' id='word_1_235' title='bbox 690 1757 836 1836; x_wconf 84' lang='lat' dir='ltr'><strong>enim</strong></span> <span class='ocrx_word' id='word_1_236' title='bbox 884 1779 1102 1836; x_wconf 84' lang='lat' dir='ltr'><strong>demum</strong></span> <span class='ocrx_word' id='word_1_237' title='bbox 1136 1787 1417 1848; x_wconf 90' lang='lat' dir='ltr'><strong>peccatum</strong></span> <span class='ocrx_word' id='word_1_238' title='bbox 1467 1783 1740 1846; x_wconf 85' lang='lat' dir='ltr'><strong>patratum</strong></span> <span class='ocrx_word' id='word_1_239' title='bbox 1773 1772 1896 1839; x_wconf 80' lang='lat' dir='ltr'><strong>fuit,</strong></span> <span class='ocrx_word' id='word_1_240' title='bbox 1943 1773 2048 1828; x_wconf 86' lang='lat' dir='ltr'><strong>nisi</strong></span> 
     </span>
    </p>
   </div>
   <div class='ocr_carea' id='block_1_31' title="bbox 2159 1757 3739 1852">
    <p class='ocr_par' dir='ltr' id='par_1_31' title="bbox 2159 1757 3739 1844">
     <span class='ocr_line' id='line_1_31' title="bbox 2159 1757 3739 1844; baseline -0.011 -17"><span class='ocrx_word' id='word_1_241' title='bbox 2159 1775 2221 1828; x_wconf 80' lang='grc' dir='ltr'>τὰ</span> <span class='ocrx_word' id='word_1_242' title='bbox 2248 1775 2346 1844; x_wconf 85' lang='grc' dir='ltr'>τῆς</span> <span class='ocrx_word' id='word_1_243' title='bbox 2380 1771 2655 1843; x_wconf 85' lang='grc' dir='ltr'>ἁμαρτίας</span> <span class='ocrx_word' id='word_1_244' title='bbox 2686 1768 3031 1839; x_wconf 75' lang='grc' dir='ltr'>ἐπέπρακτο,</span> <span class='ocrx_word' id='word_1_245' title='bbox 3052 1764 3191 1822; x_wconf 82' lang='grc' dir='ltr'><strong>ἀλλά</strong></span> <span class='ocrx_word' id='word_1_246' title='bbox 3210 1762 3282 1817; x_wconf 79' lang='grc' dir='ltr'>τὰ</span> <span class='ocrx_word' id='word_1_247' title='bbox 3311 1761 3446 1832; x_wconf 75' lang='grc' dir='ltr'>περὶ</span> <span class='ocrx_word' id='word_1_248' title='bbox 3468 1759 3532 1813; x_wconf 80' lang='grc' dir='ltr'>τὸ</span> <span class='ocrx_word' id='word_1_249' title='bbox 3556 1757 3739 1828; x_wconf 83' lang='grc' dir='ltr'>σῶμα,</span> 
     </span>
    </p>
   </div>
   <div class='ocr_carea' id='block_1_32' title="bbox 469 1852 2058 1944">
    <p class='ocr_par' dir='ltr' id='par_1_32' title="bbox 469 1866 2054 1944">
     <span class='ocr_line' id='line_1_32' title="bbox 469 1866 2054 1944; baseline -0.005 -16"><span class='ocrx_word' id='word_1_250' title='bbox 469 1875 524 1929; x_wconf 90' lang='lat' dir='ltr'><strong>in</strong></span> <span class='ocrx_word' id='word_1_251' title='bbox 560 1874 810 1944; x_wconf 90' lang='lat' dir='ltr'><strong>corporis</strong></span> <span class='ocrx_word' id='word_1_252' title='bbox 828 1871 1234 1934; x_wconf 68' lang='lat' dir='ltr'><strong>affectionibus,</strong></span> <span class='ocrx_word' id='word_1_253' title='bbox 1263 1884 1383 1940; x_wconf 69' lang='lat' dir='ltr'><strong>qua:</strong></span> <span class='ocrx_word' id='word_1_254' title='bbox 1411 1866 1526 1935; x_wconf 82' lang='lat' dir='ltr'><strong>jam</strong></span> <span class='ocrx_word' id='word_1_255' title='bbox 1551 1867 1603 1921; x_wconf 90' lang='lat' dir='ltr'><strong>in</strong></span> <span class='ocrx_word' id='word_1_256' title='bbox 1630 1867 1804 1937; x_wconf 88' lang='lat' dir='ltr'><strong>ipsum</strong></span> <span class='ocrx_word' id='word_1_257' title='bbox 1833 1873 2054 1935; x_wconf 72' lang='lat' dir='ltr'><strong>prOptct&#39;</strong></span> 
     </span>
    </p>
   </div>
   <div class='ocr_carea' id='block_1_33' title="bbox 2159 1852 3743 1944">
    <p class='ocr_par' dir='ltr' id='par_1_33' title="bbox 2159 1852 3743 1939">
     <span class='ocr_line' id='line_1_33' title="bbox 2159 1852 3743 1939; baseline -0.013 -16"><span class='ocrx_word' id='word_1_258' title='bbox 2159 1870 2301 1939; x_wconf 75' lang='grc' dir='ltr'>ειπερ</span> <span class='ocrx_word' id='word_1_259' title='bbox 2333 1868 2434 1939; x_wconf 72' lang='grc' dir='ltr'>ήδη</span> <span class='ocrx_word' id='word_1_260' title='bbox 2482 1866 2572 1920; x_wconf 81' lang='grc' dir='ltr'>διὰ</span> <span class='ocrx_word' id='word_1_261' title='bbox 2608 1864 2710 1935; x_wconf 79' lang='grc' dir='ltr'>τὴν</span> <span class='ocrx_word' id='word_1_262' title='bbox 2760 1860 3079 1931; x_wconf 86' lang='grc' dir='ltr'>είσποίητον</span> <span class='ocrx_word' id='word_1_263' title='bbox 3111 1856 3264 1928; x_wconf 85' lang='grc' dir='ltr'>αύτῷ</span> <span class='ocrx_word' id='word_1_264' title='bbox 3311 1853 3596 1926; x_wconf 77' lang='grc' dir='ltr'>ἁμαρτίαν</span> <span class='ocrx_word' id='word_1_265' title='bbox 3629 1852 3743 1903; x_wconf 77' lang='grc' dir='ltr'><strong>εἰσ-</strong></span> 
     </span>
    </p>
   </div>
   <div class='ocr_carea' id='block_1_34' title="bbox 470 1957 2056 2036">
    <p class='ocr_par' dir='ltr' id='par_1_34' title="bbox 470 1957 2056 2036">
     <span class='ocr_line' id='line_1_34' title="bbox 470 1957 2056 2036; baseline -0.006 -14"><span class='ocrx_word' id='word_1_266' title='bbox 470 1966 717 2022; x_wconf 89' lang='lat' dir='ltr'><strong>iuolitum</strong></span> <span class='ocrx_word' id='word_1_267' title='bbox 748 1975 1027 2036; x_wconf 84' lang='lat' dir='ltr'><strong>peccatum</strong></span> <span class='ocrx_word' id='word_1_268' title='bbox 1073 1960 1438 2017; x_wconf 85' lang='lat' dir='ltr'><strong>introierant?</strong></span> <span class='ocrx_word' id='word_1_269' title='bbox 1467 1957 1637 2031; x_wconf 87' lang='lat' dir='ltr'><strong>Igitur</strong></span> <span class='ocrx_word' id='word_1_270' title='bbox 1680 1966 1975 2015; x_wconf 80' lang='lat' dir='ltr'><strong>renovatur</strong></span> <span class='ocrx_word' id='word_1_271' title='bbox 2004 1958 2056 2013; x_wconf 91' lang='lat' dir='ltr'><strong>in</strong></span> 
     </span>
    </p>
   </div>
   <div class='ocr_carea' id='block_1_35' title="bbox 469 2051 2059 2123">
    <p class='ocr_par' dir='ltr' id='par_1_35' title="bbox 469 2051 2059 2123">
     <span class='ocr_line' id='line_1_35' title="bbox 469 2051 2059 2123; baseline -0.008 -7"><span class='ocrx_word' id='word_1_272' title='bbox 469 2060 690 2116; x_wconf 82' lang='lat' dir='ltr'><strong>Christo</strong></span> <span class='ocrx_word' id='word_1_273' title='bbox 721 2067 914 2113; x_wconf 88' lang='lat' dir='ltr'><strong>natura</strong></span> <span class='ocrx_word' id='word_1_274' title='bbox 967 2065 1021 2112; x_wconf 88' lang='lat' dir='ltr'><strong>et</strong></span> <span class='ocrx_word' id='word_1_275' title='bbox 1051 2055 1316 2110; x_wconf 81' lang='lat' dir='ltr'><strong>salvator.</strong></span> <span class='ocrx_word' id='word_1_276' title='bbox 1348 2053 1418 2109; x_wconf 84' lang='lat' dir='ltr'><strong>Et</strong></span> <span class='ocrx_word' id='word_1_277' title='bbox 1474 2054 1621 2123; x_wconf 91' lang='lat' dir='ltr'><strong>quod</strong></span> <span class='ocrx_word' id='word_1_278' title='bbox 1661 2064 1865 2121; x_wconf 87' lang='lat' dir='ltr'><strong>corpus</strong></span> <span class='ocrx_word' id='word_1_279' title='bbox 1917 2051 2059 2106; x_wconf 88' lang='lat' dir='ltr'><strong>Deus</strong></span> 
     </span>
    </p>
   </div>
   <div class='ocr_carea' id='block_1_36' title="bbox 470 2143 2059 2220">
    <p class='ocr_par' dir='ltr' id='par_1_36' title="bbox 470 2143 2059 2220">
     <span class='ocr_line' id='line_1_36' title="bbox 470 2143 2059 2220; baseline -0.006 -15"><span class='ocrx_word' id='word_1_280' title='bbox 470 2150 796 2220; x_wconf 86' lang='lat' dir='ltr'><strong>assumpsit,</strong></span> <span class='ocrx_word' id='word_1_281' title='bbox 828 2147 1118 2205; x_wconf 84' lang='lat' dir='ltr'><strong>deiﬁcatur</strong></span> <span class='ocrx_word' id='word_1_282' title='bbox 1148 2157 1344 2211; x_wconf 91' lang='lat' dir='ltr'><strong>totum,</strong></span> <span class='ocrx_word' id='word_1_283' title='bbox 1404 2145 1458 2199; x_wconf 90' lang='lat' dir='ltr'><strong>in</strong></span> <span class='ocrx_word' id='word_1_284' title='bbox 1495 2143 1694 2200; x_wconf 83' lang='lat' dir='ltr'><strong>melius</strong></span> <span class='ocrx_word' id='word_1_285' title='bbox 1727 2150 2059 2198; x_wconf 85' lang='lat' dir='ltr'><strong>transmuta-</strong></span> 
     </span>
    </p>
   </div>
   <div class='ocr_carea' id='block_1_37' title="bbox 475 2235 2062 2306">
    <p class='ocr_par' dir='ltr' id='par_1_37' title="bbox 475 2235 2062 2306">
     <span class='ocr_line' id='line_1_37' title="bbox 475 2235 2062 2306; baseline -0.006 -11"><span class='ocrx_word' id='word_1_286' title='bbox 475 2254 608 2306; x_wconf 87' lang='lat' dir='ltr'><strong>tum.</strong></span> <span class='ocrx_word' id='word_1_287' title='bbox 656 2249 712 2297; x_wconf 92' lang='lat' dir='ltr'><strong>et</strong></span> <span class='ocrx_word' id='word_1_288' title='bbox 757 2237 1119 2296; x_wconf 79' lang='lat' dir='ltr'><strong>ineﬂ&#39;abilibus</strong></span> <span class='ocrx_word' id='word_1_289' title='bbox 1172 2235 1514 2292; x_wconf 85' lang='lat' dir='ltr'><strong>ornamentis</strong></span> <span class='ocrx_word' id='word_1_290' title='bbox 1579 2242 1938 2297; x_wconf 83' lang='lat' dir='ltr'><strong>coronatum;</strong></span> <span class='ocrx_word' id='word_1_291' title='bbox 1997 2245 2062 2284; x_wconf 90' lang='lat' dir='ltr'><strong>ac</strong></span> 
     </span>
    </p>
   </div>
   <div class='ocr_carea' id='block_1_38' title="bbox 474 2332 2063 2401">
    <p class='ocr_par' dir='ltr' id='par_1_38' title="bbox 474 2332 2063 2401">
     <span class='ocr_line' id='line_1_38' title="bbox 474 2332 2063 2401; baseline -0.006 -14"><span class='ocrx_word' id='word_1_292' title='bbox 474 2332 721 2401; x_wconf 76' lang='lat' dir='ltr'><strong>spiritale</strong></span> <span class='ocrx_word' id='word_1_293' title='bbox 766 2332 1026 2401; x_wconf 82' lang='lat' dir='ltr'><strong>deinceps</strong></span> <span class='ocrx_word' id='word_1_294' title='bbox 1080 2338 1222 2393; x_wconf 90' lang='lat' dir='ltr'><strong>erat,</strong></span> <span class='ocrx_word' id='word_1_295' title='bbox 1257 2336 1421 2398; x_wconf 84' lang='lat' dir='ltr'><strong>atque</strong></span> <span class='ocrx_word' id='word_1_296' title='bbox 1461 2340 1679 2381; x_wconf 88' lang='lat' dir='ltr'><strong>omnem</strong></span> <span class='ocrx_word' id='word_1_297' title='bbox 1727 2336 2063 2392; x_wconf 77' lang='lat' dir='ltr'><strong>exsuperans</strong></span> 
     </span>
    </p>
   </div>
   <div class='ocr_carea' id='block_1_39' title="bbox 476 2413 2064 2487">
    <p class='ocr_par' dir='ltr' id='par_1_39' title="bbox 476 2413 2064 2487">
     <span class='ocr_line' id='line_1_39' title="bbox 476 2413 2064 2487; baseline -0.006 -13"><span class='ocrx_word' id='word_1_298' title='bbox 476 2418 813 2474; x_wconf 87' lang='lat' dir='ltr'><strong>materialem</strong></span> <span class='ocrx_word' id='word_1_299' title='bbox 859 2430 1248 2487; x_wconf 86' lang='lat' dir='ltr'><strong>terrenamquc</strong></span> <span class='ocrx_word' id='word_1_300' title='bbox 1291 2413 1829 2484; x_wconf 86' lang='lat' dir='ltr'><strong>crassitiem.Neque</strong></span> <span class='ocrx_word' id='word_1_301' title='bbox 1856 2413 2064 2469; x_wconf 88' lang='lat' dir='ltr'><strong>idcirco</strong></span> 
     </span>
    </p>
   </div>
   <div class='ocr_carea' id='block_1_40' title="bbox 477 2505 2061 2580">
    <p class='ocr_par' dir='ltr' id='par_1_40' title="bbox 477 2505 2061 2580">
     <span class='ocr_line' id='line_1_40' title="bbox 477 2505 2061 2580; baseline -0.006 -15"><span class='ocrx_word' id='word_1_302' title='bbox 477 2526 675 2580; x_wconf 91' lang='lat' dir='ltr'><strong>corpus</strong></span> <span class='ocrx_word' id='word_1_303' title='bbox 720 2524 843 2565; x_wconf 85' lang='lat' dir='ltr'><strong>esse</strong></span> <span class='ocrx_word' id='word_1_304' title='bbox 883 2510 1068 2575; x_wconf 89' lang='lat' dir='ltr'><strong>desiit,</strong></span> <span class='ocrx_word' id='word_1_305' title='bbox 1109 2509 1204 2564; x_wconf 90' lang='lat' dir='ltr'><strong>sed</strong></span> <span class='ocrx_word' id='word_1_306' title='bbox 1249 2522 1451 2575; x_wconf 91' lang='lat' dir='ltr'><strong>corpus</strong></span> <span class='ocrx_word' id='word_1_307' title='bbox 1498 2520 1619 2561; x_wconf 89' lang='lat' dir='ltr'><strong>esse</strong></span> <span class='ocrx_word' id='word_1_308' title='bbox 1675 2505 2061 2575; x_wconf 80' lang='lat' dir='ltr'><strong>perseveravit,</strong></span> 
     </span>
    </p>
   </div>
   <div class='ocr_carea' id='block_1_41' title="bbox 478 2598 2061 2673">
    <p class='ocr_par' dir='ltr' id='par_1_41' title="bbox 478 2598 2061 2673">
     <span class='ocr_line' id='line_1_41' title="bbox 478 2598 2061 2673; baseline -0.005 -17"><span class='ocrx_word' id='word_1_309' title='bbox 478 2601 810 2656; x_wconf 87' lang='lat' dir='ltr'><strong>cuicuimodi</strong></span> <span class='ocrx_word' id='word_1_310' title='bbox 842 2601 1063 2673; x_wconf 77' lang='lat' dir='ltr'><strong>demum</strong></span> <span class='ocrx_word' id='word_1_311' title='bbox 1097 2599 1152 2654; x_wconf 92' lang='lat' dir='ltr'><strong>id</strong></span> <span class='ocrx_word' id='word_1_312' title='bbox 1184 2610 1290 2666; x_wconf 84' lang='lat' dir='ltr'><strong>est,</strong></span> <span class='ocrx_word' id='word_1_313' title='bbox 1315 2610 1369 2655; x_wconf 89' lang='lat' dir='ltr'><strong>et</strong></span> <span class='ocrx_word' id='word_1_314' title='bbox 1400 2610 1552 2653; x_wconf 78' lang='lat' dir='ltr'><strong>certe</strong></span> <span class='ocrx_word' id='word_1_315' title='bbox 1568 2598 2061 2666; x_wconf 89' lang='lat' dir='ltr'><strong>circumscriptum.</strong></span> 
     </span>
    </p>
   </div>
   <div class='ocr_carea' id='block_1_42' title="bbox 482 2690 2067 2764">
    <p class='ocr_par' dir='ltr' id='par_1_42' title="bbox 482 2690 2067 2764">
     <span class='ocr_line' id='line_1_42' title="bbox 482 2690 2067 2764; baseline -0.006 -13"><span class='ocrx_word' id='word_1_316' title='bbox 482 2694 599 2751; x_wconf 83' lang='lat' dir='ltr'><strong>Non</strong></span> <span class='ocrx_word' id='word_1_317' title='bbox 636 2695 781 2749; x_wconf 90' lang='lat' dir='ltr'><strong>enim</strong></span> <span class='ocrx_word' id='word_1_318' title='bbox 815 2694 1061 2750; x_wconf 80' lang='lat' dir='ltr'><strong>exterius</strong></span> <span class='ocrx_word' id='word_1_319' title='bbox 1106 2697 1355 2764; x_wconf 82' lang='lat' dir='ltr'><strong>provenit</strong></span> <span class='ocrx_word' id='word_1_320' title='bbox 1401 2707 1581 2761; x_wconf 84' lang='lat' dir='ltr'><strong>neque</strong></span> <span class='ocrx_word' id='word_1_321' title='bbox 1607 2705 1671 2745; x_wconf 75' lang='lat' dir='ltr'><strong>ex</strong></span> <span class='ocrx_word' id='word_1_322' title='bbox 1714 2698 1934 2759; x_wconf 88' lang='lat' dir='ltr'><strong>peccato</strong></span> <span class='ocrx_word' id='word_1_323' title='bbox 1966 2690 2067 2742; x_wconf 89' lang='lat' dir='ltr'><strong>cir-</strong></span> 
     </span>
    </p>
   </div>
   <div class='ocr_carea' id='block_1_43' title="bbox 480 2777 2067 2854">
    <p class='ocr_par' dir='ltr' id='par_1_43' title="bbox 480 2777 2067 2854">
     <span class='ocr_line' id='line_1_43' title="bbox 480 2777 2067 2854; baseline -0.007 -13"><span class='ocrx_word' id='word_1_324' title='bbox 480 2784 860 2854; x_wconf 88' lang='lat' dir='ltr'><strong>cumscriptio,</strong></span> <span class='ocrx_word' id='word_1_325' title='bbox 893 2785 1172 2851; x_wconf 86' lang='lat' dir='ltr'><strong>quomodo</strong></span> <span class='ocrx_word' id='word_1_326' title='bbox 1204 2780 1510 2851; x_wconf 86' lang='lat' dir='ltr'><strong>corruptela</strong></span> <span class='ocrx_word' id='word_1_327' title='bbox 1541 2788 1596 2833; x_wconf 90' lang='lat' dir='ltr'><strong>et</strong></span> <span class='ocrx_word' id='word_1_328' title='bbox 1623 2777 1742 2832; x_wconf 72' lang='lat' dir='ltr'><strong>alia:</strong></span> <span class='ocrx_word' id='word_1_329' title='bbox 1785 2777 2067 2847; x_wconf 84' lang='lat' dir='ltr'><strong>passiones</strong></span> 
     </span>
    </p>
   </div>
   <div class='ocr_carea' id='block_1_44' title="bbox 481 2870 2069 2943">
    <p class='ocr_par' dir='ltr' id='par_1_44' title="bbox 481 2870 2069 2943">
     <span class='ocr_line' id='line_1_44' title="bbox 481 2870 2069 2943; baseline -0.006 -12"><span class='ocrx_word' id='word_1_330' title='bbox 481 2877 883 2939; x_wconf 89' lang='lat' dir='ltr'><strong>subiutrarunt,</strong></span> <span class='ocrx_word' id='word_1_331' title='bbox 915 2875 1009 2930; x_wconf 91' lang='lat' dir='ltr'><strong>sed</strong></span> <span class='ocrx_word' id='word_1_332' title='bbox 1035 2888 1096 2929; x_wconf 89' lang='lat' dir='ltr'><strong>ea</strong></span> <span class='ocrx_word' id='word_1_333' title='bbox 1126 2872 1375 2943; x_wconf 84' lang='lat' dir='ltr'><strong>corporis</strong></span> <span class='ocrx_word' id='word_1_334' title='bbox 1398 2881 1484 2943; x_wconf 76' lang='lat' dir='ltr'><strong>est</strong></span> <span class='ocrx_word' id='word_1_335' title='bbox 1518 2870 1790 2940; x_wconf 79' lang='lat' dir='ltr'><strong>indigena,</strong></span> <span class='ocrx_word' id='word_1_336' title='bbox 1809 2878 2069 2938; x_wconf 83' lang='lat' dir='ltr'><strong>atquc,ut</strong></span> 
     </span>
    </p>
   </div>
   <div class='ocr_carea' id='block_1_45' title="bbox 485 2960 2069 3034">
    <p class='ocr_par' dir='ltr' id='par_1_45' title="bbox 485 2960 2069 3034">
     <span class='ocr_line' id='line_1_45' title="bbox 485 2960 2069 3034; baseline -0.007 -10"><span class='ocrx_word' id='word_1_337' title='bbox 485 2970 562 3024; x_wconf 85' lang='lat' dir='ltr'><strong>ita</strong></span> <span class='ocrx_word' id='word_1_338' title='bbox 599 2968 800 3033; x_wconf 89' lang='lat' dir='ltr'><strong>dicam,</strong></span> <span class='ocrx_word' id='word_1_339' title='bbox 829 2969 946 3023; x_wconf 64' lang='lat' dir='ltr'><strong>haec</strong></span> <span class='ocrx_word' id='word_1_340' title='bbox 977 2974 1060 3020; x_wconf 90' lang='lat' dir='ltr'><strong>est</strong></span> <span class='ocrx_word' id='word_1_341' title='bbox 1087 2965 1332 3034; x_wconf 87' lang='lat' dir='ltr'><strong>corporis</strong></span> <span class='ocrx_word' id='word_1_342' title='bbox 1365 2960 1798 3026; x_wconf 85' lang='lat' dir='ltr'><strong>circumstantia,</strong></span> <span class='ocrx_word' id='word_1_343' title='bbox 1821 2969 1876 3014; x_wconf 90' lang='lat' dir='ltr'><strong>ct</strong></span> <span class='ocrx_word' id='word_1_344' title='bbox 1902 2960 2069 3028; x_wconf 81' lang='lat' dir='ltr'><strong>ipsius</strong></span> 
     </span>
    </p>
   </div>
   <div class='ocr_carea' id='block_1_46' title="bbox 484 3052 2071 3130">
    <p class='ocr_par' dir='ltr' id='par_1_46' title="bbox 484 3052 2071 3130">
     <span class='ocr_line' id='line_1_46' title="bbox 484 3052 2071 3130; baseline -0.008 -16"><span class='ocrx_word' id='word_1_345' title='bbox 484 3062 751 3116; x_wconf 86' lang='lat' dir='ltr'><strong>terminus</strong></span> <span class='ocrx_word' id='word_1_346' title='bbox 786 3070 949 3130; x_wconf 90' lang='lat' dir='ltr'><strong>atque</strong></span> <span class='ocrx_word' id='word_1_347' title='bbox 1001 3058 1159 3114; x_wconf 84' lang='lat' dir='ltr'><strong>ratio.</strong></span> <span class='ocrx_word' id='word_1_348' title='bbox 1195 3055 1329 3111; x_wconf 83' lang='lat' dir='ltr'><strong>Nam</strong></span> <span class='ocrx_word' id='word_1_349' title='bbox 1390 3055 1548 3126; x_wconf 77' lang='lat'><strong>113</strong></span> <span class='ocrx_word' id='word_1_350' title='bbox 1600 3054 1646 3108; x_wconf 92' lang='lat' dir='ltr'><strong>si</strong></span> <span class='ocrx_word' id='word_1_351' title='bbox 1695 3053 1819 3123; x_wconf 89' lang='lat' dir='ltr'><strong>quis</strong></span> <span class='ocrx_word' id='word_1_352' title='bbox 1847 3052 2071 3108; x_wconf 80' lang='lat' dir='ltr'><strong>deﬁniat</strong></span> 
     </span>
    </p>
   </div>
   <div class='ocr_carea' id='block_1_47' title="bbox 484 3144 2071 3225">
    <p class='ocr_par' dir='ltr' id='par_1_47' title="bbox 484 3144 2071 3225">
     <span class='ocr_line' id='line_1_47' title="bbox 484 3144 2071 3225; baseline -0.011 -15"><span class='ocrx_word' id='word_1_353' title='bbox 484 3169 681 3225; x_wconf 86' lang='lat' dir='ltr'><strong>corpus</strong></span> <span class='ocrx_word' id='word_1_354' title='bbox 697 3152 893 3223; x_wconf 87' lang='lat' dir='ltr'><strong>triplici</strong></span> <span class='ocrx_word' id='word_1_355' title='bbox 916 3150 1178 3221; x_wconf 87' lang='lat' dir='ltr'><strong>qualitate</strong></span> <span class='ocrx_word' id='word_1_356' title='bbox 1196 3160 1475 3212; x_wconf 89' lang='lat' dir='ltr'><strong>constare,</strong></span> <span class='ocrx_word' id='word_1_357' title='bbox 1492 3146 1575 3200; x_wconf 86' lang='lat' dir='ltr'><strong>vel</strong></span> <span class='ocrx_word' id='word_1_358' title='bbox 1597 3144 1902 3215; x_wconf 81' lang='lat' dir='ltr'><strong>physicum,</strong></span> <span class='ocrx_word' id='word_1_359' title='bbox 1920 3155 2071 3211; x_wconf 79' lang='lat' dir='ltr'><strong>orga-</strong></span> 
     </span>
    </p>
   </div>
   <div class='ocr_carea' id='block_1_48' title="bbox 489 3325 2071 3405">
    <p class='ocr_par' dir='ltr' id='par_1_48' title="bbox 489 3325 2071 3405">
     <span class='ocr_line' id='line_1_48' title="bbox 489 3325 2071 3405; baseline -0.007 -14"><span class='ocrx_word' id='word_1_360' title='bbox 489 3337 653 3392; x_wconf 89' lang='lat' dir='ltr'><strong>miuis</strong></span> <span class='ocrx_word' id='word_1_361' title='bbox 700 3335 1191 3405; x_wconf 86' lang='lat' dir='ltr'><strong>comprehensum,</strong></span> <span class='ocrx_word' id='word_1_362' title='bbox 1222 3348 1342 3402; x_wconf 77' lang='lat' dir='ltr'><strong>qua:</strong></span> <span class='ocrx_word' id='word_1_363' title='bbox 1379 3329 1560 3387; x_wconf 88' lang='lat' dir='ltr'><strong>omnia</strong></span> <span class='ocrx_word' id='word_1_364' title='bbox 1602 3327 1773 3386; x_wconf 87' lang='lat' dir='ltr'><strong>nostri</strong></span> <span class='ocrx_word' id='word_1_365' title='bbox 1828 3325 2071 3396; x_wconf 83' lang='lat' dir='ltr'><strong>corporis</strong></span> 
     </span>
    </p>
   </div>
   <div class='ocr_carea' id='block_1_49' title="bbox 491 3416 2071 3499">
    <p class='ocr_par' dir='ltr' id='par_1_49' title="bbox 491 3416 2071 3499">
     <span class='ocr_line' id='line_1_49' title="bbox 491 3416 2071 3499; baseline -0.007 -20"><span class='ocrx_word' id='word_1_366' title='bbox 491 3427 708 3499; x_wconf 82' lang='lat' dir='ltr'><strong>propria</strong></span> <span class='ocrx_word' id='word_1_367' title='bbox 746 3434 896 3489; x_wconf 88' lang='lat' dir='ltr'><strong>sunt,</strong></span> <span class='ocrx_word' id='word_1_368' title='bbox 925 3424 1059 3478; x_wconf 83' lang='lat' dir='ltr'><strong>nihil</strong></span> <span class='ocrx_word' id='word_1_369' title='bbox 1092 3423 1236 3478; x_wconf 87' lang='lat' dir='ltr'><strong>aliud</strong></span> <span class='ocrx_word' id='word_1_370' title='bbox 1289 3437 1453 3493; x_wconf 87' lang='lat' dir='ltr'><strong>quam</strong></span> <span class='ocrx_word' id='word_1_371' title='bbox 1488 3419 1620 3475; x_wconf 90' lang='lat' dir='ltr'><strong>illud</strong></span> <span class='ocrx_word' id='word_1_372' title='bbox 1664 3431 1789 3474; x_wconf 86' lang='lat' dir='ltr'><strong>esse</strong></span> <span class='ocrx_word' id='word_1_373' title='bbox 1836 3416 2071 3471; x_wconf 88' lang='lat' dir='ltr'><strong>circum-</strong></span> 
     </span>
    </p>
   </div>
   <div class='ocr_carea' id='block_1_50' title="bbox 491 3513 1133 3588">
    <p class='ocr_par' dir='ltr' id='par_1_50' title="bbox 491 3513 1133 3588">
     <span class='ocr_line' id='line_1_50' title="bbox 491 3513 1133 3588; baseline -0.009 -14"><span class='ocrx_word' id='word_1_374' title='bbox 491 3518 758 3588; x_wconf 86' lang='lat' dir='ltr'><strong>scriptum</strong></span> <span class='ocrx_word' id='word_1_375' title='bbox 792 3513 1133 3585; x_wconf 83' lang='lat' dir='ltr'><strong>signiﬁcabit.</strong></span> 
     </span>
    </p>
   </div>
   <div class='ocr_carea' id='block_1_51' title="bbox 566 3618 2071 3697">
    <p class='ocr_par' dir='ltr' id='par_1_51' title="bbox 566 3618 2071 3697">
     <span class='ocr_line' id='line_1_51' title="bbox 566 3618 2071 3697; baseline -0.008 -11"><span class='ocrx_word' id='word_1_376' title='bbox 566 3630 697 3686; x_wconf 82' lang='lat' dir='ltr'><strong>Post</strong></span> <span class='ocrx_word' id='word_1_377' title='bbox 731 3627 1186 3685; x_wconf 87' lang='lat' dir='ltr'><strong>resurrectionem</strong></span> <span class='ocrx_word' id='word_1_378' title='bbox 1238 3625 1406 3697; x_wconf 86' lang='lat' dir='ltr'><strong>igitur</strong></span> <span class='ocrx_word' id='word_1_379' title='bbox 1457 3638 1488 3678; x_wconf 88' lang='lat' dir='ltr'><strong>a</strong></span> <span class='ocrx_word' id='word_1_380' title='bbox 1539 3622 1793 3687; x_wconf 87' lang='lat' dir='ltr'><strong>mortuis,</strong></span> <span class='ocrx_word' id='word_1_381' title='bbox 1864 3618 2071 3675; x_wconf 86' lang='lat' dir='ltr'><strong>Christi</strong></span> 
     </span>
    </p>
   </div>
   <div class='ocr_carea' id='block_1_52' title="bbox 2159 1940 3745 2033">
    <p class='ocr_par' dir='ltr' id='par_1_52' title="bbox 2159 1940 3745 2033">
     <span class='ocr_line' id='line_1_52' title="bbox 2159 1940 3745 2033; baseline -0.013 -18"><span class='ocrx_word' id='word_1_382' title='bbox 2159 1964 2439 2033; x_wconf 78' lang='grc' dir='ltr'>ἐφρησεν;</span> <span class='ocrx_word' id='word_1_383' title='bbox 2473 1956 2672 2013; x_wconf 69' lang='grc' dir='ltr'>οὐκοῦν</span> <span class='ocrx_word' id='word_1_384' title='bbox 2702 1956 3010 2021; x_wconf 78' lang='grc' dir='ltr'>καινίζεται</span> <span class='ocrx_word' id='word_1_385' title='bbox 3044 1953 3143 2024; x_wconf 78' lang='grc' dir='ltr'><strong>μὲν</strong></span> <span class='ocrx_word' id='word_1_386' title='bbox 3170 1953 3205 2022; x_wconf 85' lang='grc' dir='ltr'><strong>ἡ</strong></span> <span class='ocrx_word' id='word_1_387' title='bbox 3229 1950 3391 2020; x_wconf 84' lang='grc' dir='ltr'>φύσις</span> <span class='ocrx_word' id='word_1_388' title='bbox 3426 1948 3485 2000; x_wconf 75' lang='grc' dir='ltr'><strong>ὲν</strong></span> <span class='ocrx_word' id='word_1_389' title='bbox 3518 1940 3745 2016; x_wconf 82' lang='grc' dir='ltr'>Χριστῷ</span> 
     </span>
    </p>
   </div>
   <div class='ocr_carea' id='block_1_53' title="bbox 2159 2036 3742 2117">
    <p class='ocr_par' dir='ltr' id='par_1_53' title="bbox 2159 2036 3742 2117">
     <span class='ocr_line' id='line_1_53' title="bbox 2159 2036 3742 2117; baseline -0.012 -9"><span class='ocrx_word' id='word_1_390' title='bbox 2159 2056 2256 2108; x_wconf 73' lang='grc' dir='ltr'>καὶ</span> <span class='ocrx_word' id='word_1_391' title='bbox 2289 2051 2638 2116; x_wconf 77' lang='grc' dir='ltr'>ἀνασώζεται</span> <span class='ocrx_word' id='word_1_392' title='bbox 2659 2067 2675 2081; x_wconf 88' lang='grc'><strong>·</strong></span> <span class='ocrx_word' id='word_1_393' title='bbox 2701 2048 2798 2103; x_wconf 71' lang='grc' dir='ltr'>καὶ</span> <span class='ocrx_word' id='word_1_394' title='bbox 2826 2047 2855 2102; x_wconf 82' lang='grc' dir='ltr'><strong>ὃ</strong></span> <span class='ocrx_word' id='word_1_395' title='bbox 2882 2045 3291 2117; x_wconf 77' lang='grc' dir='ltr'>προσείληπται</span> <span class='ocrx_word' id='word_1_396' title='bbox 3318 2041 3399 2113; x_wconf 87' lang='grc' dir='ltr'><strong>τῷ</strong></span> <span class='ocrx_word' id='word_1_397' title='bbox 3418 2037 3541 2110; x_wconf 79' lang='grc' dir='ltr'><strong>Θεῷ</strong></span> <span class='ocrx_word' id='word_1_398' title='bbox 3560 2036 3742 2107; x_wconf 84' lang='grc' dir='ltr'>σῶμα,</span> 
     </span>
    </p>
   </div>
   <div class='ocr_carea' id='block_1_54' title="bbox 2157 2127 3745 2214">
    <p class='ocr_par' dir='ltr' id='par_1_54' title="bbox 2157 2127 3745 2214">
     <span class='ocr_line' id='line_1_54' title="bbox 2157 2127 3745 2214; baseline -0.011 -16"><span class='ocrx_word' id='word_1_399' title='bbox 2157 2144 2425 2198; x_wconf 69' lang='grc' dir='ltr'>τεθεωται</span> <span class='ocrx_word' id='word_1_400' title='bbox 2460 2143 2561 2214; x_wconf 76' lang='grc' dir='ltr'>μὲν</span> <span class='ocrx_word' id='word_1_401' title='bbox 2587 2141 2735 2205; x_wconf 84' lang='grc' dir='ltr'>ὅλον,</span> <span class='ocrx_word' id='word_1_402' title='bbox 2767 2140 2861 2193; x_wconf 73' lang='grc' dir='ltr'><strong>ἐπὶ</strong></span> <span class='ocrx_word' id='word_1_403' title='bbox 2886 2139 2948 2192; x_wconf 86' lang='grc' dir='ltr'>τὸ</span> <span class='ocrx_word' id='word_1_404' title='bbox 2985 2137 3197 2209; x_wconf 77' lang='grc' dir='ltr'>βέλτιον</span> <span class='ocrx_word' id='word_1_405' title='bbox 3226 2127 3745 2207; x_wconf 81' lang='grc' dir='ltr'>μεταστοιχειούμε-</span> 
     </span>
    </p>
   </div>
   <div class='ocr_carea' id='block_1_55' title="bbox 2162 2222 3742 2306">
    <p class='ocr_par' dir='ltr' id='par_1_55' title="bbox 2162 2222 3742 2306">
     <span class='ocr_line' id='line_1_55' title="bbox 2162 2222 3742 2306; baseline -0.011 -16"><span class='ocrx_word' id='word_1_406' title='bbox 2162 2252 2274 2301; x_wconf 88' lang='grc' dir='ltr'>νον,</span> <span class='ocrx_word' id='word_1_407' title='bbox 2314 2235 2410 2289; x_wconf 75' lang='grc' dir='ltr'>καὶ</span> <span class='ocrx_word' id='word_1_408' title='bbox 2441 2234 2564 2299; x_wconf 84' lang='grc' dir='ltr'>ταῐς</span> <span class='ocrx_word' id='word_1_409' title='bbox 2608 2234 2875 2306; x_wconf 77' lang='grc' dir='ltr'>ἀρρήτοις</span> <span class='ocrx_word' id='word_1_410' title='bbox 2918 2227 3201 2290; x_wconf 81' lang='grc' dir='ltr'>εὐκλείαις</span> <span class='ocrx_word' id='word_1_411' title='bbox 3241 2222 3742 2293; x_wconf 82' lang='grc' dir='ltr'>καταστεφόμενον,</span> 
     </span>
    </p>
   </div>
   <div class='ocr_carea' id='block_1_56' title="bbox 2162 2312 3748 2398">
    <p class='ocr_par' dir='ltr' id='par_1_56' title="bbox 2162 2312 3748 2398">
     <span class='ocr_line' id='line_1_56' title="bbox 2162 2312 3748 2398; baseline -0.009 -19"><span class='ocrx_word' id='word_1_412' title='bbox 2162 2326 2541 2398; x_wconf 87' lang='grc' dir='ltr'>πνευματικόν</span> <span class='ocrx_word' id='word_1_413' title='bbox 2567 2341 2629 2378; x_wconf 89' lang='grc' dir='ltr'><strong>τε</strong></span> <span class='ocrx_word' id='word_1_414' title='bbox 2684 2319 2756 2396; x_wconf 79' lang='grc' dir='ltr'><strong>ἦν</strong></span> <span class='ocrx_word' id='word_1_415' title='bbox 2785 2322 2997 2387; x_wconf 79' lang='grc' dir='ltr'>λοιπὸν,</span> <span class='ocrx_word' id='word_1_416' title='bbox 3048 2321 3144 2374; x_wconf 80' lang='grc' dir='ltr'>καὶ</span> <span class='ocrx_word' id='word_1_417' title='bbox 3198 2320 3381 2373; x_wconf 82' lang='grc' dir='ltr'>πᾶσαν</span> <span class='ocrx_word' id='word_1_418' title='bbox 3419 2312 3748 2384; x_wconf 71' lang='grc' dir='ltr'>ύπερῦαϊνον</span> 
     </span>
    </p>
   </div>
   <div class='ocr_carea' id='block_1_57' title="bbox 2164 2401 3746 2487">
    <p class='ocr_par' dir='ltr' id='par_1_57' title="bbox 2164 2401 3746 2487">
     <span class='ocr_line' id='line_1_57' title="bbox 2164 2401 3746 2487; baseline -0.01 -15"><span class='ocrx_word' id='word_1_419' title='bbox 2164 2416 2358 2471; x_wconf 86' lang='grc' dir='ltr'>ύλαίαν</span> <span class='ocrx_word' id='word_1_420' title='bbox 2389 2419 2483 2471; x_wconf 79' lang='grc' dir='ltr'>καὶ</span> <span class='ocrx_word' id='word_1_421' title='bbox 2513 2415 2696 2487; x_wconf 81' lang='grc' dir='ltr'>γεώδη</span> <span class='ocrx_word' id='word_1_422' title='bbox 2729 2411 3055 2485; x_wconf 75' lang='grc' dir='ltr'>παχύτηταο</span> <span class='ocrx_word' id='word_1_423' title='bbox 3092 2411 3153 2465; x_wconf 77' lang='grc' dir='ltr'>τὸ</span> <span class='ocrx_word' id='word_1_424' title='bbox 3179 2410 3238 2464; x_wconf 76' lang='grc' dir='ltr'>δὲ</span> <span class='ocrx_word' id='word_1_425' title='bbox 3291 2406 3434 2462; x_wconf 77' lang='grc' dir='ltr'>εῖναι</span> <span class='ocrx_word' id='word_1_426' title='bbox 3487 2403 3647 2475; x_wconf 85' lang='grc' dir='ltr'>σῶμα</span> <span class='ocrx_word' id='word_1_427' title='bbox 3682 2401 3746 2455; x_wconf 81' lang='grc' dir='ltr'><strong>ού</strong></span> 
     </span>
    </p>
   </div>
   <div class='ocr_carea' id='block_1_58' title="bbox 2166 2494 3750 2582">
    <p class='ocr_par' dir='ltr' id='par_1_58' title="bbox 2166 2494 3750 2582">
     <span class='ocr_line' id='line_1_58' title="bbox 2166 2494 3750 2582; baseline -0.01 -18"><span class='ocrx_word' id='word_1_428' title='bbox 2166 2510 2507 2582; x_wconf 74' lang='grc' dir='ltr'>παρῄτηται,</span> <span class='ocrx_word' id='word_1_429' title='bbox 2541 2509 2705 2579; x_wconf 85' lang='grc' dir='ltr'>σῶμα</span> <span class='ocrx_word' id='word_1_430' title='bbox 2735 2507 2793 2561; x_wconf 83' lang='grc' dir='ltr'>δὲ</span> <span class='ocrx_word' id='word_1_431' title='bbox 2847 2504 3160 2578; x_wconf 81' lang='grc' dir='ltr'>μεμενηκδς</span> <span class='ocrx_word' id='word_1_432' title='bbox 3191 2502 3296 2556; x_wconf 77' lang='grc' dir='ltr'>κᾶν</span> <span class='ocrx_word' id='word_1_433' title='bbox 3324 2497 3613 2555; x_wconf 80' lang='grc' dir='ltr'>ὁποιονοῦν</span> <span class='ocrx_word' id='word_1_434' title='bbox 3654 2494 3750 2549; x_wconf 72' lang='grc' dir='ltr'>καὶ</span> 
     </span>
    </p>
   </div>
   <div class='ocr_carea' id='block_1_59' title="bbox 2164 2587 3751 2672">
    <p class='ocr_par' dir='ltr' id='par_1_59' title="bbox 2164 2587 3751 2672">
     <span class='ocr_line' id='line_1_59' title="bbox 2164 2587 3751 2672; baseline -0.011 -15"><span class='ocrx_word' id='word_1_435' title='bbox 2164 2605 2315 2666; x_wconf 81' lang='grc' dir='ltr'>ὅπως</span> <span class='ocrx_word' id='word_1_436' title='bbox 2354 2602 2499 2672; x_wconf 73' lang='grc' dir='ltr'>ἔχον,</span> <span class='ocrx_word' id='word_1_437' title='bbox 2554 2600 2651 2653; x_wconf 75' lang='grc' dir='ltr'>καὶ</span> <span class='ocrx_word' id='word_1_438' title='bbox 2696 2595 3141 2668; x_wconf 76' lang='grc' dir='ltr'>περιγράφεσθαι</span> <span class='ocrx_word' id='word_1_439' title='bbox 3190 2592 3473 2662; x_wconf 79' lang='grc' dir='ltr'>πέφυκεν·</span> <span class='ocrx_word' id='word_1_440' title='bbox 3527 2590 3589 2643; x_wconf 86' lang='grc' dir='ltr'>οὐ</span> <span class='ocrx_word' id='word_1_441' title='bbox 3640 2587 3751 2659; x_wconf 91' lang='lat'><strong>7&amp;9</strong></span> 
     </span>
    </p>
   </div>
   <div class='ocr_carea' id='block_1_60' title="bbox 2167 2679 3748 2760">
    <p class='ocr_par' dir='ltr' id='par_1_60' title="bbox 2167 2679 3748 2760">
     <span class='ocr_line' id='line_1_60' title="bbox 2167 2679 3748 2760; baseline -0.01 -13"><span class='ocrx_word' id='word_1_442' title='bbox 2167 2693 2369 2759; x_wconf 77' lang='grc' dir='ltr'>ἔξωθεν</span> <span class='ocrx_word' id='word_1_443' title='bbox 2396 2691 2492 2745; x_wconf 63' lang='grc' dir='ltr'><strong>καὶ⁵</strong></span> <span class='ocrx_word' id='word_1_444' title='bbox 2520 2691 2586 2744; x_wconf 73' lang='grc' dir='ltr'>ἐκ</span> <span class='ocrx_word' id='word_1_445' title='bbox 2612 2689 2710 2760; x_wconf 81' lang='grc' dir='ltr'>τῆς</span> <span class='ocrx_word' id='word_1_446' title='bbox 2745 2686 3023 2757; x_wconf 83' lang='grc' dir='ltr'>ἁμαρτίας</span> <span class='ocrx_word' id='word_1_447' title='bbox 3055 2686 3088 2757; x_wconf 81' lang='grc' dir='ltr'><strong>ἡ</strong></span> <span class='ocrx_word' id='word_1_448' title='bbox 3117 2682 3466 2755; x_wconf 78' lang='grc' dir='ltr'>περιγραφὴ,</span> <span class='ocrx_word' id='word_1_449' title='bbox 3500 2679 3690 2750; x_wconf 86' lang='grc' dir='ltr'>ὥσπερ</span> <span class='ocrx_word' id='word_1_450' title='bbox 3714 2680 3748 2749; x_wconf 82' lang='grc' dir='ltr'>ἡ</span> 
     </span>
    </p>
   </div>
   <div class='ocr_carea' id='block_1_61' title="bbox 2168 2772 3754 2856">
    <p class='ocr_par' dir='ltr' id='par_1_61' title="bbox 2168 2772 3754 2856">
     <span class='ocr_line' id='line_1_61' title="bbox 2168 2772 3754 2856; baseline -0.009 -17"><span class='ocrx_word' id='word_1_451' title='bbox 2168 2785 2346 2856; x_wconf 79' lang='grc' dir='ltr'>φθορὰ</span> <span class='ocrx_word' id='word_1_452' title='bbox 2368 2784 2464 2837; x_wconf 68' lang='grc' dir='ltr'>καὶ</span> <span class='ocrx_word' id='word_1_453' title='bbox 2490 2780 2661 2837; x_wconf 80' lang='grc' dir='ltr'>τᾶλλα</span> <span class='ocrx_word' id='word_1_454' title='bbox 2687 2777 3209 2851; x_wconf 62' lang='grc' dir='ltr'>πάἒηὲπεισῆκται,</span> <span class='ocrx_word' id='word_1_455' title='bbox 3232 2775 3350 2831; x_wconf 85' lang='grc' dir='ltr'>ἀλλ’</span> <span class='ocrx_word' id='word_1_456' title='bbox 3372 2772 3628 2828; x_wconf 73' lang='grc' dir='ltr'>αὐτόθεν·</span> <span class='ocrx_word' id='word_1_457' title='bbox 3657 2772 3754 2825; x_wconf 72' lang='grc' dir='ltr'>καὶ</span> 
     </span>
    </p>
   </div>
   <div class='ocr_carea' id='block_1_62' title="bbox 2167 2861 3753 2943">
    <p class='ocr_par' dir='ltr' id='par_1_62' title="bbox 2167 2861 3753 2943">
     <span class='ocr_line' id='line_1_62' title="bbox 2167 2861 3753 2943; baseline -0.011 -12"><span class='ocrx_word' id='word_1_458' title='bbox 2167 2878 2240 2941; x_wconf 83' lang='grc' dir='ltr'>ὡς</span> <span class='ocrx_word' id='word_1_459' title='bbox 2263 2876 2331 2931; x_wconf 83' lang='grc' dir='ltr'>ἂν</span> <span class='ocrx_word' id='word_1_460' title='bbox 2356 2876 2502 2929; x_wconf 84' lang='grc' dir='ltr'>είποι</span> <span class='ocrx_word' id='word_1_461' title='bbox 2530 2891 2615 2938; x_wconf 90' lang='grc' dir='ltr'><strong>τις</strong></span> <span class='ocrx_word' id='word_1_462' title='bbox 2645 2875 2678 2943; x_wconf 80' lang='grc' dir='ltr'>ἡ</span> <span class='ocrx_word' id='word_1_463' title='bbox 2707 2870 2804 2925; x_wconf 81' lang='grc' dir='ltr'>τοῦ</span> <span class='ocrx_word' id='word_1_464' title='bbox 2831 2870 3083 2942; x_wconf 82' lang='grc' dir='ltr'>σώματος</span> <span class='ocrx_word' id='word_1_465' title='bbox 3106 2869 3430 2940; x_wconf 86' lang='grc' dir='ltr'>περίστασις</span> <span class='ocrx_word' id='word_1_466' title='bbox 3457 2864 3553 2918; x_wconf 77' lang='grc' dir='ltr'>καὶ</span> <span class='ocrx_word' id='word_1_467' title='bbox 3573 2866 3602 2917; x_wconf 86' lang='grc' dir='ltr'>ὁ</span> <span class='ocrx_word' id='word_1_468' title='bbox 3630 2861 3753 2915; x_wconf 77' lang='grc' dir='ltr'>κατ’</span> 
     </span>
    </p>
   </div>
   <div class='ocr_carea' id='block_1_63' title="bbox 2169 2953 3757 3038">
    <p class='ocr_par' dir='ltr' id='par_1_63' title="bbox 2169 2953 3757 3038">
     <span class='ocr_line' id='line_1_63' title="bbox 2169 2953 3757 3038; baseline -0.01 -16"><span class='ocrx_word' id='word_1_469' title='bbox 2169 2969 2302 3022; x_wconf 79' lang='grc' dir='ltr'>αύτδ</span> <span class='ocrx_word' id='word_1_470' title='bbox 2329 2969 2456 3038; x_wconf 83' lang='grc' dir='ltr'>ὅρος</span> <span class='ocrx_word' id='word_1_471' title='bbox 2479 2983 2538 3019; x_wconf 87' lang='grc' dir='ltr'><strong>τε</strong></span> <span class='ocrx_word' id='word_1_472' title='bbox 2571 2966 2670 3018; x_wconf 69' lang='grc' dir='ltr'>καὶ</span> <span class='ocrx_word' id='word_1_473' title='bbox 2693 2963 2855 3031; x_wconf 83' lang='grc' dir='ltr'>λόγος</span> <span class='ocrx_word' id='word_1_474' title='bbox 2880 2979 2893 2994; x_wconf 91' lang='grc'><strong>·</strong></span> <span class='ocrx_word' id='word_1_475' title='bbox 2917 2962 2966 3015; x_wconf 83' lang='grc' dir='ltr'><strong>εί</strong></span> <span class='ocrx_word' id='word_1_476' title='bbox 2988 2961 3098 3030; x_wconf 81' lang='grc' dir='ltr'>γάρ</span> <span class='ocrx_word' id='word_1_477' title='bbox 3125 2975 3207 3025; x_wconf 87' lang='grc' dir='ltr'><strong>τις</strong></span> <span class='ocrx_word' id='word_1_478' title='bbox 3233 2957 3480 3029; x_wconf 81' lang='grc' dir='ltr'>ὁρίσαιτο</span> <span class='ocrx_word' id='word_1_479' title='bbox 3509 2954 3572 3008; x_wconf 77' lang='grc' dir='ltr'>τὸ</span> <span class='ocrx_word' id='word_1_480' title='bbox 3596 2953 3757 3024; x_wconf 89' lang='grc' dir='ltr'>σῶμα</span> 
     </span>
    </p>
   </div>
   <div class='ocr_carea' id='block_1_64' title="bbox 2170 3046 3758 3130">
    <p class='ocr_par' dir='ltr' id='par_1_64' title="bbox 2170 3046 3758 3130">
     <span class='ocr_line' id='line_1_64' title="bbox 2170 3046 3758 3130; baseline -0.011 -15"><span class='ocrx_word' id='word_1_481' title='bbox 2170 3057 2309 3115; x_wconf 75' lang='grc' dir='ltr'>εἶναι</span> <span class='ocrx_word' id='word_1_482' title='bbox 2336 3061 2499 3130; x_wconf 88' lang='grc' dir='ltr'>τριχῆ</span> <span class='ocrx_word' id='word_1_483' title='bbox 2528 3054 2842 3118; x_wconf 73' lang='grc' dir='ltr'>διαστατὺν,</span> <span class='ocrx_word' id='word_1_484' title='bbox 2895 3053 2927 3124; x_wconf 81' lang='grc' dir='ltr'>ἢ</span> <span class='ocrx_word' id='word_1_485' title='bbox 2960 3050 3216 3124; x_wconf 77' lang='grc' dir='ltr'>φυσικὸν,</span> <span class='ocrx_word' id='word_1_486' title='bbox 3248 3046 3558 3121; x_wconf 80' lang='grc' dir='ltr'>ὀργανικὸν,</span> <span class='ocrx_word' id='word_1_487' title='bbox 3595 3046 3758 3100; x_wconf 72' lang='lat' dir='ltr'><strong>sm-</strong></span> 
     </span>
    </p>
   </div>
   <div class='ocr_carea' id='block_1_65' title="bbox 2176 3137 3757 3224">
    <p class='ocr_par' dir='ltr' id='par_1_65' title="bbox 2176 3137 3757 3224">
     <span class='ocr_line' id='line_1_65' title="bbox 2176 3137 3757 3224; baseline -0.011 -17"><span class='ocrx_word' id='word_1_488' title='bbox 2176 3171 2266 3224; x_wconf 82' lang='grc' dir='ltr'><strong>μει</strong></span> <span class='ocrx_word' id='word_1_489' title='bbox 2310 3152 2461 3222; x_wconf 78' lang='grc' dir='ltr'><strong>ζωὴν</strong></span> <span class='ocrx_word' id='word_1_490' title='bbox 2508 3141 2654 3220; x_wconf 70' lang='grc' dir='ltr'>ἔχον,</span> <span class='ocrx_word' id='word_1_491' title='bbox 2695 3147 2731 3218; x_wconf 77' lang='grc' dir='ltr'>ἢ</span> <span class='ocrx_word' id='word_1_492' title='bbox 2775 3146 2837 3199; x_wconf 72' lang='grc' dir='ltr'><strong>τὺ</strong></span> <span class='ocrx_word' id='word_1_493' title='bbox 2883 3141 3364 3216; x_wconf 80' lang='grc' dir='ltr'>ἐσχηματισμένον</span> <span class='ocrx_word' id='word_1_494' title='bbox 3408 3139 3505 3194; x_wconf 73' lang='grc' dir='ltr'>καὶ</span> <span class='ocrx_word' id='word_1_495' title='bbox 3553 3137 3757 3208; x_wconf 80' lang='grc' dir='ltr'>πέρασι</span> 
     </span>
    </p>
   </div>
   <div class='ocr_carea' id='block_1_66' title="bbox 362 3230 2058 3316">
    <p class='ocr_par' dir='ltr' id='par_1_66' title="bbox 362 3237 2058 3311">
     <span class='ocr_line' id='line_1_66' title="bbox 362 3237 2058 3311; baseline -0.009 -9"><span class='ocrx_word' id='word_1_496' title='bbox 362 3266 385 3283; x_wconf 64' lang='grc' dir='ltr'><em>θ</em></span> <span class='ocrx_word' id='word_1_497' title='bbox 488 3246 691 3311; x_wconf 87' lang='lat' dir='ltr'><strong>nicum,</strong></span> <span class='ocrx_word' id='word_1_498' title='bbox 729 3244 921 3299; x_wconf 89' lang='lat' dir='ltr'><strong>intima</strong></span> <span class='ocrx_word' id='word_1_499' title='bbox 951 3242 1154 3297; x_wconf 85' lang='lat' dir='ltr'><strong>virtute</strong></span> <span class='ocrx_word' id='word_1_500' title='bbox 1195 3240 1414 3305; x_wconf 78' lang='lat' dir='ltr'><strong>vivens;</strong></span> <span class='ocrx_word' id='word_1_501' title='bbox 1441 3237 1525 3293; x_wconf 84' lang='lat' dir='ltr'><strong>vel</strong></span> <span class='ocrx_word' id='word_1_502' title='bbox 1569 3238 1860 3307; x_wconf 83' lang='lat' dir='ltr'><strong>ﬁguratum</strong></span> <span class='ocrx_word' id='word_1_503' title='bbox 1881 3243 1934 3289; x_wconf 88' lang='lat' dir='ltr'><strong>et</strong></span> <span class='ocrx_word' id='word_1_504' title='bbox 1963 3242 2058 3287; x_wconf 86' lang='lat' dir='ltr'><strong>ter-</strong></span> 
     </span>
    </p>
   </div>
   <div class='ocr_carea' id='block_1_67' title="bbox 2159 3230 3759 3316">
    <p class='ocr_par' dir='ltr' id='par_1_67' title="bbox 2175 3230 3759 3316">
     <span class='ocr_line' id='line_1_67' title="bbox 2175 3230 3759 3316; baseline -0.011 -17"><span class='ocrx_word' id='word_1_505' title='bbox 2175 3242 2586 3316; x_wconf 76' lang='grc' dir='ltr'>διειλημμένον,</span> <span class='ocrx_word' id='word_1_506' title='bbox 2608 3240 2752 3311; x_wconf 79' lang='grc' dir='ltr'>ἀπερ</span> <span class='ocrx_word' id='word_1_507' title='bbox 2781 3237 3008 3299; x_wconf 77' lang='grc' dir='ltr'>οἰκείως</span> <span class='ocrx_word' id='word_1_508' title='bbox 3040 3237 3138 3290; x_wconf 68' lang='grc' dir='ltr'><strong>ἐπὶ</strong></span> <span class='ocrx_word' id='word_1_509' title='bbox 3164 3234 3259 3289; x_wconf 81' lang='grc' dir='ltr'><strong>τοῦ</strong></span> <span class='ocrx_word' id='word_1_510' title='bbox 3286 3232 3410 3288; x_wconf 81' lang='grc' dir='ltr'>καθ’</span> <span class='ocrx_word' id='word_1_511' title='bbox 3440 3232 3590 3303; x_wconf 77' lang='grc' dir='ltr'>ἡμᾶς</span> <span class='ocrx_word' id='word_1_512' title='bbox 3618 3230 3759 3299; x_wconf 80' lang='grc' dir='ltr'>λαμο</span> 
     </span>
    </p>
   </div>
   <div class='ocr_carea' id='block_1_68' title="bbox 2178 3321 3763 3405">
    <p class='ocr_par' dir='ltr' id='par_1_68' title="bbox 2178 3321 3763 3405">
     <span class='ocr_line' id='line_1_68' title="bbox 2178 3321 3763 3405; baseline -0.011 -14"><span class='ocrx_word' id='word_1_513' title='bbox 2178 3337 2404 3393; x_wconf 82' lang='grc' dir='ltr'>ϐἀνεται</span> <span class='ocrx_word' id='word_1_514' title='bbox 2456 3334 2733 3405; x_wconf 83' lang='grc' dir='ltr'>σώματος,</span> <span class='ocrx_word' id='word_1_515' title='bbox 2779 3331 2935 3385; x_wconf 82' lang='grc' dir='ltr'>οὐδὲν</span> <span class='ocrx_word' id='word_1_516' title='bbox 2968 3327 3223 3401; x_wconf 76' lang='grc' dir='ltr'>ἓτερονῆ</span> <span class='ocrx_word' id='word_1_517' title='bbox 3269 3325 3333 3380; x_wconf 74' lang='grc' dir='ltr'><strong>τὸ</strong></span> <span class='ocrx_word' id='word_1_518' title='bbox 3381 3321 3763 3397; x_wconf 75' lang='grc' dir='ltr'>περιγραπτδν</span> 
     </span>
    </p>
   </div>
   <div class='ocr_carea' id='block_1_69' title="bbox 2178 3421 2963 3496">
    <p class='ocr_par' dir='ltr' id='par_1_69' title="bbox 2178 3421 2963 3496">
     <span class='ocr_line' id='line_1_69' title="bbox 2178 3421 2963 3496; baseline -0.01 -11"><span class='ocrx_word' id='word_1_519' title='bbox 2178 3428 2316 3486; x_wconf 79' lang='grc' dir='ltr'>αὐτὸ</span> <span class='ocrx_word' id='word_1_520' title='bbox 2351 3421 2493 3481; x_wconf 84' lang='grc' dir='ltr'>εἷναι</span> <span class='ocrx_word' id='word_1_521' title='bbox 2524 3425 2963 3496; x_wconf 81' lang='grc' dir='ltr'>κατασημήνειε.</span> 
     </span>
    </p>
   </div>
   <div class='ocr_carea' id='block_1_70' title="bbox 2251 3599 3761 3682">
    <p class='ocr_par' dir='ltr' id='par_1_70' title="bbox 2251 3599 3761 3682">
     <span class='ocr_line' id='line_1_70' title="bbox 2251 3599 3761 3682; baseline -0.011 -12"><span class='ocrx_word' id='word_1_522' title='bbox 2251 3612 2408 3670; x_wconf 74' lang='grc' dir='ltr'>Μετὰ</span> <span class='ocrx_word' id='word_1_523' title='bbox 2457 3611 2595 3681; x_wconf 79' lang='grc' dir='ltr'>γοῦν</span> <span class='ocrx_word' id='word_1_524' title='bbox 2627 3609 2727 3682; x_wconf 79' lang='grc' dir='ltr'>τὴν</span> <span class='ocrx_word' id='word_1_525' title='bbox 2785 3609 2851 3662; x_wconf 83' lang='grc' dir='ltr'>ὲκ</span> <span class='ocrx_word' id='word_1_526' title='bbox 2898 3605 3114 3679; x_wconf 83' lang='grc' dir='ltr'>νεκρῶν</span> <span class='ocrx_word' id='word_1_527' title='bbox 3182 3603 3501 3671; x_wconf 77' lang='grc' dir='ltr'>ἀναϐίωσιν,</span> <span class='ocrx_word' id='word_1_528' title='bbox 3557 3600 3619 3655; x_wconf 80' lang='grc' dir='ltr'>τὸ</span> <span class='ocrx_word' id='word_1_529' title='bbox 3664 3599 3761 3654; x_wconf 77' lang='grc' dir='ltr'><strong>τοῦ</strong></span> 
     </span>
    </p>
   </div>
   <div class='ocr_carea' id='block_1_71' title="bbox 497 3694 2058 3794">
    <p class='ocr_par' dir='ltr' id='par_1_71' title="bbox 497 3694 2050 3794">
     <span class='ocr_line' id='line_1_71' title="bbox 497 3694 2050 3794; baseline -0.01 -13"><span class='ocrx_word' id='word_1_530' title='bbox 497 3738 721 3794; x_wconf 89' lang='lat' dir='ltr'><strong>corpus,</strong></span> <span class='ocrx_word' id='word_1_531' title='bbox 753 3733 1065 3792; x_wconf 87' lang='lat' dir='ltr'><strong>quanquam</strong></span> <span class='ocrx_word' id='word_1_532' title='bbox 1103 3694 1358 3774; x_wconf 75' lang='lat' dir='ltr'><strong>deiﬁcato</strong></span> <span class='ocrx_word' id='word_1_533' title='bbox 1395 3714 1577 3772; x_wconf 88' lang='lat' dir='ltr'><strong>simile</strong></span> <span class='ocrx_word' id='word_1_534' title='bbox 1607 3710 2050 3794; x_wconf 76' lang='lat' dir='ltr'><strong>totumapparuit</strong></span> 
     </span>
    </p>
   </div>
   <div class='ocr_carea' id='block_1_72' title="bbox 2159 3694 3760 3794">
    <p class='ocr_par' dir='ltr' id='par_1_72' title="bbox 2182 3694 3760 3780">
     <span class='ocr_line' id='line_1_72' title="bbox 2182 3694 3760 3780; baseline -0.006 -20"><span class='ocrx_word' id='word_1_535' title='bbox 2182 3704 2425 3780; x_wconf 82' lang='grc' dir='ltr'>Χριστοῦ</span> <span class='ocrx_word' id='word_1_536' title='bbox 2463 3704 2644 3774; x_wconf 83' lang='grc' dir='ltr'>σῶμα,</span> <span class='ocrx_word' id='word_1_537' title='bbox 2677 3700 2858 3756; x_wconf 88' lang='grc' dir='ltr'>καίτοι</span> <span class='ocrx_word' id='word_1_538' title='bbox 2891 3697 3304 3753; x_wconf 80' lang='grc' dir='ltr'>θεοειδέστατον</span> <span class='ocrx_word' id='word_1_539' title='bbox 3340 3695 3460 3750; x_wconf 85' lang='grc' dir='ltr'>ὅλον</span> <span class='ocrx_word' id='word_1_540' title='bbox 3502 3694 3760 3764; x_wconf 67' lang='grc' dir='ltr'>πεφηνὸς.</span> 
     </span>
    </p>
   </div>
   <div class='ocr_carea' id='block_1_73' title="bbox 499 3786 2058 3879">
    <p class='ocr_par' dir='ltr' id='par_1_73' title="bbox 499 3790 2058 3879">
     <span class='ocr_line' id='line_1_73' title="bbox 499 3790 2058 3879; baseline -0.012 -6"><span class='ocrx_word' id='word_1_541' title='bbox 499 3816 670 3873; x_wconf 83' lang='lat' dir='ltr'><strong>nihilo</strong></span> <span class='ocrx_word' id='word_1_542' title='bbox 702 3824 884 3870; x_wconf 83' lang='lat' dir='ltr'><strong>tamen</strong></span> <span class='ocrx_word' id='word_1_543' title='bbox 918 3813 1098 3868; x_wconf 90' lang='lat' dir='ltr'><strong>minus</strong></span> <span class='ocrx_word' id='word_1_544' title='bbox 1119 3823 1320 3879; x_wconf 88' lang='lat' dir='ltr'><strong>corpus</strong></span> <span class='ocrx_word' id='word_1_545' title='bbox 1348 3807 1614 3862; x_wconf 89' lang='lat' dir='ltr'><strong>remansit</strong></span> <span class='ocrx_word' id='word_1_546' title='bbox 1643 3823 1657 3861; x_wconf 91' lang='lat'><strong>:</strong></span> <span class='ocrx_word' id='word_1_547' title='bbox 1702 3790 1809 3859; x_wconf 86' lang='lat' dir='ltr'><strong>non</strong></span> <span class='ocrx_word' id='word_1_548' title='bbox 1839 3803 1986 3859; x_wconf 88' lang='lat' dir='ltr'><strong>enim</strong></span> <span class='ocrx_word' id='word_1_549' title='bbox 2010 3817 2058 3856; x_wconf 80' lang='lat' dir='ltr'><strong>at</strong></span> 
     </span>
    </p>
   </div>
   <div class='ocr_carea' id='block_1_74' title="bbox 2159 3786 3769 3879">
    <p class='ocr_par' dir='ltr' id='par_1_74' title="bbox 2189 3786 3769 3871">
     <span class='ocr_line' id='line_1_74' title="bbox 2189 3786 3769 3871; baseline -0.011 -19"><span class='ocrx_word' id='word_1_550' title='bbox 2189 3799 2495 3871; x_wconf 83' lang='grc' dir='ltr'>μεμένηκεν</span> <span class='ocrx_word' id='word_1_551' title='bbox 2526 3796 2679 3867; x_wconf 85' lang='grc' dir='ltr'>ὅμως</span> <span class='ocrx_word' id='word_1_552' title='bbox 2714 3793 2905 3865; x_wconf 81' lang='grc' dir='ltr'>σῶμα·</span> <span class='ocrx_word' id='word_1_553' title='bbox 2924 3791 2985 3845; x_wconf 84' lang='grc' dir='ltr'><strong>ού</strong></span> <span class='ocrx_word' id='word_1_554' title='bbox 3015 3789 3127 3861; x_wconf 81' lang='grc' dir='ltr'><strong>γὰρ</strong></span> <span class='ocrx_word' id='word_1_555' title='bbox 3156 3790 3238 3853; x_wconf 81' lang='grc' dir='ltr'>εἰς</span> <span class='ocrx_word' id='word_1_556' title='bbox 3263 3788 3362 3860; x_wconf 80' lang='grc' dir='ltr'>τὴν</span> <span class='ocrx_word' id='word_1_557' title='bbox 3387 3787 3487 3859; x_wconf 85' lang='grc' dir='ltr'><strong>τῆς</strong></span> <span class='ocrx_word' id='word_1_558' title='bbox 3514 3786 3769 3856; x_wconf 81' lang='grc' dir='ltr'>θεότητος</span> 
     </span>
    </p>
   </div>
   <div class='ocr_carea' id='block_1_75' title="bbox 501 3876 2058 3964">
    <p class='ocr_par' dir='ltr' id='par_1_75' title="bbox 501 3876 2058 3964">
     <span class='ocr_line' id='line_1_75' title="bbox 501 3876 2058 3964; baseline -0.011 0"><span class='ocrx_word' id='word_1_559' title='bbox 501 3888 719 3964; x_wconf 85' lang='lat' dir='ltr'><strong>deitatis</strong></span> <span class='ocrx_word' id='word_1_560' title='bbox 735 3903 1097 3962; x_wconf 88' lang='lat' dir='ltr'><strong>substantiam</strong></span> <span class='ocrx_word' id='word_1_561' title='bbox 1128 3876 1710 3958; x_wconf 42' lang='lat' dir='ltr'><strong>est—transformatum.</strong></span> <span class='ocrx_word' id='word_1_562' title='bbox 1765 3895 1900 3950; x_wconf 80' lang='lat' dir='ltr'><strong>Nam</strong></span> <span class='ocrx_word' id='word_1_563' title='bbox 1936 3907 2058 3963; x_wconf 74' lang='lat' dir='ltr'><strong>quot</strong></span> 
     </span>
    </p>
   </div>
   <div class='ocr_carea' id='block_1_76' title="bbox 2159 3876 3772 3964">
    <p class='ocr_par' dir='ltr' id='par_1_76' title="bbox 2186 3876 3772 3960">
     <span class='ocr_line' id='line_1_76' title="bbox 2186 3876 3772 3960; baseline -0.01 -16"><span class='ocrx_word' id='word_1_564' title='bbox 2186 3889 2378 3945; x_wconf 79' lang='grc' dir='ltr'>οὐσίαν</span> <span class='ocrx_word' id='word_1_565' title='bbox 2405 3884 2840 3960; x_wconf 72' lang='grc' dir='ltr'>μετακεχιῦρηκε</span> <span class='ocrx_word' id='word_1_566' title='bbox 2862 3901 2877 3915; x_wconf 74' lang='grc' dir='ltr'><strong>ο</strong></span> <span class='ocrx_word' id='word_1_567' title='bbox 2903 3886 2965 3936; x_wconf 86' lang='grc' dir='ltr'><strong>τδ</strong></span> <span class='ocrx_word' id='word_1_568' title='bbox 2987 3882 3097 3954; x_wconf 84' lang='grc' dir='ltr'><strong>γὰρ</strong></span> <span class='ocrx_word' id='word_1_569' title='bbox 3125 3879 3328 3952; x_wconf 83' lang='grc' dir='ltr'>μηκέτι</span> <span class='ocrx_word' id='word_1_570' title='bbox 3357 3877 3596 3950; x_wconf 80' lang='grc' dir='ltr'>Χριστὸν</span> <span class='ocrx_word' id='word_1_571' title='bbox 3624 3876 3772 3929; x_wconf 76' lang='grc' dir='ltr'>κατὰ</span> 
     </span>
    </p>
   </div>
   <div class='ocr_carea' id='block_1_77' title="bbox 501 3968 2058 4056">
    <p class='ocr_par' dir='ltr' id='par_1_77' title="bbox 501 3981 2057 4056">
     <span class='ocr_line' id='line_1_77' title="bbox 501 3981 2057 4056; baseline -0.013 -3"><span class='ocrx_word' id='word_1_572' title='bbox 501 3997 754 4053; x_wconf 88' lang='lat' dir='ltr'><strong>Christus</strong></span> <span class='ocrx_word' id='word_1_573' title='bbox 782 3992 1082 4050; x_wconf 87' lang='lat' dir='ltr'><strong>secundum</strong></span> <span class='ocrx_word' id='word_1_574' title='bbox 1112 4002 1336 4045; x_wconf 86' lang='lat' dir='ltr'><strong>carnem</strong></span> <span class='ocrx_word' id='word_1_575' title='bbox 1366 3985 1476 4056; x_wconf 85' lang='lat' dir='ltr'><strong>jam</strong></span> <span class='ocrx_word' id='word_1_576' title='bbox 1515 4001 1622 4040; x_wconf 85' lang='lat' dir='ltr'><strong>non</strong></span> <span class='ocrx_word' id='word_1_577' title='bbox 1663 3983 1987 4053; x_wconf 82' lang='lat' dir='ltr'><strong>agnoscitur</strong></span> <span class='ocrx_word' id='word_1_578' title='bbox 2008 3981 2057 4013; x_wconf 68' lang='grc' dir='ltr'>θ’</span> 
     </span>
    </p>
   </div>
   <div class='ocr_carea' id='block_1_78' title="bbox 2159 3968 3773 4056">
    <p class='ocr_par' dir='ltr' id='par_1_78' title="bbox 2191 3968 3773 4053">
     <span class='ocr_line' id='line_1_78' title="bbox 2191 3968 3773 4053; baseline -0.009 -18"><span class='ocrx_word' id='word_1_579' title='bbox 2191 3982 2371 4053; x_wconf 81' lang='grc' dir='ltr'>σάρκα</span> <span class='ocrx_word' id='word_1_580' title='bbox 2388 3975 2784 4050; x_wconf 82' lang='grc' dir='ltr'>γινώσκεσθαι,</span> <span class='ocrx_word' id='word_1_581' title='bbox 2802 3976 2862 4029; x_wconf 84' lang='grc' dir='ltr'><strong>ού</strong></span> <span class='ocrx_word' id='word_1_582' title='bbox 2888 3974 2983 4029; x_wconf 81' lang='grc' dir='ltr'><strong>τοῦ</strong></span> <span class='ocrx_word' id='word_1_583' title='bbox 3008 3974 3262 4045; x_wconf 82' lang='grc' dir='ltr'>σώματος</span> <span class='ocrx_word' id='word_1_584' title='bbox 3277 3973 3414 4042; x_wconf 77' lang='grc' dir='ltr'>ἡμῖν</span> <span class='ocrx_word' id='word_1_585' title='bbox 3437 3968 3773 4040; x_wconf 80' lang='grc' dir='ltr'>ὑπαγορεύει</span> 
     </span>
    </p>
   </div>
   <div class='ocr_carea' id='block_1_79' title="bbox 503 4059 2058 4156">
    <p class='ocr_par' dir='ltr' id='par_1_79' title="bbox 503 4073 2058 4156">
     <span class='ocr_line' id='line_1_79' title="bbox 503 4073 2058 4156; baseline -0.012 -10"><span class='ocrx_word' id='word_1_586' title='bbox 503 4089 648 4146; x_wconf 85' lang='lat' dir='ltr'><strong>haud</strong></span> <span class='ocrx_word' id='word_1_587' title='bbox 678 4087 833 4143; x_wconf 89' lang='lat' dir='ltr'><strong>nobis</strong></span> <span class='ocrx_word' id='word_1_588' title='bbox 862 4084 1137 4156; x_wconf 80' lang='lat' dir='ltr'><strong>signiﬁcat</strong></span> <span class='ocrx_word' id='word_1_589' title='bbox 1167 4079 1414 4150; x_wconf 90' lang='lat' dir='ltr'><strong>corporis</strong></span> <span class='ocrx_word' id='word_1_590' title='bbox 1448 4077 1813 4133; x_wconf 79' lang='lat' dir='ltr'><strong>cessationem</strong></span> <span class='ocrx_word' id='word_1_591' title='bbox 1845 4082 1938 4128; x_wconf 88' lang='lat' dir='ltr'><strong>aut</strong></span> <span class='ocrx_word' id='word_1_592' title='bbox 1983 4073 2058 4127; x_wconf 86' lang='lat' dir='ltr'><strong>de</strong></span> 
     </span>
    </p>
   </div>
   <div class='ocr_carea' id='block_1_80' title="bbox 2159 4059 3774 4156">
    <p class='ocr_par' dir='ltr' id='par_1_80' title="bbox 2189 4059 3774 4143">
     <span class='ocr_line' id='line_1_80' title="bbox 2189 4059 3774 4143; baseline -0.01 -15"><span class='ocrx_word' id='word_1_593' title='bbox 2189 4075 2290 4132; x_wconf 73' lang='grc' dir='ltr'><strong>τὴν</strong></span> <span class='ocrx_word' id='word_1_594' title='bbox 2326 4070 2663 4143; x_wconf 88' lang='grc' dir='ltr'>παραίτησιν</span> <span class='ocrx_word' id='word_1_595' title='bbox 2696 4070 2730 4140; x_wconf 83' lang='grc' dir='ltr'>ἢ</span> <span class='ocrx_word' id='word_1_596' title='bbox 2761 4068 2861 4140; x_wconf 80' lang='grc' dir='ltr'>τὴν</span> <span class='ocrx_word' id='word_1_597' title='bbox 2887 4066 3184 4131; x_wconf 74' lang='grc' dir='ltr'>ἀπόθεσιν,</span> <span class='ocrx_word' id='word_1_598' title='bbox 3226 4062 3570 4135; x_wconf 80' lang='grc' dir='ltr'>Μανιχαῖκὺν</span> <span class='ocrx_word' id='word_1_599' title='bbox 3611 4059 3774 4113; x_wconf 79' lang='grc' dir='ltr'>τοῦτο</span> 
     </span>
    </p>
   </div>
   <div class='ocr_carea' id='block_1_81' title="bbox 504 4152 2058 4250">
    <p class='ocr_par' dir='ltr' id='par_1_81' title="bbox 504 4152 2052 4250">
     <span class='ocr_line' id='line_1_81' title="bbox 504 4152 2052 4250; baseline -0.016 -14"><span class='ocrx_word' id='word_1_600' title='bbox 504 4152 996 4250; x_wconf 71' lang='lat' dir='ltr'><strong>positionem,sunt</strong></span> <span class='ocrx_word' id='word_1_601' title='bbox 1020 4170 1167 4229; x_wconf 88' lang='lat' dir='ltr'><strong>enim</strong></span> <span class='ocrx_word' id='word_1_602' title='bbox 1196 4171 1281 4225; x_wconf 66' lang='lat' dir='ltr'><strong>hae</strong></span> <span class='ocrx_word' id='word_1_603' title='bbox 1313 4165 1739 4222; x_wconf 71' lang='lat' dir='ltr'><strong>Manichaeorum</strong></span> <span class='ocrx_word' id='word_1_604' title='bbox 1784 4161 2052 4215; x_wconf 87' lang='lat' dir='ltr'><strong>hallucina</strong></span> 
     </span>
    </p>
   </div>
   <div class='ocr_carea' id='block_1_82' title="bbox 2159 4152 3777 4250">
    <p class='ocr_par' dir='ltr' id='par_1_82' title="bbox 2191 4152 3777 4231">
     <span class='ocr_line' id='line_1_82' title="bbox 2191 4152 3777 4231; baseline -0.009 -11"><span class='ocrx_word' id='word_1_605' title='bbox 2191 4165 2252 4220; x_wconf 74' lang='grc' dir='ltr'>τὸ</span> <span class='ocrx_word' id='word_1_606' title='bbox 2284 4165 2496 4231; x_wconf 86' lang='grc' dir='ltr'>σκότος,</span> <span class='ocrx_word' id='word_1_607' title='bbox 2527 4162 2645 4217; x_wconf 84' lang='grc' dir='ltr'>ἀλλ’</span> <span class='ocrx_word' id='word_1_608' title='bbox 2664 4162 2747 4215; x_wconf 86' lang='grc' dir='ltr'>ὅτι</span> <span class='ocrx_word' id='word_1_609' title='bbox 2779 4159 2888 4214; x_wconf 85' lang='grc' dir='ltr'><strong>τῶν</strong></span> <span class='ocrx_word' id='word_1_610' title='bbox 2921 4158 3258 4231; x_wconf 79' lang='grc' dir='ltr'>σωματικῶν</span> <span class='ocrx_word' id='word_1_611' title='bbox 3289 4155 3548 4225; x_wconf 82' lang='grc' dir='ltr'>ἀναγκῶν</span> <span class='ocrx_word' id='word_1_612' title='bbox 3578 4152 3777 4225; x_wconf 74' lang='grc' dir='ltr'><strong>ἐξῄρη-</strong></span> 
     </span>
    </p>
   </div>
   <div class='ocr_carea' id='block_1_83' title="bbox 508 4247 2058 4352">
    <p class='ocr_par' dir='ltr' id='par_1_83' title="bbox 508 4247 2058 4352">
     <span class='ocr_line' id='line_1_83' title="bbox 508 4247 2058 4352; baseline -0.014 -26"><span class='ocrx_word' id='word_1_613' title='bbox 508 4247 707 4352; x_wconf 73' lang='grc' dir='ltr'>ιίοηεε,</span> <span class='ocrx_word' id='word_1_614' title='bbox 756 4269 851 4325; x_wconf 88' lang='lat' dir='ltr'><strong>sed</strong></span> <span class='ocrx_word' id='word_1_615' title='bbox 891 4265 1037 4339; x_wconf 92' lang='lat' dir='ltr'><strong>quod</strong></span> <span class='ocrx_word' id='word_1_616' title='bbox 1095 4259 1477 4330; x_wconf 85' lang='lat' dir='ltr'><strong>corporalibus</strong></span> <span class='ocrx_word' id='word_1_617' title='bbox 1550 4251 1979 4311; x_wconf 84' lang='lat' dir='ltr'><strong>necessitatibus</strong></span> <span class='ocrx_word' id='word_1_618' title='bbox 2015 4251 2058 4306; x_wconf 88' lang='lat' dir='ltr'><strong>si</strong></span> 
     </span>
    </p>
   </div>
   <div class='ocr_carea' id='block_1_84' title="bbox 2159 4247 3776 4352">
    <p class='ocr_par' dir='ltr' id='par_1_84' title="bbox 2194 4247 3776 4326">
     <span class='ocr_line' id='line_1_84' title="bbox 2194 4247 3776 4326; baseline -0.009 -14"><span class='ocrx_word' id='word_1_619' title='bbox 2194 4273 2304 4318; x_wconf 83' lang='grc' dir='ltr'>ται.</span> <span class='ocrx_word' id='word_1_620' title='bbox 2337 4257 2431 4310; x_wconf 76' lang='grc' dir='ltr'>καὶ</span> <span class='ocrx_word' id='word_1_621' title='bbox 2476 4254 2588 4309; x_wconf 86' lang='grc' dir='ltr'>τῶν</span> <span class='ocrx_word' id='word_1_622' title='bbox 2638 4251 2916 4326; x_wconf 84' lang='grc' dir='ltr'>σαρκικῶν</span> <span class='ocrx_word' id='word_1_623' title='bbox 2975 4250 3166 4305; x_wconf 84' lang='grc' dir='ltr'>παθῶν</span> <span class='ocrx_word' id='word_1_624' title='bbox 3204 4250 3298 4303; x_wconf 77' lang='grc' dir='ltr'>καὶ</span> <span class='ocrx_word' id='word_1_625' title='bbox 3352 4248 3453 4317; x_wconf 82' lang='grc' dir='ltr'><strong>τῆς</strong></span> <span class='ocrx_word' id='word_1_626' title='bbox 3502 4247 3776 4317; x_wconf 80' lang='grc' dir='ltr'>ἡμετέρας</span> 
     </span>
    </p>
   </div>
   <div class='ocr_carea' id='block_1_85' title="bbox 506 4335 2058 4432">
    <p class='ocr_par' dir='ltr' id='par_1_85' title="bbox 506 4335 2053 4432">
     <span class='ocr_line' id='line_1_85' title="bbox 506 4335 2053 4432; baseline -0.015 -12"><span class='ocrx_word' id='word_1_627' title='bbox 506 4335 815 4432; x_wconf 68' lang='lat' dir='ltr'><strong>extemptus,</strong></span> <span class='ocrx_word' id='word_1_628' title='bbox 847 4335 991 4415; x_wconf 31' lang='lat' dir='ltr'><strong>et&#39;ex</strong></span> <span class='ocrx_word' id='word_1_629' title='bbox 1019 4351 1333 4411; x_wconf 85' lang='lat' dir='ltr'><strong>carnalibus</strong></span> <span class='ocrx_word' id='word_1_630' title='bbox 1355 4346 1738 4404; x_wconf 78' lang='lat' dir='ltr'><strong>aﬂ&#39;ectionibus</strong></span> <span class='ocrx_word' id='word_1_631' title='bbox 1790 4352 2053 4414; x_wconf 90' lang='lat' dir='ltr'><strong>nostraqu</strong></span> 
     </span>
    </p>
   </div>
   <div class='ocr_carea' id='block_1_86' title="bbox 2159 4335 3776 4432">
    <p class='ocr_par' dir='ltr' id='par_1_86' title="bbox 2196 4335 3776 4419">
     <span class='ocr_line' id='line_1_86' title="bbox 2196 4335 3776 4419; baseline -0.01 -14"><span class='ocrx_word' id='word_1_632' title='bbox 2196 4349 2482 4412; x_wconf 85' lang='grc' dir='ltr'>ἀσθενείας</span> <span class='ocrx_word' id='word_1_633' title='bbox 2524 4347 2847 4419; x_wconf 67' lang='grc' dir='ltr'>ἐκσέσηκεν,</span> <span class='ocrx_word' id='word_1_634' title='bbox 2887 4338 3002 4399; x_wconf 74' lang='grc' dir='ltr'>οἷον</span> <span class='ocrx_word' id='word_1_635' title='bbox 3044 4342 3138 4398; x_wconf 83' lang='grc' dir='ltr'><strong>τοῦ</strong></span> <span class='ocrx_word' id='word_1_636' title='bbox 3199 4344 3265 4396; x_wconf 83' lang='grc' dir='ltr'>ὲκ</span> <span class='ocrx_word' id='word_1_637' title='bbox 3322 4343 3421 4412; x_wconf 83' lang='grc' dir='ltr'>τῆς</span> <span class='ocrx_word' id='word_1_638' title='bbox 3462 4335 3776 4407; x_wconf 85' lang='grc' dir='ltr'>ὁδοιπορίας</span> 
     </span>
    </p>
   </div>
   <div class='ocr_carea' id='block_1_87' title="bbox 507 4429 2058 4513">
    <p class='ocr_par' dir='ltr' id='par_1_87' title="bbox 507 4429 2058 4513">
     <span class='ocr_line' id='line_1_87' title="bbox 507 4429 2058 4513; baseline -0.014 -3"><span class='ocrx_word' id='word_1_639' title='bbox 507 4429 825 4509; x_wconf 82' lang='lat' dir='ltr'><strong>inﬁrmitate</strong></span> <span class='ocrx_word' id='word_1_640' title='bbox 846 4446 1170 4509; x_wconf 82' lang='lat' dir='ltr'><strong>excesserit,</strong></span> <span class='ocrx_word' id='word_1_641' title='bbox 1205 4451 1335 4513; x_wconf 91' lang='lat' dir='ltr'><strong>puta</strong></span> <span class='ocrx_word' id='word_1_642' title='bbox 1377 4439 1564 4495; x_wconf 90' lang='lat' dir='ltr'><strong>labore</strong></span> <span class='ocrx_word' id='word_1_643' title='bbox 1597 4451 1664 4494; x_wconf 80' lang='lat' dir='ltr'><strong>ex</strong></span> <span class='ocrx_word' id='word_1_644' title='bbox 1698 4436 1918 4504; x_wconf 91' lang='lat' dir='ltr'><strong>itinere,</strong></span> <span class='ocrx_word' id='word_1_645' title='bbox 1973 4436 2058 4492; x_wconf 89' lang='lat' dir='ltr'><strong>siti</strong></span> 
     </span>
    </p>
   </div>
   <div class='ocr_carea' id='block_1_88' title="bbox 2159 4429 3778 4513">
    <p class='ocr_par' dir='ltr' id='par_1_88' title="bbox 2196 4429 3778 4509">
     <span class='ocr_line' id='line_1_88' title="bbox 2196 4429 3778 4509; baseline -0.007 -14"><span class='ocrx_word' id='word_1_646' title='bbox 2196 4438 2368 4496; x_wconf 83' lang='grc' dir='ltr'>κόπου</span> <span class='ocrx_word' id='word_1_647' title='bbox 2395 4438 2559 4509; x_wconf 74' lang='grc' dir='ltr'>δίψης</span> <span class='ocrx_word' id='word_1_648' title='bbox 2592 4453 2650 4490; x_wconf 87' lang='grc' dir='ltr'>τε</span> <span class='ocrx_word' id='word_1_649' title='bbox 2697 4439 2792 4491; x_wconf 72' lang='grc' dir='ltr'>καὶ</span> <span class='ocrx_word' id='word_1_650' title='bbox 2839 4436 3032 4505; x_wconf 85' lang='grc' dir='ltr'>πείνης</span> <span class='ocrx_word' id='word_1_651' title='bbox 3073 4435 3169 4488; x_wconf 72' lang='grc' dir='ltr'>καὶ</span> <span class='ocrx_word' id='word_1_652' title='bbox 3217 4431 3444 4497; x_wconf 87' lang='grc' dir='ltr'>δειλίας,</span> <span class='ocrx_word' id='word_1_653' title='bbox 3497 4431 3593 4485; x_wconf 75' lang='grc' dir='ltr'>καὶ</span> <span class='ocrx_word' id='word_1_654' title='bbox 3645 4429 3700 4482; x_wconf 76' lang='grc' dir='ltr'><strong>εί</strong></span> <span class='ocrx_word' id='word_1_655' title='bbox 3725 4447 3778 4484; x_wconf 88' lang='grc' dir='ltr'><strong>τι</strong></span> 
     </span>
    </p>
   </div>
   <div class='ocr_carea' id='block_1_89' title="bbox 509 4523 2058 4615">
    <p class='ocr_par' dir='ltr' id='par_1_89' title="bbox 509 4527 2058 4615">
     <span class='ocr_line' id='line_1_89' title="bbox 509 4527 2058 4615; baseline -0.011 -14"><span class='ocrx_word' id='word_1_656' title='bbox 509 4548 673 4614; x_wconf 65' lang='lat' dir='ltr'><strong>nime,</strong></span> <span class='ocrx_word' id='word_1_657' title='bbox 715 4556 938 4615; x_wconf 82' lang='lat' dir='ltr'><strong>pavore,</strong></span> <span class='ocrx_word' id='word_1_658' title='bbox 967 4548 1025 4595; x_wconf 90' lang='lat' dir='ltr'><strong>et</strong></span> <span class='ocrx_word' id='word_1_659' title='bbox 1051 4538 1094 4593; x_wconf 90' lang='lat' dir='ltr'><strong>si</strong></span> <span class='ocrx_word' id='word_1_660' title='bbox 1124 4536 1254 4608; x_wconf 87' lang='lat' dir='ltr'><strong>quid</strong></span> <span class='ocrx_word' id='word_1_661' title='bbox 1285 4534 1428 4588; x_wconf 85' lang='lat' dir='ltr'><strong>aliud</strong></span> <span class='ocrx_word' id='word_1_662' title='bbox 1454 4541 1541 4588; x_wconf 87' lang='lat' dir='ltr'><strong>est</strong></span> <span class='ocrx_word' id='word_1_663' title='bbox 1558 4530 1891 4602; x_wconf 73' lang='lat' dir='ltr'><strong>huiusmodi.</strong></span> <span class='ocrx_word' id='word_1_664' title='bbox 1923 4548 1943 4584; x_wconf 84' lang='grc' dir='ltr'><strong>ι</strong></span> <span class='ocrx_word' id='word_1_665' title='bbox 1967 4527 2058 4585; x_wconf 64' lang='grc' dir='ltr'><strong>Νοπ</strong></span> 
     </span>
    </p>
   </div>
   <div class='ocr_carea' id='block_1_90' title="bbox 2159 4523 3781 4615">
    <p class='ocr_par' dir='ltr' id='par_1_90' title="bbox 2198 4523 3781 4601">
     <span class='ocr_line' id='line_1_90' title="bbox 2198 4523 3781 4601; baseline -0.006 -16"><span class='ocrx_word' id='word_1_666' title='bbox 2198 4531 2407 4594; x_wconf 85' lang='grc' dir='ltr'>τούτοις</span> <span class='ocrx_word' id='word_1_667' title='bbox 2439 4528 2848 4601; x_wconf 84' lang='grc' dir='ltr'>παραπλήσιον.</span> <span class='ocrx_word' id='word_1_668' title='bbox 2901 4547 2920 4579; x_wconf 80' lang='grc' dir='ltr'><strong>ι</strong></span> <span class='ocrx_word' id='word_1_669' title='bbox 2953 4525 3153 4580; x_wconf 80' lang='grc' dir='ltr'>Οὐκέτι</span> <span class='ocrx_word' id='word_1_670' title='bbox 3186 4525 3285 4597; x_wconf 72' lang='grc' dir='ltr'>μὲν</span> <span class='ocrx_word' id='word_1_671' title='bbox 3306 4524 3417 4594; x_wconf 79' lang='grc' dir='ltr'>γὰρ</span> <span class='ocrx_word' id='word_1_672' title='bbox 3443 4524 3647 4593; x_wconf 77' lang='grc' dir='ltr'>σάρκα,</span> <span class='ocrx_word' id='word_1_673' title='bbox 3678 4523 3781 4576; x_wconf 83' lang='grc' dir='ltr'>οὐκ</span> 
     </span>
    </p>
   </div>
   <div class='ocr_carea' id='block_1_91' title="bbox 508 4612 2058 4704">
    <p class='ocr_par' dir='ltr' id='par_1_91' title="bbox 508 4612 2058 4704">
     <span class='ocr_line' id='line_1_91' title="bbox 508 4612 2058 4704; baseline -0.007 -13"><span class='ocrx_word' id='word_1_674' title='bbox 508 4638 650 4690; x_wconf 74' lang='lat' dir='ltr'><strong>cnim</strong></span> <span class='ocrx_word' id='word_1_675' title='bbox 687 4612 797 4704; x_wconf 78' lang='lat' dir='ltr'><strong>iam</strong></span> <span class='ocrx_word' id='word_1_676' title='bbox 835 4645 967 4688; x_wconf 89' lang='lat' dir='ltr'><strong>caro</strong></span> <span class='ocrx_word' id='word_1_677' title='bbox 1002 4637 1110 4696; x_wconf 91' lang='lat' dir='ltr'><strong>est,</strong></span> <span class='ocrx_word' id='word_1_678' title='bbox 1152 4640 1327 4696; x_wconf 88' lang='lat' dir='ltr'><strong>neque</strong></span> <span class='ocrx_word' id='word_1_679' title='bbox 1378 4637 1558 4680; x_wconf 90' lang='lat' dir='ltr'><strong>tamen</strong></span> <span class='ocrx_word' id='word_1_680' title='bbox 1594 4634 1680 4679; x_wconf 91' lang='lat' dir='ltr'><strong>est</strong></span> <span class='ocrx_word' id='word_1_681' title='bbox 1711 4624 2058 4695; x_wconf 80' lang='lat' dir='ltr'><strong>incorporeus</strong></span> 
     </span>
    </p>
   </div>
   <div class='ocr_carea' id='block_1_92' title="bbox 2159 4612 3779 4704">
    <p class='ocr_par' dir='ltr' id='par_1_92' title="bbox 2159 4616 3779 4696">
     <span class='ocr_line' id='line_1_92' title="bbox 2159 4616 3779 4696; baseline -0.007 -16"><span class='ocrx_word' id='word_1_682' title='bbox 2159 4619 2490 4696; x_wconf 63' lang='grc' dir='ltr'>’ἀσώματον</span> <span class='ocrx_word' id='word_1_683' title='bbox 2537 4622 2617 4686; x_wconf 83' lang='grc' dir='ltr'>δὲ,</span> <span class='ocrx_word' id='word_1_684' title='bbox 2662 4622 2779 4677; x_wconf 80' lang='grc' dir='ltr'>ἀλλ’</span> <span class='ocrx_word' id='word_1_685' title='bbox 2840 4616 2926 4685; x_wconf 75' lang='grc' dir='ltr'>οἷς</span> <span class='ocrx_word' id='word_1_686' title='bbox 2972 4616 3090 4675; x_wconf 74' lang='grc' dir='ltr'>οἶδε</span> <span class='ocrx_word' id='word_1_687' title='bbox 3139 4619 3322 4689; x_wconf 84' lang='grc' dir='ltr'>λόγοις</span> <span class='ocrx_word' id='word_1_688' title='bbox 3378 4617 3779 4687; x_wconf 80' lang='grc' dir='ltr'>θεοειδεστέρου</span> 
     </span>
    </p>
   </div>
   <div class='ocr_carea' id='block_1_93' title="bbox 511 4703 2058 4793">
    <p class='ocr_par' dir='ltr' id='par_1_93' title="bbox 511 4703 2058 4793">
     <span class='ocr_line' id='line_1_93' title="bbox 511 4703 2058 4793; baseline -0.008 -13"><span class='ocrx_word' id='word_1_689' title='bbox 511 4728 607 4780; x_wconf 63' lang='lat' dir='ltr'><strong>scd</strong></span> <span class='ocrx_word' id='word_1_690' title='bbox 634 4703 720 4788; x_wconf 88' lang='lat' dir='ltr'><strong>eo,</strong></span> <span class='ocrx_word' id='word_1_691' title='bbox 748 4736 908 4793; x_wconf 86' lang='lat' dir='ltr'><strong>quem</strong></span> <span class='ocrx_word' id='word_1_692' title='bbox 943 4721 1056 4789; x_wconf 89' lang='lat' dir='ltr'><strong>ipse</strong></span> <span class='ocrx_word' id='word_1_693' title='bbox 1085 4717 1215 4783; x_wconf 89' lang='lat' dir='ltr'><strong>scit,</strong></span> <span class='ocrx_word' id='word_1_694' title='bbox 1241 4715 1480 4771; x_wconf 86' lang='lat' dir='ltr'><strong>deiticati</strong></span> <span class='ocrx_word' id='word_1_695' title='bbox 1515 4715 1763 4785; x_wconf 89' lang='lat' dir='ltr'><strong>corporis</strong></span> <span class='ocrx_word' id='word_1_696' title='bbox 1783 4715 1965 4782; x_wconf 85' lang='lat' dir='ltr'><strong>modo,</strong></span> <span class='ocrx_word' id='word_1_697' title='bbox 1996 4732 2015 4766; x_wconf 74' lang='grc' dir='ltr'><strong>ι</strong></span> <span class='ocrx_word' id='word_1_698' title='bbox 2040 4730 2058 4768; x_wconf 83' lang='grc' dir='ltr'><strong>ι</strong></span> 
     </span>
    </p>
   </div>
   <div class='ocr_carea' id='block_1_94' title="bbox 2159 4703 3785 4793">
    <p class='ocr_par' dir='ltr' id='par_1_94' title="bbox 2200 4703 3785 4790">
     <span class='ocr_line' id='line_1_94' title="bbox 2200 4703 3785 4790; baseline -0.008 -17"><span class='ocrx_word' id='word_1_699' title='bbox 2200 4717 2476 4790; x_wconf 82' lang='grc' dir='ltr'>σώματος,</span> <span class='ocrx_word' id='word_1_700' title='bbox 2513 4733 2532 4767; x_wconf 75' lang='grc' dir='ltr'><strong>ι</strong></span> <span class='ocrx_word' id='word_1_701' title='bbox 2567 4715 2663 4769; x_wconf 71' lang='grc' dir='ltr'>καὶ</span> <span class='ocrx_word' id='word_1_702' title='bbox 2711 4715 2739 4769; x_wconf 86' lang='grc' dir='ltr'><strong>ὁ</strong></span> <span class='ocrx_word' id='word_1_703' title='bbox 2772 4714 2947 4785; x_wconf 79' lang='grc' dir='ltr'>μέγας</span> <span class='ocrx_word' id='word_1_704' title='bbox 2984 4711 3248 4783; x_wconf 81' lang='grc' dir='ltr'>κηρύσσει</span> <span class='ocrx_word' id='word_1_705' title='bbox 3279 4709 3605 4782; x_wconf 75' lang='grc' dir='ltr'>Γρηγόριος.</span> <span class='ocrx_word' id='word_1_706' title='bbox 3651 4703 3785 4763; x_wconf 74' lang='grc' dir='ltr'>Εἶτα</span> 
     </span>
    </p>
   </div>
   <div class='ocr_carea' id='block_1_95' title="bbox 512 4802 2058 4887">
    <p class='ocr_par' dir='ltr' id='par_1_95' title="bbox 512 4807 2058 4887">
     <span class='ocr_line' id='line_1_95' title="bbox 512 4807 2058 4887; baseline -0.006 -17"><span class='ocrx_word' id='word_1_707' title='bbox 512 4831 740 4887; x_wconf 75' lang='lat' dir='ltr'><strong>magnus</strong></span> <span class='ocrx_word' id='word_1_708' title='bbox 787 4813 1050 4885; x_wconf 71' lang='lat' dir='ltr'><strong>prazdicat</strong></span> <span class='ocrx_word' id='word_1_709' title='bbox 1075 4810 1374 4881; x_wconf 87' lang='lat' dir='ltr'><strong>Gregorius</strong></span> <span class='ocrx_word' id='word_1_710' title='bbox 1412 4807 1547 4880; x_wconf 81' lang='lat'><strong>(50).</strong></span> <span class='ocrx_word' id='word_1_711' title='bbox 1588 4808 1789 4864; x_wconf 86' lang='lat' dir='ltr'><strong>Deinde</strong></span> <span class='ocrx_word' id='word_1_712' title='bbox 1822 4825 1835 4862; x_wconf 90' lang='lat'><strong>:</strong></span> <span class='ocrx_word' id='word_1_713' title='bbox 1893 4826 1912 4859; x_wconf 83' lang='grc' dir='ltr'><strong>ι</strong></span> <span class='ocrx_word' id='word_1_714' title='bbox 1953 4822 2058 4876; x_wconf 92' lang='lat' dir='ltr'><strong>quo</strong></span> 
     </span>
    </p>
   </div>
   <div class='ocr_carea' id='block_1_96' title="bbox 2159 4802 3785 4887">
    <p class='ocr_par' dir='ltr' id='par_1_96' title="bbox 2203 4802 3785 4877">
     <span class='ocr_line' id='line_1_96' title="bbox 2203 4802 3785 4877; baseline -0.007 -15"><span class='ocrx_word' id='word_1_715' title='bbox 2203 4828 2223 4861; x_wconf 83' lang='grc' dir='ltr'><strong>ι</strong></span> <span class='ocrx_word' id='word_1_716' title='bbox 2259 4810 2383 4862; x_wconf 85' lang='grc' dir='ltr'><strong>Ὅτι</strong></span> <span class='ocrx_word' id='word_1_717' title='bbox 2411 4807 2472 4860; x_wconf 75' lang='grc' dir='ltr'><strong>τὸ</strong></span> <span class='ocrx_word' id='word_1_718' title='bbox 2506 4806 2606 4877; x_wconf 85' lang='grc' dir='ltr'><strong>μὲν</strong></span> <span class='ocrx_word' id='word_1_719' title='bbox 2641 4805 2883 4876; x_wconf 81' lang='grc' dir='ltr'>φθαρτὸν</span> <span class='ocrx_word' id='word_1_720' title='bbox 2915 4804 3076 4857; x_wconf 81' lang='grc' dir='ltr'>τοῦτο</span> <span class='ocrx_word' id='word_1_721' title='bbox 3105 4802 3431 4856; x_wconf 73' lang='grc' dir='ltr'>ἐνδύσασθαι</span> <span class='ocrx_word' id='word_1_722' title='bbox 3465 4802 3549 4855; x_wconf 79' lang='grc' dir='ltr'><strong>δεῖ</strong></span> <span class='ocrx_word' id='word_1_723' title='bbox 3568 4802 3785 4876; x_wconf 79' lang='grc' dir='ltr'>ἀφθαρ-</span> 
     </span>
    </p>
   </div>
   <div class='ocr_carea' id='block_1_97' title="bbox 515 4894 2058 4975">
    <p class='ocr_par' dir='ltr' id='par_1_97' title="bbox 515 4900 2057 4975">
     <span class='ocr_line' id='line_1_97' title="bbox 515 4900 2057 4975; baseline -0.006 -13"><span class='ocrx_word' id='word_1_724' title='bbox 515 4909 616 4962; x_wconf 89' lang='lat' dir='ltr'><strong>hoc</strong></span> <span class='ocrx_word' id='word_1_725' title='bbox 639 4904 1001 4975; x_wconf 88' lang='lat' dir='ltr'><strong>corruptibile</strong></span> <span class='ocrx_word' id='word_1_726' title='bbox 1029 4904 1176 4958; x_wconf 83' lang='lat' dir='ltr'><strong>indui</strong></span> <span class='ocrx_word' id='word_1_727' title='bbox 1210 4902 1407 4958; x_wconf 84' lang='lat' dir='ltr'><strong>debeat</strong></span> <span class='ocrx_word' id='word_1_728' title='bbox 1441 4900 1993 4971; x_wconf 85' lang='lat' dir='ltr'><strong>incorruptibilitale,</strong></span> <span class='ocrx_word' id='word_1_729' title='bbox 2041 4921 2057 4952; x_wconf 86' lang='grc' dir='ltr'><strong>ι</strong></span> 
     </span>
    </p>
   </div>
   <div class='ocr_carea' id='block_1_98' title="bbox 2159 4894 3789 4975">
    <p class='ocr_par' dir='ltr' id='par_1_98' title="bbox 2199 4894 3789 4968">
     <span class='ocr_line' id='line_1_98' title="bbox 2199 4894 3789 4968; baseline -0.006 -14"><span class='ocrx_word' id='word_1_730' title='bbox 2199 4901 2343 4964; x_wconf 88' lang='grc' dir='ltr'>σίαν,</span> <span class='ocrx_word' id='word_1_731' title='bbox 2367 4899 2465 4952; x_wconf 71' lang='grc' dir='ltr'>καὶ</span> <span class='ocrx_word' id='word_1_732' title='bbox 2479 4901 2539 4952; x_wconf 80' lang='grc' dir='ltr'>τὸ</span> <span class='ocrx_word' id='word_1_733' title='bbox 2565 4896 2761 4968; x_wconf 80' lang='grc' dir='ltr'>θνητὸν</span> <span class='ocrx_word' id='word_1_734' title='bbox 2778 4896 3105 4963; x_wconf 76' lang='grc' dir='ltr'>ἀθανασίαν,</span> <span class='ocrx_word' id='word_1_735' title='bbox 3121 4913 3139 4945; x_wconf 78' lang='grc' dir='ltr'><strong>ι</strong></span> <span class='ocrx_word' id='word_1_736' title='bbox 3171 4896 3201 4948; x_wconf 89' lang='grc' dir='ltr'><strong>ό</strong></span> <span class='ocrx_word' id='word_1_737' title='bbox 3232 4894 3408 4966; x_wconf 81' lang='grc' dir='ltr'>μέγας</span> <span class='ocrx_word' id='word_1_738' title='bbox 3432 4894 3789 4965; x_wconf 74' lang='grc' dir='ltr'>μυσταγωγεῖ</span> 
     </span>
    </p>
   </div>
   <div class='ocr_carea' id='block_1_99' title="bbox 515 4983 2058 5065">
    <p class='ocr_par' dir='ltr' id='par_1_99' title="bbox 515 4991 2056 5065">
     <span class='ocr_line' id='line_1_99' title="bbox 515 4991 2056 5065; baseline -0.003 -14"><span class='ocrx_word' id='word_1_739' title='bbox 515 4998 747 5052; x_wconf 84' lang='lat' dir='ltr'><strong>mortale</strong></span> <span class='ocrx_word' id='word_1_740' title='bbox 791 4995 909 5050; x_wconf 85' lang='lat' dir='ltr'><strong>ﬁeri</strong></span> <span class='ocrx_word' id='word_1_741' title='bbox 962 4994 1272 5050; x_wconf 89' lang='lat' dir='ltr'><strong>immortale</strong></span> <span class='ocrx_word' id='word_1_742' title='bbox 1303 5012 1324 5047; x_wconf 74' lang='grc' dir='ltr'><strong>ι</strong></span> <span class='ocrx_word' id='word_1_743' title='bbox 1386 5007 1615 5065; x_wconf 85' lang='lat' dir='ltr'><strong>magnus</strong></span> <span class='ocrx_word' id='word_1_744' title='bbox 1648 4993 1810 5047; x_wconf 91' lang='lat' dir='ltr'><strong>docet</strong></span> <span class='ocrx_word' id='word_1_745' title='bbox 1847 4991 2056 5059; x_wconf 82' lang='lat' dir='ltr'><strong>Aposto</strong></span> 
     </span>
    </p>
   </div>
   <div class='ocr_carea' id='block_1_100' title="bbox 2159 4983 3785 5065">
    <p class='ocr_par' dir='ltr' id='par_1_100' title="bbox 2212 4983 3785 5058">
     <span class='ocr_line' id='line_1_100' title="bbox 2212 4983 3785 5058; baseline -0.009 -10"><span class='ocrx_word' id='word_1_746' title='bbox 2212 4990 2539 5055; x_wconf 85' lang='grc' dir='ltr'>Ἀπόστολος</span> <span class='ocrx_word' id='word_1_747' title='bbox 2560 5007 2574 5020; x_wconf 75' lang='grc' dir='ltr'><strong><em>ο</em></strong></span> <span class='ocrx_word' id='word_1_748' title='bbox 2624 4990 2685 5043; x_wconf 87' lang='grc' dir='ltr'><strong>τδ</strong></span> <span class='ocrx_word' id='word_1_749' title='bbox 2716 4989 2772 5042; x_wconf 80' lang='grc' dir='ltr'>δὲ</span> <span class='ocrx_word' id='word_1_750' title='bbox 2806 4988 2968 5058; x_wconf 86' lang='grc' dir='ltr'>σῶμα</span> <span class='ocrx_word' id='word_1_751' title='bbox 3001 4986 3409 5057; x_wconf 85' lang='grc' dir='ltr'>ἀσωματότητα</span> <span class='ocrx_word' id='word_1_752' title='bbox 3436 4983 3785 5049; x_wconf 78' lang='grc' dir='ltr'>ἐνδύσασθαι,</span> 
     </span>
    </p>
   </div>
   <div class='ocr_carea' id='block_1_101' title="bbox 516 5077 2058 5159">
    <p class='ocr_par' dir='ltr' id='par_1_101' title="bbox 516 5084 2058 5159">
     <span class='ocr_line' id='line_1_101' title="bbox 516 5084 2058 5159; baseline -0.002 -18"><span class='ocrx_word' id='word_1_753' title='bbox 516 5089 691 5146; x_wconf 72' lang='lat' dir='ltr'><strong>Ius“.</strong></span> <span class='ocrx_word' id='word_1_754' title='bbox 728 5087 837 5145; x_wconf 89' lang='lat' dir='ltr'><strong>Sed</strong></span> <span class='ocrx_word' id='word_1_755' title='bbox 867 5103 1066 5159; x_wconf 88' lang='lat' dir='ltr'><strong>corpus</strong></span> <span class='ocrx_word' id='word_1_756' title='bbox 1120 5086 1623 5158; x_wconf 88' lang='lat' dir='ltr'><strong>incorporalilatcm</strong></span> <span class='ocrx_word' id='word_1_757' title='bbox 1678 5085 1784 5141; x_wconf 86' lang='lat' dir='ltr'><strong>sibi</strong></span> <span class='ocrx_word' id='word_1_758' title='bbox 1847 5084 2058 5139; x_wconf 69' lang='lat' dir='ltr'><strong>induert</strong></span> 
     </span>
    </p>
   </div>
   <div class='ocr_carea' id='block_1_102' title="bbox 2159 5077 3789 5159">
    <p class='ocr_par' dir='ltr' id='par_1_102' title="bbox 2205 5077 3789 5159">
     <span class='ocr_line' id='line_1_102' title="bbox 2205 5077 3789 5159; baseline -0.007 -20"><span class='ocrx_word' id='word_1_759' title='bbox 2205 5085 2239 5157; x_wconf 77' lang='grc' dir='ltr'><strong>ἢ</strong></span> <span class='ocrx_word' id='word_1_760' title='bbox 2270 5085 2331 5139; x_wconf 78' lang='grc' dir='ltr'>τὸ</span> <span class='ocrx_word' id='word_1_761' title='bbox 2369 5084 2589 5137; x_wconf 78' lang='grc' dir='ltr'>κτιστὸν</span> <span class='ocrx_word' id='word_1_762' title='bbox 2620 5081 2879 5152; x_wconf 81' lang='grc' dir='ltr'>γενέσθαι</span> <span class='ocrx_word' id='word_1_763' title='bbox 2911 5081 3194 5159; x_wconf 80' lang='grc' dir='ltr'>ἄκτιστον,</span> <span class='ocrx_word' id='word_1_764' title='bbox 3223 5080 3255 5151; x_wconf 83' lang='grc' dir='ltr'>ἢ</span> <span class='ocrx_word' id='word_1_765' title='bbox 3302 5078 3365 5132; x_wconf 78' lang='grc' dir='ltr'>τὸ</span> <span class='ocrx_word' id='word_1_766' title='bbox 3408 5077 3789 5149; x_wconf 69' lang='grc' dir='ltr'>περιγραπτὺν</span> 
     </span>
    </p>
   </div>
   <div class='ocr_carea' id='block_1_103' title="bbox 519 5158 2058 5248">
    <p class='ocr_par' dir='ltr' id='par_1_103' title="bbox 519 5177 2057 5248">
     <span class='ocr_line' id='line_1_103' title="bbox 519 5177 2057 5248; baseline -0.002 -16"><span class='ocrx_word' id='word_1_767' title='bbox 519 5180 599 5234; x_wconf 82' lang='lat' dir='ltr'><strong>vel</strong></span> <span class='ocrx_word' id='word_1_768' title='bbox 635 5190 880 5238; x_wconf 89' lang='lat' dir='ltr'><strong>creatum</strong></span> <span class='ocrx_word' id='word_1_769' title='bbox 926 5181 1040 5238; x_wconf 82' lang='lat' dir='ltr'><strong>ﬁeri</strong></span> <span class='ocrx_word' id='word_1_770' title='bbox 1082 5182 1411 5245; x_wconf 89' lang='lat' dir='ltr'><strong>increatnm,</strong></span> <span class='ocrx_word' id='word_1_771' title='bbox 1468 5178 1554 5236; x_wconf 86' lang='lat' dir='ltr'><strong>vel</strong></span> <span class='ocrx_word' id='word_1_772' title='bbox 1610 5177 2057 5248; x_wconf 87' lang='lat' dir='ltr'><strong>circumscriptm</strong></span> 
     </span>
    </p>
   </div>
   <div class='ocr_carea' id='block_1_104' title="bbox 2159 5158 3793 5248">
    <p class='ocr_par' dir='ltr' id='par_1_104' title="bbox 2205 5158 3793 5246">
     <span class='ocr_line' id='line_1_104' title="bbox 2205 5158 3793 5246; baseline -0.008 -15"><span class='ocrx_word' id='word_1_773' title='bbox 2205 5179 2286 5241; x_wconf 84' lang='grc' dir='ltr'><strong>είς</strong></span> <span class='ocrx_word' id='word_1_774' title='bbox 2317 5173 2730 5246; x_wconf 78' lang='grc' dir='ltr'>ἀπεριγραψίαν</span> <span class='ocrx_word' id='word_1_775' title='bbox 2760 5158 3254 5244; x_wconf 75' lang='grc' dir='ltr'>μετατεθήσεσθαι,</span> <span class='ocrx_word' id='word_1_776' title='bbox 3290 5168 3446 5223; x_wconf 73' lang='grc' dir='ltr'>οὔπω</span> <span class='ocrx_word' id='word_1_777' title='bbox 3491 5168 3656 5238; x_wconf 83' lang='grc' dir='ltr'>μέχρι</span> <span class='ocrx_word' id='word_1_778' title='bbox 3696 5167 3793 5219; x_wconf 64' lang='grc' dir='ltr'><strong>κσιλ⁵</strong></span> 
     </span>
    </p>
   </div>
   <div class='ocr_carea' id='block_1_105' title="bbox 519 5260 2058 5346">
    <p class='ocr_par' dir='ltr' id='par_1_105' title="bbox 519 5271 2054 5346">
     <span class='ocr_line' id='line_1_105' title="bbox 519 5271 2054 5346; baseline -0.004 -18"><span class='ocrx_word' id='word_1_779' title='bbox 519 5276 584 5328; x_wconf 61' lang='lat' dir='ltr'><strong>all</strong></span> <span class='ocrx_word' id='word_1_780' title='bbox 638 5274 1263 5346; x_wconf 68' lang='lat' dir='ltr'><strong>iucircumscriptionem</strong></span> <span class='ocrx_word' id='word_1_781' title='bbox 1320 5272 1700 5337; x_wconf 89' lang='lat' dir='ltr'><strong>transmutari,</strong></span> <span class='ocrx_word' id='word_1_782' title='bbox 1739 5271 1977 5327; x_wconf 91' lang='lat' dir='ltr'><strong>nondum</strong></span> <span class='ocrx_word' id='word_1_783' title='bbox 2024 5285 2054 5323; x_wconf 90' lang='lat' dir='ltr'><strong>a</strong></span> 
     </span>
    </p>
   </div>
   <div class='ocr_carea' id='block_1_106' title="bbox 2159 5260 3794 5346">
    <p class='ocr_par' dir='ltr' id='par_1_106' title="bbox 2209 5260 3794 5342">
     <span class='ocr_line' id='line_1_106' title="bbox 2209 5260 3794 5342; baseline -0.008 -19"><span class='ocrx_word' id='word_1_784' title='bbox 2209 5271 2450 5342; x_wconf 76' lang='grc' dir='ltr'>σήμερον</span> <span class='ocrx_word' id='word_1_785' title='bbox 2488 5268 2782 5339; x_wconf 76' lang='grc' dir='ltr'>ἡκουσται·</span> <span class='ocrx_word' id='word_1_786' title='bbox 2832 5264 3040 5320; x_wconf 86' lang='grc' dir='ltr'>τούτων</span> <span class='ocrx_word' id='word_1_787' title='bbox 3072 5264 3128 5318; x_wconf 78' lang='grc' dir='ltr'>δέ</span> <span class='ocrx_word' id='word_1_788' title='bbox 3178 5280 3300 5317; x_wconf 88' lang='grc' dir='ltr'>τινα</span> <span class='ocrx_word' id='word_1_789' title='bbox 3340 5261 3432 5315; x_wconf 73' lang='grc' dir='ltr'>καὶ</span> <span class='ocrx_word' id='word_1_790' title='bbox 3480 5260 3794 5330; x_wconf 70' lang='grc' dir='ltr'>ἀσωμάτων</span> 
     </span>
    </p>
   </div>
   <div class='ocr_carea' id='block_1_107' title="bbox 589 5472 2058 5551">
    <p class='ocr_par' dir='ltr' id='par_1_107' title="bbox 589 5474 2027 5551">
     <span class='ocr_line' id='line_1_107' title="bbox 589 5474 2027 5551; baseline -0.007 -10"><span class='ocrx_word' id='word_1_791' title='bbox 589 5480 636 5513; x_wconf 80' lang='grc'><strong><em>⁸³</em></strong></span> <span class='ocrx_word' id='word_1_792' title='bbox 666 5480 795 5551; x_wconf 87' lang='lat' dir='ltr'><strong>Sap.</strong></span> <span class='ocrx_word' id='word_1_793' title='bbox 833 5497 870 5550; x_wconf 88' lang='lat' dir='ltr'><strong>I,</strong></span> <span class='ocrx_word' id='word_1_794' title='bbox 911 5483 996 5548; x_wconf 79' lang='lat' dir='ltr'><strong>l5,</strong></span> <span class='ocrx_word' id='word_1_795' title='bbox 1035 5480 1119 5536; x_wconf 67' lang='lat' dir='ltr'><strong>id.</strong></span> <span class='ocrx_word' id='word_1_796' title='bbox 1197 5480 1243 5513; x_wconf 80' lang='lat'><strong>“</strong></span> <span class='ocrx_word' id='word_1_797' title='bbox 1271 5478 1399 5550; x_wconf 90' lang='lat' dir='ltr'><strong>Sap.</strong></span> <span class='ocrx_word' id='word_1_798' title='bbox 1444 5479 1620 5542; x_wconf 49' lang='grc' dir='ltr'>υθέ.</span> <span class='ocrx_word' id='word_1_799' title='bbox 1753 5477 1797 5510; x_wconf 77' lang='grc'>⁸⁸</span> <span class='ocrx_word' id='word_1_800' title='bbox 1827 5476 1868 5530; x_wconf 88' lang='lat' dir='ltr'><strong>ll</strong></span> <span class='ocrx_word' id='word_1_801' title='bbox 1901 5474 2027 5532; x_wconf 87' lang='lat' dir='ltr'><strong>Cor.</strong></span> 
     </span>
    </p>
   </div>
   <div class='ocr_carea' id='block_1_108' title="bbox 2159 5472 2796 5551">
    <p class='ocr_par' dir='ltr' id='par_1_108' title="bbox 2173 5472 2796 5537">
     <span class='ocr_line' id='line_1_108' title="bbox 2173 5472 2796 5537; baseline -0.008 -6"><span class='ocrx_word' id='word_1_802' title='bbox 2173 5476 2225 5531; x_wconf 87' lang='lat'><strong>6.</strong></span> <span class='ocrx_word' id='word_1_803' title='bbox 2301 5474 2346 5507; x_wconf 81' lang='lat'><strong>“</strong></span> <span class='ocrx_word' id='word_1_804' title='bbox 2386 5472 2555 5530; x_wconf 89' lang='lat' dir='ltr'><strong>lCor.</strong></span> <span class='ocrx_word' id='word_1_805' title='bbox 2586 5490 2677 5537; x_wconf 81' lang='lat' dir='ltr'><strong>xv,</strong></span> <span class='ocrx_word' id='word_1_806' title='bbox 2707 5473 2796 5528; x_wconf 81' lang='grc'>55.</span> 
     </span>
    </p>
   </div>
   <div class='ocr_carea' id='block_1_109' title="bbox 591 5643 3801 5737">
    <p class='ocr_par' dir='ltr' id='par_1_109' title="bbox 591 5643 3801 5737">
     <span class='ocr_line' id='line_1_109' title="bbox 591 5643 3801 5737; baseline -0.012 -3"><span class='ocrx_word' id='word_1_807' title='bbox 591 5663 705 5737; x_wconf 72' lang='grc'><strong>(49)</strong></span> <span class='ocrx_word' id='word_1_808' title='bbox 744 5662 974 5737; x_wconf 64' lang='lat' dir='ltr'><strong>Animas</strong></span> <span class='ocrx_word' id='word_1_809' title='bbox 1018 5660 1088 5716; x_wconf 85' lang='lat' dir='ltr'><strong>ob</strong></span> <span class='ocrx_word' id='word_1_810' title='bbox 1132 5660 1604 5737; x_wconf 59' lang='lat' dir='ltr'><strong>nriorwevcam.</strong></span> <span class='ocrx_word' id='word_1_811' title='bbox 1636 5658 1688 5713; x_wconf 86' lang='lat' dir='ltr'><strong>in</strong></span> <span class='ocrx_word' id='word_1_812' title='bbox 1725 5670 1951 5725; x_wconf 79' lang='lat' dir='ltr'><strong>corpora</strong></span> <span class='ocrx_word' id='word_1_813' title='bbox 1994 5656 2104 5737; x_wconf 60' lang='lat' dir='ltr'><strong>3m-</strong></span> <span class='ocrx_word' id='word_1_814' title='bbox 2285 5654 2887 5737; x_wconf 34' lang='lat' dir='ltr'><strong>(PillLGrchNaziauz.</strong></span> <span class='ocrx_word' id='word_1_815' title='bbox 2934 5659 3074 5709; x_wconf 81' lang='lat' dir='ltr'><strong>orat.</strong></span> <span class='ocrx_word' id='word_1_816' title='bbox 3112 5650 3202 5717; x_wconf 74' lang='lat' dir='ltr'><strong>to,</strong></span> <span class='ocrx_word' id='word_1_817' title='bbox 3241 5665 3295 5704; x_wconf 84' lang='grc' dir='ltr'><strong>ιι.</strong></span> <span class='ocrx_word' id='word_1_818' title='bbox 3334 5645 3424 5703; x_wconf 69' lang='grc'><strong>45.</strong></span> <span class='ocrx_word' id='word_1_819' title='bbox 3461 5643 3596 5700; x_wconf 80' lang='lat' dir='ltr'><strong>Vide</strong></span> <span class='ocrx_word' id='word_1_820' title='bbox 3631 5652 3801 5700; x_wconf 79' lang='lat' dir='ltr'><strong>etiam</strong></span> 
     </span>
    </p>
   </div>
   <div class='ocr_carea' id='block_1_110' title="bbox 525 5724 2648 5800">
    <p class='ocr_par' dir='ltr' id='par_1_110' title="bbox 525 5724 2648 5800">
     <span class='ocr_line' id='line_1_110' title="bbox 525 5724 2648 5800; baseline -0.004 -11"><span class='ocrx_word' id='word_1_821' title='bbox 525 5724 756 5789; x_wconf 53' lang='lat' dir='ltr'><strong>mi‘tti&#39;et</strong></span> <span class='ocrx_word' id='word_1_822' title='bbox 803 5724 1201 5800; x_wconf 87' lang='lat' dir='ltr'><strong>quodammodo</strong></span> <span class='ocrx_word' id='word_1_823' title='bbox 1253 5724 1513 5798; x_wconf 77' lang='lat' dir='ltr'><strong>relegari,</strong></span> <span class='ocrx_word' id='word_1_824' title='bbox 1568 5746 1703 5783; x_wconf 78' lang='lat' dir='ltr'><strong>vana</strong></span> <span class='ocrx_word' id='word_1_825' title='bbox 1739 5724 2099 5797; x_wconf 72' lang='lat' dir='ltr'><strong>quorumdam</strong></span> <span class='ocrx_word' id='word_1_826' title='bbox 2211 5738 2349 5779; x_wconf 84' lang='lat' dir='ltr'><strong>orat.</strong></span> <span class='ocrx_word' id='word_1_827' title='bbox 2387 5724 2437 5789; x_wconf 90' lang='lat'><strong>7,</strong></span> <span class='ocrx_word' id='word_1_828' title='bbox 2476 5741 2529 5779; x_wconf 85' lang='grc' dir='ltr'><strong>η.</strong></span> <span class='ocrx_word' id='word_1_829' title='bbox 2558 5727 2648 5780; x_wconf 71' lang='grc'>21.</span> 
     </span>
    </p>
   </div>
   <div class='ocr_carea' id='block_1_111' title="bbox 528 5800 1330 5877">
    <p class='ocr_par' dir='ltr' id='par_1_111' title="bbox 528 5800 1330 5877">
     <span class='ocr_line' id='line_1_111' title="bbox 528 5800 1330 5877; baseline -0.009 -17"><span class='ocrx_word' id='word_1_830' title='bbox 528 5804 965 5877; x_wconf 59' lang='lat' dir='ltr'><strong>philosophorum</strong></span> <span class='ocrx_word' id='word_1_831' title='bbox 1001 5801 1180 5870; x_wconf 80' lang='lat' dir='ltr'><strong>opinio</strong></span> <span class='ocrx_word' id='word_1_832' title='bbox 1211 5800 1330 5855; x_wconf 71' lang='lat' dir='ltr'><strong>fuit.</strong></span> 
     </span>
    </p>
   </div>
  </div>
