4072 6324
344 374 452 442 445

1035 384 1659 450 ANTIRRIIETICUS
1697 390 1788 451 III
1828 393 1995 455 ADV.
2035 392 2630 455 CONSTANTINUM
2669 396 2863 457 COPR

3486 396 3595 461 446

347 492 479 554 ῐδια,
509 491 635 545 ἐπεὶ
670 490 763 544 καὶ
783 491 1008 561 ἄ,γελοι
1040 494 1244 566 κτίσμα
1269 496 1431 565 Θεοῦ,
1468 500 1563 583 καὶ
1595 499 1674 570 τῷ
1709 495 1915 572 ἦρχθαι

2028 501 2159 556 hanc
2183 515 2354 572 usque
2385 503 2529 559 diem
2562 505 2804 560 auditum
2831 513 2937 559 est.
2987 503 3113 561 "ch
3168 506 3369 576 partim
3430 511 3593 563 attri-

345 583 505 653 ἔσχον
529 582 593 635 τὸ
616 582 1078 655 περιγράφεσθαι.

425 849 649 923 Ῥητέον
684 851 869 904 τοίνυν
898 853 972 915 ὡς
1006 854 1041 923 η
1068 852 1412 923 Χριστιανῶν
1448 855 1704 925 ὁμολογεῖ
1735 855 1921 910 θεοσέ-

342 941 495 1008 ﬁcta,
523 942 643 1014 ἦτοι
671 944 772 1013 τῆς
800 942 1104 1009 καθολικῆς
1142 945 1238 997 καὶ
1268 946 1635 1017 ἀποστολικῆς
1690 948 1923 1019 Ἐκκλη-

345 1033 472 1098 σίας
500 1035 811 1089 ἐκδιδάσκει
850 1036 912 1088 τὸ
949 1036 1239 1108 κήρυγμα,
1274 1040 1359 1092 ὅτι
1391 1038 1457 1110 δὴ
1502 1042 1530 1093 ό
1561 1041 1798 1111 Χριστὸς
1828 1042 1923 1095 καὶ

345 1126 480 1189 Θεὸς
514 1125 672 1197 ἡμῶν
707 1129 847 1197 μετά
873 1126 974 1197 τὴν
1003 1129 1084 1190 είς
1133 1128 1403 1197 οὐρανοὺς
1446 1128 1651 1195 ἄνοδον,
1700 1130 1794 1184 καὶ⁵
1825 1131 1923 1201 τὴν

345 1218 413 1270 ὲκ
437 1215 632 1282 δεξιῶν
662 1216 756 1270 τοῦ
792 1206 927 1271 Θεοῦ
966 1218 1062 1272 καὶ
1097 1217 1315 1289 Πατρδς
1342 1218 1614 1291 καθέδραν
1649 1222 1746 1274 καὶ
1777 1221 1923 1295 ἵδρυ-

347 1326 459 1370 σιν,
488 1309 588 1379 τὴν
632 1309 1077 1379 προσληφθεῖσαν
1114 1312 1387 1382 τετήρηκε
1419 1311 1581 1381 φύσιν
1628 1314 1921 1385 ἀμείωτον,

349 1402 448 1455 καὶ
493 1400 649 1455 οὐδὲν
693 1402 804 1454 τῶν
833 1402 894 1467 ἐξ
934 1394 1011 1454 ὧν
1038 1400 1179 1472 αὓτη
1214 1404 1737 1475 χαρακτηριζομένη
1793 1421 1921 1458 συν-

345 1492 546 1564 ἔστηκε
579 1492 762 1563 μερῶν
787 1490 1170 1563 ἀποϐέϐληκεν
1188 1508 1201 1522 ·
1230 1493 1363 1546 αὑτό
1393 1510 1452 1547 τε
1474 1494 1582 1567 γὰρ
1597 1495 1660 1548 τὸ
1679 1494 1840 1566 σῶμα
1865 1497 1924 1549 ἐν

344 1581 496 1653 αὐτῷ
546 1581 893 1648 διασώζεται,
925 1582 962 1654 ἦ
995 1598 1057 1635 τε
1095 1582 1262 1652 ψυχὴ,
1405 1582 1675 1654 ὲψύχωτο,
1726 1585 1922 1657 λογικὴ

346 1674 446 1726 καὶ
475 1674 661 1745 νοερὰ,
714 1674 980 1746 θελητική
1014 1692 1075 1728 τε
1129 1677 1226 1728 καὶ
1269 1675 1623 1747 ἑνεργητικὴ,
1672 1676 1797 1730 καθ’
1856 1676 1924 1748 ην

347 1765 496 1820 θέλει
521 1771 617 1821 καὶ⁵
650 1770 872 1839 ἐνεργεῖ
885 1767 984 1840 τὴν
1004 1769 1115 1823 τῶν
1146 1770 1284 1823 ὅλων
1312 1770 1573 1840 πρόνοιαν
1597 1772 1690 1824 καὶ
1725 1773 1922 1841 συντή-

2023 594 2173 657 bula,
2210 594 2654 663 incorporearum
2686 611 2902 666 quoque
2934 597 3317 666 suntpropria,
3350 602 3477 667 quia
3535 608 3590 655 et

2022 682 2196 754 angeli
2233 694 2484 740 creatura
2522 685 2617 740 Dei
2650 698 2800 753 sunt,
2826 696 2883 740 et
2920 696 3191 757 quatenus
3247 688 3464 744 initium
3493 690 3595 744 ba-

2024 775 2207 840 hoere,
2234 782 2479 846 tempore
2504 785 2630 831 sunt
2662 777 3092 846 circumscripti.

2090 864 2387 921 Dicendum
2409 877 2493 923 est
2529 882 2682 938 ergo,
2725 879 2885 939 prout
2933 869 3373 927 Christianorum
3429 872 3594 941 proii-

2026 967 2169 1013 tetur
2188 959 2397 1029 religio,
2421 961 2539 1015 sive
2563 962 2849 1018 catholica:
2878 972 2934 1017 et
2977 964 3293 1033 apostolica
3333 963 3595 1020 Ecclesia:

2025 1050 2193 1104 tradit
2225 1049 2495 1117 doctrina,
2515 1050 2795 1107 Christum
2815 1050 2982 1107 Deum
3018 1063 3267 1109 nostrum
3285 1065 3412 1124 post
3444 1055 3590 1110 redi-

2026 1152 2140 1201 tum
2164 1140 2217 1195 iu
2248 1140 2514 1207 ctelos,et
2541 1156 2696 1198 suam
2718 1143 2786 1198 ad
2814 1144 3095 1200 dexteram
3125 1145 3220 1202 Dei
3250 1144 3438 1202 Patris
3468 1162 3586 1203 ses-

2022 1233 2229 1287 sionem
2260 1241 2315 1288 et
2339 1233 2770 1300 collocationem,
2820 1248 3132 1303 susceptam
3178 1239 3596 1294 conservavisse

2023 1320 2167 1376 haud
2198 1321 2544 1378 imminutam
2571 1334 2844 1390 naturam,
2877 1328 3192 1397 nullamque
3238 1344 3307 1384 ex
3357 1328 3595 1399 integra-

2024 1427 2141 1466 rum
2165 1428 2394 1468 numero
2429 1423 2640 1483 partem
2672 1415 2981 1484 abjecisse:
3019 1418 3163 1473 idem
3204 1418 3351 1474 enim
3396 1434 3596 1489 corpus

2023 1500 2079 1555 in
2127 1516 2193 1556 eo
2243 1512 2623 1568 conservatur,
2654 1518 2868 1558 necnon
2915 1492 3099 1560 anima
3133 1521 3241 1575 qua
3296 1507 3595 1572 animatur,

2022 1592 2305 1649 rationalis
2347 1603 2401 1649 et
2448 1594 2857 1661 intellectualis,
2893 1596 3231 1651 voluntativa
3273 1607 3332 1652 et
3387 1597 3591 1663 activa,

2024 1700 2129 1755 qua
2165 1685 2281 1739 vult
2305 1696 2359 1740 et
2390 1686 2532 1756 gerit
2574 1701 2756 1741 rerum
2799 1688 3040 1742 omnium
3102 1688 3507 1758 providentiam
3541 1699 3598 1745 et

2024 1776 2518 1843 conservationem,
2542 1785 2600 1830 ut
2639 1776 2900 1833 divinitus
2932 1777 3005 1832 ita
3037 1777 3203 1832 etiam
3248 1776 3595 1846 humanitus;

349 1873 532 1928 ρησιν.
571 1857 762 1929 ὥσπερ
802 1858 1026 1924 θεῖκῶς,
1077 1858 1222 1912 οὑτω
1273 1860 1338 1931 δὴ
1389 1861 1482 1914 καὶ
1517 1862 1919 1933 ἀνθρωπικῶς’

2028 1866 2325 1922 advocatus
2366 1877 2450 1923 est
2482 1882 2581 1937 pro
2610 1868 2769 1922 nobis
2804 1869 2947 1936 apud
2998 1868 3217 1925 Patrem
3248 1868 3453 1937 factus,
3501 1844 3599 1928 ηοέ

347 1949 706 2021 παράκλητος
734 1950 876 2021 ὑπὲρ
896 1952 929 2021 ἡ
939 1949 1058 2020 μῶν
1082 1949 1218 2021 πρὸς
1247 1952 1339 2006 τὸν
1366 1952 1590 2024 Πατέρα
1613 1954 1922 2024 γινόμενος,

343 2041 444 2095 καὶ
463 2042 562 2111 τὴν
589 2042 870 2113 ἡμετέραν
890 2042 1193 2112 οἰκονομῶν
1226 2042 1530 2113 σωτηρίαν,
1567 2044 1662 2096 καὶ
1689 2043 1788 2114 τὴν
1814 2044 1923 2098 τῶν

345 2132 745 2205 συμφερόντων
789 2134 923 2204 ἡμῖν
973 2133 1361 2205 περιποίησιν⁸
1404 2134 1596 2208 μνήμῃ
1647 2151 1709 2188 τε
1756 2134 1827 2190 αὖ
1856 2137 1922 2207 τῇ

343 2224 594 2293 παναγίᾳ
629 2223 813 2298 ἐκείνῃ
845 2224 943 2277 καὶ
989 2223 1110 2297 θείᾳ
1138 2224 1287 2297 ψυχῇ
1314 2229 1638 2297 τετήρηται,
1676 2226 1786 2279 τῶν
1822 2227 1924 2280 ὅσα

342 2314 444 2368 ἐπὶ
490 2315 596 2384 γῆς
649 2316 1021 2387 ἀναστραφεὶς
1069 2317 1099 2370 ό
1154 2317 1393 2389 Χριστὸς
1468 2319 1561 2372 καὶ
1613 2316 1921 2388 ἀνθρώποις

345 2407 768 2479 προσομιλήσας
798 2408 937 2479 ὑπὲρ
963 2408 1063 2478 τῆς
1090 2410 1366 2480 ἡμετέρας
1388 2408 1709 2481 δλευθερίας
1726 2409 1922 2480 ἔδρασέ

343 2516 407 2552 τε
437 2498 533 2552 καὶ
565 2498 769 2553 ἔπαθε·
821 2499 917 2552 καὶ
964 2498 1248 2567 γινώσκει,
1309 2501 1393 2561 ὅτι
1443 2499 1569 2553 καθ’
1627 2500 1954 2561 ὑπόστασιν,Δ

345 2591 554 2661 ηνωται
578 2587 655 2659 τῷ
687 2588 817 2660 θείῳ
848 2589 1032 2658 Λόγῳ,
1061 2590 1159 2643 καὶ
1188 2590 1292 2661 ὁρᾷ
1320 2589 1396 2653 ὡς
1423 2588 1807 2655 συνδοξάζεται
1832 2591 1922 2643 καὶ

344 2684 851 2753 συμπροσκυνείται
913 2683 1064 2747 αύτῷ
1120 2683 1197 2747 ὡς
1245 2682 1382 2737 Θεοῦ
1432 2682 1618 2755 ψυχὴ,
1675 2685 1772 2737 καὶ
1824 2686 1923 2754 οὐχ

343 2773 536 2837 ἁπλῶς
587 2772 756 2845 ψυχὴ.
805 2773 917 2828 ὑπὸ
956 2776 1140 2846 πάσης
1184 2773 1411 2844 λογικῆς
1462 2791 1522 2828 τε
1580 2775 1675 2828 καὶ
1727 2777 1921 2853 νοερᾶς

343 2867 614 2929 κτίσεως·
650 2865 730 2920 ἔτι
763 2883 846 2934 τε,
893 2868 977 2921 ὅτι
1006 2866 1071 2926 ὲκ
1100 2866 1204 2936 γῆς
1254 2866 1391 2937 πρὸς
1425 2865 1692 2937 οὐρανοὺς
1724 2866 1921 2937 ἀνελή-

340 2957 495 3023 λυθε,
538 2958 632 3012 καὶ
662 2957 827 3017 πάλιν
863 2956 1006 3027 μετά
1054 2959 1154 3027 τῆς
1201 2955 1477 3025 πατρικῆς
1513 2954 1672 3026 δόξης
1702 2954 1922 3009 ἐλεύσε-

343 3068 438 3104 ται
460 3065 474 3079 ’
512 3052 573 3103 εδ
604 3046 698 3104 οὖν
731 3049 940 3116 ἀνιέναι
975 3049 1056 3112 είς
1088 3049 1379 3115 οὐρανοὺς,
1411 3047 1508 3101 καὶ
1551 3048 1712 3102 πάλιν
1764 3048 1921 3115 ἰέναι,

2023 1967 2304 2026 atramque
2321 1957 2716 2012 administrans
2733 1957 2989 2024 salutem,
3009 1967 3067 2012 et
3094 1957 3307 2013 utilium
3332 1960 3487 2016 nobis
3510 1975 3600 2016 re-

2027 2065 2141 2104 rum
2175 2047 2587 2103 exhibitionem.
2623 2047 2851 2117 Insuper
2872 2049 3190 2102 memoriam
3247 2049 3450 2104 retinet
3466 2064 3598 2105 san-

2025 2140 2268 2197 ctissima
2303 2139 2394 2194 illa
2424 2147 2477 2193 et
2509 2138 2694 2192 divina
2721 2138 2902 2192 anima
2924 2140 3166 2194 omnium
3198 2156 3318 2210 qua:
3348 2140 3602 2197 Christus

2024 2248 2145 2288 cum
2183 2231 2493 2286 hominibus
2537 2231 2592 2283 in
2620 2240 2762 2284 terra
2800 2245 3028 2284 versans
3059 2246 3159 2300 pro
3208 2241 3388 2287 nostra
3423 2231 3598 2288 salute

2024 2325 2135 2394 egit
2171 2337 2476 2393 passusque
2519 2330 2650 2377 est:
2702 2323 3098 2393 cognoscitque
3141 2338 3202 2378 se
3263 2324 3603 2395 hypostatice

2023 2417 2209 2473 divino
2240 2413 2417 2470 Verbo
2445 2414 2677 2481 unitam,
2704 2415 2960 2484 videtque
2990 2429 3048 2468 se
3074 2415 3358 2470 coadorari
3389 2430 3512 2470 cum
3533 2430 3600 2472 eo

2026 2516 2279 2577 tanquam
2312 2506 2408 2561 Dei
2445 2506 2708 2573 animam,
2746 2516 2801 2561 et
2836 2521 2943 2560 non
2975 2506 3301 2575 simpliciter
3330 2509 3601 2576 animam,

2024 2598 2092 2652 ab
2126 2596 2274 2651 omni
2334 2595 2586 2650 rationali
2625 2604 2681 2650 et
2732 2594 3069 2665 intelligente
3110 2607 3384 2653 creatura.
3437 2596 3598 2651 Novit

2025 2689 2153 2742 item
2177 2702 2235 2742 se
2267 2688 2333 2742 de
2374 2696 2519 2741 terra
2553 2686 2605 2740 in
2638 2685 2834 2740 malum
2864 2686 3268 2752 conscendisse,
3299 2702 3596 2756 rursusque

2022 2795 2148 2835 cum
2183 2778 2364 2834 Patris
2401 2776 2688 2847 majestate
2725 2787 3033 2831 venturam.
3085 2775 3227 2846 Ergo
3288 2779 3339 2832 in
3395 2778 3593 2832 omium

2024 2870 2200 2934 abire,
2235 2876 2289 2922 et
2310 2867 2548 2922 vicissim
2588 2867 2788 2934 redire,
2816 2867 2959 2937 quod
2998 2867 3221 2921 localem
3251 2882 3477 2938 prorsus
3506 2869 3599 2920 de-

2025 2959 2216 3013 scribit
2248 2958 2685 3021 trauslationem,
2707 2968 2761 3011 et
2788 2956 3207 3012 ambulatorium
3231 2958 3453 3013 exhibet
3484 2974 3599 3014 mo-

2027 3059 2161 3114 tum,
2187 3051 2291 3114 hae,
2307 3048 2965 3118 inquam,circumscripti
2986 3050 3230 3118 corporis
3255 3050 3599 3119 operationis

344 3142 377 3197 δ
405 3141 471 3215 δὴ
498 3142 597 3212 τὴν
615 3142 852 3212 τοπικὴν
889 3143 955 3194 ἐκ
986 3140 1190 3203 παντὸς
1220 3140 1531 3208 ὑπογράφει
1564 3141 1921 3211 μετάστασιν,

2028 3156 2147 3197 esse
2202 3152 2523 3196 noscuntur.
2556 3138 2758 3195 Sedere
2794 3151 2976 3195 autem
3024 3140 3305 3196 Christum
3354 3142 3419 3195 ad
3457 3143 3594 3197 dex-

344 3237 443 3288 κα¹ι
493 3234 596 3309 τὴν
638 3232 968 3305 πορευτικὴν
1021 3230 1326 3301 παρίστησι
1372 3231 1612 3300 κίνησιν,
1673 3230 1927 3312 σώματος

345 3323 626 3395 ἐνέργειαι
660 3319 1145 3392 περιγραφομένου
1177 3319 1538 3391 γνωρίζονται
1558 3336 1574 3351 ο
1611 3321 1672 3374 τὸ
1701 3320 1759 3373 δὲ
1793 3321 1925 3375 καθ-

345 3417 572 3482 έζεσθαι
606 3415 771 3470 αὑτὸν
816 3417 876 3468 ὲν
908 3412 1057 3484 δεξιᾷ
1090 3412 1185 3466 τοῦ
1234 3411 1371 3466 Θεοῦ
1401 3414 1497 3467 καὶ
1538 3414 1753 3484 Πατρὸς
1786 3412 1925 3481 μετά

346 3507 449 3562 τοῦ
500 3506 776 3577 σώματος,
832 3505 891 3558 οὑ
923 3506 1023 3575 τὴν
1047 3505 1106 3557 ὲν
1134 3502 1286 3572 τόπῳ
1315 3501 1499 3569 δεξιὰν
1545 3503 1890 3575 ὑποληπτέον
1909 3522 1922 3534 ·

346 3598 472 3651 οὑδὲ
511 3597 622 3667 γὰρ
650 3594 717 3649 ἂν
760 3594 918 3667 σχοίη
955 3594 1014 3648 τὸ
1046 3593 1468 3665 ἀπερίγραπτον
1496 3593 1713 3648 πώποτε
1748 3594 1928 3659 δεξιᾶς

347 3692 386 3763 ἢ
418 3690 719 3762 ἀριστερᾶς
754 3687 996 3760 ἔμφασιν
1018 3703 1032 3717 °
1054 3687 1193 3742 ἀλλὰ
1221 3686 1320 3757 τὴν
1345 3684 1500 3750 δόξαν
1524 3686 1618 3738 καὶ
1642 3688 1737 3756 τὴν
1762 3687 1927 3756 τιμὴν

347 3789 750 3860 ὁμολογοῦμεν,
781 3785 905 3840 καθ’
936 3785 1003 3857 ἢν
1026 3786 1054 3837 ὁ
1087 3784 1260 3852 Λόγος
1283 3783 1472 3854 ὥσπερ
1504 3781 1632 3844 Υἱὸς
1664 3779 1800 3834 Θεοῦ
1834 3780 1929 3833 καὶ

340 3880 490 3946 Θεὸς
516 3877 848 3951 προαιιίηιος
873 3879 968 3931 καλ⁵
1002 3875 1082 3947 τῷ
1118 3874 1297 3944 [latrth
1321 3872 1631 3941 ὁμοούσιος,
1663 3870 1807 3925 οὕτω
1836 3872 1930 3925 καὶ

353 3974 495 4044 μετά
528 3972 736 4043 σαρκὸς
769 3972 997 4040 τιμᾶται
1055 3967 1149 4021 καὶ
1208 3965 1614 4032 συνδοξάζεται,
1654 3964 1748 4017 καὶ
1800 3963 1930 4033 μίαν

349 4064 451 4119 καὶ
495 4063 596 4133 τὴν
650 4063 824 4130 αὐτὴν
881 4059 1021 4131 μετά
1050 4057 1146 4113 τοῦ
1197 4055 1454 4127 σώματος
1512 4054 1665 4122 παρά
1712 4055 1931 4112 πάντων

352 4152 730 4228 προσκύνησιν
761 4154 1001 4224 δέχεται,
1034 4151 1157 4204 ἐπεὶ
1213 4150 1311 4203 καὶ
1367 4149 1466 4218 μία
1522 4150 1554 4217 ἡ
1608 4146 1927 4210 ὑπόστασις.

350 4244 795 4317 Τεφρούσθωσαν
812 4242 1001 4296 λοιπὸν
1024 4241 1133 4295 τῶν
1147 4240 1549 4311 Χριπομάχων
1576 4238 1635 4291 ai
1657 4237 1928 4306 γλῶσσαι,

2031 3241 2203 3288 teram
2235 3233 2329 3287 Dci
2363 3231 2543 3286 Patris
2570 3246 2695 3286 cum
2726 3246 2959 3300 corpore
2989 3249 3111 3287 cum
3165 3234 3414 3298 dicimus,
3455 3234 3597 3288 haud

2030 3327 2330 3395 cogitamus
2361 3324 2426 3379 de
2479 3325 2702 3379 dextera
2747 3324 2847 3379 loci
2890 3335 3085 3396 parte:
3117 3340 3291 3397 neque
3329 3326 3476 3381 enim
3514 3326 3598 3381 in-

2026 3419 2480 3486 circun’iscriptus
2502 3416 2670 3471 Pater
2710 3418 2934 3473 habebit
2963 3434 3199 3488 unquam
3232 3420 3472 3474 dextera:
3507 3428 3602 3474 aut

2027 3514 2263 3568 sinistra:
2293 3511 2579 3580 speciem;
2624 3512 2719 3565 sed
2772 3510 3001 3578 gloriam
3041 3513 3410 3580 honoremque
3447 3510 3594 3565 fate-

2030 3620 2168 3670 mur,
2202 3618 2306 3672 qua
2344 3603 2601 3668 Verbum,
2628 3611 2813 3671 utpote
2850 3602 2939 3655 Dei
2982 3602 3152 3657 Filius
3186 3618 3251 3657 ac
3284 3600 3428 3657 Deus
3474 3613 3602 3658 ante

2029 3695 2249 3758 srecnla,
2297 3705 2350 3749 et
2380 3693 2531 3749 Patri
2587 3694 3096 3759 consubstantialis,
3152 3696 3226 3749 ita
3263 3696 3429 3749 etiam
3477 3710 3596 3750 cum

2030 3800 2194 3838 carne
2236 3786 2541 3839 honoratur
2565 3786 3002 3854 etglortlicatur,
3046 3799 3323 3853 unamque
3353 3790 3406 3839 et
3454 3799 3605 3838 enm-

2032 3878 2151 3932 dem
2179 3891 2301 3930 cum
2333 3892 2562 3945 corpore
2597 3878 2665 3931 ab
2688 3879 2942 3932 onn'iihus
2982 3876 3173 3946 recipit
3208 3865 3599 3939 adorationem’,

2032 3968 2470 4037 quandoquidem
2522 3984 2631 4022 una
2686 3977 2771 4022 est
2824 3969 3155 4038 hypostasis.
3214 3965 3366 4021 Cinis
3422 3966 3605 4032 itaque
3660 3953 3665 3957 ’

2035 4056 2165 4111 ﬁant
2200 4055 2402 4111 Christi
2423 4057 2659 4111 hostium
2693 4057 2906 4127 linguai,
2937 4069 2990 4111 et
3013 4058 3257 4127 ipsorum
3288 4058 3448 4123 corda
3479 4071 3606 4107 exa-

2035 4148 2279 4202 rescant!
2314 4158 2479 4217 atque
2517 4162 2579 4203 os
2608 4147 2837 4217 loquens
2874 4149 3059 4217 iniqua
3093 4149 3357 4203 adversus
3395 4146 3597 4199 verita-

2036 4246 2142 4291 tem
2168 4238 2380 4291 cuuetis
2400 4236 2578 4306 palam
2617 4238 2941 4307 expositam,
2977 4238 3280 4308 oppileturl

352 4342 448 4393 sui.
476 4335 920 4411 ξηραινέσθωσαν
955 4333 1136 4387 αὐτῶν
1198 4333 1255 4385 αἱ
1320 4329 1571 4403 καρδίαιί
1606 4331 1703 4382 καὶ
1769 4327 2170 4401 ὲμφραττέσθω
2205 4330 2314 4383 πᾶν
2387 4329 2562 4401 στόμα
2614 4329 2808 4384 λαλοῦν
2855 4330 2998 4384 κατά
3033 4330 3133 4401 τῆς
3163 4329 3426 4400 ἀληθείας
3472 4330 3605 4383 πᾶσι

351 4435 627 4506 διαφανῶς
658 4431 1027 4504 προκειμένης
1060 4429 1257 4485 ἀδικαι

408 4534 502 4600 1”-
542 4528 664 4581 Ἔτι
692 4528 807 4589 τοῖς
837 4524 1153 4595 εἰρημένοις
1185 4520 1565 4594 προστιθέασι,
1603 4518 1687 4571 ὅτι
1722 4518 1926 4586 Γέγρα-

2108 4515 2269 4588 ιιῆ.
2295 4516 2386 4573 40.
2417 4517 2608 4573 Adhuc
2666 4518 2943 4588 praedictis
2985 4517 3190 4573 addunt
3219 4534 3233 4571 :
3268 4537 3287 4571 ι
3328 4519 3606 4589 Scriptum

330 4638 523 4677 ’πταιο
566 4640 583 4670 ι
616 4622 698 4674 Οὐ
736 4617 1014 4685 ποιήσεις
1042 4617 1270 4681 παντὸς
1298 4613 1562 4682 ὁμοίωμα
1591 4610 1708 4664 ὅσα
1732 4609 1802 4661 ἐν
1852 4605 1926 4673 τῷ

2037 4621 2117 4661 est
2145 4626 2159 4667 ;
2197 4608 2319 4662 Non
2355 4608 2519 4675 facies
2552 4609 2713 4663 ullius
2765 4610 2840 4663 rei
2890 4610 3259 4677 simulacrum,
3287 4612 3396 4666 sive
3428 4630 3610 4667 eorum

357 4713 591 4786 οὐρανῷ
622 4713 763 4777 ἅνω,
793 4711 893 4765 καὶ
920 4710 1036 4765 ὅσα
1060 4710 1131 4764 ἐν
1157 4707 1235 4777 τῇ
1264 4706 1339 4778 τῇ
1370 4705 1551 4765 κάτω.
1590 4704 1687 4758 καὶ
1718 4704 1836 4757 ὅσα
1862 4703 1926 4756 ἐν

2036 4715 2155 4767 qua
2183 4701 2378 4753 suntin
2411 4701 2537 4754 caelo
2560 4700 2803 4769 desuper,
2824 4704 2931 4755 sive
2946 4719 3065 4772 quae
3094 4703 3149 4756 in
3171 4713 3313 4757 terra
3341 4705 3609 4769 deorsum,

356 4803 481 4868 τοῖς
515 4801 737 4854 ὕδασιν
766 4798 1047 4853 ὑποκάτω
1074 4796 1185 4863 τῆς
1205 4795 1338 4865 γῆς.
1394 4795 1504 4850 Καὶ
1532 4794 1620 4847 διά
1648 4793 1807 4847 τοῦτο
1831 4794 1926 4846 οὑκ

2037 4794 2145 4846 sive
2170 4808 2350 4846 eorum
2383 4809 2502 4863 qua:
2532 4804 2652 4847 sunt
2695 4795 2749 4847 in
2781 4795 2934 4864 aquis
2982 4795 3077 4848 sub
3102 4802 3245 4850 terra
3269 4795 3335 4850 ν.
3378 4796 3612 4869 Ideoque

361 4893 482 4958 ἰξὸν
513 4888 803 4953 εἰκονίζειν
832 4888 924 4941 τὸν
944 4886 1201 4959 Χριστόν.
1243 4905 1262 4937 ι
1296 4884 1514 4939 Τούτων
1544 4884 1601 4937 δὲ
1616 4883 1726 4936 τῶν
1751 4882 1926 4953 ῥητῶν

2041 4883 2279 4953 ﬁgurare
2312 4884 2591 4939 Christum
2627 4900 2733 4938 non
2779 4885 2929 4939 licet.
2958 4903 2978 4937 ι
3021 4883 3119 4941 llis
3173 4886 3492 4956 praecedunt
3546 4904 3610 4941 ac

360 4986 431 5038 τὰ
470 4983 863 5056 προηγούμενα
897 4980 994 5034 καὶ
1042 4979 1323 5049 ἑπόμεναδ
1377 4977 1459 5040 τὸ,
1517 4978 1637 5031 Οὐκ
1687 4974 1926 5028 ἔσονταί

2040 4976 2449 5045 subsequuntur
2471 4974 2575 5029 alia
2605 4975 2768 5030 eti‘ata
2836 4991 2851 5032 :
2902 4977 3027 5033 Non
3062 4964 3215 5030 erum
3268 4980 3363 5030 tibi
3406 4980 3485 5030 dii
3518 4980 3611 5030 alii

362 5092 463 5131 σοι
501 5075 623 5132 θεοὶ
654 5075 841 5143 ἕτεροι
894 5071 1065 5141 πλὴν
1114 5071 1261 5141 ἐμοῦ
1296 5087 1310 5102 ·
1352 5070 1469 5137 καὶ,
1527 5069 1610 5123 Οὐ
1656 5067 1926 5134 ποιήσεις

2039 5077 2229 5135 prwtsr
2258 5083 2338 5121 me
2365 5068 2432 5121 ⁸⁸.
2484 5066 2594 5122 Et:
2640 5067 2764 5123 Non
2792 5071 2958 5140 [acies
3007 5070 3102 5125 tibi
3156 5070 3356 5124 idolum
3375 5069 3442 5124 ⁸⁸.
3503 5069 3563 5121 Et
3596 5086 3609 5122 :

364 5166 600 5234 σεαυτῷ
628 5166 911 5221 εῑδωλον·
928 5163 1122 5225 καὶτὸ.
1144 5163 1239 5231 Μὴ
1263 5158 1708 5231 προσκυνήσῃς
1728 5158 1936 5225 αὐτοῖς

363 5260 508 5317 οὐδὲ
534 5260 621 5331 μὴ
652 5259 994 5328 λατρεύσῃς
1019 5255 1224 5322 αὐτοῖς
1248 5297 1261 5322 ,
1286 5257 1387 5308 οὑκ
1422 5251 1540 5308 οἶδα
1571 5254 1720 5315 ὅπως
1750 5268 1937 5322 παρα-

367 5351 723 5426 κρατοῦντες,
741 5350 1017 5420 ἑκόντεςῆ
1050 5347 1277 5412 ἀκοντες
1301 5346 1776 5418 ἀποκρύπτουσιν,
1808 5344 1939 5407 ἴσως

367 5445 495 5508 τοὺς
550 5443 808 5514 ἐλέγχους
864 5444 963 5512 τῆς
1018 5439 1370 5510 βλασφημίας
1429 5437 1933 5509 διαδιδράσκοντεςο

370 5536 523 5591 οὐδὲν
565 5535 624 5592 δὲ
668 5532 832 5608 ἦττον
873 5537 940 5605 τῇ
975 5533 1064 5604 ἴσῃ
1114 5531 1433 5603 βλασφημίᾳ
1464 5532 1559 5585 καὶ
1600 5530 1775 5592 οὑτως
1819 5529 1938 5582 ἁλί-

372 5641 635 5681 σκονταιο
695 5625 819 5677 ἐπεὶ
868 5623 977 5693 γάρ
1006 5620 1233 5694 ἐξῆρται
1285 5625 1312 5676 ὁ
1347 5621 1440 5676 τοῦ
1473 5620 1609 5676 Θεοῦ
1664 5619 1828 5690 φόϐος
1878 5619 1936 5686 ἐξ

1561 5769 1688 5825 Ibid.
1731 5772 1783 5825 3.

444 5782 489 5814 ⁸⁷
517 5781 664 5838 Exod
724 5798 815 5842 xx,
846 5781 934 5833 ιιι
981 5778 1024 5807 ⁸⁸
1070 5778 1196 5833 ibid.
1233 5779 1281 5831 5.
1364 5781 1404 5809 ’⁷⁸

2043 5153 2165 5207 Non
2212 5156 2464 5210 adorabis
2505 5158 2630 5211 deos
2678 5158 2839 5225 alios,
2892 5177 3057 5230 neque
3093 5161 3219 5228 ipsis
3264 5159 3463 5212 cultum
3518 5162 3612 5209 de-
3676 5175 3688 5187 ·

2041 5246 2178 5314 feres
2217 5247 2290 5300 '°.
2353 5244 2576 5313 Nescio,
2630 5247 2879 5318 inquam,
2926 5253 3195 5321 quomodo
3240 5258 3413 5304 semet
3458 5252 3613 5303 cohi-

2039 5339 2254 5394 buerint
2277 5350 2333 5393 ut
2357 5340 2604 5397 volentes
2621 5343 2868 5397 uolentes
2888 5345 3002 5397 hrc
3036 5341 3468 5406 dissimulat-int,
3495 5344 3611 5394 Γυν-

2038 5440 2185 5486 tasse
2232 5431 2584 5501 blaSphemite
2636 5435 3078 5490 criminationem
3122 5434 3376 5487 vitantes.
3431 5432 3614 5489 Nihilo

2039 5532 2219 5578 tamen
2251 5524 2432 5579 minus
2465 5526 2613 5595 paris
2641 5527 2719 5581 sic
2744 5527 2908 5581 etiam
2948 5525 3297 5593 blasphemia:
3331 5525 3406 5577 rei
3452 5526 3610 5583 llum.

2037 5613 2173 5670 Nam
2210 5618 2335 5685 quia
2379 5616 2468 5671 Dei
2510 5619 2757 5673 timorem
2817 5632 2926 5687 prae
2970 5615 3141 5673 oculis
3188 5616 3389 5675 habere
3461 5617 3611 5675 desi-

1950 5776 1993 5806 7°
2035 5773 2205 5829 Exod.
2238 5791 2395 5841 χχιιι,
2429 5775 2519 5834 24.
