  <div class='ocr_page' id='page_1' title='image "/cluster/home/n/w/nwhite01/storage/ocr_20150623/100/hvd.32044010574994/244.png"; bbox 0 0 4072 6324; ppageno 0'>
   <div class='ocr_carea' id='block_1_1' title="bbox 327 426 449 491">
    <p class='ocr_par' dir='ltr' id='par_1_1' title="bbox 327 426 449 491">
     <span class='ocr_line' id='line_1_1' title="bbox 327 426 449 491; baseline 0.041 -5"><span class='ocrx_word' id='word_1_1' title='bbox 327 426 449 491; x_wconf 65' lang='grc' dir='ltr'><strong>ίεῖ)</strong></span> 
     </span>
    </p>
   </div>
   <div class='ocr_carea' id='block_1_2' title="bbox 1048 435 2897 516">
    <p class='ocr_par' dir='ltr' id='par_1_2' title="bbox 1048 435 2897 516">
     <span class='ocr_line' id='line_1_2' title="bbox 1048 435 2897 516; baseline 0.012 -23"><span class='ocrx_word' id='word_1_2' title='bbox 1048 435 1677 502; x_wconf 76' lang='lat' dir='ltr'><strong>ANTIRRHETICUS</strong></span> <span class='ocrx_word' id='word_1_3' title='bbox 1717 442 1809 501; x_wconf 86' lang='lat' dir='ltr'><strong>III</strong></span> <span class='ocrx_word' id='word_1_4' title='bbox 1850 444 2019 506; x_wconf 79' lang='lat' dir='ltr'><strong>ADV.</strong></span> <span class='ocrx_word' id='word_1_5' title='bbox 2061 446 2651 512; x_wconf 73' lang='lat' dir='ltr'><strong>CONSTANTINUM</strong></span> <span class='ocrx_word' id='word_1_6' title='bbox 2688 455 2897 516; x_wconf 73' lang='lat' dir='ltr'><strong>COPR.</strong></span> 
     </span>
    </p>
   </div>
   <div class='ocr_carea' id='block_1_3' title="bbox 3406 392 3599 524">
    <p class='ocr_par' dir='ltr' id='par_1_3' title="bbox 3406 392 3599 524">
     <span class='ocr_line' id='line_1_3' title="bbox 3406 392 3599 524; baseline 0.021 -4"><span class='ocrx_word' id='word_1_7' title='bbox 3406 392 3599 524; x_wconf 42' lang='grc'><strong>’450</strong></span> 
     </span>
    </p>
   </div>
   <div class='ocr_carea' id='block_1_4' title="bbox 327 543 1912 637">
    <p class='ocr_par' dir='ltr' id='par_1_4' title="bbox 327 543 1912 621">
     <span class='ocr_line' id='line_1_4' title="bbox 327 543 1912 621; baseline 0.008 -26"><span class='ocrx_word' id='word_1_8' title='bbox 327 545 675 614; x_wconf 75' lang='grc' dir='ltr'><em>ἐλάτρευονο</em></span> <span class='ocrx_word' id='word_1_9' title='bbox 728 545 817 621; x_wconf 55' lang='grc' dir='ltr'><em>ἐφξ</em></span> <span class='ocrx_word' id='word_1_10' title='bbox 864 543 945 610; x_wconf 62' lang='grc' dir='ltr'><em>οἷς</em></span> <span class='ocrx_word' id='word_1_11' title='bbox 1004 549 1523 620; x_wconf 76' lang='grc' dir='ltr'><strong>κατεγνωσμένους,</strong></span> <span class='ocrx_word' id='word_1_12' title='bbox 1563 553 1656 605; x_wconf 87' lang='grc' dir='ltr'><strong>καὶ</strong></span> <span class='ocrx_word' id='word_1_13' title='bbox 1710 553 1912 618; x_wconf 65' lang='grc' dir='ltr'><em>πολλοῖς</em></span> 
     </span>
    </p>
   </div>
   <div class='ocr_carea' id='block_1_5' title="bbox 2017 543 3597 637">
    <p class='ocr_par' dir='ltr' id='par_1_5' title="bbox 2041 559 3597 637">
     <span class='ocr_line' id='line_1_5' title="bbox 2041 559 3597 637; baseline 0.007 -26"><span class='ocrx_word' id='word_1_14' title='bbox 2041 559 2412 628; x_wconf 84' lang='lat' dir='ltr'><strong>propheticam</strong></span> <span class='ocrx_word' id='word_1_15' title='bbox 2443 577 2627 617; x_wconf 79' lang='lat' dir='ltr'><strong>vocem</strong></span> <span class='ocrx_word' id='word_1_16' title='bbox 2662 581 2675 618; x_wconf 90' lang='lat'><strong>:</strong></span> <span class='ocrx_word' id='word_1_17' title='bbox 2731 564 2845 634; x_wconf 79' lang='lat' dir='ltr'><strong>Ego</strong></span> <span class='ocrx_word' id='word_1_18' title='bbox 2867 582 2981 619; x_wconf 75' lang='lat' dir='ltr'><strong>sum</strong></span> <span class='ocrx_word' id='word_1_19' title='bbox 3010 566 3269 622; x_wconf 69' lang='lat' dir='ltr'><strong>Dominus</strong></span> <span class='ocrx_word' id='word_1_20' title='bbox 3296 567 3430 624; x_wconf 74' lang='lat' dir='ltr'><strong>Deus</strong></span> <span class='ocrx_word' id='word_1_21' title='bbox 3459 583 3544 622; x_wconf 72' lang='lat' dir='ltr'><strong>mu</strong></span> <span class='ocrx_word' id='word_1_22' title='bbox 3580 609 3597 637; x_wconf 88' lang='lat'><strong>,</strong></span> 
     </span>
    </p>
   </div>
   <div class='ocr_carea' id='block_1_6' title="bbox 329 634 1925 721">
    <p class='ocr_par' dir='ltr' id='par_1_6' title="bbox 329 634 1925 721">
     <span class='ocr_line' id='line_1_6' title="bbox 329 634 1925 721; baseline 0.006 -34"><span class='ocrx_word' id='word_1_23' title='bbox 329 634 577 707; x_wconf 69' lang='grc' dir='ltr'><em>ὕστερον</em></span> <span class='ocrx_word' id='word_1_24' title='bbox 621 635 770 690; x_wconf 79' lang='grc' dir='ltr'><em>ἔτεσι</em></span> <span class='ocrx_word' id='word_1_25' title='bbox 825 638 1182 702; x_wconf 75' lang='grc' dir='ltr'><em>κατονειδὶζει</em></span> <span class='ocrx_word' id='word_1_26' title='bbox 1239 640 1370 705; x_wconf 68' lang='grc' dir='ltr'><em>Θεὸς</em></span> <span class='ocrx_word' id='word_1_27' title='bbox 1436 641 1525 695; x_wconf 72' lang='grc' dir='ltr'><strong>διὰ</strong></span> <span class='ocrx_word' id='word_1_28' title='bbox 1579 648 1925 721; x_wconf 53' lang='grc' dir='ltr'><em>προφητικῆς</em></span> 
     </span>
    </p>
   </div>
   <div class='ocr_carea' id='block_1_7' title="bbox 330 726 1923 804">
    <p class='ocr_par' dir='ltr' id='par_1_7' title="bbox 330 726 1923 804">
     <span class='ocr_line' id='line_1_7' title="bbox 330 726 1923 804; baseline 0.008 -27"><span class='ocrx_word' id='word_1_29' title='bbox 330 728 562 797; x_wconf 63' lang='grc' dir='ltr'><em>φωνῆς,</em></span> <span class='ocrx_word' id='word_1_30' title='bbox 607 726 755 796; x_wconf 81' lang='grc' dir='ltr'><em>Ἐγώ</em></span> <span class='ocrx_word' id='word_1_31' title='bbox 790 731 909 797; x_wconf 67' lang='grc' dir='ltr'><em>ειμι</em></span> <span class='ocrx_word' id='word_1_32' title='bbox 959 731 1173 797; x_wconf 75' lang='grc' dir='ltr'><em>Κύριος</em></span> <span class='ocrx_word' id='word_1_33' title='bbox 1216 733 1248 784; x_wconf 82' lang='grc' dir='ltr'><em>ὀ</em></span> <span class='ocrx_word' id='word_1_34' title='bbox 1282 734 1425 801; x_wconf 80' lang='grc' dir='ltr'><em>Θεός</em></span> <span class='ocrx_word' id='word_1_35' title='bbox 1457 749 1575 787; x_wconf 87' lang='grc' dir='ltr'><em>σου</em></span> <span class='ocrx_word' id='word_1_36' title='bbox 1598 775 1612 796; x_wconf 91' lang='grc'><strong>,</strong></span> <span class='ocrx_word' id='word_1_37' title='bbox 1662 735 1856 804; x_wconf 85' lang='grc' dir='ltr'><em>λέγων,</em></span> <span class='ocrx_word' id='word_1_38' title='bbox 1892 741 1923 790; x_wconf 85' lang='grc' dir='ltr'><strong>ό</strong></span> 
     </span>
    </p>
   </div>
   <div class='ocr_carea' id='block_1_8' title="bbox 326 814 1922 895">
    <p class='ocr_par' dir='ltr' id='par_1_8' title="bbox 326 814 1922 895">
     <span class='ocr_line' id='line_1_8' title="bbox 326 814 1922 895; baseline 0.004 -27"><span class='ocrx_word' id='word_1_39' title='bbox 326 814 609 883; x_wconf 77' lang='grc' dir='ltr'><em>στερεῶν</em></span> <span class='ocrx_word' id='word_1_40' title='bbox 658 818 921 885; x_wconf 71' lang='grc' dir='ltr'><em>οἰφανὸν</em></span> <span class='ocrx_word' id='word_1_41' title='bbox 950 819 1047 870; x_wconf 72' lang='grc' dir='ltr'><strong>καὶ</strong></span> <span class='ocrx_word' id='word_1_42' title='bbox 1100 819 1309 878; x_wconf 66' lang='grc' dir='ltr'><em>κτίζων</em></span> <span class='ocrx_word' id='word_1_43' title='bbox 1340 820 1474 889; x_wconf 79' lang='grc' dir='ltr'><em>γῆν,</em></span> <span class='ocrx_word' id='word_1_44' title='bbox 1524 820 1596 878; x_wconf 79' lang='grc' dir='ltr'><em>οὗ</em></span> <span class='ocrx_word' id='word_1_45' title='bbox 1626 826 1685 877; x_wconf 79' lang='lat' dir='ltr'><strong>al</strong></span> <span class='ocrx_word' id='word_1_46' title='bbox 1725 825 1922 895; x_wconf 79' lang='grc' dir='ltr'><em>χεῖρες</em></span> 
     </span>
    </p>
   </div>
   <div class='ocr_carea' id='block_1_9' title="bbox 327 903 1917 979">
    <p class='ocr_par' dir='ltr' id='par_1_9' title="bbox 327 903 1917 979">
     <span class='ocr_line' id='line_1_9' title="bbox 327 903 1917 979; baseline 0.008 -22"><span class='ocrx_word' id='word_1_47' title='bbox 327 905 601 960; x_wconf 70' lang='grc' dir='ltr'><em>ἔκτισαν</em></span> <span class='ocrx_word' id='word_1_48' title='bbox 628 903 839 972; x_wconf 72' lang='grc' dir='ltr'><em>πᾶσαν</em></span> <span class='ocrx_word' id='word_1_49' title='bbox 873 906 987 970; x_wconf 76' lang='grc' dir='ltr'><em>τὴν</em></span> <span class='ocrx_word' id='word_1_50' title='bbox 1030 910 1322 973; x_wconf 68' lang='grc' dir='ltr'><em>στρατιὰν</em></span> <span class='ocrx_word' id='word_1_51' title='bbox 1348 911 1455 964; x_wconf 82' lang='grc' dir='ltr'><strong>τοῦ</strong></span> <span class='ocrx_word' id='word_1_52' title='bbox 1488 914 1781 979; x_wconf 47' lang='grc' dir='ltr'><em>ολπίιανοῦ·</em></span> <span class='ocrx_word' id='word_1_53' title='bbox 1820 917 1917 969; x_wconf 77' lang='grc' dir='ltr'><strong>καὶ</strong></span> 
     </span>
    </p>
   </div>
   <div class='ocr_carea' id='block_1_10' title="bbox 328 993 1914 1064">
    <p class='ocr_par' dir='ltr' id='par_1_10' title="bbox 328 993 1914 1064">
     <span class='ocr_line' id='line_1_10' title="bbox 328 993 1914 1064; baseline 0.004 -15"><span class='ocrx_word' id='word_1_54' title='bbox 328 996 411 1049; x_wconf 82' lang='grc' dir='ltr'><em>οὐ</em></span> <span class='ocrx_word' id='word_1_55' title='bbox 451 993 779 1062; x_wconf 76' lang='grc' dir='ltr'><em>παρέδειξά</em></span> <span class='ocrx_word' id='word_1_56' title='bbox 807 1010 907 1049; x_wconf 88' lang='grc' dir='ltr'><strong>σοι</strong></span> <span class='ocrx_word' id='word_1_57' title='bbox 942 994 1048 1049; x_wconf 80' lang='grc' dir='ltr'><strong>τοῦ</strong></span> <span class='ocrx_word' id='word_1_58' title='bbox 1069 999 1432 1064; x_wconf 76' lang='grc' dir='ltr'><em>πορεύεσθαι</em></span> <span class='ocrx_word' id='word_1_59' title='bbox 1475 1000 1667 1053; x_wconf 75' lang='grc' dir='ltr'><em>ὀπίσω</em></span> <span class='ocrx_word' id='word_1_60' title='bbox 1696 1002 1914 1057; x_wconf 74' lang='grc' dir='ltr'><em>αὐτῶν.</em></span> 
     </span>
    </p>
   </div>
   <div class='ocr_carea' id='block_1_11' title="bbox 345 1086 1922 1157">
    <p class='ocr_par' dir='ltr' id='par_1_11' title="bbox 345 1086 1922 1157">
     <span class='ocr_line' id='line_1_11' title="bbox 345 1086 1922 1157; baseline 0.004 -16"><span class='ocrx_word' id='word_1_61' title='bbox 345 1087 504 1155; x_wconf 67' lang='grc' dir='ltr'><strong>Ἐγὼ</strong></span> <span class='ocrx_word' id='word_1_62' title='bbox 541 1086 851 1156; x_wconf 58' lang='lat' dir='ltr'><strong>cirri-furor</strong></span> <span class='ocrx_word' id='word_1_63' title='bbox 906 1105 979 1140; x_wconf 86' lang='grc' dir='ltr'><strong>σε</strong></span> <span class='ocrx_word' id='word_1_64' title='bbox 1018 1089 1083 1139; x_wconf 70' lang='grc' dir='ltr'><em>ἐκ</em></span> <span class='ocrx_word' id='word_1_65' title='bbox 1118 1088 1230 1155; x_wconf 79' lang='grc' dir='ltr'><em>γῆς</em></span> <span class='ocrx_word' id='word_1_66' title='bbox 1259 1092 1574 1157; x_wconf 72' lang='grc' dir='ltr'><em>Αἰγύπτου,</em></span> <span class='ocrx_word' id='word_1_67' title='bbox 1626 1093 1723 1146; x_wconf 79' lang='grc' dir='ltr'><strong>καὶ</strong></span> <span class='ocrx_word' id='word_1_68' title='bbox 1774 1096 1922 1148; x_wconf 69' lang='grc' dir='ltr'><em>Θεΐν</em></span> 
     </span>
    </p>
   </div>
   <div class='ocr_carea' id='block_1_12' title="bbox 327 1170 1921 1247">
    <p class='ocr_par' dir='ltr' id='par_1_12' title="bbox 327 1170 1921 1247">
     <span class='ocr_line' id='line_1_12' title="bbox 327 1170 1921 1247; baseline 0.005 -17"><span class='ocrx_word' id='word_1_69' title='bbox 327 1178 511 1245; x_wconf 71' lang='grc' dir='ltr'><em>πλὴν</em></span> <span class='ocrx_word' id='word_1_70' title='bbox 540 1177 687 1246; x_wconf 76' lang='grc' dir='ltr'><em>ἐμοῦ</em></span> <span class='ocrx_word' id='word_1_71' title='bbox 717 1170 788 1232; x_wconf 76' lang='grc' dir='ltr'><em>οὗ</em></span> <span class='ocrx_word' id='word_1_72' title='bbox 816 1177 1044 1247; x_wconf 76' lang='grc' dir='ltr'><em>γνώσῃ,</em></span> <span class='ocrx_word' id='word_1_73' title='bbox 1076 1181 1173 1232; x_wconf 79' lang='grc' dir='ltr'><strong>καὶ</strong></span> <span class='ocrx_word' id='word_1_74' title='bbox 1201 1183 1233 1233; x_wconf 83' lang='grc' dir='ltr'><strong>ό</strong></span> <span class='ocrx_word' id='word_1_75' title='bbox 1274 1179 1475 1241; x_wconf 77' lang='grc' dir='ltr'><em>σώζων</em></span> <span class='ocrx_word' id='word_1_76' title='bbox 1496 1185 1607 1236; x_wconf 80' lang='grc' dir='ltr'><em>οὐκ</em></span> <span class='ocrx_word' id='word_1_77' title='bbox 1629 1183 1759 1237; x_wconf 81' lang='grc' dir='ltr'><em>ἔστι</em></span> <span class='ocrx_word' id='word_1_78' title='bbox 1809 1201 1921 1238; x_wconf 79' lang='grc' dir='ltr'><em>πα-</em></span> 
     </span>
    </p>
   </div>
   <div class='ocr_carea' id='block_1_13' title="bbox 325 1250 1921 1343">
    <p class='ocr_par' dir='ltr' id='par_1_13' title="bbox 325 1250 1921 1343">
     <span class='ocr_line' id='line_1_13' title="bbox 325 1250 1921 1343; baseline 0.005 -25"><span class='ocrx_word' id='word_1_79' title='bbox 325 1266 448 1334; x_wconf 74' lang='grc' dir='ltr'><strong>ρὲξ</strong></span> <span class='ocrx_word' id='word_1_80' title='bbox 493 1266 660 1334; x_wconf 83' lang='grc' dir='ltr'><strong>ἐμοῦ.</strong></span> <span class='ocrx_word' id='word_1_81' title='bbox 690 1250 792 1321; x_wconf 67' lang='grc' dir='ltr'><em>Δια</em></span> <span class='ocrx_word' id='word_1_82' title='bbox 826 1266 1036 1320; x_wconf 85' lang='grc' dir='ltr'><em>τούτων</em></span> <span class='ocrx_word' id='word_1_83' title='bbox 1087 1267 1196 1339; x_wconf 83' lang='grc' dir='ltr'><em>γὰρ</em></span> <span class='ocrx_word' id='word_1_84' title='bbox 1228 1269 1426 1333; x_wconf 75' lang='grc' dir='ltr'><em>αὐτοὺς</em></span> <span class='ocrx_word' id='word_1_85' title='bbox 1467 1272 1547 1334; x_wconf 88' lang='grc' dir='ltr'><em>εἰς</em></span> <span class='ocrx_word' id='word_1_86' title='bbox 1577 1274 1799 1343; x_wconf 80' lang='grc' dir='ltr'><strong>μνήμην</strong></span> <span class='ocrx_word' id='word_1_87' title='bbox 1834 1278 1921 1327; x_wconf 75' lang='grc' dir='ltr'><em>ἐν-</em></span> 
     </span>
    </p>
   </div>
   <div class='ocr_carea' id='block_1_14' title="bbox 329 1357 1918 1433">
    <p class='ocr_par' dir='ltr' id='par_1_14' title="bbox 329 1357 1918 1433">
     <span class='ocr_line' id='line_1_14' title="bbox 329 1357 1918 1433; baseline 0.005 -23"><span class='ocrx_word' id='word_1_88' title='bbox 329 1359 463 1424; x_wconf 81' lang='grc' dir='ltr'><em>άγει</em></span> <span class='ocrx_word' id='word_1_89' title='bbox 500 1357 608 1410; x_wconf 85' lang='grc' dir='ltr'><em>τῶν</em></span> <span class='ocrx_word' id='word_1_90' title='bbox 644 1357 854 1411; x_wconf 80' lang='grc' dir='ltr'><em>ἄνωθεν</em></span> <span class='ocrx_word' id='word_1_91' title='bbox 883 1358 1291 1429; x_wconf 68' lang='grc' dir='ltr'><strong>νενομισμένων</strong></span> <span class='ocrx_word' id='word_1_92' title='bbox 1323 1360 1509 1424; x_wconf 72' lang='grc' dir='ltr'><em>αὺτοῖς</em></span> <span class='ocrx_word' id='word_1_93' title='bbox 1535 1376 1548 1390; x_wconf 78' lang='grc'><strong><em>⁸</em></strong></span> <span class='ocrx_word' id='word_1_94' title='bbox 1577 1363 1918 1433; x_wconf 72' lang='grc' dir='ltr'>ἀπαγορεύει</span> 
     </span>
    </p>
   </div>
   <div class='ocr_carea' id='block_1_15' title="bbox 330 1445 1917 1522">
    <p class='ocr_par' dir='ltr' id='par_1_15' title="bbox 330 1445 1917 1522">
     <span class='ocr_line' id='line_1_15' title="bbox 330 1445 1917 1522; baseline 0.007 -23"><span class='ocrx_word' id='word_1_95' title='bbox 330 1445 432 1501; x_wconf 70' lang='grc' dir='ltr'><em>οὖν</em></span> <span class='ocrx_word' id='word_1_96' title='bbox 460 1449 599 1512; x_wconf 86' lang='grc' dir='ltr'><em>τέως</em></span> <span class='ocrx_word' id='word_1_97' title='bbox 626 1449 726 1519; x_wconf 77' lang='grc' dir='ltr'><em>τὴν</em></span> <span class='ocrx_word' id='word_1_98' title='bbox 756 1448 865 1501; x_wconf 84' lang='grc' dir='ltr'><em>τῶν</em></span> <span class='ocrx_word' id='word_1_99' title='bbox 890 1450 1239 1520; x_wconf 76' lang='grc' dir='ltr'><strong>φαινομένων</strong></span> <span class='ocrx_word' id='word_1_100' title='bbox 1271 1453 1365 1503; x_wconf 88' lang='grc' dir='ltr'><strong>καὶ</strong></span> <span class='ocrx_word' id='word_1_101' title='bbox 1391 1452 1742 1522; x_wconf 79' lang='grc' dir='ltr'><strong>βλεπομένων</strong></span> <span class='ocrx_word' id='word_1_102' title='bbox 1773 1459 1827 1509; x_wconf 82' lang='grc' dir='ltr'><em>ἕν</em></span> <span class='ocrx_word' id='word_1_103' title='bbox 1858 1475 1917 1510; x_wconf 87' lang='grc' dir='ltr'><strong>τε</strong></span> 
     </span>
    </p>
   </div>
   <div class='ocr_carea' id='block_1_16' title="bbox 2031 649 3602 728">
    <p class='ocr_par' dir='ltr' id='par_1_16' title="bbox 2031 649 3602 728">
     <span class='ocr_line' id='line_1_16' title="bbox 2031 649 3602 728; baseline 0.01 -26"><span class='ocrx_word' id='word_1_104' title='bbox 2031 649 2246 716; x_wconf 64' lang='lat' dir='ltr'><strong>ticens,</strong></span> <span class='ocrx_word' id='word_1_105' title='bbox 2287 652 2402 705; x_wconf 71' lang='lat' dir='ltr'><strong>cozli</strong></span> <span class='ocrx_word' id='word_1_106' title='bbox 2439 653 2877 720; x_wconf 74' lang='lat' dir='ltr'><strong>ﬁrmator,terrw</strong></span> <span class='ocrx_word' id='word_1_107' title='bbox 2906 656 3183 723; x_wconf 72' lang='lat' dir='ltr'><strong>fundator,</strong></span> <span class='ocrx_word' id='word_1_108' title='bbox 3216 661 3367 728; x_wconf 74' lang='lat' dir='ltr'><strong>cujus</strong></span> <span class='ocrx_word' id='word_1_109' title='bbox 3412 678 3602 716; x_wconf 73' lang='lat' dir='ltr'><strong>manus</strong></span> 
     </span>
    </p>
   </div>
   <div class='ocr_carea' id='block_1_17' title="bbox 2028 738 3602 823">
    <p class='ocr_par' dir='ltr' id='par_1_17' title="bbox 2028 738 3602 823">
     <span class='ocr_line' id='line_1_17' title="bbox 2028 738 3602 823; baseline 0.01 -35"><span class='ocrx_word' id='word_1_110' title='bbox 2028 738 2331 794; x_wconf 73' lang='lat' dir='ltr'><strong>universum</strong></span> <span class='ocrx_word' id='word_1_111' title='bbox 2364 742 2484 795; x_wconf 75' lang='lat' dir='ltr'><strong>cwli</strong></span> <span class='ocrx_word' id='word_1_112' title='bbox 2509 746 2791 797; x_wconf 76' lang='lat' dir='ltr'><strong>exercitum</strong></span> <span class='ocrx_word' id='word_1_113' title='bbox 2817 760 3123 802; x_wconf 82' lang='lat' dir='ltr'><strong>creaverunt</strong></span> <span class='ocrx_word' id='word_1_114' title='bbox 3151 765 3172 802; x_wconf 88' lang='lat'><strong><em>:</em></strong></span> <span class='ocrx_word' id='word_1_115' title='bbox 3213 766 3373 819; x_wconf 78' lang='lat' dir='ltr'><strong>neque</strong></span> <span class='ocrx_word' id='word_1_116' title='bbox 3418 767 3511 823; x_wconf 82' lang='lat' dir='ltr'><strong>ego</strong></span> <span class='ocrx_word' id='word_1_117' title='bbox 3552 763 3602 805; x_wconf 76' lang='lat' dir='ltr'><strong>te</strong></span> 
     </span>
    </p>
   </div>
   <div class='ocr_carea' id='block_1_18' title="bbox 2024 831 3602 910">
    <p class='ocr_par' dir='ltr' id='par_1_18' title="bbox 2024 831 3602 910">
     <span class='ocr_line' id='line_1_18' title="bbox 2024 831 3602 910; baseline 0.009 -28"><span class='ocrx_word' id='word_1_118' title='bbox 2024 831 2184 884; x_wconf 83' lang='lat' dir='ltr'><strong>docui</strong></span> <span class='ocrx_word' id='word_1_119' title='bbox 2208 842 2262 885; x_wconf 83' lang='lat' dir='ltr'><strong>ut</strong></span> <span class='ocrx_word' id='word_1_120' title='bbox 2293 833 2494 888; x_wconf 74' lang='lat' dir='ltr'><strong>alienos</strong></span> <span class='ocrx_word' id='word_1_121' title='bbox 2540 835 2666 888; x_wconf 75' lang='lat' dir='ltr'><strong>deos</strong></span> <span class='ocrx_word' id='word_1_122' title='bbox 2702 840 2993 904; x_wconf 70' lang='lat' dir='ltr'><strong>sequereris</strong></span> <span class='ocrx_word' id='word_1_123' title='bbox 3020 842 3087 892; x_wconf 72' lang='grc' dir='ltr'><strong>τί.</strong></span> <span class='ocrx_word' id='word_1_124' title='bbox 3123 838 3238 910; x_wconf 85' lang='lat' dir='ltr'><strong>Ego</strong></span> <span class='ocrx_word' id='word_1_125' title='bbox 3273 843 3434 894; x_wconf 65' lang='lat' dir='ltr'><strong>eduxi</strong></span> <span class='ocrx_word' id='word_1_126' title='bbox 3469 852 3519 895; x_wconf 80' lang='lat' dir='ltr'><strong>te</strong></span> <span class='ocrx_word' id='word_1_127' title='bbox 3535 841 3602 895; x_wconf 76' lang='lat' dir='ltr'><strong>de</strong></span> 
     </span>
    </p>
   </div>
   <div class='ocr_carea' id='block_1_19' title="bbox 2024 922 3600 995">
    <p class='ocr_par' dir='ltr' id='par_1_19' title="bbox 2024 922 3600 995">
     <span class='ocr_line' id='line_1_19' title="bbox 2024 922 3600 995; baseline 0.008 -21"><span class='ocrx_word' id='word_1_128' title='bbox 2024 931 2167 975; x_wconf 83' lang='lat' dir='ltr'><strong>terra</strong></span> <span class='ocrx_word' id='word_1_129' title='bbox 2213 922 2456 994; x_wconf 62' lang='lat' dir='ltr'><strong>Egypti,</strong></span> <span class='ocrx_word' id='word_1_130' title='bbox 2503 935 2558 979; x_wconf 84' lang='lat' dir='ltr'><strong>tu</strong></span> <span class='ocrx_word' id='word_1_131' title='bbox 2603 943 2722 980; x_wconf 68' lang='lat' dir='ltr'><strong>vero</strong></span> <span class='ocrx_word' id='word_1_132' title='bbox 2757 927 2924 982; x_wconf 83' lang='lat' dir='ltr'><strong>Deum</strong></span> <span class='ocrx_word' id='word_1_133' title='bbox 2971 942 3163 995; x_wconf 72' lang='lat' dir='ltr'><strong>prwler</strong></span> <span class='ocrx_word' id='word_1_134' title='bbox 3215 947 3294 983; x_wconf 86' lang='lat' dir='ltr'><strong>me</strong></span> <span class='ocrx_word' id='word_1_135' title='bbox 3344 934 3600 987; x_wconf 80' lang='lat' dir='ltr'><strong>neminem</strong></span> 
     </span>
    </p>
   </div>
   <div class='ocr_carea' id='block_1_20' title="bbox 2028 1024 3596 1093">
    <p class='ocr_par' dir='ltr' id='par_1_20' title="bbox 2028 1024 3596 1093">
     <span class='ocr_line' id='line_1_20' title="bbox 2028 1024 3596 1093; baseline 0.009 -29"><span class='ocrx_word' id='word_1_136' title='bbox 2028 1029 2310 1081; x_wconf 72' lang='lat' dir='ltr'><strong>agnosces;</strong></span> <span class='ocrx_word' id='word_1_137' title='bbox 2355 1033 2625 1087; x_wconf 85' lang='lat' dir='ltr'><strong>nemoque,</strong></span> <span class='ocrx_word' id='word_1_138' title='bbox 2677 1030 2871 1086; x_wconf 63' lang='lat' dir='ltr'><strong>pra’ler</strong></span> <span class='ocrx_word' id='word_1_139' title='bbox 2928 1038 3031 1081; x_wconf 85' lang='lat' dir='ltr'><strong>me.</strong></span> <span class='ocrx_word' id='word_1_140' title='bbox 3091 1034 3167 1076; x_wconf 77' lang='lat' dir='ltr'><strong>est</strong></span> <span class='ocrx_word' id='word_1_141' title='bbox 3215 1026 3305 1093; x_wconf 86' lang='lat' dir='ltr'><strong>qui</strong></span> <span class='ocrx_word' id='word_1_142' title='bbox 3345 1024 3596 1078; x_wconf 75' lang='lat' dir='ltr'><strong>solvet&quot;.</strong></span> 
     </span>
    </p>
   </div>
   <div class='ocr_carea' id='block_1_21' title="bbox 2030 1101 3599 1186">
    <p class='ocr_par' dir='ltr' id='par_1_21' title="bbox 2030 1101 3599 1186">
     <span class='ocr_line' id='line_1_21' title="bbox 2030 1101 3599 1186; baseline 0.01 -31"><span class='ocrx_word' id='word_1_143' title='bbox 2030 1101 2122 1157; x_wconf 83' lang='lat' dir='ltr'><strong>llis</strong></span> <span class='ocrx_word' id='word_1_144' title='bbox 2144 1107 2320 1160; x_wconf 81' lang='lat' dir='ltr'><strong>verbis</strong></span> <span class='ocrx_word' id='word_1_145' title='bbox 2359 1119 2576 1163; x_wconf 77' lang='lat' dir='ltr'><strong>revocat</strong></span> <span class='ocrx_word' id='word_1_146' title='bbox 2599 1111 2678 1163; x_wconf 88' lang='lat' dir='ltr'><strong>eis</strong></span> <span class='ocrx_word' id='word_1_147' title='bbox 2717 1112 2768 1164; x_wconf 87' lang='lat' dir='ltr'><strong>in</strong></span> <span class='ocrx_word' id='word_1_148' title='bbox 2791 1115 3106 1167; x_wconf 84' lang='lat' dir='ltr'><strong>memoriam</strong></span> <span class='ocrx_word' id='word_1_149' title='bbox 3156 1117 3406 1169; x_wconf 86' lang='lat' dir='ltr'><strong>mandata</strong></span> <span class='ocrx_word' id='word_1_150' title='bbox 3468 1116 3599 1186; x_wconf 85' lang='lat' dir='ltr'><strong>ipsis</strong></span> 
     </span>
    </p>
   </div>
   <div class='ocr_carea' id='block_1_22' title="bbox 2028 1197 3600 1276">
    <p class='ocr_par' dir='ltr' id='par_1_22' title="bbox 2028 1197 3600 1276">
     <span class='ocr_line' id='line_1_22' title="bbox 2028 1197 3600 1276; baseline 0.008 -27"><span class='ocrx_word' id='word_1_151' title='bbox 2028 1197 2332 1265; x_wconf 83' lang='lat' dir='ltr'><strong>antiquitus</strong></span> <span class='ocrx_word' id='word_1_152' title='bbox 2360 1198 2633 1268; x_wconf 77' lang='lat' dir='ltr'><strong>impasita.</strong></span> <span class='ocrx_word' id='word_1_153' title='bbox 2676 1200 2816 1270; x_wconf 80' lang='lat' dir='ltr'><strong>Ergo</strong></span> <span class='ocrx_word' id='word_1_154' title='bbox 2851 1213 2997 1257; x_wconf 75' lang='lat' dir='ltr'><strong>velat</strong></span> <span class='ocrx_word' id='word_1_155' title='bbox 3026 1204 3242 1258; x_wconf 85' lang='lat' dir='ltr'><strong>interim</strong></span> <span class='ocrx_word' id='word_1_156' title='bbox 3289 1220 3378 1260; x_wconf 89' lang='lat' dir='ltr'><strong>rer</strong></span> <span class='ocrx_word' id='word_1_157' title='bbox 3402 1224 3467 1258; x_wconf 76' lang='lat' dir='ltr'><strong>:tn</strong></span> <span class='ocrx_word' id='word_1_158' title='bbox 3501 1220 3600 1276; x_wconf 79' lang='lat' dir='ltr'><strong>ap-</strong></span> 
     </span>
    </p>
   </div>
   <div class='ocr_carea' id='block_1_23' title="bbox 2026 1288 3596 1364">
    <p class='ocr_par' dir='ltr' id='par_1_23' title="bbox 2026 1288 3596 1364">
     <span class='ocr_line' id='line_1_23' title="bbox 2026 1288 3596 1364; baseline 0.01 -28"><span class='ocrx_word' id='word_1_159' title='bbox 2026 1288 2336 1350; x_wconf 76' lang='lat' dir='ltr'><strong>parentium</strong></span> <span class='ocrx_word' id='word_1_160' title='bbox 2365 1297 2419 1342; x_wconf 89' lang='lat' dir='ltr'><strong>et</strong></span> <span class='ocrx_word' id='word_1_161' title='bbox 2443 1290 2860 1359; x_wconf 83' lang='lat' dir='ltr'><strong>conspicuarum</strong></span> <span class='ocrx_word' id='word_1_162' title='bbox 2887 1294 2938 1347; x_wconf 92' lang='lat' dir='ltr'><strong>in</strong></span> <span class='ocrx_word' id='word_1_163' title='bbox 2966 1294 3128 1358; x_wconf 63' lang='lat' dir='ltr'><strong>coelo,</strong></span> <span class='ocrx_word' id='word_1_164' title='bbox 3152 1305 3297 1349; x_wconf 89' lang='lat' dir='ltr'><strong>terra</strong></span> <span class='ocrx_word' id='word_1_165' title='bbox 3323 1305 3378 1350; x_wconf 79' lang='grc' dir='ltr'><strong>ιιι</strong></span> <span class='ocrx_word' id='word_1_166' title='bbox 3406 1297 3596 1364; x_wconf 80' lang='lat' dir='ltr'><strong>aquis,</strong></span> 
     </span>
    </p>
   </div>
   <div class='ocr_carea' id='block_1_24' title="bbox 2027 1376 3595 1451">
    <p class='ocr_par' dir='ltr' id='par_1_24' title="bbox 2027 1376 3595 1451">
     <span class='ocr_line' id='line_1_24' title="bbox 2027 1376 3595 1451; baseline 0.008 -25"><span class='ocrx_word' id='word_1_167' title='bbox 2027 1376 2208 1428; x_wconf 76' lang='lat' dir='ltr'><strong>facere</strong></span> <span class='ocrx_word' id='word_1_168' title='bbox 2234 1378 2560 1443; x_wconf 85' lang='lat' dir='ltr'><strong>sinmlacra;</strong></span> <span class='ocrx_word' id='word_1_169' title='bbox 2588 1394 2655 1432; x_wconf 91' lang='lat' dir='ltr'><strong>ne</strong></span> <span class='ocrx_word' id='word_1_170' title='bbox 2680 1381 2838 1445; x_wconf 78' lang='lat' dir='ltr'><strong>forte,</strong></span> <span class='ocrx_word' id='word_1_171' title='bbox 2861 1382 3195 1451; x_wconf 70' lang='lat' dir='ltr'><strong>ignoratione</strong></span> <span class='ocrx_word' id='word_1_172' title='bbox 3223 1386 3299 1437; x_wconf 87' lang='lat' dir='ltr'><strong>rei</strong></span> <span class='ocrx_word' id='word_1_173' title='bbox 3330 1385 3595 1449; x_wconf 79' lang='lat' dir='ltr'><strong>melioris,</strong></span> 
     </span>
    </p>
   </div>
   <div class='ocr_carea' id='block_1_25' title="bbox 2026 1464 3451 1533">
    <p class='ocr_par' dir='ltr' id='par_1_25' title="bbox 2026 1464 3451 1533">
     <span class='ocr_line' id='line_1_25' title="bbox 2026 1464 3451 1533; baseline 0.009 -18"><span class='ocrx_word' id='word_1_174' title='bbox 2026 1464 2107 1517; x_wconf 87' lang='lat' dir='ltr'><strong>vel</strong></span> <span class='ocrx_word' id='word_1_175' title='bbox 2135 1468 2415 1533; x_wconf 86' lang='lat' dir='ltr'><strong>repudiato</strong></span> <span class='ocrx_word' id='word_1_176' title='bbox 2449 1467 2726 1531; x_wconf 87' lang='lat' dir='ltr'><strong>Creatore,</strong></span> <span class='ocrx_word' id='word_1_177' title='bbox 2753 1470 2957 1524; x_wconf 88' lang='lat' dir='ltr'><strong>cultntn</strong></span> <span class='ocrx_word' id='word_1_178' title='bbox 2986 1472 3092 1527; x_wconf 79' lang='lat' dir='ltr'><strong>illis</strong></span> <span class='ocrx_word' id='word_1_179' title='bbox 3112 1474 3451 1528; x_wconf 84' lang='lat' dir='ltr'><strong>adhiberent.</strong></span> 
     </span>
    </p>
   </div>
   <div class='ocr_carea' id='block_1_26' title="bbox 330 1538 3597 1631">
    <p class='ocr_par' dir='ltr' id='par_1_26' title="bbox 330 1538 3597 1631">
     <span class='ocr_line' id='line_1_26' title="bbox 330 1538 3597 1631; baseline 0.009 -42"><span class='ocrx_word' id='word_1_180' title='bbox 330 1538 579 1609; x_wconf 75' lang='grc' dir='ltr'><em>οὐρανῷ,</em></span> <span class='ocrx_word' id='word_1_181' title='bbox 604 1542 700 1591; x_wconf 84' lang='grc' dir='ltr'><strong>καὶ</strong></span> <span class='ocrx_word' id='word_1_182' title='bbox 746 1542 840 1610; x_wconf 82' lang='grc' dir='ltr'><em>γῇ,</em></span> <span class='ocrx_word' id='word_1_183' title='bbox 875 1540 973 1594; x_wconf 88' lang='grc' dir='ltr'><strong>καὶ</strong></span> <span class='ocrx_word' id='word_1_184' title='bbox 1010 1542 1125 1603; x_wconf 90' lang='grc' dir='ltr'><em>τοῖς</em></span> <span class='ocrx_word' id='word_1_185' title='bbox 1160 1540 1341 1605; x_wconf 80' lang='grc' dir='ltr'><em>ὕδασι,</em></span> <span class='ocrx_word' id='word_1_186' title='bbox 1386 1543 1660 1597; x_wconf 69' lang='grc' dir='ltr'><em>ποιεῖσθαι</em></span> <span class='ocrx_word' id='word_1_187' title='bbox 1692 1548 1973 1617; x_wconf 77' lang='grc' dir='ltr'><em>ὁμοίωσιν,</em></span> <span class='ocrx_word' id='word_1_188' title='bbox 2016 1552 2102 1606; x_wconf 83' lang='grc' dir='ltr'><strong>ίνα</strong></span> <span class='ocrx_word' id='word_1_189' title='bbox 2137 1553 2213 1625; x_wconf 80' lang='grc' dir='ltr'><em>μὴ</em></span> <span class='ocrx_word' id='word_1_190' title='bbox 2254 1555 2449 1628; x_wconf 75' lang='grc' dir='ltr'><em>ἀγνοίᾳ</em></span> <span class='ocrx_word' id='word_1_191' title='bbox 2481 1556 2575 1610; x_wconf 82' lang='grc' dir='ltr'><em>τοῦ</em></span> <span class='ocrx_word' id='word_1_192' title='bbox 2612 1557 2946 1627; x_wconf 84' lang='grc' dir='ltr'><em>κρείττονος,</em></span> <span class='ocrx_word' id='word_1_193' title='bbox 2982 1559 3014 1631; x_wconf 80' lang='grc' dir='ltr'><strong>ἢ</strong></span> <span class='ocrx_word' id='word_1_194' title='bbox 3051 1560 3307 1631; x_wconf 80' lang='grc' dir='ltr'><em>ἁθετήσει</em></span> <span class='ocrx_word' id='word_1_195' title='bbox 3339 1562 3430 1615; x_wconf 80' lang='grc' dir='ltr'><em>τοῦ</em></span> <span class='ocrx_word' id='word_1_196' title='bbox 3462 1562 3597 1617; x_wconf 77' lang='grc' dir='ltr'><em>Κτί-</em></span> 
     </span>
    </p>
   </div>
   <div class='ocr_carea' id='block_1_27' title="bbox 332 1633 1623 1705">
    <p class='ocr_par' dir='ltr' id='par_1_27' title="bbox 332 1633 1623 1705">
     <span class='ocr_line' id='line_1_27' title="bbox 332 1633 1623 1705; baseline 0.005 -21"><span class='ocrx_word' id='word_1_197' title='bbox 332 1648 557 1696; x_wconf 86' lang='grc' dir='ltr'><em>σαντος,</em></span> <span class='ocrx_word' id='word_1_198' title='bbox 596 1633 830 1697; x_wconf 84' lang='grc' dir='ltr'><em>ἐκείνοις</em></span> <span class='ocrx_word' id='word_1_199' title='bbox 858 1634 1068 1702; x_wconf 83' lang='grc' dir='ltr'><strong>νέμωσι</strong></span> <span class='ocrx_word' id='word_1_200' title='bbox 1098 1634 1195 1704; x_wconf 76' lang='grc' dir='ltr'><em>τὴν</em></span> <span class='ocrx_word' id='word_1_201' title='bbox 1228 1637 1623 1705; x_wconf 86' lang='grc' dir='ltr'><em>προσκύνησιν.</em></span> 
     </span>
    </p>
   </div>
   <div class='ocr_carea' id='block_1_28' title="bbox 406 1719 1913 1800">
    <p class='ocr_par' dir='ltr' id='par_1_28' title="bbox 406 1719 1913 1800">
     <span class='ocr_line' id='line_1_28' title="bbox 406 1719 1913 1800; baseline 0.003 -23"><span class='ocrx_word' id='word_1_202' title='bbox 406 1726 484 1777; x_wconf 70' lang='lat' dir='ltr'><strong>To</strong></span> <span class='ocrx_word' id='word_1_203' title='bbox 528 1719 622 1778; x_wconf 84' lang='grc' dir='ltr'><em>οὖν</em></span> <span class='ocrx_word' id='word_1_204' title='bbox 672 1724 1168 1798; x_wconf 81' lang='grc' dir='ltr'><strong>προσταττόμενον,</strong></span> <span class='ocrx_word' id='word_1_205' title='bbox 1225 1725 1309 1778; x_wconf 87' lang='grc' dir='ltr'><em>ὃτι</em></span> <span class='ocrx_word' id='word_1_206' title='bbox 1347 1726 1479 1778; x_wconf 83' lang='grc' dir='ltr'><strong>Τόδε</strong></span> <span class='ocrx_word' id='word_1_207' title='bbox 1531 1728 1591 1780; x_wconf 82' lang='grc' dir='ltr'><strong>ού</strong></span> <span class='ocrx_word' id='word_1_208' title='bbox 1645 1730 1913 1800; x_wconf 79' lang='grc' dir='ltr'><em>ποιήσεις,</em></span> 
     </span>
    </p>
   </div>
   <div class='ocr_carea' id='block_1_29' title="bbox 329 1810 1909 1887">
    <p class='ocr_par' dir='ltr' id='par_1_29' title="bbox 329 1810 1909 1887">
     <span class='ocr_line' id='line_1_29' title="bbox 329 1810 1909 1887; baseline 0.001 -17"><span class='ocrx_word' id='word_1_209' title='bbox 329 1817 568 1887; x_wconf 77' lang='grc' dir='ltr'><strong>δυνάμει</strong></span> <span class='ocrx_word' id='word_1_210' title='bbox 599 1834 716 1880; x_wconf 91' lang='grc' dir='ltr'><strong>πως</strong></span> <span class='ocrx_word' id='word_1_211' title='bbox 760 1819 853 1868; x_wconf 88' lang='grc' dir='ltr'><strong>καὶ</strong></span> <span class='ocrx_word' id='word_1_212' title='bbox 884 1810 1025 1870; x_wconf 67' lang='grc' dir='ltr'><em>κατὰ</em></span> <span class='ocrx_word' id='word_1_213' title='bbox 1076 1816 1138 1869; x_wconf 80' lang='grc' dir='ltr'><em>τὸ</em></span> <span class='ocrx_word' id='word_1_214' title='bbox 1174 1815 1553 1887; x_wconf 68' lang='grc' dir='ltr'><em>σιωπώμενον,</em></span> <span class='ocrx_word' id='word_1_215' title='bbox 1607 1820 1909 1887; x_wconf 66' lang='grc' dir='ltr'><em>ποιήσεις,</em></span> 
     </span>
    </p>
   </div>
   <div class='ocr_carea' id='block_1_30' title="bbox 2096 1735 3597 1812">
    <p class='ocr_par' dir='ltr' id='par_1_30' title="bbox 2096 1735 3597 1812">
     <span class='ocr_line' id='line_1_30' title="bbox 2096 1735 3597 1812; baseline 0.011 -25"><span class='ocrx_word' id='word_1_216' title='bbox 2096 1735 2196 1802; x_wconf 87' lang='lat' dir='ltr'><strong>Qui</strong></span> <span class='ocrx_word' id='word_1_217' title='bbox 2227 1751 2357 1809; x_wconf 84' lang='lat' dir='ltr'><strong>ergo</strong></span> <span class='ocrx_word' id='word_1_218' title='bbox 2397 1739 2476 1795; x_wconf 89' lang='lat' dir='ltr'><strong>sic</strong></span> <span class='ocrx_word' id='word_1_219' title='bbox 2518 1742 2763 1812; x_wconf 81' lang='lat' dir='ltr'><strong>praecipit</strong></span> <span class='ocrx_word' id='word_1_220' title='bbox 2793 1758 2807 1795; x_wconf 94' lang='lat'><strong>:</strong></span> <span class='ocrx_word' id='word_1_221' title='bbox 2843 1757 2975 1797; x_wconf 83' lang='lat' dir='ltr'><strong>cave</strong></span> <span class='ocrx_word' id='word_1_222' title='bbox 3026 1745 3127 1800; x_wconf 86' lang='lat' dir='ltr'><strong>hoc</strong></span> <span class='ocrx_word' id='word_1_223' title='bbox 3160 1745 3478 1803; x_wconf 71' lang='lat' dir='ltr'><strong>nominatim</strong></span> <span class='ocrx_word' id='word_1_224' title='bbox 3517 1748 3597 1803; x_wconf 76' lang='lat' dir='ltr'><strong>fa-</strong></span> 
     </span>
    </p>
   </div>
   <div class='ocr_carea' id='block_1_31' title="bbox 2023 1826 3595 1906">
    <p class='ocr_par' dir='ltr' id='par_1_31' title="bbox 2023 1826 3595 1906">
     <span class='ocr_line' id='line_1_31' title="bbox 2023 1826 3595 1906; baseline 0.01 -26"><span class='ocrx_word' id='word_1_225' title='bbox 2023 1826 2171 1893; x_wconf 80' lang='lat' dir='ltr'><strong>clas;</strong></span> <span class='ocrx_word' id='word_1_226' title='bbox 2202 1831 2570 1897; x_wconf 87' lang='lat' dir='ltr'><strong>potentialiter</strong></span> <span class='ocrx_word' id='word_1_227' title='bbox 2599 1833 2996 1902; x_wconf 83' lang='lat' dir='ltr'><strong>quodammodo</strong></span> <span class='ocrx_word' id='word_1_228' title='bbox 3035 1841 3091 1890; x_wconf 87' lang='lat' dir='ltr'><strong>el</strong></span> <span class='ocrx_word' id='word_1_229' title='bbox 3128 1851 3222 1905; x_wconf 88' lang='lat' dir='ltr'><strong>per</strong></span> <span class='ocrx_word' id='word_1_230' title='bbox 3271 1839 3595 1906; x_wconf 69' lang='lat' dir='ltr'><strong>prmteritio—</strong></span> 
     </span>
    </p>
   </div>
   <div class='ocr_carea' id='block_1_32' title="bbox 330 1898 1912 1997">
    <p class='ocr_par' dir='ltr' id='par_1_32' title="bbox 330 1898 1912 1981">
     <span class='ocr_line' id='line_1_32' title="bbox 330 1898 1912 1981; baseline 0.004 -20"><span class='ocrx_word' id='word_1_231' title='bbox 330 1910 458 1962; x_wconf 79' lang='grc' dir='ltr'><em>ἐστὶ</em></span> <span class='ocrx_word' id='word_1_232' title='bbox 480 1948 494 1973; x_wconf 89' lang='grc'><strong>,</strong></span> <span class='ocrx_word' id='word_1_233' title='bbox 526 1910 620 1963; x_wconf 85' lang='grc' dir='ltr'><strong>καὶ</strong></span> <span class='ocrx_word' id='word_1_234' title='bbox 650 1910 1085 1980; x_wconf 83' lang='grc' dir='ltr'><em>προαγγελτικόν</em></span> <span class='ocrx_word' id='word_1_235' title='bbox 1121 1911 1239 1964; x_wconf 83' lang='grc' dir='ltr'><em>ἐστι</em></span> <span class='ocrx_word' id='word_1_236' title='bbox 1271 1910 1379 1963; x_wconf 82' lang='grc' dir='ltr'><em>τῶν</em></span> <span class='ocrx_word' id='word_1_237' title='bbox 1414 1898 1721 1981; x_wconf 84' lang='grc' dir='ltr'><em>μελλόντων</em></span> <span class='ocrx_word' id='word_1_238' title='bbox 1748 1916 1912 1967; x_wconf 86' lang='grc' dir='ltr'><em>ποιεῖ-</em></span> 
     </span>
    </p>
   </div>
   <div class='ocr_carea' id='block_1_33' title="bbox 2017 1898 3588 1997">
    <p class='ocr_par' dir='ltr' id='par_1_33' title="bbox 2023 1898 3588 1997">
     <span class='ocr_line' id='line_1_33' title="bbox 2023 1898 3588 1997; baseline 0.012 -29"><span class='ocrx_word' id='word_1_239' title='bbox 2023 1930 2166 1980; x_wconf 86' lang='lat' dir='ltr'><strong>nem,</strong></span> <span class='ocrx_word' id='word_1_240' title='bbox 2199 1917 2383 1986; x_wconf 73' lang='lat' dir='ltr'><strong>facies,</strong></span> <span class='ocrx_word' id='word_1_241' title='bbox 2422 1898 2631 1990; x_wconf 54' lang='lat' dir='ltr'><strong>inquit;</strong></span> <span class='ocrx_word' id='word_1_242' title='bbox 2667 1924 3018 1993; x_wconf 70' lang='lat' dir='ltr'><strong>prtedicitqtte</strong></span> <span class='ocrx_word' id='word_1_243' title='bbox 3056 1898 3197 1995; x_wconf 77' lang='lat' dir='ltr'><strong>quod</strong></span> <span class='ocrx_word' id='word_1_244' title='bbox 3228 1898 3286 1981; x_wconf 70' lang='lat' dir='ltr'><strong>in</strong></span> <span class='ocrx_word' id='word_1_245' title='bbox 3313 1940 3588 1997; x_wconf 86' lang='lat' dir='ltr'><strong>posterum</strong></span> 
     </span>
    </p>
   </div>
   <div class='ocr_carea' id='block_1_34' title="bbox 332 2000 1919 2073">
    <p class='ocr_par' dir='ltr' id='par_1_34' title="bbox 332 2000 1919 2073">
     <span class='ocr_line' id='line_1_34' title="bbox 332 2000 1919 2073; baseline 0.004 -21"><span class='ocrx_word' id='word_1_246' title='bbox 332 2001 471 2053; x_wconf 80' lang='grc' dir='ltr'><em>σθαι</em></span> <span class='ocrx_word' id='word_1_247' title='bbox 503 2000 974 2071; x_wconf 80' lang='grc' dir='ltr'><em>προστάττεσθαι·</em></span> <span class='ocrx_word' id='word_1_248' title='bbox 1009 2000 1253 2055; x_wconf 83' lang='grc' dir='ltr'><em>τοιοῦτον</em></span> <span class='ocrx_word' id='word_1_249' title='bbox 1296 2002 1406 2071; x_wconf 86' lang='grc' dir='ltr'><strong>γάρ</strong></span> <span class='ocrx_word' id='word_1_250' title='bbox 1439 2020 1491 2055; x_wconf 88' lang='grc' dir='ltr'><strong>τι</strong></span> <span class='ocrx_word' id='word_1_251' title='bbox 1527 2003 1657 2073; x_wconf 75' lang='grc' dir='ltr'><em>ἡμῖν</em></span> <span class='ocrx_word' id='word_1_252' title='bbox 1703 2006 1732 2057; x_wconf 85' lang='grc' dir='ltr'><strong><em>ὁ</em></strong></span> <span class='ocrx_word' id='word_1_253' title='bbox 1763 2005 1919 2073; x_wconf 87' lang='grc' dir='ltr'><em>λόγος</em></span> 
     </span>
    </p>
   </div>
   <div class='ocr_carea' id='block_1_35' title="bbox 331 2092 1920 2167">
    <p class='ocr_par' dir='ltr' id='par_1_35' title="bbox 331 2092 1920 2167">
     <span class='ocr_line' id='line_1_35' title="bbox 331 2092 1920 2167; baseline 0.004 -23"><span class='ocrx_word' id='word_1_254' title='bbox 331 2092 723 2146; x_wconf 81' lang='grc' dir='ltr'><em>ὑπαινίσσεται</em></span> <span class='ocrx_word' id='word_1_255' title='bbox 745 2107 758 2120; x_wconf 95' lang='grc'><strong>·</strong></span> <span class='ocrx_word' id='word_1_256' title='bbox 791 2094 820 2145; x_wconf 84' lang='grc' dir='ltr'><strong>ό</strong></span> <span class='ocrx_word' id='word_1_257' title='bbox 852 2092 962 2163; x_wconf 83' lang='grc' dir='ltr'><em>γὰρ</em></span> <span class='ocrx_word' id='word_1_258' title='bbox 992 2092 1193 2161; x_wconf 85' lang='grc' dir='ltr'><em>λέγων,</em></span> <span class='ocrx_word' id='word_1_259' title='bbox 1225 2095 1308 2147; x_wconf 80' lang='grc' dir='ltr'><em>ὅτι</em></span> <span class='ocrx_word' id='word_1_260' title='bbox 1331 2093 1549 2147; x_wconf 86' lang='grc' dir='ltr'><em>Τούτων</em></span> <span class='ocrx_word' id='word_1_261' title='bbox 1579 2095 1640 2147; x_wconf 87' lang='grc' dir='ltr'><strong>ού</strong></span> <span class='ocrx_word' id='word_1_262' title='bbox 1674 2099 1920 2167; x_wconf 74' lang='grc' dir='ltr'><em>ποιήσεις</em></span> 
     </span>
    </p>
   </div>
   <div class='ocr_carea' id='block_1_36' title="bbox 334 2183 1917 2260">
    <p class='ocr_par' dir='ltr' id='par_1_36' title="bbox 334 2183 1917 2260">
     <span class='ocr_line' id='line_1_36' title="bbox 334 2183 1917 2260; baseline -0.002 -25"><span class='ocrx_word' id='word_1_263' title='bbox 334 2183 612 2253; x_wconf 82' lang='grc' dir='ltr'><em>ὁμοίωμα,</em></span> <span class='ocrx_word' id='word_1_264' title='bbox 649 2183 854 2254; x_wconf 86' lang='grc' dir='ltr'><em>ἐτέρων</em></span> <span class='ocrx_word' id='word_1_265' title='bbox 904 2184 1070 2236; x_wconf 78' lang='grc' dir='ltr'><em>τινῶν</em></span> <span class='ocrx_word' id='word_1_266' title='bbox 1117 2183 1337 2256; x_wconf 79' lang='grc' dir='ltr'><em>ποίησιν</em></span> <span class='ocrx_word' id='word_1_267' title='bbox 1371 2186 1448 2256; x_wconf 79' lang='grc' dir='ltr'><em>τῷ</em></span> <span class='ocrx_word' id='word_1_268' title='bbox 1483 2186 1627 2258; x_wconf 81' lang='grc' dir='ltr'><em>λόγῳ</em></span> <span class='ocrx_word' id='word_1_269' title='bbox 1678 2207 1917 2260; x_wconf 83' lang='grc' dir='ltr'><em>προανα-</em></span> 
     </span>
    </p>
   </div>
   <div class='ocr_carea' id='block_1_37' title="bbox 331 2274 1918 2352">
    <p class='ocr_par' dir='ltr' id='par_1_37' title="bbox 331 2274 1918 2352">
     <span class='ocr_line' id='line_1_37' title="bbox 331 2274 1918 2352; baseline 0.006 -25"><span class='ocrx_word' id='word_1_270' title='bbox 331 2274 628 2345; x_wconf 79' lang='grc' dir='ltr'><em>κρούεται’</em></span> <span class='ocrx_word' id='word_1_271' title='bbox 666 2276 764 2328; x_wconf 83' lang='grc' dir='ltr'><strong>καὶ</strong></span> <span class='ocrx_word' id='word_1_272' title='bbox 795 2274 1007 2345; x_wconf 77' lang='grc' dir='ltr'><em>βεϐαιοῖ</em></span> <span class='ocrx_word' id='word_1_273' title='bbox 1034 2274 1193 2329; x_wconf 81' lang='grc' dir='ltr'><em>τοῦτο</em></span> <span class='ocrx_word' id='word_1_274' title='bbox 1216 2276 1286 2329; x_wconf 81' lang='grc' dir='ltr'><strong>τά</strong></span> <span class='ocrx_word' id='word_1_275' title='bbox 1333 2277 1456 2330; x_wconf 82' lang='grc' dir='ltr'><em>ὅσον</em></span> <span class='ocrx_word' id='word_1_276' title='bbox 1487 2278 1642 2333; x_wconf 70' lang='grc' dir='ltr'><em>οὔπω</em></span> <span class='ocrx_word' id='word_1_277' title='bbox 1674 2298 1918 2352; x_wconf 87' lang='grc' dir='ltr'><em>προστα-</em></span> 
     </span>
    </p>
   </div>
   <div class='ocr_carea' id='block_1_38' title="bbox 332 2366 1917 2445">
    <p class='ocr_par' dir='ltr' id='par_1_38' title="bbox 332 2366 1917 2445">
     <span class='ocr_line' id='line_1_38' title="bbox 332 2366 1917 2445; baseline 0.006 -27"><span class='ocrx_word' id='word_1_278' title='bbox 332 2366 675 2436; x_wconf 81' lang='grc' dir='ltr'><em>χθησόμενα,</em></span> <span class='ocrx_word' id='word_1_279' title='bbox 717 2367 999 2437; x_wconf 76' lang='grc' dir='ltr'><em>μονονουχὶ</em></span> <span class='ocrx_word' id='word_1_280' title='bbox 1028 2367 1257 2421; x_wconf 86' lang='grc' dir='ltr'><em>τοιαῦτα</em></span> <span class='ocrx_word' id='word_1_281' title='bbox 1287 2370 1665 2442; x_wconf 74' lang='grc' dir='ltr'><em>ἐπισκήπτων,</em></span> <span class='ocrx_word' id='word_1_282' title='bbox 1690 2374 1772 2426; x_wconf 83' lang='grc' dir='ltr'><em>ὅτι</em></span> <span class='ocrx_word' id='word_1_283' title='bbox 1792 2375 1917 2445; x_wconf 85' lang='grc' dir='ltr'><strong>Μη-</strong></span> 
     </span>
    </p>
   </div>
   <div class='ocr_carea' id='block_1_39' title="bbox 331 2452 1919 2537">
    <p class='ocr_par' dir='ltr' id='par_1_39' title="bbox 331 2452 1919 2537">
     <span class='ocr_line' id='line_1_39' title="bbox 331 2452 1919 2537; baseline 0.008 -27"><span class='ocrx_word' id='word_1_284' title='bbox 331 2459 488 2523; x_wconf 74' lang='grc' dir='ltr'><em>δενδς</em></span> <span class='ocrx_word' id='word_1_285' title='bbox 515 2452 591 2511; x_wconf 80' lang='grc' dir='ltr'><em>ὧν</em></span> <span class='ocrx_word' id='word_1_286' title='bbox 638 2458 751 2528; x_wconf 83' lang='grc' dir='ltr'><em>ἐγὼ</em></span> <span class='ocrx_word' id='word_1_287' title='bbox 789 2460 849 2513; x_wconf 84' lang='grc' dir='ltr'><em>ού</em></span> <span class='ocrx_word' id='word_1_288' title='bbox 885 2460 1175 2529; x_wconf 74' lang='grc' dir='ltr'><em>προστάξει)</em></span> <span class='ocrx_word' id='word_1_289' title='bbox 1208 2464 1443 2535; x_wconf 73' lang='grc' dir='ltr'><em>ποιήσῃς</em></span> <span class='ocrx_word' id='word_1_290' title='bbox 1472 2466 1747 2537; x_wconf 84' lang='grc' dir='ltr'><em>ὁμοίωμα,</em></span> <span class='ocrx_word' id='word_1_291' title='bbox 1780 2469 1919 2522; x_wconf 75' lang='grc' dir='ltr'><em>ἀλλά</em></span> 
     </span>
    </p>
   </div>
   <div class='ocr_carea' id='block_1_40' title="bbox 330 2551 1917 2629">
    <p class='ocr_par' dir='ltr' id='par_1_40' title="bbox 330 2551 1917 2629">
     <span class='ocr_line' id='line_1_40' title="bbox 330 2551 1917 2629; baseline 0.006 -26"><span class='ocrx_word' id='word_1_292' title='bbox 330 2551 448 2604; x_wconf 81' lang='grc' dir='ltr'><em>τῶν</em></span> <span class='ocrx_word' id='word_1_293' title='bbox 493 2551 795 2622; x_wconf 83' lang='grc' dir='ltr'><em>ἀλλοτρίων</em></span> <span class='ocrx_word' id='word_1_294' title='bbox 852 2553 1190 2619; x_wconf 76' lang='grc' dir='ltr'><em>ἀποστάντες</em></span> <span class='ocrx_word' id='word_1_295' title='bbox 1241 2556 1628 2626; x_wconf 70' lang='grc' dir='ltr'><em>σεϐασμάτων,</em></span> <span class='ocrx_word' id='word_1_296' title='bbox 1678 2555 1759 2623; x_wconf 79' lang='grc' dir='ltr'><strong>οἷς</strong></span> <span class='ocrx_word' id='word_1_297' title='bbox 1807 2560 1917 2629; x_wconf 84' lang='grc' dir='ltr'><em>ἐγὼ</em></span> 
     </span>
    </p>
   </div>
   <div class='ocr_carea' id='block_1_41' title="bbox 334 2642 1916 2723">
    <p class='ocr_par' dir='ltr' id='par_1_41' title="bbox 334 2642 1916 2723">
     <span class='ocr_line' id='line_1_41' title="bbox 334 2642 1916 2723; baseline 0.008 -29"><span class='ocrx_word' id='word_1_298' title='bbox 334 2642 723 2714; x_wconf 80' lang='grc' dir='ltr'><em>ἀπεχθάνομαι</em></span> <span class='ocrx_word' id='word_1_299' title='bbox 770 2644 866 2698; x_wconf 87' lang='grc' dir='ltr'><strong>καὶ</strong></span> <span class='ocrx_word' id='word_1_300' title='bbox 922 2647 1364 2718; x_wconf 80' lang='grc' dir='ltr'><em>ἀποστρέφομαι,</em></span> <span class='ocrx_word' id='word_1_301' title='bbox 1415 2652 1529 2713; x_wconf 87' lang='grc' dir='ltr'><em>τοῖς</em></span> <span class='ocrx_word' id='word_1_302' title='bbox 1593 2653 1725 2723; x_wconf 82' lang='grc' dir='ltr'><em>παρ’</em></span> <span class='ocrx_word' id='word_1_303' title='bbox 1783 2654 1916 2723; x_wconf 83' lang='grc' dir='ltr'><strong>ἐμοῦ</strong></span> 
     </span>
    </p>
   </div>
   <div class='ocr_carea' id='block_1_42' title="bbox 336 2732 1947 2812">
    <p class='ocr_par' dir='ltr' id='par_1_42' title="bbox 336 2732 1947 2812">
     <span class='ocr_line' id='line_1_42' title="bbox 336 2732 1947 2812; baseline 0.006 -26"><span class='ocrx_word' id='word_1_304' title='bbox 336 2734 872 2805; x_wconf 81' lang='grc' dir='ltr'><em>συνταχθησομένοις</em></span> <span class='ocrx_word' id='word_1_305' title='bbox 903 2738 1224 2807; x_wconf 87' lang='grc' dir='ltr'><em>προσέχετε,</em></span> <span class='ocrx_word' id='word_1_306' title='bbox 1257 2732 1338 2802; x_wconf 78' lang='grc' dir='ltr'><em>οἷς</em></span> <span class='ocrx_word' id='word_1_307' title='bbox 1367 2739 1545 2812; x_wconf 82' lang='grc' dir='ltr'><em>χαίρω</em></span> <span class='ocrx_word' id='word_1_308' title='bbox 1575 2742 1672 2795; x_wconf 90' lang='grc' dir='ltr'><strong>καὶ</strong></span> <span class='ocrx_word' id='word_1_309' title='bbox 1697 2741 1947 2808; x_wconf 52' lang='grc' dir='ltr'><strong>δοξάζοο,</strong></span> 
     </span>
    </p>
   </div>
   <div class='ocr_carea' id='block_1_43' title="bbox 337 2828 1918 2905">
    <p class='ocr_par' dir='ltr' id='par_1_43' title="bbox 337 2828 1918 2905">
     <span class='ocr_line' id='line_1_43' title="bbox 337 2828 1918 2905; baseline 0.003 -24"><span class='ocrx_word' id='word_1_310' title='bbox 337 2846 442 2900; x_wconf 88' lang='grc' dir='ltr'><strong>μαι</strong></span> <span class='ocrx_word' id='word_1_311' title='bbox 465 2845 478 2856; x_wconf 71' lang='grc'><strong><em>⁸</em></strong></span> <span class='ocrx_word' id='word_1_312' title='bbox 511 2828 778 2899; x_wconf 83' lang='grc' dir='ltr'><em>πρότερον</em></span> <span class='ocrx_word' id='word_1_313' title='bbox 803 2830 911 2899; x_wconf 70' lang='grc' dir='ltr'><strong>γάρ</strong></span> <span class='ocrx_word' id='word_1_314' title='bbox 933 2830 1207 2900; x_wconf 74' lang='grc' dir='ltr'><em>ἀπείρξας</em></span> <span class='ocrx_word' id='word_1_315' title='bbox 1235 2832 1434 2895; x_wconf 81' lang='grc' dir='ltr'><em>αὐτοὺς</em></span> <span class='ocrx_word' id='word_1_316' title='bbox 1460 2832 1568 2884; x_wconf 83' lang='grc' dir='ltr'><em>τῶν</em></span> <span class='ocrx_word' id='word_1_317' title='bbox 1601 2832 1918 2905; x_wconf 81' lang='grc' dir='ltr'><em>ἀπηγορευ-</em></span> 
     </span>
    </p>
   </div>
   <div class='ocr_carea' id='block_1_44' title="bbox 337 2920 1915 2996">
    <p class='ocr_par' dir='ltr' id='par_1_44' title="bbox 337 2920 1915 2996">
     <span class='ocr_line' id='line_1_44' title="bbox 337 2920 1915 2996; baseline 0.004 -23"><span class='ocrx_word' id='word_1_318' title='bbox 337 2920 523 2993; x_wconf 86' lang='grc' dir='ltr'><em>μένων</em></span> <span class='ocrx_word' id='word_1_319' title='bbox 569 2920 660 2974; x_wconf 75' lang='grc' dir='ltr'><em>διά</em></span> <span class='ocrx_word' id='word_1_320' title='bbox 704 2920 815 2973; x_wconf 80' lang='grc' dir='ltr'><em>τῶν</em></span> <span class='ocrx_word' id='word_1_321' title='bbox 849 2920 1352 2993; x_wconf 81' lang='grc' dir='ltr'><em>νομοθετουμένων,</em></span> <span class='ocrx_word' id='word_1_322' title='bbox 1401 2922 1629 2996; x_wconf 74' lang='grc' dir='ltr'><em>ὕστερον</em></span> <span class='ocrx_word' id='word_1_323' title='bbox 1672 2926 1739 2978; x_wconf 83' lang='grc' dir='ltr'><em>τὰ</em></span> <span class='ocrx_word' id='word_1_324' title='bbox 1774 2926 1915 2979; x_wconf 76' lang='grc' dir='ltr'><em>κατὰ</em></span> 
     </span>
    </p>
   </div>
   <div class='ocr_carea' id='block_1_45' title="bbox 332 3012 1916 3088">
    <p class='ocr_par' dir='ltr' id='par_1_45' title="bbox 332 3012 1916 3088">
     <span class='ocr_line' id='line_1_45' title="bbox 332 3012 1916 3088; baseline 0.001 -20"><span class='ocrx_word' id='word_1_325' title='bbox 332 3015 436 3086; x_wconf 75' lang='grc' dir='ltr'><em>τὴν</em></span> <span class='ocrx_word' id='word_1_326' title='bbox 462 3014 680 3083; x_wconf 80' lang='grc' dir='ltr'><em>ποίησιν</em></span> <span class='ocrx_word' id='word_1_327' title='bbox 700 3012 799 3084; x_wconf 86' lang='grc' dir='ltr'><em>τῆς</em></span> <span class='ocrx_word' id='word_1_328' title='bbox 833 3014 1038 3083; x_wconf 67' lang='grc' dir='ltr'><em>σκηνῆς</em></span> <span class='ocrx_word' id='word_1_329' title='bbox 1068 3014 1347 3083; x_wconf 75' lang='grc' dir='ltr'><em>ἐπήγαγεν</em></span> <span class='ocrx_word' id='word_1_330' title='bbox 1368 3030 1382 3044; x_wconf 74' lang='grc' dir='ltr'><strong><em>ο</em></strong></span> <span class='ocrx_word' id='word_1_331' title='bbox 1413 3014 1604 3087; x_wconf 83' lang='grc' dir='ltr'><em>ὥσπερ</em></span> <span class='ocrx_word' id='word_1_332' title='bbox 1634 3015 1741 3088; x_wconf 82' lang='grc' dir='ltr'><em>γὰρ</em></span> <span class='ocrx_word' id='word_1_333' title='bbox 1760 3018 1916 3080; x_wconf 76' lang='grc' dir='ltr'><em>εἴτις</em></span> 
     </span>
    </p>
   </div>
   <div class='ocr_carea' id='block_1_46' title="bbox 333 3104 1915 3178">
    <p class='ocr_par' dir='ltr' id='par_1_46' title="bbox 333 3104 1915 3178">
     <span class='ocr_line' id='line_1_46' title="bbox 333 3104 1915 3178; baseline 0.001 -20"><span class='ocrx_word' id='word_1_334' title='bbox 333 3105 512 3159; x_wconf 80' lang='grc' dir='ltr'><em>ἐθέλοι</em></span> <span class='ocrx_word' id='word_1_335' title='bbox 557 3104 666 3158; x_wconf 84' lang='grc' dir='ltr'><em>τῶν</em></span> <span class='ocrx_word' id='word_1_336' title='bbox 714 3104 909 3157; x_wconf 82' lang='grc' dir='ltr'><em>ἑαυτοῦ</em></span> <span class='ocrx_word' id='word_1_337' title='bbox 945 3105 1172 3157; x_wconf 81' lang='grc' dir='ltr'><em>οἰκετῶν</em></span> <span class='ocrx_word' id='word_1_338' title='bbox 1224 3107 1304 3169; x_wconf 86' lang='grc' dir='ltr'><strong>είς</strong></span> <span class='ocrx_word' id='word_1_339' title='bbox 1349 3105 1410 3160; x_wconf 82' lang='grc' dir='ltr'><em>τὸ</em></span> <span class='ocrx_word' id='word_1_340' title='bbox 1446 3107 1642 3178; x_wconf 87' lang='grc' dir='ltr'><em>μέλλον</em></span> <span class='ocrx_word' id='word_1_341' title='bbox 1669 3108 1776 3160; x_wconf 88' lang='grc' dir='ltr'><em>τινὶ</em></span> <span class='ocrx_word' id='word_1_342' title='bbox 1803 3108 1915 3160; x_wconf 82' lang='grc' dir='ltr'><em>τῶν</em></span> 
     </span>
    </p>
   </div>
   <div class='ocr_carea' id='block_1_47' title="bbox 331 3194 1907 3269">
    <p class='ocr_par' dir='ltr' id='par_1_47' title="bbox 331 3194 1907 3269">
     <span class='ocr_line' id='line_1_47' title="bbox 331 3194 1907 3269; baseline 0.001 -22"><span class='ocrx_word' id='word_1_343' title='bbox 331 3195 642 3247; x_wconf 80' lang='grc' dir='ltr'><em>δοκούντων</em></span> <span class='ocrx_word' id='word_1_344' title='bbox 686 3194 1006 3265; x_wconf 82' lang='grc' dir='ltr'><em>ἐπιτρέπειν</em></span> <span class='ocrx_word' id='word_1_345' title='bbox 1059 3194 1093 3265; x_wconf 80' lang='grc' dir='ltr'>ἢ</span> <span class='ocrx_word' id='word_1_346' title='bbox 1134 3196 1444 3267; x_wconf 77' lang='grc' dir='ltr'><em>ἐγχειρεῖν,</em></span> <span class='ocrx_word' id='word_1_347' title='bbox 1497 3197 1551 3249; x_wconf 87' lang='grc' dir='ltr'><strong>τί</strong></span> <span class='ocrx_word' id='word_1_348' title='bbox 1584 3200 1907 3269; x_wconf 76' lang='grc' dir='ltr'><em>παρεγγυᾷς</em></span> 
     </span>
    </p>
   </div>
   <div class='ocr_carea' id='block_1_48' title="bbox 2024 2005 3592 2088">
    <p class='ocr_par' dir='ltr' id='par_1_48' title="bbox 2024 2005 3592 2088">
     <span class='ocr_line' id='line_1_48' title="bbox 2024 2005 3592 2088; baseline 0.013 -29"><span class='ocrx_word' id='word_1_349' title='bbox 2024 2005 2137 2061; x_wconf 88' lang='lat' dir='ltr'><strong>lleri</strong></span> <span class='ocrx_word' id='word_1_350' title='bbox 2174 2010 2542 2080; x_wconf 85' lang='lat' dir='ltr'><strong>praecipietur.</strong></span> <span class='ocrx_word' id='word_1_351' title='bbox 2598 2013 2809 2067; x_wconf 79' lang='lat' dir='ltr'><strong>Etenim</strong></span> <span class='ocrx_word' id='word_1_352' title='bbox 2872 2015 3178 2082; x_wconf 83' lang='lat' dir='ltr'><strong>ltujusnmdi</strong></span> <span class='ocrx_word' id='word_1_353' title='bbox 3227 2019 3429 2088; x_wconf 86' lang='lat' dir='ltr'><strong>aliquid</strong></span> <span class='ocrx_word' id='word_1_354' title='bbox 3477 2024 3592 2079; x_wconf 65' lang='lat' dir='ltr'><strong>haec</strong></span> 
     </span>
    </p>
   </div>
   <div class='ocr_carea' id='block_1_49' title="bbox 2023 2099 3594 2174">
    <p class='ocr_par' dir='ltr' id='par_1_49' title="bbox 2023 2099 3594 2174">
     <span class='ocr_line' id='line_1_49' title="bbox 2023 2099 3594 2174; baseline 0.011 -24"><span class='ocrx_word' id='word_1_355' title='bbox 2023 2099 2176 2153; x_wconf 91' lang='lat' dir='ltr'><strong>nobis</strong></span> <span class='ocrx_word' id='word_1_356' title='bbox 2210 2102 2370 2156; x_wconf 87' lang='lat' dir='ltr'><strong>verba</strong></span> <span class='ocrx_word' id='word_1_357' title='bbox 2404 2102 2651 2158; x_wconf 90' lang='lat' dir='ltr'><strong>innunnt.</strong></span> <span class='ocrx_word' id='word_1_358' title='bbox 2688 2103 2819 2158; x_wconf 83' lang='lat' dir='ltr'><strong>Nam</strong></span> <span class='ocrx_word' id='word_1_359' title='bbox 2847 2107 3106 2174; x_wconf 89' lang='lat' dir='ltr'><strong>qnidicit,</strong></span> <span class='ocrx_word' id='word_1_360' title='bbox 3130 2109 3314 2164; x_wconf 88' lang='lat' dir='ltr'><strong>talium</strong></span> <span class='ocrx_word' id='word_1_361' title='bbox 3345 2113 3594 2168; x_wconf 85' lang='lat' dir='ltr'><strong>nomina-</strong></span> 
     </span>
    </p>
   </div>
   <div class='ocr_carea' id='block_1_50' title="bbox 2024 2186 3592 2274">
    <p class='ocr_par' dir='ltr' id='par_1_50' title="bbox 2024 2186 3592 2274">
     <span class='ocr_line' id='line_1_50' title="bbox 2024 2186 3592 2274; baseline 0.011 -33"><span class='ocrx_word' id='word_1_362' title='bbox 2024 2191 2116 2244; x_wconf 90' lang='lat' dir='ltr'><strong>tim</strong></span> <span class='ocrx_word' id='word_1_363' title='bbox 2148 2201 2329 2246; x_wconf 88' lang='lat' dir='ltr'><strong>reruln</strong></span> <span class='ocrx_word' id='word_1_364' title='bbox 2366 2208 2469 2248; x_wconf 89' lang='lat' dir='ltr'><strong>non</strong></span> <span class='ocrx_word' id='word_1_365' title='bbox 2503 2186 2674 2249; x_wconf 74' lang='lat' dir='ltr'><strong>fac&#39;ies</strong></span> <span class='ocrx_word' id='word_1_366' title='bbox 2713 2197 3087 2263; x_wconf 89' lang='lat' dir='ltr'><strong>simulacrum,</strong></span> <span class='ocrx_word' id='word_1_367' title='bbox 3122 2199 3351 2254; x_wconf 87' lang='lat' dir='ltr'><strong>aliarum</strong></span> <span class='ocrx_word' id='word_1_368' title='bbox 3384 2202 3592 2274; x_wconf 87' lang='lat' dir='ltr'><strong>aliquot</strong></span> 
     </span>
    </p>
   </div>
   <div class='ocr_carea' id='block_1_51' title="bbox 2021 2284 3592 2364">
    <p class='ocr_par' dir='ltr' id='par_1_51' title="bbox 2021 2284 3592 2364">
     <span class='ocr_line' id='line_1_51' title="bbox 2021 2284 3592 2364; baseline 0.01 -28"><span class='ocrx_word' id='word_1_369' title='bbox 2021 2284 2286 2338; x_wconf 76' lang='lat' dir='ltr'><strong>facturam</strong></span> <span class='ocrx_word' id='word_1_370' title='bbox 2348 2286 2699 2355; x_wconf 74' lang='lat' dir='ltr'><strong>auspicatur;</strong></span> <span class='ocrx_word' id='word_1_371' title='bbox 2767 2291 3142 2360; x_wconf 85' lang='lat' dir='ltr'><strong>approbatque</strong></span> <span class='ocrx_word' id='word_1_372' title='bbox 3217 2292 3306 2346; x_wconf 89' lang='lat' dir='ltr'><strong>illa</strong></span> <span class='ocrx_word' id='word_1_373' title='bbox 3360 2309 3592 2364; x_wconf 83' lang='lat' dir='ltr'><strong>quorum</strong></span> 
     </span>
    </p>
   </div>
   <div class='ocr_carea' id='block_1_52' title="bbox 2020 2379 3589 2455">
    <p class='ocr_par' dir='ltr' id='par_1_52' title="bbox 2020 2379 3589 2455">
     <span class='ocr_line' id='line_1_52' title="bbox 2020 2379 3589 2455; baseline 0.011 -26"><span class='ocrx_word' id='word_1_374' title='bbox 2020 2379 2503 2449; x_wconf 72' lang='lat' dir='ltr'><strong>prtecipiendorum</strong></span> <span class='ocrx_word' id='word_1_375' title='bbox 2570 2386 2804 2436; x_wconf 86' lang='lat' dir='ltr'><strong>nondum</strong></span> <span class='ocrx_word' id='word_1_376' title='bbox 2852 2394 3063 2452; x_wconf 80' lang='lat' dir='ltr'><strong>tempus</strong></span> <span class='ocrx_word' id='word_1_377' title='bbox 3102 2387 3446 2455; x_wconf 75' lang='lat' dir='ltr'><strong>advenerat,</strong></span> <span class='ocrx_word' id='word_1_378' title='bbox 3517 2392 3589 2446; x_wconf 82' lang='lat' dir='ltr'><strong>ita</strong></span> 
     </span>
    </p>
   </div>
   <div class='ocr_carea' id='block_1_53' title="bbox 2019 2468 3591 2548">
    <p class='ocr_par' dir='ltr' id='par_1_53' title="bbox 2019 2468 3591 2548">
     <span class='ocr_line' id='line_1_53' title="bbox 2019 2468 3591 2548; baseline 0.01 -30"><span class='ocrx_word' id='word_1_379' title='bbox 2019 2468 2404 2535; x_wconf 80' lang='lat' dir='ltr'><strong>propemodum</strong></span> <span class='ocrx_word' id='word_1_380' title='bbox 2435 2470 2657 2539; x_wconf 71' lang='lat' dir='ltr'><strong>iubens,</strong></span> <span class='ocrx_word' id='word_1_381' title='bbox 2689 2486 2881 2540; x_wconf 86' lang='lat' dir='ltr'><strong>nempe</strong></span> <span class='ocrx_word' id='word_1_382' title='bbox 2923 2474 2997 2525; x_wconf 83' lang='lat' dir='ltr'><strong>rei</strong></span> <span class='ocrx_word' id='word_1_383' title='bbox 3055 2476 3255 2532; x_wconf 90' lang='lat' dir='ltr'><strong>nullius</strong></span> <span class='ocrx_word' id='word_1_384' title='bbox 3285 2494 3446 2547; x_wconf 85' lang='lat' dir='ltr'><strong>quam</strong></span> <span class='ocrx_word' id='word_1_385' title='bbox 3490 2493 3591 2548; x_wconf 84' lang='lat' dir='ltr'><strong>ego</strong></span> 
     </span>
    </p>
   </div>
   <div class='ocr_carea' id='block_1_54' title="bbox 2020 2560 3589 2632">
    <p class='ocr_par' dir='ltr' id='par_1_54' title="bbox 2020 2560 3589 2632">
     <span class='ocr_line' id='line_1_54' title="bbox 2020 2560 3589 2632; baseline 0.011 -23"><span class='ocrx_word' id='word_1_386' title='bbox 2020 2572 2124 2610; x_wconf 90' lang='lat' dir='ltr'><strong>non</strong></span> <span class='ocrx_word' id='word_1_387' title='bbox 2162 2560 2511 2624; x_wconf 76' lang='lat' dir='ltr'><strong>mandavero,</strong></span> <span class='ocrx_word' id='word_1_388' title='bbox 2540 2562 2888 2615; x_wconf 85' lang='lat' dir='ltr'><strong>simulacrum</strong></span> <span class='ocrx_word' id='word_1_389' title='bbox 2917 2564 3113 2632; x_wconf 81' lang='lat' dir='ltr'><strong>iacies;</strong></span> <span class='ocrx_word' id='word_1_390' title='bbox 3147 2568 3241 2624; x_wconf 84' lang='lat' dir='ltr'><strong>sed</strong></span> <span class='ocrx_word' id='word_1_391' title='bbox 3269 2570 3444 2625; x_wconf 69' lang='lat' dir='ltr'><strong>alieno</strong></span> <span class='ocrx_word' id='word_1_392' title='bbox 3465 2571 3589 2627; x_wconf 87' lang='lat' dir='ltr'><strong>abs-</strong></span> 
     </span>
    </p>
   </div>
   <div class='ocr_carea' id='block_1_55' title="bbox 2020 2648 3591 2731">
    <p class='ocr_par' dir='ltr' id='par_1_55' title="bbox 2020 2648 3591 2731">
     <span class='ocr_line' id='line_1_55' title="bbox 2020 2648 3591 2731; baseline 0.011 -32"><span class='ocrx_word' id='word_1_393' title='bbox 2020 2648 2253 2702; x_wconf 84' lang='lat' dir='ltr'><strong>tinentes</strong></span> <span class='ocrx_word' id='word_1_394' title='bbox 2280 2651 2450 2717; x_wconf 89' lang='lat' dir='ltr'><strong>cultu,</strong></span> <span class='ocrx_word' id='word_1_395' title='bbox 2475 2668 2632 2722; x_wconf 87' lang='lat' dir='ltr'><strong><em>quem</em></strong></span> <span class='ocrx_word' id='word_1_396' title='bbox 2661 2668 2760 2723; x_wconf 86' lang='lat' dir='ltr'><strong>ego</strong></span> <span class='ocrx_word' id='word_1_397' title='bbox 2788 2656 2875 2708; x_wconf 82' lang='lat' dir='ltr'><strong>odi</strong></span> <span class='ocrx_word' id='word_1_398' title='bbox 2902 2668 2951 2709; x_wconf 88' lang='lat' dir='ltr'><strong>et</strong></span> <span class='ocrx_word' id='word_1_399' title='bbox 2978 2672 3221 2722; x_wconf 88' lang='lat' dir='ltr'><strong>aversor,</strong></span> <span class='ocrx_word' id='word_1_400' title='bbox 3257 2661 3319 2715; x_wconf 90' lang='lat' dir='ltr'><strong>iis</strong></span> <span class='ocrx_word' id='word_1_401' title='bbox 3346 2676 3465 2731; x_wconf 76' lang='lat' dir='ltr'><strong>qua:</strong></span> <span class='ocrx_word' id='word_1_402' title='bbox 3489 2677 3591 2730; x_wconf 80' lang='lat' dir='ltr'><strong>ego</strong></span> 
     </span>
    </p>
   </div>
   <div class='ocr_carea' id='block_1_56' title="bbox 2019 2737 3590 2825">
    <p class='ocr_par' dir='ltr' id='par_1_56' title="bbox 2019 2737 3590 2825">
     <span class='ocr_line' id='line_1_56' title="bbox 2019 2737 3590 2825; baseline 0.014 -36"><span class='ocrx_word' id='word_1_403' title='bbox 2019 2737 2309 2809; x_wconf 77' lang='lat' dir='ltr'><strong>aliquando</strong></span> <span class='ocrx_word' id='word_1_404' title='bbox 2357 2742 2662 2812; x_wconf 69' lang='lat' dir='ltr'><strong>praecipiam</strong></span> <span class='ocrx_word' id='word_1_405' title='bbox 2718 2760 2905 2801; x_wconf 84' lang='lat' dir='ltr'><strong>curam</strong></span> <span class='ocrx_word' id='word_1_406' title='bbox 2977 2750 3332 2819; x_wconf 86' lang='lat' dir='ltr'><strong>impendetis,</strong></span> <span class='ocrx_word' id='word_1_407' title='bbox 3392 2756 3590 2825; x_wconf 78' lang='lat' dir='ltr'><strong>quibus</strong></span> 
     </span>
    </p>
   </div>
   <div class='ocr_carea' id='block_1_57' title="bbox 2018 2828 3590 2916">
    <p class='ocr_par' dir='ltr' id='par_1_57' title="bbox 2018 2828 3590 2916">
     <span class='ocr_line' id='line_1_57' title="bbox 2018 2828 3590 2916; baseline 0.015 -38"><span class='ocrx_word' id='word_1_408' title='bbox 2018 2828 2267 2883; x_wconf 72' lang='lat' dir='ltr'><strong>videlicet</strong></span> <span class='ocrx_word' id='word_1_409' title='bbox 2294 2846 2393 2899; x_wconf 82' lang='lat' dir='ltr'><strong>ego</strong></span> <span class='ocrx_word' id='word_1_410' title='bbox 2415 2836 2624 2901; x_wconf 70' lang='lat' dir='ltr'><strong>gaudeo</strong></span> <span class='ocrx_word' id='word_1_411' title='bbox 2659 2846 2712 2889; x_wconf 85' lang='lat' dir='ltr'><strong>et</strong></span> <span class='ocrx_word' id='word_1_412' title='bbox 2744 2835 3040 2916; x_wconf 70' lang='lat' dir='ltr'><strong>gloriﬁcor.</strong></span> <span class='ocrx_word' id='word_1_413' title='bbox 3074 2840 3261 2897; x_wconf 87' lang='lat' dir='ltr'><strong>Primo</strong></span> <span class='ocrx_word' id='word_1_414' title='bbox 3302 2846 3446 2900; x_wconf 88' lang='lat' dir='ltr'><strong>enim</strong></span> <span class='ocrx_word' id='word_1_415' title='bbox 3496 2862 3590 2902; x_wconf 89' lang='lat' dir='ltr'><strong>eos</strong></span> 
     </span>
    </p>
   </div>
   <div class='ocr_carea' id='block_1_58' title="bbox 2019 2921 3591 2999">
    <p class='ocr_par' dir='ltr' id='par_1_58' title="bbox 2019 2921 3591 2999">
     <span class='ocr_line' id='line_1_58' title="bbox 2019 2921 3591 2999; baseline 0.014 -28"><span class='ocrx_word' id='word_1_416' title='bbox 2019 2921 2303 2976; x_wconf 87' lang='lat' dir='ltr'><strong>retrahens</strong></span> <span class='ocrx_word' id='word_1_417' title='bbox 2330 2937 2360 2976; x_wconf 86' lang='lat' dir='ltr'><strong>a</strong></span> <span class='ocrx_word' id='word_1_418' title='bbox 2411 2926 2699 2992; x_wconf 81' lang='lat' dir='ltr'><strong>prohibitis</strong></span> <span class='ocrx_word' id='word_1_419' title='bbox 2744 2943 2840 2996; x_wconf 67' lang='lat' dir='ltr'><strong>per</strong></span> <span class='ocrx_word' id='word_1_420' title='bbox 2879 2929 3075 2999; x_wconf 62' lang='lat' dir='ltr'><strong>legem,</strong></span> <span class='ocrx_word' id='word_1_421' title='bbox 3106 2934 3298 2990; x_wconf 83' lang='lat' dir='ltr'><strong>deinde</strong></span> <span class='ocrx_word' id='word_1_422' title='bbox 3346 2937 3591 2993; x_wconf 83' lang='lat' dir='ltr'><strong>taberna-</strong></span> 
     </span>
    </p>
   </div>
   <div class='ocr_carea' id='block_1_59' title="bbox 2015 3012 3584 3099">
    <p class='ocr_par' dir='ltr' id='par_1_59' title="bbox 2015 3012 3584 3099">
     <span class='ocr_line' id='line_1_59' title="bbox 2015 3012 3584 3099; baseline 0.011 -34"><span class='ocrx_word' id='word_1_423' title='bbox 2015 3012 2120 3065; x_wconf 91' lang='lat' dir='ltr'><strong>cnli</strong></span> <span class='ocrx_word' id='word_1_424' title='bbox 2176 3014 2588 3071; x_wconf 70' lang='lat' dir='ltr'><strong>mdilicatiouctn</strong></span> <span class='ocrx_word' id='word_1_425' title='bbox 2627 3019 2938 3077; x_wconf 74' lang='lat' dir='ltr'><strong>introducit.</strong></span> <span class='ocrx_word' id='word_1_426' title='bbox 3003 3023 3154 3078; x_wconf 79' lang='lat' dir='ltr'><strong>llaml</strong></span> <span class='ocrx_word' id='word_1_427' title='bbox 3197 3041 3372 3095; x_wconf 81' lang='lat' dir='ltr'><strong>secus,</strong></span> <span class='ocrx_word' id='word_1_428' title='bbox 3423 3045 3584 3099; x_wconf 85' lang='lat' dir='ltr'><strong>quam</strong></span> 
     </span>
    </p>
   </div>
   <div class='ocr_carea' id='block_1_60' title="bbox 2016 3103 3588 3188">
    <p class='ocr_par' dir='ltr' id='par_1_60' title="bbox 2016 3103 3588 3188">
     <span class='ocr_line' id='line_1_60' title="bbox 2016 3103 3588 3188; baseline 0.013 -34"><span class='ocrx_word' id='word_1_429' title='bbox 2016 3103 2059 3155; x_wconf 82' lang='lat' dir='ltr'><strong>si</strong></span> <span class='ocrx_word' id='word_1_430' title='bbox 2091 3104 2214 3173; x_wconf 85' lang='lat' dir='ltr'><strong>quis</strong></span> <span class='ocrx_word' id='word_1_431' title='bbox 2244 3105 2404 3161; x_wconf 85' lang='lat' dir='ltr'><strong>alicui</strong></span> <span class='ocrx_word' id='word_1_432' title='bbox 2429 3122 2460 3162; x_wconf 87' lang='lat' dir='ltr'><strong><em>e</em></strong></span> <span class='ocrx_word' id='word_1_433' title='bbox 2485 3110 2659 3165; x_wconf 78' lang='lat' dir='ltr'><strong>servis</strong></span> <span class='ocrx_word' id='word_1_434' title='bbox 2686 3112 2799 3166; x_wconf 86' lang='lat' dir='ltr'><strong>suis</strong></span> <span class='ocrx_word' id='word_1_435' title='bbox 2821 3111 3053 3168; x_wconf 77' lang='lat' dir='ltr'><strong>oﬂicium</strong></span> <span class='ocrx_word' id='word_1_436' title='bbox 3080 3116 3294 3185; x_wconf 83' lang='lat' dir='ltr'><strong>aliquod</strong></span> <span class='ocrx_word' id='word_1_437' title='bbox 3320 3120 3588 3188; x_wconf 76' lang='lat' dir='ltr'><strong>imperare</strong></span> 
     </span>
    </p>
   </div>
   <div class='ocr_carea' id='block_1_61' title="bbox 2018 3195 3588 3279">
    <p class='ocr_par' dir='ltr' id='par_1_61' title="bbox 2018 3195 3588 3279">
     <span class='ocr_line' id='line_1_61' title="bbox 2018 3195 3588 3279; baseline 0.017 -37"><span class='ocrx_word' id='word_1_438' title='bbox 2018 3195 2200 3248; x_wconf 77' lang='lat' dir='ltr'><strong>volens</strong></span> <span class='ocrx_word' id='word_1_439' title='bbox 2257 3208 2352 3250; x_wconf 83' lang='lat' dir='ltr'><strong>aut</strong></span> <span class='ocrx_word' id='word_1_440' title='bbox 2401 3201 2765 3268; x_wconf 73' lang='lat' dir='ltr'><strong>committere,</strong></span> <span class='ocrx_word' id='word_1_441' title='bbox 2801 3205 2931 3273; x_wconf 84' lang='lat' dir='ltr'><strong>quid</strong></span> <span class='ocrx_word' id='word_1_442' title='bbox 2986 3207 3206 3262; x_wconf 78' lang='lat' dir='ltr'><strong>monet?</strong></span> <span class='ocrx_word' id='word_1_443' title='bbox 3252 3208 3456 3279; x_wconf 83' lang='lat' dir='ltr'><strong>Nempe</strong></span> <span class='ocrx_word' id='word_1_444' title='bbox 3518 3228 3588 3268; x_wconf 82' lang='lat' dir='ltr'><strong>ne</strong></span> 
     </span>
    </p>
   </div>
   <div class='ocr_carea' id='block_1_62' title="bbox 332 3261 1912 3372">
    <p class='ocr_par' dir='ltr' id='par_1_62' title="bbox 332 3261 1908 3357">
     <span class='ocr_line' id='line_1_62' title="bbox 332 3261 1908 3357; baseline 0.003 -20"><span class='ocrx_word' id='word_1_445' title='bbox 332 3286 586 3356; x_wconf 70' lang='grc' dir='ltr'><em>Σήμερον</em></span> <span class='ocrx_word' id='word_1_446' title='bbox 615 3285 731 3338; x_wconf 72' lang='grc' dir='ltr'><em>τόδε</em></span> <span class='ocrx_word' id='word_1_447' title='bbox 766 3261 841 3355; x_wconf 61' lang='grc' dir='ltr'><strong>μη</strong></span> <span class='ocrx_word' id='word_1_448' title='bbox 878 3261 1131 3354; x_wconf 78' lang='grc' dir='ltr'><em>πράξειν,</em></span> <span class='ocrx_word' id='word_1_449' title='bbox 1357 3261 1620 3357; x_wconf 81' lang='grc' dir='ltr'><em>ἀπαίρειν</em></span> <span class='ocrx_word' id='word_1_450' title='bbox 1660 3261 1908 3355; x_wconf 36' lang='grc' dir='ltr'><em>πώποτ-ε,</em></span> 
     </span>
    </p>
   </div>
   <div class='ocr_carea' id='block_1_63' title="bbox 2017 3261 3582 3372">
    <p class='ocr_par' dir='ltr' id='par_1_63' title="bbox 2018 3287 3582 3372">
     <span class='ocr_line' id='line_1_63' title="bbox 2018 3287 3582 3372; baseline 0.012 -33"><span class='ocrx_word' id='word_1_451' title='bbox 2018 3287 2174 3342; x_wconf 75' lang='lat' dir='ltr'><strong>hodie</strong></span> <span class='ocrx_word' id='word_1_452' title='bbox 2207 3290 2306 3342; x_wconf 85' lang='lat' dir='ltr'><strong>hoc</strong></span> <span class='ocrx_word' id='word_1_453' title='bbox 2327 3299 2470 3359; x_wconf 80' lang='lat' dir='ltr'><strong>agat,</strong></span> <span class='ocrx_word' id='word_1_454' title='bbox 2511 3308 2686 3363; x_wconf 83' lang='lat' dir='ltr'><strong>neque</strong></span> <span class='ocrx_word' id='word_1_455' title='bbox 2716 3296 2895 3366; x_wconf 86' lang='lat' dir='ltr'><strong>aliquo</strong></span> <span class='ocrx_word' id='word_1_456' title='bbox 2918 3296 3102 3363; x_wconf 85' lang='lat' dir='ltr'><strong>abeat,</strong></span> <span class='ocrx_word' id='word_1_457' title='bbox 3146 3311 3269 3369; x_wconf 86' lang='lat' dir='ltr'><strong>puta</strong></span> <span class='ocrx_word' id='word_1_458' title='bbox 3308 3303 3374 3357; x_wconf 88' lang='lat' dir='ltr'><strong>ad</strong></span> <span class='ocrx_word' id='word_1_459' title='bbox 3394 3318 3582 3372; x_wconf 78' lang='lat' dir='ltr'><strong>agrum</strong></span> 
     </span>
    </p>
   </div>
   <div class='ocr_carea' id='block_1_64' title="bbox 333 3372 1914 3450">
    <p class='ocr_par' dir='ltr' id='par_1_64' title="bbox 333 3372 1914 3450">
     <span class='ocr_line' id='line_1_64' title="bbox 333 3372 1914 3450; baseline 0.003 -21"><span class='ocrx_word' id='word_1_460' title='bbox 333 3372 446 3430; x_wconf 75' lang='grc' dir='ltr'><em>οἷον</em></span> <span class='ocrx_word' id='word_1_461' title='bbox 472 3379 554 3439; x_wconf 84' lang='grc' dir='ltr'><em>εἰς</em></span> <span class='ocrx_word' id='word_1_462' title='bbox 583 3378 753 3448; x_wconf 76' lang='grc' dir='ltr'><em>ἀγρὸν</em></span> <span class='ocrx_word' id='word_1_463' title='bbox 788 3377 862 3448; x_wconf 84' lang='grc' dir='ltr'><em>μὴ</em></span> <span class='ocrx_word' id='word_1_464' title='bbox 914 3376 1172 3435; x_wconf 78' lang='grc' dir='ltr'><em>ἀπελθεῖν</em></span> <span class='ocrx_word' id='word_1_465' title='bbox 1193 3417 1208 3444; x_wconf 89' lang='grc'><strong>,</strong></span> <span class='ocrx_word' id='word_1_466' title='bbox 1252 3372 1387 3449; x_wconf 84' lang='grc' dir='ltr'><strong>μηδέ</strong></span> <span class='ocrx_word' id='word_1_467' title='bbox 1438 3380 1517 3443; x_wconf 89' lang='grc' dir='ltr'><strong>είς</strong></span> <span class='ocrx_word' id='word_1_468' title='bbox 1542 3380 1749 3450; x_wconf 78' lang='grc' dir='ltr'><em>ἀγορὰν</em></span> <span class='ocrx_word' id='word_1_469' title='bbox 1775 3397 1914 3449; x_wconf 82' lang='grc' dir='ltr'><em>παρ·</em></span> 
     </span>
    </p>
   </div>
   <div class='ocr_carea' id='block_1_65' title="bbox 330 3468 1913 3542">
    <p class='ocr_par' dir='ltr' id='par_1_65' title="bbox 330 3468 1913 3542">
     <span class='ocr_line' id='line_1_65' title="bbox 330 3468 1913 3542; baseline 0.001 -20"><span class='ocrx_word' id='word_1_470' title='bbox 330 3468 595 3539; x_wconf 74' lang='grc' dir='ltr'><em>εμεαλείν</em></span> <span class='ocrx_word' id='word_1_471' title='bbox 641 3486 654 3501; x_wconf 75' lang='grc'><strong>⁸</strong></span> <span class='ocrx_word' id='word_1_472' title='bbox 701 3468 948 3539; x_wconf 79' lang='grc' dir='ltr'><em>βούλεται</em></span> <span class='ocrx_word' id='word_1_473' title='bbox 1002 3471 1113 3541; x_wconf 80' lang='grc' dir='ltr'><em>γὰρ</em></span> <span class='ocrx_word' id='word_1_474' title='bbox 1191 3470 1353 3523; x_wconf 71' lang='grc' dir='ltr'><em>αὑτὸν</em></span> <span class='ocrx_word' id='word_1_475' title='bbox 1416 3470 1650 3542; x_wconf 74' lang='grc' dir='ltr'><em>εὐσταλῆ</em></span> <span class='ocrx_word' id='word_1_476' title='bbox 1709 3487 1768 3523; x_wconf 79' lang='grc' dir='ltr'><strong>τε</strong></span> <span class='ocrx_word' id='word_1_477' title='bbox 1819 3473 1913 3524; x_wconf 88' lang='grc' dir='ltr'><strong>καὶ</strong></span> 
     </span>
    </p>
   </div>
   <div class='ocr_carea' id='block_1_66' title="bbox 330 3552 1911 3635">
    <p class='ocr_par' dir='ltr' id='par_1_66' title="bbox 330 3552 1911 3635">
     <span class='ocr_line' id='line_1_66' title="bbox 330 3552 1911 3635; baseline 0.001 -21"><span class='ocrx_word' id='word_1_478' title='bbox 330 3561 575 3631; x_wconf 83' lang='grc' dir='ltr'><em>εὐτρεπῆ</em></span> <span class='ocrx_word' id='word_1_479' title='bbox 642 3564 757 3623; x_wconf 85' lang='grc' dir='ltr'><em>τοῖς</em></span> <span class='ocrx_word' id='word_1_480' title='bbox 811 3552 1673 3632; x_wconf 53' lang='grc' dir='ltr'><em>ἐπιταχθησομένοιςὍπάρχειν,</em></span> <span class='ocrx_word' id='word_1_481' title='bbox 1725 3564 1911 3635; x_wconf 81' lang='grc' dir='ltr'><em>ἐπειδὴ</em></span> 
     </span>
    </p>
   </div>
   <div class='ocr_carea' id='block_1_67' title="bbox 332 3651 1913 3725">
    <p class='ocr_par' dir='ltr' id='par_1_67' title="bbox 332 3651 1913 3725">
     <span class='ocr_line' id='line_1_67' title="bbox 332 3651 1913 3725; baseline -0.001 -19"><span class='ocrx_word' id='word_1_482' title='bbox 332 3653 528 3725; x_wconf 87' lang='grc' dir='ltr'><em>μέλλει</em></span> <span class='ocrx_word' id='word_1_483' title='bbox 559 3652 702 3706; x_wconf 86' lang='grc' dir='ltr'><em>κατὰ</em></span> <span class='ocrx_word' id='word_1_484' title='bbox 748 3651 846 3722; x_wconf 75' lang='grc' dir='ltr'><em>τὴν</em></span> <span class='ocrx_word' id='word_1_485' title='bbox 877 3651 1169 3722; x_wconf 84' lang='grc' dir='ltr'><em>ὑστεραίαν</em></span> <span class='ocrx_word' id='word_1_486' title='bbox 1204 3653 1282 3714; x_wconf 78' lang='grc' dir='ltr'><em>εἰς</em></span> <span class='ocrx_word' id='word_1_487' title='bbox 1311 3651 1468 3722; x_wconf 81' lang='grc' dir='ltr'><em>τήνδε</em></span> <span class='ocrx_word' id='word_1_488' title='bbox 1500 3652 1594 3720; x_wconf 80' lang='grc' dir='ltr'><em>τὴν</em></span> <span class='ocrx_word' id='word_1_489' title='bbox 1635 3651 1788 3704; x_wconf 82' lang='grc' dir='ltr'><em>πόλιν</em></span> <span class='ocrx_word' id='word_1_490' title='bbox 1817 3669 1913 3704; x_wconf 81' lang='grc' dir='ltr'><em>τυ·</em></span> 
     </span>
    </p>
   </div>
   <div class='ocr_carea' id='block_1_68' title="bbox 329 3742 1913 3815">
    <p class='ocr_par' dir='ltr' id='par_1_68' title="bbox 329 3742 1913 3815">
     <span class='ocr_line' id='line_1_68' title="bbox 329 3742 1913 3815; baseline -0.001 -19"><span class='ocrx_word' id='word_1_491' title='bbox 329 3747 430 3815; x_wconf 74' lang='grc' dir='ltr'><em>χόν</em></span> <span class='ocrx_word' id='word_1_492' title='bbox 457 3745 491 3815; x_wconf 81' lang='grc' dir='ltr'><strong>ἢ</strong></span> <span class='ocrx_word' id='word_1_493' title='bbox 518 3744 678 3813; x_wconf 79' lang='grc' dir='ltr'><em>τήνδε</em></span> <span class='ocrx_word' id='word_1_494' title='bbox 703 3743 802 3813; x_wconf 78' lang='grc' dir='ltr'><em>τὴν</em></span> <span class='ocrx_word' id='word_1_495' title='bbox 838 3742 1020 3813; x_wconf 84' lang='grc' dir='ltr'><em>χώραν</em></span> <span class='ocrx_word' id='word_1_496' title='bbox 1056 3742 1367 3811; x_wconf 81' lang='grc' dir='ltr'><em>ἐκπέμπειν</em></span> <span class='ocrx_word' id='word_1_497' title='bbox 1386 3757 1398 3770; x_wconf 87' lang='grc'><em>’</em></span> <span class='ocrx_word' id='word_1_498' title='bbox 1434 3742 1674 3795; x_wconf 77' lang='grc' dir='ltr'><em>τοιοῦτόν</em></span> <span class='ocrx_word' id='word_1_499' title='bbox 1698 3760 1751 3795; x_wconf 91' lang='grc' dir='ltr'><strong>τι</strong></span> <span class='ocrx_word' id='word_1_500' title='bbox 1780 3744 1913 3795; x_wconf 82' lang='grc' dir='ltr'><strong>ὑπο-</strong></span> 
     </span>
    </p>
   </div>
   <div class='ocr_carea' id='block_1_69' title="bbox 325 3836 1912 3906">
    <p class='ocr_par' dir='ltr' id='par_1_69' title="bbox 325 3836 1912 3906">
     <span class='ocr_line' id='line_1_69' title="bbox 325 3836 1912 3906; baseline -0.002 -17"><span class='ocrx_word' id='word_1_501' title='bbox 325 3837 541 3890; x_wconf 81' lang='grc' dir='ltr'><em>τίθεται</em></span> <span class='ocrx_word' id='word_1_502' title='bbox 560 3838 690 3906; x_wconf 80' lang='grc' dir='ltr'><em>ἡμῖν</em></span> <span class='ocrx_word' id='word_1_503' title='bbox 720 3836 814 3888; x_wconf 87' lang='grc' dir='ltr'><strong>καὶ</strong></span> <span class='ocrx_word' id='word_1_504' title='bbox 845 3836 927 3888; x_wconf 84' lang='grc' dir='ltr'><strong>ὅδε</strong></span> <span class='ocrx_word' id='word_1_505' title='bbox 954 3837 981 3887; x_wconf 88' lang='grc' dir='ltr'>ὁ</span> <span class='ocrx_word' id='word_1_506' title='bbox 1010 3836 1165 3904; x_wconf 82' lang='grc' dir='ltr'><em>λόγος</em></span> <span class='ocrx_word' id='word_1_507' title='bbox 1188 3836 1409 3900; x_wconf 84' lang='grc' dir='ltr'><em>ἐννοεῖν,</em></span> <span class='ocrx_word' id='word_1_508' title='bbox 1434 3836 1513 3888; x_wconf 84' lang='grc' dir='ltr'><em>ὅτι</em></span> <span class='ocrx_word' id='word_1_509' title='bbox 1563 3836 1638 3887; x_wconf 81' lang='grc' dir='ltr'><em>υύ</em></span> <span class='ocrx_word' id='word_1_510' title='bbox 1664 3836 1912 3904; x_wconf 82' lang='grc' dir='ltr'><em>ποιήσεις</em></span> 
     </span>
    </p>
   </div>
   <div class='ocr_carea' id='block_1_70' title="bbox 325 3925 1911 3998">
    <p class='ocr_par' dir='ltr' id='par_1_70' title="bbox 325 3925 1911 3998">
     <span class='ocr_line' id='line_1_70' title="bbox 325 3925 1911 3998; baseline -0.002 -15"><span class='ocrx_word' id='word_1_511' title='bbox 325 3946 383 3983; x_wconf 83' lang='grc' dir='ltr'><strong>τι</strong></span> <span class='ocrx_word' id='word_1_512' title='bbox 440 3930 568 3982; x_wconf 79' lang='grc' dir='ltr'><em>ἄνευ</em></span> <span class='ocrx_word' id='word_1_513' title='bbox 621 3928 721 3998; x_wconf 79' lang='grc' dir='ltr'><em>τῆς</em></span> <span class='ocrx_word' id='word_1_514' title='bbox 773 3929 912 3998; x_wconf 80' lang='grc' dir='ltr'><em>ἐμῆς</em></span> <span class='ocrx_word' id='word_1_515' title='bbox 971 3926 1346 3998; x_wconf 80' lang='grc' dir='ltr'><em>προστάξεως,</em></span> <span class='ocrx_word' id='word_1_516' title='bbox 1404 3927 1491 3979; x_wconf 81' lang='grc' dir='ltr'><em>ἵνα</em></span> <span class='ocrx_word' id='word_1_517' title='bbox 1546 3926 1690 3998; x_wconf 80' lang='grc' dir='ltr'><em>ἅπερ</em></span> <span class='ocrx_word' id='word_1_518' title='bbox 1749 3925 1911 3989; x_wconf 77' lang='grc' dir='ltr'><em>αὐτὸς</em></span> 
     </span>
    </p>
   </div>
   <div class='ocr_carea' id='block_1_71' title="bbox 325 4018 1909 4090">
    <p class='ocr_par' dir='ltr' id='par_1_71' title="bbox 325 4018 1909 4090">
     <span class='ocr_line' id='line_1_71' title="bbox 325 4018 1909 4090; baseline -0.005 -15"><span class='ocrx_word' id='word_1_519' title='bbox 325 4019 677 4090; x_wconf 83' lang='grc' dir='ltr'><em>ἐντέλλομαι,</em></span> <span class='ocrx_word' id='word_1_520' title='bbox 707 4019 881 4073; x_wconf 73' lang='grc' dir='ltr'><em>ταῦτα</em></span> <span class='ocrx_word' id='word_1_521' title='bbox 912 4022 1077 4089; x_wconf 78' lang='grc' dir='ltr'><em>ποιῇς</em></span> <span class='ocrx_word' id='word_1_522' title='bbox 1101 4019 1193 4071; x_wconf 87' lang='grc' dir='ltr'><strong>καὶ</strong></span> <span class='ocrx_word' id='word_1_523' title='bbox 1223 4018 1543 4090; x_wconf 75' lang='grc' dir='ltr'><em>περιέποιςο</em></span> <span class='ocrx_word' id='word_1_524' title='bbox 1578 4019 1909 4086; x_wconf 86' lang='grc' dir='ltr'><em>προστάττει</em></span> 
     </span>
    </p>
   </div>
   <div class='ocr_carea' id='block_1_72' title="bbox 326 4107 1909 4180">
    <p class='ocr_par' dir='ltr' id='par_1_72' title="bbox 326 4107 1909 4180">
     <span class='ocr_line' id='line_1_72' title="bbox 326 4107 1909 4180; baseline 0.005 -18"><span class='ocrx_word' id='word_1_525' title='bbox 326 4110 463 4180; x_wconf 76' lang='grc' dir='ltr'><em>γοῦν</em></span> <span class='ocrx_word' id='word_1_526' title='bbox 524 4109 660 4179; x_wconf 81' lang='grc' dir='ltr'><em>μετὰ</em></span> <span class='ocrx_word' id='word_1_527' title='bbox 706 4109 879 4162; x_wconf 79' lang='grc' dir='ltr'><em>ταῦτα</em></span> <span class='ocrx_word' id='word_1_528' title='bbox 946 4108 1023 4179; x_wconf 81' lang='grc' dir='ltr'><em>τῷ</em></span> <span class='ocrx_word' id='word_1_529' title='bbox 1073 4109 1366 4179; x_wconf 79' lang='grc' dir='ltr'><em>ἱεροφάντῃ</em></span> <span class='ocrx_word' id='word_1_530' title='bbox 1410 4108 1543 4173; x_wconf 79' lang='grc' dir='ltr'><em>Θεὸς</em></span> <span class='ocrx_word' id='word_1_531' title='bbox 1579 4109 1679 4179; x_wconf 80' lang='grc' dir='ltr'><em>τήν</em></span> <span class='ocrx_word' id='word_1_532' title='bbox 1705 4124 1762 4159; x_wconf 86' lang='grc' dir='ltr'><strong>τε</strong></span> <span class='ocrx_word' id='word_1_533' title='bbox 1807 4107 1909 4177; x_wconf 77' lang='grc' dir='ltr'><em>τῆς</em></span> 
     </span>
    </p>
   </div>
   <div class='ocr_carea' id='block_1_73' title="bbox 329 4196 1909 4273">
    <p class='ocr_par' dir='ltr' id='par_1_73' title="bbox 329 4196 1909 4273">
     <span class='ocr_line' id='line_1_73' title="bbox 329 4196 1909 4273; baseline -0.002 -16"><span class='ocrx_word' id='word_1_534' title='bbox 329 4204 545 4273; x_wconf 67' lang='grc' dir='ltr'><em>σκηνῆς</em></span> <span class='ocrx_word' id='word_1_535' title='bbox 588 4202 827 4272; x_wconf 75' lang='grc' dir='ltr'><em>ποίησιν,</em></span> <span class='ocrx_word' id='word_1_536' title='bbox 860 4203 954 4254; x_wconf 84' lang='grc' dir='ltr'><strong>καὶ</strong></span> <span class='ocrx_word' id='word_1_537' title='bbox 983 4202 1083 4254; x_wconf 80' lang='grc' dir='ltr'><em>ὅσα</em></span> <span class='ocrx_word' id='word_1_538' title='bbox 1133 4201 1201 4253; x_wconf 74' lang='grc' dir='ltr'><strong>τά</strong></span> <span class='ocrx_word' id='word_1_539' title='bbox 1240 4201 1369 4270; x_wconf 88' lang='grc' dir='ltr'><em>περὶ</em></span> <span class='ocrx_word' id='word_1_540' title='bbox 1405 4200 1604 4269; x_wconf 73' lang='grc' dir='ltr'><em>αὑτήνο</em></span> <span class='ocrx_word' id='word_1_541' title='bbox 1654 4202 1686 4268; x_wconf 83' lang='grc' dir='ltr'>ἡ</span> <span class='ocrx_word' id='word_1_542' title='bbox 1735 4200 1792 4253; x_wconf 82' lang='grc' dir='ltr'><strong>δὲ</strong></span> <span class='ocrx_word' id='word_1_543' title='bbox 1841 4196 1909 4272; x_wconf 82' lang='grc' dir='ltr'><em>ἦν</em></span> 
     </span>
    </p>
   </div>
   <div class='ocr_carea' id='block_1_74' title="bbox 328 4287 1910 4361">
    <p class='ocr_par' dir='ltr' id='par_1_74' title="bbox 328 4287 1910 4361">
     <span class='ocr_line' id='line_1_74' title="bbox 328 4287 1910 4361; baseline -0.001 -18"><span class='ocrx_word' id='word_1_544' title='bbox 328 4293 445 4344; x_wconf 85' lang='grc' dir='ltr'><em>τῶν</em></span> <span class='ocrx_word' id='word_1_545' title='bbox 483 4290 1068 4361; x_wconf 78' lang='grc' dir='ltr'><em>παραπετασμάτωνή</em></span> <span class='ocrx_word' id='word_1_546' title='bbox 1105 4288 1390 4358; x_wconf 83' lang='grc' dir='ltr'><em>διασκευὴ,</em></span> <span class='ocrx_word' id='word_1_547' title='bbox 1420 4287 1707 4360; x_wconf 80' lang='grc' dir='ltr'><em>Χερουϐὶμ</em></span> <span class='ocrx_word' id='word_1_548' title='bbox 1742 4289 1910 4359; x_wconf 87' lang='grc' dir='ltr'><em>ἐργα-</em></span> 
     </span>
    </p>
   </div>
   <div class='ocr_carea' id='block_1_75' title="bbox 330 4378 1909 4450">
    <p class='ocr_par' dir='ltr' id='par_1_75' title="bbox 330 4378 1909 4450">
     <span class='ocr_line' id='line_1_75' title="bbox 330 4378 1909 4450; baseline -0.003 -14"><span class='ocrx_word' id='word_1_549' title='bbox 330 4384 428 4436; x_wconf 81' lang='grc' dir='ltr'><strong>σία</strong></span> <span class='ocrx_word' id='word_1_550' title='bbox 476 4381 737 4443; x_wconf 86' lang='grc' dir='ltr'><em>ποικίλως</em></span> <span class='ocrx_word' id='word_1_551' title='bbox 767 4381 1180 4450; x_wconf 82' lang='grc' dir='ltr'><em>ἐξυφασμένων,</em></span> <span class='ocrx_word' id='word_1_552' title='bbox 1226 4381 1302 4433; x_wconf 84' lang='grc' dir='ltr'><strong><em>Τὰ</em></strong></span> <span class='ocrx_word' id='word_1_553' title='bbox 1352 4378 1419 4431; x_wconf 80' lang='grc' dir='ltr'><strong>δὲ</strong></span> <span class='ocrx_word' id='word_1_554' title='bbox 1448 4379 1600 4449; x_wconf 82' lang='grc' dir='ltr'><em>ὑπὲρ</em></span> <span class='ocrx_word' id='word_1_555' title='bbox 1650 4379 1765 4446; x_wconf 78' lang='grc' dir='ltr'><em>τὴν</em></span> <span class='ocrx_word' id='word_1_556' title='bbox 1813 4380 1909 4431; x_wconf 74' lang='grc' dir='ltr'><em>ἐν·</em></span> 
     </span>
    </p>
   </div>
   <div class='ocr_carea' id='block_1_76' title="bbox 327 4465 1908 4536">
    <p class='ocr_par' dir='ltr' id='par_1_76' title="bbox 327 4465 1908 4536">
     <span class='ocr_line' id='line_1_76' title="bbox 327 4465 1908 4536; baseline -0.003 -13"><span class='ocrx_word' id='word_1_557' title='bbox 327 4470 523 4524; x_wconf 79' lang='grc' dir='ltr'><em>ταῦθα</em></span> <span class='ocrx_word' id='word_1_558' title='bbox 557 4466 841 4533; x_wconf 79' lang='grc' dir='ltr'><em>κιϐωτὸν,</em></span> <span class='ocrx_word' id='word_1_559' title='bbox 891 4468 1023 4520; x_wconf 81' lang='grc' dir='ltr'><em>τίνα</em></span> <span class='ocrx_word' id='word_1_560' title='bbox 1060 4465 1361 4535; x_wconf 60' lang='lat' dir='ltr'><strong>natricem;</strong></span> <span class='ocrx_word' id='word_1_561' title='bbox 1407 4468 1562 4536; x_wconf 78' lang='grc' dir='ltr'><em>φησὶ,</em></span> <span class='ocrx_word' id='word_1_562' title='bbox 1620 4466 1908 4536; x_wconf 74' lang='grc' dir='ltr'><em>Χερουϐὶμ</em></span> 
     </span>
    </p>
   </div>
   <div class='ocr_carea' id='block_1_77' title="bbox 326 4553 1906 4627">
    <p class='ocr_par' dir='ltr' id='par_1_77' title="bbox 326 4553 1906 4627">
     <span class='ocr_line' id='line_1_77' title="bbox 326 4553 1906 4627; baseline -0.003 -16"><span class='ocrx_word' id='word_1_563' title='bbox 326 4554 535 4627; x_wconf 78' lang='grc' dir='ltr'><em>χρυσᾶ</em></span> <span class='ocrx_word' id='word_1_564' title='bbox 568 4554 843 4624; x_wconf 80' lang='grc' dir='ltr'><em>τορευτά.</em></span> <span class='ocrx_word' id='word_1_565' title='bbox 869 4555 981 4608; x_wconf 79' lang='grc' dir='ltr'><em>Καὶ</em></span> <span class='ocrx_word' id='word_1_566' title='bbox 1007 4554 1129 4606; x_wconf 79' lang='grc' dir='ltr'><strong>ούδέ</strong></span> <span class='ocrx_word' id='word_1_567' title='bbox 1164 4553 1387 4616; x_wconf 80' lang='grc' dir='ltr'><em>εἰκόνας</em></span> <span class='ocrx_word' id='word_1_568' title='bbox 1413 4554 1699 4624; x_wconf 79' lang='grc' dir='ltr'><em>Χερουϐὶμ</em></span> <span class='ocrx_word' id='word_1_569' title='bbox 1737 4572 1906 4626; x_wconf 81' lang='grc' dir='ltr'><em>προσ-</em></span> 
     </span>
    </p>
   </div>
   <div class='ocr_carea' id='block_1_78' title="bbox 325 4643 1905 4720">
    <p class='ocr_par' dir='ltr' id='par_1_78' title="bbox 325 4643 1905 4720">
     <span class='ocr_line' id='line_1_78' title="bbox 325 4643 1905 4720; baseline -0.001 -21"><span class='ocrx_word' id='word_1_570' title='bbox 325 4646 609 4717; x_wconf 86' lang='grc' dir='ltr'><em>αγορεύει,</em></span> <span class='ocrx_word' id='word_1_571' title='bbox 630 4646 775 4699; x_wconf 74' lang='grc' dir='ltr'><em>ἀλλὰ</em></span> <span class='ocrx_word' id='word_1_572' title='bbox 800 4643 1085 4715; x_wconf 77' lang='grc' dir='ltr'><em>Χερουϐὶμ</em></span> <span class='ocrx_word' id='word_1_573' title='bbox 1106 4643 1415 4713; x_wconf 84' lang='grc' dir='ltr'><em>ὁμωνύμως</em></span> <span class='ocrx_word' id='word_1_574' title='bbox 1444 4648 1563 4720; x_wconf 83' lang='grc' dir='ltr'><em>ταῖς</em></span> <span class='ocrx_word' id='word_1_575' title='bbox 1598 4644 1905 4710; x_wconf 85' lang='grc' dir='ltr'><em>θειοτάταις</em></span> 
     </span>
    </p>
   </div>
   <div class='ocr_carea' id='block_1_79' title="bbox 328 4734 1899 4808">
    <p class='ocr_par' dir='ltr' id='par_1_79' title="bbox 328 4734 1899 4808">
     <span class='ocr_line' id='line_1_79' title="bbox 328 4734 1899 4808; baseline -0.002 -17"><span class='ocrx_word' id='word_1_576' title='bbox 328 4739 428 4792; x_wconf 84' lang='grc' dir='ltr'><strong>καὶ</strong></span> <span class='ocrx_word' id='word_1_577' title='bbox 452 4737 846 4807; x_wconf 87' lang='grc' dir='ltr'><em>ύπερκοσμίοις</em></span> <span class='ocrx_word' id='word_1_578' title='bbox 874 4736 1084 4798; x_wconf 79' lang='grc' dir='ltr'><em>οὐσίαις</em></span> <span class='ocrx_word' id='word_1_579' title='bbox 1104 4752 1118 4766; x_wconf 77' lang='grc' dir='ltr'><strong><em>ο</em></strong></span> <span class='ocrx_word' id='word_1_580' title='bbox 1148 4735 1242 4788; x_wconf 85' lang='grc' dir='ltr'><strong>καὶ</strong></span> <span class='ocrx_word' id='word_1_581' title='bbox 1270 4734 1298 4787; x_wconf 81' lang='grc' dir='ltr'><strong>ὃ</strong></span> <span class='ocrx_word' id='word_1_582' title='bbox 1344 4736 1408 4806; x_wconf 84' lang='grc' dir='ltr'><strong>δὴ</strong></span> <span class='ocrx_word' id='word_1_583' title='bbox 1442 4735 1899 4808; x_wconf 81' lang='grc' dir='ltr'><em>θαυμαστότερον,</em></span> 
     </span>
    </p>
   </div>
   <div class='ocr_carea' id='block_1_80' title="bbox 324 4824 1908 4897">
    <p class='ocr_par' dir='ltr' id='par_1_80' title="bbox 324 4824 1908 4897">
     <span class='ocr_line' id='line_1_80' title="bbox 324 4824 1908 4897; baseline -0.001 -15"><span class='ocrx_word' id='word_1_584' title='bbox 324 4830 414 4882; x_wconf 78' lang='grc' dir='ltr'><em>ὃτι</em></span> <span class='ocrx_word' id='word_1_585' title='bbox 456 4826 716 4892; x_wconf 87' lang='grc' dir='ltr'><em>Ἐκεῖθεν,</em></span> <span class='ocrx_word' id='word_1_586' title='bbox 749 4829 902 4897; x_wconf 77' lang='grc' dir='ltr'><em>φησὶ,</em></span> <span class='ocrx_word' id='word_1_587' title='bbox 943 4824 1330 4896; x_wconf 85' lang='grc' dir='ltr'><em>γνωσθήσομαί</em></span> <span class='ocrx_word' id='word_1_588' title='bbox 1375 4842 1480 4879; x_wconf 90' lang='grc' dir='ltr'><em>σοι.</em></span> <span class='ocrx_word' id='word_1_589' title='bbox 1527 4826 1671 4880; x_wconf 86' lang='grc' dir='ltr'><em>Τίδέ</em></span> <span class='ocrx_word' id='word_1_590' title='bbox 1705 4826 1908 4895; x_wconf 83' lang='grc' dir='ltr'><em>ἐνδοξό-</em></span> 
     </span>
    </p>
   </div>
   <div class='ocr_carea' id='block_1_81' title="bbox 323 4916 1899 4990">
    <p class='ocr_par' dir='ltr' id='par_1_81' title="bbox 323 4916 1899 4990">
     <span class='ocr_line' id='line_1_81' title="bbox 323 4916 1899 4990; baseline -0.001 -17"><span class='ocrx_word' id='word_1_591' title='bbox 323 4919 550 4990; x_wconf 77' lang='grc' dir='ltr'><em>τερονῆ</em></span> <span class='ocrx_word' id='word_1_592' title='bbox 598 4917 948 4988; x_wconf 76' lang='grc' dir='ltr'><em>τιμιώτερον,</em></span> <span class='ocrx_word' id='word_1_593' title='bbox 980 4917 1104 4971; x_wconf 85' lang='grc' dir='ltr'><em>ὅθεν</em></span> <span class='ocrx_word' id='word_1_594' title='bbox 1153 4916 1272 4970; x_wconf 87' lang='grc' dir='ltr'><em>θεία</em></span> <span class='ocrx_word' id='word_1_595' title='bbox 1318 4918 1615 4986; x_wconf 77' lang='grc' dir='ltr'><em>ἐπιφάνεια</em></span> <span class='ocrx_word' id='word_1_596' title='bbox 1661 4918 1899 4987; x_wconf 89' lang='grc' dir='ltr'><em>γίνεται;</em></span> 
     </span>
    </p>
   </div>
   <div class='ocr_carea' id='block_1_82' title="bbox 324 5002 1902 5078">
    <p class='ocr_par' dir='ltr' id='par_1_82' title="bbox 324 5002 1902 5078">
     <span class='ocr_line' id='line_1_82' title="bbox 324 5002 1902 5078; baseline -0.001 -15"><span class='ocrx_word' id='word_1_597' title='bbox 324 5007 707 5076; x_wconf 78' lang='grc' dir='ltr'><em>δεδοξασμένα-</em></span> <span class='ocrx_word' id='word_1_598' title='bbox 731 5007 788 5060; x_wconf 84' lang='grc' dir='ltr'><strong>δέ</strong></span> <span class='ocrx_word' id='word_1_599' title='bbox 817 5010 911 5059; x_wconf 88' lang='grc' dir='ltr'><strong>καὶ</strong></span> <span class='ocrx_word' id='word_1_600' title='bbox 939 5002 1007 5077; x_wconf 79' lang='grc' dir='ltr'><em>ἦν</em></span> <span class='ocrx_word' id='word_1_601' title='bbox 1041 5008 1128 5060; x_wconf 84' lang='grc' dir='ltr'><strong>καὶ</strong></span> <span class='ocrx_word' id='word_1_602' title='bbox 1161 5006 1387 5075; x_wconf 88' lang='grc' dir='ltr'><em>ἐλέγετο</em></span> <span class='ocrx_word' id='word_1_603' title='bbox 1418 5008 1560 5078; x_wconf 84' lang='grc' dir='ltr'><em>μετὰ</em></span> <span class='ocrx_word' id='word_1_604' title='bbox 1596 5008 1703 5061; x_wconf 86' lang='grc' dir='ltr'><em>τῶν</em></span> <span class='ocrx_word' id='word_1_605' title='bbox 1726 5008 1902 5062; x_wconf 78' lang='grc' dir='ltr'><em>ἄλλων</em></span> 
     </span>
    </p>
   </div>
   <div class='ocr_carea' id='block_1_83' title="bbox 322 5098 1902 5172">
    <p class='ocr_par' dir='ltr' id='par_1_83' title="bbox 322 5098 1902 5172">
     <span class='ocr_line' id='line_1_83' title="bbox 322 5098 1902 5172; baseline -0.002 -17"><span class='ocrx_word' id='word_1_606' title='bbox 322 5101 435 5156; x_wconf 84' lang='grc' dir='ltr'><em>τῶν</em></span> <span class='ocrx_word' id='word_1_607' title='bbox 459 5104 516 5153; x_wconf 85' lang='grc' dir='ltr'><strong>ἐν</strong></span> <span class='ocrx_word' id='word_1_608' title='bbox 543 5104 609 5172; x_wconf 81' lang='grc' dir='ltr'><em>τῇ</em></span> <span class='ocrx_word' id='word_1_609' title='bbox 640 5103 812 5169; x_wconf 82' lang='grc' dir='ltr'><em>σκηνῇ</em></span> <span class='ocrx_word' id='word_1_610' title='bbox 839 5099 1118 5164; x_wconf 81' lang='grc' dir='ltr'><em>τοσοῦτον,</em></span> <span class='ocrx_word' id='word_1_611' title='bbox 1146 5100 1227 5153; x_wconf 78' lang='grc' dir='ltr'><em>ὅτι</em></span> <span class='ocrx_word' id='word_1_612' title='bbox 1255 5100 1316 5153; x_wconf 86' lang='grc' dir='ltr'><em>ού</em></span> <span class='ocrx_word' id='word_1_613' title='bbox 1354 5098 1505 5169; x_wconf 77' lang='grc' dir='ltr'><em>παρὰ</em></span> <span class='ocrx_word' id='word_1_614' title='bbox 1527 5100 1718 5153; x_wconf 88' lang='grc' dir='ltr'><em>Μωσεῖ</em></span> <span class='ocrx_word' id='word_1_615' title='bbox 1743 5100 1902 5169; x_wconf 89' lang='grc' dir='ltr'><em>μόνον</em></span> 
     </span>
    </p>
   </div>
   <div class='ocr_carea' id='block_1_84' title="bbox 323 5191 1903 5262">
    <p class='ocr_par' dir='ltr' id='par_1_84' title="bbox 323 5191 1903 5262">
     <span class='ocr_line' id='line_1_84' title="bbox 323 5191 1903 5262; baseline -0.001 -15"><span class='ocrx_word' id='word_1_616' title='bbox 323 5194 424 5247; x_wconf 85' lang='grc' dir='ltr'><strong>καὶ</strong></span> <span class='ocrx_word' id='word_1_617' title='bbox 454 5193 729 5256; x_wconf 80' lang='grc' dir='ltr'><em>Ἰουδαίοις</em></span> <span class='ocrx_word' id='word_1_618' title='bbox 752 5193 1056 5262; x_wconf 80' lang='grc' dir='ltr'><em>τηνικαῦτα</em></span> <span class='ocrx_word' id='word_1_619' title='bbox 1068 5191 1402 5256; x_wconf 78' lang='grc' dir='ltr'><em>δεδόξασται,</em></span> <span class='ocrx_word' id='word_1_620' title='bbox 1427 5191 1567 5245; x_wconf 80' lang='grc' dir='ltr'><em>ἀλλὰ</em></span> <span class='ocrx_word' id='word_1_621' title='bbox 1585 5194 1680 5245; x_wconf 87' lang='grc' dir='ltr'><strong>καὶ</strong></span> <span class='ocrx_word' id='word_1_622' title='bbox 1704 5193 1903 5262; x_wconf 86' lang='grc' dir='ltr'><em>Παύλῳ</em></span> 
     </span>
    </p>
   </div>
   <div class='ocr_carea' id='block_1_85' title="bbox 323 5285 1904 5357">
    <p class='ocr_par' dir='ltr' id='par_1_85' title="bbox 323 5285 1904 5357">
     <span class='ocr_line' id='line_1_85' title="bbox 323 5285 1904 5357; baseline -0.002 -15"><span class='ocrx_word' id='word_1_623' title='bbox 323 5285 481 5357; x_wconf 83' lang='grc' dir='ltr'><em>αύτῴ</em></span> <span class='ocrx_word' id='word_1_624' title='bbox 502 5286 579 5357; x_wconf 81' lang='grc' dir='ltr'><em>τῷ</em></span> <span class='ocrx_word' id='word_1_625' title='bbox 606 5287 705 5356; x_wconf 79' lang='grc' dir='ltr'><em>τῆς</em></span> <span class='ocrx_word' id='word_1_626' title='bbox 735 5287 959 5356; x_wconf 79' lang='grc' dir='ltr'><em>χάριτος</em></span> <span class='ocrx_word' id='word_1_627' title='bbox 989 5287 1216 5356; x_wconf 72' lang='grc' dir='ltr'><em>κήρυκι*</em></span> <span class='ocrx_word' id='word_1_628' title='bbox 1244 5286 1339 5338; x_wconf 87' lang='grc' dir='ltr'><strong>καί</strong></span> <span class='ocrx_word' id='word_1_629' title='bbox 1369 5302 1431 5353; x_wconf 90' lang='grc' dir='ltr'><strong>γε</strong></span> <span class='ocrx_word' id='word_1_630' title='bbox 1458 5285 1550 5337; x_wconf 88' lang='grc' dir='ltr'><strong>καὶ</strong></span> <span class='ocrx_word' id='word_1_631' title='bbox 1577 5285 1904 5357; x_wconf 85' lang='grc' dir='ltr'><em>σεμνότερόν</em></span> 
     </span>
    </p>
   </div>
   <div class='ocr_carea' id='block_1_86' title="bbox 322 5377 1905 5450">
    <p class='ocr_par' dir='ltr' id='par_1_86' title="bbox 322 5377 1905 5450">
     <span class='ocr_line' id='line_1_86' title="bbox 322 5377 1905 5450; baseline -0.002 -14"><span class='ocrx_word' id='word_1_632' title='bbox 322 5398 445 5443; x_wconf 75' lang='grc' dir='ltr'><strong>πως</strong></span> <span class='ocrx_word' id='word_1_633' title='bbox 482 5379 637 5432; x_wconf 82' lang='grc' dir='ltr'><em>καλεῖ</em></span> <span class='ocrx_word' id='word_1_634' title='bbox 672 5378 959 5450; x_wconf 75' lang='grc' dir='ltr'><em>Χερουϐὶμ</em></span> <span class='ocrx_word' id='word_1_635' title='bbox 1012 5377 1173 5447; x_wconf 78' lang='grc' dir='ltr'><em>δόξης</em></span> <span class='ocrx_word' id='word_1_636' title='bbox 1226 5378 1671 5443; x_wconf 73' lang='grc' dir='ltr'><em>κατασκιάζοντα</em></span> <span class='ocrx_word' id='word_1_637' title='bbox 1702 5379 1763 5432; x_wconf 79' lang='grc' dir='ltr'><em>τὸ</em></span> <span class='ocrx_word' id='word_1_638' title='bbox 1797 5378 1905 5433; x_wconf 84' lang='grc' dir='ltr'><em>ἱλα-</em></span> 
     </span>
    </p>
   </div>
   <div class='ocr_carea' id='block_1_87' title="bbox 325 5465 1896 5545">
    <p class='ocr_par' dir='ltr' id='par_1_87' title="bbox 325 5465 1896 5545">
     <span class='ocr_line' id='line_1_87' title="bbox 325 5465 1896 5545; baseline 0.001 -19"><span class='ocrx_word' id='word_1_639' title='bbox 325 5475 585 5545; x_wconf 73' lang='grc' dir='ltr'><em>στήριον*</em></span> <span class='ocrx_word' id='word_1_640' title='bbox 628 5473 757 5542; x_wconf 84' lang='grc' dir='ltr'><em>περὶ</em></span> <span class='ocrx_word' id='word_1_641' title='bbox 797 5465 872 5525; x_wconf 85' lang='grc' dir='ltr'><em>ὧν</em></span> <span class='ocrx_word' id='word_1_642' title='bbox 922 5474 980 5524; x_wconf 86' lang='grc' dir='ltr'><strong>ἐν</strong></span> <span class='ocrx_word' id='word_1_643' title='bbox 1025 5472 1240 5542; x_wconf 84' lang='grc' dir='ltr'><em>ἑτέροις</em></span> <span class='ocrx_word' id='word_1_644' title='bbox 1284 5469 1626 5542; x_wconf 87' lang='grc' dir='ltr'><em>πλατύτερον</em></span> <span class='ocrx_word' id='word_1_645' title='bbox 1662 5473 1896 5543; x_wconf 77' lang='grc' dir='ltr'><em>εἴρηται.</em></span> 
     </span>
    </p>
   </div>
   <div class='ocr_carea' id='block_1_88' title="bbox 320 5562 1896 5638">
    <p class='ocr_par' dir='ltr' id='par_1_88' title="bbox 320 5562 1896 5638">
     <span class='ocr_line' id='line_1_88' title="bbox 320 5562 1896 5638; baseline 0.006 -27"><span class='ocrx_word' id='word_1_646' title='bbox 320 5566 473 5638; x_wconf 73' lang='grc' dir='ltr'><em>Πρὸς</em></span> <span class='ocrx_word' id='word_1_647' title='bbox 500 5565 557 5620; x_wconf 85' lang='grc' dir='ltr'><em>δέ</em></span> <span class='ocrx_word' id='word_1_648' title='bbox 582 5581 647 5633; x_wconf 88' lang='grc' dir='ltr'><strong>γε</strong></span> <span class='ocrx_word' id='word_1_649' title='bbox 674 5568 789 5627; x_wconf 83' lang='grc' dir='ltr'><em>τοῖς</em></span> <span class='ocrx_word' id='word_1_650' title='bbox 825 5562 1158 5635; x_wconf 81' lang='grc' dir='ltr'><em>εἰρημένοις,</em></span> <span class='ocrx_word' id='word_1_651' title='bbox 1197 5562 1291 5616; x_wconf 87' lang='grc' dir='ltr'><strong>καὶ</strong></span> <span class='ocrx_word' id='word_1_652' title='bbox 1314 5562 1572 5633; x_wconf 85' lang='grc' dir='ltr'><em>ἀλλαχόθι</em></span> <span class='ocrx_word' id='word_1_653' title='bbox 1598 5564 1739 5617; x_wconf 79' lang='grc' dir='ltr'><em>κατὰ</em></span> <span class='ocrx_word' id='word_1_654' title='bbox 1767 5567 1896 5631; x_wconf 81' lang='grc' dir='ltr'><em>τοὺς</em></span> 
     </span>
    </p>
   </div>
   <div class='ocr_carea' id='block_1_89' title="bbox 2016 3384 3582 3451">
    <p class='ocr_par' dir='ltr' id='par_1_89' title="bbox 2016 3384 3582 3451">
     <span class='ocr_line' id='line_1_89' title="bbox 2016 3384 3582 3451; baseline 0.013 -20"><span class='ocrx_word' id='word_1_655' title='bbox 2016 3394 2119 3431; x_wconf 89' lang='lat' dir='ltr'><strong>non</strong></span> <span class='ocrx_word' id='word_1_656' title='bbox 2156 3390 2333 3448; x_wconf 80' lang='lat' dir='ltr'><strong>exeat,</strong></span> <span class='ocrx_word' id='word_1_657' title='bbox 2367 3397 2540 3450; x_wconf 86' lang='lat' dir='ltr'><strong>neque</strong></span> <span class='ocrx_word' id='word_1_658' title='bbox 2580 3385 2635 3438; x_wconf 90' lang='lat' dir='ltr'><strong>in</strong></span> <span class='ocrx_word' id='word_1_659' title='bbox 2664 3384 2782 3441; x_wconf 81' lang='lat' dir='ltr'><strong>foro</strong></span> <span class='ocrx_word' id='word_1_660' title='bbox 2813 3390 3091 3445; x_wconf 83' lang='lat' dir='ltr'><strong>consistat.</strong></span> <span class='ocrx_word' id='word_1_661' title='bbox 3131 3389 3255 3446; x_wconf 74' lang='lat' dir='ltr'><strong>Vult</strong></span> <span class='ocrx_word' id='word_1_662' title='bbox 3280 3396 3421 3448; x_wconf 88' lang='lat' dir='ltr'><strong>enim</strong></span> <span class='ocrx_word' id='word_1_663' title='bbox 3461 3411 3582 3451; x_wconf 89' lang='lat' dir='ltr'><strong>ser-</strong></span> 
     </span>
    </p>
   </div>
   <div class='ocr_carea' id='block_1_90' title="bbox 2015 3471 3581 3558">
    <p class='ocr_par' dir='ltr' id='par_1_90' title="bbox 2015 3471 3581 3558">
     <span class='ocr_line' id='line_1_90' title="bbox 2015 3471 3581 3558; baseline 0.014 -40"><span class='ocrx_word' id='word_1_664' title='bbox 2015 3484 2137 3522; x_wconf 89' lang='lat' dir='ltr'><strong>vum</strong></span> <span class='ocrx_word' id='word_1_665' title='bbox 2192 3471 2340 3524; x_wconf 89' lang='lat' dir='ltr'><strong>illum</strong></span> <span class='ocrx_word' id='word_1_666' title='bbox 2401 3488 2628 3529; x_wconf 85' lang='lat' dir='ltr'><strong>vacuum</strong></span> <span class='ocrx_word' id='word_1_667' title='bbox 2673 3488 3027 3549; x_wconf 85' lang='lat' dir='ltr'><strong>paratumque</strong></span> <span class='ocrx_word' id='word_1_668' title='bbox 3069 3497 3187 3537; x_wconf 80' lang='lat' dir='ltr'><strong>esse</strong></span> <span class='ocrx_word' id='word_1_669' title='bbox 3239 3486 3304 3537; x_wconf 89' lang='lat' dir='ltr'><strong>ad</strong></span> <span class='ocrx_word' id='word_1_670' title='bbox 3356 3500 3416 3538; x_wconf 88' lang='lat' dir='ltr'><strong>ea</strong></span> <span class='ocrx_word' id='word_1_671' title='bbox 3460 3502 3581 3558; x_wconf 81' lang='lat' dir='ltr'><strong>qua:</strong></span> 
     </span>
    </p>
   </div>
   <div class='ocr_carea' id='block_1_91' title="bbox 2013 3562 3587 3637">
    <p class='ocr_par' dir='ltr' id='par_1_91' title="bbox 2013 3562 3587 3637">
     <span class='ocr_line' id='line_1_91' title="bbox 2013 3562 3587 3637; baseline 0.01 -24"><span class='ocrx_word' id='word_1_672' title='bbox 2013 3569 2197 3629; x_wconf 86' lang='lat' dir='ltr'><strong>postea</strong></span> <span class='ocrx_word' id='word_1_673' title='bbox 2227 3562 2585 3631; x_wconf 79' lang='lat' dir='ltr'><strong>pra-cipienda</strong></span> <span class='ocrx_word' id='word_1_674' title='bbox 2612 3575 2738 3619; x_wconf 88' lang='lat' dir='ltr'><strong>sunt</strong></span> <span class='ocrx_word' id='word_1_675' title='bbox 2775 3584 2787 3620; x_wconf 92' lang='lat'><strong>:</strong></span> <span class='ocrx_word' id='word_1_676' title='bbox 2832 3570 3086 3636; x_wconf 89' lang='lat' dir='ltr'><strong>quoniam</strong></span> <span class='ocrx_word' id='word_1_677' title='bbox 3129 3571 3368 3627; x_wconf 81' lang='lat' dir='ltr'><strong>futurum</strong></span> <span class='ocrx_word' id='word_1_678' title='bbox 3396 3587 3497 3637; x_wconf 76' lang='lat' dir='ltr'><strong>(&#39;Sl,</strong></span> <span class='ocrx_word' id='word_1_679' title='bbox 3529 3586 3587 3629; x_wconf 88' lang='lat' dir='ltr'><strong>ut</strong></span> 
     </span>
    </p>
   </div>
   <div class='ocr_carea' id='block_1_92' title="bbox 2013 3653 3583 3735">
    <p class='ocr_par' dir='ltr' id='par_1_92' title="bbox 2013 3653 3583 3735">
     <span class='ocr_line' id='line_1_92' title="bbox 2013 3653 3583 3735; baseline 0.01 -30"><span class='ocrx_word' id='word_1_680' title='bbox 2013 3655 2250 3706; x_wconf 83' lang='lat' dir='ltr'><strong>crastina</strong></span> <span class='ocrx_word' id='word_1_681' title='bbox 2286 3653 2372 3706; x_wconf 87' lang='lat' dir='ltr'><strong>die</strong></span> <span class='ocrx_word' id='word_1_682' title='bbox 2409 3655 2459 3708; x_wconf 89' lang='lat' dir='ltr'><strong>in</strong></span> <span class='ocrx_word' id='word_1_683' title='bbox 2494 3655 2634 3710; x_wconf 88' lang='lat' dir='ltr'><strong>banc</strong></span> <span class='ocrx_word' id='word_1_684' title='bbox 2684 3657 2872 3711; x_wconf 81' lang='lat' dir='ltr'><strong>urbem</strong></span> <span class='ocrx_word' id='word_1_685' title='bbox 2919 3660 2995 3713; x_wconf 95' lang='lat' dir='ltr'><strong>vel</strong></span> <span class='ocrx_word' id='word_1_686' title='bbox 3035 3660 3086 3714; x_wconf 92' lang='lat' dir='ltr'><strong>in</strong></span> <span class='ocrx_word' id='word_1_687' title='bbox 3128 3663 3266 3724; x_wconf 80' lang='lat' dir='ltr'><strong>hanc</strong></span> <span class='ocrx_word' id='word_1_688' title='bbox 3313 3667 3583 3735; x_wconf 70' lang='lat' dir='ltr'><strong>regionem</strong></span> 
     </span>
    </p>
   </div>
   <div class='ocr_carea' id='block_1_93' title="bbox 2012 3744 3584 3826">
    <p class='ocr_par' dir='ltr' id='par_1_93' title="bbox 2012 3744 3584 3826">
     <span class='ocr_line' id='line_1_93' title="bbox 2012 3744 3584 3826; baseline 0.011 -30"><span class='ocrx_word' id='word_1_689' title='bbox 2012 3756 2133 3796; x_wconf 88' lang='lat' dir='ltr'><strong>eum</strong></span> <span class='ocrx_word' id='word_1_690' title='bbox 2164 3744 2359 3798; x_wconf 85' lang='lat' dir='ltr'><strong>mittat.</strong></span> <span class='ocrx_word' id='word_1_691' title='bbox 2392 3744 2708 3814; x_wconf 84' lang='lat' dir='ltr'><strong>llujusmodi</strong></span> <span class='ocrx_word' id='word_1_692' title='bbox 2740 3749 2941 3818; x_wconf 84' lang='lat' dir='ltr'><strong>aliquid</strong></span> <span class='ocrx_word' id='word_1_693' title='bbox 2969 3754 3208 3821; x_wconf 82' lang='lat' dir='ltr'><strong>suggerit</strong></span> <span class='ocrx_word' id='word_1_694' title='bbox 3262 3758 3415 3810; x_wconf 87' lang='lat' dir='ltr'><strong>nobis</strong></span> <span class='ocrx_word' id='word_1_695' title='bbox 3447 3774 3584 3826; x_wconf 66' lang='lat' dir='ltr'><strong>prae-</strong></span> 
     </span>
    </p>
   </div>
   <div class='ocr_carea' id='block_1_94' title="bbox 2011 3840 3582 3916">
    <p class='ocr_par' dir='ltr' id='par_1_94' title="bbox 2011 3840 3582 3916">
     <span class='ocr_line' id='line_1_94' title="bbox 2011 3840 3582 3916; baseline 0.009 -28"><span class='ocrx_word' id='word_1_696' title='bbox 2011 3848 2136 3888; x_wconf 87' lang='lat' dir='ltr'><strong>sens</strong></span> <span class='ocrx_word' id='word_1_697' title='bbox 2163 3848 2379 3903; x_wconf 89' lang='lat' dir='ltr'><strong>quoque</strong></span> <span class='ocrx_word' id='word_1_698' title='bbox 2400 3851 2583 3891; x_wconf 88' lang='lat' dir='ltr'><strong>sermo</strong></span> <span class='ocrx_word' id='word_1_699' title='bbox 2612 3847 2670 3891; x_wconf 92' lang='lat' dir='ltr'><strong>ut</strong></span> <span class='ocrx_word' id='word_1_700' title='bbox 2693 3840 3025 3909; x_wconf 79' lang='lat' dir='ltr'><strong>cogitemus;</strong></span> <span class='ocrx_word' id='word_1_701' title='bbox 3053 3858 3262 3910; x_wconf 85' lang='lat' dir='ltr'><strong>nempe,</strong></span> <span class='ocrx_word' id='word_1_702' title='bbox 3290 3844 3582 3916; x_wconf 70' lang='lat' dir='ltr'><strong>Sinejussu</strong></span> 
     </span>
    </p>
   </div>
   <div class='ocr_carea' id='block_1_95' title="bbox 2013 3926 3577 4007">
    <p class='ocr_par' dir='ltr' id='par_1_95' title="bbox 2013 3926 3577 4007">
     <span class='ocr_line' id='line_1_95' title="bbox 2013 3926 3577 4007; baseline 0.01 -29"><span class='ocrx_word' id='word_1_703' title='bbox 2013 3939 2134 3980; x_wconf 90' lang='lat' dir='ltr'><strong>meo</strong></span> <span class='ocrx_word' id='word_1_704' title='bbox 2166 3926 2301 3979; x_wconf 84' lang='lat' dir='ltr'><strong>nihil</strong></span> <span class='ocrx_word' id='word_1_705' title='bbox 2351 3926 2540 3987; x_wconf 83' lang='lat' dir='ltr'><strong>iacies.</strong></span> <span class='ocrx_word' id='word_1_706' title='bbox 2578 3940 2633 3982; x_wconf 88' lang='lat' dir='ltr'><strong>ut</strong></span> <span class='ocrx_word' id='word_1_707' title='bbox 2683 3946 2802 3999; x_wconf 76' lang='lat' dir='ltr'><strong>qua:</strong></span> <span class='ocrx_word' id='word_1_708' title='bbox 2843 3933 3057 3986; x_wconf 81' lang='lat' dir='ltr'><strong>domum</strong></span> <span class='ocrx_word' id='word_1_709' title='bbox 3095 3949 3194 4004; x_wconf 80' lang='lat' dir='ltr'><strong>ego</strong></span> <span class='ocrx_word' id='word_1_710' title='bbox 3240 3942 3577 4007; x_wconf 68' lang='lat' dir='ltr'><strong>pra-cipiunt,</strong></span> 
     </span>
    </p>
   </div>
   <div class='ocr_carea' id='block_1_96' title="bbox 2012 4017 3586 4096">
    <p class='ocr_par' dir='ltr' id='par_1_96' title="bbox 2012 4017 3586 4096">
     <span class='ocr_line' id='line_1_96' title="bbox 2012 4017 3586 4096; baseline 0.011 -28"><span class='ocrx_word' id='word_1_711' title='bbox 2012 4030 2142 4086; x_wconf 87' lang='lat' dir='ltr'><strong>agas</strong></span> <span class='ocrx_word' id='word_1_712' title='bbox 2168 4024 2221 4070; x_wconf 86' lang='lat' dir='ltr'><strong>et</strong></span> <span class='ocrx_word' id='word_1_713' title='bbox 2245 4017 2521 4072; x_wconf 79' lang='lat' dir='ltr'><strong>observes.</strong></span> <span class='ocrx_word' id='word_1_714' title='bbox 2555 4018 2777 4076; x_wconf 85' lang='lat' dir='ltr'><strong>Mandat</strong></span> <span class='ocrx_word' id='word_1_715' title='bbox 2822 4035 2942 4092; x_wconf 65' lang='lat' dir='ltr'><strong>post</strong></span> <span class='ocrx_word' id='word_1_716' title='bbox 2998 4026 3113 4080; x_wconf 75' lang='lat' dir='ltr'><strong>haec</strong></span> <span class='ocrx_word' id='word_1_717' title='bbox 3167 4043 3356 4096; x_wconf 80' lang='lat' dir='ltr'><strong>reapse</strong></span> <span class='ocrx_word' id='word_1_718' title='bbox 3406 4031 3586 4085; x_wconf 77' lang='lat' dir='ltr'><strong>hieto-</strong></span> 
     </span>
    </p>
   </div>
   <div class='ocr_carea' id='block_1_97' title="bbox 2011 4105 3581 4189">
    <p class='ocr_par' dir='ltr' id='par_1_97' title="bbox 2011 4105 3581 4189">
     <span class='ocr_line' id='line_1_97' title="bbox 2011 4105 3581 4189; baseline 0.009 -29"><span class='ocrx_word' id='word_1_719' title='bbox 2011 4107 2228 4175; x_wconf 70' lang='lat' dir='ltr'><strong>pbantaz</strong></span> <span class='ocrx_word' id='word_1_720' title='bbox 2262 4105 2404 4163; x_wconf 88' lang='lat' dir='ltr'><strong>Deus</strong></span> <span class='ocrx_word' id='word_1_721' title='bbox 2455 4110 2809 4189; x_wconf 82' lang='lat' dir='ltr'><strong>tabernaculi</strong></span> <span class='ocrx_word' id='word_1_722' title='bbox 2842 4114 3285 4182; x_wconf 59' lang='lat' dir='ltr'><strong>aediﬁcationem,</strong></span> <span class='ocrx_word' id='word_1_723' title='bbox 3341 4130 3395 4172; x_wconf 89' lang='lat' dir='ltr'><strong>et</strong></span> <span class='ocrx_word' id='word_1_724' title='bbox 3428 4135 3581 4187; x_wconf 51' lang='lat' dir='ltr'><strong>qus-</strong></span> 
     </span>
    </p>
   </div>
   <div class='ocr_carea' id='block_1_98' title="bbox 2010 4201 3587 4280">
    <p class='ocr_par' dir='ltr' id='par_1_98' title="bbox 2010 4201 3587 4280">
     <span class='ocr_line' id='line_1_98' title="bbox 2010 4201 3587 4280; baseline 0.008 -28"><span class='ocrx_word' id='word_1_725' title='bbox 2010 4213 2223 4267; x_wconf 87' lang='lat' dir='ltr'><strong>cuuque</strong></span> <span class='ocrx_word' id='word_1_726' title='bbox 2254 4201 2318 4254; x_wconf 82' lang='lat' dir='ltr'><strong>ad</strong></span> <span class='ocrx_word' id='word_1_727' title='bbox 2346 4216 2467 4256; x_wconf 83' lang='lat' dir='ltr'><strong>eam</strong></span> <span class='ocrx_word' id='word_1_728' title='bbox 2518 4203 2770 4258; x_wconf 84' lang='lat' dir='ltr'><strong>attinent.</strong></span> <span class='ocrx_word' id='word_1_729' title='bbox 2834 4202 3337 4275; x_wconf 83' lang='lat' dir='ltr'><strong>Parapetasntatum</strong></span> <span class='ocrx_word' id='word_1_730' title='bbox 3393 4226 3587 4280; x_wconf 82' lang='lat' dir='ltr'><strong>nempe</strong></span> 
     </span>
    </p>
   </div>
   <div class='ocr_carea' id='block_1_99' title="bbox 2011 4290 3584 4372">
    <p class='ocr_par' dir='ltr' id='par_1_99' title="bbox 2011 4290 3584 4372">
     <span class='ocr_line' id='line_1_99' title="bbox 2011 4290 3584 4372; baseline 0.009 -29"><span class='ocrx_word' id='word_1_731' title='bbox 2011 4290 2300 4359; x_wconf 79' lang='lat' dir='ltr'><strong>faeturam,</strong></span> <span class='ocrx_word' id='word_1_732' title='bbox 2338 4309 2457 4363; x_wconf 63' lang='lat' dir='ltr'><strong>qua“:</strong></span> <span class='ocrx_word' id='word_1_733' title='bbox 2496 4296 2839 4351; x_wconf 87' lang='lat' dir='ltr'><strong>Cberubinos</strong></span> <span class='ocrx_word' id='word_1_734' title='bbox 2876 4314 3040 4368; x_wconf 77' lang='lat' dir='ltr'><strong>apere</strong></span> <span class='ocrx_word' id='word_1_735' title='bbox 3062 4300 3292 4372; x_wconf 75' lang='lat' dir='ltr'><strong>phrygio</strong></span> <span class='ocrx_word' id='word_1_736' title='bbox 3346 4302 3584 4357; x_wconf 78' lang='lat' dir='ltr'><strong>intextas</strong></span> 
     </span>
    </p>
   </div>
   <div class='ocr_carea' id='block_1_100' title="bbox 2011 4384 3582 4469">
    <p class='ocr_par' dir='ltr' id='par_1_100' title="bbox 2011 4384 3582 4469">
     <span class='ocr_line' id='line_1_100' title="bbox 2011 4384 3582 4469; baseline 0.01 -32"><span class='ocrx_word' id='word_1_737' title='bbox 2011 4384 2301 4438; x_wconf 83' lang='lat' dir='ltr'><strong>habebant.</strong></span> <span class='ocrx_word' id='word_1_738' title='bbox 2327 4384 2449 4439; x_wconf 78' lang='lat' dir='ltr'><strong>lam</strong></span> <span class='ocrx_word' id='word_1_739' title='bbox 2468 4396 2514 4440; x_wconf 82' lang='lat' dir='ltr'><strong>et</strong></span> <span class='ocrx_word' id='word_1_740' title='bbox 2552 4405 2690 4461; x_wconf 73' lang='lat' dir='ltr'><strong>arca;</strong></span> <span class='ocrx_word' id='word_1_741' title='bbox 2719 4393 3207 4459; x_wconf 64' lang='lat' dir='ltr'><strong>superponendum,</strong></span> <span class='ocrx_word' id='word_1_742' title='bbox 3224 4393 3535 4469; x_wconf 12' lang='lat' dir='ltr'><strong>quid‘facies</strong></span> <span class='ocrx_word' id='word_1_743' title='bbox 3554 4396 3582 4453; x_wconf 75' lang='grc' dir='ltr'><strong>ν</strong></span> 
     </span>
    </p>
   </div>
   <div class='ocr_carea' id='block_1_101' title="bbox 2011 4475 3588 4545">
    <p class='ocr_par' dir='ltr' id='par_1_101' title="bbox 2011 4475 3588 4545">
     <span class='ocr_line' id='line_1_101' title="bbox 2011 4475 3588 4545; baseline 0.006 -15"><span class='ocrx_word' id='word_1_744' title='bbox 2011 4475 2217 4545; x_wconf 85' lang='lat' dir='ltr'><strong>inquit;</strong></span> <span class='ocrx_word' id='word_1_745' title='bbox 2254 4475 2577 4535; x_wconf 76' lang='lat' dir='ltr'><strong>Cherubiuos</strong></span> <span class='ocrx_word' id='word_1_746' title='bbox 2621 4482 2817 4534; x_wconf 76' lang='lat' dir='ltr'><strong>scilicet</strong></span> <span class='ocrx_word' id='word_1_747' title='bbox 2864 4498 3055 4536; x_wconf 75' lang='lat' dir='ltr'><strong>aureos</strong></span> <span class='ocrx_word' id='word_1_748' title='bbox 3111 4484 3478 4537; x_wconf 80' lang='lat' dir='ltr'><strong>Iorualiles&quot;.</strong></span> <span class='ocrx_word' id='word_1_749' title='bbox 3519 4484 3588 4539; x_wconf 84' lang='lat' dir='ltr'><strong>Et.</strong></span> 
     </span>
    </p>
   </div>
   <div class='ocr_carea' id='block_1_102' title="bbox 2011 4568 3575 4643">
    <p class='ocr_par' dir='ltr' id='par_1_102' title="bbox 2011 4568 3575 4643">
     <span class='ocr_line' id='line_1_102' title="bbox 2011 4568 3575 4643; baseline 0.008 -23"><span class='ocrx_word' id='word_1_750' title='bbox 2011 4581 2079 4620; x_wconf 89' lang='lat' dir='ltr'><strong>ne</strong></span> <span class='ocrx_word' id='word_1_751' title='bbox 2119 4568 2373 4637; x_wconf 83' lang='lat' dir='ltr'><strong>imaginis</strong></span> <span class='ocrx_word' id='word_1_752' title='bbox 2404 4569 2622 4638; x_wconf 86' lang='lat' dir='ltr'><strong>quidem</strong></span> <span class='ocrx_word' id='word_1_753' title='bbox 2676 4572 2893 4627; x_wconf 88' lang='lat' dir='ltr'><strong>nomine</strong></span> <span class='ocrx_word' id='word_1_754' title='bbox 2927 4574 3160 4643; x_wconf 81' lang='lat' dir='ltr'><strong>appellat</strong></span> <span class='ocrx_word' id='word_1_755' title='bbox 3208 4576 3575 4643; x_wconf 72' lang='lat' dir='ltr'><strong>Cberuliinos,</strong></span> 
     </span>
    </p>
   </div>
   <div class='ocr_carea' id='block_1_103' title="bbox 2009 4660 3585 4737">
    <p class='ocr_par' dir='ltr' id='par_1_103' title="bbox 2009 4660 3585 4737">
     <span class='ocr_line' id='line_1_103' title="bbox 2009 4660 3585 4737; baseline 0.01 -25"><span class='ocrx_word' id='word_1_756' title='bbox 2009 4661 2104 4713; x_wconf 83' lang='lat' dir='ltr'><strong>sed</strong></span> <span class='ocrx_word' id='word_1_757' title='bbox 2135 4660 2458 4730; x_wconf 84' lang='lat' dir='ltr'><strong>simpliciter</strong></span> <span class='ocrx_word' id='word_1_758' title='bbox 2480 4663 2842 4731; x_wconf 87' lang='lat' dir='ltr'><strong>Cbernbinos,</strong></span> <span class='ocrx_word' id='word_1_759' title='bbox 2866 4666 3057 4721; x_wconf 83' lang='lat' dir='ltr'><strong>eodem</strong></span> <span class='ocrx_word' id='word_1_760' title='bbox 3079 4682 3302 4737; x_wconf 88' lang='lat' dir='ltr'><strong>prorsus</strong></span> <span class='ocrx_word' id='word_1_761' title='bbox 3322 4672 3585 4728; x_wconf 81' lang='lat' dir='ltr'><strong>vocabulo</strong></span> 
     </span>
    </p>
   </div>
   <div class='ocr_carea' id='block_1_104' title="bbox 2011 4754 3587 4824">
    <p class='ocr_par' dir='ltr' id='par_1_104' title="bbox 2011 4754 3587 4824">
     <span class='ocr_line' id='line_1_104' title="bbox 2011 4754 3587 4824; baseline 0.013 -23"><span class='ocrx_word' id='word_1_762' title='bbox 2011 4764 2119 4819; x_wconf 90' lang='lat' dir='ltr'><strong>quo</strong></span> <span class='ocrx_word' id='word_1_763' title='bbox 2138 4762 2379 4820; x_wconf 75' lang='lat' dir='ltr'><strong>augustae</strong></span> <span class='ocrx_word' id='word_1_764' title='bbox 2408 4754 2510 4807; x_wconf 71' lang='lat' dir='ltr'><strong>illa:</strong></span> <span class='ocrx_word' id='word_1_765' title='bbox 2564 4769 2628 4808; x_wconf 89' lang='lat' dir='ltr'><strong>ac</strong></span> <span class='ocrx_word' id='word_1_766' title='bbox 2662 4758 3117 4824; x_wconf 76' lang='lat' dir='ltr'><strong>supramundanze</strong></span> <span class='ocrx_word' id='word_1_767' title='bbox 3146 4763 3460 4818; x_wconf 79' lang='lat' dir='ltr'><strong>substantia:</strong></span> <span class='ocrx_word' id='word_1_768' title='bbox 3490 4764 3587 4820; x_wconf 81' lang='lat' dir='ltr'><strong>de-</strong></span> 
     </span>
    </p>
   </div>
   <div class='ocr_carea' id='block_1_105' title="bbox 2012 4844 3587 4925">
    <p class='ocr_par' dir='ltr' id='par_1_105' title="bbox 2012 4844 3587 4925">
     <span class='ocr_line' id='line_1_105' title="bbox 2012 4844 3587 4925; baseline 0.011 -31"><span class='ocrx_word' id='word_1_769' title='bbox 2012 4852 2291 4899; x_wconf 82' lang='lat' dir='ltr'><strong>notamur.</strong></span> <span class='ocrx_word' id='word_1_770' title='bbox 2319 4844 2458 4910; x_wconf 80' lang='lat' dir='ltr'><strong>Quid</strong></span> <span class='ocrx_word' id='word_1_771' title='bbox 2496 4854 2676 4900; x_wconf 84' lang='lat' dir='ltr'><strong>autem</strong></span> <span class='ocrx_word' id='word_1_772' title='bbox 2734 4849 3024 4916; x_wconf 86' lang='lat' dir='ltr'><strong>gloriosius</strong></span> <span class='ocrx_word' id='word_1_773' title='bbox 3066 4862 3160 4907; x_wconf 89' lang='lat' dir='ltr'><strong>aut.</strong></span> <span class='ocrx_word' id='word_1_774' title='bbox 3221 4856 3587 4925; x_wconf 77' lang='lat' dir='ltr'><strong>venerabilius</strong></span> 
     </span>
    </p>
   </div>
   <div class='ocr_carea' id='block_1_106' title="bbox 2013 4933 3586 5011">
    <p class='ocr_par' dir='ltr' id='par_1_106' title="bbox 2013 4933 3586 5011">
     <span class='ocr_line' id='line_1_106' title="bbox 2013 4933 3586 5011; baseline 0.012 -28"><span class='ocrx_word' id='word_1_775' title='bbox 2013 4933 2330 4988; x_wconf 77' lang='lat' dir='ltr'><strong>cltcrubinis</strong></span> <span class='ocrx_word' id='word_1_776' title='bbox 2356 4943 2462 5000; x_wconf 88' lang='lat' dir='ltr'><strong>est,</strong></span> <span class='ocrx_word' id='word_1_777' title='bbox 2494 4938 2636 4992; x_wconf 88' lang='lat' dir='ltr'><strong>unde</strong></span> <span class='ocrx_word' id='word_1_778' title='bbox 2661 4938 2840 4993; x_wconf 86' lang='lat' dir='ltr'><strong>divina</strong></span> <span class='ocrx_word' id='word_1_779' title='bbox 2888 4944 3157 5011; x_wconf 86' lang='lat' dir='ltr'><strong>apparitio</strong></span> <span class='ocrx_word' id='word_1_780' title='bbox 3190 4946 3394 5003; x_wconf 80' lang='lat' dir='ltr'><strong>ﬁebat?</strong></span> <span class='ocrx_word' id='word_1_781' title='bbox 3422 4947 3586 5004; x_wconf 84' lang='lat' dir='ltr'><strong>Certe</strong></span> 
     </span>
    </p>
   </div>
   <div class='ocr_carea' id='block_1_107' title="bbox 2015 5012 3582 5100">
    <p class='ocr_par' dir='ltr' id='par_1_107' title="bbox 2015 5012 3582 5100">
     <span class='ocr_line' id='line_1_107' title="bbox 2015 5012 3582 5100; baseline 0.013 -26"><span class='ocrx_word' id='word_1_782' title='bbox 2015 5020 2089 5074; x_wconf 91' lang='lat' dir='ltr'><strong>illi</strong></span> <span class='ocrx_word' id='word_1_783' title='bbox 2116 5024 2249 5077; x_wconf 86' lang='lat' dir='ltr'><strong>adeo</strong></span> <span class='ocrx_word' id='word_1_784' title='bbox 2278 5025 2498 5094; x_wconf 85' lang='lat' dir='ltr'><strong>gloriosi</strong></span> <span class='ocrx_word' id='word_1_785' title='bbox 2524 5039 2680 5084; x_wconf 83' lang='lat' dir='ltr'><strong>erant</strong></span> <span class='ocrx_word' id='word_1_786' title='bbox 2708 5012 2762 5084; x_wconf 81' lang='lat' dir='ltr'><strong>et</strong></span> <span class='ocrx_word' id='word_1_787' title='bbox 2798 5032 3143 5100; x_wconf 80' lang='lat' dir='ltr'><strong>dicebantur,</strong></span> <span class='ocrx_word' id='word_1_788' title='bbox 3185 5053 3307 5092; x_wconf 90' lang='lat' dir='ltr'><strong>cum</strong></span> <span class='ocrx_word' id='word_1_789' title='bbox 3366 5038 3488 5092; x_wconf 89' lang='lat' dir='ltr'><strong>aliis</strong></span> <span class='ocrx_word' id='word_1_790' title='bbox 3526 5038 3582 5094; x_wconf 86' lang='lat' dir='ltr'><strong>in</strong></span> 
     </span>
    </p>
   </div>
   <div class='ocr_carea' id='block_1_108' title="bbox 2015 5106 3585 5194">
    <p class='ocr_par' dir='ltr' id='par_1_108' title="bbox 2015 5106 3585 5194">
     <span class='ocr_line' id='line_1_108' title="bbox 2015 5106 3585 5194; baseline 0.013 -31"><span class='ocrx_word' id='word_1_791' title='bbox 2015 5113 2373 5169; x_wconf 86' lang='lat' dir='ltr'><strong>tabernaculo</strong></span> <span class='ocrx_word' id='word_1_792' title='bbox 2404 5118 2615 5185; x_wconf 87' lang='lat' dir='ltr'><strong>positis,</strong></span> <span class='ocrx_word' id='word_1_793' title='bbox 2646 5106 2711 5173; x_wconf 36' lang='lat' dir='ltr'><strong>‘ut</strong></span> <span class='ocrx_word' id='word_1_794' title='bbox 2738 5137 2840 5176; x_wconf 90' lang='lat' dir='ltr'><strong>non</strong></span> <span class='ocrx_word' id='word_1_795' title='bbox 2864 5140 2890 5174; x_wconf 93' lang='lat' dir='ltr'><strong>a</strong></span> <span class='ocrx_word' id='word_1_796' title='bbox 2922 5122 3103 5194; x_wconf 79' lang='lat' dir='ltr'><strong>Moyse</strong></span> <span class='ocrx_word' id='word_1_797' title='bbox 3137 5130 3507 5193; x_wconf 84' lang='lat' dir='ltr'><strong>tantummodo</strong></span> <span class='ocrx_word' id='word_1_798' title='bbox 3528 5137 3585 5184; x_wconf 79' lang='lat' dir='ltr'><strong>ct</strong></span> 
     </span>
    </p>
   </div>
   <div class='ocr_carea' id='block_1_109' title="bbox 2016 5200 3582 5285">
    <p class='ocr_par' dir='ltr' id='par_1_109' title="bbox 2016 5200 3582 5285">
     <span class='ocr_line' id='line_1_109' title="bbox 2016 5200 3582 5285; baseline 0.01 -28"><span class='ocrx_word' id='word_1_799' title='bbox 2016 5203 2229 5257; x_wconf 88' lang='lat' dir='ltr'><strong>illorum</strong></span> <span class='ocrx_word' id='word_1_800' title='bbox 2278 5214 2580 5277; x_wconf 87' lang='lat' dir='ltr'><strong>temporum</strong></span> <span class='ocrx_word' id='word_1_801' title='bbox 2621 5200 2855 5275; x_wconf 65' lang='lat' dir='ltr'><strong>Jndteis</strong></span> <span class='ocrx_word' id='word_1_802' title='bbox 2883 5214 2937 5270; x_wconf 92' lang='lat' dir='ltr'><strong>in</strong></span> <span class='ocrx_word' id='word_1_803' title='bbox 2995 5217 3199 5271; x_wconf 87' lang='lat' dir='ltr'><strong>honore</strong></span> <span class='ocrx_word' id='word_1_804' title='bbox 3228 5218 3391 5271; x_wconf 87' lang='lat' dir='ltr'><strong>habiti</strong></span> <span class='ocrx_word' id='word_1_805' title='bbox 3450 5220 3582 5285; x_wconf 90' lang='lat' dir='ltr'><strong>sint,</strong></span> 
     </span>
    </p>
   </div>
   <div class='ocr_carea' id='block_1_110' title="bbox 2016 5297 3580 5377">
    <p class='ocr_par' dir='ltr' id='par_1_110' title="bbox 2016 5297 3580 5377">
     <span class='ocr_line' id='line_1_110' title="bbox 2016 5297 3580 5377; baseline 0.014 -32"><span class='ocrx_word' id='word_1_806' title='bbox 2016 5308 2203 5348; x_wconf 85' lang='lat' dir='ltr'><strong>verum</strong></span> <span class='ocrx_word' id='word_1_807' title='bbox 2227 5297 2398 5351; x_wconf 85' lang='lat' dir='ltr'><strong>etiam</strong></span> <span class='ocrx_word' id='word_1_808' title='bbox 2440 5299 2509 5353; x_wconf 86' lang='lat' dir='ltr'><strong>ab</strong></span> <span class='ocrx_word' id='word_1_809' title='bbox 2550 5303 2666 5368; x_wconf 86' lang='lat' dir='ltr'><strong>ipso</strong></span> <span class='ocrx_word' id='word_1_810' title='bbox 2689 5302 2858 5360; x_wconf 86' lang='lat' dir='ltr'><strong>Paulo</strong></span> <span class='ocrx_word' id='word_1_811' title='bbox 2883 5306 3206 5374; x_wconf 68' lang='lat' dir='ltr'><strong>evangelicae</strong></span> <span class='ocrx_word' id='word_1_812' title='bbox 3226 5309 3413 5376; x_wconf 73' lang='lat' dir='ltr'><strong>gratiae</strong></span> <span class='ocrx_word' id='word_1_813' title='bbox 3439 5323 3580 5377; x_wconf 66' lang='lat' dir='ltr'><strong>prte-</strong></span> 
     </span>
    </p>
   </div>
   <div class='ocr_carea' id='block_1_111' title="bbox 2012 5385 3584 5465">
    <p class='ocr_par' dir='ltr' id='par_1_111' title="bbox 2012 5385 3584 5465">
     <span class='ocr_line' id='line_1_111' title="bbox 2012 5385 3584 5465; baseline 0.01 -26"><span class='ocrx_word' id='word_1_814' title='bbox 2012 5385 2236 5442; x_wconf 78' lang='lat' dir='ltr'><strong>cone&quot;.</strong></span> <span class='ocrx_word' id='word_1_815' title='bbox 2304 5387 2520 5445; x_wconf 79' lang='lat' dir='ltr'><strong>Etenim</strong></span> <span class='ocrx_word' id='word_1_816' title='bbox 2596 5394 2847 5465; x_wconf 87' lang='lat' dir='ltr'><strong>religiose</strong></span> <span class='ocrx_word' id='word_1_817' title='bbox 2915 5398 3159 5451; x_wconf 86' lang='lat' dir='ltr'><strong>nominat</strong></span> <span class='ocrx_word' id='word_1_818' title='bbox 3240 5399 3584 5458; x_wconf 82' lang='lat' dir='ltr'><strong>Cherubinos</strong></span> 
     </span>
    </p>
   </div>
   <div class='ocr_carea' id='block_1_112' title="bbox 2009 5479 3583 5567">
    <p class='ocr_par' dir='ltr' id='par_1_112' title="bbox 2009 5479 3583 5567">
     <span class='ocr_line' id='line_1_112' title="bbox 2009 5479 3583 5567; baseline 0.012 -37"><span class='ocrx_word' id='word_1_819' title='bbox 2009 5479 2199 5547; x_wconf 66' lang='lat' dir='ltr'><strong>gloriae</strong></span> <span class='ocrx_word' id='word_1_820' title='bbox 2221 5479 2393 5537; x_wconf 87' lang='lat' dir='ltr'><strong>altare</strong></span> <span class='ocrx_word' id='word_1_821' title='bbox 2422 5483 2842 5554; x_wconf 89' lang='lat' dir='ltr'><strong>obumbrantes;</strong></span> <span class='ocrx_word' id='word_1_822' title='bbox 2870 5489 2949 5567; x_wconf 9' lang='lat' dir='ltr'><strong>de.</strong></span> <span class='ocrx_word' id='word_1_823' title='bbox 2972 5489 3175 5558; x_wconf 85' lang='lat' dir='ltr'><strong>quibus</strong></span> <span class='ocrx_word' id='word_1_824' title='bbox 3200 5503 3300 5544; x_wconf 86' lang='lat' dir='ltr'><strong>nos</strong></span> <span class='ocrx_word' id='word_1_825' title='bbox 3322 5490 3430 5546; x_wconf 88' lang='lat' dir='ltr'><strong>alio</strong></span> <span class='ocrx_word' id='word_1_826' title='bbox 3460 5492 3583 5548; x_wconf 88' lang='lat' dir='ltr'><strong>loco</strong></span> 
     </span>
    </p>
   </div>
   <div class='ocr_carea' id='block_1_113' title="bbox 2006 5569 3583 5655">
    <p class='ocr_par' dir='ltr' id='par_1_113' title="bbox 2006 5569 3583 5655">
     <span class='ocr_line' id='line_1_113' title="bbox 2006 5569 3583 5655; baseline 0.012 -33"><span class='ocrx_word' id='word_1_827' title='bbox 2006 5569 2169 5627; x_wconf 89' lang='lat' dir='ltr'><strong>latius</strong></span> <span class='ocrx_word' id='word_1_828' title='bbox 2216 5572 2381 5631; x_wconf 89' lang='lat' dir='ltr'><strong>locuti</strong></span> <span class='ocrx_word' id='word_1_829' title='bbox 2431 5579 2805 5651; x_wconf 16' lang='lat' dir='ltr'><strong>sumnsg(5“2).</strong></span> <span class='ocrx_word' id='word_1_830' title='bbox 2850 5580 3054 5637; x_wconf 80' lang='lat' dir='ltr'><strong>Practer</strong></span> <span class='ocrx_word' id='word_1_831' title='bbox 3104 5584 3367 5638; x_wconf 82' lang='lat' dir='ltr'><strong>hactenus</strong></span> <span class='ocrx_word' id='word_1_832' title='bbox 3415 5585 3583 5655; x_wconf 83' lang='lat' dir='ltr'><strong>dicta,</strong></span> 
     </span>
    </p>
   </div>
   <div class='ocr_carea' id='block_1_114' title="bbox 395 5698 1912 5779">
    <p class='ocr_par' dir='ltr' id='par_1_114' title="bbox 395 5698 1882 5767">
     <span class='ocr_line' id='line_1_114' title="bbox 395 5698 1882 5767; baseline 0.002 -14"><span class='ocrx_word' id='word_1_833' title='bbox 395 5701 441 5735; x_wconf 82' lang='lat'>&quot;</span> <span class='ocrx_word' id='word_1_834' title='bbox 474 5701 577 5755; x_wconf 86' lang='lat' dir='ltr'><strong>lsa.</strong></span> <span class='ocrx_word' id='word_1_835' title='bbox 610 5715 733 5765; x_wconf 74' lang='grc' dir='ltr'><em>ιιν,</em></span> <span class='ocrx_word' id='word_1_836' title='bbox 769 5701 858 5755; x_wconf 76' lang='grc'><strong>12.</strong></span> <span class='ocrx_word' id='word_1_837' title='bbox 935 5699 984 5732; x_wconf 80' lang='grc'>⁷³</span> <span class='ocrx_word' id='word_1_838' title='bbox 1010 5699 1178 5755; x_wconf 77' lang='lat' dir='ltr'><strong>Exod.</strong></span> <span class='ocrx_word' id='word_1_839' title='bbox 1216 5713 1308 5760; x_wconf 80' lang='lat' dir='ltr'><strong>xx,</strong></span> <span class='ocrx_word' id='word_1_840' title='bbox 1337 5698 1391 5751; x_wconf 65' lang='grc' dir='ltr'><strong>ἓ.</strong></span> <span class='ocrx_word' id='word_1_841' title='bbox 1472 5700 1515 5730; x_wconf 75' lang='grc'>⁷³</span> <span class='ocrx_word' id='word_1_842' title='bbox 1554 5699 1722 5755; x_wconf 80' lang='lat' dir='ltr'><strong>Exod.</strong></span> <span class='ocrx_word' id='word_1_843' title='bbox 1756 5717 1882 5767; x_wconf 82' lang='lat' dir='ltr'><strong>xxv,</strong></span> 
     </span>
    </p>
   </div>
   <div class='ocr_carea' id='block_1_115' title="bbox 2017 5698 2519 5779">
    <p class='ocr_par' dir='ltr' id='par_1_115' title="bbox 2089 5708 2519 5779">
     <span class='ocr_line' id='line_1_115' title="bbox 2089 5708 2519 5779; baseline 0.016 -18"><span class='ocrx_word' id='word_1_844' title='bbox 2089 5708 2135 5739; x_wconf 74' lang='grc' dir='ltr'><em>τι</em></span> <span class='ocrx_word' id='word_1_845' title='bbox 2158 5709 2322 5766; x_wconf 77' lang='lat' dir='ltr'><strong>llcbr.</strong></span> <span class='ocrx_word' id='word_1_846' title='bbox 2357 5728 2432 5779; x_wconf 74' lang='grc' dir='ltr'><em>η,</em></span> <span class='ocrx_word' id='word_1_847' title='bbox 2466 5714 2519 5768; x_wconf 84' lang='lat'><strong>5.</strong></span> 
     </span>
    </p>
   </div>
   <div class='ocr_carea' id='block_1_116' title="bbox 398 5816 1697 5892">
    <p class='ocr_par' dir='ltr' id='par_1_116' title="bbox 398 5816 1697 5892">
     <span class='ocr_line' id='line_1_116' title="bbox 398 5816 1697 5892; baseline 0.002 -19"><span class='ocrx_word' id='word_1_848' title='bbox 398 5816 516 5892; x_wconf 69' lang='lat'><strong>(52)</strong></span> <span class='ocrx_word' id='word_1_849' title='bbox 553 5818 610 5873; x_wconf 87' lang='lat' dir='ltr'><strong>In</strong></span> <span class='ocrx_word' id='word_1_850' title='bbox 642 5820 987 5891; x_wconf 77' lang='lat' dir='ltr'><strong>Apologetieo</strong></span> <span class='ocrx_word' id='word_1_851' title='bbox 1017 5821 1220 5890; x_wconf 84' lang='lat' dir='ltr'><strong>majore</strong></span> <span class='ocrx_word' id='word_1_852' title='bbox 1251 5837 1369 5889; x_wconf 86' lang='lat' dir='ltr'><strong>cap.</strong></span> <span class='ocrx_word' id='word_1_853' title='bbox 1408 5819 1476 5874; x_wconf 77' lang='lat'><strong>70</strong></span> <span class='ocrx_word' id='word_1_854' title='bbox 1506 5832 1557 5875; x_wconf 87' lang='lat' dir='ltr'><strong>et</strong></span> <span class='ocrx_word' id='word_1_855' title='bbox 1585 5838 1697 5892; x_wconf 76' lang='lat' dir='ltr'><strong>seq.</strong></span> 
     </span>
    </p>
   </div>
  </div>
