4072 6324
332 412 432 477 ί-ἱθ

1028 416 1657 478 ANTIRIUIETICUS
1696 417 1789 477 III
1830 418 1913 478 AI

2041 419 2631 481 CONSTANTIN‘UM
2666 422 2875 482 CGPR.

3384 352 3578 485 I450

331 531 656 599 ἐλάτρευον’
710 528 797 605 ἐφξ
845 525 926 592 οἷς
985 528 1503 599 κατεγνωσμένους,
1543 530 1636 582 καὶ
1690 528 1904 593 πολλοῖς

2022 531 2393 601 propheticam
2422 547 2606 586 vocem
2642 549 2655 586 :
2710 531 2824 601 Ego
2845 548 2960 584 sum
2989 530 3247 586 Dominus
3274 529 3409 586 Deus
3438 544 3523 582 tm:
3560 568 3577 597 ,

333 620 558 691 ὕστερον
604 618 751 673 ἔτεσι
807 619 1164 682 κατονειδίζει
1220 620 1351 684 Θεὸς
1417 620 1507 673 διὰ
1560 622 1907 696 προφητικῆς

332 713 545 783 φωνῆς,
589 710 737 779 Ἑγώ
773 713 893 780 ειμι
942 712 1156 778 Κύριος
1199 714 1230 764 d
1264 714 1408 779 Θεός
1440 726 1557 764 σου
1581 752 1594 773 ,
1644 712 1838 780 λέγων,
1873 715 1906 765 ὀ

2012 622 2228 688 ιιίροῐιε,
2269 622 2384 676 caeli
2421 622 2682 691 ﬁrmator,
2701 632 2857 676 terra:
2887 622 3163 689 fundator.
3195 624 3346 691 cujus
3392 639 3583 677 manus

2011 710 2313 765 universum
2346 712 2465 765 coeli
2491 713 2773 765 exercitum
2798 724 3104 766 creaverunt
3131 728 3152 765 :
3194 728 3353 782 neque
3398 728 3491 785 ego
3532 722 3583 765 te

329 798 591 868 στερεῶν
641 800 904 867 οὐρανόν
934 800 1031 851 καὶ
1083 799 1292 858 κτίζων
1323 798 1457 868 γῆν,
1507 796 1578 855 οὗ
1609 803 1668 854 al
1708 801 1904 871 χεῖρες

2018 804 2167 855 docui
2190 814 2244 856 ut
2276 803 2477 857 alienos
2524 804 2649 857 deos
2684 805 2975 870 sequereris
3002 806 3069 856 “.
3105 802 3220 873 Ego
3254 804 3415 855 edua'i
3451 812 3500 856 te
3516 801 3583 855 de

330 891 584 944 ἔκτισαν
612 886 823 955 πᾶσαν
856 888 971 952 τὴν
1015 890 1305 955 στρατιὰν
1332 890 1439 943 τοῦ
1472 891 1765 957 οίορανοῦ⁸
1803 892 1901 943 καὶ

330 982 399 1035 οὺ
438 975 764 1047 παρέδειξά
793 992 892 1031 σοι
928 975 1033 1030 τοῦ
1054 979 1416 1044 πορεύεσθαι
1459 978 1651 1030 ὀπίσω
1681 977 1898 1031 αὐτῶν.

343 1071 487 1140 Ἐγὼ
526 1070 837 1139 dmi-pardi.
892 1086 965 1122 σε
1004 1070 1069 1121 ἐκ
1102 1068 1216 1137 γῆς
1245 1071 1559 1136 Αἰγύπτου,
1611 1070 1708 1122 καὶ
1759 1071 1907 1123 Θεὸν

328 1162 496 1230 πλὴν
526 1161 673 1231 ἐμοῦ
703 1152 775 1241 ού
804 1159 1031 1230 γνώσῃ,
1062 1162 1160 1212 καὶ
1187 1163 1220 1213 ό
1260 1157 1461 1220 σώζων
1482 1162 1593 1214 οὐκ
1615 1160 1745 1214 ἔστι
1795 1176 1907 1213 πα-

325 1251 436 1320 ρὲξ
478 1250 646 1319 ἐμοῦ.
677 1251 779 1304 Διὰ
814 1248 1023 1301 τούτων
1074 1249 1182 1319 γὰρ
1215 1248 1413 1311 αὐτοὺς
1454 1250 1533 1312 εἰς
1564 1250 1786 1320 μνήμην
1820 1253 1907 1302 ἐν-

329 1344 450 1409 άγει
487 1341 594 1394 τῶν
632 1340 842 1394 ἄνωθεν
871 1339 1279 1410 νενομισμένων
1310 1338 1497 1402 αὖτοῖς
1523 1354 1535 1367 ’
1564 1340 1906 1409 ἀπαγορεύει

329 1430 422 1486 οὖν
448 1433 587 1496 τέως
614 1432 714 1503 τὴν
744 1431 853 1484 τῶν
879 1430 1227 1501 φαινομένων
1259 1432 1353 1483 καὶ
1380 1430 1730 1500 βλεπομένων
1761 1434 1815 1484 ἕν
1846 1450 1905 1485 τε

2007 904 2151 947 terra
2197 893 2440 964 Aigypti,
2487 905 2541 947 tu
2586 911 2706 948 vero
2741 894 2908 947 Deum
2955 905 3145 959 prazter
3180 910 3277 946 ,me
3327 895 3582 948 neminem

2013 1002 2294 1054 agnosces;
2340 1002 2610 1056 nemoque,
2662 996 2855 1053 praeter
2912 1002 3016 1045 me.
3076 997 3151 1040 est
3200 988 3289 1055 qui
3329 986 3580 1040 solvet".

2015 1074 2107 1129 llis
2129 1078 2305 1131 verbis
2344 1079 2663 1132 revocateis
2702 1078 3092 1132 inmemoriam
3142 1079 3392 1131 mamlata
3453 1078 3584 1147 ipsis

2014 1169 2317 1237 antiquitus
2345 1169 2618 1238 imposita.
2661 1168 2802 1237 Ergo
2838 1178 2984 1222 vetat
3013 1168 3228 1222 interim
3276 1182 3364 1222 rer
3388 1185 3453 1219 sm
3488 1182 3586 1237 ap-

2012 1260 2322 1323 parentium
2351 1267 2406 1312 et
2430 1258 2847 1328 conspicuarum
2873 1260 2925 1313 in
2953 1258 3116 1321 cmlo,
3140 1268 3285 1313 terra
3312 1267 3366 1312 cl
3394 1258 3583 1325 aquis,

2014 1349 2195 1401 facere
2221 1348 2547 1412 simulacra;
2575 1363 2642 1401 ne
2667 1348 2825 1413 forte,
2848 1347 3183 1416 ignoratione
3212 1348 3287 1400 rei
3319 1346 3583 1410 melioris,

2013 1437 2095 1491 vel
2123 1438 2403 1505 repudiato
2436 1436 2714 1498 Creatore,
2741 1436 2946 1491 cultum
2973 1436 3081 1490 illis
3101 1436 3439 1490 adhiberent.

328 1522 567 1593 οὐρανῷ,
592 1524 689 1575 καὶ
734 1524 829 1592 γῇ,
865 1522 963 1575 καὶ
1000 1523 1114 1584 τοῖς
1148 1520 1330 1584 ὕδασι,
1374 1520 1649 1574 ποιεῖσθαι
1680 1523 1961 1592 ὁμοίωσιν,
2004 1525 2091 1579 ἵνα
2126 1525 2202 1597 μὴ
2243 1526 2437 1597 ἀγνοίᾳ
2469 1524 2563 1579 τοῦ
2600 1524 2934 1595 κρείττονος,
2970 1524 3002 1595 ἢ
3040 1524 3295 1594 ἀθετήσει
3327 1524 3419 1577 τοῦ
3450 1523 3586 1579 Κτί-

331 1633 547 1680 σαντος,
585 1616 819 1679 ἐκείνοις
848 1615 1058 1685 νέμωσι
1087 1614 1185 1684 τὴν
1217 1615 1612 1683 προσκύνησιν.

397 1709 473 1762 Τὸ
519 1703 613 1762 οὖν
662 1705 1158 1781 προσταττόμενον,
1215 1705 1299 1757 ὃτι
1337 1704 1469 1756 Τόδε
1521 1705 1582 1757 ού
1636 1706 1903 1776 ποιήσεις,

328 1801 559 1872 δυνάμει
590 1817 707 1863 πως
750 1801 844 1851 καὶ
876 1790 1016 1851 κατὰ
1067 1797 1130 1849 τὸ
1165 1793 1544 1866 σιωπώμενον,
1598 1795 1900 1862 ποιήσεις,

2086 1707 2186 1775 Qui
2217 1723 2346 1780 ergo
2387 1708 2466 1764 sic
2508 1709 2752 1780 praecipit
2782 1724 2795 1761 :
2832 1722 2963 1762 cave
3015 1710 3116 1763 hoc
3149 1709 3467 1765 nominatim
3506 1710 3586 1765 fa-

2014 1800 2161 1865 cias;
2193 1800 2559 1868 potentialiter
2588 1799 2984 1869 quodammodo
3024 1804 3081 1854 el
3117 1815 3211 1869 per
3261 1801 3585 1869 prmteritio-

328 1895 485 1958 ἐστὶ,
518 1893 613 1947 καὶ
642 1891 1077 1963 προαγγελτικόν
1112 1892 1231 1943 ἐστι
1262 1890 1371 1942 τῶν
1406 1874 1712 1959 μελλόντων
1740 1891 1908 1941 ποιεῖ-

2018 1904 2158 1953 nem,
2190 1889 2375 1958 facies,
2413 1890 2609 1959 inquit,
2658 1889 3008 1958 pranlicitque
3045 1891 3187 1959 quod
3218 1891 3267 1944 in
3303 1902 3578 1960 posterum

330 1986 464 2039 σθαι
495 1983 931 2055 προστάττεσθαι
954 1998 967 2012 ·
1002 1980 1246 2035 τοιοῦτον
1289 1981 1398 2050 γάρ
1431 1998 1483 2033 τι
1519 1981 1650 2051 ἡμῖν
1695 1982 1724 2033 6
1756 1980 1911 2048 λόγος

329 2076 716 2131 ύπαινίσσεται
737 2090 751 2103 ·
784 2076 812 2128 6
846 2073 956 2145 γὰρ
986 2073 1187 2141 λέγων,
1218 2073 1302 2126 ὅτι
1324 2071 1542 2125 Τούτων
1573 2072 1633 2124 ού
1667 2074 1913 2143 ποιήσεις

331 2167 605 2238 ὁμοίωμα,
643 2164 1064 2237 ἐτέρωντινῶν
1111 2163 1332 2235 ποίησιν
1365 2163 1442 2234 τῷ
1477 2164 1621 2234 λόγῳ
1672 2182 1911 2235 προανα-

327 2259 623 2331 κρούεταιο
660 2259 757 2311 καὶ
789 2256 1001 2327 βεϐαιοῖ
1028 2254 1188 2309 τοῦτο
1211 2255 1281 2308 τὰ
1328 2256 1451 2309 ὅσον
1481 2254 1637 2310 οὔπω
1670 2273 1913 2327 προστα-

328 2351 670 2422 χθησόμενα,
712 2348 994 2418 μονονουχὶ
1024 2346 1252 2400 τοιαῦτα
1283 2348 1660 2419 ἐπισκήπτων,
1686 2349 1767 2402 ὃτι
1788 2351 1912 2419 Μη-

326 2445 483 2508 δενὸς
511 2437 587 2496 ὧν
634 2441 746 2511 ἐγὼ
785 2443 845 2495 ού
881 2440 1171 2510 προστάξω
1205 2443 1439 2513 ποιήσῃς
1469 2443 1743 2512 ὁμοίωμα,
1777 2444 1916 2497 ἀλλὰ

326 2537 443 2590 τῶν
489 2535 791 2606 ἀλλοτρίων
849 2535 1187 2598 ἀποστάντες
1238 2535 1624 2604 σεϐασμάτων,
1675 2532 1755 2599 οἷς
1804 2534 1914 2604 ἐγὼ

328 2627 720 2699 ἀπεχθάνομαι
767 2627 864 2680 καὶ
920 2627 1361 2697 ἀποστρέφομαι,
1412 2629 1526 2691 τοῖς
1590 2629 1722 2698 παρ’
1780 2628 1913 2698 ἐμοῦ

330 2717 869 2789 συνταχθησομένοις
900 2719 1222 2788 προσέχετε,
1255 2711 1336 2781 οἷς
1364 2717 1543 2790 χαίρω
1573 2718 1670 2771 καὶ
1695 2717 1945 2783 δοξάςοχ

329 2831 437 2885 μαι
463 2830 475 2841 ·
510 2812 776 2883 πρότερον
801 2812 910 2882 γὰρ
932 2810 1205 2881 ἀπείρξας
1234 2811 1433 2874 αὐτοὺς
1458 2810 1567 2862 τῶν
1600 2808 1916 2880 ἀπηγορευ-

329 2906 521 2978 μένων
568 2905 658 2958 διὰ
703 2903 814 2957 τῶν
848 2902 1351 2974 νομοθετουμένων,
1400 2901 1628 2974 ὕστερον
1671 2902 1738 2954 τὰ
1773 2901 1915 2954 κατὰ

323 3001 427 3071 τὴν
461 2998 679 3067 ποίησιν
700 2995 799 3067 τῆς
833 2995 1038 3065 σκηνῆς
1068 2995 1347 3064 ἐπήγαγεν
1368 3010 1382 3022 ’
1406 2992 1604 3067 ⁴ὥσπερ
1634 2992 1741 3064 γὰρ
1760 2994 1916 3055 εἴτις

324 3091 513 3145 ἐθέλοι
556 3088 666 3143 τῶν
714 3086 910 3140 ἐαυτοῦ
946 3086 1173 3138 οἰκετῶν
1225 3086 1305 3148 εἰς
1350 3084 1410 3139 τὸ
1446 3084 1643 3156 μέλλον
1670 3084 1777 3137 τινὶ
1803 3083 1915 3135 τῶν

324 3180 642 3233 δοκούντων
688 3176 1007 3248 ἐπιτρέπειν
1060 3175 1094 3246 ἢ
1135 3176 1445 3247 ἐγχειρεῖν,
1498 3174 1553 3226 τί
1585 3175 1909 3245 παρεγγυᾷς

2016 1976 2129 2034 lieri
2166 1980 2534 2051 praecipietur.
2590 1981 2801 2035 Etenim
2863 1981 3170 2049 lmjusmndi
3218 1982 3420 2051 aliquid
3469 1986 3583 2041 haec

2016 2072 2170 2127 nobis
2203 2074 2364 2128 verba
2396 2072 2644 2126 innuunt.
2680 2072 2812 2125 Nam
2840 2074 3099 2141 qnidicit,
3123 2074 3308 2128 talium
3337 2076 3586 2131 nomina-

2018 2165 2110 2217 tim
2141 2173 2323 2219 rerutn
2360 2179 2463 2219 nou
2497 2156 2668 2218 fac'ies
2708 2164 3081 2228 simulacrum,
3117 2164 3345 2219 aliarum
3379 2166 3586 2237 aliquot

2015 2258 2281 2311 facturam
2343 2256 2694 2325 auspicatur;
2763 2258 3137 2327 approbatque
3213 2257 3301 2311 illa
3355 2273 3586 2328 quorum

2015 2350 2499 2421 praecipiendorum
2566 2354 2801 2405 nondmn
2847 2361 3059 2419 tempus
3098 2352 3442 2419 advenerat,
3512 2354 3585 2408 ita

2015 2440 2400 2508 propemodum
2432 2440 2653 2509 jubens,
2685 2455 2877 2507 nempe
2919 2441 2993 2492 rei
3052 2441 3251 2497 nullius
3281 2457 3443 2511 quant
3486 2456 3587 2511 ego

2016 2545 2120 2583 non
2159 2531 2507 2594 mandavero,
2537 2530 2885 2584 simulacrum
2914 2530 3109 2597 iacies;
3144 2533 3238 2589 sed
3265 2534 3440 2587 alieno
3462 2534 3586 2590 abs-

2017 2621 2249 2674 tinentes
2277 2622 2447 2687 cultu,
2473 2637 2629 2691 quem
2658 2636 2757 2692 ego
2785 2624 2872 2675 odi
2899 2635 2947 2676 et
2974 2638 3218 2687 arersor,
3254 2625 3316 2679 iis
3343 2640 3463 2694 qua:
3486 2640 3587 2693 ego

2017 2711 2306 2781 aliquando
2355 2712 2660 2781 praicipiam
2716 2728 2902 2768 curam
2974 2716 3330 2785 impendetis,
3389 2719 3588 2789 quibus

2016 2801 2265 2855 videlicet
2292 2816 2391 2869 ego
2413 2805 2622 2872 gaudeo
2657 2814 2711 2857 et
2742 2803 3038 2884 gloriﬁcor.
3072 2805 3259 2862 Primo
3300 2809 3445 2863 enim
3494 2825 3588 2864 eos

2018 2892 2302 2947 retrahens
2329 2908 2359 2947 a
2410 2895 2698 2963 prohibitis
2743 2911 2839 2964 per
2878 2896 3074 2965 legem,
3105 2900 3297 2954 deinde
3345 2900 3590 2957 taberna-

2015 2985 2120 3039 coli
2176 2985 2587 3041 aediﬁcationem
2626 2988 2938 3043 introducit.
3003 2989 3154 3044 llan'd
3197 3006 3371 3058 secus,
3423 3008 3584 3062 quam

2016 3076 2059 3129 si
2092 3076 2215 3145 quis
2244 3076 2404 3132 alicui
2429 3092 2460 3132 e
2485 3079 2659 3134 Servis
2686 3080 2799 3134 suis
2821 3079 3052 3135 oﬂicium
3080 3081 3294 3150 aliquod
3321 3084 3588 3152 imperare

2018 3168 2200 3220 \‘olcns
2258 3178 2352 3221 aut
2401 3170 2765 3236 committere,
2802 3172 2932 3241 quid
2987 3172 3207 3228 monet?
3254 3173 3457 3243 Nempe
3519 3190 3589 3230 ne

328 3272 587 3341 Σήμερον
617 3269 734 3322 τόδε
768 3234 842 3339 μή
880 3234 1133 3337 πράξειν,
1359 3234 1622 3335 ἀπαίρειν

2020 3260 2175 3315 lmdie
2209 3262 2307 3314 hoc
2329 3269 2470 3330 agat,
2512 3278 2687 3332 neque
2717 3264 2897 3333 aliquo
2920 3263 3104 3329 abeat,
3147 3276 3271 3334 puta
3309 3267 3376 3321 ad
3396 3282 3584 3336 agrum

333 3358 445 3416 οἷον
473 3364 556 3423 εἰς
585 3362 755 3432 ἀγρὸν
791 3361 864 3431 μὴ
917 3357 1175 3416 ἀπελθεῖν
1195 3398 1210 3424 ,
1255 3352 1390 3429 μηδὲ
1440 3358 1519 3420 είς
1545 3357 1751 3427 ἀγορὰν
1777 3372 1917 3424 παρ-

332 3455 599 3525 εμϐαλείν
643 3470 657 3485 θ
704 3452 952 3523 βούλεται
1006 3452 1117 3522 γὰρ
1194 3449 1356 3502 αὑτὸν
1419 3447 1653 3518 εὐσταλῆ
1712 3462 1771 3499 τε
1822 3447 1917 3499 καὶ

331 3544 579 3617 εὐτρεπῆ
646 3547 761 3605 τοῖς
814 3528 1677 3613 ἐπιταχθησομένοις’ὑπάρχειν,
1729 3538 1915 3609 ἐπειδὴ

335 3638 532 3711 μέλλει
563 3634 707 3689 κατὰ
754 3634 850 3704 τὴν
882 3632 1174 3703 ὑστεραίαν
1209 3632 1287 3692 εἰς
1316 3629 1473 3700 τήνδε
1505 3629 1599 3697 τὴν
1640 3626 1793 3679 πόλιν
1822 3643 1917 3678 τυ-

331 3733 432 3801 χὸν
463 3729 497 3798 ἢ
523 3726 684 3795 τήνδε
709 3725 808 3794 τὴν
842 3723 1027 3794 χώραν
1062 3721 1372 3789 ἐκπέμπειν
1391 3735 1404 3747 '
1439 3718 1680 3771 τοιοῦτόν
1704 3735 1757 3769 τι
1786 3718 1918 3769 ὑπο-

328 3822 548 3876 τίθεται
567 3819 697 3888 ἡμῖν
727 3817 821 3869 καὶ
852 3816 934 3867 ὅδε
961 3816 988 3866 6
1017 3815 1172 3883 λόγος
1195 3814 1415 3877 ἐννοεῖν,
1440 3814 1519 3864 ὅτι
1570 3811 1644 3863 Ού
1670 3810 1918 3879 ποιήσεις

329 3931 386 3968 τι
446 3912 575 3966 ἄνευ
629 3909 728 3979 τῆς
781 3909 919 3979 ἐμῆς
978 3904 1354 3977 προστάξεως,
1411 3904 1499 3955 ἴνα
1553 3902 1696 3973 ἅπερ
1756 3900 1918 3963 αὐτὸς

332 4001 684 4072 ἐντέλλομαι,
715 4000 889 4053 ταῦτα
920 4001 1084 4068 ποιῇς
1109 3996 1200 4049 καὶ
1231 3994 1551 4066 περιέποις·
1586 3994 1917 4062 προστάττει

333 4095 470 4165 γοῦν
530 4091 667 4162 μετὰ
714 4090 887 4143 ταῦτα
954 4087 1031 4158 τῷ
1081 4086 1375 4157 ἱεροφάντῃ
1418 4084 1551 4149 Θεὸς
1587 4084 1687 4154 τήν
1714 4098 1770 4133 τε
1816 4081 1918 4151 τῆς

336 4187 552 4257 σκηνῆς
595 4184 839 4255 ποίησιν,
868 4183 963 4234 καὶ
992 4182 1091 4247 ὅσα
1141 4179 1210 4231 τὰ
1249 4178 1379 4248 περὶ
1413 4176 1613 4245 αὑτήν·
1662 4177 1695 4243 ἡ
1744 4175 1801 4227 δὲ
1849 4170 1917 4246 ἦν

336 4278 451 4329 τῶν
491 4271 1017 4344 παραπετασμάτων
1045 4270 1078 4339 ἡ
1114 4266 1400 4336 διασκευὴ,
1429 4263 1717 4336 Χερουϐὶμ
1751 4264 1919 4334 ἐργα-

339 4369 434 4421 σία
484 4364 746 4426 ποικίλως
776 4361 1190 4430 ἐξυφασμένων,
1236 4359 1312 4411 Τὰ
1362 4355 1429 4408 δὲ
1457 4354 1609 4424 ὑπὲρ
1659 4354 1774 4421 τὴν
1822 4354 1918 4406 ἐν-

337 4455 531 4508 ταῦθα
567 4449 850 4513 κιϐωτὸν,
900 4449 1032 4501 τίνα
1071 4444 1371 4512 natricem;
1418 4444 1573 4512 φησὶ,
1630 4439 1918 4510 Χερουϐὶμ

2018 3368 2121 3404 non
2158 3360 2335 3419 exeat,
2369 3367 2542 3420 neque
2582 3355 2639 3407 in
2667 3352 2784 3409 foro
2815 3357 3093 3410 consistat.
3133 3354 3257 3411 Vult
3281 3360 3423 3411 enim
3464 3374 3584 3413 ser-

2018 3458 2139 3496 vum
2194 3443 2343 3495 illum
2404 3458 2631 3498 vacuum
2676 3456 3030 3516 paratumque
3071 3463 3190 3503 esse
3242 3451 3307 3501 ad
3359 3464 3419 3502 ea
3462 3465 3583 3520 qua:

2017 3541 2200 3602 postea
2230 3533 2589 3602 pra-cipienda
2616 3543 2742 3587 sunt
2778 3552 2791 3588 :
2836 3536 3089 3604 quoniam
3132 3536 3371 3591 futurum
3399 3550 3501 3600 ('Sl,
3532 3548 3590 3591 ut

2017 3626 2254 3678 crastina
2290 3624 2377 3677 die
2413 3625 2463 3678 in
2499 3626 2638 3679 banc
2688 3625 2877 3679 urbem
2922 3626 3000 3680 vel
3039 3626 3090 3680 in
3132 3629 3270 3689 hanc
3317 3630 3586 3699 regionem

2018 3728 2138 3768 eum
2169 3715 2365 3769 mittat.
2397 3715 2713 3785 Hujusmodi
2746 3716 2947 3785 aliquid
2974 3719 3213 3785 suggerit
3267 3721 3420 3774 nobis
3452 3737 3589 3789 pra:-

2017 3820 2142 3860 sens
2169 3820 2386 3875 quoque
2406 3821 2589 3860 sermo
2617 3816 2677 3860 ut
2699 3808 3032 3876 cogitemus;
3058 3823 3268 3875 nempe,
3296 3808 3588 3879 Sinejussu

2019 3911 2141 3951 meo
2173 3897 2307 3951 nihil
2358 3896 2546 3956 iacies.
2585 3883 2641 3951 ut
2690 3914 2809 3967 quae
2850 3900 3064 3953 demum
3102 3914 3201 3968 ego
3247 3905 3583 3970 praecipiam,

2019 4002 2150 4059 agas
2175 3995 2229 4041 et
2253 3988 2529 4043 observes.
2564 3987 2785 4044 Mandat
2830 4001 2949 4059 post
3006 3992 3121 4045 Ιιιοο
3174 4006 3364 4060 reapse
3413 3994 3593 4047 biero-

2019 4080 2236 4148 phautaa
2270 4077 2412 4134 Deus
2464 4079 2796 4134 tabernaculi
2850 4081 3292 4147 aediﬁcationem,
3349 4092 3402 4136 et
3436 4098 3589 4150 qun-

2018 4185 2232 4240 cunque
2262 4172 2327 4224 ad
2355 4186 2476 4226 eam
2526 4171 2778 4227 attinent.
2842 4170 3344 4242 Parapetasmatnm
3401 4189 3595 4242 nempe

2020 4263 2309 4330 facturam,
2346 4279 2466 4333 quae
2506 4264 2848 4320 Cherubinos
2885 4279 3049 4334 apere
3071 4265 3301 4336 phrygio
3355 4265 3593 4319 intextas

2021 4356 2310 4411 habebant.
2336 4355 2459 4409 lam
2477 4366 2523 4409 et
2561 4373 2698 4429 arcu;
2728 4357 3215 4426 superponendam;
3234 4357 3545 4432 quidqfacies
3563 4359 3591 4415 ?

2020 4448 2227 4518 inquit;
2264 4446 2586 4503 Cherubinos
2631 4449 2826 4502 scilicet
2873 4463 3066 4511 aureos
3121 4448 3488 4501 tornaliles".
3529 4447 3598 4501 Et

336 4538 545 4612 χρυσᾶ
577 4536 853 4607 τορευτά.
880 4536 991 4588 Καὶ
1018 4533 1140 4586 ούδέ
1175 4531 1398 4594 εἰκόνας
1423 4530 1710 4601 Χερουϐὶμ
1748 4546 1913 4600 προσ-

2022 4554 2089 4592 ne
2129 4539 2382 4609 imaginis
2415 4539 2633 4607 quidem
2687 4539 2903 4593 nomine
2938 4539 3171 4609 appellat
3219 4540 3585 4605 Cherubiuos,

335 4630 619 4701 αγορεύει,
644 4628 785 4681 ἀλλὰ
810 4623 1096 4694 Χερουϐὶμ
1117 4620 1426 4693 ὁμωνύμως
1455 4624 1574 4698 ταῖς
1609 4620 1915 4691 θειοτάταις

337 4724 434 4777 καὶ
461 4718 857 4790 ύπερκοσμίοις
887 4716 1096 4777 οὐσίαις
1117 4731 1130 4745 ·
1159 4714 1255 4766 καέι
1281 4712 1311 4764 ὃ
1356 4713 1420 4783 δὴ
1454 4712 1911 4783 θαυμαστότερον,

334 4813 420 4867 ὅτι
466 4809 729 4873 Ἐκεῖθεν,
761 4809 915 4878 φησὶ,
955 4801 1343 4875 γνωσθήσομαί
1388 4819 1493 4855 σοι.
1539 4803 1603 4854 Τί
1627 4802 1683 4855 δὲ
1718 4801 1920 4868 ἐνδοξόο

333 4902 562 4974 τερονῆ
611 4898 962 4970 τιμιώτερον,
994 4896 1118 4950 ὅθεν
1166 4894 1285 4948 θεία
1331 4894 1628 4963 ἐπιφάνεια
1674 4892 1913 4961 γίνεται;

335 4991 721 5059 δεδοξασμένα⁹
745 4988 801 5041 δὲ
831 4990 926 5039 καὶ
953 4982 1021 5057 ἦν
1054 4987 1142 5039 καὶ
1176 4984 1402 5053 ἐλέγετο
1432 4984 1574 5054 μετὰ
1610 4983 1717 5036 τῶν
1739 4982 1916 5036 ἄλλων

334 5086 445 5139 τῶν
470 5087 529 5136 ἐν
557 5085 624 5154 τῇ
655 5084 827 5151 σκηνῇ
853 5079 1133 5143 τοσοῦτον,
1160 5079 1241 5131 ὅτι
1270 5077 1330 5130 οὑ
1368 5074 1519 5146 παρὰ
1541 5076 1733 5128 Μωσεῖ
1758 5074 1917 5143 μόνον

335 5178 435 5231 καὶ
465 5175 745 5237 Ἰουδαίοις
767 5169 1417 5243 τηνικαῦταδεδόξασται,
1442 5167 1581 5222 ἀλλὰ
1600 5169 1695 5220 καὶ
1720 5167 1918 5236 Παύλῳ

336 5268 495 5340 αὐτῷ
517 5269 595 5339 τῷ
622 5268 721 5337 τῆς
751 5268 975 5337 χάριτος
1006 5266 1232 5335 κήρυκιο
1260 5263 1355 5316 καί
1385 5279 1447 5331 γε
1473 5261 1565 5314 καὶ
1592 5260 1919 5331 σεμνότερόν

336 5381 459 5427 πως
496 5361 653 5414 καλεῖ
690 5359 975 5430 Χερουϐὶμ
1029 5352 1189 5427 δόξης
1242 5354 1687 5419 κατασκιάζοντα
1718 5354 1780 5407 τὸ
1813 5353 1921 5407 ἱλα-

339 5458 602 5528 στήριονο
645 5454 775 5524 περὶ
815 5446 889 5505 ὧν
939 5455 996 5504 ἐν
1043 5451 1256 5521 ἐτέροις
1301 5447 1642 5518 πλατύτερον
1678 5448 1912 5525 εἴρηται.

336 5549 488 5620 Πρὸς
518 5548 575 5604 δέ
600 5563 665 5615 γε
692 5549 808 5608 τοῖς
842 5541 1175 5615 εἰρημένοις,
1214 5539 1309 5594 καὶ
1332 5539 1589 5610 ἀλλαχόθι
1615 5538 1757 5592 κατὰ
1784 5540 1913 5604 τοὺς

2021 4633 2115 4686 sed
2146 4631 2469 4701 simpliciter
2490 4632 2853 4698 Cherubinos,
2876 4632 3071 4686 eodem
3089 4647 3313 4702 prorsus
3331 4634 3595 4689 vocabulo

2023 4737 2130 4792 quo
2149 4732 2391 4791 augusta:
2420 4722 2522 4776 illae
2576 4738 2640 4776 ac
2674 4724 3128 4792 supramundanze
3158 4726 3471 4780 substantia:
3500 4726 3598 4782 de-

2025 4823 2303 4870 notamur.
2331 4814 2471 4880 Quid
2509 4824 2689 4886 autem
2746 4816 3036 4884 gloriosius
3078 4826 3171 4871 aut
3232 4818 3598 4889 venerabilius

2026 4904 2343 4959 cherubinis
2369 4913 2474 4970 est,
2507 4906 2649 4960 unde
2674 4905 2853 4979 divina
2900 4910 3169 4977 apparitio
3194 4909 3406 4966 ﬁebat?
3435 4909 3598 4967 Certe

2029 4992 2102 5046 illi
2130 4995 2263 5049 adeo
2292 4995 2512 5064 gloriosi
2538 5007 2694 5052 erant
2722 4984 2776 5052 et
2811 4999 3157 5064 dicebantur,
3197 5018 3320 5055 cum
3379 5001 3501 5055 aliis
3539 5001 3595 5057 in

2029 5085 2387 5139 tabernaculo
2418 5087 2629 5155 positis,
2659 5073 2725 5141 ut
2752 5104 2855 5143 non
2878 5108 2904 5142 a
2937 5089 3117 5160 Moyse
3150 5094 3521 5148 tantummodo
3542 5099 3599 5147 ct

2030 5176 2245 5229 illorum
2292 5185 2594 5246 temporum
2636 5177 2847 5237 Judaeis
2898 5181 2952 5236 in
3009 5182 3407 5237 bonorebablti
3466 5184 3597 5248 sint,

2031 5281 2219 5321 verum
2241 5267 2413 5321 etiam
2455 5268 2524 5322 ab
2566 5272 2681 5337 ipso
2704 5270 2873 5327 Paulo
2899 5271 3222 5339 evangelicae
3242 5273 3429 5341 gratia:
3456 5287 3595 5341 prae-

2028 5372 2164 5412 cone
2185 5357 2253 5413 ".
2321 5357 2536 5414 Etenim
2612 5362 2863 5433 religiose
2932 5346 3175 5417 nominat
3257 5363 3600 5421 Cherubinos

2026 5451 2215 5520 gloria)
2238 5450 2410 5507 altare
2439 5452 2859 5521 obumbrantes;
2887 5456 2950 5510 dc
2990 5454 3192 5524 quibus
3218 5469 3317 5509 nos
3340 5454 3447 5510 alio
3477 5456 3600 5511 loco

2023 5541 2187 5598 latius
2233 5543 2399 5601 locuti
2448 5547 2823 5619 sumus_(59).
2869 5532 3071 5603 Practer
3123 5549 3386 5602 hactenus
3432 5548 3600 5618 dicta.

411 5683 457 5716 "
492 5682 596 5736 lsa.
628 5697 753 5746 ιιν,
788 5682 876 5735 12.
953 5679 1003 5712 ⁷⁸
1030 5678 1197 5734 Exod.
1234 5690 1326 5738 xx,
1355 5675 1410 5728 ‘2.
1490 5675 1534 5706 ⁷³
1572 5675 1741 5729 Exod.
1774 5690 1900 5740 xxv,

2018 5716 2027 5730 .
2107 5679 2153 5711 ⁷⁸
2176 5679 2341 5736 Ilebr.
2376 5698 2451 5749 lx,
2484 5683 2537 5737 5.

417 5796 536 5872 (5⁷2)
573 5799 630 5855 In
662 5800 1007 5871 Apologetico
1037 5800 1239 5868 majore
1271 5814 1389 5865 cap.
1427 5794 1495 5850 7t)
1525 5806 1577 5850 et
1604 5812 1716 5866 seq.
