4072 6324
482 440 584 508 451

1508 436 1569 494 S.
1609 430 1659 494 Ν
1666 428 2026 493 ICEPIIOBI
2069 427 2574 491 PATRIARCHJE
2613 427 2723 492 (ΣΡ.

3626 427 3732 492 452

486 556 618 613 alibi
646 552 949 626 quoquein
980 567 1134 608 sacra
1186 559 1372 605 vetere
1400 549 1537 619 lege,
1581 553 1697 618 pari
1729 563 1894 617 scopo
1941 563 2056 602 mo-

2176 547 2344 619 ,spoii;
2374 549 2472 602 nul
2506 548 2776 612 παλαιοὺς
2823 547 3046 618 νόμους,
3093 545 3173 619 τῷ
3204 546 3375 619 ὁμοίῳ
3416 547 3607 619 σκοπῷ
3638 551 3732 601 καὶ

486 652 662 719 doque
703 645 895 701 tradita
923 644 1049 710 alia,
1090 643 1140 696 hi
1163 645 1251 710 qui
1283 639 1554 695 curiosius
1582 639 1818 694 scrutari
1851 638 2052 704 volent,

486 738 850 807 comperienl;
888 749 1082 803 nempe
1116 733 1204 786 ubi
1257 730 1522 785 idolorum
1564 738 1618 783 et
1650 731 1890 785 exitioso
1943 730 2055 784 daa—

488 833 635 889 tnoui
686 832 1056 894 denariorum,
1104 827 1365 882 lsraelitis
1420 824 1630 880 factura
1692 825 2055 891 interdicitur,

488 925 615 995 quia
644 925 762 979 haec
797 921 1011 976 vitanda
1032 929 1188 975 erant
1243 931 1298 973 et
1327 917 1714 973 abominanda.
1764 917 1935 971 Secus
1963 932 2058 971 au-

491 1025 597 1071 tem
614 1011 872 1084 quidquid
891 1010 1222 1067 oblatiunum
1250 1008 1515 1063 Deoioret
1531 1005 2055 1078 llﬁoﬂ'erendum,

488 1105 543 1159 id
567 1117 728 1156 omne
780 1102 1101 1169 imperatur.
1133 1098 1223 1152 Sic
1254 1101 1399 1153 enim
1431 1096 1483 1151 in
1516 1096 1759 1152 Levitico
1796 1096 2056 1165 scriptum

489 1205 608 1249 est:
644 1191 769 1246 Non
803 1192 1008 1259 facietis
1052 1191 1194 1244 vobis
1245 1190 1580 1258 manufacta,
1634 1204 1795 1256 neque
1842 1187 2057 1254 sculpti-

488 1286 584 1351 lia,
609 1300 773 1352 neque
801 1282 1014 1337 titulum
1045 1283 1278 1352 erigetis,
1313 1296 1479 1350 neque
1507 1279 1769 1349 lapideam
1796 1278 2059 1348 speculam

489 1376 732 1430 statuetis
769 1375 822 1427 in
849 1375 1059 1442 regione
1090 1383 1283 1437 uestra,
1321 1382 1373 1424 ut
1402 1386 1465 1424 ea
1496 1370 1752 1424 adoretis.
1778 1367 1891 1439 Ego
1922 1372 2060 1423 enim

490 1483 607 1521 sum
648 1467 902 1519 Dominus
933 1464 1069 1518 Deus
1103 1475 1269 1517 vester
1295 1461 1364 1515 '“.
1393 1462 1524 1516 Haec
1548 1472 1755 1525 autem,
1786 1462 1915 1529 quin
1950 1460 2061 1512 sint

491 1557 791 1612 conformia
816 1555 998 1609 verbis
1029 1555 1153 1619 illis,
1172 1553 1289 1608 Non
1317 1552 1485 1607 facies
1515 1550 1682 1605 ullum
1712 1548 2059 1603 simulacrum

494 1665 674 1704 rerum
706 1649 801 1703 tibi
836 1647 1150 1711 vetitorum,
1183 1660 1303 1715 qua:
1326 1645 1376 1698 in
1405 1644 1648 1698 recitatis
1675 1651 1822 1696 retro
1853 1641 2062 1710 legibus

492 1742 635 1795 dicta
671 1750 816 1806 sunt,
847 1739 1042 1808 quibus
1089 1737 1464 1791 deterrebatur
1520 1734 1807 1788 institutus
1853 1732 2064 1785 noviter

491 1835 558 1886 ad
588 1834 839 1902 pietatem
864 1830 1114 1901 populus,
1143 1828 1265 1898 quis
1302 1828 1373 1882 ita
1403 1827 1568 1882 hebes
1589 1833 1672 1880 est
1700 1833 1760 1879 ut
1813 1808 2064 1879 dubitare

491 1923 690 1994 queat?

569 2109 625 2164 lu
685 2107 1108 2163 Deuteronomio
1152 2116 1356 2167 autem.
1411 2106 1476 2158 de
1528 2103 1690 2158 rebus
1736 2103 1846 2158 Deo
1878 2116 2068 2158 conse-

495 2201 710 2255 craudis
738 2201 849 2252 haec
881 2197 1237 2253 mandantur:
1270 2193 1388 2273 Qua
1414 2194 1499 2247 die
1531 2201 1682 2247 trans
1702 2191 1988 2247 Iordanem
2014 2194 2069 2244 in

494 2293 755 2360 regionem
787 2290 1051 2354 veneritis,
1086 2304 1243 2359 quam
1274 2286 1528 2340 Dominus
1560 2285 1701 2347 Deus
1757 2285 1853 2338 tibi
1880 2300 2067 2338 conce-

495 2386 595 2447 dit,
622 2394 821 2438 statues
846 2382 917 2435 ibi
952 2381 1085 2433 duos
1107 2379 1309 2447 lapides
1346 2378 1592 2447 grandes,
1622 2392 1807 2447 eosque
1854 2374 2071 2430 dealba-

495 2479 596 2540 bis,
619 2476 913 2544 scribesque
943 2488 1101 2541 super
1131 2471 1213 2523 his
1243 2469 1511 2538 lapidibus
1546 2470 1702 2522 verba
1740 2467 1918 2523 omnia
1939 2467 2069 2538 legis

496 2571 658 2640 hujus
676 2568 744 2620 ".
773 2563 1151 2633 Deindepaulo
1180 2573 1302 2631 post
1325 2563 1422 2615 :Et
1446 2559 1738 2629 (edi/icabis
1810 2560 2072 2615 ibialtare

498 2660 793 2729 lapidibus.
831 2656 955 2725 Non
1006 2663 1188 2724 tanges
1240 2669 1324 2707 eos
1362 2652 1525 2720 ferro,
1565 2649 1827 2720 lapidibus
1854 2651 2072 2721 integris

499 2768 546 2808 te
566 2751 790 2821 .iﬁcabis
830 2750 1001 2803 altare
1033 2744 1258 2799 Domino
1288 2744 1394 2798 Deo
1426 2753 1539 2807 tuo,
1591 2743 1915 2813 elevabisque
1947 2743 2074 2798 illuc

498 2844 815 2897 holocausta
859 2839 1088 2894 Domino
1123 2837 1228 2892 Deo
1281 2847 1392 2899 tuo,
1443 2845 1493 2890 et
1538 2836 1606 2888 ad
1644 2835 1817 2889 altare
1861 2834 2073 2888 Domini

499 2935 599 2989 Dei
618 2934 695 2989 tui
720 2930 1044 3000 sacriﬁcubis
1062 2928 1130 2982 ⁷⁸.
1167 2929 1230 2981 Et
1252 2929 1427 2981 adhuc
1458 2937 1681 2998 postea:
1715 2926 2076 2994 lnscribesque

500 3027 769 3098 lapidibus
789 3026 903 3079 istis
931 3010 1231 3077 universam
1250 3020 1402 3073 ’ltanc
1435 3021 1597 3090 legem
1624 3016 2073 3086 potentissime".

503 3119 627 3174 lla-c
660 3117 881 3190 perinde
919 3129 1039 3171 esse
1061 3123 1224 3182 atque
1252 3111 1407 3179 illud,
1449 3110 1641 3166 Facies
1669 3107 2075 3163 tabernaculum

501 3222 558 3267 et
624 3209 959 3265 tabernaculi
1022 3204 1437 3275 supellectilem,
1497 3201 1767 3257 nemiuem
1834 3200 2074 3254 sobriqu

503 3302 973 3361 contradicturum
1028 3299 1287 3352 arbitror.
1344 3294 1484 3350 Alibi
1527 3307 1748 3364 quoque
1802 3292 1869 3348 de
1913 3286 2105 3346 rebus

505 3397 848 3451 ethnicorum
877 3392 1165 3462 religiosis,
1186 3390 1259 3443 ita
1288 3403 1477 3443 rursus
1492 3385 1848 3442 constitutum
1879 3383 1981 3438 luit‘
2059 3400 2073 3437 :

506 3487 643 3545 Cave
662 3503 723 3541 ne
755 3501 983 3556 unquam
1013 3483 1181 3553 fwdus
1223 3482 1368 3535 ineas
1398 3495 1515 3532 cum
1572 3478 1687 3547 ejus
1715 3478 1942 3546 regionis
1993 3476 2077 3528 in-

506 3583 659 3643 colis,
710 3579 780 3632 ad
812 3594 969 3647 quam
1020 3588 1076 3629 tu
1121 3572 1455 3643 ingredieris,
1512 3585 1577 3623 ne
1615 3567 1932 3624 scandalum
1983 3565 2078 3620 tibi

509 3674 668 3742 ﬁant.
702 3669 839 3722 Aras
874 3682 1051 3721 eorum
1080 3663 1342 3727 eoertetis,
1367 3664 1547 3731 cippos
1573 3677 1751 3716 eorum
1771 3661 2076 3726 conteretis,

507 3766 655 3817 lucos
674 3775 856 3815 eorum
882 3758 1182 3820 succidetis,
1206 3766 1252 3810 et
1284 3755 1497 3810 deorum
1532 3753 1896 3822 indigenarum
1936 3750 2082 3805 scul-

509 3856 664 3925 ptilia
701 3854 819 3923 igne
856 3849 1199 3906 comburetis.
1239 3846 1364 3901 Non
1410 3846 1548 3902 enim
1596 3844 1705 3899 Deo
1757 3844 1930 3898 alieno
1966 3858 2080 3896 ser-

508 3948 661 4002 vietis
685 3945 753 4000 ⁷⁸.
794 3943 959 4013 Atqui
997 3950 1117 4012 post
1149 3942 1266 3996 lucc
1312 3937 1487 4007 iussa,
1533 3936 1887 3991 nihilominus
1923 3932 2083 3988 Josue

510 4035 645 4090 Navi
677 4033 822 4089 [ilius
848 4046 1008 4101 pares
1033 4043 1260 4085 numero
1293 4028 1534 4083 tribuum
1581 4024 1796 4080 Israelis
1849 4023 2079 4091 lapides,

507 4138 631 4199 post
684 4124 942 4181 Jordanis
996 4123 1489 4184 transmissionem,
1542 4118 1636 4172 Dei
1710 4126 1843 4170 nutu
1884 4113 1995 4168 tolli
2052 4127 2082 4167 a

512 4219 742 4290 singulis
775 4217 1027 4273 tribubus
1078 4214 1388 4285 imperavit,
1421 4212 1563 4266 haud
1594 4208 1858 4280 ignobiles
1911 4220 2084 4276 neque

511 4310 961 4375 contemnendos,
995 4308 1089 4362 sed
1125 4306 1362 4375 insignes
1418 4302 1632 4358 futuros
1664 4309 1828 4371 atque
1864 4299 2084 4369 conspi-

510 4403 744 4468 cuos”;
770 4409 827 4457 ut
843 4398 1144 4464 sintvobis,
1182 4397 1381 4466 inquit,
1407 4395 1525 4449 loco
1553 4393 1690 4465 signi
1724 4392 1910 4462 positi,
1943 4408 2083 4447 nun-

511 4492 678 4561 tiique
711 4490 822 4544 sint
861 4490 1097 4558 posteris
1125 4485 1401 4551 aetatibus,
1437 4483 1807 4553 prodigiorum
1836 4475 2082 4539 hoc'loco

2094 1881 2141 1940 B

2158 639 2346 712 τρόπῳ
2380 640 2727 712 ἐκφερόμενα
2762 642 2875 714 τοῖς
2905 640 3330 712 ἐπιμελέστερον
3368 639 3733 711 διερευνωμέ-

2161 748 2272 795 νοις
2304 731 2550 803 ἐξευρεῖν
2589 733 2756 794 ἔστιν,
2797 735 2853 786 ὲν
2884 727 2967 797 οἷς
3010 731 3119 785 τῶν
3160 731 3261 803 μὲν
3308 730 3609 803 ἀλλοτρίων
3641 725 3767 787 ut

2158 820 2237 891 τῷ
2286 821 2553 894 ἀλιτηρίῳ
2584 823 2961 894 ἀνακειμένων
2988 822 3227 892 δαίμονι,
3266 822 3376 885 τοῖς
3412 820 3472 886 ἐξ
3516 820 3741 894 Ἰσραὴλ

2160 914 2194 984 ἡ
2226 912 2444 983 ποίησις
2474 914 2875 984 ἀπηγόρευται,
2902 913 3027 969 ἐπεὶ
3056 911 3267 984 φευκτά
3293 928 3354 968 τε
3384 909 3454 986 ἦν
3487 914 3583 968 καὶ
3618 912 3737 984 βδεο

2159 1002 2478 1076 λυρώταταο
2534 1005 2643 1058 τῶν
2675 1005 2729 1058 δὲ
2766 1007 2865 1059 ὃσα
2920 1007 3001 1071 είς
3035 1004 3296 1078 ἀνάθημα
3330 1005 3454 1077 Θεῷ
3508 1004 3734 1077 ἔμελλεν

2161 1098 2407 1165 ἔσεσθαι,
2438 1100 2521 1154 ὅτι
2576 1117 2634 1152 τε
2668 1101 2863 1171 αἱρετά
2891 1102 2970 1165 εἰς
3018 1101 3240 1173 μνήμην
3270 1099 3419 1172 αὐτῷ
3444 1101 3541 1155 καὶ
3567 1100 3736 1172 τιμὴν

2163 1191 2422 1261 ὑπάρξει,
2466 1191 2644 1246 ταῦτα
2676 1194 3039 1246 συντέτακται
3068 1209 3083 1225 ο
3125 1193 3221 1246 ὡδὶ
3255 1192 3365 1264 γάρ
3391 1193 3450 1247 ἐν
3473 1193 3552 1265 τῷ
3578 1193 3737 1247 Λευῖ-

2162 1283 2304 1354 τικῷ
2337 1283 2689 1353 γέγραπται·
2738 1285 2820 1338 Οὺ
2852 1284 3140 1351 ποιήσετε
3169 1283 3312 1354 ὑμῖν
3339 1283 3577 1351 ἑαυτοῖς
3615 1299 3737 1355 χει-

2154 1376 2473 1445 ροποίητα,
2526 1375 2671 1431 οὐδέ
2702 1377 2963 1446 τλυπτὰ,
2999 1377 3142 1431 οὐδὲ
3186 1376 3427 1446 στήλην
3472 1375 3739 1443 ἀναστή-

2162 1484 2326 1533 σετε,
2372 1466 2516 1523 οὐδὲ
2567 1469 2745 1524 λίθον
2800 1468 3037 1527 σκοπὸν
3088 1467 3351 1537 στήσετε
3410 1468 3480 1522 ἐν
3534 1466 3609 1537 τῇ
3661 1464 3739 1537 τῇ

2162 1560 2351 1630 ὑμῶν,
2384 1560 2809 1630 προσκυνῆσαι
2839 1559 3021 1626 αὐτῷ.
3071 1559 3212 1629 Ἐγὼ
3241 1557 3351 1630 γάρ
3380 1561 3496 1628 εὶμι
3526 1559 3740 1629 Κύριος

2164 1654 2196 1704 ό
2240 1650 2385 1717 Θεὸς
2418 1649 2612 1720 ὑμῶν·
2666 1648 2844 1703 ταῦτα
2879 1650 2937 1703 δὲ
2969 1650 3044 1714 ὡς
3072 1648 3337 1717 ἀνάλογόν
3361 1649 3478 1701 ἐστι
3516 1646 3595 1716 τῷ
3616 1686 3633 1712 ,
3663 1648 3738 1701 Οὐ

2166 1744 2414 1814 ποιήσεις
2462 1744 2570 1797 πᾶν
2620 1742 2875 1813 ὁμοίωμα
2928 1741 3037 1796 τῶν
3105 1740 3580 1812 ἀπηγορευμένων
3628 1740 3743 1802 τοῖς

2169 1836 2361 1890 ἀνόπιν
2406 1836 2725 1907 εἰρημένοις
2771 1836 2981 1906 νόμοις,
3021 1835 3080 1902 ἐξ
3114 1827 3191 1888 ὧν
3239 1834 3305 1906 δὴ
3343 1834 3439 1887 καὶ
3486 1832 3740 1902 ἀπείργει

2167 1928 2260 1982 τὸν
2310 1927 2428 1982 νέον
2481 1927 2618 1999 πρὸς
2668 1928 2952 1982 εὐσέϐειαν
3009 1925 3419 1996 ποδηγούμενω
3456 1923 3607 1991 λαὸν,
3659 1922 3743 1986 τίς

2167 2017 2342 2082 οὕτως
2378 2017 2711 2081 ἀνούστατος
2732 2018 2789 2082 δς
2821 2017 3249 2089 διαμφισϐητεῖν
3279 2014 3663 2086 ὲπιχειρήσοι;

2251 2111 2341 2163 Ἐν
2368 2110 2425 2163 δὲ
2454 2109 2532 2180 τῷ
2556 2110 3004 2183 Δειιτερονομίῳ’,
3041 2109 3220 2163 τοιάδε
3258 2107 3386 2178 περὶ
3413 2098 3489 2159 ὧν
3518 2103 3596 2177 τῷ
3625 2104 3745 2178 Θεῷ

2168 2201 2517 2274 ἀνιεροῦσθαι
2547 2202 2653 2273 χρὴ
2691 2201 3137 2274 προστέτακται·
3165 2192 3241 2273 ⁷ῌ
3275 2200 3352 2254 ἂν
3391 2198 3581 2270 ἡμέρᾳ.
3614 2196 3745 2251 δια-

2169 2293 2311 2364 ϐῆτε
2337 2296 2446 2349 τὸν
2495 2293 2797 2363 Ἰορδάνην
2843 2298 2933 2361 είς
2978 2293 3093 2362 τὴν
3139 2291 3293 2365 γῆν,
3337 2291 3419 2362 ἣν
3450 2292 3666 2361 Κύριος
3711 2288 3747 2344 ό

2173 2383 2317 2450 Θεὸς
2335 2382 2547 2437 δίδωσί
2574 2397 2697 2450 σοι,
2724 2383 2826 2437 καί
2860 2382 3111 2452 στήσεις
3131 2382 3369 2448 σεαυτῷ
3401 2381 3511 2437 δύο
3534 2381 3745 2446 λίθους

2165 2473 2502 2544 μεγάλους,
2534 2473 2633 2528 καὶ
2661 2473 2963 2540 κονιάσεις
2997 2473 3220 2539 αὐτοὺς
3255 2472 3451 2541 κονίᾳ,
3481 2471 3581 2526 καὶ
3611 2469 3748 2541 γρᾶο

2171 2566 2310 2634 ψεις
2340 2562 2438 2617 ἐπὶ
2468 2562 2588 2617 τῶν
2604 2564 2791 2618 λίθων
2823 2564 3058 2631 πάντας
3087 2565 3229 2629 τοὺς
3256 2565 3482 2634 λόγους
3506 2561 3614 2617 τοῦ
3647 2559 3748 2614 νό-

2167 2674 2286 2727 μου
2331 2657 2570 2711 τούτου.
2608 2652 2742 2711 Εἶτα
2777 2654 2951 2728 βραχὺ
2984 2655 3213 2729 ὕστερον
3237 2674 3251 2688 °
3287 2657 3397 2712 Kal
3426 2652 3748 2725 οἰκοδομή-

2174 2765 2314 2803 σετε
2353 2747 2482 2802 ἐκεῖ
2526 2747 2966 2817 θυσιαστήριον
3010 2748 3081 2802 ἐκ
3126 2748 3313 2803 λίθων
3338 2762 3351 2778 ·
3392 2749 3504 2803 οὐκ
3545 2747 3749 2801 mea.

2174 2841 2302 2905 λεῖς
2335 2837 2539 2904 αὐτοῖς
2575 2837 2853 2906 σίδηρον,
2882 2839 3076 2906 λίθοις
3116 2839 3480 2909 ὁλοκλήροις
3516 2837 3749 2894 οικοδο-

2170 2930 2388 3000 μήσεις
2420 2930 2487 2984 τὸ
2508 2928 2946 3000 θυσιαστήριον
2976 2932 3171 3001 Kvpltp
3207 2918 3289 2997 τῷ
3327 2928 3451 2997 Θεῷ
3473 2948 3612 2996 σου,
3649 2932 3747 2985 καὶ

2176 3021 2445 3087 ἀνοίσεις
2491 3020 2585 3075 ἐπ’
2630 3020 2781 3076 αὐτὰ
2810 3020 2887 3075 τὰ
2928 3023 3393 3093 ὁλοκαυτώματα
3442 3024 3638 3093 Κυρίῳ
3669 3020 3752 3088 τῷ

2180 3109 2302 3177 Θεῷ
2330 3126 2447 3165 σου
2468 3150 2483 3174 ,
2514 3110 2613 3165 καὶ
2668 3111 2883 3179 θήσεις
2927 3112 3059 3167 ἐκεῖ
3089 3115 3529 3183 θυσιαστήριον
3558 3116 3755 3184 Κυρίῳ

2104 3230 2148 3289 c
2178 3202 2258 3269 τῷ
2281 3203 2404 3269 Θεῷ
2430 3218 2569 3259 σου.
2593 3204 2703 3258 Καὶ
2733 3205 2872 3276 μετά
2894 3205 3066 3260 ταῦτα
3101 3205 3182 3261 [τι
3201 3224 3215 3237 ο
3243 3207 3351 3261 Kal
3388 3205 3637 3277 γράψεις
3654 3206 3757 3263 ἐπὶ

2182 3297 2302 3351 τῶν
2328 3298 2515 3353 λίθων
2530 3297 2964 3353 τούτωνπάντα
2985 3298 3091 3353 τὸν
3107 3298 3296 3368 νόμον
3312 3297 3529 3354 τοῦτον
3546 3297 3758 3367 σαφῶς

2182 3387 2439 3458 σφόδρα.
2472 3387 2661 3443 Ταῦτα
2696 3388 2772 3452 ὡς
2800 3388 2900 3461 τῷ,
2916 3389 3169 3460 Ποιήσεις
3201 3388 3305 3455 τὴν
3334 3387 3541 3460 σκηνὴν
3567 3390 3662 3443 καὶ
3689 3387 3760 3443 τά

2184 3478 2327 3533 κατά
2358 3478 2457 3551 τὴν
2494 3479 2723 3549 σκηνὴν,
2759 3478 3053 3547 ἀκόλουθα,
3084 3479 3277 3533 οὐδένα
3302 3479 3367 3534 ἂν
3400 3479 3511 3534 τῶν
3544 3496 3758 3550 σωφροο

2184 3570 2421 3625 νούντων
2449 3571 2698 3642 ἀντερεῖν
2746 3566 2923 3642 οἶμαι.
2976 3571 3087 3624 Καὶ
3117 3570 3300 3626 ἄλλοοι
3335 3570 3465 3640 γοῦν
3513 3571 3642 3643 περί
3691 3586 3757 3637 γε

2185 3661 2294 3717 τῶν
2317 3663 2375 3715 ὲν
2410 3662 2589 3716 ἔθνεσι
2621 3662 3002 3734 σεϐασμάτων,
3034 3661 3179 3716 οὕτω
3215 3662 3380 3716 πάλιν
3406 3663 3751 3733 νενόμισται⁶

2188 3755 2457 3823 Πρόσεχε
2504 3751 2769 3819 σεαυτῷ,
2796 3752 2880 3823 μή
2920 3769 3066 3808 ποτε
3105 3751 3610 3822 διαθῇ-διαθήκην
3636 3752 3760 3818 τοῖς

2186 3845 2619 3921 ἐγκαθημένοις
2650 3846 2749 3900 ἐπὶ
2778 3844 2888 3915 τῆς
2912 3844 3057 3916 γῆς,
3088 3849 3174 3912 είς
3209 3845 3290 3915 ἢν
3314 3844 3397 3899 σὺ
3430 3846 3759 3915 εῖσπορεύῃ

2188 3944 2274 4008 είς
2303 3940 2517 4009 αὐτὴν,
2540 3939 2626 4010 μή
2658 3954 2803 3994 ποτε
2834 3940 3076 4010 γένηται
3101 3940 3461 4009 πρόσκομμα
3490 3937 3562 3992 ἐν
3582 3937 3756 4009 ὑμῒνο

2188 4032 2331 4098 τοὺς
2358 4031 2608 4102 ,βωμοὺς
2644 4031 2845 4086 αὐτῶν
2872 4030 3177 4085 καθελεῖτε
3204 4070 3220 4097 ,
3249 4029 3348 4083 καί
3380 4030 3482 4096 τὰς
3523 4028 3763 4095 στήλας

2189 4122 2387 4179 αὐτῶν
2402 4122 2787 4191 συντρίψετε,
2819 4121 2920 4175 καί
2942 4121 3013 4174 τὰ
3033 4119 3198 4188 ἄλση
3219 4117 3420 4175 αὐτῶν
3443 4120 3761 4188 ἐκκόψετε,

2190 4216 2288 4272 καὶ
2328 4217 2401 4271 τὰ
2444 4214 2684 4286 -γλυπτά
2717 4212 2837 4268 τῶν
2888 4211 3040 4269 θεῶν
3100 4211 3303 4268 αὐτῶν
3353 4213 3765 4269 κατακαύσετε

2190 4310 2335 4379 πυρί
2358 4324 2372 4339 ·
2422 4309 2494 4362 οὑ
2551 4307 2660 4377 γὰρ
2711 4304 2798 4375 μὴ
2852 4309 3337 4374 πρυσκυνήσητε
3398 4300 3521 4379 Θεῷ
3560 4303 3761 4370 ἑτέρῳ.

2201 4398 2362 4454 Ἀλλά
2387 4395 2589 4451 τούτων
2609 4393 2785 4459 οὕτως
2808 4394 3195 4466 ἀπειρημένων
3217 4396 3246 4448 ὁ
3276 4393 3519 4465 Ναυῖδης
3535 4393 3763 4465 Ἰησοῦς,

2192 4489 2514 4562 ἰσαρίθμους
2541 4486 2652 4565 τῶν
2683 4486 2865 4557 φυλῶν
2897 4486 3114 4559 Ἰσραὴλ
3133 4485 3337 4552 λίθους,
3369 4486 3767 4558 περαιούμενος

511 4583 773 4638 divinitus
798 4579 965 4635 vestri
1000 4591 1165 4643 causa
1185 4574 1454 4630 editorum
1482 4573 1913 4645 magnitudinem
1937 4574 2074 4628 neti-

2186 4586 2278 4643 τὸν
2325 4582 2622 4655 Ἰορδάνην,
2654 4579 2832 4658 αἴρειν
2859 4580 2987 4642 τοὺς
3024 4579 3466 4651 ἀνειλημμένους
3502 4579 3597 4649 ἀφ’
3628 4580 3767 4633 έκά-

511 4677 759 4736 licantes,
792 4685 1095 4739 eorumque
1135 4668 1450 4724 memoriam
1494 4683 1590 4739 per
1624 4667 1819 4725 sarcula
1866 4682 2088 4723 conscr-

513 4778 724 4822 vautcs.
774 4765 881 4819 Sed
915 4771 968 4817 et.
995 4761 1096 4826 ipsi
1125 4762 1294 4833 Moysi
1347 4760 1582 4832 lapideas
1634 4761 1845 4817 tabulas
1891 4758 2085 4830 polire,

522 4859 693 4930 legem
729 4855 940 4911 Domini
984 4864 1318 4924 recepturas,
1364 4856 1678 4909 mandatum
1724 4852 1927 4919 fuit”;
1968 4868 2088 4921 quae

511 4960 856 5021 quantOpere
890 4946 1089 5001 fuerint
1142 4945 1513 5010 honorabiles,
1554 4955 1867 5015 quantaque
1915 4942 2088 5013 gloria

510 5053 812 5104 exornatae,
847 5040 976 5109 quid
1009 5054 1146 5107 Opus
1173 5037 1488 5093 estdicere?
1506 5036 1624 5104 Quo
1643 5038 1806 5093 etiam
1831 5034 2091 5088 Dominus

515 5132 862 5190 descendisse
918 5131 1137 5197 dicitur,
1176 5140 1450 5199 utcunque
1482 5129 1701 5184 demum
1739 5126 2089 5197 intelligenda

518 5234 600 5281 est
629 5223 845 5281 Domini
875 5222 1179 5279 descensio.
1216 5220 1374 5277 Unde
1407 5220 1573 5275 etiam
1612 5219 1815 5291 Moysis
1850 5218 2091 5272 illustra-

520 5318 680 5372 batur
710 5316 900 5383 iacies,
933 5315 1066 5370 adeo
1112 5324 1173 5369 ut
1210 5328 1276 5369 ne
1300 5311 1522 5367 adibilis
1559 5310 1776 5380 quidem
1821 5309 1932 5380 jam
1969 5323 2095 5380 spe-

515 5410 796 5465 ctantibus
817 5407 991 5485 ﬁeret.
1020 5405 1227 5476 Nempe
1256 5405 1327 5458 ibi
1349 5403 1544 5459 excudi
1576 5416 1715 5472 opus
1743 5410 1863 5457 erat
1888 5415 2007 5470 quae
2039 5402 2092 5455 in

519 5504 793 5574 prioribus
818 5501 1016 5557 tubulis
1044 5502 1250 5573 scripta
1289 5497 1526 5565 fuerant,
1553 5496 1790 5567 qualiter
1812 5509 1890 5551 ea:
1913 5495 2090 5551 exsti—

518 5606 694 5651 terant
717 5609 858 5665 quas
885 5594 939 5649 in
962 5603 1144 5647 monte
1166 5592 1367 5661 digitus
1394 5589 1487 5644 Dei
1509 5589 1805 5659 scripserat
1826 5605 2087 5662 ;quarum

588 5777 637 5808 "‘
673 5773 844 5829 Levit.
881 5787 1027 5833 xxvu,
1064 5772 1114 5825 Ι.

525 5844 691 5904 Josue
721 5859 795 5907 tv,
830 5842 920 5896 ‘20.
962 5842 1010 5873 "
1040 5841 1211 5897 Exod.
1262 5856 1446 5909 xxxiv,
1481 5842 1530 5897 l.

2191 4695 2322 4748 στης
2346 4674 2543 4744 φυλῆς,
2565 4672 2719 4744 παρά
2746 4672 2882 4727 Θεοῦ
2913 4672 3219 4737 κελεύεται,
3248 4673 3350 4726 οὐκ
3372 4673 3620 4744 ἀσήμους
3644 4672 3767 4726 οὐδὲ

2191 4749 2615 4832 ἀποπτῦστους,
2670 4764 2979 4835 ἐπισήμους
3008 4763 3066 4818 δὲ
3113 4762 3411 4836 ἐσομένους
3459 4762 3555 4817 καὶ
3603 4779 3766 4834 περι-

2191 4861 2392 4924 όπτους
2417 4859 2555 4915 ’Ἵνα
2575 4858 2899 4929 ὑπάρχωσιν
2929 4856 3078 4928 ὑμῖν,
3099 4855 3289 4924 φησὶν,
3306 4856 3388 4918 είς
3405 4857 3629 4925 σημεῖον
3648 4846 3767 4908 κεί-

2197 4970 2347 5026 μενοι
2368 4967 2384 4985 ’
2418 4952 2512 5007 καὶ
2540 4946 2652 5005 οἷον
2674 4949 2893 5020 ἄγγελοι
2917 4950 3038 5011 ταῖς
3069 4947 3369 5019 μετέπειτα
3392 4942 3502 5015 εἷεν
3526 4949 3766 5015 γενεαῖς,

2195 5045 2306 5099 τῶν
2351 5045 2480 5117 τῇδε
2531 5041 2923 5114 γεγενημένων
2974 5039 3182 5095 ἀνωθεν
3229 5039 3415 5102 αὐτοῖς
3466 5039 3769 5111 τεραστίων

2192 5135 2649 5207 διασημαίνοντες
2680 5134 2742 5191 τὸ
2784 5133 3104 5205 μεγαλεῖον,
3158 5132 3251 5187 καὶ
3300 5131 3398 5204 τὴν
3432 5134 3657 5205 μνήμην
3702 5131 3771 5185 δι’

2194 5225 2391 5290 αίῶνος
2423 5224 2790 5295 φυλάσσοντες
2811 5242 2824 5253 ·
2856 5221 2995 5279 ἀλλά
3015 5221 3108 5277 καὶ
3139 5220 3347 5292 Μωσῆς
3364 5220 3532 5285 αὐτὸς
3563 5219 3772 5285 λιθίνας

2198 5317 2415 5381 πλάκας
2449 5314 2728 5383 λαξεύειν,
2761 5315 2927 5384 νόμον
2957 5311 3092 5367 Θεοῦ
3122 5310 3419 5385 δεξομένοις
3442 5348 3460 5376 9
3495 5309 3771 5382 προστάτ-

2195 5425 2348 5463 τεται
2371 5425 2383 5439 ο
2413 5408 2489 5471 ὼς
2512 5405 2557 5460 δ’
2591 5401 2685 5460 οὖν
2717 5405 2898 5476 τίμιαι
2943 5404 3037 5458 καὶ
3071 5402 3190 5474 μεθ’
3219 5403 3340 5466 οῖας
3372 5402 3554 5471 δόξης,
3581 5400 3637 5454 τί
3664 5402 3773 5474 χρὴ

2200 5500 2295 5555 καὶ
2344 5498 2565 5568 λέγειν;
2607 5495 2779 5550 Ἔνθα
2814 5495 2909 5549 καὶ
2940 5493 3384 5566 καταδεδηκέναι
3417 5494 3510 5548 τὸν
3542 5492 3770 5565 Κύριον,

2196 5592 2317 5661 ἥτις
2355 5589 2484 5644 ποτέ
2514 5591 2632 5642 ἐστι
2668 5586 2803 5642 Θεοῦ
2841 5585 3143 5649 κατάϐασις
3191 5586 3411 5653 λέγεται
3432 5601 3447 5617 ο
3478 5583 3541 5650 ἐξ
3575 5578 3651 5640 ὧν
3680 5586 3777 5639 καὶ
3836 5604 3843 5607 '

1228 5772 1272 5802 ⁷⁵
1299 5771 1453 5825 Deut.
1485 5786 1655 5839 xxv",
1687 5772 1740 5827 Ξ.
1817 5774 1863 5806 ⁷⁸
1892 5733 2023 5828 ibid.
2065 5771 2121 5839 5,
2152 5770 2207 5824 7.
2281 5771 2325 5803 "
2354 5768 2483 5825 ibit].
2510 5768 2563 5823 8.
2663 5767 2708 5798 "'
2731 5765 2900 5821 Exod.
2935 5781 3090 5832 sum,
3125 5763 3230 5831 '52;
3259 5764 3415 5820 Deut.
3451 5779 3544 5831 vn,
3569 5763 3625 5819 2.
3701 5763 3745 5794 τ’
