4072 6324
295 433 407 498 {53

1004 426 1633 492 ANTIRRHETICUS
1672 429 1765 488 Ill
1802 429 1972 489 ADV.
2014 430 2608 497 CONSTANTINUM
2648 439 2866 507 COPR.

3464 444 3572 513 454

290 543 356 596 τὸ
387 540 638 604 Μωσέως
671 538 958 607 δοξάζεται
983 539 1303 609 πρόσωπον,
1326 536 1411 627 fit;
1445 537 1583 608 μηδέ
1629 537 1875 608 προσιτδι

1993 539 2441 606 excipieudarum
2459 561 2589 602 cum
2648 563 2991 619 peceawtcm
3012 554 3266 625 populum
3289 555 3574 627 indignum

289 634 493 689 λοιπὸν
522 636 635 696 τοῖς
674 632 842 702 ὁρῶσι
873 631 1179 701 γινόμενον,
1203 629 1288 697 ἐφ’
1319 621 1362 695 ᾧ
1390 628 1455 698 δὴ
1494 629 1585 681 καὶ
1622 628 1887 682 ἐντυποῦ-

292 726 426 780 σθαι
475 724 584 778 ἔδει
627 725 777 796 ἆπερ
808 726 866 777 ἐν
911 724 1034 786 ταῖς
1079 720 1245 785 πλαξὶ⁵
1272 722 1397 783 ταῖς
1436 720 1734 791 προτέραις
1761 719 1886 788 ἐγέ-

287 836 536 890 γραπτο,
570 817 754 870 ὁποῖαι
788 816 853 887 δὴ
880 816 1087 869 ἐκεῖναι
1128 812 1377 883 ὑπῆρχον
1404 812 1460 866 αἱ
1490 811 1630 883 πρὸς
1658 810 1737 882 τῷ
1768 810 1889 882 ὄρει

289 909 706 981 σχεδιασθεῖσαι
738 908 836 962 καὶ
867 907 997 978 θείῳ
1030 905 1282 975 δακτύλῳ
1313 903 1661 975 γραφόμεναι
1685 943 1701 967 ,
1731 902 1795 966 ἃς
1823 902 1887 974 δὴ

292 1005 370 1073 μὴ
405 1003 564 1069 ἀξιον
594 996 733 1054 εῖναι
760 999 898 1053 λαὸν
920 984 1347 1070 παρανομοῦντα
1369 995 1465 1049 καὶ
1480 993 1891 1064 πάροινονρύπο-

290 1093 555 1162 δέξασθαι
608 1093 802 1165 κρίνας
842 1093 871 1145 ό
918 1088 1257 1161 νομοθέτης,
1309 1085 1513 1159 χειρῶν
1565 1084 1879 1157 ἀπορρίψας

288 1187 622 1259 συνέτριψεν
649 1203 662 1217 ·
709 1184 814 1256 ήδη
841 1182 901 1237 δέ
951 1183 1047 1236 καὶ
1090 1180 1479 1251 θυσιαστήριον
1509 1180 1572 1231 ἐκ
1619 1179 1723 1249 γῆς
1753 1194 1814 1231 τε
1842 1177 1875 1248 ἢ

1993 628 2302 698 iudicasset
2335 633 2629 705 lcgislator,
2657 642 3177 713 manibusabjectas
3209 646 3321 715 iam
3353 653 3560 704 contri-

1995 731 2173 775 νεῖαι.
2205 720 2430 795 Insuper
2456 737 2509 782 et
2538 728 2713 785 altare
2746 746 2810 786 ex
2836 733 2989 802 gleba
3024 751 3089 790 ac
3146 736 3417 806 lapidibus
3470 744 3571 795 mi-

1994 814 2140 868 nime
2186 815 2483 873 elaboratis
2516 819 2625 875 Deo
2679 823 2908 878 excitari
2941 828 3256 882 mandatum
3287 830 3389 885 fuit
3410 834 3480 899 ⁸³,
3514 835 3571 887 in

1993 920 2103 974 quo
2147 906 2333 961 oﬁ'erri
2402 909 2716 967 holocausta
2765 914 2851 969 lex
2910 917 3153 987 iubebat.
3205 919 3345 988 Quid
3406 939 3569 992 porro

1995 1013 2220 1067 magnus
2251 999 2420 1056 Isaias
2451 1002 2591 1057 elata
2620 1020 2772 1071 voce,
2790 1005 2991 1076 Spiritu
3016 1010 3343 1077 instructus,
3364 998 3568 1070 clama-

1987 1087 2111 1141 hat?
2131 1089 2228 1144 Die
2248 1091 2340 1145 illa
2379 1094 2477 1146 erit
2503 1095 2675 1150 altare
2705 1096 2930 1152 Domino
2961 1100 3016 1153 itt
3040 1102 3251 1169 regione
3280 1103 3568 1174 .Egyptt'o-

1986 1196 2122 1242 rum,
2159 1190 2206 1232 et
2244 1181 2431 1241 titulus
2463 1184 2625 1254 juxta
2668 1188 2949 1255 terminum
2975 1190 3221 1261 ejus(55)
3251 1190 3564 1252 Domino".

287 1280 461 1333 λίθων
508 1277 772 1347 ἀτμήτων
800 1271 881 1344 τῷ
925 1270 1046 1342 Θεῷ
1099 1268 1497 1341 ποιηθήσεσθαι
1548 1268 1968 1340 ἐπιτέτραπται,
2011 1269 2098 1339 ἐφ’
2154 1262 2198 1338 ᾧ
2238 1272 2532 1343 ἀναφέρειν
2580 1275 2650 1329 τὰ
2700 1277 3134 1350 ὁλοκαυτώματα
3159 1281 3458 1351 ἐνομίζετο.
3501 1285 3566 1336 Τί

286 1370 344 1424 δὲ
377 1370 411 1422 ό
442 1368 621 1438 μέγας
669 1365 897 1427 Ἡσαΐας
939 1360 1340 1432 μεγαλοφώνους
1389 1361 1445 1411 ἐν
1495 1356 1774 1426 Πνεύματι
1839 1358 2219 1429 ἀνακέκραγες
2266 1360 2349 1431 Τῇ
2397 1363 2587 1433 ἡμέρᾳ
2642 1366 2849 1437 ἐκείνῃ
2886 1368 3060 1425 ἔσται
3128 1374 3575 1444 θυσιαστήριιν

287 1459 369 1525 τῷ
399 1459 600 1526 Κυρίῳ
621 1458 691 1511 ἐν
710 1454 869 1523 χώρᾳ
891 1451 1249 1522 Αἰγυπτίων,
1283 1449 1381 1504 καὶ
1403 1447 1604 1516 στήλη
1633 1449 1783 1517 πρὸς
1806 1448 1871 1501 τὸ
1912 1450 2079 1519 ὅριον
2107 1453 2298 1522 αὐτῆς
2326 1454 2407 1521 τῷ
2439 1458 2652 1524 Κιφίφ,

372 1550 522 1604 Ἀλλ’
556 1547 794 1603 ἐνταῦθα
845 1544 1165 1615 γενομένοις
1221 1539 1644 1595 διασκοπεῖσθαι
1706 1538 1881 1604 ἀξιον,

285 1645 313 1698 ὃ
346 1662 399 1697 τι
451 1642 520 1696 ἂν
550 1642 681 1711 ἡμῖν
704 1635 905 1692 ’ταῦτα
954 1633 1365 1705 κατασημήνειε
1390 1647 1404 1661 ⁸
1443 1631 1624 1701 φαμὲν
1651 1631 1881 1724 τοίνυν,

285 1737 364 1800 ὡς
425 1732 623 1802 ἐπειδὴ
668 1730 838 1785 πάλαι
890 1725 1166 1781 δυσσεόὦν
1214 1725 1452 1791 μάλιστα
1504 1722 1752 1793 ὑπῆρχον
1785 1724 1883 1776 Λί-

286 1826 519 1895 γύπτιοι
562 1822 979 1890 δυσσεϐέστεροι
1008 1858 1025 1883 ,
1076 1817 1170 1871 καὶ
1219 1815 1514 1887 δαιμονίων
1559 1812 1884 1884 ἀκαθάρτων

2062 1543 2166 1598 Sed
2196 1546 2301 1599 huc
2329 1559 2622 1616 provectos
2657 1552 3007 1609 considerare
3035 1570 3133 1610 nos
3159 1568 3396 1624 oportet,
3432 1560 3563 1627 quid

1986 1635 2103 1691 h'ec
2139 1638 2298 1693 nobis
2333 1641 2667 1710 significent.
2698 1643 2937 1700 Dicimus
2959 1663 3111 1715 ergo,
3140 1649 3259 1717 ejus
3309 1652 3385 1706 rei
3434 1668 3566 1707 cau—

1985 1743 2101 1781 satn
2128 1727 2321 1795 fuisse,
2352 1733 2495 1798 quod
2529 1748 2638 1802 pra:
2671 1736 2925 1793 omnibus
2954 1737 3073 1793 l'ulsi
3100 1741 3274 1794 cultus
3335 1744 3566 1797 asseclis

1984 1816 2224 1890 Egyptii
2257 1823 2604 1888 potissimum
2636 1841 2662 1877 a
2709 1841 2836 1880 vera
2888 1830 3150 1901 religione
3207 1834 3560 1897 oberrabant,

289 1914 665 1989 θεραπευταὶ,
690 1913 778 1967 τὺν
807 1910 970 1981 φύσει
995 1908 1091 1962 καὶ⁸
1117 1907 1335 2007 atque;
1360 1906 1692 2007 ἠγνοηκότες
1720 1904 1875 2007 θεόν·

1986 1917 2040 1963 et
2063 1911 2395 1980 impurorum
2417 1913 2722 1970 daemonum
2747 1917 2934 1971 famuli
2960 1932 3137 1988 erant,
3164 1936 3349 1978 rerum
3370 1937 3564 1997 suapte

287 2008 610 2080 ἀνθρώπων
654 2004 765 2075 γάρ
818 1998 1060 2072 μορφάς,
1089 1998 1185 2051 και)⁵
1216 1998 1324 2068 μὴν
1355 1997 1451 2050 κα)⁵
1476 1994 1689 2064 ἀλόγων
1721 1994 1875 2058 ζώων

1988 2009 2184 2053 natura
2212 2000 2377 2056 Deum
2410 2002 2744 2071 ignorantes.
2780 2007 2989 2061 Etenim
3019 2010 3296 2066 hominum
3331 1994 3558 2084 formas,

287 2101 580 2163 ποικίλους
612 2094 945 2166 ἀνεστήλουν
977 2090 1217 2155 τύπους,
1252 2090 1349 2143 καὶ
1390 2088 1466 2152 ὡς
1513 2088 1655 2151 θεοῖς
1700 2100 1877 2159 προσ-

290 2196 532 2246 εκύνουν
558 2185 994 2259 ἀνοηταίνοντεςσ
1011 2180 1447 2251 κεκαθαρμένοις
1468 2195 1528 2232 τε
1557 2179 1653 2233 καὶ
1668 2180 1877 2248 νοητοῖς

284 2284 545 2355 δμμασιν
570 2282 599 2334 ό
624 2276 916 2340 θεσπέσιος
952 2273 1255 2373 προφήτης.
1271 2268 1662 2373 προορώμενος
1678 2309 1693 2333 ,
1727 2269 1877 2373 άπερ

284 2377 479 2440 αὐτοῖς
529 2370 885 2441 ἐπιφανέντος
924 2369 1037 2429 τοῖς
1066 2365 1161 2418 ἐπὶ⁹
1190 2363 1296 2434 γῆς
1329 2360 1419 2415 τοῦ
1470 2362 1690 2416 πάντων
1717 2363 1750 2432 ἡ
1760 2361 1877 2431 μῶν

285 2468 551 2539 Σωτῆρος
566 2459 820 2534 Χριστοῦ
850 2456 1398 2529 συμπορισθήσεται,
1449 2452 1637 2523 φησιν,
1671 2454 1755 2507 ὅτι
1780 2453 1874 2508 τοῦ

286 2560 440 2615 θείου
466 2559 563 2611 καὶ
589 2551 951 2624 εὐαγγελικοῦ
979 2549 1337 2621 κηρύγματος
1357 2544 1790 2616 ἐπανθήσαντος,
1816 2547 1877 2600 τὸ

284 2653 386 2724 τῆς
441 2646 780 2716 θεογνωσίας
823 2642 1008 2707 αὐτοῖς
1055 2637 1357 2708 ἐπιλάμψει
1404 2635 1566 2700 σέλας
1591 2652 1604 2667 ⁸
1646 2637 1876 2691 κάκεῖνα

289 2744 392 2815 μὲν
429 2741 509 2795 τὰ
532 2739 702 2808 ἐναγῆ
735 2735 915 2790 πάντα
938 2730 1405 2803 καθαιρεθήσεται
1441 2726 1537 2780 καὶ
1568 2727 1875 2798 ἀφανισθή-

287 2851 470 2898 σεται,
503 2826 1000 2898 ἀντεισαχθήσεται
1023 2823 1081 2876 δὲ
1106 2822 1200 2876 καὶ
1231 2822 1597 2893 ἀναστήσεται
1629 2821 1747 2876 θεῖα
1782 2821 1876 2876 θυι

287 2922 594 2992 σιαστήρια
621 2918 718 2972 καὶ
747 2914 884 2985 ἱεροὶ
916 2913 1096 2984 σηκοὶ,
1127 2912 1187 2965 ἐν
1220 2905 1300 2975 οἷς
1338 2911 1367 2964 ὅ
1396 2926 1456 2963 τε
1483 2911 1579 2965 τοῦ
1603 2911 1872 2978 ζωοποιοῦ

286 3009 536 3084 σταυροῦ
570 3007 766 3070 τύπος,
797 3005 894 3058 καὶ
921 3001 1016 3057 τοῦ
1046 3001 1321 3074 άχράντου
1354 3000 1594 3071 Χριστοῦ
1623 3002 1876 3069 σώματος

287 3106 318 3158 ό
352 3100 607 3168 θεοειδὴς
636 3093 957 3169 χαρακτὴρ,
989 3092 1368 3163 ἐμπρέποντες
1395 3089 1871 3161 ἐνιδρυθήσονται,

283 3191 718 3263 διακοσμοῦντες
748 3184 924 3240 ταῦτα
950 3184 1045 3238 καὶ
1066 3181 1488 3253 περιστέφοντες
1516 3197 1530 3210 ⁸
1568 3183 1665 3235 καὶ
1693 3181 1757 3251 δὴ
1791 3182 1873 3245 είς

282 3287 457 3342 τοῦτο
485 3283 668 3346 αὐτοῖς
695 3277 991 3349 εύκληρίας
1033 3274 1103 3329 τά
1135 3274 1601 3347 προηγορευμένα
1633 3274 1734 3345 ήδη
1771 3274 1864 3327 ἐκ-
1898 3302 1940 3362 c

287 3378 568 3448 ϐέϐηκεν·
612 3372 688 3435 ὡς
733 3365 827 3424 οὖν
860 3368 981 3431 ἀντὶ.
1018 3365 1180 3433 ξύλου
1220 3364 1397 3431 ξύλον,
1435 3366 1527 3419 καὶ
1554 3365 1677 3421 ἀντί
1704 3363 1871 3436 τεμέ-

284 3484 417 3532 νους
474 3462 724 3535 τέμενος,
779 3458 875 3513 καὶ
920 3457 1041 3511 ἀντὶ
1084 3455 1290 3509 θυσιῶν
1340 3453 1560 3521 θυσίαι,
1607 3455 1704 3509 καὶ
1751 3453 1873 3508 ἀντὶ

286 3560 517 3614 πάντων
566 3554 675 3609 τῶν
726 3549 1056 3622 ἀκαθάρτων
1112 3546 1208 3601 καὶ
1255 3545 1562 3617 βδελυκτιῖΝ
1614 3546 1684 3600 τά
1734 3546 1860 3625 καθ’

286 3648 446 3720 ἡμᾶς
482 3640 856 3699 ἀνατέταλκεν
905 3638 1037 3707 ἅγια
1060 3679 1075 3701 ,
1117 3635 1294 3700 οὕτως
1323 3636 1445 3690 ἀντὶ¹
1473 3635 1584 3688 τῶν
1621 3636 1870 3706 ματαίων

286 3737 524 3792 ἐκείνων
567 3731 663 3785 καὶ
714 3727 975 3800 μυσαρῶν
1011 3725 1222 3797 στηλῶν
1244 3765 1260 3791 ,
1303 3724 1379 3789 ὡς
1410 3724 1741 3797 οἰκειότερον
1774 3725 1871 3781 καὶ

288 3826 745 3901 προσφυέστερον
796 3821 912 3883 τοῖς
962 3818 1326 3889 προφητικοῖς
1378 3817 1730 3888 ἁρμόσασθαι
1777 3816 1868 3872 λο-

286 3920 438 3990 γίοις
462 3955 477 3981 ,
506 3915 561 3968 αἱ
612 3912 908 3967 πάνσεπτοι
941 3907 1037 3963 τοῦ
1072 3908 1327 3978 Σωτῆρος
1374 3906 1612 3975 στῆλαι,
1641 3907 1764 3979 ἦτοι
1797 3907 1868 3963 τὰ

289 4004 652 4083 προσκυνητὰ
704 3998 1067 4071 είκονίσματα
1100 3995 1237 4068 όμοῦ
1292 3997 1404 4059 τοῖς
1457 3994 1640 4060 ἀλλοις
1676 3997 1866 4068 ἱεροῖς,

289 4102 416 4157 κατ’
445 4099 723 4167 Αἴγυπτον
773 4090 925 4160 ὅλην,
959 4088 1107 4144 καθά
1152 4089 1246 4143 καὶ
1277 4087 1383 4141 ἀνά
1438 4089 1622 4142 πᾶσαν
1651 4088 1869 4157 τὴνίοί-

289 4191 597 4262 κουμένην,
642 4184 855 4256 κομῶσι
888 4182 986 4237 νῦν
1031 4179 1385 4250 πληθυόμενα
1418 4180 1513 4233 καὶ
1539 4178 1865 4251 τιμώμενω

288 4284 438 4338 οῦτω
464 4282 646 4336 τοίνυν
670 4277 763 4334 καὶ
785 4277 836 4330 οἱ
864 4268 1258 4342 ὃσιοιάνδρες,
1287 4272 1338 4324 οἱ
1366 4273 1438 4325 τὰ
1465 4271 1560 4326 τοῦ
1598 4272 1866 4345 θεοφόρου

290 4371 886 4445 ύπομνηματίζοντες,
953 4365 1056 4430 τὰς
1120 4363 1491 4435 προκειμένας
1548 4362 1866 4437 ὲξειλῄφασι

290 4468 505 4538 ῥήσεις.

373 4554 661 4610 Ἐντεῦθεν
714 4554 808 4606 ἐπὶ
859 4552 985 4615 τοῦς
1027 4551 1395 4623 παλαιτέρους
1440 4548 1552 4603 τῶν
1602 4548 1866 4621 χρόνωνό
1917 4551 1922 4556 “

1984 2100 2036 2145 et
2077 2092 2296 2160 quidem
2360 2095 2525 2149 etiam
2578 2096 2974 2154 irratiottalium
3022 2102 3328 2158 bestiarum
3378 2110 3562 2165 varias

1985 2186 2362 2253 praponebant
2394 2186 2623 2257 ﬁguras,
2680 2204 2881 2260 easque
2915 2192 3093 2249 insutr
3129 2197 3353 2252 deorum
3404 2201 3560 2256 stulti

1983 2270 2286 2331 adurebant
2319 2277 2453 2348 (54).
2491 2279 2651 2350 117
2702 2281 2862 2337 Puris
2894 2296 3078 2340 autem
3125 2288 3431 2345 intellectus
3471 2295 3558 2349 sui

1982 2366 2159 2421 oculis
2207 2368 2366 2423 divus
2400 2372 2663 2441 propheta
2720 2374 3047 2442 prmvidens,
3127 2392 3379 2447 quaenam
3431 2384 3557 2449 illis,

1982 2472 2278 2527 apparente
2322 2462 2374 2515 in
2454 2471 2599 2518 terra
2655 2467 2951 2523 universali
3019 2480 3208 2525 nostro
3260 2471 3558 2531 Servatum

1982 2549 2223 2616 Christo,
2263 2553 2593 2610 conferenda
2629 2568 2834 2625 essent,
2862 2559 2934 2613 ait
2961 2559 3078 2616 fore
3102 2572 3166 2616 ut
3191 2564 3374 2619 divina
3409 2567 3559 2622 emo-

1984 2651 2233 2698 rescente
2268 2643 2548 2715 Evangelii
2607 2651 3019 2718 prmdicationc,
3069 2653 3164 2709 Dei
3196 2657 3404 2712 notitite
3455 2660 3557 2714 ob-

1980 2733 2191 2789 oriatur
2221 2735 2356 2805 ipsis
2386 2736 2591 2791 lumen.
2643 2738 2708 2792 Et
2742 2740 2832 2795 illa
2864 2744 3085 2812 quidem
3133 2747 3335 2815 polluta
3374 2751 3555 2805 omnia

1982 2834 2281 2894 purgentur
2335 2841 2400 2882 ac
2444 2827 2823 2896 destruantur,
2879 2834 3141 2890 succedat
3191 2848 3375 2894 autem
3412 2839 3557 2895 divi-

1980 2930 2173 2970 norum
2207 2916 2463 2974 altarium
2487 2922 2714 2988 erectio,
2743 2935 2798 2978 et
2828 2939 2986 2980 Sacra
3010 2927 3259 2994 delubra,
3280 2930 3332 2984 in
3355 2932 3555 3001 quibus

1980 3005 2211 3061 vivilicze
2239 3009 2417 3064 crucis
2436 3018 2615 3080 typus,
2638 3020 2692 3066 et
2712 3012 3052 3070 immaculati
3071 3021 3318 3088 corporis
3337 3019 3546 3079 Christi

1979 3095 2197 3151 divinus
2229 3096 2538 3163 character,
2571 3101 2854 3172 splendide
2884 3104 3321 3178 collocabuntur,
3347 3125 3376 3165 a
3427 3113 3540 3182 qui-

1980 3186 2079 3239 bus
2110 3188 2366 3254 prmdicta
2400 3189 2519 3246 loca
2544 3201 2924 3249 ornamentum
2944 3198 3239 3267 .accipient
3266 3208 3428 3270 atque
3453 3219 3550 3259 co-

1979 3292 2189 3333 ronatn.
2212 3276 2292 3333 Re
2317 3289 2496 3336 autem
2520 3298 2647 3339 vera
2669 3284 2783 3342 haec
2803 3285 3035 3344 feliciter
3058 3288 3318 3347 vati’cinia
3340 3296 3548 3351 exitum

1975 3368 2303 3425 habuerunt.
2339 3371 2495 3449 Sicut
2517 3388 2648 3444 ergo
2674 3376 2822 3446 ligno
2859 3377 3090 3449 lignum,
3133 3384 3356 3440 delubro
3400 3386 3549 3440 delu-

1970 3461 2150 3529 brum,
2188 3463 2476 3521 sacriﬁciis
2502 3467 2798 3535 sacriﬁcia,
2835 3471 3066 3541 impuris
3092 3476 3360 3544 quibusve
3384 3484 3548 3549 atque

1971 3552 2356 3610 abominandis
2386 3572 2543 3627 sacra
2576 3568 2759 3615 nostra
2784 3575 3173 3621 successerunt
3193 3568 3313 3636 ;;ita
3338 3576 3547 3639 pro'va-

1970 3643 2057 3698 nis
2105 3642 2211 3701 illis
2237 3645 2576 3718 itupurisque
2598 3650 2795 3719 cippis,
2822 3661 2883 3706 ut
2915 3655 3145 3723 propius
3180 3665 3343 3728 atque
3387 3669 3546 3715 natu-

1972 3733 2144 3789 ralius
2180 3739 2515 3807 propheticis
2536 3742 2874 3810 quaererent
2904 3746 3166 3811 oraculis,
3197 3752 3544 3807 sanctissima

1971 3826 2277 3885 Servatoris
2327 3845 2704 3899 monumenta,
2736 3837 2812 3890 id
2856 3844 2939 3890 est
2996 3843 3320 3896 veneranda
3375 3843 3548 3912 ipsius

1970 3920 2235 3992 imagines
2268 3940 2372 3978 una
2413 3940 2538 3981 cum
2606 3927 2729 3983 aliis
2778 3928 2952 3985 sacris
3002 3930 3199 3996 rebus,
3236 3946 3333 4002 per
3377 3932 3547 4006 ,θεῖν

1969 4020 2118 4080 ptum
2167 4021 2331 4068 lotam
2388 4030 2598 4071 necnon
2647 4019 2959 4074 universum
2996 4020 3183 4075 orbem
3209 4064 3226 4089 ,
3269 4025 3548 4082 abundant
3576 4066 3593 4079 κ

1969 4102 2343 4172 multiplicata:
2376 4115 2431 4161 et
2460 4106 2764 4164 honoribus
2809 4109 3037 4167 affectae.
3073 4112 3164 4168 Sic
3223 4129 3418 4186 nempe
3450 4120 3543 4186 qui

1968 4195 2034 4248 ad
2091 4195 2414 4266 inspiratum
2467 4201 2791 4270 pmphetam
2857 4217 3307 4263 contmentantur
3369 4212 3544 4266 sanCti

1968 4289 2096 4356 viri,
2130 4291 2388 4361 praedicta
2422 4292 2585 4348 verba
2621 4295 3159 4371 intellexerunt(55).

2038 4548 2176 4605 llinc
2204 4551 2269 4604 ad
2298 4550 2607 4619 antiquiora
2647 4560 2889 4621 tempora
2919 4555 3094 4609 oratio
3135 4568 3320 4615 nostra
3355 4572 3536 4616 verta-

289 4647 449 4716 λόγος
478 4647 685 4701 ἄνεισιν
706 4658 720 4673 ⁸
753 4644 829 4707 ὡς
862 4642 929 4697 ἂν
967 4642 1317 4714 κατοψόμεθα
1349 4641 1401 4694 τί
1428 4640 1505 4711 τῷ
1550 4640 1864 4717 πατριάρχῃ

1979 4653 2079 4708 tur,
2115 4652 2172 4696 ut
2201 4642 2558 4698 observemus
2593 4644 2722 4713 quid
2782 4646 3092 4714 patriarcha
3147 4648 3384 4707 Jacobus
3418 4669 3542 4708 cum

304 4735 499 4790 Ἰακὼὸ
540 4738 620 4799 εἰς
644 4736 871 4807 Χαρράν
899 4735 1115 4788 ἀπιόντι
1146 4734 1640 4805 πεπραγμάτευται
1662 4772 1678 4796 ,
1714 4734 1774 4797 ὃς
1801 4750 1865 4799 γε

289 4826 417 4880 ἐπεὶ
446 4826 599 4898 ἡλίου
641 4824 1037 4888 καταδύνοντος
1063 4824 1201 4896 πρὸς
1235 4824 1406 4879 ὕπνον
1434 4823 1733 4893 ἐτράπετο,
1771 4822 1866 4876 τοῦ

292 4917 670 4990 ἀπηντηκότας
718 4919 902 4989 χώρου
955 4916 1103 4970 λίθον
1151 4914 1311 4979 ἑλὼν,
1365 4915 1505 4987 πρὸς
1530 4914 1611 4986 ’τῇ
1657 4914 1865 4986 κεφαλῇ

292 5008 519 5075 τίθεται,
549 5007 679 5061 ἔνθα
706 5008 777 5060 τὰ
814 5006 924 5061 τῶν
951 5006 1230 5087 ἐφυπνίῳν
1251 5006 1509 5060 τεθέαται
1532 5004 1730 5074 ὄψεων.
1757 5006 1869 5058 Καὶ

294 5094 410 5153 εἶτα
451 5099 548 5154 τοῦ
597 5098 767 5153 ὕπνου
802 5098 1141 5167 ἀνενέγκας,
1169 5097 1380 5170 Κύριος
1410 5091 1554 5150 εἶναι
1610 5096 1865 5160 ἐνταῦθα,

294 5193 391 5245 καὶ
454 5189 531 5262 μὴ
565 5190 764 5244 εἰδέναι
789 5230 805 5254 ,
861 5188 1070 5260 ἔφασκε
1093 5205 1109 5221 ·
1144 5190 1405 5260 φοϐερόν
1435 5206 1499 5243 τε
1537 5188 1725 5244 ἐκάλει
1771 5191 1867 5244 καὶ

295 5276 477 5338 οἷκον,
488 5281 663 5349 Θεοῦ,
697 5282 794 5337 καὶ
820 5282 1000 5353 πύλην
1026 5282 1263 5353 ούρανοῦ
1296 5281 1631 5352 ἐφαντάζετο
1651 5294 1665 5310 ⁸
1685 5282 1782 5337 καὶ
1804 5281 1866 5355 δὴ

362 5461 406 5496 ⁸⁸
448 5461 617 5517 Exod.
653 5478 744 5527 xx,
774 5461 846 5517 23
943 5460 1115 5515 “lsa.
1144 5475 1258 5523 xtx,
1291 5461 1381 5516 19.

365 5618 479 5696 (ἥδ)
511 5616 625 5696 Hoc
639 5616 893 5696 explicat
926 5614 1162 5696 Cyrilltts
1197 5615 1495 5696 llLCOmttt.
1524 5616 1589 5670 ad
1619 5615 1688 5670 ls.
1712 5615 1857 5696 _Opp.

302 5698 338 5744 ι.
385 5683 471 5752 ιι,’
509 5705 563 5758 p.
594 5683 745 5752 281,
801 5683 992 5753 nempe
1021 5685 1161 5753 quod
1209 5683 1439 5758 IEgyptj
1455 5683 1777 5758 conversio
1801 5683 1866 5741 ad

299 5770 478 5826 verum
511 5753 680 5812 Deum
747 5762 972 5826 coeperit
1001 5753 1374 5826 circaurbein
1405 5753 1826 5826 Rhinocoluratn
1852 5798 1866 5821 ,

304 5822 413 5894 quae
440 5838 560 5882 erat
607 5830 659 5882 itt
711 5822 1012 5899 ejus'regni
1060 5823 1292 5887 ﬁnibus,
1343 5824 1393 5877 id
1438 5836 1522 5879 est
1570 5824 1868 5881 Palaestinae

1972 4736 2210 4809 Charras
2257 4735 2699 4805 proﬁcisceretur
2737 4738 2932 4808 egerit,
2987 4739 3079 4809 qui
3111 4743 3226 4796 sole
3259 4746 3545 4802 Occidente

1971 4808 2310 4881 adsontnum
2354 4840 2675 4894 conversus,
2710 4844 2773 4882 ex
2818 4842 3086 4899 praesente
3138 4833 3260 4889 loco
3310 4836 3542 4905 lapidem

1971 4910 2218 4986 sumens,
2280 4918 2515 4974 cervical
2569 4920 2674 4975 sibi
2745 4921 2902 4988 fecit,
2967 4923 3153 4994 ibique
3201 4928 3543 4983 somniorum

1972 5011 2236 5065 visionem
2260 5019 2519 5080 expertus
2549 5020 2652 5066 est.
2689 5012 2766 5066 Ac
2794 5013 2991 5069 deinde
3014 5031 3206 5072 somno
3232 5022 3546 5089 expergitus

1975 5102 2261 5157 Dominum
2298 5118 2363 5156 cu
2398 5101 2516 5157 loco
2552 5103 2826 5169 habitare,
2862 5120 2922 5160 se
2961 5107 3152 5171 inscio,
3183 5109 3356 5177 dixit;
3389 5127 3545 5165 eum-

1974 5210 2078 5262 que
2106 5193 2396 5247 terribilem
2451 5201 2505 5248 et
2554 5193 2652 5248 Dei
2690 5193 2908 5250 domum
2970 5199 3280 5268 appellavit,
3315 5208 3371 5254 et
3420 5201 3542 5257 caeli

1975 5292 2189 5356 portam
2225 5297 2348 5339 esse
2371 5283 2701 5355 imaginatus
2733 5294 2834 5340 est.
2866 5284 3003 5340 Tum
3029 5286 3298 5357 lapideum
3324 5289 3544 5361 cippum

1967 5628 2323 5676 contermina.

2050 5689 2159 5761 (54)
2194 5689 2390 5747 Recole
2422 5692 2563 5747 dicta
2597 5706 2768 5761 nuper
2792 5707 2846 5761 p.
2881 5691 3005 5755 114,
3036 5692 3165 5749 adn.
3187 5692 3279 5750 5i.

2002 5810 2003 5813 η
2049 5760 2162 5828 (55)
2197 5761 2457 5815 Eusebius
2495 5760 2847 5817 Caesariensis
2884 5767 2950 5815 ad
2984 5763 3128 5818 hunc
3162 5764 3313 5820 Isaia-
3340 5763 3538 5825 locum.

1979 5829 2109 5883 item
2140 5830 2356 5899 copiose
2386 5831 2620 5900 Cyrillus
2653 5834 2740 5885 ad.
2774 5830 2847 5888 Is.
2877 5847 3001 5903 Opp.
3034 5842 3074 5888 t.
3107 5834 3166 5904 Il,
3196 5854 3252 5909 p.
3282 5836 3410 5894 ενι.
