4072 6324
1379 344 1446 351 ν-ο-

539 405 676 477 ξω

1598 410 1670 470 ’8.
1714 408 2134 470 NICEPHORI
2171 407 2677 469 ΡΑΤΒΙΑΡιϐΗιἘ
2713 407 2821 467 CP.

3732 399 3840 464 460

473 603 480 615 ο
548 532 765 588 ·εῑωὶιίε
793 544 914 586 esse
945 540 1103 600 queat
1134 529 1180 585 is
1199 529 1288 598 qui
1323 527 1575 582 omnibus
1604 539 1688 582 est
1715 527 2025 594 invisibilis,
2058 544 2149 582 sn-

2267 525 2387 594 γοῦν
2418 523 2891 594 ἀπεικασθήσεται
2912 537 2925 552 ·
2970 520 3092 588 Τὴν·
3117 521 3226 590 γάρ
3260 517 3449 582 δόξαν
3476 534 3617 588 μου,
3647 520 3773 589 φησ“
3787 536 3840 578 ν,

553 636 776 694 τιτείιυε
835 636 1052 677 omnem
1111 627 1346 675 mentem
1390 627 1483 673 vet
1556 618 2144 687 comprehensionem?

2267 616 2432 683 ἑτέρῳ
2466 616 2538 668 οὐ
2586 613 2780 678 δώσω,
2820 611 2965 666 οὐδὲ
2995 611 3102 676 τὰς
3133 609 3348 678 ἀρετάς
3391 625 3510 677 μου
3539 607 3665 674 τοῖς
3695 611 3842 677 γλυ-

571 716 907 782 Quibusnam
947 711 1254 768 simulacris
1285 709 1634 776 manufactis,
1663 711 1903 764 humano
1927 709 2144 778 ingenio

571 807 910 876 artificioque
938 803 1234 860 elaboratis
1261 801 1714 872 comparabitur?

2257 707 2452 770 πτοῖς.
2512 705 2632 758 Τίνι
2673 703 2784 774 γάρ
2815 699 3156 767 προσεοικὼς
3187 699 3273 770 εἴη
3303 701 3332 751 ὁ
3376 699 3543 752 πᾶσιν
3587 697 3838 762 ἀθέατος,
3903 698 3910 703 ’

2255 798 2459 862 παντός
2497 815 2558 850 τε
2596 795 2686 849 νοῦ
2726 795 2821 849 καὶ
2847 794 3030 862 πάσης
3074 793 3405 862 ὑπερέκεινα
3449 789 3840 860 καταλήψεως

542 905 727 958 ’Τίσιν
765 899 1077 973 ὁμοιώμασι
1119 899 1562 970 χειροτεύκτοις,
1629 896 1994 968 ἀνθρωπίνοις
2033 895 2331 966 σοφίσμασι
2379 895 2474 948 καὶ
2536 891 3000 962 φιλοτεχνήμασιν
3075 887 3668 959 ὲκμεμηχανημένοις,
3737 903 3842 939 πα-

575 995 970 1065 ραϐληθήσεται
992 1007 1007 1056 ;

641 1085 984 1142 Christianos
1003 1085 1187 1153 itaque
1209 1082 1326 1138 haec
1346 1083 1604 1150 scientes,
1624 1091 1678 1138 et
1695 1084 1748 1137 in
1773 1082 1970 1136 divinis
1989 1083 2150 1136 rebus

567 1179 708 1233 bene
737 1174 1000 1241 eruditos,
1026 1189 1323 1243 sanamque
1351 1175 1626 1229 notionem
1663 1188 1878 1228 arcanze
1901 1171 2148 1228 ineffabi-

535 1269 550 1276 ’
572 1271 745 1337 lisque
775 1275 985 1322 natura:
1023 1267 1311 1330 habentes,
1342 1280 1504 1321 nemo
1549 1266 1649 1320 nisi
1686 1264 1926 1321 furiosus
1956 1264 2151 1320 existi-

574 1374 724 1412 mare
749 1357 946 1426 poterit
971 1356 1166 1410 divinae
1187 1363 1390 1408 naturae
1414 1354 1704 1424 imaginem
1727 1353 1865 1409 velle
1893 1352 2146 1422 figurare.

552 1444 744 1504 ‘Vobis
776 1448 941 1518 igitur
968 1445 1368 1502 incredulitatis
1404 1445 1639 1514 novique
1667 1442 1933 1498 Judaismi
1962 1442 2148 1498 defen-

576 1542 814 1597 aeribus.
847 1541 1010 1595 verba
1067 1537 1233 1592 Deum
1268 1537 1483 1606 quidem
1539 1552 1688 1590 nemo
1741 1537 1872 1590 vidit
1916 1553 2151 1606 unquam

577 1643 794 1698 semper
842 1628 896 1682 in
956 1641 1051 1680 ore
1101 1635 1469 1695 promptuque
1525 1635 1674 1678 sunt.
1734 1622 1911 1679 Verba
1971 1634 2151 1678 tamen

575 1718 806 1771 vidimus
832 1716 1154 1776 Dominum;
1197 1724 1276 1778 et,
1333 1731 1450 1768 cum
1497 1713 1592 1768 illo
1637 1714 2069 1768 mnuducam‘mus
2104 1731 2166 1768 ac

581 1809 804 1862 bibimus
822 1807 892 1871 ",
923 1817 978 1860 et
1023 1818 1366 1874 quaecunque
1414 1803 1514 1857 alia
1552 1818 1778 1858 summa:
1826 1805 2163 1860 condescen-

2329 1073 2695 1146 Χριστιανοὺς
2726 1072 2858 1140 γοῦν
2903 1070 3079 1126 ταῦτα
3110 1069 3322 1134 εξδότας
3342 1112 3357 1136 ,
3394 1072 3744 1142 ἐρρωμένους
3775 1091 3858 1135 τε,

2257 1168 2386 1236 περὶ
2413 1166 2480 1218 τὰ
2511 1165 2652 1228 θεῖα,
2687 1163 2785 1216 καὶ
2810 1163 2940 1232 ὑγιᾶ
2969 1163 3070 1233 τὴν
3091 1162 3347 1232 διάληψιν
3380 1165 3511 1234 περὶ
3539 1164 3639 1235 τὴν
3667 1165 3844 1237 ἀπόρο

2259 1260 2423 1328 ῥητον
2451 1256 2546 1308 καὶ
2581 1255 2960 1326 ἀνέκφραστον
2996 1253 3161 1324 φύσιν
3199 1253 3601 1324 κεκτημένους,
3641 1272 3839 1324 μαινο-

2261 1350 2439 1420 μένων
2460 1348 2610 1401 ἐστὶν
2630 1347 2916 1415 εἰκόνισμα
2937 1344 3089 1407 θείας
3111 1343 3330 1414 φύσεως
3350 1345 3684 1415 γράφεσθαι·
3710 1347 3845 1416 ὑμῖν

2262 1440 2361 1510 μὲν
2382 1435 2476 1492 οῦν
2504 1441 2616 1502 τοῖς
2647 1439 2749 1506 τῆς
2782 1436 3040 1500 ἀπιστίας
3065 1438 3160 1489 καὶ
3189 1437 3282 1490 τοῦ
3336 1437 3461 1490 νέου
3504 1436 3842 1508 Ἰουδαϊσμοῦ

2259 1531 2635 1592 ὑπασπισταῖς
2651 1529 2712 1582 τὸ
2731 1529 2854 1600 μὲν,
2875 1528 3024 1583 Θεὸν
3037 1528 3236 1596 οὐδεὶς
3251 1529 3471 1598 ἑώρακε
3485 1529 3741 1596 πώποτε,
3754 1531 3845 1584 διά

2260 1620 2513 1692 γλώσσης
2536 1622 2628 1674 καὶ
2649 1621 3074 1692 προχειρότατον
3089 1637 3106 1652 ο
3141 1621 3201 1674 τὸ
3228 1620 3306 1686 δὲ,
3325 1621 3703 1691 Ἑωράκαμεν
3733 1622 3844 1676 τὸν

2273 1713 2516 1780 Κύριον,
2559 1712 2654 1765 καὶ
2703 1711 2791 1765 ὅτι
2850 1711 3274 1780 συνεφάγομεν
3323 1713 3418 1765 καί
3473 1712 3845 1781 συνεπίομεν

2272 1801 2458 1868 αὐτῷ,
2511 1801 2608 1856 καὶ
2657 1801 2829 1855 τᾶλλα
2879 1802 2981 1854 ὅσα
3014 1801 3115 1870 τῆς
3147 1802 3322 1871 ἀκρας
3377 1801 3845 1867 συγκαταϐἀσεως

581 1898 752 1952 sionis
814 1865 1056 1964 propria.
1087 1893 1241 1948 nobis
1276 1865 1414 1947 sunt
1477 1891 1767 1961 praedicata
1794 1933 1810 1958 ,
1853 1907 1972 1947 cum
2008 1893 2161 1948 vobis

2267 1894 2396 1962 ἡμῖν
2439 1895 2818 1964 κεκήρυκται,
2871 1892 3138 1960 λεγόντων
3189 1891 3411 1945 ἀκούειν
3458 1891 3492 1961 ἢ
3527 1891 3835 1955 πιστεύειν,

569 1989 898 2050 recitantur,
925 1985 1114 2040 audire
1153 1984 1339 2053 eisque
1366 1983 1592 2040 credere
1631 1983 1784 2038 nullo
1819 1987 1980 2039 modo
2015 1986 2154 2055 pati-

564 2078 738 2144 ⁷ιιιίιιί,
769 2077 863 2132 sed
893 2077 968 2131 uti
1027 2075 1372 2145 peregrinam
1426 2074 1798 2146 absonamque
1843 2089 2034 2131 vocem
2072 2091 2160 2132 re-

580 2167 798 2238 pellitis.
819 2167 924 2222 Sed
956 2167 1001 2222 si
1030 2166 1154 2220 licet
1181 2166 1538 2234 interrogare,
1575 2181 1917 2236 responsum,
1955 2183 2159 2237 quasso,

583 2259 811 2314 reddite.
841 2255 1072 2312 Ubinam
1092 2256 1248 2312 vobis
1273 2257 1633 2310 constitutum
1667 2256 1790 2321 fuit,
1811 2258 1926 2312 sive
1958 2273 1987 2312 a
2015 2258 2162 2330 lega-

582 2349 723 2403 libus
780 2344 1086 2414 praeceptis,
1142 2344 1258 2399 sive
1307 2360 1335 2396 a
1378 2343 1626 2398 doctrina
1681 2344 2020 2414 evangelica,
2071 2345 2158 2400 vel

583 2439 878 2509 apostolico
919 2436 1256 2506 magisterio,
1312 2434 1845 2506 incircumscriptum
1902 2436 2159 2492 confiteri

582 2532 884 2596 Christum,
925 2539 1199 2596 quatenus
1254 2525 1506 2594 apparuit
1584 2526 1724 2595 apud
1786 2541 1886 2581 nos
1955 2527 2161 2582 homo?

585 2634 764 2688 neque
797 2631 960 2688 porro
989 2615 1173 2671 facere
1205 2615 1494 2684 imaginem
1524 2615 1645 2684 ejus
1686 2630 1860 2685 neque
1886 2617 2158 2684 venerari,

586 2709 748 2765 sicuti
797 2722 942 2762 nunc
1005 2706 1418 2778 dogmatizatis?
1470 2705 1726 2762 Profecto
1783 2707 1836 2761 id
1889 2707 2162 2764 affirmare

575 2819 695 2857 "non
726 2800 1000 2872 poteritis,
1037 2813 1212 2868 neque
1242 2797 1350 2852 ullo
1378 2809 1700 2867 argumento
1755 2800 2156 2866 demonstrare;

579 2893 660 2949 ita
688 2905 745 2948 ut
777 2908 897 2964 qua:
931 2906 1027 2947 vos
1075 2891 1274 2961 premit
1323 2901 1764 2959 argumentorum
1817 2891 2067 2960 penuria,
2105 2893 2158 2946 in

581 2984 825 3040 victoria:
855 2991 1058 3038 nostra:
1109 2980 1500 3036 abundantiam
1539 2982 1717 3036 cedat.
1770 2980 1995 3037 Etiamsi
2029 2997 2160 3054 ergo

596 3072 752 3129 vobis
785 3087 890 3126 non
921 3077 1202 3125 constaret
1235 3069 1516 3124 catholicae
1546 3079 1601 3124 et
1633 3070 1942 3138 apostolicae
1979 3070 2162 3126 Eccle-

577 3165 679 3220 sia
710 3162 1011 3231 antiquitus
1040 3168 1094 3214 et
1124 3161 1192 3215 ab
1243 3160 1398 3215 initio
1433 3170 1690 3215 constans
1733 3162 1970 3227 traditio,
2016 3162 2160 3231 quod

559 3263 672 3310 ~est
693 3255 936 3309 omnium
975 3250 1367 3306 validissimum
1396 3263 1774 3321 argumentum
1802 3263 1969 3322 atque
2005 3253 2161 3307 tutis-

563 3347 814 3410 simum,
848 3359 948 3400 nec
973 3359 1079 3399 non
1114 3341 1426 3412 apostolica:
1466 3353 1521 3398 et
1553 3344 1776 3399 Patrum
1823 3359 2006 3408 voces,
2046 3359 2166 3414 qua:

590 3437 826 3491 retinere
851 3434 1166 3490 traditiones
1188 3431 1404 3503 iubent,
1438 3433 1555 3488 sive
1582 3435 1812 3503 scriptas
1839 3436 1956 3488 sive
1981 3450 2161 3499 secus,

567 3529 716 3597 'quia
745 3541 842 3599 par
889 3526 942 3582 in
991 3533 1223 3596 utroque
1280 3539 1480 3594 genere
1522 3525 1875 3581 traditionnm
1926 3528 2008 3582 vis
2039 3543 2165 3597 spe-

575 3629 802 3686 ctatur,
846 3628 1086 3674 attamen
1115 3623 1181 3675 de
1213 3619 1423 3676 duobus
1454 3617 1723 3689 ambiguis
1767 3619 1895 3674 illud
1944 3621 2166 3676 omnino

586 3710 884 3780 praevalere
925 3709 1148 3766 deberet
1225 3711 1368 3779 quod
1424 3709 1732 3778 religiosius
1786 3719 1892 3777 est,
1935 3720 1991 3766 et
2044 3711 2164 3766 fidei

594 3813 758 3873 atque
789 3801 958 3857 amori
986 3817 1116 3872 erga
1163 3801 1444 3858 Christum
1498 3801 1876 3873 propinquius,
1915 3802 2168 3872 quodque

582 3893 828 3962 optimus
859 3891 1030 3962 zelps,
1056 3890 1376 3962 fervensque
1405 3889 1628 3948 allectus
1658 3892 1907 3961 inspirat.
1935 3891 2090 3958 Quod
2121 3890 2167 3945 si

590 3983 869 4052 utrimque
914 3981 1259 4052 praestantior
1305 3981 1608 4052 meliorque
1653 3983 1793 4037 ratio
1822 3997 1921 4051 pro
1958 3980 2166 4035 Christi

590 4072 832 4130 Ecclesia
863 4081 992 4139 stat,
1030 4087 1129 4128 nos
1157 4073 1345 4142 utique
1379 4072 1537 4143 longo
1567 4071 1854 4127 intervallo
1884 4071 2168 4126 victoriam

591 4163 908 4220 referemus.
937 4162 1203 4229 Quoniam
1231 4163 1411 4232 itaque
1433 4161 1766 4231 impossibile
1797 4169 1881 4216 est
1900 4173 2172 4230 supraque

592 4257 759 4323 vires,
789 4256 957 4311 Deum
985 4263 1168 4310 mente
1197 4253 1707 4324 comprehendere;
1733 4262 1882 4309 certe
1913 4251 2170 4321 figurare,

589 4364 755 4418 supra
782 4362 1001 4404 omnem
1051 4357 1220 4401 artem
1249 4353 1332 4400 est
1379 4353 1543 4414 atque
1586 4345 1722 4399 adeo
1761 4345 2168 4414 impossibilius,

593 4442 720 4513 quia
743 4451 991 4496 naturam
1010 4436 1313 4494 assimilare
1325 4435 1423 4492 Dei
1441 4446 1640 4506 praeter
1662 4446 1907 4491 naturam
1924 4446 2027 4503 est,
2045 4453 2170 4493 cum

2261 1985 2372 2038 οὐδ’
2419 1985 2670 2038 ὁπωσοῦν
2712 1983 3006 2054 ἀνέχεσθε,
3039 1984 3115 2047 ὼς
3147 1982 3439 2054 ἀλλοτρίαν
3483 1983 3540 2035 δὲ
3595 1986 3692 2037 καὶ
3734 1987 3844 2038 ἀπ-

2264 2075 2579 2147 ηχεστάτην
2596 2077 2726 2146 ὑμῖν
2741 2076 2840 2147 τὴν
2862 2076 3046 2146 φωνὴν
3063 2073 3447 2130 ἀπαναίνεσθε’
3473 2075 3585 2128 ἀλλ’
3598 2077 3646 2128 εἰ
3667 2074 3846 2142 ἔξεστι

2263 2167 2533 2221 πυθέσθαι
2577 2166 2671 2220 καὶ
2709 2168 2893 2237 ἡμᾶς,
2955 2165 3362 2237 ἀποκρίνασθε*
3419 2164 3524 2218 ποῦ
3559 2167 3690 2235 ὑμῖν
3748 2167 3846 2218 καὶ

2262 2259 2427 2313 πόθεν
2457 2258 2912 2329 νενομοθέτηται,
2941 2257 3005 2310 ἐκ
3031 2275 3091 2310 τε
3123 2257 3366 2327 νομικῶν
3421 2257 3790 2325 θεσπισμάτω
3828 2299 3844 2324 _,

2262 2351 2642 2422 εὑαγγελικῶν
2678 2368 2736 2404 τε
2777 2350 3175 2422 κηρυγμάτων,
3209 2349 3243 2419 ἡ
3278 2348 3656 2402 ἀποπολικῶν
3692 2349 3843 2403 διδα-

2262 2445 2512 2514 γμάτων,
2543 2443 2958 2514 ἀπερίγραπτον
2981 2441 3268 2512 ὁμολογεῖν
3292 2439 3384 2492 τὸν
3411 2441 3671 2510 Χριστὸν,
3704 2443 3845 2495 καθὸ

2263 2535 2651 2606 πεφανέρωται
2669 2533 2793 2588 καθ’
2811 2533 2956 2603 ἡμᾶς
2974 2531 3292 2603 ἀνθρωποςς
3317 2533 3458 2602 μήτε
3483 2535 3677 2597 ποιεῖν,
3702 2535 3842 2604 μήτε

2265 2628 2376 2698 μὴν
2409 2625 2704 2696 γινομένην
2749 2623 2933 2676 εἰκόνα
2975 2621 3141 2676 αὑτοῦ
3193 2625 3542 2694 προσκυνεῖν,
3587 2623 3844 2692 καθάπερ

2261 2717 2359 2771 νῦν
2383 2717 2774 2786 δογματίζετε;
2809 2713 2946 2769 ἀλλά
2983 2713 3142 2766 τοῦτο
3187 2715 3290 2766 οὑκ
3327 2713 3393 2767 ἂν
3422 2715 3600 2767 εἰπεῖν
3633 2714 3840 2783 ἔχοιτε·

2262 2807 2500 2878 οὐδαμοῦ
2534 2806 2642 2875 γάρ
2672 2807 2802 2876 ὑμῖν
2850 2802 3088 2858 ἐνταῦθα
3119 2803 3468 2874 δειχθήσεται
3492 2819 3505 2833 °
3559 2803 3699 2858 ὥστε
3744 2805 3844 2875 τὴν

2263 2897 2776 2969 περιστοιχίζουσαν
2819 2895 2964 2965 ὑμᾶς
3016 2893 3274 2964 ἀπορίαν,
3322 2893 3423 2963 τῆς
3451 2895 3730 2964 ἡμετέρας
3761 2896 3843 2947 vi-

2263 3007 2365 3059 κης
2389 2987 2632 3057 γίνεσθαι
2679 2985 2998 3055 περιουσίαν
3027 3000 3040 3013 ·
3076 2985 3124 3037 εί
3159 2983 3260 3052 μὲν
3288 2979 3383 3036 οῦν
3433 2984 3508 3053 μὴ
3551 2983 3848 3055 προῦκειτο

2262 3081 2392 3150 ὑμῖν
2421 3080 2455 3150 ἡ
2479 3078 2583 3147 τῆς
2623 3076 2922 3146 καθολικῆς
2957 3076 3051 3127 καὶ
3094 3072 3466 3143 ἀποστολικῆς
3511 3074 3843 3145 Ἐκκλησιας

2191 3192 2236 3254 c
2268 3169 2474 3224 ἄνωθεν
2500 3169 2596 3221 καὶ
2658 3167 2718 3231 ἐξ
2768 3165 2946 3236 ἀρχῆς
3010 3166 3386 3234 κεκρατηκυῖα
3438 3164 3761 3235 παράδοσις,
3815 3168 3844 3218 δ

2267 3259 2487 3312 πάντων
2534 3259 2652 3310 ἐστὶ
2695 3256 2755 3308 τὸ
2799 3256 3152 3326 ἰσχυρότατον
3178 3255 3271 3308 καὶ
3311 3255 3750 3324 ἀσφαλέστατον,
3785 3259 3844 3311 αῖ

2264 3367 2326 3403 τε
2366 3347 2728 3401 ἀποστολικαὶ
2765 3346 2858 3400 καὶ
2900 3346 3182 3415 Πατρικαὶ
3208 3346 3408 3413 φωναὶ,
3443 3346 3498 3400 αἲ
3523 3347 3588 3418 δὴ
3620 3353 3845 3418 κρατεῖν

2267 3439 2413 3508 ἡμᾶς
2457 3438 2561 3501 τὰς
2606 3436 2966 3506 παραδόσεις,
3015 3437 3137 3489 ὅσαι
3174 3453 3234 3488 τε
3288 3437 3561 3508 ἔγγραφοι
3616 3439 3740 3495 ὅσαι
3778 3457 3838 3493 τε

2266 3533 2508 3602 ἄγραφοι
2539 3528 2968 3590 διακελεύονται,
2999 3522 3087 3581 οἷα
3118 3528 3206 3581 ἐπ’
3233 3533 3576 3600 ἀμφοτέραις
3602 3532 3704 3601 τὴν
3740 3534 3842 3585 αὑ-

2266 3623 2365 3694 τὴν
2396 3619 2722 3692 θεωρεῖσθαι
2746 3619 2999 3690 δύναμιν.
3037 3619 3109 3671 Τὸ
3150 3618 3282 3688 γοῦν
3315 3620 3707 3691 εὐσεϐέστερον
3730 3624 3841 3675 τῶν

2268 3717 2327 3768 ἔν
2377 3714 2704 3785 ἀμφιϐόλοις
2744 3711 3016 3782 κειμένων
3066 3713 3334 3782 κρατήσει
3387 3713 3628 3778 πάντως,
3662 3716 3845 3769 καὶτὸ

2268 3807 2636 3878 διαφερόντως
2663 3806 2743 3867 εἰς
2769 3803 2951 3857 πίστιν
2978 3803 3070 3857 καὶ
3095 3803 3316 3874 ἀγάπην
3347 3803 3448 3875 τὴν
3477 3806 3557 3870 είς
3586 3807 3843 3876 Χριστὸν,

2267 3899 2336 3968 ἢν
2366 3897 2531 3967 ζῆλος
2574 3895 2760 3960 ένθεος
2798 3897 2895 3950 καὶ
2937 3895 3102 3958 πόθος
3135 3894 3339 3966 θερμὸς
3387 3898 3710 3969 παρίστησι,
3745 3901 3846 3970 τὴν

2269 3991 2541 4045 οἰκείωσιν
2589 3988 3037 4058 ἐνδεικνύμενον·
3092 3988 3142 4040 εί
3173 3987 3231 4040 δὲ
3261 3988 3381 4042 κατ’
3406 3989 3574 4058 ἀμφω
3607 3991 3668 4044 τὸ
3711 3995 3848 4063 κρά-

2270 4102 2362 4147 τος
2405 4087 2472 4155 τῇ
2520 4082 2816 4152 Ἐκκλησία
2861 4080 3102 4152 Χριστοῦ
3149 4081 3246 4135 καὶ
3293 4081 3353 4134 τὸ
3385 4081 3671 4150 εὐδόκιμον
3701 4085 3849 4153 πάρ-ι

2271 4192 2440 4241 εστιν,
2467 4177 2598 4246 ἡμῖν
2633 4173 2742 4246 ἀρα
2771 4175 2873 4246 τὴν
2895 4172 3135 4226 νικῶσαν
3165 4173 3230 4225 ὲκ
3261 4170 3460 4225 πολλοῦ
3490 4171 3585 4224 τοῦ
3615 4174 3840 4242 περιόν-

2271 4285 2362 4331 τος
2397 4265 2721 4322 ἀποίσεσθαι
2759 4265 3124 4336 περιέστηκεν
3148 4277 3164 4294 ·
3219 4262 3343 4315 ἐπεὶ
3389 4255 3484 4318 οὖν
3513 4264 3703 4333 νοῆσαι
3743 4265 3847 4333 μὲν

2276 4359 2411 4413 Θεὸν
2443 4359 2623 4427 πάντη
2646 4357 2908 4412 ἀδύνατον
2941 4357 3036 4409 καὶ
3053 4353 3457 4425 ἀνεγχώρητον,
3486 4354 3750 4407 εἰκονίσαι
3793 4356 3853 4408 δὲ

2271 4449 2556 4520 ἀμήχανον
2591 4448 2672 4500 Ιἔτι
2714 4448 2809 4500 καὶ
2854 4445 3286 4515 ἀδυνατώτερον,
3333 4443 3496 4496 ὁπότε
3525 4443 3646 4496 οὑδὲ
3687 4443 3854 4512 φύσιν

591 4533 805 4603 species
835 4532 1118 4596 formaque
1141 4525 1284 4581 nulla
1333 4527 1528 4581 subsit.
1552 4525 1764 4580 Etenim
1808 4526 1873 4580 ad
1893 4529 2163 4597 quodnam

2275 4540 2411 4595 Θεοῦ
2444 4540 2685 4612 ὁμοιοῦν,
2725 4539 2890 4608 φύσιν
2917 4537 3042 4608 ἔχον
3080 4537 3250 4599 ἐστὶν,
3283 4535 3455 4599 εἴδους
3480 4553 3539 4588 τε
3576 4536 3670 4590 καὶ
3719 4553 3856 4606 μορ-

595 4626 876 4695 exemplar
899 4631 1158 4691 spectans
1195 4617 1392 4674 artifex
1424 4618 1714 4691 imaginem
1747 4619 1990 4675 faceret?
2019 4620 2170 4674 Nunc

597 4733 728 4773 vero
745 4717 869 4786 quia
886 4713 1055 4769 Deum
1073 4711 1289 4783 proprie
1301 4726 1532 4782 vereque
1542 4722 1889 4783 corporatum
1903 4712 2171 4776 novimus,

595 4815 804 4879 prostat
824 4805 912 4876 pie
926 4803 1232 4859 volentibus
1254 4803 1320 4858 ad
1339 4801 1638 4859 faciendam
1662 4803 1950 4877 imaginem
1972 4819 2034 4860 ea
2051 4819 2174 4873 spe-

606 4901 743 4966 cies,
779 4899 848 4953 ad
893 4911 1056 4966 quam
1103 4895 1266 4961 Deus,
1293 4898 1432 4952 servi
1466 4895 1638 4952 forma
1670 4906 1966 4968 assumpta,
2001 4905 2175 4952 semet

601 4991 876 5060 figuravit.
903 4986 1040 5042 Nam
1071 4987 1116 5042 si
1171 4989 1314 5056 quod
1361 4997 1445 5042 est
1481 4987 1754 5042 invisibile
1797 4996 1854 5044 et
1888 5001 2013 5042 vere
2056 4987 2174 5042 sine

598 5084 799 5148 forma,
824 5088 1011 5150 utpote
1037 5079 1607 5148 incomprehensibile,
1625 5079 1755 5134 nulli
1789 5079 1865 5135 rei
1889 5088 1972 5135 est
1999 5080 2177 5135 simile

585 5172 858 5248 .pingique
907 5172 1126 5241 nequit;
1168 5170 1482 5225 necessario
1516 5169 1780 5239 quidquid
1825 5179 1908 5224 est
1952 5169 2168 5225 confor-

587 5274 804 5322 matum
843 5273 900 5321 et
931 5264 1165 5330 visibile,
1223 5273 1410 5335 utpote
1459 5263 1976 5332 comprehensibile,
2011 5262 2168 5319 fateri

513 5387 520 5392 -
595 5363 814 5429 oportet
869 5355 1132 5413 delineari
1191 5368 1352 5425 posse
1413 5363 1468 5409 et
1541 5352 1859 5420 assimilari;
1929 5354 2068 5424 quod
2117 5365 2176 5410 ut

541 5438 547 5445 ’
581 5450 918 5522 ﬁguremus,
955 5463 1060 5504 non
1087 5455 1172 5503 est
1203 5447 1358 5501 nobis
1389 5458 1524 5513 opus
1557 5443 1834 5499 mandato.
1878 5443 1992 5499 Non
2029 5446 2172 5500 enim

595 5553 682 5598 est
715 5542 821 5599 hoc
859 5541 912 5597 in
938 5555 1090 5597 more
1119 5537 1384 5600 fidelium,
1417 5544 1476 5588 ιιι
1524 5533 1661 5588 nihil
1706 5535 1808 5590 nisi
1851 5536 2172 5606 imperatum

594 5633 825 5690 faciant.
845 5631 1034 5689 Solent
1065 5627 1246 5701 potius
1270 5623 1526 5694 nonnulla
1551 5633 1744 5694 sponte
1769 5627 1868 5696 ipsi
1901 5628 2171 5694 conferre,

666 5812 712 5842 ’ί
743 5809 908 5867 Joan.
942 5823 1032 5874 xx,
1078 5804 1172 5873 l8;
1203 5805 1327 5890 ρει.
1356 5819 1412 5870 x,
1448 5801 1538 5859 41.

2275 4636 2383 4703 φῆς
2428 4631 2674 4703 ὑπούσης
2735 4631 2810 4694 ὡς
2859 4630 3097 4700 ἥκιστα·
3141 4628 3278 4699 πρὸς
3307 4629 3416 4682 ὅτι
3460 4627 3570 4698 γάρ
3621 4645 3703 4690 τις
3757 4629 3856 4680 καὶ

2275 4723 2589 4794 ἀποϐλέψας
2651 4723 3007 4794 παράδειγμα
3064 4719 3386 4792 ὁμοιώσεως
3449 4719 3547 4773 νῦν
3610 4719 3668 4773 δὲ
3714 4719 3854 4772 Θεὸν

2280 4813 2685 4884 σωματωθέντα
2735 4811 2938 4882 κυρίως
2989 4810 3085 4864 καὶ
3129 4808 3351 4879 ἀληθῶς
3393 4809 3663 4878 ἔγνωμεν,
3715 4810 3856 4880 πρό-

2278 4923 2457 4960 κειται
2490 4907 2602 4969 τοῖς
2654 4905 2901 4957 εὐσεϐεῖν
2947 4902 3193 4956 ἐθέλουσι
3229 4899 3411 4972 μορφὴ
3441 4901 3525 4964 είς
3566 4900 3854 4971 ὁμοίωσιν,

2278 4998 2346 5068 ἢν
2407 4996 2779 5066 προσείληφεν
2807 4996 2836 5047 ὁ
2882 4993 2981 5064 τὴν
3023 4991 3118 5046 τοῦ
3157 4990 3349 5046 δούλου
3376 4991 3562 5044 είκόνα
3611 4991 3858 5061 μορφού-

2282 5105 2478 5158 μενος·
2531 5088 2582 5140 εί
2632 5088 2743 5156 γὰρ
2791 5085 2854 5138 τὸ
2901 5083 3132 5137 ἀθέατον
3170 5082 3266 5136 καὶ
3307 5080 3556 5150 ἄμορφον
3585 5077 3664 5149 τῷ
3710 5079 3856 5141 δντι,

2279 5180 2354 5242 ὡς
2383 5177 2625 5251 ἄληπτον
2666 5176 2920 5246 ἀνόμοιόν
2961 5192 3020 5228 τε
3056 5174 3153 5228 καὶ
3193 5173 3499 5243 ἀγραπτον,
3546 5171 3763 5242 ἀνάγκη
3795 5171 3860 5224 τὸ

2285 5270 2572 5341 μορφωθὲν
2603 5287 2663 5322 τε
2694 5269 2789 5323 καὶ
2827 5267 3040 5331 θεαθὲν,
3073 5267 3149 5329 ὡς
3188 5263 3538 5333 καταληφθὲν
3577 5262 3858 5333 ὁμολογεῖ-

2282 5363 2406 5416 σθαι
2435 5361 2682 5432 γραπτὸν
2703 5361 2798 5414 καὶ
2823 5359 3201 5430 ὁμοιούμενον,
3232 5356 3260 5409 ὃ
3285 5355 3574 5419 εἰκονίζειν
3593 5355 3700 5408 οὑκ
3722 5356 3859 5407 ἀνα-

2278 5452 2512 5520 μένομεν
2542 5450 2839 5520 πρόσταξιν
2859 5465 2875 5481 ·
2912 5450 2974 5503 οὑ
3043 5447 3153 5516 γάρ
3179 5449 3296 5500 ἐστι
3324 5445 3484 5499 τοῦτο
3513 5448 3626 5509 τοῖς
3647 5450 3858 5510 πιστοῖς

2281 5541 2432 5606 ἴδιον,
2467 5542 2646 5595 πάντα
2683 5543 2748 5594 ὲκ
2777 5541 3202 5611 προστάγματος
3257 5537 3548 5608 πράττειν·
3601 5536 3716 5590 ἐστι
3747 5536 3860 5607 γὰρ

2280 5630 2316 5684 ἃ
2353 5631 2447 5684 καὶ
2493 5631 2621 5704 παρ’
2667 5633 2885 5694 ἑαυτοῖς
2929 5628 3328 5700 συνεισφέρειν,
3360 5628 3460 5683 ὅσα
3498 5629 3613 5691 τοῖς
3659 5626 3860 5699 θερμοο
