4072 6324
191 455 282 525 l6l

857 452 1480 518 ANTIRRIIETICUS
1520 452 1614 514 III
1679 453 1846 515 ADV.
1886 450 2481 516 CONSTANTINUM
2518 454 2732 517 COPR.

3324 453 3430 518 462

190 571 361 640 τέροις
409 566 680 638 προσήκει
741 566 979 638 μάλιστα
1040 568 1136 622 καὶ
1187 564 1631 635 σπουδαιοτέροις
1678 565 1759 626 είς

1870 579 1986 633 quae
2015 565 2272 618 nimirum
2300 566 2537 619 maxime
2564 566 2753 619 decem
2773 564 3130 620 ferventiores
3152 571 3206 619 et
3229 564 3433 618 studio-

193 659 460 731 φιλοθεῖαν
485 676 544 712 τε
571 660 666 712 καὶ
697 659 982 712 εὺσέὸειαν
1003 675 1016 689 ·
1042 657 1163 712 ἐπεὶ
1195 657 1360 711 πόθεν
1383 656 1442 710 τὸ
1476 657 1668 710 πιστὸν
1700 657 1758 710 ὲν

192 755 360 817 αὐτοῖς
383 751 688 822 ὀφθήσεται
705 769 720 818 ;

159 891 166 910 ο
255 863 361 937 μβ’.
414 866 481 918 Εἰ
535 865 591 918 δὲ
643 867 737 918 καὶ
788 865 952 934 νόμον
1003 883 1088 928 τις
1141 863 1456 934 ἑπιζητοίη,
1488 863 1586 916 τοῦ
1615 861 1759 932 λόγῳ

196 955 516 1025 προστάξαι,
547 955 609 1008 τὸ
661 955 810 1025 ἔργῳ
867 954 1162 1025 κατάρξαι,
1229 955 1368 1025 πρὸς
1412 955 1760 1021 ἀξιοπιστίαν

191 1044 592 1115 ἀσφαλέστερον
612 1059 626 1074 ⁸
669 1045 762 1096 καὶ
807 1045 918 1106 τοῖς
951 1044 1197 1107 εὐλαϐῶς
1226 1045 1354 1115 περὶ
1385 1044 1453 1097 τὰ
1487 1044 1608 1098 θεῖα
1641 1043 1759 1096 δια-

192 1137 457 1206 κειμένοις
508 1137 608 1189 ούκ
658 1137 1100 1206 ἀπιστηθήσεται
1139 1137 1200 1189 τὸ
1245 1136 1569 1206 λεγόμενον·
1614 1137 1759 1190 ἱστό-

194 1242 344 1296 ρηται
379 1226 496 1298 γὰρ
525 1226 602 1288 ὼς
623 1224 876 1295 Αὓγαρος
909 1227 938 1279 ό
968 1226 1079 1278 τῶν
1121 1227 1425 1297 Ἐδεσηνῶν
1467 1227 1756 1297 βασιλεὺς,

191 1317 251 1368 τὰ
306 1316 463 1383 παρὰ
505 1315 746 1387 Χριστοῦ
783 1317 1046 1384 γινόμενα
1091 1315 1638 1388 θανματουργήματα
1671 1317 1762 1370 ὲκ-

193 1407 581 1478 πληττόμενος,
614 1407 766 1478 πόθῳ
807 1424 865 1459 τε
897 1406 1079 1477 πολλῷ
1112 1407 1534 1477 καθελκόμενος,
1571 1407 1667 1460 καὶ
1701 1409 1758 1460 ὲν

190 1499 348 1552 εἰκόνι
395 1498 567 1552 αὐτὸν
602 1497 764 1568 μόνον
789 1497 1106 1561 θεάσασθαι,
1147 1498 1470 1551 ἀποστέλλει
1497 1498 1619 1552 τινὰ
1653 1499 1760 1564 ζω-

189 1589 408 1656 γράφον,
432 1586 583 1640 ὥστε
611 1588 672 1640 τὸ
697 1583 836 1651 εἶδος
865 1589 1045 1641 ἐκεῖνο
1071 1588 1132 1641 τὸ
1161 1589 1305 1642 θεῖον
1330 1588 1758 1660 διαχαράξαντα,

191 1681 307 1748 παρ’
342 1679 510 1732 αὐτὸν
559 1678 808 1749 κομίζειν
847 1680 922 1742 ὡς
972 1681 1236 1749 τάχισταο
1286 1679 1381 1734 τοῦ
1424 1679 1481 1733 δὲ
1531 1681 1762 1752 διαμαρ-

189 1770 357 1833 τόντος
413 1769 516 1824 τοῦ
577 1769 806 1837 σκοποῦ,
861 1770 952 1824 διὰ
1003 1771 1101 1842 τὴν
1155 1771 1606 1842 ύπερὸάλλουσαν
1665 1773 1760 1826 τοῦ

191 1862 474 1930 προσώπου
521 1861 686 1932 χάριν
726 1878 786 1914 τε
830 1863 925 1914 καὶ
957 1861 1342 1932 λαμπρότητα,
1373 1863 1534 1927 αὐτὸς
1573 1863 1652 1935 τῷ
1681 1867 1762 1918 οξ-

189 1952 310 2022 κείῳ
344 1954 633 2024 προσώπῳ
657 1953 850 2024 ὀθόνην
874 1953 1107 2020 ἐπιθεὶς,
1139 1956 1508 2027 ὲναπομάττει
1548 1956 1610 2008 τὸ
1637 1957 1762 2010 ἐαυ-

189 2045 272 2097 τοῦ
294 2045 555 2117 ὁμοίωμα
574 2083 591 2110 ,
641 2045 736 2099 καὶ
764 2045 1092 2098 ἀποστέλλει
1117 2046 1196 2116 τῷ
1235 2047 1433 2118 ἐρῶντι
1464 2048 1528 2104 τὸ
1560 2047 1763 2102 ποθού-

191 2153 362 2204 μενον.

252 2251 361 2320 μγ’.
409 2252 726 2323 ’ῐστόρηται
773 2251 832 2304 δὲ
869 2252 963 2304 καὶ
1025 2250 1220 2318 τοῦτο,
1256 2253 1339 2307 ὅτι
1388 2251 1485 2306 τοῦ
1543 2252 1764 2307 πάντων

189 2343 334 2411 ἡμῶν
360 2344 626 2414 Σωτῆρος
652 2343 888 2412 Χριστοῦ
924 2345 982 2396 ὲν
1008 2343 1258 2414 Βηθλεὲμ
1285 2345 1587 2416 τεχθέντος,
1615 2347 1644 2399 ὀ
1672 2343 1766 2398 τοῦ

190 2435 402 2506 Περσῶν
446 2435 645 2498 ἔθνους
685 2435 990 2504 τηνικαῦτα
1021 2435 1394 2505 ἡγεμονεύων,
1441 2437 1617 2507 εὐφυῆ
1644 2454 1769 2491 τινα

189 2524 474 2596 ζωγράφον
535 2528 714 2578 ἐκεῖσε
768 2525 1121 2596 ἐξέπεμψεν,
1181 2527 1330 2590 ὅστις
1379 2528 1482 2598 τήν
1557 2545 1615 2580 τε
1671 2527 1768 2581 τοῦ

189 2617 466 2686 τεχθέντος
524 2620 623 2672 καὶ
658 2619 757 2688 τῆς
809 2617 1080 2688 τεκούσης
1110 2619 1296 2671 εἰκόνα
1331 2619 1664 2689 διαγράψας,
1693 2621 1770 2685 ὡς

186 2709 338 2762 αὑτὸν
367 2712 606 2780 ἤγαγεν.
643 2707 848 2762 Εἰδέτω
867 2709 1065 2780 καρδία
1096 2709 1360 2772 ἀπιστοςί
1390 2709 1526 2762 Οὐδὲ
1553 2709 1772 2782 Πέρσας

189 2800 546 2869 παραδέξεται
592 2800 863 2871 τοσαύτην
901 2800 1288 2870 στειλαμένους
1339 2800 1480 2864 ὁδὸν,
1511 2801 1662 2873 δῶρα
1693 2800 1772 2870 τῷ

189 2891 430 2960 τεχθέντι
459 2891 681 2964 βασιλεί
709 2887 796 2945 οἷα
821 2891 1067 2962 προσῆκε
1093 2894 1450 2962 κομίσοντας,
1485 2894 1591 2947 ύπδ
1615 2895 1774 2949 ἀστέ-

193 2998 274 3050 ρος
303 3002 361 3038 τε
401 2986 612 3054 ὁδηγου
623 2986 835 3055 μένους,
861 2986 957 3039 καὶ
985 2986 1124 3058 ὅπερ
1150 2985 1228 3056 τῷ
1256 2985 1370 3039 ὄντι
1400 2987 1648 3058 περιδεὲς
1678 2989 1774 3042 καὶ

192 3076 262 3138 είς
292 3074 584 3148 προῦπτον
633 3077 902 3148 ἐμϐάλλον
935 3076 1200 3140 κίνδυνον,
1225 3077 1446 3147 βασιλέα
1476 3077 1774 3148 κηρύσσειν

195 3166 459 3240 λαμπρῶς
505 3169 598 3222 τὸν
631 3169 965 3240 γεννηθέντα
985 3209 999 3234 ,
1032 3169 1127 3222 ἐπὶ
1155 3169 1254 3238 τῆς
1282 3169 1595 3240 ἀλλοδαπῆς
1616 3187 1776 3240 γενο-

1863 659 2036 712 siores
2057 655 2222 710 divini
2249 657 2450 710 amoris
2477 666 2638 725 alque
2665 656 2898 726 pietatis.
2931 655 3098 711 Secus
3125 655 3270 710 enim
3295 669 3433 725 quo-

1862 746 2024 801 modo
2056 747 2294 813 ipsorum
2330 747 2561 802 ﬁdelitas
2601 746 2932 814 appareret?

1934 855 2023 909 42.
2067 855 2219 921 Quod
2264 856 2308 912 si
2349 856 2472 926 quis
2505 856 2668 910 etiam
2721 856 2893 926 legem
2927 858 3287 913 demonstrari
3329 858 3430 914 sibi

1863 949 2123 1018 postulet,
2175 960 2322 1004 certe
2377 965 2540 1020 opere
2578 948 2814 1013 efﬁcere,
2861 950 3088 1005 validius
3152 953 3218 1006 ad
3272 951 3433 1007 fidem

1864 1039 2167 1094 faciendam
2195 1050 2300 1110 est.
2329 1055 2488 1110 quam
2507 1041 2688 1094 verbis
2707 1041 3020 1110 praecipere.
3041 1039 3161 1094 Jam
3185 1057 3315 1096 vero
3343 1042 3432 1108 iis,
3453 1059 3470 1065 ’

1862 1131 1953 1200 qui
1989 1132 2076 1200 pie
2113 1132 2179 1184 ad
2212 1109 2300 1186 res
2332 1132 2542 1186 divinas
2589 1109 2930 1197 incumbunt,
2958 1133 3009 1185 id
3055 1132 3198 1202 quod
3229 1131 3432 1187 dicturi

1862 1237 2052 1276 sumus
2086 1238 2190 1277 non
2232 1224 2337 1278 erit
2386 1223 2722 1279 incredibile.
2778 1223 3043 1278 Narratur
3069 1223 3212 1278 enim
3250 1224 3430 1290 Abga-

1865 1329 1984 1369 rum
2010 1315 2408 1370 Edessenorum
2444 1331 2650 1386 regem,
2683 1319 2827 1371 edita
2859 1333 2886 1368 a
2915 1315 3133 1370 Christo
3180 1317 3428 1385 prodigia

1863 1406 2208 1471 admiratum,
2255 1407 2422 1461 multo
2463 1421 2649 1462 amore
2693 1408 2855 1477 120
2889 1407 3198 1478 impulsum,
3227 1417 3289 1462 ut
3326 1409 3431 1462 Sul-

1864 1505 1969 1551 tem
1998 1497 2051 1550 in
2087 1497 2318 1567 imagine
2339 1512 2460 1552 eum
2487 1507 2778 1567 spectaret,
2809 1499 3064 1566 pictorem
3091 1498 3307 1553 misisse
3337 1501 3427 1568 qui

1862 1589 2065 1643 vultum
2097 1589 2245 1644 illum
2265 1590 2501 1644 divinum
2535 1589 2799 1668 pingeret,
2819 1598 2982 1659 atque
3003 1588 3069 1642 ad
3091 1605 3150 1643 se
3173 1589 3435 1644 citissime

1863 1681 2358 1752 all‘erret.Cumque
2384 1683 2558 1752 pictor
2589 1696 2755 1748 scopo
2780 1697 2877 1736 suo
2901 1697 3004 1736 non
3039 1690 3185 1737 esset
3210 1681 3435 1752 potitus,

1863 1784 2083 1844 propter
2115 1774 2372 1828 eximiam
2404 1774 2582 1827 vultus
2614 1781 2953 1828 venustatem
2990 1784 3155 1844 atque
3189 1773 3440 1843 splendo-

1867 1880 2003 1930 rem,
2035 1865 2186 1919 aiunt
2229 1864 2508 1919 Christum
2566 1862 2724 1918 faciei
2772 1879 2886 1918 suae
2936 1864 3106 1918 linteo
3152 1865 3437 1935 applicito,

1864 1952 2155 2022 imaginem
2186 1953 2460 2022 propriam
2488 1952 2907 2021 deprompsisse,
2943 1967 3168 2024 remque
3197 1963 3436 2024 optatam

1864 2045 1933 2100 ad
1966 2055 2266 2100 amatorem
2299 2060 2482 2115 regem
2527 2044 2893 2100 tranSmisisse
2912 2043 3048 2116 (59).

1937 2245 2026 2301 ιδ.
2056 2243 2320 2301 Narratur
2349 2259 2591 2316 insuper,
2621 2247 2913 2304 universali
2936 2258 3122 2303 nostro
3147 2247 3438 2303 Servatore

1866 2338 2084 2395 Christo
2108 2339 2398 2396 Bethlecmi
2418 2351 2563 2405 nato,
2585 2339 2730 2395 illum
2749 2341 2839 2411 qui
2862 2343 3036 2412 gentis
3059 2341 3290 2398 Persica:
3314 2353 3439 2397 tunc

1867 2445 2078 2503 sceptra
2101 2434 2339 2500 tenebat,
2357 2435 2630 2505 egregium
2655 2436 2782 2489 illuc
2800 2437 3120 2490 amandasse
3145 2437 3439 2506 pictorem,

1869 2525 1961 2593 qui
1989 2526 2096 2578 nati
2120 2527 2269 2595 pueri
2295 2541 2360 2580 ac
2377 2526 2566 2581 matris
2587 2526 2874 2596 imaginem
2893 2527 3246 2592 describeret,
3279 2538 3444 2596 atque

1871 2615 1938 2668 ad
1969 2631 2028 2676 se
2051 2617 2360 2671 adduceret.
2383 2618 2688 2685 AgnoScant
2711 2617 2812 2671 hoc
2834 2616 2999 2672 corda
3033 2617 3306 2673 incredula
3329 2621 3342 2672 l
3368 2619 3445 2672 Ne

1871 2706 2067 2762 Persas
2098 2709 2314 2776 quidem
2373 2709 2474 2762 sibi
2511 2704 2904 2778 persuadebunt
2939 2717 3145 2764 tantum
3176 2710 3278 2766 iter
3326 2726 3447 2766 sns-

1873 2801 2102 2868 cepisse,
2128 2801 2265 2854 dona
2309 2810 2434 2856 nato
2463 2801 2574 2871 regi
2604 2813 2763 2872 prout
2791 2817 2887 2870 par
2901 2811 3017 2856 erat
3042 2801 3266 2867 laturos,
3289 2803 3444 2859 stella

1875 2892 2142 2955 ducente;
2171 2893 2425 2961 quodque
2451 2906 2640 2947 revera
2672 2893 3085 2948 formidolosum
3112 2904 3248 2959 erat,
3290 2903 3346 2948 et
3389 2895 3445 2947 in

1878 2982 2226 3036 manifestum
2278 2982 2604 3053 conjiciebat
2657 2985 2974 3049 discrimen,
3037 3001 3217 3052 regem
3264 2985 3443 3055 palam

1875 3076 2169 3142 praedicare
2220 3088 2403 3131 natum
2459 3077 2511 3130 in
2580 3085 2722 3131 terra
2787 3079 2886 3133 sibi
2951 3079 3259 3149 peregrina.
3292 3077 3446 3145 Quod

1877 3168 1923 3224 si
1973 3183 2080 3222 non
2114 3168 2297 3223 omnia
2344 3168 2397 3223 in
2444 3171 2754 3238 evangelica
2790 3171 3014 3225 historia
3065 3180 3189 3226 sunt
3220 3171 3444 3241 scripta,

197 3263 420 3330 μένους’
487 3267 535 3318 εί
583 3264 640 3318 δὲ
688 3264 750 3316 οὐ
801 3264 982 3318 πάντα
1030 3263 1452 3334 ἀναγέγραπται
1497 3263 1641 3318 κατὰ
1673 3263 1765 3335 τὴν

1877 3273 1984 3312 non
2027 3258 2228 3312 idcirco
2279 3258 2459 3314 omnia
2506 3267 2633 3312 sunt
2679 3259 3036 3314 incredibilia.
3088 3258 3222 3313 Nam
3273 3275 3450 3329 neque

196 3357 560 3428 εὐαγγελικὴν
587 3356 854 3426 ἱστορίαν,
880 3356 942 3408 ού
969 3356 1151 3409 πάντα
1174 3355 1328 3425 παρὰ
1350 3353 1514 3408 τοῦτο
1541 3357 1768 3410 ἄπιστα·

195 3449 304 3504 οὐδὲ
327 3453 442 3523 γὰρ
473 3452 544 3504 τά
567 3451 702 3504 ἄλλα
735 3451 938 3519 σημεῖα
975 3448 1011 3502 ἃ
1043 3448 1302 3516 εποίησεν
1333 3448 1362 3500 ὁ
1408 3447 1618 3519 Ἰησοῦς
1646 3449 1774 3503 ἀθε-

198 3543 396 3612 τητέον,
431 3542 610 3596 πολλά
638 3558 702 3610 γε
731 3540 862 3594 ὄντα
883 3581 899 3606 ,
941 3539 1018 3602 ὡς
1058 3539 1197 3610 μηδὲ
1228 3542 1427 3610 χωρεῖν
1454 3539 1546 3593 τὸν
1569 3539 1772 3609 κόσμον

200 3634 351 3688 καθὲν
382 3635 737 3706 γραφόμενα,
766 3632 952 3703 ἐπειδὴ
981 3632 1082 3686 οὐκ
1109 3632 1546 3701 ἀναγέγραπται,
1581 3631 1748 3700 φησιν

200 3725 224 3774 ὁ
246 3727 421 3795 μέγας
473 3724 866 3794 εὐαγγελιστὴς
922 3723 1176 3793 Ἰωάννης
1196 3738 1212 3754 ο
1243 3724 1373 3792 περὶ
1404 3723 1504 3793 μὲν
1547 3717 1640 3775 οὖν
1670 3721 1772 3790 τῆς

202 3813 428 3886 ἀοράτου
466 3814 563 3868 καὶ
596 3814 933 3880 ὑπερουσίου
978 3813 1073 3866 καὶ
1116 3812 1360 3884 ἀλήπτου
1395 3812 1632 3881 φύσεως,
1673 3812 1773 3865 καὶ

203 3903 258 3973 ἢν
282 3904 510 3977 ὁμοιοῦν
537 3904 805 3960 ἀδύνατον
855 3903 1096 3971 λέγεται,
1130 3904 1211 3957 ὅτι
1249 3902 1397 3957 Οὔτε
1423 3901 1635 3972 φωνὴν
1663 3905 1771 3957 αὐ-

201 3997 293 4050 τοῦ
327 3999 659 4066 ἀκηκόατε,
701 3995 840 4050 οὔτε
868 3991 1027 4062 εἶδος
1067 3995 1255 4049 αὑτοῦ
1290 3993 1610 4064 ἑωράκατε·
1639 3995 1766 4061 καὶ,

203 4087 340 4140 Θεὸν
382 4089 586 4155 οὐδεὶς
616 4087 838 4156 ἑώρακε
864 4087 1131 4153 πώποτε,
1159 4087 1297 4142 οὔτε
1327 4105 1417 4152 τις
1446 4087 1771 4157 ἀνθρώπων

202 4173 370 4244 εἶδεν,
401 4181 541 4234 οὔτε
575 4179 724 4233 ίδεῒν
750 4178 1001 4233 δύναται
1023 4193 1037 4208 ⁸
1081 4179 1169 4232 διὰ
1201 4177 1264 4231 τδ
1299 4177 1474 4242 οὕτως
1500 4178 1647 4249 ἔχειν
1668 4179 1770 4233 αὐ-

202 4266 311 4334 τὴν,
363 4270 463 4321 καὶ
504 4268 579 4339 μὴ
612 4267 844 4340 ὁρᾶσθαι
895 4268 1032 4338 μηδὲ
1062 4266 1380 4333 ἀκούεσθαι,
1416 4267 1532 4321 ἀλλ’
1565 4268 1769 4340 ἐξῃρῆ-

206 4353 318 4408 σθαι
344 4358 552 4428 ταύτην
576 4357 670 4411 καὶ
691 4357 867 4420 εἴδους
896 4359 1099 4422 παντὸς
1120 4360 1215 4412 καὶ
1241 4359 1522 4428 φθόγγωνο
1552 4362 1644 4413 καὶ
1670 4360 1769 4430 μέν

204 4459 260 4508 γε
298 4449 394 4501 καὶ
441 4449 525 4502 ὅτι
565 4449 625 4502 οὐ
665 4448 915 4503 πεινάσει
950 4449 1072 4502 οὐδὲ
1097 4450 1385 4504 κοπιάσιει⁹
1423 4449 1574 4504 οὐδὲ
1598 4451 1770 4504 ἐστιν

205 4531 501 4606 ἐξεύρεσις
529 4537 638 4606 τῆς
669 4538 1020 4607 φρονήσεως
1066 4538 1273 4594 αὐτοῦ.
1307 4541 1446 4605 Περὶ
1483 4539 1538 4594 δὲ
1565 4540 1665 4610 τῆς
1709 4542 1768 4594 ἐν

1876 3349 1980 3404 alia
2023 3350 2290 3419 prodigia,
2347 3364 2468 3419 qua:
2539 3347 2697 3404 Jesus
2737 3349 2927 3416 edidit,
2989 3361 3119 3406 sunt
3176 3352 3441 3422 neganda,

1874 3455 1996 3494 cum
2036 3449 2114 3495 tot
2159 3439 2380 3504 fuerint,
2413 3451 2469 3495 ut
2492 3455 2559 3495 ne
2589 3442 2824 3502 mundus
2861 3443 3076 3510 quidem
3108 3456 3171 3496 ea
3197 3454 3442 3512 caperet,

1875 3547 2186 3600 quanquam
2225 3546 2331 3586 non
2355 3539 2480 3586 sunt
2501 3532 2722 3601 scripta,
2761 3542 2819 3586 ut
2851 3548 3079 3602 magnus
3113 3534 3187 3588 ait
3215 3549 3448 3604 evange-

1877 3619 1995 3673 lista
2024 3618 2342 3676 Joannes".
2378 3621 2455 3675 De
2495 3621 2751 3676 invisibili
2781 3636 2910 3691 ergo
2942 3633 2996 3676 ct
3025 3627 3446 3692 supersubstano

1877 3712 1988 3765 tiali
2019 3712 2620 3781 etincomprehensibili
2643 3721 2857 3776 natura,
2885 3723 2941 3768 et
2969 3714 3123 3781 cujus
3153 3715 3443 3783 imaginem

1875 3801 2056 3856 facere
2115 3802 2448 3871 impossibile
2477 3814 2578 3872 est,
2614 3805 2815 3859 dicitur
2847 3825 2862 3860 :
2901 3804 3084 3876 Neque
3131 3813 3304 3861 vocem
3331 3807 3446 3878 ejus

1873 3891 2123 3955 audistis,
2176 3907 2338 3962 neque
2386 3894 2608 3962 speciem
2643 3895 2758 3963 ejus
2789 3896 3093 3962 vidistis”;
3129 3904 3183 3950 et
3215 3913 3229 3950 :
3281 3897 3445 3950 Deum

1873 4000 2022 4038 nemo
2055 3985 2182 4038 vidit
2206 4001 2462 4054 unquam,
2498 4003 2659 4058 neque
2690 3986 2830 4043 ullus
2863 3988 3130 4043 hominum
3177 3991 3322 4044 scivit
3351 4002 3445 4044 aut

1872 4077 2008 4130 scire
2064 4087 2232 4145 potest
2254 4078 2300 4111 “
2346 4078 2472 4148 quia
2539 4095 2732 4150 nempe
2788 4079 2972 4135 Deitas
3017 4081 3090 4134 ita
3156 4098 3216 4138 se
3261 4083 3445 4144 habet,

1874 4178 1932 4220 ut
1973 4181 2148 4237 neque
2190 4167 2459 4236 audiatur,
2496 4170 2592 4224 sed
2625 4170 2773 4224 omni
2835 4183 3127 4243 conspectu
3186 4187 3250 4228 ac
3313 4190 3448 4229 sonu

1872 4257 2175 4325 eximatur;
2256 4274 2432 4328 neque
2505 4261 2633 4315 item
2687 4263 2890 4317 esuriet
2970 4280 3203 4332 unquam
3271 4281 3446 4334 neque

1871 4349 2049 4404 sitiet:
2080 4349 2192 4405 Nec
2217 4361 2291 4405 est
2317 4352 2646 4421 investigatio
2668 4356 2942 4420 sapientia:
2961 4356 3074 4426 ejus
3093 4353 3159 4411 ’⁸.
3190 4359 3261 4412 De
3281 4355 3442 4411 Vel-lui

1873 4451 2052 4496 autem
2084 4443 2135 4496 in
2167 4458 2334 4498 carne
2371 4445 2752 4514 apparitione:
2787 4445 2911 4501 Nisi
2956 4448 3232 4516 venissem,
3269 4460 3317 4503 et
3357 4467 3445 4503 eos

1873 4533 2140 4589 allocutus
2201 4553 2388 4602 essem,
2439 4548 2712 4604 peceatum
2781 4556 2884 4592 non
2929 4541 3198 4595 haberent.
3240 4543 3310 4598 Et
3363 4545 3444 4598 vi-

208 4630 360 4694 σαρκὶ
388 4629 714 4697 θεοφανείας
757 4628 851 4681 τοῦ
877 4629 1076 4696 Λόγου,
1099 4630 1181 4683 ὅτι
1238 4632 1306 4683 Εί
1336 4629 1421 4698 μὴ
1447 4625 1638 4700 ἦλθον
1665 4632 1765 4686 καὶ

1871 4623 2085 4688 derunt,
2129 4636 2179 4679 et
2229 4633 2450 4681 oderunt
2500 4645 2596 4694 me,
2640 4630 2896 4696 simulque
2951 4631 3100 4684 illum
3158 4634 3270 4703 qui.
3300 4637 3444 4688 misit

207 4710 468 4784 ἐλάλησα
515 4717 739 4784 αὐτοῖς,
790 4718 1081 4787 ἁμαρτίαν
1121 4720 1234 4772 οὐκ
1277 4715 1474 4788 algor"
1527 4721 1624 4774 καὶ
1681 4722 1763 4774 ὅτι

216 4798 538 4872 Ἐωράκασι
565 4807 662 4862 καὶ
686 4807 1056 4876 μεμισήκασι
1085 4809 1185 4861 καὶ
1217 4808 1322 4877 ἐμὲ
1360 4809 1456 4862 καί
1487 4809 1593 4863 τὸν
1620 4812 1767 4878 πέμ·

209 4891 392 4954 Ψαντὰ
447 4913 545 4972 με,
618 4899 667 4953 τί
725 4897 782 4952 δὲ
837 4899 888 4951 οἱ
936 4898 1213 4951 θεσπέσιοι
1251 4899 1512 4970 μαθηταὶ,
1563 4899 1761 4968 φασίνς

212 4975 321 5036 Ὅτι
358 4988 422 5040 ⁸0
455 4985 533 5057 ἦν
555 4987 656 5042 ἀπ’
683 4985 898 5056 ἀρχῆς,
935 4985 966 5040 ὃ
988 4986 1327 5057 ἑωράκαμεν
1354 4988 1451 5040 καὶ
1482 4991 1540 5042 αι
1572 4989 1764 5058 χεῖρες

212 5066 364 5136 ἡμῶν
409 5076 819 5147 ἐψηλάφησαν
869 5079 1002 5146 περὶ
1050 5078 1155 5132 τοῦ
1197 5079 1392 5148 Λόγου
1445 5079 1553 5147 τῆς
1593 5079 1762 5149 ζωῆς.

215 5157 308 5214 Καὶ
355 5167 436 5220 ὅτι
492 5167 871 5238 Ἑωράκαμεν
925 5169 1034 5222 τὸν
1089 5169 1331 5236 Κύριον,
1361 5171 1576 5236 οἵτινες
1617 5187 1765 5224 συν-

215 5253 490 5325 εφάγομεν
533 5260 634 5313 καί
679 5261 1052 5327 συνεπίομεν
1099 5261 1292 5326 αὐτῷ,
1328 5261 1356 5314 ὃ
1405 5263 1542 5331 μετὰ
1575 5261 1671 5332 τὴν
1700 5264 1765 5315 ἐκ

189 5348 406 5415 ’νεκρῶν
440 5351 740 5407 ἀναϐίωσιν
769 5353 995 5422 γέγονεν
1015 5367 1027 5380 ·
1077 5352 1215 5406 ἀλλὰ
1244 5353 1337 5408 καὶ
1379 5354 1642 5406 ἐκοπίασε
1673 5355 1768 5406 καὶ

277 5522 494 5603 ”_J_oan.
530 5547 644 5596 xxi,
675 5531 766 5587 25.
845 5531 1086 5603 "toan.
1121 5547 1176 5594 v,
1208 5531 1297 5587 57.
1374 5533 1421 5565 ’δ
1449 5535 1469 5590 ι
1493 5534 1724 5600 ’[ίιιι,γι,
1760 5534 1765 5586 1

1927 5537 1972 5567 ⁸⁸
1993 5532 2097 5589 lsa.
2121 5554 2206 5603 χι,
2245 5537 2338 5593 28.

221 5581 266 5640 ιο
330 5581 766 5666 "satiant?
812 5603 856 5634 ὀ
881 5581 1116 5666 c5111.,
1136 5581 1197 5656 It'.

1873 4715 2033 4769 me".
2067 4715 2204 4780 Quid
2251 4726 2432 4773 autem
2471 4719 2581 4772 divi
2607 4721 2854 4788 discipuli
2908 4722 3104 4776 aiunt?
3148 4723 3303 4789 Quod
3340 4726 3442 4794 fuit

1873 4805 1939 4860 ab
1973 4807 2145 4870 initio,
2173 4811 2313 4879 quod
2346 4811 2589 4878 vidimus,
2618 4823 2664 4865 et
2710 4829 2898 4868 manus
2929 4828 3119 4870 nostrae
3155 4828 3446 4873 contrecta-

1873 4907 2078 4962 verunt,
2109 4899 2173 4952 de
2216 4897 2378 4952 Verbo
2436 4901 2635 4956 vitae".
2706 4901 2772 4956 Et
2837 4902 3070 4960 Vidimus
3136 4907 3442 4972 Dominum.

1873 4992 1962 5058 qui
2018 5007 2125 5044 una
2169 4994 2600 5048 manducavimus
2649 5005 2701 5048 et
2767 4995 3071 5066 bibimus”,
3131 5003 3274 5071 quod
3324 5014 3445 5070 post

1875 5082 2019 5135 illius
2068 5098 2098 5135 a
2141 5085 2370 5138 mortuis
2421 5087 2873 5159 resurrectionem
2921 5091 3168 5159 contigit.
3218 5089 3324 5144 Sed
3389 5101 3447 5145 ει

1871 5171 2155 5237 laboravit,
2186 5188 2253 5228 ex
2282 5173 2399 5240 lege
2425 5177 2695 5244 corporis,
2728 5187 2782 5232 et
2807 5181 3021 5237 esuriit.
3052 5181 3316 5236 etsitivit.
3339 5179 3404 5233 Et
3428 5201 3441 5234 :

1875 5263 2021 5319 Misit
2080 5264 2214 5319 Deus
2273 5265 2474 5320 Filium
2508 5285 2660 5321 suum
2695 5268 2894 5338 factum
2941 5286 3006 5324 ex
3045 5269 3260 5325 muliere
3278 5273 3342 5326 ".
3379 5271 3447 5325 Et

1876 5355 2018 5410 Deus
2047 5358 2295 5426 apparuit
2342 5358 2394 5412 in
2430 5373 2616 5426 carne,
2647 5371 2700 5414 et
2723 5376 2916 5430 passus
2946 5371 3028 5416 est
3056 5362 3107 5414 in
3144 5377 3204 5415 ea
3231 5377 3442 5417 assunt-

2434 5541 2479 5572 "
2500 5539 2654 5596 Joan.
2681 5557 2772 5606 xv,
2795 5541 2886 5606 22,
2907 5540 2997 5596 24.
3075 5541 3120 5573 "
3152 5541 3170 5596 Ι
3204 5539 3362 5597 Joan.
3401 5558 3440 5609 ι,

278 5767 706 5869 ﬁglbgthisti
739 5780 1074 5869 imaginead
1108 5781 1407 5869 'ébgarttttn
1449 5782 1611 5840 missa
1652 5782 1884 5839 diximus
1911 5787 1977 5841 ad
2008 5786 2252 5842 Antirrh.
2319 5763 2359 5855 ιζ
2422 5787 2510 5856 36,
2557 5803 2611 5859 p.
2662 5789 2752 5857 56,
2793 5789 2886 5859 57,
2925 5789 2978 5848 in
3016 5792 3144 5851 adn.
3205 5793 3444 5869 Legatus

222 5827 431 5910 lns'upér"
447 5827 710 5908 ῐιαῖὖὶῐίῖἐ
739 5827 973 5929 {flii}?
984 5827 1075 5906 εἶιῖ
1107 5827 1210 5916 έῐζ
1218 5827 1302 5905 if
1317 5827 1402 5907 ὃῖξ
