4072 6324
254 414 354 481 465

912 419 1535 487 ANTIRRHETICUS
1575 421 1879 485 HLADV.
1920 422 2514 485 CONSII‘AANTLVUM
2553 421 2793 487 COPR...

3390 418 3501 488 466

260 534 525 604 compder
562 533 773 598 σκοπὸς
794 534 895 605 οὐχ
931 536 1108 600 οὕτως
1146 535 1293 606 ἔχει*
1336 536 1531 603 πόθεν;
1583 536 1815 593 ἀλλὰκδέ

1935 538 2340 609 ιιιιΙιοιγροτυιιι
2384 548 2698 595 sanctorum
2747 538 3028 604 refricem,
3077 555 3176 595 ceu
3208 555 3363 596 sacra
3393 557 3498 596 una

253 626 379 680 αὐτὸ
409 625 480 678 τὸ⁴
505 620 965 694 ἆγιι.εἷναι,,καὶ
998 627 1076 689 εἰς
1104 627 1328 697 μνήμην
1350 626 1460 683 τῶν
1485 626 1817 697 ἀρχετύπων

253 721 494 790 προίἐναι
544 718 739 787 ἁγίων,
791 719 873 782 ὡς
921 718 1042 788 ἱερά
1089 721 1202 782 τοῖς
1235 719 1401 790 ἱεροῖς
1455 736 1817 789 συμπροσκυ,

257 812 488 875 νοῦνται,
523 812 619 867 καὶ
660 811 857 864 ούισὺν
890 811 1075 875 αὐτοῖς
1125 811 1308 880 μόνον,
1356 810 1614 872 ἁλλὰικαὶ
1661 811 1819 875 ἐκτὸς

252 903 352 957 τῶν
383 903 558 970 άγίων
587 901 755 955 οἴκων
790 902 1196 973 τιμηθήσονται
1216 920 1230 933 ο
1262 904 1326 956 σὺ
1358 902 1415 955 δὲ
1444 901 1541 955 τοῦ
1571 903 1670 973 μὲν
1693 903 1815 958 ϐνου

253 997 338 1049 καὶ
364 994 653 1058 τοῦκυνὸς
682 995 779 1049 καὶ
802 994 899 1049 τοῦ
934 996 1118 1066 χοίρου
1150 996 1208 1047 ὲν
1234 994 1314 1064 τῷ
1337 993 1468 1064 ἱερῷ
1495 995 1819 1067 προσκυνῶν

249 1080 699 1148 τὰςείκόναςθού
729 1082 1126 1155 δυσχεραίνεις,
1152 1083 1252 1155 τὴν
1283 1084 1341 1142 δὲ
1369 1084 1605 1153 Χριστοῦ
1634 1085 1820 1151 είκόνα

251 1173 395 1243 αὐτῷ
439 1174 573 1245 ἱερῷ
622 1178 1030 1246 καταπιμπρῶν
1058 1175 1338 1248 ymo“;
1365 1177 1554 1231 καὶκοὺ
1575 1178 1821 1248 φρίττεις

249 1264 483 1318 τοιαῦτακ
517 1265 756 1335 τολμῶν,
814 1266 1032 1332 δεικνὺς
1084 1269 1268 1340 μάτην
1325 1268 1540 1339 σεαυτῷ
1574 1269 1651 1323 τδι
1681 1268 1820 1338 Χριφ

250 1358 494 1423 στιανὸς
544 1358 872 1429 ἐπιγράφων
918 1360 1090 1429 ὄνομα
1104 1378 1120 1428 ;
1155 1360 1207 1414 τί
1251 1356 1601 1421 οῦνεῐποιεν,
1629 1362 1680 1413 oi.
1721 1362 1822 1431 τὴν

250 1448 486 1503 διάνοιαν
534 1450 932 1522 λελωϐημένοι,
982 1453 1078 1506 καὶ
1129 1452 1227 1522 τὴν
1275 1452 1475 1523 νοεράν
1535 1452 1822 1525 ἐνέργειαν

252 1541 669 1611 πεπηρωμένοι,
700 1544 830 1615 περὶ
855 1544 966 1597 τῶν
1006 1544 1065 1598 ὲν
1088 1546 1209 1606 ταῖς
1234 1546 1415 1616 ἱεραῖς,
1435 1544 1682 1614 κιγκλίσι
1725 1545 1822 1607 καὶ

250 1635 362 1694 ταῖς
388 1632 762 1703 καλουμέναις
783 1635 1034 1700 σωλὲαις,
1060 1635 1170 1689 τῶν
1196 1652 1256 1688 τε
1287 1639 1485 1700 ἐντοῖς
1538 1636 1687 1690 κίοσι
1725 1636 1822 1690 καὶ

252 1724 488 1780 πυλῶσιν
524 1726 729 1790 αὐτοῖς,
760 1727 871 1779 τῶν
898 1745 959 1780 τε
986 1728 1098 1799 πρὸ
1119 1726 1215 1781 τοῦ
1242 1726 1391 1789 θείου
1423 1727 1819 1799 θυσιαστηρίου

253 1814 589 1886 ἱδρυμένωνς
617 1813 726 1888 ἄρα
751 1818 961 1887 κόσμου
978 1818 1082 1872 καὶ
1103 1820 1439 1890 εὐπρεπείας
1463 1820 1624 1890 χάριν
1646 1819 1823 1874 ταῦτα

1924 644 2065 686 cum.
2097 628 2268 685 sacris
2299 628 2626 694 adorantur;
2666 644 2845 699 neque
2887 644 3012 684 cum
3065 631 3197 700 ipsis
3248 640 3489 685 tantum-

1926 721 2111 785 modo,
2144 734 2333 776 verum
2377 720 2541 775 etiam
2572 730 2747 784 extra,
2779 731 3001 775 sanctas
3033 722 3181 775 aedes
3211 721 3263 776 in
3293 723 3500 777 honore

1925 821 2104 871 erunt.
2137 810 2217 867 Tu
2248 826 2379 867 vero
2407 811 2549 866 asini
2575 820 2629 867 et
2657 812 2891 868 caniset
2917 813 3033 867 suis
3060 813 3346 882 in.templo
3370 815 3497 869 ado-

1927 917 2057 957 rans
2109 903 2393 972 imagines,
2449 918 2556 958 non
2606 904 2998 968 stomacharis;
3050 904 3255 960 Christi
3316 916 3500 962 autem

1926 995 2223 1065 imaginem
2243 1008 2491 1049 unacum
2519 995 2717 1064 templo
2747 997 3074 1051 comburere
3098 999 3266 1065 gestis
3282 996 3503 1066 ineque

1927 1087 2073 1143 hanc
2122 1090 2423 1144 audaciam.
2454 1089 2877 1160 perhorrescis,
2910 1102 3015 1156 qua
3056 1089 3405 1155 demonstras
3453 1097 3504 1142 te

1927 1195 2127 1235 nomen
2166 1180 2262 1236 tibi
2289 1180 2587 1235 Christiani
2621 1180 2823 1235 frustra
2856 1177 3176 1249 imponere?
3210 1178 3349 1243 Quid
3372 1193 3519 1247 ergo.
3548 1174 3551 1177 “

1929 1270 2112 1327 dicent
2136 1271 2191 1326 hi
2228 1281 2407 1327 mente
2450 1272 2618 1342 capti,
2648 1279 2704 1327 et
2734 1270 3084 1325 intellectuali
3118 1270 3375 1325 facultate
3406 1286 3503 1325 or-

1928 1361 2063 1428 bati,
2119 1362 2187 1416 de
2227 1365 2402 1417 sacris
2441 1364 2716 1417 caelatur-is
2763 1362 2817 1415 in
2863 1361 3142 1425 cancellis,
3186 1371 3242 1416 et
3277 1360 3346 1415 iis
3383 1376 3507 1430 quae

1928 1462 2156 1507 vocatur
2186 1453 2347 1508 solete
2373 1454 2512 1524 (6!),
2541 1452 2687 1511 etin
2712 1451 2986 1508 columnis
3018 1466 3082 1507 ac
3112 1451 3322 1507 foribus
3349 1453 3501 1522 ipsis,

1927 1553 1997 1599 et:
2012 1544 2248 1613 denique
2287 1554 2415 1600 ante
2442 1545 2687 1599 divinum
2728 1543 2906 1598 altare
2954 1543 3182 1613 positis?
3215 1541 3353 1597 Num
3389 1544 3505 1597 hare

1928 1642 2154 1690 ornatus
2186 1643 2253 1689 et.
2274 1649 2486 1704 pompae
2515 1648 2680 1690 causa
2728 1632 3029 1689 Christiani
3070 1630 3513 1694 fabricaverunt,

1930 1741 2000 1781 an
2028 1727 2472 1797 potiusproprim
2504 1726 2743 1797 propriis
2779 1724 3071 1795 aptantes?
3101 1724 3255 1795 gnari
3297 1723 3507 1778 scilicet

1928 1816 2046 1873 loca
2080 1818 2346 1897 haegesse
2386 1818 2747 1882 adorationis,
2781 1817 3012 1886 ideoque
3056 1824 3115 1869 ut
3140 1815 3507 1870 adorarentur

251 1908 295 1959 oi
321 1909 643 1977 Χριστιανοὶ
680 1910 1062 1982 ὲτεκτήναντο,
1095 1910 1223 1980 ὴτά
1247 1913 1425 1965 οἰκεῖα
1453 1914 1569 1975 τοῖς
1597 1911 1819 1973 οἰκείοις

1935 1912 2041 1964 haec
2070 1909 2142 1963 ibi
2173 1909 2630 1980 conﬁgurarunt?

252 1998 655 2068 ἐφαρμόζοντες
679 2014 694 2063 ;
714 1999 917 2065 ειδότες
945 2002 1029 2055 ὅτι
1059 2005 1108 2055 οῖ
1136 2002 1295 2057 τόποι
1322 1998 1469 2058 οὗτοι
1528 2001 1957 2076 προσκυνήσειῖκ
2017 2002 2125 2055 εἰσι
2181 2001 2360 2068 τόποι,
2392 2001 2489 2055 καὶ
2553 2000 2650 2054 τοῦ
2682 1998 3108 2071 προσκυνεῖσθαι
3151 1998 3341 2051 ἕνεκεν
3366 1994 3508 2051 τού-

249 2105 355 2152 τοις
377 2088 797 2145 ἐνετυπὼσαντο
821 2106 837 2157 ;

321 2207 438 2269 μετ’.
487 2201 649 2256 Ἀλλὰ
678 2203 772 2256 καὶ
808 2203 1034 2268 δικαίως
1073 2206 1219 2275 μάλα
1246 2207 1276 2259 ὁ
1306 2207 1645 2277 προφητικὸς
1663 2205 1823 2275 λόγος

251 2290 342 2362 τὴν
360 2288 579 2347 τούτων
609 2296 1039 2366 παραφροσύνην
1077 2300 1171 2351 καὶ
1207 2297 1308 2369 τὴν
1336 2299 1639 2366 παράνοιαν
1690 2315 1824 2369 προρ

250 2381 422 2436 λαϐὼν
472 2383 855 2456 ὲστηλίτευσεν
876 2427 892 2450 ,
922 2389 1007 2441 ὅτι
1043 2386 1309 2442 Ἔδωκεν
1351 2387 1556 2455 αὐτοῖς
1589 2392 1622 2444 ὁ
1658 2390 1823 2455 Θεὸς,

253 2472 601 2545 ὀφθαλμοὺς
657 2476 765 2531 τοῦ
811 2476 897 2547 μὴ
945 2478 1227 2544 βλέπειν,
1280 2479 1380 2534 καί
1431 2475 1551 2534 ὦτα
1588 2480 1696 2534 τοῦ
1742 2478 1824 2549 μὴ

253 2563 516 2630 ἀκούειν,
540 2568 643 2621 ἵνα
656 2567 998 2637 ,βλέποντες
1020 2569 1104 2640 μὴ
1124 2569 1426 2637 βλέπωσι,
1450 2571 1549 2625 καί
1576 2572 1829 2627 ἀκούον-

253 2673 346 2724 τες
375 2659 471 2727 μὴ
519 2659 799 2714 συνιῶσι.
852 2661 962 2714 Καὶ
1021 2659 1362 2731 Ἐπαχύνθη
1391 2660 1591 2717 αὐτῶν
1618 2664 1656 2731 ἡ
1701 2662 1829 2717 διά-

255 2765 404 2813 νοια,
456 2749 562 2802 καὶ
613 2750 1068 2819 ὲσκοτίσθησαν
1099 2754 1199 2808 καὶ
1232 2753 1665 2822 ἐμωράνθησαν
1706 2754 1832 2818 τοῖς

255 2837 690 2911 διαλογισμοῖς.
779 2842 1198 2914 Ἐξερευνῶντες
1269 2844 1683 2915 ὲξερευνήσεις,
1755 2839 1831 2898 ὧν

254 2929 372 2985 οὔτε
402 2931 609 3004 ἔρευνα
644 2931 770 2986 οὕτε
819 2934 1120 3004 ἀμφιϐολία
1166 2934 1704 3005 παρὰεΧριστιανοῖς
1742 2936 1833 3004 γέ-

255 3037 376 3088 γονε
420 3021 682 3078 πώποτε·
714 3030 810 3078 καὶ
843 3024 1017 3088 οὕτως
1046 3025 1311 3096 ἐναργοῦς
1351 3011 1707 3097 ὑπαρχούσης
1739 3028 1832 3079 καὶ

253 3112 755 3187 δεδημοσιευμένης
798 3116 900 3187 τῆς
945 3116 1204 3186 ἀληθείας
1249 3117 1402 3188 πάσῃ
1429 3104 1629 3188 τῇ,ύφ’
1656 3118 1791 3189 ἡλίῳ
1813 3157 1827 3182 ,

255 3211 363 3271 τοῖς
387 3207 618 3272 οἰκείοις
656 3207 957 3280 ὀφθαλμοῖς
986 3208 1080 3262 καὶ
1125 3210 1191 3279 τῇ
1225 3209 1490 3285 ἐναργείᾳ
1519 3209 1657 3280 αὐτῇ
1688 3210 1829 3264 ἀπο-

2001 2206 2091 2261 46.
2126 2206 2563 2273 Polreclissime
2586 2207 2941 2277 propheticus
2969 2218 3148 2259 sermo
3181 2205 3375 2257 horum
3410 2202 3511 2277 de.-

1932 2297 2121 2363 lirium,
2144 2307 2318 2378 atque.
2337 2278 2613 2351 insaniam.
2632 2297 2839 2366 jamdiu
2865 2293 3218 2364 vituperavit.
3250 2290 3403 2345 Dedit
3431 2291 3507 2355 eis

1933 2388 2073 2443 Deus
2106 2391 2285 2457 oculos
2317 2389 2386 2442 ad
2419 2403 2522 2441 non
2553 2386 2857 2452 videndum,
2893 2394 2944 2439 et
2988 2400 3143 2439 aures
3175 2383 3243 2449 ad
3275 2398 3378 2436 non
3405 2398 3508 2435 au—

1935 2479 2216 2547 diendum;
2249 2489 2307 2532 ut
2335 2478 2569 2532 videntes
2604 2492 2708 2531 non
2741 2478 2978 2540 uideant,
3009 2483 3057 2528 et
3084 2473 3366 2537 audientes
3405 2486 3509 2523 non

1936 2569 2241 2639 intelligant
2292 2569 2334 2625 ⁸.
2390 2568 2509 2623 Et:
2547 2567 2860 2621 Iacrassata
2931 2574 3010 2619 est
3069 2563 3283 2616 illorum
3323 2574 3509 2622 meas,

1937 2662 2205 2717 obscurati
2232 2669 2359 2716 sunt
2404 2668 2453 2713 et
2498 2657 2758 2728 infamati
2785 2658 2840 2711 in
2881 2653 3286 2727 cogitationibus
3327 2649 3441 2705 suis
3464 2649 3509 2703 ¹.

1939 2755 2317 2827 Disqnirentes
2349 2752 2660 2822 disquirunt
2685 2742 3035 2829 6a,.quorum
3063 2758 3243 2817 neque
3276 2742 3521 2814 quaestio

1940 2862 2118 2918 neque
2167 2844 2501 2916 ambiguitas
2551 2844 2692 2914 apud
2741 2840 3089 2897 Christianos
3127 2851 3362 2906 unquam
3391 2833 3512 2888 fuit.

1939 2937 2076 2993 Cum
2116 2938 2256 2993 adeo
2307 2938 2379 2993 sit
2419 2922 2703 3008 perspicua
2753 2942 2809 2990 et
2839 2933 3098 3007 universo
3123 2932 3257 2986 orbe
3298 2926 3513 2999 pervul-

1939 3036 2065 3096 gata
2108 3029 2349 3105 veritas,
2393 3026 2548 3083 stulti
2580 3024 2633 3081 hi
2667 3024 2905 3095 propriis
2942 3021 3117 3079 oculis
3155 3020 3371 3091 ipsique
3395 3017 3512 3072 evi-

1937 3118 2139 3179 dentia:
2165 3127 2489 3190 repugnant,
2521 3115 3128 3183 demonstrationesque
3157 3127 3337 3169 rerum
3378 3109 3517 3179 ipsis

1937 3211 2358 3280 conspicuarum
2407 3219 2464 3264 et
2514 3208 2584 3265 ob
2633 3208 2836 3271 oculos
2882 3210 3181 3278 positarum
3238 3212 3515 3275 quaerunt.

260 3301 527 3370 μάχονται
559 3302 605 3353 οῖ
640 3301 857 3371 ἀνόητοι
878 3341 892 3362 ,
928 3301 1023 3353 καὶ
1058 3295 1361 3366 ἀποδείξεις
1406 3301 1516 3355 τῶν
1561 3300 1827 3373 βλεπομέ-

1935 3301 2077 3356 Idem
2108 3311 2333 3373 agentes
2359 3317 2422 3357 ac
2448 3302 2494 3357 si
2529 3303 2653 3372 quis
2682 3301 2850 3356 solem
2882 3301 3074 3355 videns
3101 3297 3219 3353 eois
3265 3304 3515 3351 recenter

257 3407 356 3443 νων
386 3390 523 3462 παρ’
549 3391 735 3454 αὐτοῖς
774 3393 871 3445 καὶ
903 3392 996 3444 ὑπ’
1025 3391 1149 3464 ὄψιν
1178 3393 1433 3463 ἠγμένων
1466 3392 1786 3462 ἐπιζητοῦσι
1805 3407 1822 3425 ⁸

257 3483 453 3536 ταυτόν
494 3499 547 3535 τι
594 3481 901 3548 ποιοῦντες,
938 3482 1127 3553 ὥσπερ
1175 3484 1225 3536 εί
1262 3482 1353 3537 τὸν
1391 3484 1545 3554 ἥλιον
1576 3470 1826 3550 καθορῶν

257 3589 334 3637 τις
364 3574 495 3644 ᾶρτι
524 3574 654 3627 ’τῶν
709 3573 863 3644 ἑῴων
905 3575 1192 3645 τερμάτων
1242 3572 1686 3644 άναθρώσκοντα,
1736 3575 1831 3641 κα).

257 3662 361 3716 τῶν
413 3662 663 3733 ἡλιακῶν
716 3662 953 3716 ἀκτίνων
992 3663 1268 3734 πανταχοῦ
1323 3663 1423 3726 τὰς
1473 3663 1634 3733 βολάς
1666 3681 1832 3718 κατα-

262 3755 587 3825 σπείραντα,
633 3753 915 3826 διαποροίη
962 3755 1038 3818 ὡς
1084 3755 1192 3824 ἄρα
1217 3755 1403 3827 ἡμέρα
1451 3758 1754 3809 ὲνισταῖτο·
1795 3755 1829 3827 ἦ

259 3842 537 3899 θάλασσάν
585 3861 669 3907 τις
717 3845 1165 3915 ναυτιλλόμενος,
1204 3847 1238 3918 ἢ
1290 3848 1536 3918 ποταμὸν
1570 3847 1832 3920 περαιοῦ-

262 3954 441 4004 μενος.
474 3937 617 3990 κατὰ
639 3937 765 4001 τοὺς
792 3937 1051 4000 διάπλους
1083 3937 1356 4005 ἀπόδειξιν
1386 3939 1696 4010 ὲπιζητοίη,
1735 3940 1830 4005 καὶ.

259 4027 683 4101 διαμφισϐητοίη
704 4046 719 4061 ο
763 4031 812 4083 εἰ
844 4031 954 4100 ἄρα
989 4030 1139 4085 ἐστὶν
1178 4028 1323 4102 ὕδωρ
1356 4032 1415 4083 ὲν
1458 4031 1706 4104 θαλάσσῃ
1738 4031 1832 4085 καὶ

260 4120 489 4193 ποταμῷ
507 4138 520 4152 ο
551 4123 646 4175 καὶ
669 4121 705 4176 ἃ
730 4123 840 4176 οὐδ’
864 4123 932 4177 ἂν
961 4125 1011 4179 οἱ
1038 4122 1133 4176 τοῦ
1160 4123 1337 4193 φωτὸς
1368 4122 1562 4185 τούτου
1592 4123 1830 4194 πάμπαν

260 4212 474 4283 ἄπειροι
514 4214 987 4284 διαμφιϐάλλοιεν,
1025 4214 1145 4269 οὐδὲ
1167 4215 1218 4267 οἱ
1244 4214 1386 4283 ἄγαν
1417 4214 1483 4268 ὲκ
1513 4215 1830 4286 κραιπάλης

262 4305 701 4375 καρηϐαροῦντες
721 4306 816 4365 καὶ
837 4306 1292 4379 κατενηνεγμένοι
1315 4305 1560 4373 πάθοιεν·
1574 4306 1832 4371 πολλάκις

264 4395 352 4445 καὶ
370 4394 438 4447 τά
464 4395 674 4449 ἑστῶτα
695 4397 791 4450 καὶ
814 4397 1080 4468 μηδαμῶς
1108 4396 1403 4467 κινούμενα
1423 4397 1482 4449 ὲν
1516 4397 1700 4467 κύκλῳ
1730 4413 1833 4450 πε-

267 4485 577 4551 ριδινεῖσθαι
608 4491 845 4559 οἰόμενοι
864 4507 877 4521 ·
909 4486 1054 4545 οὗτοι
1083 4490 1560 4563 ὲκμεμεθυσμένοι
1585 4490 1662 4562 τῷ
1706 4492 1833 4560 οἴνῳ

267 4574 358 4642 τῆς
383 4579 664 4645 ἀπιστίας.
707 4581 801 4635 καὶ
835 4582 1215 4654 κεκαρωμένοι
1243 4582 1343 4651 τὴν
1369 4581 1547 4653 ψυχὴν
1579 4584 1693 4646 τοῖς
1722 4581 1832 4634 ὑλι-

1939 3394 2138 3450 iinibus
2185 3395 2545 3461 exorientem,
2574 3404 2629 3449 et
2657 3394 2931 3457 solarium,
2958 3391 3236 3446 radiorum
3264 3400 3514 3458 quaqua-

1938 3500 2128 3542 versus
2168 3486 2348 3556 jactns
2398 3495 2770 3557 spargentem,
2820 3483 3098 3539 dubitaret
3151 3480 3329 3536 adhuc
3380 3494 3515 3534 num

1939 3578 2056 3633 dies
2082 3578 2322 3633 adesset.
2363 3578 2472 3632 Aut
2503 3565 2654 3632 mare
2680 3577 2953 3646 quispiam
2981 3572 3263 3643 navigans,
3295 3569 3381 3625 vel
3411 3568 3513 3623 ﬂu-

1938 3683 2062 3724 men
2116 3679 2377 3733 tranans,
2440 3667 2805 3724 demonstrari
2868 3666 2977 3721 sibi
3035 3663 3508 3719 transmissionem

1938 3775 2092 3815 suam
2137 3759 2461 3830 postularet,
2510 3759 2904 3829 dubitaretque
2950 3772 3075 3811 num
3110 3770 3251 3824 aqua
3283 3754 3336 3808 in
3373 3753 3521 3808 mari

1939 3865 2004 3917 ac
2035 3851 2257 3906 ﬂumine
2282 3858 2449 3906 esset.
2484 3847 2696 3921 Etcum
2729 3866 2797 3906 ne
2828 3848 3076 3903 homines
3104 3846 3323 3916 quidem
3353 3859 3514 3923 pror-

1940 3957 2034 3998 sus
2078 3942 2214 4007 lucis
2258 3951 2512 4012 expertes
2554 3944 2620 4007 de
2650 3941 2737 3996 his
2768 3940 2937 4010 122‘
2988 3938 3291 4007 ambigam,
3340 3948 3521 4009 neque

1940 4031 2161 4102 crapula
2192 4031 2372 4087 obruti
2400 4040 2456 4101 et
2481 4031 2691 4099 abrepti
2737 4020 3175 4084 hanc‘insaniam
3213 4024 3523 4093 patiantur,

1940 4122 2034 4192 qui
2067 4131 2244 4193 tamen
2271 4135 2413 4190 saepe
2431 4135 2518 4176 res
2540 4128 2750 4174 stantes
2776 4126 2831 4173 et
2861 4114 3186 4187 immobiles,
3214 4113 3517 4183 circumagi

1941 4222 2161 4285 putant,
2215 4211 2270 4268 bi
2319 4214 2449 4266 vino
2502 4209 2901 4277 incredulitatis
2949 4205 3109 4283 ebrii,
3163 4205 3515 4272 animamque

1943 4298 2175 4377 gravati,
2205 4303 2585 4360 materialibus
2623 4301 2790 4356 veluti
2831 4299 3068 4354 devincti
3119 4297 3515 4367 cupiditatibus

1945 4396 2327 4465 mundanoque
2358 4402 2414 4450 et
2443 4393 2624 4449 fallaci
2671 4391 2920 4462 gloriola:
2963 4389 3088 4444 fuco
3121 4398 3175 4444 et
3203 4388 3514 4443 carnalibus

1942 4487 2313 4557 voluptatibus
2358 4485 2639 4557 captivati,
2674 4484 2908 4555 pessima
2938 4496 3169 4554 quaeque
3198 4489 3255 4536 et
3287 4480 3513 4536 calami-

1945 4589 2060 4634 tosa
2092 4581 2471 4651 experiuntur.

265 4671 375 4732 κοῖς
402 4663 491 4723 οἷα
511 4672 919 4747 κατασυρέντες
946 4673 1169 4739 πάθεσι,
1191 4673 1285 4727 καὶ
1310 4675 1431 4737 ταῖς
1491 4673 1871 4745 περικοσμίοις
1944 4672 2039 4727 καὶ
2085 4670 2393 4742 άπατηλαῖς
2432 4669 2613 4737 δόξαις
2662 4667 2757 4722 καὶ
2809 4667 3102 4739 σαρκικαῖς
3158 4661 3512 4737 ἡδυπαθείαις

265 4761 809 4834 αἰχμαλωτιζόμενοι,
833 4763 901 4818 τὰ
924 4766 1144 4818 πάντων
1164 4765 1497 4818 πεπόνθασιν
1521 4764 1829 4836 ἀθλιώτερα
1866 4767 1962 4820 καὶ
1990 4764 2373 4836 χαλεπώτερα.

335 4852 440 4920 με’.
480 4854 603 4906 Ἔτι
645 4854 842 4923 μικρὸν
872 4858 986 4919 τοῖς
1035 4856 1349 4927 εἰρημένοις
1396 4856 1727 4927 προσθέντες
1757 4860 1827 4921 εἰς

2012 4858 2104 4912 47.
2140 4856 2197 4912 Si
2229 4870 2405 4925 pauca
2446 4855 2622 4909 adhuc
2652 4856 2719 4908 ad
2750 4852 2910 4921 hujus
2947 4850 3216 4907 sermonis
3250 4849 3514 4921 disquisi-

265 4939 359 5011 τὴν
389 4940 483 4996 τοῦ
516 4944 676 5013 λόγου
715 4945 983 5013 ἐξέτασιν,
1016 4948 1278 5018 γνοίημεν
1308 4948 1363 5001 εῑ
1402 4965 1466 5017 γε
1512 4948 1623 5019 ἄρα
1668 4966 1836 5019 προσ-

1939 4950 2141 5004 tionem
2174 4936 2459 5014 addemus,
2494 4946 2630 5001 satis
2674 4945 2862 5014 utique
2895 4958 3290 5021 cognoscemus
3323 4957 3391 4995 an
3428 4941 3514 4996 his

272 5034 510 5099 ηκόντως
543 5035 727 5101 αὐτοῖς
757 5037 819 5090 τὸ
848 5038 943 5090 τοῦ
971 5024 1406 5117 Χριστιανισμοῦ
1437 5039 1827 5109 ὲπιφημίζεται

1936 5040 2326 5107 convenienter
2354 5024 2793 5109 Christianorum
2822 5030 3111 5117 appellatio
3151 5034 3504 5088 attribuatur.

270 5121 453 5195 ὄνομα*
488 5129 648 5198 ἴσμεν
678 5128 785 5200 γὰρ
812 5128 1052 5194 ἅπαντες
1080 5131 1163 5183 ὅτι
1189 5130 1379 5201 ῶσπερ
1407 5131 1440 5203 ἡ
1463 5130 1558 5184 τοῦ
1594 5132 1832 5202 Χριστοῦ

271 5214 424 5270 εἰκὼν
461 5221 529 5272 ὲκ
569 5222 915 5292 παραγωγῆς
936 5259 950 5285 ,
996 5223 1091 5277 τοῦ
1121 5222 1359 5294 Χριστοῦ
1388 5223 1451 5276 τό
1482 5240 1541 5276 τε
1567 5219 1710 5287 εἶδος
1743 5226 1834 5277 κέ-

274 5316 492 5375 κτηται.
554 5310 647 5362 καὶ
692 5311 794 5380 τὴν
834 5313 1209 5385 προσηγορίαν
1260 5314 1431 5385 αὐτὴν
1485 5314 1833 5389 ἐπιφέρεται,

271 5393 403 5452 οὕτω
455 5401 520 5473 δὴ
587 5403 680 5456 καὶ
725 5405 754 5456 ὁ
807 5406 1172 5475 Χριστιανὸς,
1221 5406 1297 5470 ὡς
1353 5409 1419 5460 ἐκ
1473 5406 1834 5477 πρωτοτύπου

274 5484 524 5560 ὀνόματος
561 5492 656 5547 τοῦ
697 5480 956 5566 Χριστοῦ,
984 5499 1083 5566 τήν
1120 5514 1180 5550 τε
1212 5498 1406 5569 κλῆσιν
1435 5497 1595 5568 ἔλαχε
1628 5498 1835 5563 καὶτὸν

344 5666 362 5702 ⁸
389 5668 492 5727 lsa.
515 5687 597 5739 νι,
623 5670 677 5738 9,
712 5670 797 5726 l0.
871 5671 891 5700 ²
927 5669 1141 5734 Roma,
1170 5665 1259 5720 Ἃ.

1939 5131 2149 5200 Quippe
2175 5144 2368 5183 omnes
2427 5128 2655 5189 scimus,
2693 5128 2839 5197 quod
2885 5126 3049 5181 sicuti
3092 5123 3301 5179 Christi
3336 5122 3514 5189 imago

1937 5235 2037 5290 per
2065 5220 2483 5284 derivationem,
2515 5229 2628 5273 tum
2659 5218 2864 5273 Christi
2900 5215 3139 5287 speciem
3187 5221 3354 5277 tenet,
3398 5222 3511 5266 tum

1942 5322 1998 5367 et
2024 5312 2194 5385 ipsam
2217 5312 2633 5385 appellationem
2658 5312 2828 5379 gerit,
2852 5311 2932 5364 sic
2954 5309 3118 5363 etiam
3144 5304 3511 5367 Christianus,
3536 5358 3539 5361 λ

1946 5412 2202 5468 tanquam
2244 5418 2310 5459 ex
2345 5413 2629 5474 prototypo
2665 5402 2866 5458 Christi
2916 5399 3154 5464 nomine,
3186 5405 3241 5451 et
3267 5393 3508 5464 appella—

1931 5498 2148 5565 tionem
2178 5499 2408 5553 sortitur
2440 5507 2494 5552 et
2524 5510 2722 5561 mores,
2764 5493 2854 5565 qui
2883 5506 3005 5548 eum
3039 5488 3379 5567 distinguere
3414 5498 3536 5540 seu,

342 5824 446 5897 (Gl)
484 5830 557 5885 De
603 5828 748 5885 solea
796 5828 997 5885 veteris
1046 5827 1299 5884 Ecclesiae
1344 5836 1520 5884 exstat
1554 5828 1818 5885 eruditum
1860 5826 2054 5884 Leonis
2094 5824 2649 5896 Allatiiopusculum.
