4072 6324
540 423 648 490 467

1569 434 1632 494 s.
1669 417 2087 496 NICEPHo'm
2125 435 2628 496 mrumst:st
2659 436 2769 498 CP.

3685 442 3796 507 468

544 541 795 607 deﬁitire,
822 556 920 614 per
950 543 1309 603 imitationem
1341 546 1575 618 vitaeque
1608 563 1802 618 genus,
1843 560 2110 620 quatenus

2213 551 2437 621 τρόπον,
2473 550 2598 606 καθ’
2627 551 2687 606 δν
2729 548 2795 624 δὴ
2837 553 3268 624 χαρακτηρίζειν
3305 554 3466 610 αὐτὸν
3502 556 3591 611 διὰ
3619 561 3794 630 μιμή-

545 634 663 689 ﬁeri
691 644 888 704 potest,
923 636 1138 692 debent.
1171 638 1247 694 Ex
1277 655 1386 695 uno
1417 640 1600 709 itaque
1629 656 1725 695 ceu
1756 643 2028 712 principio
2051 659 2116 699 ac

545 725 750 789 radice,
779 726 994 783 Christo
1021 728 1248 796 scilicet,
1274 734 1647 800 procedentes,
1674 733 2114 788 communionem

543 816 978 888 relationemque
1026 829 1266 874 mutuam
1298 833 1627 877 conservant
1660 840 1673 876 :
1713 831 1767 880 et
1798 839 2113 895 quanquam

543 910 848 964 substantia
881 913 1145 980 modoque
1172 913 1469 969 exsistendi
1508 913 1725 971 diﬂ‘erre
1754 917 1896 971 inter
1923 931 1981 970 se
2015 931 2113 970 no-

544 1009 804 1062 scuntur,
835 1000 1187 1057 nihilominus
1239 1003 1439 1080 eodem
1483 1008 1706 1062 nomine
1758 1017 2005 1072 utuntur,
2059 1017 2114 1062 et

544 1089 848 1144 communis
889 1090 942 1144 in
975 1102 1207 1162 utraque
1247 1110 1306 1150 re
1335 1097 1667 1164 praedicatur
1713 1097 1916 1154 Christi
1948 1100 2113 1154 deno-

540 1178 790 1232 minatio.
841 1179 898 1234 Si
945 1195 1076 1252 ergo
1121 1183 1243 1240 talis
1278 1189 1608 1256 communio,
1661 1190 1910 1260 idemque
1940 1205 2113 1246 nexus

542 1267 718 1322 abhis
741 1271 1009 1326 retinetur
1026 1289 1154 1343 erga
1186 1276 1603 1346 homogeneum,
1637 1290 1801 1349 atque
1831 1281 1897 1335 ad
1924 1282 2113 1347 homo-

539 1373 760 1431 nymum
795 1377 894 1431 par
922 1363 1099 1420 honor
1134 1367 1425 1433 redundat,
1478 1384 1612 1424 sane
1657 1369 1742 1424 his
1782 1372 2114 1425 attribuatur

541 1447 838 1507 Christiani
864 1471 1080 1510 nomen.
1110 1457 1204 1511 Sin
1228 1457 1313 1513 his
1337 1466 1562 1527 prorsus
1580 1463 1853 1516 contraria
1883 1461 2108 1526 faciunt,

543 1551 708 1612 atque
739 1548 886 1600 omni
919 1549 1185 1606 dedecore
1211 1560 1266 1606 et
1295 1553 1592 1622 ignominia
1621 1553 1862 1608 obruunt
1891 1553 2111 1608 Christo

541 1647 696 1702 teque
725 1649 790 1690 ac
828 1637 930 1692 sibi
970 1655 1255 1696 commune
1292 1657 1487 1698 nomen
1520 1653 1573 1698 et
1602 1653 1844 1698 mutuam
1893 1643 2114 1698 relatio-

542 1739 690 1870 nelm,
718 1742 818 1874 Cl;l'
854 1731 906 1786 hi
934 1729 1369 1790 Christianorum
1413 1736 1833 1807 appellationem
1878 1733 2112 1806 particl-

542 1829 609 1874 na
653 1825 748 1872 unt

540 1825 748 1883 pabunt

2219 659 2358 706 σεως
2400 643 2494 698 καὶ
2531 643 2809 707 πολιτείας
2850 644 2926 708 ὡς
2963 640 3074 698 οἷόν
3122 645 3183 699 τέ
3231 646 3380 700 ἐστιν
3417 647 3788 704 ινδείκθυταιο

2214 733 2290 797 ὡς
2333 737 2398 788 ὲκ
2443 736 2571 805 μιᾶς
2624 731 2718 790 οῦν
2763 735 2938 805 ἀρχῆς
2984 735 3274 808 ἀμφότερα
3316 737 3647 809 ὁρμώμενα,
3698 743 3792 795 καὶ

2213 819 2326 878 οἷον
2376 825 2534 896 ῥίζης
2585 827 2683 895 τῆς
2732 826 2902 896 αὐτῆς
2959 826 3217 894 προῖόντα
3251 827 3347 880 τοῦ
3380 828 3640 897 Χριστοῦ,
3675 849 3792 884 κοι-

2215 912 2410 965 νωνίαν
2443 930 2502 965 τε
2532 913 2624 966 καὶ
2653 913 2837 983 σχέσιν
2864 912 2964 984 τὴν
2994 915 3134 984 πρὸς
3181 915 3388 984 ἄλληλα
3419 917 3752 982 διασώζουσι
3773 937 3788 952 ·

2214 1003 2320 1057 κᾶν
2345 1005 2410 1074 τῇ
2447 1003 2605 1076 οὐσίᾳ
2633 1006 2730 1058 καὶ
2761 1004 2839 1073 τῷ
2882 1007 3069 1075 τρόπῳ
3105 1006 3204 1076 τῆς
3233 1006 3521 1076 ὑπάρξεως
3540 1049 3553 1072 ,
3587 1008 3648 1060 τὺ
3676 1009 3793 1062 διὰ-

2215 1110 2380 1164 φορον
2410 1096 2467 1147 ὲν
2497 1095 2678 1158 αὐτοῖς
2718 1096 3071 1166 ἐμφαίνηται,
3099 1099 3249 1166 ὅμως
3293 1097 3338 1149 δ’
3365 1095 3458 1150 οὖν
3487 1099 3581 1150 τοῦ
3622 1101 3790 1154 αὐτοῦ

2217 1185 2476 1256 μετέσχον
2504 1187 2792 1258 ὀνόματος,
2818 1191 2914 1241 καὶ
2941 1187 3246 1258 ὁμωνύμως
3286 1189 3372 1242 ἐπ’
3399 1193 3605 1260 ἀμφοῖν
3631 1193 3663 1260 ἡ
3695 1193 3786 1246 τοῦ

2215 1277 2454 1348 Χριστοῦ
2510 1280 2899 1348 κατηγορεῖται
2960 1279 3339 1351 προσηγορία·
3403 1281 3452 1332 εί
3505 1282 3688 1335 τοίνυν
3755 1286 3789 1354 ἠ

2213 1367 2433 1438 τοιαύτη
2469 1369 2724 1421 κοινωνία
2753 1370 2846 1421 καὶ
2878 1371 2906 1422 ό
2947 1369 3111 1432 αὐτὸς
3157 1371 3346 1440 είρμὺς
3379 1373 3530 1441 παρὰ
3576 1373 3789 1436 τούτοις

2215 1456 2561 1526 πεφύλακται
2610 1459 2749 1529 πρὸς
2801 1458 2860 1511 τὸ
2908 1459 3250 1528 ὁμόστοιχον,
3319 1461 3414 1513 καὶ
3472 1461 3676 1530 ὴπρὸς
3728 1462 3790 1514 τὸ

2215 1547 2503 1619 ὁμώνυμον
2549 1549 2685 1618 τιμὴ
2740 1549 3132 1618 ὲκνενέμηται,
3197 1549 3656 1619 κατακληρούσθω
3693 1551 3788 1604 καὶ

2218 1637 2306 1690 ἐπ’
2336 1637 2522 1702 αὐτοῖς
2567 1638 2630 1691 τὺ
2658 1639 2985 1709 Χριστιανοῦ
3037 1639 3240 1710 δνομα·
3276 1642 3324 1692 εἰ
3368 1639 3424 1692 δὲ
3457 1641 3789 1704 ἀπεναντίας

2215 1728 2421 1783 τούτων
2450 1730 2626 1783 πάντα
2673 1731 3006 1802 πράττουσι,
3055 1733 3150 1784 καὶ
3195 1731 3376 1802 πάσης
3425 1732 3650 1802 ἀτιμίας
3695 1733 3788 1785 καὶ

2215 1819 2432 1883 ἀδοξίας
2483 1818 2864 1890 ἀποπληροῦσι
2912 1820 2983 1873 τά
3028 1837 3087 1873 τε
3145 1804 3384 1889 Χριστοῦ
3427 1822 3522 1874 καὶ
3575 1823 3788 1885 ἑαυτοῖς

2145 1902 2484 1981 Βόμὼνυμά
2524 1927 2582 1964 τε
2635 1911 2730 1964 καὶ
2769 1912 2828 1962 ὲν
2879 1910 3059 1980 σχέσει
3105 1914 3172 1982 τῇ
3207 1912 3342 1983 αὐτῇ
3399 1911 3786 1982 θεωρούμενα,

611 2081 702 2137 48.
737 2081 892 2150 Quod
925 2076 1307 2153 autem‘hujus
1336 2088 1413 2144 rei
1445 2103 1610 2144 causa
1661 2089 1940 2160 archetypi
1977 2104 2112 2160 quo-

541 2189 648 2242 que
697 2175 996 2232 destructio
1027 2178 1094 2232 ab
1123 2179 1254 2248 ipsis
1297 2181 1412 2246 liat,
1463 2181 1736 2237 ratiocinii
1783 2182 2006 2251 sequela
2059 2189 2115 2237 et

539 2281 722 2322 rerum
757 2283 878 2338 qua:
917 2282 1215 2326 cernuntur
1257 2273 1490 2328 intentio
1543 2272 1754 2328 iaciunt
1785 2273 2111 2344 intelligere.

539 2358 809 2415 Distrahit
846 2361 991 2416 enim
1024 2362 1236 2418 illorum
1265 2363 1734 2434 conjunctionem,
1773 2363 2114 2432 nominisque

540 2452 1006 2519 communionem,
1039 2454 1359 2527 homogenei
1391 2464 1446 2512 et
1473 2456 1792 2528 homonymi
1823 2453 2112 2524 abnegatio

539 2549 596 2595 et
635 2541 890 2611 abjectio.
927 2543 1118 2600 Simile
1153 2545 1282 2616 quid
1309 2547 1618 2617 patiuntur,
1644 2562 1707 2602 ac
1736 2547 1779 2602 si
1807 2547 1874 2602 de
1903 2546 2113 2602 duobus

539 2631 727 2700 pueris
761 2632 1178 2701 disquireretur,
1223 2645 1404 2690 utrum
1429 2651 1494 2691 ex
1527 2637 1715 2692 eodem
1752 2645 1936 2692 essent
1962 2647 2114 2705 patre

538 2722 842 2792 progeniti;
875 2739 1105 2793 quorum
1142 2725 1231 2781 ille
1262 2728 1351 2796 qui
1389 2728 1681 2782 incolumia
1725 2729 1988 2783 retineret
2014 2743 2111 2798 pa-

542 2823 698 2868 terna
777 2813 1144 2882 lineamenta,
1199 2825 1257 2872 et
1314 2817 1660 2874 indelebilem
1709 2826 1921 2889 gereret
1991 2832 2111 2872 cum

541 2908 796 2977 gignente
847 2907 1293 2976 similitudinem,
1339 2911 1535 2964 merito
1590 2925 1721 2965 sane
1772 2918 2114 2980 reputaretur

507 2998 996 3063 'gcrmanissimus
1025 3017 1039 3053 :
1069 3002 1208 3054 alter
1253 3015 1383 3055 vero
1424 3001 1560 3056 nihil
1603 3001 1797 3055 horum
1848 3001 2111 3066 retinens,

505 3089 896 3165 oprobabiliter
927 3091 1125 3148 nothus
1153 3091 1492 3160 judicaretur
1522 3101 1577 3147 et
1605 3089 1921 3148 extraneas.
1947 3089 2109 3146 Nothi

508 3194 673 3248 ,οι-κο
692 3189 747 3235 et
770 3180 824 3234 hi
851 3181 1143 3236 Christiani
1160 3181 1284 3250 jure
1306 3182 1616 3247 credentur,
1635 3193 1688 3237 et
1710 3182 1908 3236 Christi
1938 3181 2111 3236 haere-

541 3273 714 3328 ditate
746 3284 913 3344 atque
939 3274 1066 3330 ovili
1101 3273 1336 3343 expulsi.
1384 3274 1612 3330 Frustra
1639 3275 1781 3330 enim
1813 3274 1917 3330 sibi
1948 3288 2107 3328 arro-

542 3376 673 3436 gant
703 3366 848 3420 nullo
873 3367 1036 3420 modo
1062 3367 1128 3421 ad
1156 3367 1304 3437 ipsos
1332 3367 1608 3438 pertinens
1640 3383 1834 3424 nomen
1867 3385 1880 3421 :
1913 3367 2010 3422 sed
2037 3367 2105 3421 ad

509 3457 864 3514 .mconomia:
914 3457 1116 3514 Christi
1166 3459 1621 3525 destructionem,
1678 3459 1762 3515 vel
1817 3460 1997 3529 potius
2045 3459 2112 3513 ad

544 3570 766 3608 suarum
815 3554 1120 3610 animarum
1172 3554 1432 3622 exitium,
1474 3555 1779 3625 speciosum
1813 3555 2112 3610 incircum-

543 3646 736 3717 scripti
768 3646 1033 3717 objiciunt
1069 3645 1418 3702 vocabulum.

623 3920 706 3978 l9.
743 3920 880 3988 Quid
911 3935 1038 3989 ergo
1067 3919 1248 3976 dicent
1289 3921 1356 3977 de
1391 3920 1514 3975 aliis
1549 3919 1725 3976 sacris
1773 3919 2112 3991 ﬁgurationi-

539 4013 665 4079 bus,
695 4027 889 4082 nempe
923 4022 979 4068 et
1004 4012 1175 4083 ipsius
1207 4012 1567 4068 sanctissimae
1604 4012 1842 4081 Virginis
1870 4009 1965 4066 Dei
1993 4010 2110 4064 Ma-

543 4107 663 4172 tris,
696 4114 748 4160 et
786 4114 1106 4160 cmterorum
1155 4113 1492 4168 sanctorum,
1526 4103 1616 4171 qui
1653 4102 1798 4157 omni
1844 4117 1958 4156 aevo
2003 4102 2112 4156 Deo

539 4195 902 4266 placuerunt?
927 4194 1066 4249 Num
1110 4195 1274 4249 etiam
1322 4193 1411 4248 hic
1441 4192 1933 4262 incircumscriptio
1965 4195 2110 4262 ipso-

539 4303 660 4343 rum
711 4285 993 4342 obstabit?
1046 4284 1130 4340 vel
1174 4300 1238 4338 ex
1271 4285 1475 4340 deitate
1505 4293 1561 4338 et
1591 4284 1929 4339 humanitate
1979 4299 2112 4338 con-

541 4388 749 4435 stantes
809 4377 956 4448 ipsos
1025 4375 1322 4431 delinient?
1381 4374 1498 4429 Non
1553 4374 1681 4430 licet
1725 4376 1812 4430 hic
1866 4375 2111 4447 proiecto

541 4474 721 4527 dicere
781 4469 1038 4525 deitatem
1108 4481 1213 4521 una
1281 4467 1693 4532 circumscribi,
1749 4467 1831 4522 vel
1889 4482 2108 4523 carnem

2216 2001 2338 2064 πῶς
2366 2001 2432 2055 ἂν
2457 2001 2611 2055 αὐτοὶ
2641 2000 2742 2071 τῆς
2773 2001 3119 2072 Χριστιανῶν
3153 2001 3438 2072 μεθέξουσι
3467 2003 3748 2073 κλήσεωςς

2289 2097 2402 2164 μην.
2441 2091 2564 2144 Ὀτι
2607 2091 2664 2145 δὲ
2688 2091 2777 2144 διὰ
2815 2091 2973 2144 τοῦτο
3010 2092 3104 2145 καὶ
3151 2093 3184 2163 ὴ
3215 2091 3350 2162 πρὸς
3377 2091 3437 2145 τὸ
3479 2093 3789 2162 ἀρχέτυπον

2215 2183 2399 2246 αὐτοῖς
2456 2181 2714 2252 ἀθέτησις
2763 2181 3005 2251 γίνεται,
3068 2183 3128 2234 τὸ
3161 2181 3254 2234 τοῦ
3288 2182 3447 2250 λόγου
3494 2182 3789 2235 ἀκόλουθον

2215 2275 2312 2328 καὶ
2338 2275 2367 2326 ὁ
2403 2273 2513 2327 τῶν
2550 2273 2894 2344 φαινομένων
2940 2272 3142 2336 σκοπὸς
3194 2273 3396 2326 ἐννοεῖν
3449 2272 3631 2326 δίδωσι
3654 2287 3668 2303 ·
3703 2273 3790 2326 δι-

2220 2366 2401 2440 ίστησι
2419 2365 2530 2436 γάρ
2558 2363 2738 2418 αὐτῶν
2761 2364 2860 2434 τὴν
2886 2363 3200 2435 οἰκειότητα
3231 2364 3331 2435 τὴν
3359 2364 3495 2434 πρὸς
3525 2364 3658 2417 αὐτὸ
3692 2364 3789 2417 καὶ

2213 2457 2313 2528 τὴν
2358 2459 2458 2526 τῆς
2511 2455 2758 2526 κλήσεως
2805 2455 3112 2520 κοινωνίαν,
3145 2457 3176 2526 ἡ
3210 2455 3302 2509 τοῦ
3353 2455 3637 2524 συστοίχου
3691 2456 3789 2509 καὶ

2212 2545 2507 2617 ὁμωνύμου
2557 2546 2889 2617 παραίτησις
2931 2548 3025 2600 καὶ
3073 2547 3453 2612 ὲξουδένωσιςο
3490 2546 3784 2618 παραπλή-

2217 2654 2331 2690 σιον
2369 2637 2477 2708 γάρ
2514 2654 2568 2690 τι
2597 2637 2950 2702 πεπόνθασιν,
2980 2636 3056 2700 ὡς
3080 2639 3126 2690 εί
3162 2637 3256 2691 καὶ
3285 2636 3378 2690 δύο
3424 2637 3570 2700 τινὲς
3599 2637 3785 2699 παῖδες

2214 2726 2574 2792 ὲξετάζοιντο,
2605 2727 2654 2778 εί
2703 2726 2822 2789 ἑνὸς
2851 2727 2945 2780 κα)⁴
2977 2726 3071 2779 τοῦ
3125 2726 3290 2781 αὐτοῦ
3336 2727 3784 2797 προστετυχήκα·

2215 2833 2320 2870 σινο
2347 2810 2422 2871 ὧν
2446 2819 2474 2870 ὁ
2493 2818 2589 2888 μὲν
2607 2816 2790 2887 ἔτερος
2819 2819 3022 2882 ἀσινεῖς
3041 2818 3168 2882 τοὺς
3198 2817 3482 2889 πατρῴους
3503 2816 3787 2880 διασώζων

2212 2911 2602 2979 χαρακτῆρας,
2652 2910 2746 2960 καὶ
2792 2908 3258 2978 ἀπαραχάρακτον
3310 2909 3491 2979 φέρων
3528 2907 3623 2960 τοῦ
3679 2907 3785 2976 φύο

2216 3015 2406 3062 σαντος
2432 2999 2531 3068 τὴν
2562 2997 2883 3068 ἐμφέρειαν,
2929 3000 3152 3063 εἰκότως
3183 2999 3249 3054 ἀν
3277 2999 3560 3070 νομισθείη
3589 3001 3618 3052 ό
3654 3015 3788 3068 γνη-

2216 3089 2505 3154 σιώτατος·
2547 3091 2575 3143 ό
2595 3089 2640 3144 δ’
2671 3085 2735 3143 αὖ
2769 3090 2956 3160 ἕτερος
2994 3091 3160 3162 μηδὲν
3187 3090 3393 3144 τούτων
3421 3090 3784 3158 ἑπαγόμενος,

2215 3180 2453 3248 εὐλόγως
2501 3181 2567 3233 ἂν
2598 3179 2752 3243 νόθος
2801 3180 3018 3250 κριθείη
3065 3180 3160 3234 καὶ
3207 3179 3467 3247 ἕκφυλοςο
3519 3178 3664 3232 νόθοι
3689 3176 3785 3232 οὖν

2214 3273 2308 3325 καὶ
2336 3271 2491 3324 αὐτοὶ
2521 3271 2839 3342 Χριστιανοὶ
2864 3272 2922 3323 ὲν
2951 3270 3073 3342 δίκῃ
3100 3270 3543 3341 νομισθήσονται,
3568 3269 3664 3323 καὶ
3683 3271 3785 3340 τῆς

2211 3361 2450 3433 Χριστοῦ
2517 3362 2884 3433 κληρονομίας
2952 3363 3049 3414 καὶ
3109 3361 3346 3431 ποίμνης
3411 3360 3782 3430 ὲκκήρυκτοιο

2215 3458 2393 3526 μάτην
2436 3455 2544 3526 γὰρ
2599 3454 3048 3525 μεταποιοῦνται,
3095 3454 3247 3507 οὐδὲν
3293 3455 3474 3511 αὐτοῖς
3505 3451 3786 3525 προσῆκον

2212 3547 2336 3618 ήδη,
2380 3546 2472 3599 τοῦ
2512 3547 2804 3617 ὀνόματοςν
2851 3546 2968 3600 ἀλλ’
3003 3547 3083 3609 είς
3115 3544 3215 3615 μὲν
3259 3544 3519 3614 ἀθέτησιν
3546 3545 3645 3612 τῆς
3686 3543 3784 3597 τοῦ

2212 3636 2450 3706 Χριστοῦ
2482 3637 2826 3707 οἰκονομίας,
2858 3636 3061 3704 μᾶλλον
3089 3635 3146 3688 δὲ
3174 3638 3258 3699 εἰς
3285 3634 3507 3706 ὄλεθρον
3543 3635 3649 3686 τῶν
3679 3633 3783 3703 ψυ-

2214 3729 2326 3800 χῶν
2361 3727 2562 3793 αὐτῶν,
2616 3729 2820 3800 σκῆψις
2847 3732 2880 3801 ἡ
2911 3728 3005 3783 τοῦ
3050 3727 3468 3801 ἀπεριγράπτου
3497 3729 3782 3800 πρόκειται

2213 3820 2388 3889 φωνή.

2287 3909 2395 3982 μθ’.
2427 3913 2491 3966 Τί
2522 3910 2616 3967 οῦν
2659 3909 3070 3980 ἀποφανοῦνται
3113 3909 3243 3980 περὶ
3275 3907 3384 3961 τῶν
3413 3907 3590 3962 ἄλλων
3621 3906 3785 3977 ἱερῶν

2213 4005 2647 4076 ὲκτυπωμάτων,
2697 4004 2867 4073 αὐτῆς
2913 4020 2972 4056 τε
3021 4004 3121 4073 τῆς
3169 4001 3452 4068 πανάγνου
3500 3998 3785 4068 Παρθένου

2212 4098 2308 4150 καὶ
2347 4095 2714 4167 Θεομήτορος,
2764 4093 2858 4146 καὶ
2909 4091 3016 4144 τῶν
3056 4091 3232 4146 ἄλλων
3289 4089 3464 4158 ἁγίων
3523 4088 3635 4141 τῶν
3683 4086 3784 4140 ἀπ’

2213 4187 2409 4250 αἰῶνος
2434 4185 2512 4256 τῷ
2545 4184 2663 4255 Θεῷ
2695 4181 3228 4254 εὐαρεστησάντων;
3266 4181 3400 4251 μήτι
3447 4195 3511 4248 γε
3542 4177 3651 4248 ἄρα
3684 4177 3784 4229 καὶ

2211 4279 2440 4332 ἐνταῦθα
2473 4280 2534 4333 τὺ
2560 4279 2972 4351 ἀπερίγραπτον
3003 4276 3184 4330 αὐτῶν
3217 4275 3616 4346 προστήσεταις
3652 4272 3686 4342 ἢ
3719 4271 3786 4324 ἐκ

2214 4369 2466 4439 θεότητος
2497 4371 2591 4423 κα¹ι
2624 4369 3046 4440 ἀνθρωπότητος
3087 4365 3429 4428 ὑποστάντας
3470 4363 3669 4424 αὐτοὺς
3699 4377 3789 4412 νο-

2215 4463 2607 4534 μοθετήσουσιν
2633 4479 2647 4528 ;
2688 4463 2787 4527 οὐκ
2814 4461 2963 4514 ἔστιν
2987 4454 3088 4513 ὧδε
3121 4460 3295 4512 εἰπεῖν
3326 4455 3787 4527 συμπεριγράφε·

541 4561 792 4625 distrahi,
825 4569 880 4616 et
913 4559 1127 4612 unicam
1156 4558 1324 4612 dividi
1354 4573 1677 4628 personam;
1711 4568 1765 4614 et
1797 4559 2106 4628 conjuncta,

2216 4555 2338 4610 σθαι
2360 4555 2456 4626 τὴν
2487 4557 2737 4626 θεότητα,
2791 4553 2822 4624 ἢ
2853 4553 2952 4624 τὴν
2982 4554 3160 4624 σάρκα
3202 4549 3530 4613 διίστασθαι,
3562 4547 3657 4600 καὶ
3685 4545 3787 4616 τὴν

540 4653 810 4724 pingendo
835 4649 1442 4706 autcircumscribendo
1463 4648 1707 4704 dissolvi.
1739 4651 1818 4705 Ad
1846 4651 1980 4706 alias
2012 4651 2110 4720 igi-

543 4758 632 4803 tur
702 4742 1114 4799 adinventiones
1174 4750 1228 4796 et
1294 4743 1628 4812 prodigiosas
1713 4743 2110 4799 ludificationes

542 4835 974 4893 commiscendas
997 4834 1254 4904 loquaces
1276 4833 1328 4887 hi
1355 4843 1670 4903 peccatores
1699 4844 2107 4890 convertentur.

542 4926 688 4982 Nihil
723 4925 868 4980 enim
898 4925 984 4979 his
1025 4921 1198 4993 magis
1239 4932 1453 4991 gratum
1496 4932 1580 4977 est
1606 4933 1660 4978 et
1690 4925 1742 4976 in
1779 4938 1931 4978 more
1965 4925 2111 4993 posi-
2158 4967 2162 4971 .

544 5029 681 5082 tttm,
718 5031 877 5088 quam
906 5022 965 5069 ut
995 5016 1062 5069 ad
1096 5013 1360 5069 absurdos
1389 5013 1658 5084 cogitatus
1687 5015 1989 5084 impiosque
2013 5015 2107 5070 de-

542 5112 745 5168 clinent
766 5127 781 5178 ;
800 5117 855 5165 et
877 5106 1137 5179 quidquid
1164 5105 1518 5174 improbabile
1538 5115 1623 5161 est
1640 5121 1702 5162 ac
1725 5107 1831 5162 Deo
1853 5107 2104 5163 invisum.

545 5213 840 5261 sectentur.

613 5386 702 5442 50.
740 5383 996 5453 Quasnam
1031 5393 1210 5439 autem
1233 5393 1316 5439 est
1347 5384 1574 5438 istorum
1602 5383 1706 5437 hac
1726 5383 1780 5437 in
1810 5397 1868 5437 re
1894 5381 2114 5451 opinio?

543 5479 679 5546 Quia
714 5478 1019 5534 nullatenus
1065 5478 1207 5546 quod
1239 5475 1370 5530 utile
1416 5485 1500 5530 est
1535 5489 1864 5545 cognoscere
1907 5474 2108 5540 valent,

545 5585 719 5640 neque
739 5569 902 5624 ullam
935 5571 1205 5623 rationem
1228 5567 1562 5634 excogitare,
1587 5579 1706 5634 quae
1723 5578 1832 5617 sum
1855 5563 2116 5632 improbi-

549 5661 640 5714 tati
673 5676 734 5714 ac
777 5659 1043 5714 maleﬁcio
1092 5657 1485 5727 patrocinetur,
1528 5656 1593 5708 ad
1623 5654 1904 5708 arbitrium
1958 5669 2112 5709 suum

547 5759 710 5819 atque
750 5751 816 5806 ad
861 5749 1095 5821 propria:
1147 5748 1382 5804 vesaniae
1433 5748 1706 5818 ingenium
1757 5746 2111 5816 confugiunt,

548 5842 836 5912 dicuntque
863 5860 874 5896 :
905 5861 922 5893 ι
964 5841 1228 5906 Quoniam
1251 5841 1452 5900 Christi
1485 5841 1660 5916 cultus
1693 5840 2004 5898 cxsulllatus
2034 5851 2114 5900 est

2217 4651 2345 4721 μίαν
2370 4648 2663 4721 διῃρῆσθαι
2691 4648 3016 4710 ὑπόστασιν,
3050 4647 3145 4698 καὶ
3171 4643 3530 4713 τάὴνωμένα
3579 4643 3642 4694 ἐκ
3687 4641 3787 4708 τῆς

2213 4741 2430 4812 γραφῆς
2454 4740 2486 4810 ἢ
2515 4738 2867 4810 περιγραφῆς
2885 4737 3220 4791 διαλύεσθαι.
3261 4735 3378 4804 Ἐφ’
3409 4735 3602 4804 ἐτέρας
3626 4730 3784 4800 εὐρε-

2215 4832 2456 4900 σιλογίας
2483 4832 2578 4884 καὶ
2618 4830 2941 4892 ἀλλοκότους
2994 4827 3307 4899 ἐρεσχελίας
3337 4828 3386 4878 oi
3417 4823 3787 4894 ἀμαρτοεπεῖν

2213 4924 2432 4987 εἰδότες,
2462 4922 2944 4992 ὲκπεπορισμένας
2973 4921 3160 4982 αὐτοῖς
3189 4916 3550 4986 τετράψονται
3571 4930 3584 4944 ο
3632 4913 3786 4966 οὐδὲν

2213 5015 2322 5085 γὰρ
2347 5013 2489 5067 οὕτω
2540 5013 2694 5082 φίλον
2749 5013 2933 5074 αὐτοῖς
2981 5011 3078 5064 καὶ
3108 5008 3554 5080 προχειρότατον,
3591 5003 3667 5067 ὡς
3705 5005 3787 5066 εἰς

2214 5102 2480 5164 ὲκτόπους
2515 5101 2724 5165 ἐννοίας
2784 5101 2880 5153 καὶ
2935 5099 3230 5168 ἀθεμίτους
3280 5095 3637 5166 ἀποίχεσθαι,
3691 5092 3788 5146 καὶ

2215 5193 2354 5261 πρὸς
2408 5193 2516 5244 πᾶν
2555 5192 2731 5245 ὁτιοῦν
2790 5190 2899 5243 τῶν
2947 5190 3222 5259 ἀδοκίμων
3273 5188 3370 5241 καὶ
3401 5186 3519 5257 Θεῷ
3549 5185 3622 5256 μὴ
3657 5186 3787 5254 ἀρε-

2217 5285 2452 5337 σκόντων
2487 5284 2838 5355 ἐκφέρεσθαι.

2286 5377 2352 5435 ν’.
2397 5377 2589 5430 ὐποία
2611 5376 2669 5429 δὲ
2709 5377 2742 5447 ἡ
2785 5375 2914 5444 περὶ
2962 5373 3168 5428 τούτων
3217 5373 3348 5441 παρ’
3383 5373 3567 5434 αὐτοῖς
3599 5369 3788 5438 διάλη-

2215 5470 2347 5540 ψις;
2389 5468 2606 5538 Ἐπειδὴ
2643 5466 2942 5537 οὐδαμόθεν
2976 5466 3036 5519 τὸ
3067 5465 3380 5518 λυσιτελοῦν
3435 5464 3664 5516 συνιδεῖν
3697 5463 3787 5514 δε-

2215 5561 2543 5632 δύνηνται,ἣ
2568 5560 2845 5613 ὁντιναοῦν
2872 5557 3031 5626 λόγον
3052 5555 3678 5628 ἐκμηχανήσασθαιντῆς
3704 5554 3787 5605 ol-

2217 5657 2370 5718 κείας
2404 5653 2709 5725 μοχθηρίας
2736 5653 2832 5705 καὶ
2878 5649 3214 5721 κακουργίας
3266 5649 3568 5719 συνήγορον
3599 5646 3691 5698 ἐπὶ
3724 5644 3787 5696 τὸ

2218 5747 2537 5817 αὐτόνομον,
2563 5745 2658 5798 καὶ
2704 5743 2804 5812 τῆς
2834 5741 3054 5810 ἀλογίας
3077 5740 3256 5794 αὐτῶν
3283 5738 3520 5812 χωροῦσι
3544 5737 3602 5791 τὸ
3631 5736 3787 5789 ἰδιαί-

2219 5857 2401 5907 τατον,
2458 5838 2548 5891 καί
2607 5853 2770 5906 φασιν
2821 5837 2907 5888 ὄτι
2958 5854 2975 5888 ι
3031 5834 3254 5903 Ἐπειδὴ
3305 5833 3371 5888 τὰ
3414 5831 3507 5886 τοῦ
3548 5825 3785 5900 Χριστοῦ

2029 5969 2037 5973 .
2111 5957 2256 5975 -.δ’-⁵⁵
2975 5958 3004 5964 θ
