4072 6324
201 460 309 527 ‘69

880 467 1502 532 ANTIRRHETICUS
1542 471 1636 530 ιιι
1672 471 1840 532 Αῡν.
1878 471 2470 534 CONSTANTINUM
2508 469 2720 532 COPR.

3365 459 3493 524 ιτσε

204 579 525 649 saeptum
551 579 647 634 καλ⁵
690 579 1096 646 διαπέπτωκεν,
1156 582 1452 636 ἀκόλουθον
1475 581 1540 635 ἂν
1577 583 1662 652 εἴη
1697 581 1793 634 καὶ

1897 591 1948 637 et
1977 583 2199 648 excidit,
2231 591 2658 638 consentaneum
2685 587 2787 644 cst,
2816 574 3222 632 venerationem
3257 590 3488 646 quoque-

205 669 387 724 ταῦτα
439 671 502 742 δὴ
533 671 604 726 τά
646 672 758 726 τῶν
803 672 976 741 ἁγίων
1022 673 1474 745 συνοιχήσεσθαι,
1527 674 1622 727 καὶ
1656 671 1791 742 μηδὲ

210 762 440 832 μνήμης
469 757 529 814 τὸ
550 761 738 816 λοιπὸν
774 762 1045 833 ἠξιῶσθαι
1091 765 1337 819 πώποτε.
1376 783 1396 816 ι
1462 763 1667 834 Καιρδς
1698 761 1794 816 νῦν

207 853 386 906 είπεῐν
416 865 430 879 ο
467 868 486 902 ι
527 849 588 904 Ei
620 850 714 904 τὸν
755 852 1148 924 οἰκοδεσπότην
1193 852 1528 918 Βεελζεϐοὺλ
1575 853 1791 906 ἀπεκά·

207 943 399 1006 λεσαν,
457 941 613 1014 πόσῳ
671 942 873 1014 μᾶλλον
933 945 1060 1008 τοὺς
1123 945 1438 1008 οίκειακοὺς
1494 943 1711 1008 αὐτοῦ;
1768 963 1788 996 ι

209 1033 455 1088 Τοιαῦτα
486 1033 599 1106 γὰρ
638 1035 690 1088 οἱ
721 1034 816 1089 νῦν
862 1036 1109 1092 Ἰουδαῖοι
1137 1040 1251 1102 τοῖς
1276 1038 1448 1092 πάλαι
1487 1039 1586 1102 τάς
1619 1036 1795 1107 γλώσ-

210 1143 308 1191 σας
337 1126 690 1191 δανείσαντες
727 1129 1125 1198 ἀποφαίνονται
1157 1147 1171 1162 ο
1201 1132 1250 1183 εἰ
1271 1130 1382 1201 γὰρ
1421 1130 1492 1184 τὰ
1541 1129 1784 1202 Χριστοῦ

207 1215 352 1270 οὕτω
375 1215 662 1289 διέθηκαν,
688 1217 742 1270 τί
779 1218 883 1272 οὐκ
927 1217 994 1272 ἂν
1050 1219 1193 1274 κατά
1225 1221 1336 1274 τῶν
1393 1221 1567 1290 ἁγίων
1625 1221 1793 1274 αὑτοῦ

210 1307 450 1378 πονηρὸν
501 1307 727 1380 δράσειν
770 1308 1038 1380 ἐμελλονς
1078 1311 1264 1378 ’Δξιον
1300 1312 1401 1382 μὲν
1446 1311 1522 1377 ὡς
1577 1312 1794 1382 ἀληθῶς
1838 1328 1844 1334 ·

209 1397 307 1465 τῆς
334 1397 568 1451 ἐκείνων
615 1399 992 1470 παρανομίας,
1049 1401 1143 1454 καὶ
1175 1402 1275 1471 τῆς
1329 1403 1568 1474 είςτοὺς
1602 1405 1793 1472 ἁγίους

209 1487 414 1559 τόλμης
447 1505 508 1542 τε
543 1489 637 1542 καὶ
659 1489 998 1561 θρασύτητος
1020 1505 1033 1519 ·
1067 1491 1248 1545 αὐτῶν
1270 1492 1328 1546 δὲ
1348 1493 1456 1545 τῶν
1478 1493 1652 1562 ἁγίων
1696 1495 1793 1565 τῆς

211 1579 286 1640 εἰς
317 1579 563 1648 Χριστὸν
598 1579 810 1648 ἀφάτου
837 1581 1061 1652 ἀγάπης
1097 1582 1400 1652 τεκμήριον
1429 1583 1788 1651 ἱκανώτατον,

212 1669 328 1722 καθ’
383 1670 456 1741 ἢν
502 1670 653 1742 αὑτῷ
694 1671 1099 1743 ἀνεκράθησαν,
1158 1671 1354 1728 οὔποτε
1391 1675 1788 1747 χωριζόμενον

210 1762 298 1815 καὶ
332 1763 447 1834 γὰρ
478 1758 576 1818 οῦν
619 1764 714 1818 καὶ
740 1764 882 1818 κατὰ
913 1764 1012 1836 τὴν
1048 1764 1236 1818 ἐνθάδε
1269 1765 1454 1836 βιοτὴν
1485 1769 1790 1838 περιόντες,

213 1852 494 1925 μάρτυρες
513 1854 622 1908 τῶν
645 1854 1010 1926 παθημάτων,
1035 1856 1130 1910 καὶ
1151 1859 1396 1911 κοινωνοὶ
1408 1859 1502 1912 τοῦ
1524 1859 1790 1924 ζωοποιοῦ

1895 681 2208 729 sanctorum
2272 673 2434 729 simul
2483 672 2769 734 desinere,
2819 681 2996 737 neque
3039 666 3152 737 jam
3217 667 3476 736 deinceps

1896 767 2170 822 mentione
2202 766 2419 836 dignam
2452 763 2649 834 putari.
2700 782 2717 814 ι
2755 759 2920 830 Atqui
2959 775 3101 814 nunc
3148 769 3360 829 tempus
3389 767 3488 814 est.

1895 853 2108 909 dicendi
2143 872 2156 908 :
2196 872 2216 906 ι
2246 855 2300 908 Si
2336 850 2786 924 patremfamilias
2807 849 2964 918 123
2999 848 3284 904 Beelzebul
3307 865 3474 905 voca-

1895 955 2109 1010 verunt,
2162 955 2366 1015 quanto
2413 945 2583 1014 inagis
2621 943 2952 998 domesticos
3000 942 3116 1012 ejus
3161 940 3315 1011 (62)?
3347 939 3474 997 Haec
3547 928 3551 932 ”

1893 1037 2039 1090 cnim
2073 1035 2530 1101 ltodierniJuda'i,
2562 1034 2771 1104 linguas
2793 1048 2922 1087 suas
2944 1048 2972 1084 a
2992 1031 3186 1100 priscis
3213 1040 3470 1085 mutuan-

1895 1137 1978 1182 tes
2026 1129 2236 1184 dicunt.
2289 1128 2426 1183 Nam
2474 1128 2518 1182 si
2557 1141 2644 1182 res
2691 1125 2895 1180 Christi
2950 1125 3024 1177 ita
3069 1131 3469 1185 tractaverunt,

1893 1221 2024 1290 quid
2047 1221 2265 1277 malitiae
2295 1221 2556 1276 adversus
2585 1229 2806 1273 sanctos
2832 1215 2952 1284 ejus
2981 1232 3086 1270 non
3113 1213 3474 1285 expromenti

1895 1310 2035 1368 Vere
2071 1314 2173 1369 hoc
2203 1314 2422 1382 dignum
2451 1322 2533 1368 est
2569 1311 2781 1366 illorum
2819 1309 3128 1374 iniquitate,
3163 1318 3218 1363 et
3244 1307 3297 1362 in
3342 1322 3468 1362 san-

1893 1419 2010 1462 ctOs
2034 1406 2259 1462 audacia
2277 1423 2341 1462 ac
2370 1407 2725 1477 protervitate
2750 1422 2763 1458 :
2787 1403 2949 1458 simul
2975 1413 3155 1456 tamen
3184 1411 3266 1455 est
3289 1400 3470 1454 chari-

1897 1499 2022 1554 lalis
2066 1513 2291 1553 summa:
2328 1508 2640 1553 sanctorum
2684 1512 2812 1563 erga
2868 1495 3144 1550 Christum
3201 1491 3464 1547 indicium

1893 1589 2446 1659 opportunissimum,
2502 1603 2604 1658 qua
2657 1587 2868 1642 scilicet
2907 1588 2956 1640 ei
3007 1591 3134 1639 sunt
3188 1583 3468 1647 devincti,

1895 1693 2167 1749 nunquam
2197 1678 2380 1733 divisi.
2409 1677 2622 1731 Etenim
2652 1677 2778 1730 dunt
2815 1675 2870 1727 in
2904 1677 3005 1728 hac
3038 1674 3143 1726 vita
3173 1671 3457 1742 degerent,

1895 1778 2060 1825 testes
2095 1769 2408 1838 passionum
2441 1768 2672 1831 Christi,
2703 1768 2944 1835 sociique
2975 1766 3202 1820 vivifica:
3225 1765 3344 1834 ejus
3371 1780 3473 1819 ne-

1895 1859 1971 1915 cis
2004 1859 2246 1926 fuerunt,
2281 1871 2506 1929 peccato
2546 1874 2720 1930 usque
2749 1858 2814 1914 ad
2843 1870 3074 1912 mortem
3123 1859 3462 1911 resistentes.

209 1945 372 2000 αὐτοῦ
405 1946 644 2002 Θανάτου
668 1949 946 2019 γεγόνασι,
993 1952 1187 2024 μέχρις
1223 1953 1452 2023 αἵματος
1497 1953 1792 2008 ἀντικατα-

1897 1950 1963 2004 Et
1995 1964 2139 2005 nunc
2176 1950 2342 2004 etiam
2382 1953 2616 2006 terrenis
2662 1950 2826 2007 rebus
2865 1949 3128 2018 exempti,
3172 1949 3478 2019 participes.

211 2037 441 2102 στάντες
475 2039 612 2110 πρὸς
647 2041 747 2112 τὴν
781 2042 1082 2114 ἁμαρτίαν.
1121 2043 1231 2098 Καὶ
1255 2043 1352 2096 νῦν
1401 2044 1460 2097 δὲ
1515 2044 1622 2098 τῶν
1665 2045 1792 2116 τῇδε

207 2131 640 2200 ἀπαλλαγέντες,
703 2133 922 2204 μέτοχοι
972 2134 1238 2206 ὤφθησαν
1271 2137 1366 2192 τοῦ
1428 2138 1792 2208 ἐφεστηκότος

208 2221 328 2290 ἄρτι
352 2221 504 2276 κατά
533 2222 774 2293 Χριστοῦ
829 2225 1074 2296 διωγμοῦ
1129 2227 1221 2280 καὶ
1259 2227 1362 2296 τῆς
1397 2225 1610 2297 ὕϐρεως
1636 2243 1651 2258 ο
1689 2227 1792 2298 ἤδη

208 2312 312 2382 γὰρ
346 2315 446 2367 καὶ
484 2313 791 2384 τηνικαῦτα
835 2316 1088 2388 σώμασιν
1139 2317 1323 2382 αὐτοῖς
1357 2317 1496 2389 ὑπὲρ
1544 2317 1638 2371 τοῦ
1688 2335 1794 2372 πα-

207 2403 390 2469 θόντος
422 2403 498 2458 δι’
528 2406 677 2476 ἡμᾶς
734 2405 972 2477 σώματι,
1030 2407 1426 2477 διηγωνίσαντο
1457 2409 1550 2462 καὶ
1602 2409 1789 2478 ὴνδρί-

210 2513 369 2550 σαντο
388 2511 404 2526 ⁶
436 2497 499 2550 δν
525 2498 667 2568 ὑπὲρ
707 2498 807 2570 τῆς
833 2499 1024 2569 κοινῆς
1054 2499 1273 2554 πάντων
1314 2499 1472 2570 ἡμῶν
1515 2500 1792 2572 σωτηρίας

208 2587 401 2658 ἀνέτλη
468 2587 700 2642 θάνατον
752 2591 1151 2660 μιμησάμενοι.
1195 2586 1487 2654 Καὶαῦθις
1517 2592 1680 2661 ὅμοια
1707 2593 1794 2661 ἐφ’

207 2679 415 2746 ὁμοίοις
453 2681 760 2751 πάσχουσιν
792 2698 807 2713 ⁸
855 2683 1122 2750 ἀνάλογον
1155 2683 1267 2752 γὰρ
1311 2683 1426 2744 τοῖς
1457 2681 1794 2753 ἀρχετύποις

207 2769 273 2822 τὰ
303 2772 604 2841 ἐκμαγεῖα,
630 2771 698 2825 τά
725 2771 828 2842 τῆς
869 2773 1057 2843 κοινῆς
1085 2773 1310 2844 ἀτιμίας
1356 2773 1454 2826 καὶ
1503 2772 1794 2844 παροινίας

211 2862 678 2934 συνδιαφέρουσι·
731 2865 825 2917 καὶ
883 2865 1048 2918 πάλιν
1085 2863 1524 2934 συμπάσχουσιν,
1566 2864 1656 2917 ἵνα
1697 2863 1794 2918 καὶ

209 2953 648 3020 συνὼξασθῶσιν
674 2951 830 3018 αὖθις
852 2969 867 2984 ⁸
904 2956 1001 3009 καὶ
1041 2955 1206 3009 πάλιν
1262 2955 1528 3027 τιμῶνται
1563 2958 1628 3026 τῇ
1673 2972 1791 3008 κοιο

209 3042 373 3114 νωνίᾳ
395 3043 504 3113 τῆς
531 3044 780 3114 ἀτιμίας.
805 3045 918 3098 Καὶ
943 3044 1032 3099 ἴνα
1052 3047 1118 3116 τῇ
1154 3046 1342 3116 μνήμῃ
1359 3045 1468 3098 τῶν
1497 3043 1792 3116 μαρτύρων

211 3134 578 3206 συνησθέντες
642 3138 693 3191 οί
759 3136 1166 3209 φιλομάρτυρες
1224 3136 1790 3208 ἐγκαλλωπισὼμεθα,

1897 2040 1996 2097 visi
2025 2051 2152 2096 sunt
2180 2041 2465 2097 concitata:
2495 2055 2666 2111 nuper
2696 2041 2959 2096 adversus
2983 2041 3257 2096 Christum
3281 2055 3467 2110 perse-

1895 2131 2130 2187 cutionis
2163 2138 2219 2186 et
2243 2131 2608 2188 contumelias
2638 2130 2778 2187 Ecce
2805 2131 2951 2186 enim
2983 2140 3036 2186 et
3066 2142 3195 2186 tunc
3221 2131 3465 2200 corpori-

1895 2225 1999 2282 bus
2025 2226 2162 2292 suis,
2187 2241 2286 2296 pro
2309 2241 2374 2282 eo
2399 2225 2495 2296 qui
2529 2225 2582 2280 in
2611 2239 2841 2296 corpore
2864 2239 3058 2294 passus
3086 2233 3192 2288 est,
3221 2223 3482 2280 decertat--

1897 2327 2022 2374 runt
2053 2317 2377 2390 fortiterque
2402 2334 2461 2375 se
2483 2328 2800 2388 gesserunt;
2831 2327 2886 2373 et
2913 2333 3057 2372 nunc
3091 2331 3282 2372 rursus
3314 2316 3466 2385 paria

1893 2410 2013 2481 pari
2049 2409 2118 2466 de
2149 2425 2316 2466 causa
2370 2410 2648 2480 patientur
2707 2406 2845 2477 (65).
2903 2405 3150 2476 Namque
3204 2404 3469 2474 imagines

1895 2517 2078 2572 parem
2106 2516 2171 2557 ac
2207 2502 2506 2573 archetypa
2540 2499 2891 2572 ignominiam
2918 2496 3219 2568 perferunt,
3252 2512 3468 2552 rursus-

1894 2607 2000 2663 que
2027 2592 2450 2662 compatiuntur,
2481 2601 2536 2647 ut
2563 2592 2744 2646 denuo
2767 2588 3280 2660 conglorificcntur;
3309 2597 3475 2656 atque

1894 2685 2091 2740 iterum
2125 2684 2464 2739 honorantur
2511 2683 2822 2753 ignominiaa
2849 2679 3252 2737 communione.
3289 2680 3482 2749 Atque

1895 2786 1956 2830 ut
1983 2786 2282 2848 martyrum
2316 2775 2578 2832 memoria
2601 2773 2895 2831 exhilarati
2921 2788 3022 2827 nos
3050 2764 3470 2842 philomartyres

1895 2867 2210 2938 gloriemur,
2252 2866 2647 2938 aliquantulum
2681 2867 2738 2921 in
2772 2868 2876 2921 hoc
2913 2879 3164 2920 sermone
3197 2862 3468 2917 demorari

1895 2955 2024 3011 libet
2055 2973 2066 3008 :
2097 2955 2261 3011 veluti
2286 2955 2533 3010 homines
2555 2955 2837 3025 spectandi
2856 2963 2910 3008 et
2935 2952 3186 3007 audiendi
3214 2949 3462 3014 studiosi,

1895 3061 2016 3102 cum
2034 3046 2291 3118 jucundis
2309 3046 2754 3116 gratissimisque
2773 3045 3121 3102 oblectantur
3149 3041 3481 3112 spectaculis

1895 3145 1991 3191 aut
2029 3135 2252 3192 musicis
2293 3135 2466 3203 sonis,
2507 3137 2649 3191 haud
2689 3137 2759 3192 ab
2793 3138 2860 3193 iis
2888 3135 3047 3190 facile
3094 3131 3485 3196 discesserint,.

212 3225 380 3296 βραχύ
405 3243 466 3278 τι
495 3228 627 3298 περὶ
651 3227 748 3282 τὸν
770 3228 930 3298 λόγον
954 3228 1472 3300 προσδιατρίψωμεν
1492 3243 1507 3258 ⁸
1539 3228 1791 3300 καθάπερ

1897 3227 2108 3284 etiamsi
2145 3227 2416 3283 interdum
2450 3229 2760 3284 necessaria
2783 3227 2997 3299 negotia
3021 3225 3311 3282 omittenda
3339 3225 3468 3280 sint.
3509 3278 3522 3287 ,

211 3318 678 3389 οίφιλοθεάμονές
725 3337 786 3374 τε
832 3321 929 3374 καὶ
955 3320 1391 3392 φιλακροάμονές
1427 3336 1488 3374 τε
1541 3319 1636 3374 ἐπὶ
1681 3320 1792 3373 τῶν

1901 3317 2091 3374 Solent
2116 3318 2262 3374 enim
2291 3332 2355 3373 ea
2389 3334 2510 3388 quae
2540 3319 2680 3374 visui
2707 3319 3021 3388 auditniqne
3054 3316 3306 3387 pabulum
3337 3331 3498 3386 pra»

213 3414 464 3484 τερπνῶν
497 3413 590 3468 καὶ
624 3412 854 3484 ἡδίστων
892 3413 1080 3478 αὐτοῖς
1134 3412 1425 3484 θεαμάτων
1467 3413 1565 3466 καὶ
1623 3413 1792 3467 ἀκου-

217 3505 463 3572 σμάτων,
500 3497 576 3558 ὧν
603 3505 703 3558 οὐκ
733 3503 802 3558 ἂν
829 3505 1034 3576 ῥᾳδίως
1054 3504 1405 3576 ἀπόσχοιντο,
1436 3503 1549 3557 ἐσθ’
1577 3504 1667 3557 ὅτε
1696 3504 1794 3558 καὶ

1898 3409 2050 3475 bent,
2083 3417 2390 3464 amatorum
2419 3425 2612 3466 sensus
2643 3413 2942 3476 attrahere,
2973 3423 3223 3482 aegreque
3251 3421 3478 3476 ευριπ-εις

1897 3500 2061 3556 bilem
2090 3515 2246 3556 usum
2275 3500 2359 3556 sui
2386 3501 2628 3557 efficere.

216 3594 318 3648 τῶν
374 3595 698 3664 ἀναγκαίων
735 3594 918 3650 αὐτῶν
972 3595 1488 3668 καταφρονήσαντες
1513 3609 1528 3624 ⁸
1572 3593 1788 3664 φιλοῦσι
1828 3593 1936 3664 γάρ
1966 3610 2083 3656 πως
2109 3592 2178 3646 τά
2204 3591 2306 3662 τὴν
2330 3591 2454 3662 δψιν
2522 3591 2618 3645 καὶ
2691 3590 2864 3662 ἀκοὴν
2915 3591 3201 3654 ἑστιῶντα,
3232 3590 3330 3652 τὰς
3363 3589 3477 3646 τῶν

217 3686 470 3755 ἐρώντων
495 3687 778 3758 αἰσθήσεις
819 3687 1167 3755 ἐφέλκεσθαι,
1203 3688 1662 3742 δυσαπόσπαστον
1689 3687 1790 3758 τὴν
1827 3687 1958 3758 περὶ
1979 3687 2120 3742 αὑτά
2143 3686 2361 3758 ὁμιλίαν
2394 3686 2762 3758 ἐργαζόμενα.

282 3820 386 3876 να’.
424 3811 588 3874 Οὗτοι
611 3821 790 3874 τοίνυν
819 3821 869 3874 oi
892 3820 1039 3890 ἀγιοι
1072 3819 1312 3891 Χριστοῦ
1353 3819 1593 3891 μιμηταὶ
1637 3817 1796 3888 γενόο

221 3926 394 3977 μενοι,
425 3909 520 3964 καὶ
547 3911 614 3981 τῇ
641 3911 720 3973 είς
749 3908 990 3980 Χριστὸν
1020 3909 1214 3983 ἀγάπῃ
1241 3909 1342 3980 τὴν
1367 3907 1547 3980 ψυχὴν
1589 3924 1795 3978 τετρω-

224 4001 391 4068 μένοι,
427 4002 521 4055 καὶ
536 4003 656 4056 κατ’
686 4002 831 4072 ίχνος
861 3999 1029 4056 αὐτοῦ
1059 4002 1185 4056 ὅσον
1210 3999 1432 4072 ἐφικτὸν
1453 3997 1789 4070 ἀνθρώποις,

228 4091 360 4145 ίέναι
404 4092 872 4165 προθυμούμενοι,
925 4091 1109 4147 πίστει
1157 4109 1218 4146 τε
1267 4089 1652 4163 ἐρηρεισμένοι
1703 4089 1798 4143 καὶ

227 4180 320 4249 τὴν
337 4182 530 4236 ἐλπίδα
549 4184 878 4254 κεκτημένοι
897 4181 1228 4253 ἀπλάνητον,
1246 4182 1342 4236 καὶ
1363 4180 1471 4235 τῶν
1495 4179 1798 4252 μελλόντων

227 4271 298 4340 ὡς
313 4275 592 4347 παρόντων
605 4276 704 4347 ἤδη
729 4275 1169 4348 ἀντειλημμένοι,
1193 4274 1300 4329 τῶν
1317 4273 1409 4327 ἐπὶ
1434 4273 1525 4344 γῆς
1544 4272 1800 4328 ἁπάντων

229 4360 300 4425 ὡς
320 4365 602 4436 ἐπικήρων
626 4368 721 4420 καὶ
742 4367 998 4438 φθαρτῶν
1025 4366 1439 4437 κατεφρόνησαν
1457 4381 1470 4397 ·
1500 4365 1801 4436 χρημάτων

1965 3818 2054 3872 5f.
2088 3816 2153 3872 ffi
2181 3831 2311 3887 ergo
2334 3819 2504 3874 sancti
2533 3819 2736 3874 Christi
2762 3818 2889 3874 facti
2917 3819 3242 3881 imitatores,
3269 3827 3322 3871 et
3343 3831 3484 3886 erga-

1895 3910 2171 3966 Christum
2229 3909 2498 3965 charitate
2551 3911 2767 3980 penitus
2805 3909 3072 3966 vulnerati
3099 3948 3116 3974 ,
3151 3917 3206 3964 et
3245 3908 3474 3978 vestigia

1895 4001 2012 4072 ejus
2042 4009 2312 4071 quatenus
2361 3999 2565 4056 homini
2617 4001 2876 4068 possibile
2923 4010 3038 4066 est,
3089 3999 3338 4071 persequi
3383 4013 3477 4068 ge-

1895 4093 2145 4159 stientes,
2194 4092 2297 4146 fide
2342 4091 2477 4158 nisi,
2517 4100 2571 4145 et
2602 4092 2814 4146 firmam
2847 4107 3000 4161 spem
3036 4092 3358 4154 retinentes,
3396 4103 3460 4142 ac

1906 4181 2085 4236 futura
2117 4191 2371 4251 tanquam
2415 4183 2698 4250 prtesentia
2723 4190 3028 4252 captantes,
3051 4191 3265 4237 terrena
3287 4179 3472 4236 Omnia

1907 4286 2005 4327 ceu
2034 4271 2235 4326 caduca
2258 4280 2313 4328 et
2345 4272 2711 4342 corruptibilis
2744 4281 3218 4342 contempserunt;
3252 4269 3464 4324 divitia-

1909 4381 2028 4418 rmn
2065 4379 2279 4435 quoque
2301 4373 2357 4420 et
2385 4366 2623 4436 ipsorum
2658 4349 3316 4437 corporunfnegligentes
3351 4363 3470 4419 fue-

231 4467 286 4503 τε
309 4451 376 4509 αὖ
409 4460 503 4511 καὶ⁹
523 4457 792 4529 σωμάτων
814 4459 993 4512 αὐτῶν
1022 4458 1329 4528 ὑπερόπται
1354 4456 1613 4526 γεγόνασι
1647 4472 1660 4487 ·
1700 4456 1794 4510 τῶν

1911 4463 2056 4520 runt,
2100 4455 2226 4525 quia
2256 4469 2344 4511 res
2379 4450 2630 4512 cmlestes
2661 4472 2726 4510 ac
2750 4457 3098 4514 sublimiores
3124 4454 3471 4526 appetebant,

234 4542 568 4613 ἐπουρανίων
599 4551 708 4623 γὰρ
759 4551 856 4606 καὶ
903 4550 1254 4622 ὑψηλοτέρων
1296 4547 1598 4619 ἐγλίχοντο,
1645 4547 1794 4602 πολι-

1904 4547 2369 4604 conversationem
2418 4548 2470 4601 in
2513 4547 2673 4604 caelis
2727 4549 2991 4618 agendam
3038 4556 3313 4618 optantes.
3352 4545 3478 4599 Ideo

233 4635 376 4689 τείαν
403 4639 654 4711 οὐράνιον
679 4641 1094 4712 ἀσπασάμενον
1118 4639 1199 4694 διὸ
1224 4639 1402 4694 πάντα
1432 4637 1678 4692 σκύϐαλα
1705 4637 1798 4691 διὰ

235 4729 326 4799 τὴν
349 4735 430 4798 είς
456 4735 549 4788 τὸν
583 4736 862 4789 κτίσαντα
915 4735 1159 4805 ἀγάπην,
1205 4731 1347 4787 κατά
1369 4732 1461 4787 τὸν
1501 4729 1797 4802 μαρτύρων

235 4818 455 4896 εξίιρχον
479 4827 744 4898 ἥγηνταιο
773 4826 916 4880 οὕτω
957 4826 1050 4880 τδν
1098 4825 1330 4897 σταυρὸν
1374 4824 1664 4895 ἀράμενοι,
1704 4821 1800 4875 καί

237 4910 328 4980 τὴν
360 4916 664 4970 πανοπλίαν
695 4916 1061 4980 ἀναλαϐόντες
1095 4916 1189 4970 τοῦ
1224 4912 1558 4984 πνεύματος,
1581 4911 1659 4984 τῷ
1691 4911 1797 4964 θώ·

242 5003 362 5067 ρακί
387 5023 443 5059 τε
475 5009 573 5078 τῆς
624 5007 862 5071 πίστεως
913 5007 1277 5077 φραξάμενοι,
1334 5004 1426 5060 καί
1460 5002 1556 5056 τοῦ
1605 5001 1799 5074 θυρεοῦ

242 5090 333 5160 τῆς
361 5095 575 5161 ἐλπίδος
599 5097 946 5168 δραξάμενοι,
981 5097 1074 5151 καὶ
1107 5097 1208 5168 τὴν
1241 5094 1677 5166 περικεφαλαίαν
1702 5091 1796 5146 τοῦ

246 5189 506 5258 σωτηρίου
541 5188 964 5260 περιϐαλόμενοι
993 5205 1006 5220 °
1034 5188 1110 5252 ὡς
1142 5187 1206 5260 δὴ
1228 5186 1327 5259 τὴν
1357 5184 1415 5252 ἐξ
1447 5186 1614 5256 ὕψους
1642 5182 1801 5238 δῦναο

313 5383 334 5415 ³
372 5387 568 5460 Philip.
604 5405 690 5455 ιιι,
722 5390 775 5446 8.

318 5584 426 5653 (ϐξ)
461 5584 651 5655 Incipit
675 5587 800 5641 hinc
824 5587 962 5656 apud
997 5586 1354 5656 Nicephorum
1387 5587 1624 5643 laudatio
1650 5601 1795 5642 mar-

256 5656 442 5729 tyrum,
492 5670 610 5726 qua!
647 5657 854 5711 utiliter
891 5656 1199 5711 conferetur
1241 5672 1363 5711 cum
1399 5656 1486 5710 illa
1528 5659 1795 5713 Constan-

257 5721 346 5774 ltni
388 5726 594 5780 diaconi
640 5740 670 5779 a
719 5727 874 5780 nobis
922 5727 1065 5780 edita
1103 5728 1158 5781 in
1210 5723 1393 5781 Snicil.
1437 5724 1592 5781 Rom.
1631 5734 1668 5779 t.
1717 5725 1792 5781 Χ.

259 5743 346 5774 um
388 5743 594 5780 otacont
640 5743 670 5779 a
719 5743 874 5780 nouis
922 5743 1065 5780 eutra
1103 5743 1158 5781 in
1210 5743 1393 5794 opicu.
1437 5743 1592 5781 nam.
1631 5743 1668 5779 t.
1719 5743 1792 5791 λ,

259 5801 510 5865 quamque
552 5809 660 5864 pra!
692 5795 863 5850 oculis
885 5796 1143 5865 imbuisse
1185 5796 1395 5848 videtur
1439 5794 1794 5865 Nicephorus,

263 5863 703 5934 rrmsertim’quia
752 5867 808 5920 in
851 5864 1066 5922 Nictena
1115 5867 1353 5935 synodo,
1403 5865 1486 5922 cui
1529 5863 1795 5935 Niceplto‘

1903 4645 2101 4691 cuncta
2150 4652 2248 4693 ceu
2295 4647 2541 4695 stercora
2585 4653 2694 4709 prae
2738 4638 3010 4693 Creatoris
3051 4653 3271 4700 amore,
3323 4636 3477 4708 juxta

1903 4738 2200 4800 martyrum
2262 4740 2628 4798 summatem,
2676 4730 3083 4784 arbitrabantur
3134 4729 3176 4784 ³.
3227 4730 3322 4784 Sic
3369 4727 3490 4783 sibi

1901 4836 2118 4877 crucem
2159 4820 2428 4886 tollentes,
2458 4831 2513 4876 et
2539 4832 2873 4876 armaturam
2910 4821 3030 4876 fidei
3073 4823 3376 4892 capientes,
3411 4829 3466 4874 et

1906 4910 2028 4964 fidei
2059 4909 2222 4964 lorica
2260 4911 2472 4976 muniti,
2504 4921 2822 4980 scutumque
2850 4909 2972 4965 fidei
3000 4911 3346 4981 arripientes,
3374 4927 3470 4979 ga-

1902 4999 2039 5054 leam
2071 5014 2286 5069 quoque
2339 5000 2630 5056 salutarem
2683 5000 2788 5056 sibi
2825 5001 3316 5070 circumponentes,
3355 5008 3476 5052 tan-

1905 5103 2066 5156 quam
2093 5103 2158 5143 ex
2186 5088 2292 5143 alto
2323 5090 2466 5143 vires
2507 5089 2892 5160 suscipientes,
2922 5090 3124 5146 Christi
3159 5089 3469 5159 passionem

1905 5181 2254 5248 armnlantes,
2309 5181 2519 5237 fortiter
2587 5183 2963 5250 decertantes,
3033 5183 3220 5239 invicti
3272 5179 3473 5236 milites

1906 5602 2239 5662 rusquogne
2273 5586 2537 5655 interfuit,
2562 5603 2739 5662 sermo
2762 5589 2856 5662 ille
2879 5582 3216 5643 Constantini
3239 5583 3482 5662 citatur..

1977 5653 2340 5734 (ϐὃλῐῖιιιειξιιιΔ
2374 5653 2808 5734 sententiam‘de
2856 5667 3158 5734 martyrum
3209 5653 3472 5734 reliquiis,

1904 5723 2039 5793 quas
2071 5723 2341 5784 'Saraceni
2403 5727 2805 5784 Thessalonicae
2859 5723 3237 5789 violaverant,
3285 5723 3480 5793 scribit

1906 5789 2158 5868 Nicolaus
2205 5799 2512 5868 pitri‘archa
2536 5798 2602 5868 in
2632 5813 2880 5854 sermone
2916 5811 3014 5854 sno
3044 5796 3184 5868 apud
3227 5808 3325 5852 nos
3354 5789 3490 5863 δρία

1906 5813 2158 5852 meetaus
2257 5813 2572 5852 itrtarcnan

1903 5866 1995 5921 cil.
2041 5877 2077 5923 t.
2112 5867 2177 5936 X,
2205 5813 2368 5924 f‘rtef.
2403 5883 2454 5938 p.
2484 5867 2572 5922 27.
