4072 6324
441 437 482 464 ἐ
513 423 623 491 475

455 5233 471 5274 Ι

1537 435 1599 495 S.
1640 434 2058 496 NICEPHORI
2095 431 2597 496 PATRIARCH/E
2633 432 2743 491 CP.

3665 422 3771 488 476

517 534 777 604 ptentiutn
818 533 918 590 visi
963 543 1090 591 sunt
1139 535 1301 602 mori,
1335 543 1391 592 et
1417 546 1664 608 reputata
1697 547 1782 594 est
1805 538 2079 594 calamitas

2190 536 2398 609 γαροῦν
2427 539 2488 590 al
2515 535 2636 590 τῶν
2661 534 2851 604 ἁγίων
2890 533 3084 604 ψυχαί
3139 533 3212 588 ἐν
3245 533 3398 602 χειρί
3439 533 3591 590 Θεοῦ
3623 538 3767 600 εισι,

517 629 696 680 exitus
745 626 988 695 illorum;
1018 635 1074 682 et
1104 642 1134 682 a
1169 628 1326 684 nobis
1356 627 1651 697 discessus,
1685 630 1980 698 contritio;
2012 630 2088 685 illi

520 719 870 772 nihilominus
918 727 1047 772 sunt
1077 719 1129 773 in
1163 733 1315 788 pace.
1366 717 1484 774 Non
1519 720 1664 775 enim
1697 721 1895 776 mortui
1941 730 2085 789 sunt,

518 811 610 862 δοκι
651 811 850 872 vivunt,
883 817 938 862 et
969 823 1195 864 somnus
1227 809 1410 878 potius
1437 825 1603 880 quam
1636 827 1786 867 mors
1809 822 1914 879 est,
1942 828 2089 870 mors

522 900 733 954 illorum
767 901 1041 969 pretiosa;
1078 903 1220 956 haud
1255 911 1399 958 terra
1437 903 1650 970 infossi,
1683 907 1776 960 sed
1811 907 1865 960 iu
1889 907 2086 962 ccelum

519 989 696 1041 vulatu
727 990 848 1042 elati
879 987 1015 1060 (64).
1053 991 1267 1045 Etenim
1304 1007 1374 1046 ex
1403 993 1742 1062 corruptibili
1776 994 2088 1064 caducaque

517 1079 624 1130 vita
651 1077 918 1146 translati,
945 1080 996 1133 in
1017 1079 1180 1135 aliam
1205 1084 1540 1138 transierunt
1571 1084 1868 1140 senectutis
1891 1099 2086 1155 exper-

516 1179 620 1222 tem
668 1178 722 1222 et
765 1171 1170 1235 sempiternam.
1237 1173 1600 1241 Quamobrem
1650 1175 1703 1230 in
1756 1176 2087 1246 quotidianis

515 1259 742 1313 canticis
790 1262 1014 1327 nostris,
1066 1263 1214 1318 circa
1271 1263 1401 1318 illud
1451 1264 1838 1320 acroteleution
1887 1266 2085 1321 cantici

515 1349 652 1414 quod
680 1349 882 1419 hymno
905 1353 1232 1420 succinitur,
1261 1369 1560 1424 congruum
1587 1355 1714 1424 quid
1747 1354 2088 1411 modulantes

512 1454 610 1492 ceu
646 1441 714 1494 ad
746 1441 987 1498 viventes
1013 1444 1064 1497 in
1092 1441 1202 1497 Deo
1235 1453 1457 1500 sanctos
1488 1460 1504 1496 :
1530 1443 1852 1509 Benedicite,
1868 1446 2087 1516 spiritus

511 1539 559 1582 et
593 1531 785 1584 anima,
805 1531 1098 1600 juslomm,
1126 1531 1376 1599 Domino,
1404 1534 1652 1600 dicimus,
1680 1543 1736 1588 et
1763 1550 1880 1604 qua:
1903 1536 1973 1591 ibi
1996 1552 2086 1592 se-

512 1629 773 1687 quuntur.
804 1623 963 1692 Atqui
994 1623 1368 1685 illicauticum
1397 1622 1610 1680 Domini
1646 1626 1790 1680 haud
1828 1636 2086 1682 canerent

516 1710 568 1762 in
603 1719 748 1765 terra
789 1711 988 1779 aliena,
1022 1721 1078 1768 et
1103 1728 1134 1767 a
1166 1722 1355 1770 nostro
1387 1729 1546 1770 sacro
1579 1716 1746 1770 choro
1775 1715 2085 1786 longissime

512 1801 805 1866 absentes,
860 1803 904 1858 si
954 1813 1104 1860 certe
1164 1806 1335 1860 sancti
1402 1806 1470 1860 ab
1525 1807 1606 1862 eis
1666 1808 1864 1862 mortui
1929 1820 2084 1878 puta-

513 1906 571 1944 I'C
577 1909 608 1945 11
616 1901 630 1944 ι
638 1909 668 1944 υ
677 1909 720 1949 Γ.

2189 628 2284 682 καὶ
2311 627 2372 680 ού
2406 627 2480 698 μή
2513 643 2644 678 ποτε
2668 624 2852 679 αὐτῶν
2890 623 3098 694 ἅψηται
3145 623 3411 695 βάσανος,
3449 623 3556 679 κᾶν
3577 624 3773 690 ἔδοξαν

2188 720 2249 774 ἐν
2275 717 2576 788 ὀφθαλμοῖς
2605 717 2837 770 τουτωνὶ
2865 714 2977 769 τῶν
3019 715 3280 786 ἀφρόνων
3326 715 3610 784 τεθνάναι,
3672 718 3772 772 καὶ

2189 808 2445 878 ἐλογίσθη
2471 809 2721 870 κάκωσις
2752 808 2786 877 ὴ
2823 806 3002 873 ἔξοδος
3033 805 3238 870 αὐτῶν,
3269 807 3365 860 καὶ
3403 808 3436 878 ή
3477 807 3574 877 ἀφ’
3607 805 3772 877 ὴμῶν

2189 898 2384 972 πορεία
2403 897 2737 969 σύντριμμαο
2759 898 2811 951 oi.
2831 898 2889 950 δέ
2915 899 3054 952 είσιν
3076 899 3135 952 ἐν
3151 899 3368 970 εἰρήνῃ·
3392 899 3453 952 ού
3471 898 3768 970 τεθνήκασι

2188 990 2318 1062 γὰρ,
2345 989 2482 1044 ἀλλὰ
2497 991 2653 1055 ζῶσι,
2672 992 2769 1044 καὶ
2797 990 2964 1054 ὕπνος
2986 990 3187 1060 μᾶλλον
3205 991 3438 1062 τίμιοςῆ
3463 991 3714 1062 θάνατος,
3739 993 3777 1044 ὁ

2189 1083 2420 1147 θάνατος
2449 1082 2631 1136 αὐτῶν
2660 1083 2812 1136 ἐστιν
2837 1099 2852 1115 ο
2891 1082 2992 1136 ούκ
3027 1083 3109 1146 είς
3135 1084 3240 1154 γῆν
3278 1082 3608 1150 ὑποδύντες,
3650 1082 3768 1137 ἀλλ’

2189 1177 2269 1238 εἰς
2300 1174 2566 1246 οὐρανοὺς
2609 1174 2973 1240 ἀναπτάντες.
3011 1175 3136 1229 Τῶν
3175 1176 3286 1247 γὰρ
3321 1175 3584 1246 φθαρτῶν
3634 1193 3768 1247 μετ-

2185 1267 2517 1328 αναστάντες
2543 1265 2638 1319 καὶ
2677 1266 2985 1338 ἐπικήρων,
3037 1266 3126 1337 ἐφ’
3165 1267 3364 1338 ἑτέραν
3414 1265 3598 1338 βιοτὴν
3635 1285 3768 1338 μετ-

2186 1358 2447 1426 ετάξαντο
2475 1358 2576 1429 τὴν
2605 1360 2800 1430 ἀγήρω
2825 1377 2886 1412 τε
2939 1360 3034 1413 καὶ
3077 1360 3402 1432 μακραίωνα
3426 1378 3440 1392 ο
3488 1359 3677 1431 διόπερ
3707 1362 3766 1414 ἐν

2185 1453 2297 1514 τοῖς
2320 1450 2591 1522 ὁσημέραι
2625 1452 2758 1522 παρ’
2789 1452 2921 1522 ἡμῖν
2961 1451 3268 1524 ᾀδομένοις,
3330 1451 3452 1506 κατ’
3493 1453 3673 1505 ἐκεῖνο
3699 1451 3766 1524 δὴ

2183 1539 2248 1594 τὸ
2265 1539 2684 1610 ἀκροτελεύτιον
2712 1540 2809 1594 τοῦ
2852 1541 3121 1611 ἐφυμνίου
3173 1539 3392 1611 μέλους,
3438 1541 3767 1612 ἐναρμόνιόν

2182 1647 2236 1684 τι
2259 1629 2554 1700 μέλποντες
2587 1625 2677 1683 οἶα
2710 1630 2847 1701 πρὸς
2875 1627 3086 1694 ζῶντας
3115 1631 3173 1682 ἐν
3216 1629 3340 1700 Θεῷ
3375 1630 3506 1693 τοὺς
3547 1629 3762 1697 ἁγίους,

2185 1720 2526 1792 Εὐλογεῖτε,
2547 1722 2858 1791 πνεύματα
2879 1721 2979 1775 καί
3003 1721 3198 1790 ψυχαί
3224 1721 3492 1786 δικαίων,
3520 1722 3628 1774 τὸν
3642 1720 3762 1775 Κύ-

2176 1829 2344 1880 ριον,
2375 1814 2631 1885 λέγομεν,
2666 1814 2764 1868 καὶ
2815 1813 2883 1867 τὰ
2939 1815 3156 1878 τούτοις
3203 1813 3470 1885 ἑπόμενα.
3529 1813 3764 1866 Ἐκεῖνοι

2107 1897 2148 1951 Β
2176 1902 2286 1972 γὰρ
2334 1904 2436 1958 οὐκ
2487 1905 2554 1959 ἂν
2582 1904 2680 1974 τὴν
2737 1903 2879 1975 ᾠδὴν
2917 1903 3127 1974 Κυρίου
3186 1903 3382 1975 ᾇσαιεν
3431 1904 3509 1966 ὡς
3532 1903 3627 1956 ἐπὶ
3657 1903 3767 1978 γῆς,

510 1980 816 2053 ἀλλοτρίας,
838 1985 930 2039 καὶ
959 1986 1058 2056 τῆς
1096 1985 1224 2041 καθ’
1254 1987 1403 2058 ἡμᾶς
1435 1988 1591 2058 ίερᾶς
1625 1986 1954 2060 όμηγύρεως
1983 1990 2058 2054 ὼς
2129 1995 2472 2065 πορρωτάτω
2513 1995 2817 2066 ἱστάμενοι,
2885 1993 3046 2065 εἴπερ
3114 1995 3298 2059 αὐτοῖς
3361 1992 3661 2056 τεθνεῶτες
3709 1993 3757 2044 ο⁸

511 2073 655 2141 ἆγιοι
685 2076 1062 2148 ἐλογίσθησαν.

579 2163 670 2220 52.
707 2164 812 2220 Sed
863 2167 950 2221 illa
1003 2169 1219 2239 quidem
1256 2171 1436 2241 priora
1467 2170 1704 2225 fuerunt.
1745 2169 1900 2225 Nunc
1947 2186 2083 2227 vero

508 2256 563 2310 in
614 2259 728 2314 suis
773 2261 946 2316 sacris
1007 2262 1334 2334 imaginibus
1377 2263 1598 2318 easdem
1649 2279 1787 2333 quas
1834 2263 2082 2320 Christus

506 2350 916 2415 persecutiones
946 2353 1318 2424 participant,
1359 2354 1711 2423 ejusdemque
1741 2356 2082 2425 passionibus

506 2439 916 2497 conformantur
937 2484 954 2510 ,
987 2447 1059 2498 ita
1097 2455 1155 2499 ut
1189 2461 1288 2516 pro
1319 2446 1516 2516 duplici
1559 2447 1813 2516 passione
1839 2457 1894 2504 et
1936 2447 2076 2516 inju-

509 2529 611 2595 ria,
641 2533 945 2600 duplicibus
965 2536 1131 2590 etiatn
1157 2538 1394 2606 praemiis
1417 2538 1527 2594 sint
1548 2541 1842 2594 coronandi
1872 2556 1888 2594 :
1915 2541 2079 2594 vicis-

507 2623 718 2692 simque
753 2625 917 2678 simul
948 2625 1394 2695 gloriﬁcabuntur
1426 2630 1696 2694 secundo,
1736 2638 1848 2684 tum
1884 2631 1937 2684 itt
1968 2631 2078 2684 vita

507 2713 716 2768 scilicet
752 2724 1050 2786 martyres,
1093 2726 1203 2771 tum
1234 2719 1398 2773 etiam
1445 2731 1712 2790 martyres
1741 2720 1794 2774 in
1832 2721 2078 2791 imagini-

505 2806 628 2860 bus.
659 2808 952 2877 Propterea
981 2825 1082 2865 uos
1109 2811 1346 2866 scientes
1375 2827 1470 2868 eos
1501 2814 1593 2868 Dei
1627 2813 1927 2870 familiares
1955 2830 2078 2870 esse

507 2905 572 2945 ac
619 2893 862 2949 asseclas
895 2896 995 2966 (iis
1041 2898 1187 2952 enim
1228 2900 1469 2954 omnium
1517 2903 1658 2957 Deus
1713 2903 1850 2958 dixit
1889 2921 1904 2958 :
1953 2904 2078 2959 Jam

505 2997 610 3035 non
633 2983 751 3037 dico
779 3002 866 3039 vos
895 3003 1091 3053 servos,
1121 2989 1210 3042 sed
1238 2991 1439 3045 amicos
1461 2992 1482 3023 '
1507 3010 1522 3059 ;
1553 3001 1629 3057 et,
1657 2992 1806 3048 Dedit
1831 2996 1905 3050 eis
1931 3006 2082 3064 pole-

2247 2168 2346 2238 νβ’,
2393 2168 2534 2222 Ἀλλ’
2565 2169 2754 2223 ἐκεῖνα
2799 2167 2901 2237 μέν
2949 2166 3240 2238 πρότερον.
3287 2168 3396 2222 Kal
3427 2168 3524 2222 νῦν
3573 2171 3630 2225 δέ
3659 2169 3780 2241 διάῗ

2179 2261 2345 2332 μέσου
2369 2259 2480 2314 τῶν
2504 2260 2668 2332 ἱερῶν
2701 2258 3138 2329 άπεικασμάτων
3191 2257 3394 2325 αὐτῶν,
3425 2263 3538 2325 τοῖς
3569 2263 3759 2329 αὐτοῖς

2175 2353 2254 2424 τῷ
2280 2353 2504 2426 Χριστῷ
2535 2354 2978 2425 συμμετέχοντες
2999 2353 3323 2408 κοινωνοῦσι
3353 2355 3619 2426 διωγμοῖς
3651 2360 3754 2413 καὶ

2178 2442 2291 2503 τοῖς
2340 2441 2538 2494 πάθεσι
2594 2441 3105 2512 συμμορφούμενοι,
3142 2441 3219 2508 ὡς
3260 2444 3354 2496 ἐπὶ
3389 2443 3598 2510 διπλοῖς
3642 2451 3758 2514 τοῖς

2179 2530 2468 2602 παθήμασι
2519 2533 2614 2586 καὶ
2645 2532 2898 2595 ὀνείδεσι,
2934 2532 3144 2596 διπλοῖς
3183 2533 3277 2588 καὶ
3319 2537 3434 2600 τοῖς
3478 2536 3758 2608 βραδείοις

2181 2619 2595 2691 στεφθήσονται.
2640 2621 2749 2675 Kal
2775 2617 2933 2685 αὖθις
2985 2622 3512 2696 συνδοξασθήσονται
3541 2629 3602 2681 τὸ
3633 2629 3757 2683 δεύ-

2180 2724 2358 2776 τερον,
2387 2708 2481 2761 καὶ
2511 2711 2569 2762 ἐν
2598 2709 2735 2774 ζῶσι
2783 2711 3084 2782 μάρτυρες,
3112 2714 3206 2766 καὶ
3232 2715 3291 2768 ἐν
3341 2716 3516 2770 είκόσι
3543 2719 3757 2790 μάρτυ-

2184 2815 2298 2868 ρες,
2339 2800 2616 2870 τοιγάρτοι
2645 2801 2742 2854 καὶ
2777 2802 2854 2866 ῶς
2888 2803 3127 2870 οἰκείους
3149 2805 3287 2859 Θεοῦ
3331 2809 3428 2861 καὶ
3477 2809 3750 2881 θεράπον-

2178 2907 2277 2953 τας
2309 2890 2511 2953 εἰδότες
2539 2907 2553 2921 ·
2609 2892 2750 2962 πρὸς
2787 2893 2986 2958 αὐτοὺς
3016 2895 3126 2966 γὰρ
3163 2898 3192 2950 ὁ
3222 2897 3333 2952 τῶν
3367 2899 3508 2954 ὅλων
3561 2902 3756 2974 εἴρηκε

2179 2981 2312 3044 Θεός
2336 2995 2350 3009 ·
2381 2980 2587 3035 Οὐκέτι
2620 2983 2776 3053 ὑμᾶς
2797 2983 2962 3039 καλῶ
2990 2985 3277 3054 δούλους,
3309 2989 3472 3044 ἀλλὰ
3510 2993 3752 3062 φίλους.

504 3085 690 3128 etatem
719 3077 862 3146 ﬁlios
900 3078 997 3134 Dei
1035 3082 1154 3150 fieri
1190 3082 1300 3152 ¹⁰),
1334 3083 1668 3139 admiremur
1703 3085 1914 3141 illorum
1950 3104 2077 3158 erga

2183 3073 2314 3136 Kal,
2349 3075 2610 3129 Ἔδωκεν
2637 3077 2843 3144 αὐτοῖς
2874 3078 3169 3142 ἐξουσίαν
3191 3079 3373 3134 τέκνα
3409 3083 3558 3137 Θεοῦ
3588 3085 3756 3152 γεγέ-

506 3164 673 3220 Dettm
713 3169 1037 3226 cbaritatem
1073 3187 1138 3228 ac
1176 3173 1363 3238 fidem,
1396 3184 1451 3230 et
1497 3177 1746 3246 supernis
1774 3177 2075 3235 honoribus

503 3259 844 3316 cumulemus
883 3281 897 3318 :
947 3263 1142 3334 templa
1195 3265 1406 3320 illorum
1437 3281 1731 3336 ornemus,
1774 3273 2074 3326 certamina

504 3348 842 3406 celebremus
864 3393 880 3418 ,
908 3368 1094 3410 sacras
1137 3356 1394 3427 reliquias
1426 3373 1780 3426 veneremur,
1823 3370 2078 3431 augustas

506 3440 720 3496 illorum
754 3443 1020 3513 imagines
1062 3448 1209 3502 cultu
1241 3465 1639 3520 prosequamur
1681 3471 1696 3507 :
1733 3455 2077 3525 quandoqui-

506 3533 628 3588 dem
678 3549 805 3589 vere
837 3537 1011 3592 honor
1043 3539 1294 3610 imaginis
1342 3543 1410 3597 ad
1456 3552 1801 3615 prototypum
1843 3547 2074 3613 transit;

505 3633 560 3678 ct
588 3626 760 3680 Itonor
808 3627 1060 3686 fidelibus
1088 3633 1370 3689 conservis
1401 3635 1657 3700 tributus,
1692 3635 1950 3690 indicium
1993 3647 2077 3691 est.

506 3725 703 3772 nostra:
742 3733 868 3788 erga
925 3737 1272 3779 communem
1311 3724 1595 3780 Dominum
1654 3727 2075 3791 benevolentia,
2117 3743 2120 3747 '

505 3817 564 3862 ut
596 3811 749 3864 aiunt
791 3810 1046 3868 Ecclesia:
1086 3816 1355 3885 magistri.
1390 3814 1526 3872 Hinc
1571 3818 1728 3872 nobis
1762 3818 1914 3872 firma
1956 3833 2077 3887 spes

506 3899 766 3969 fidesque,
798 3903 1286 3960 sanctiﬁcationem
1317 3907 1664 3976 impetrandi,
1695 3917 2075 3976 peccatorum-

502 4005 610 4060 que
667 3994 1078 4061 remissionem,
1147 4011 1212 4051 ac
1265 3997 1637 4052 molestiarum
1698 3997 2075 4066 depulsionem

504 4085 878 4142 nanciscendi.
919 4087 1058 4144 Hinc
1085 4090 1335 4146 videmus
1361 4090 1554 4158 expelli
1582 4091 1853 4145 daemones
1873 4130 1888 4154 ,
1929 4104 2076 4144 mor-

501 4177 602 4232 bos
662 4179 869 4246 sanari,
919 4180 1264 4236 infirmitates
1315 4181 1494 4251 fugari
1541 4182 1784 4236 omnium
1828 4181 2075 4251 quicum

504 4269 608 4323 fide
640 4271 940 4334 accedunt,
981 4273 1097 4327 sive
1129 4273 1404 4342 spiritales
1439 4274 1554 4326 sive
1609 4285 1901 4342 corporeas
1923 4309 1938 4334 ,
1997 4272 2077 4326 si-

501 4361 718 4428 quidem
755 4362 904 4416 dedit
937 4361 1072 4430 ipsis
1121 4363 1365 4418 omnium
1401 4364 1713 4418 dominator
1753 4372 2072 4432 potestatem

2181 3168 2322 3218 σθαι
2345 3183 2358 3198 ο
2392 3168 2788 3238 ύπεραγάμεθα
2818 3170 2916 3238 μὲν
2963 3170 3065 3240 τῆς
3090 3172 3170 3234 είς
3218 3170 3352 3225 Θεὸν
3395 3173 3618 3244 ἀγάπης
3663 3179 3756 3230 καὶ

2178 3254 2414 3318 πίστεως
2453 3258 2670 3321 αὐτοὺς,
2703 3257 3073 3328 στεφανοῦμεν
3122 3261 3178 3314 δὲ
3210 3263 3332 3324 ταῖς
3371 3263 3638 3318 ἀνωτάτω
3666 3283 3751 3319 τι-

2181 3347 2336 3414 μαῖς·
2370 3348 2701 3417 γεραίρομεν
2736 3348 2915 3402 αὐτῶν
2960 3350 3087 3414 τοὺς
3112 3351 3297 3417 ναοὺς,
3344 3353 3600 3424 τιμῶμεν
3625 3357 3755 3421 τοὺς

2177 3435 2390 3500 ἄθλους,
2440 3439 2862 3511 προσκυνοῦμεν
2906 3441 2976 3496 τά
3009 3441 3130 3513 ἱερά
3167 3442 3419 3514 λείψανα,
3460 3462 3753 3502 κατασπα-

2177 3529 2382 3598 ζόμεθα
2413 3529 2592 3583 αὐτῶν
2642 3531 2711 3585 τὰ
2745 3531 2907 3601 τίμια
2954 3535 3350 3606 είκονίσματω
3405 3539 3597 3610 ἐπειδὴ
3632 3544 3756 3607 ταῖς

2177 3621 2522 3695 ἀληθείαιςὴ
2564 3623 2664 3694 τῆς
2703 3624 2913 3689 εἰκόνος
2957 3626 3092 3697 τιμὴ
3147 3629 3245 3680 ἐπὶ
3290 3628 3352 3682 τὸ
3395 3631 3754 3701 πρωτότυπον

2176 3714 2465 3779 διαϐαίνει,
2495 3717 2593 3769 καὶ
2649 3717 2683 3786 ἡ
2729 3716 2868 3788 πρὸς
2905 3719 3031 3782 τοὺς
3071 3718 3425 3790 εὐγνώμονας
3481 3723 3590 3777 τῶν
3622 3727 3754 3794 ὁμο-

2175 3805 2376 3858 δούλων
2403 3807 2540 3877 τιμὴ
2573 3806 2851 3873 ἀπόδειξιν
2881 3807 2995 3878 ἔχει
3025 3812 3123 3881 τῆς
3145 3813 3286 3884 πρὸς
3309 3813 3402 3867 τὸν
3450 3815 3630 3869 κοινὸν
3655 3817 3756 3869 As-

2179 3899 2383 3974 σπότην
2416 3897 2651 3963 εὐνοίας,
2683 3900 2849 3967 φασὶν
2879 3901 2930 3953 οί
2968 3901 3070 3971 τῆς
3111 3903 3444 3974 Ἐκκλησίας
3487 3907 3754 3963 διδάσκα-

2177 3969 2299 4038 λοιο
2369 3986 2622 4041 ἐντεῦθεν
2697 3991 2832 4059 ἡμῖν
2893 3969 3234 4058 ἀδιστάκτως
3301 3969 3600 4061 ϋέλπίζεται
3661 4001 3758 4052 καὶ

2177 4079 2515 4144 πιστεύεται,
2539 4080 2810 4151 ἁγιασμόν
2829 4099 2890 4136 τε
2911 4084 3322 4154 προσγίνεσθαι,
3345 4089 3440 4142 καὶ
3463 4089 3758 4160 ἁμαρτιῶν

2179 4169 2549 4241 συγχώρησιν,
2586 4173 2679 4226 καὶ
2736 4173 2893 4227 λύσιν
2938 4175 3217 4247 εὑρίσκειν
3259 4179 3371 4232 τῶν
3426 4180 3707 4252 δυσχερῶν
3737 4201 3750 4214 ’

2177 4263 2410 4316 ἐνταῦθα
2455 4264 2674 4334 ὁρῶμεν
2713 4265 2790 4330 ὼς
2847 4267 3104 4338 δαίμονες
3169 4271 3600 4337 ἀπελαύνονται,
3659 4275 3759 4328 καὶ

2177 4355 2322 4408 νόσοι
2348 4355 2768 4426 θεραπεύονται,
2798 4361 2894 4412 καὶ
2926 4359 3104 4413 πάντα
3129 4361 3458 4431 δραπετεύει
3489 4364 3558 4416 τὰ
3605 4364 3757 4434 πάθη

501 4450 746 4506 ralcandi
771 4468 935 4522 supra
959 4461 1236 4523 serpentes
1256 4464 1311 4509 et
1336 4454 1602 4524 scorpios,
1626 4465 1681 4509 et
1700 4470 1864 4526 super
1881 4471 2072 4511 omnes

2178 4446 2284 4501 τῶν
2317 4449 2499 4502 πίστει
2539 4450 2896 4522 προσιόντων,
2929 4453 3030 4505 ὅσα
3050 4469 3112 4506 τε
3165 4452 3341 4523 ψυχῆς
3367 4455 3459 4508 καὶ
3512 4455 3614 4507 ὅσα
3646 4454 3757 4506 σώο

500 4542 708 4597 inimici
735 4543 899 4605 vires.
929 4537 1029 4596 nec
1053 4557 1161 4596 non
1194 4543 1442 4598 morbum
1469 4543 1769 4613 quemlibet
1795 4543 2078 4616 aegritudi-

500 4646 734 4700 nemque
771 4631 997 4686 sanandi
1023 4632 1087 4685 “.
1120 4630 1238 4698 Quo
1289 4633 1378 4696 fit,
1431 4640 1513 4695 ut,
1560 4635 1759 4689 virtute
1796 4649 1824 4688 a
1867 4633 2071 4704 Spiritu

499 4730 744 4791 accepta,
769 4723 1050 4779 miraculis
1085 4734 1247 4795 atque
1278 4725 1572 4782 virtutibus
1595 4727 1905 4782 clarescant
1934 4726 2072 4798 (65),

498 4816 687 4881 gratia:
713 4815 914 4869 fontem
941 4815 994 4868 in
1016 4827 1188 4870 semet
1211 4825 1483 4886 gestantes
1510 4819 1837 4874 sanitatibus
1859 4819 2072 4874 abunde

497 4907 564 4960 ad
593 4920 784 4960 omnes
809 4908 1216 4962 scaturientem.
1254 4907 1392 4974 Quid
1423 4908 1587 4978 igitur
1618 4911 1686 4963 ad
1719 4910 1834 4963 bac
1866 4909 2066 4973 dicitis,

498 5013 532 5051 ο
562 4999 724 5070 126
774 5007 1090 5054 sanctorum
1124 5000 1370 5057 inimici?
1413 5001 1638 5070 Dignine
1679 5012 1808 5056 sunt
1858 5015 2065 5066 necne,

497 5102 718 5159 promer
769 5091 885 5146 haec
935 5092 1142 5162 majora
1188 5095 1337 5148 omni
1375 5095 1704 5162 cogitatione
1749 5105 1912 5164 atque
1942 5109 2070 5149 orae

499 5186 644 5239 tione
673 5183 976 5239 certamina
998 5224 1014 5248 ,
1045 5199 1164 5254 quae
1206 5187 1458 5241 humanae
1489 5197 1698 5241 natura:
1730 5187 1875 5240 vires
1903 5199 2064 5240 exce-

494 5277 624 5330 dere
679 5275 914 5340 scimus,
963 5277 1133 5349 digni,
1167 5279 1411 5349 inquam,
1439 5293 1505 5333 ne
1544 5287 1670 5331 sunt
1713 5277 1967 5331 honorari
2012 5285 2067 5331 et

495 5367 828 5438 gloriﬁcari?
856 5372 1156 5440 praesertim
1189 5372 1316 5440 quia
1355 5381 1408 5426 et
1433 5371 1500 5425 de
1528 5371 1661 5440 ipsis
1693 5379 1909 5424 exstant
1935 5384 2064 5436 pro-

565 5524 765 5583 ’Joan.
795 5543 885 5594 xv,
919 5529 1008 5584 15.
1085 5529 1130 5561 ⁸ο
1157 5527 1311 5584 Joau.
1340 5543 1380 5592 l,
1417 5527 1504 5587 12.
1585 5525 1625 5558 ¹¹
1662 5524 1792 5578 Luc.
1816 5540 1870 5585 χ,
1905 5525 1992 5590 l9,
2023 5523 2114 5580 εο.

565 5662 678 5733 (64)
712 5663 851 5734 Ergo
893 5677 999 5718 nun
1027 5659 1691 5734 exspectatounivcrsalis
1726 5659 1912 5730 judicii
1954 5660 2060 5726 die,

495 5741 557 5787 ut
580 5731 917 5788 recentiores
945 5732 1275 5787 schismatici
1306 5731 1572 5785 dictitant.

570 5803 683 5871 (65)
722 5803 798 5856 En
827 5802 1030 5859 Grmcre
1065 5817 1277 5870 quoque
1316 5800 1602 5867 Ecclesiae,
1633 5801 1951 5869 patriarcltzc
1981 5801 2075 5861 sui

2176 4555 2349 4608 ματος
2373 4554 2387 4567 ο
2417 4539 2652 4610 ἐπείπερ
2676 4539 2912 4594 δέδωκεν
2941 4541 3127 4605 αὐτοῖς
3153 4543 3182 4594 ό
3209 4543 3316 4595 τῶν
3335 4543 3596 4597 ἁπάντων
3619 4561 3756 4596 κατ·

2167 4630 2500 4699 εξουσιάζων
2542 4632 2642 4702 τὴν
2702 4629 2956 4697 ἐξουσίαν
3000 4635 3196 4685 πατεῖν
3227 4632 3420 4684 ἐπάνω
3447 4632 3626 4701 ὄφεων
3662 4637 3757 4684 καὶ

2172 4723 2446 4796 σκορπίων
2474 4723 2570 4777 καὶ
2591 4723 2685 4776 ἐπὶ
2713 4724 2895 4776 πᾶσαν
2918 4722 3017 4793 τὴν
3047 4723 3280 4793 δύναμιν
3304 4723 3398 4776 τοῦ
3416 4723 3636 4793 ἐχθροῦ,
3661 4725 3756 4776 καὶ

2169 4817 2351 4869 πᾶσαν
2367 4815 2522 4870 νόσον
2552 4813 2882 4884 θεραπεύειν
2904 4814 3000 4868 καὶ
3018 4816 3198 4868 πᾶσαν
3223 4815 3520 4884 μαλακίαν.
3541 4816 3634 4868 Διὸ
3653 4816 3754 4885 τὴν

2173 4905 2456 4976 ἐνέργειαν
2482 4904 2741 4969 λαϐόντες
2779 4905 2874 4959 τοῦ
2903 4905 3244 4977 Πνεύματος,
3289 4909 3346 4960 ἐν
3379 4906 3623 4977 θαύμασι
3659 4908 3755 4959 καὶ

2173 4996 2439 5066 δυνάμεσι
2489 4995 2883 5067 διαλάμπουσι,
2916 4997 3016 5068 τὴν
3070 4997 3254 5069 πηγὴν
3307 4999 3365 5051 ἐν
3409 4999 3625 5060 ἐαυτοῖς
3653 4997 3754 5065 τῆς

2175 5091 2397 5160 χάριτος
2463 5079 2724 5159 φέροντες
2792 5089 3099 5162 βλύζουσαν
3169 5091 3303 5144 πᾶσι
3379 5089 3620 5158 δαψιλῶς
3682 5094 3753 5144 τὰ

2175 5183 2402 5250 ἰάματα.
2466 5182 2532 5236 Τί
2573 5178 2666 5236 οὖν
2718 5182 2856 5254 πρὸς
2913 5182 3087 5236 ταῦτά
3111 5199 3274 5252 φατε,
3323 5182 3373 5235 oi
3416 5181 3525 5234 τῶν
3580 5182 3753 5250 ἁγίων

2174 5273 2400 5344 ἐχθροί;
2439 5274 2618 5339 Ἀξιοι
2649 5274 2737 5328 διὰ
2758 5273 2980 5338 τούτους
3017 5274 3082 5347 δὴ
3123 5275 3253 5335 τοὺς
3311 5273 3451 5345 ὑπὲρ
3494 5272 3619 5327 νοῦν
3658 5273 3753 5326 καὶ

2173 5367 2330 5436 λόγον
2363 5367 2603 5436 ἀγῶνας,
2637 5369 2732 5422 καὶ
2765 5367 2860 5432 οὒς
2887 5371 3136 5437 κρεῖττον
3167 5367 3200 5438 ἢ
3227 5367 3370 5421 κατά
3401 5367 3501 5438 τὴν
3533 5365 3749 5436 ἀνθρω-

2171 5660 2458 5728 Nicepbort
2493 5675 2608 5725 ore,
2643 5661 3044 5717 confessionem
3079 5664 3142 5717 de
3175 5660 3450 5718 miraculis
3487 5660 3750 5716 interces-

2171 5731 2326 5784 sione
2356 5738 2662 5856 sancltorum
2687 5773 2700 5798 ,
2736 5734 3035 5801 praesertim
3071 5734 3139 5789 ob
3171 5733 3447 5788 hominum
3481 5730 3709 5788 salutem
3729 5772 3748 5799 ,

2171 5808 2372 5856 patrari
2404 5809 2600 5856 sottts.
2659 5823 2663 5825 ·

2170 5808 2372 5870 patrari
2404 5808 2600 5856 solitis.
