  <div class='ocr_page' id='page_1' title='image "/cluster/home/n/w/nwhite01/storage/ocr_20150623/100/hvd.32044010574994/260.png"; bbox 0 0 4072 6324; ppageno 0'>
   <div class='ocr_carea' id='block_1_1' title="bbox 221 421 323 486">
    <p class='ocr_par' dir='ltr' id='par_1_1' title="bbox 221 421 323 486">
     <span class='ocr_line' id='line_1_1' title="bbox 221 421 323 486; baseline 0.02 -2"><span class='ocrx_word' id='word_1_1' title='bbox 221 421 323 486; x_wconf 69' lang='grc'><strong>477</strong></span> 
     </span>
    </p>
   </div>
   <div class='ocr_carea' id='block_1_2' title="bbox 891 433 2768 514">
    <p class='ocr_par' dir='ltr' id='par_1_2' title="bbox 891 433 2768 514">
     <span class='ocr_line' id='line_1_2' title="bbox 891 433 2768 514; baseline 0.01 -21"><span class='ocrx_word' id='word_1_2' title='bbox 891 433 1518 504; x_wconf 78' lang='lat' dir='ltr'><strong>ANTIRRHETICUS</strong></span> <span class='ocrx_word' id='word_1_3' title='bbox 1558 445 1672 504; x_wconf 91' lang='lat' dir='ltr'><strong>III.</strong></span> <span class='ocrx_word' id='word_1_4' title='bbox 1712 448 1882 508; x_wconf 80' lang='lat' dir='ltr'><strong>ADV.</strong></span> <span class='ocrx_word' id='word_1_5' title='bbox 1923 451 2510 513; x_wconf 69' lang='lat' dir='ltr'><strong>CONSTANTINUM</strong></span> <span class='ocrx_word' id='word_1_6' title='bbox 2554 454 2768 514; x_wconf 81' lang='lat' dir='ltr'><strong>COPR.</strong></span> 
     </span>
    </p>
   </div>
   <div class='ocr_carea' id='block_1_3' title="bbox 3374 454 3480 519">
    <p class='ocr_par' dir='ltr' id='par_1_3' title="bbox 3374 454 3480 519">
     <span class='ocr_line' id='line_1_3' title="bbox 3374 454 3480 519; baseline 0.028 -3"><span class='ocrx_word' id='word_1_7' title='bbox 3374 454 3480 519; x_wconf 70' lang='lat' dir='ltr'><strong>I73</strong></span> 
     </span>
    </p>
   </div>
   <div class='ocr_carea' id='block_1_4' title="bbox 225 532 1812 622">
    <p class='ocr_par' dir='ltr' id='par_1_4' title="bbox 225 532 1796 618">
     <span class='ocr_line' id='line_1_4' title="bbox 225 532 1796 618; baseline 0.013 -32"><span class='ocrx_word' id='word_1_8' title='bbox 225 534 386 586; x_wconf 73' lang='grc' dir='ltr'>πείαν</span> <span class='ocrx_word' id='word_1_9' title='bbox 425 532 588 601; x_wconf 87' lang='grc' dir='ltr'>φύσιν</span> <span class='ocrx_word' id='word_1_10' title='bbox 636 535 1004 610; x_wconf 79' lang='grc' dir='ltr'><strong>γινώσκομεν,</strong></span> <span class='ocrx_word' id='word_1_11' title='bbox 1041 545 1309 614; x_wconf 83' lang='grc' dir='ltr'>τιμᾶσθαί</span> <span class='ocrx_word' id='word_1_12' title='bbox 1349 565 1408 602; x_wconf 90' lang='grc' dir='ltr'><strong>τε</strong></span> <span class='ocrx_word' id='word_1_13' title='bbox 1447 551 1540 604; x_wconf 77' lang='grc' dir='ltr'>καὶ</span> <span class='ocrx_word' id='word_1_14' title='bbox 1573 551 1796 618; x_wconf 78' lang='grc' dir='ltr'>δοξάζε-</span> 
     </span>
    </p>
   </div>
   <div class='ocr_carea' id='block_1_5' title="bbox 1916 532 3482 622">
    <p class='ocr_par' dir='ltr' id='par_1_5' title="bbox 1916 559 3482 620">
     <span class='ocr_line' id='line_1_5' title="bbox 1916 559 3482 620; baseline 0.004 -8"><span class='ocrx_word' id='word_1_15' title='bbox 1916 560 2215 620; x_wconf 83' lang='lat' dir='ltr'><strong>missiones,</strong></span> <span class='ocrx_word' id='word_1_16' title='bbox 2266 560 2440 615; x_wconf 90' lang='lat' dir='ltr'><strong>multo</strong></span> <span class='ocrx_word' id='word_1_17' title='bbox 2471 570 2596 615; x_wconf 99' lang='lat' dir='ltr'><strong>ante</strong></span> <span class='ocrx_word' id='word_1_18' title='bbox 2639 561 2779 616; x_wconf 97' lang='lat' dir='ltr'><strong>haud</strong></span> <span class='ocrx_word' id='word_1_19' title='bbox 2811 559 3079 616; x_wconf 68' lang='lat' dir='ltr'><strong>fallaciter</strong></span> <span class='ocrx_word' id='word_1_20' title='bbox 3108 561 3267 617; x_wconf 65' lang='lat' dir='ltr'><strong>edita:</strong></span> <span class='ocrx_word' id='word_1_21' title='bbox 3297 581 3311 618; x_wconf 91' lang='lat'><strong>:</strong></span> <span class='ocrx_word' id='word_1_22' title='bbox 3353 564 3482 618; x_wconf 74' lang='lat' dir='ltr'><strong>Glo-</strong></span> 
     </span>
    </p>
   </div>
   <div class='ocr_carea' id='block_1_6' title="bbox 226 625 1804 714">
    <p class='ocr_par' dir='ltr' id='par_1_6' title="bbox 226 625 1804 714">
     <span class='ocr_line' id='line_1_6' title="bbox 226 625 1804 714; baseline 0.014 -39"><span class='ocrx_word' id='word_1_23' title='bbox 226 625 385 689; x_wconf 84' lang='grc' dir='ltr'>σθαι,</span> <span class='ocrx_word' id='word_1_24' title='bbox 415 625 492 688; x_wconf 86' lang='grc' dir='ltr'>ὼς</span> <span class='ocrx_word' id='word_1_25' title='bbox 526 625 594 680; x_wconf 81' lang='grc' dir='ltr'>ἂν</span> <span class='ocrx_word' id='word_1_26' title='bbox 620 629 712 681; x_wconf 78' lang='grc' dir='ltr'>καὶ</span> <span class='ocrx_word' id='word_1_27' title='bbox 747 631 802 681; x_wconf 86' lang='grc' dir='ltr'><strong>αί</strong></span> <span class='ocrx_word' id='word_1_28' title='bbox 851 633 982 702; x_wconf 76' lang='grc' dir='ltr'>περὶ</span> <span class='ocrx_word' id='word_1_29' title='bbox 1023 637 1223 699; x_wconf 79' lang='grc' dir='ltr'>αὐτοὺς</span> <span class='ocrx_word' id='word_1_30' title='bbox 1265 641 1613 709; x_wconf 78' lang='grc' dir='ltr'>ἐπαγγελίαι,</span> <span class='ocrx_word' id='word_1_31' title='bbox 1654 644 1804 714; x_wconf 73' lang='grc' dir='ltr'>πόρ-</span> 
     </span>
    </p>
   </div>
   <div class='ocr_carea' id='block_1_7' title="bbox 227 715 1803 801">
    <p class='ocr_par' dir='ltr' id='par_1_7' title="bbox 227 715 1803 801">
     <span class='ocr_line' id='line_1_7' title="bbox 227 715 1803 801; baseline 0.015 -35"><span class='ocrx_word' id='word_1_32' title='bbox 227 715 400 786; x_wconf 71' lang='grc' dir='ltr'>ρωθεν</span> <span class='ocrx_word' id='word_1_33' title='bbox 437 719 940 790; x_wconf 84' lang='grc' dir='ltr'>προῦποσχεθεῖσαι</span> <span class='ocrx_word' id='word_1_34' title='bbox 987 726 1050 778; x_wconf 75' lang='grc' dir='ltr'><strong>τὸ</strong></span> <span class='ocrx_word' id='word_1_35' title='bbox 1100 727 1331 796; x_wconf 75' lang='grc' dir='ltr'>ἀψευδὲς</span> <span class='ocrx_word' id='word_1_36' title='bbox 1388 730 1562 801; x_wconf 72' lang='grc' dir='ltr'>ἔχοιεν</span> <span class='ocrx_word' id='word_1_37' title='bbox 1590 749 1604 763; x_wconf 75' lang='grc'><strong>⁸</strong></span> <span class='ocrx_word' id='word_1_38' title='bbox 1658 733 1803 801; x_wconf 84' lang='grc' dir='ltr'><em>Τοὺς</em></span> 
     </span>
    </p>
   </div>
   <div class='ocr_carea' id='block_1_8' title="bbox 226 806 1800 896">
    <p class='ocr_par' dir='ltr' id='par_1_8' title="bbox 226 806 1800 896">
     <span class='ocr_line' id='line_1_8' title="bbox 226 806 1800 896; baseline 0.013 -39"><span class='ocrx_word' id='word_1_39' title='bbox 226 806 584 874; x_wconf 70' lang='grc' dir='ltr'>δοξάζοηιὶς</span> <span class='ocrx_word' id='word_1_40' title='bbox 590 827 667 879; x_wconf 82' lang='grc' dir='ltr'><strong>με</strong></span> <span class='ocrx_word' id='word_1_41' title='bbox 687 814 820 883; x_wconf 78' lang='grc' dir='ltr'>γάρ.</span> <span class='ocrx_word' id='word_1_42' title='bbox 854 817 1012 885; x_wconf 72' lang='grc' dir='ltr'>φησὶ,</span> <span class='ocrx_word' id='word_1_43' title='bbox 1043 817 1307 886; x_wconf 79' lang='grc' dir='ltr'><strong>δοξάσω,</strong></span> <span class='ocrx_word' id='word_1_44' title='bbox 1333 823 1362 874; x_wconf 87' lang='grc' dir='ltr'>ὁ</span> <span class='ocrx_word' id='word_1_45' title='bbox 1390 822 1598 895; x_wconf 78' lang='grc' dir='ltr'>ἀληθὴς</span> <span class='ocrx_word' id='word_1_46' title='bbox 1624 823 1800 896; x_wconf 73' lang='grc' dir='ltr'>ἔφησε</span> 
     </span>
    </p>
   </div>
   <div class='ocr_carea' id='block_1_9' title="bbox 227 899 1804 983">
    <p class='ocr_par' dir='ltr' id='par_1_9' title="bbox 227 899 1804 983">
     <span class='ocr_line' id='line_1_9' title="bbox 227 899 1804 983; baseline 0.013 -34"><span class='ocrx_word' id='word_1_47' title='bbox 227 899 377 966; x_wconf 81' lang='grc' dir='ltr'>λόγος</span> <span class='ocrx_word' id='word_1_48' title='bbox 400 914 413 926; x_wconf 86' lang='lat'><strong>&#39;</strong></span> <span class='ocrx_word' id='word_1_49' title='bbox 447 900 571 954; x_wconf 87' lang='grc' dir='ltr'>τίνα</span> <span class='ocrx_word' id='word_1_50' title='bbox 599 905 803 973; x_wconf 82' lang='grc' dir='ltr'>τρόπον</span> <span class='ocrx_word' id='word_1_51' title='bbox 829 922 844 971; x_wconf 88' lang='grc'><strong>;</strong></span> <span class='ocrx_word' id='word_1_52' title='bbox 883 908 978 960; x_wconf 70' lang='grc' dir='ltr'>καὶ</span> <span class='ocrx_word' id='word_1_53' title='bbox 1043 909 1111 962; x_wconf 87' lang='grc' dir='ltr'><strong>δι’</strong></span> <span class='ocrx_word' id='word_1_54' title='bbox 1170 910 1361 983; x_wconf 76' lang='grc' dir='ltr'>ἕτερόν</span> <span class='ocrx_word' id='word_1_55' title='bbox 1389 930 1479 982; x_wconf 90' lang='grc' dir='ltr'><strong>γε,</strong></span> <span class='ocrx_word' id='word_1_56' title='bbox 1511 915 1588 978; x_wconf 83' lang='grc' dir='ltr'><strong>ὡς</strong></span> <span class='ocrx_word' id='word_1_57' title='bbox 1650 915 1804 968; x_wconf 86' lang='grc' dir='ltr'>πλεί-</span> 
     </span>
    </p>
   </div>
   <div class='ocr_carea' id='block_1_10' title="bbox 230 992 1805 1078">
    <p class='ocr_par' dir='ltr' id='par_1_10' title="bbox 230 992 1805 1078">
     <span class='ocr_line' id='line_1_10' title="bbox 230 992 1805 1078; baseline 0.011 -36"><span class='ocrx_word' id='word_1_58' title='bbox 230 1007 369 1044; x_wconf 88' lang='grc' dir='ltr'>στων</span> <span class='ocrx_word' id='word_1_59' title='bbox 399 992 494 1046; x_wconf 76' lang='grc' dir='ltr'>καὶ</span> <span class='ocrx_word' id='word_1_60' title='bbox 541 995 682 1062; x_wconf 80' lang='grc' dir='ltr'>ἄγαν</span> <span class='ocrx_word' id='word_1_61' title='bbox 723 997 946 1068; x_wconf 76' lang='grc' dir='ltr'>ὑψηλῶν</span> <span class='ocrx_word' id='word_1_62' title='bbox 995 1001 1090 1054; x_wconf 75' lang='grc' dir='ltr'>καὶ</span> <span class='ocrx_word' id='word_1_63' title='bbox 1133 1003 1308 1071; x_wconf 88' lang='grc' dir='ltr'>λόγων</span> <span class='ocrx_word' id='word_1_64' title='bbox 1361 1005 1457 1059; x_wconf 77' lang='grc' dir='ltr'>καὶ</span> <span class='ocrx_word' id='word_1_65' title='bbox 1488 1005 1690 1078; x_wconf 77' lang='grc' dir='ltr'>ἔργων,</span> <span class='ocrx_word' id='word_1_66' title='bbox 1741 1007 1805 1060; x_wconf 79' lang='grc' dir='ltr'>τὸ</span> 
     </span>
    </p>
   </div>
   <div class='ocr_carea' id='block_1_11' title="bbox 228 1082 1806 1169">
    <p class='ocr_par' dir='ltr' id='par_1_11' title="bbox 228 1082 1806 1169">
     <span class='ocr_line' id='line_1_11' title="bbox 228 1082 1806 1169; baseline 0.011 -35"><span class='ocrx_word' id='word_1_67' title='bbox 228 1082 524 1155; x_wconf 77' lang='grc' dir='ltr'>ἀξιόχρεων</span> <span class='ocrx_word' id='word_1_68' title='bbox 554 1087 665 1140; x_wconf 85' lang='grc' dir='ltr'><strong>τῶν</strong></span> <span class='ocrx_word' id='word_1_69' title='bbox 691 1089 930 1144; x_wconf 82' lang='grc' dir='ltr'>ἐπαίνων</span> <span class='ocrx_word' id='word_1_70' title='bbox 973 1094 1069 1145; x_wconf 77' lang='grc' dir='ltr'>καὶ</span> <span class='ocrx_word' id='word_1_71' title='bbox 1098 1095 1199 1165; x_wconf 86' lang='grc' dir='ltr'>τῆς</span> <span class='ocrx_word' id='word_1_72' title='bbox 1227 1095 1386 1166; x_wconf 79' lang='grc' dir='ltr'>δόξης</span> <span class='ocrx_word' id='word_1_73' title='bbox 1434 1097 1619 1161; x_wconf 85' lang='grc' dir='ltr'>αὑτοῖς</span> <span class='ocrx_word' id='word_1_74' title='bbox 1659 1116 1806 1169; x_wconf 78' lang='grc' dir='ltr'><strong>παρ⁸</strong></span> 
     </span>
    </p>
   </div>
   <div class='ocr_carea' id='block_1_12' title="bbox 231 1174 1803 1260">
    <p class='ocr_par' dir='ltr' id='par_1_12' title="bbox 231 1174 1803 1260">
     <span class='ocr_line' id='line_1_12' title="bbox 231 1174 1803 1260; baseline 0.01 -33"><span class='ocrx_word' id='word_1_75' title='bbox 231 1174 502 1230; x_wconf 88' lang='grc' dir='ltr'>ιστὼντων</span> <span class='ocrx_word' id='word_1_76' title='bbox 526 1195 539 1208; x_wconf 86' lang='grc'><strong>·</strong></span> <span class='ocrx_word' id='word_1_77' title='bbox 575 1179 637 1232; x_wconf 87' lang='grc' dir='ltr'>οὑ</span> <span class='ocrx_word' id='word_1_78' title='bbox 692 1181 801 1251; x_wconf 77' lang='grc' dir='ltr'>μὴν</span> <span class='ocrx_word' id='word_1_79' title='bbox 832 1177 995 1252; x_wconf 80' lang='grc' dir='ltr'>ἧττόν</span> <span class='ocrx_word' id='word_1_80' title='bbox 1019 1201 1104 1253; x_wconf 87' lang='grc' dir='ltr'><strong>γε,</strong></span> <span class='ocrx_word' id='word_1_81' title='bbox 1136 1187 1462 1242; x_wconf 70' lang='grc' dir='ltr'>καὶτούτων</span> <span class='ocrx_word' id='word_1_82' title='bbox 1491 1189 1554 1260; x_wconf 83' lang='grc' dir='ltr'>δὴ</span> <span class='ocrx_word' id='word_1_83' title='bbox 1580 1189 1690 1242; x_wconf 86' lang='grc' dir='ltr'>τῶν</span> <span class='ocrx_word' id='word_1_84' title='bbox 1725 1191 1803 1242; x_wconf 83' lang='grc' dir='ltr'><strong>ἱε-</strong></span> 
     </span>
    </p>
   </div>
   <div class='ocr_carea' id='block_1_13' title="bbox 233 1265 1801 1344">
    <p class='ocr_par' dir='ltr' id='par_1_13' title="bbox 233 1265 1801 1344">
     <span class='ocr_line' id='line_1_13' title="bbox 233 1265 1801 1344; baseline 0.011 -28"><span class='ocrx_word' id='word_1_85' title='bbox 233 1265 506 1334; x_wconf 86' lang='grc' dir='ltr'>ροτυπιῶν</span> <span class='ocrx_word' id='word_1_86' title='bbox 533 1267 742 1331; x_wconf 70' lang='grc' dir='ltr'>ἕνεκεν,</span> <span class='ocrx_word' id='word_1_87' title='bbox 771 1272 908 1342; x_wconf 89' lang='grc' dir='ltr'>ὅπερ</span> <span class='ocrx_word' id='word_1_88' title='bbox 945 1275 1079 1343; x_wconf 79' lang='grc' dir='ltr'>ἡμῖν</span> <span class='ocrx_word' id='word_1_89' title='bbox 1111 1276 1474 1340; x_wconf 72' lang='grc' dir='ltr'><strong>σπουδάζεται</strong></span> <span class='ocrx_word' id='word_1_90' title='bbox 1503 1281 1614 1344; x_wconf 85' lang='grc' dir='ltr'>τοῖς</span> <span class='ocrx_word' id='word_1_91' title='bbox 1641 1280 1801 1333; x_wconf 81' lang='grc' dir='ltr'>εὑσε-</span> 
     </span>
    </p>
   </div>
   <div class='ocr_carea' id='block_1_14' title="bbox 230 1355 1802 1437">
    <p class='ocr_par' dir='ltr' id='par_1_14' title="bbox 230 1355 1802 1437">
     <span class='ocr_line' id='line_1_14' title="bbox 230 1355 1802 1437; baseline 0.011 -29"><span class='ocrx_word' id='word_1_92' title='bbox 230 1355 345 1410; x_wconf 80' lang='grc' dir='ltr'>ὅέσι</span> <span class='ocrx_word' id='word_1_93' title='bbox 379 1359 474 1412; x_wconf 79' lang='grc' dir='ltr'>καὶ</span> <span class='ocrx_word' id='word_1_94' title='bbox 504 1359 904 1432; x_wconf 88' lang='grc' dir='ltr'>φιλομάρτυσιν</span> <span class='ocrx_word' id='word_1_95' title='bbox 928 1382 942 1396; x_wconf 77' lang='grc' dir='ltr'><strong>ο</strong></span> <span class='ocrx_word' id='word_1_96' title='bbox 973 1366 1210 1421; x_wconf 77' lang='grc' dir='ltr'><strong>αἰδεῖσθε</strong></span> <span class='ocrx_word' id='word_1_97' title='bbox 1235 1370 1442 1424; x_wconf 87' lang='grc' dir='ltr'>τούτων</span> <span class='ocrx_word' id='word_1_98' title='bbox 1461 1372 1584 1435; x_wconf 79' lang='grc' dir='ltr'>τοὺς</span> <span class='ocrx_word' id='word_1_99' title='bbox 1607 1371 1802 1437; x_wconf 78' lang='grc' dir='ltr'><strong>ἄθλους</strong></span> 
     </span>
    </p>
   </div>
   <div class='ocr_carea' id='block_1_15' title="bbox 230 1447 1807 1527">
    <p class='ocr_par' dir='ltr' id='par_1_15' title="bbox 230 1447 1807 1527">
     <span class='ocr_line' id='line_1_15' title="bbox 230 1447 1807 1527; baseline 0.008 -29"><span class='ocrx_word' id='word_1_100' title='bbox 230 1447 322 1498; x_wconf 77' lang='grc' dir='ltr'>καὶ</span> <span class='ocrx_word' id='word_1_101' title='bbox 350 1449 549 1516; x_wconf 79' lang='grc' dir='ltr'><strong>τιμᾶτε</strong></span> <span class='ocrx_word' id='word_1_102' title='bbox 571 1448 668 1519; x_wconf 79' lang='grc' dir='ltr'>τὴν</span> <span class='ocrx_word' id='word_1_103' title='bbox 699 1452 944 1522; x_wconf 83' lang='grc' dir='ltr'>μνήμην,</span> <span class='ocrx_word' id='word_1_104' title='bbox 991 1454 1091 1516; x_wconf 83' lang='grc' dir='ltr'>τὰς</span> <span class='ocrx_word' id='word_1_105' title='bbox 1131 1454 1409 1527; x_wconf 73' lang='grc' dir='ltr'>ἀοιδίμους</span> <span class='ocrx_word' id='word_1_106' title='bbox 1439 1457 1652 1519; x_wconf 82' lang='grc' dir='ltr'>ἐκείνας</span> <span class='ocrx_word' id='word_1_107' title='bbox 1687 1458 1807 1526; x_wconf 83' lang='grc' dir='ltr'>ἀρι-</span> 
     </span>
    </p>
   </div>
   <div class='ocr_carea' id='block_1_16' title="bbox 234 1535 1802 1617">
    <p class='ocr_par' dir='ltr' id='par_1_16' title="bbox 234 1535 1802 1617">
     <span class='ocr_line' id='line_1_16' title="bbox 234 1535 1802 1617; baseline 0.008 -31"><span class='ocrx_word' id='word_1_108' title='bbox 234 1535 415 1598; x_wconf 88' lang='grc' dir='ltr'>στείας</span> <span class='ocrx_word' id='word_1_109' title='bbox 449 1537 1046 1612; x_wconf 87' lang='grc' dir='ltr'>ὑπερεκπληττόμενοι,</span> <span class='ocrx_word' id='word_1_110' title='bbox 1096 1542 1191 1607; x_wconf 84' lang='grc' dir='ltr'>οὓς</span> <span class='ocrx_word' id='word_1_111' title='bbox 1229 1545 1324 1597; x_wconf 68' lang='grc' dir='ltr'><strong>καῖ⁵</strong></span> <span class='ocrx_word' id='word_1_112' title='bbox 1372 1545 1536 1616; x_wconf 82' lang='grc' dir='ltr'>θῆρες</span> <span class='ocrx_word' id='word_1_113' title='bbox 1571 1546 1802 1617; x_wconf 69' lang='grc' dir='ltr'>ᾐδέσθη-</span> 
     </span>
    </p>
   </div>
   <div class='ocr_carea' id='block_1_17' title="bbox 233 1629 1800 1709">
    <p class='ocr_par' dir='ltr' id='par_1_17' title="bbox 233 1629 1800 1709">
     <span class='ocr_line' id='line_1_17' title="bbox 233 1629 1800 1709; baseline 0.008 -30"><span class='ocrx_word' id='word_1_114' title='bbox 233 1643 351 1694; x_wconf 92' lang='grc' dir='ltr'>σαν,</span> <span class='ocrx_word' id='word_1_115' title='bbox 386 1629 482 1682; x_wconf 83' lang='grc' dir='ltr'>καὶ</span> <span class='ocrx_word' id='word_1_116' title='bbox 511 1629 573 1682; x_wconf 82' lang='grc' dir='ltr'>τὸ</span> <span class='ocrx_word' id='word_1_117' title='bbox 608 1631 721 1702; x_wconf 91' lang='grc' dir='ltr'><strong>πῦρ</strong></span> <span class='ocrx_word' id='word_1_118' title='bbox 760 1632 1019 1698; x_wconf 76' lang='grc' dir='ltr'><strong>πολλάκις</strong></span> <span class='ocrx_word' id='word_1_119' title='bbox 1065 1636 1422 1707; x_wconf 80' lang='grc' dir='ltr'>καταπλαγὲν</span> <span class='ocrx_word' id='word_1_120' title='bbox 1453 1636 1800 1709; x_wconf 79' lang='grc' dir='ltr'><strong>ὑπεχώρησε,</strong></span> 
     </span>
    </p>
   </div>
   <div class='ocr_carea' id='block_1_18' title="bbox 231 1719 1836 1799">
    <p class='ocr_par' dir='ltr' id='par_1_18' title="bbox 231 1719 1836 1799">
     <span class='ocr_line' id='line_1_18' title="bbox 231 1719 1836 1799; baseline 0.008 -29"><span class='ocrx_word' id='word_1_121' title='bbox 231 1719 321 1771; x_wconf 82' lang='grc' dir='ltr'><strong>καὶ</strong></span> <span class='ocrx_word' id='word_1_122' title='bbox 374 1719 592 1791; x_wconf 65' lang='grc' dir='ltr'>σίδηρος</span> <span class='ocrx_word' id='word_1_123' title='bbox 629 1723 1024 1796; x_wconf 89' lang='grc' dir='ltr'>περιθραύεταί</span> <span class='ocrx_word' id='word_1_124' title='bbox 1069 1745 1127 1781; x_wconf 92' lang='grc' dir='ltr'><strong>τε</strong></span> <span class='ocrx_word' id='word_1_125' title='bbox 1187 1730 1283 1783; x_wconf 76' lang='grc' dir='ltr'>καὶ</span> <span class='ocrx_word' id='word_1_126' title='bbox 1336 1728 1756 1799; x_wconf 75' lang='grc' dir='ltr'>ἀπαμϐλύνεται</span> <span class='ocrx_word' id='word_1_127' title='bbox 1785 1741 1836 1792; x_wconf 84' lang='grc'>,’</span> 
     </span>
    </p>
   </div>
   <div class='ocr_carea' id='block_1_19' title="bbox 1910 649 3479 722">
    <p class='ocr_par' dir='ltr' id='par_1_19' title="bbox 1910 649 3479 722">
     <span class='ocr_line' id='line_1_19' title="bbox 1910 649 3479 722; baseline 0.003 -21"><span class='ocrx_word' id='word_1_128' title='bbox 1910 649 2171 718; x_wconf 76' lang='lat' dir='ltr'><strong>rilicantes</strong></span> <span class='ocrx_word' id='word_1_129' title='bbox 2204 667 2284 704; x_wconf 83' lang='lat' dir='ltr'><strong>me</strong></span> <span class='ocrx_word' id='word_1_130' title='bbox 2315 691 2330 714; x_wconf 95' lang='lat'><strong>,</strong></span> <span class='ocrx_word' id='word_1_131' title='bbox 2381 652 2578 720; x_wconf 91' lang='lat' dir='ltr'><strong>inquit,</strong></span> <span class='ocrx_word' id='word_1_132' title='bbox 2606 651 2914 722; x_wconf 82' lang='lat' dir='ltr'><strong>gloriﬁcabo</strong></span> <span class='ocrx_word' id='word_1_133' title='bbox 2937 691 2952 714; x_wconf 94' lang='lat'><strong>,</strong></span> <span class='ocrx_word' id='word_1_134' title='bbox 2986 667 3148 706; x_wconf 78' lang='lat' dir='ltr'><strong>verax</strong></span> <span class='ocrx_word' id='word_1_135' title='bbox 3197 654 3479 707; x_wconf 81' lang='lat' dir='ltr'><strong>oraculum</strong></span> 
     </span>
    </p>
   </div>
   <div class='ocr_carea' id='block_1_20' title="bbox 1909 737 3484 811">
    <p class='ocr_par' dir='ltr' id='par_1_20' title="bbox 1909 737 3484 811">
     <span class='ocr_line' id='line_1_20' title="bbox 1909 737 3484 811; baseline 0.005 -21"><span class='ocrx_word' id='word_1_136' title='bbox 1909 737 1986 790; x_wconf 89' lang='lat' dir='ltr'><strong>ait</strong></span> <span class='ocrx_word' id='word_1_137' title='bbox 2007 739 2072 791; x_wconf 84' lang='lat'><strong>&quot;.</strong></span> <span class='ocrx_word' id='word_1_138' title='bbox 2111 739 2228 804; x_wconf 79' lang='lat' dir='ltr'><strong>Quo</strong></span> <span class='ocrx_word' id='word_1_139' title='bbox 2255 738 2330 804; x_wconf 91' lang='lat' dir='ltr'><strong>id,</strong></span> <span class='ocrx_word' id='word_1_140' title='bbox 2363 739 2605 808; x_wconf 88' lang='lat' dir='ltr'><strong>inquam,</strong></span> <span class='ocrx_word' id='word_1_141' title='bbox 2631 741 2830 795; x_wconf 87' lang='lat' dir='ltr'><strong>modo?</strong></span> <span class='ocrx_word' id='word_1_142' title='bbox 2855 739 3063 809; x_wconf 81' lang='lat' dir='ltr'><strong>Nempe</strong></span> <span class='ocrx_word' id='word_1_143' title='bbox 3091 741 3250 796; x_wconf 83' lang='lat' dir='ltr'><strong>aliter</strong></span> <span class='ocrx_word' id='word_1_144' title='bbox 3266 757 3484 811; x_wconf 88' lang='lat' dir='ltr'><strong>quoque</strong></span> 
     </span>
    </p>
   </div>
   <div class='ocr_carea' id='block_1_21' title="bbox 1910 828 3482 902">
    <p class='ocr_par' dir='ltr' id='par_1_21' title="bbox 1910 828 3482 902">
     <span class='ocr_line' id='line_1_21' title="bbox 1910 828 3482 902; baseline 0.005 -23"><span class='ocrx_word' id='word_1_145' title='bbox 1910 828 2162 897; x_wconf 81' lang='lat' dir='ltr'><strong>plurimis</strong></span> <span class='ocrx_word' id='word_1_146' title='bbox 2207 829 2642 900; x_wconf 86' lang='lat' dir='ltr'><strong>sublimibusque</strong></span> <span class='ocrx_word' id='word_1_147' title='bbox 2680 833 2946 886; x_wconf 91' lang='lat' dir='ltr'><strong>encomiis</strong></span> <span class='ocrx_word' id='word_1_148' title='bbox 2983 843 3148 902; x_wconf 83' lang='lat' dir='ltr'><strong>atque</strong></span> <span class='ocrx_word' id='word_1_149' title='bbox 3185 834 3482 901; x_wconf 88' lang='lat' dir='ltr'><strong>operibus,</strong></span> 
     </span>
    </p>
   </div>
   <div class='ocr_carea' id='block_1_22' title="bbox 1910 919 3480 995">
    <p class='ocr_par' dir='ltr' id='par_1_22' title="bbox 1910 919 3480 995">
     <span class='ocr_line' id='line_1_22' title="bbox 1910 919 3480 995; baseline 0.004 -23"><span class='ocrx_word' id='word_1_150' title='bbox 1910 919 2107 986; x_wconf 84' lang='lat' dir='ltr'><strong>dignus</strong></span> <span class='ocrx_word' id='word_1_151' title='bbox 2158 921 2240 975; x_wconf 72' lang='lat' dir='ltr'><strong>eis</strong></span> <span class='ocrx_word' id='word_1_152' title='bbox 2289 921 2507 975; x_wconf 80' lang='lat' dir='ltr'><strong>laudum</strong></span> <span class='ocrx_word' id='word_1_153' title='bbox 2562 924 2733 978; x_wconf 88' lang='lat' dir='ltr'><strong>honor</strong></span> <span class='ocrx_word' id='word_1_154' title='bbox 2779 935 2830 977; x_wconf 90' lang='lat' dir='ltr'><strong>et</strong></span> <span class='ocrx_word' id='word_1_155' title='bbox 2890 925 3060 993; x_wconf 87' lang='lat' dir='ltr'><strong>gloria</strong></span> <span class='ocrx_word' id='word_1_156' title='bbox 3113 926 3480 995; x_wconf 86' lang='lat' dir='ltr'><strong>impenditur;</strong></span> 
     </span>
    </p>
   </div>
   <div class='ocr_carea' id='block_1_23' title="bbox 1911 1014 3484 1086">
    <p class='ocr_par' dir='ltr' id='par_1_23' title="bbox 1911 1014 3484 1086">
     <span class='ocr_line' id='line_1_23' title="bbox 1911 1014 3484 1086; baseline 0.006 -24"><span class='ocrx_word' id='word_1_157' title='bbox 1911 1023 2086 1078; x_wconf 87' lang='lat' dir='ltr'><strong>neque</strong></span> <span class='ocrx_word' id='word_1_158' title='bbox 2117 1017 2296 1064; x_wconf 88' lang='lat' dir='ltr'><strong>tamen</strong></span> <span class='ocrx_word' id='word_1_159' title='bbox 2332 1014 2508 1066; x_wconf 79' lang='lat' dir='ltr'><strong>serius</strong></span> <span class='ocrx_word' id='word_1_160' title='bbox 2540 1028 2636 1082; x_wconf 86' lang='lat' dir='ltr'><strong>per</strong></span> <span class='ocrx_word' id='word_1_161' title='bbox 2683 1029 2870 1068; x_wconf 87' lang='lat' dir='ltr'><strong>sacras</strong></span> <span class='ocrx_word' id='word_1_162' title='bbox 2917 1016 3210 1085; x_wconf 74' lang='lat' dir='ltr'><strong>imagines,</strong></span> <span class='ocrx_word' id='word_1_163' title='bbox 3255 1016 3308 1070; x_wconf 92' lang='lat' dir='ltr'><strong>id</strong></span> <span class='ocrx_word' id='word_1_164' title='bbox 3340 1017 3484 1086; x_wconf 89' lang='lat' dir='ltr'><strong>quod</strong></span> 
     </span>
    </p>
   </div>
   <div class='ocr_carea' id='block_1_24' title="bbox 1909 1099 3480 1175">
    <p class='ocr_par' dir='ltr' id='par_1_24' title="bbox 1909 1099 3480 1175">
     <span class='ocr_line' id='line_1_24' title="bbox 1909 1099 3480 1175; baseline 0.006 -24"><span class='ocrx_word' id='word_1_165' title='bbox 1909 1113 2008 1152; x_wconf 86' lang='lat' dir='ltr'><strong>nos</strong></span> <span class='ocrx_word' id='word_1_166' title='bbox 2059 1099 2296 1169; x_wconf 78' lang='lat' dir='ltr'><strong>religiosi</strong></span> <span class='ocrx_word' id='word_1_167' title='bbox 2351 1117 2416 1156; x_wconf 89' lang='lat' dir='ltr'><strong>ac</strong></span> <span class='ocrx_word' id='word_1_168' title='bbox 2475 1102 2894 1173; x_wconf 84' lang='lat' dir='ltr'><strong>philomartyres</strong></span> <span class='ocrx_word' id='word_1_169' title='bbox 2948 1108 3106 1159; x_wconf 83' lang='lat' dir='ltr'><strong>valde</strong></span> <span class='ocrx_word' id='word_1_170' title='bbox 3165 1108 3480 1175; x_wconf 79' lang='lat' dir='ltr'><strong>satagimus.</strong></span> 
     </span>
    </p>
   </div>
   <div class='ocr_carea' id='block_1_25' title="bbox 1908 1184 3484 1260">
    <p class='ocr_par' dir='ltr' id='par_1_25' title="bbox 1908 1184 3484 1260">
     <span class='ocr_line' id='line_1_25' title="bbox 1908 1184 3484 1260; baseline 0.004 -21"><span class='ocrx_word' id='word_1_171' title='bbox 1908 1184 2261 1244; x_wconf 75' lang='lat' dir='ltr'><strong>Veneramini</strong></span> <span class='ocrx_word' id='word_1_172' title='bbox 2302 1204 2432 1260; x_wconf 83' lang='lat' dir='ltr'><strong>ergo</strong></span> <span class='ocrx_word' id='word_1_173' title='bbox 2473 1193 2796 1259; x_wconf 83' lang='lat' dir='ltr'><strong>certamina,</strong></span> <span class='ocrx_word' id='word_1_174' title='bbox 2831 1195 3098 1249; x_wconf 84' lang='lat' dir='ltr'><strong>honorate</strong></span> <span class='ocrx_word' id='word_1_175' title='bbox 3139 1194 3484 1258; x_wconf 81' lang='lat' dir='ltr'><strong>memoriam,</strong></span> 
     </span>
    </p>
   </div>
   <div class='ocr_carea' id='block_1_26' title="bbox 1908 1275 3486 1353">
    <p class='ocr_par' dir='ltr' id='par_1_26' title="bbox 1908 1275 3486 1353">
     <span class='ocr_line' id='line_1_26' title="bbox 1908 1275 3486 1353; baseline 0.005 -24"><span class='ocrx_word' id='word_1_176' title='bbox 1908 1275 2144 1332; x_wconf 90' lang='lat' dir='ltr'><strong>celebria</strong></span> <span class='ocrx_word' id='word_1_177' title='bbox 2180 1278 2267 1333; x_wconf 91' lang='lat' dir='ltr'><strong>illa</strong></span> <span class='ocrx_word' id='word_1_178' title='bbox 2307 1279 2554 1335; x_wconf 87' lang='lat' dir='ltr'><strong>facinora</strong></span> <span class='ocrx_word' id='word_1_179' title='bbox 2596 1283 2934 1338; x_wconf 86' lang='lat' dir='ltr'><strong>admirantes</strong></span> <span class='ocrx_word' id='word_1_180' title='bbox 2971 1292 3295 1353; x_wconf 83' lang='lat' dir='ltr'><strong>martyrum,</strong></span> <span class='ocrx_word' id='word_1_181' title='bbox 3346 1296 3486 1352; x_wconf 89' lang='lat' dir='ltr'><strong>quos</strong></span> 
     </span>
    </p>
   </div>
   <div class='ocr_carea' id='block_1_27' title="bbox 1913 1368 3569 1446">
    <p class='ocr_par' dir='ltr' id='par_1_27' title="bbox 1913 1368 3569 1446">
     <span class='ocr_line' id='line_1_27' title="bbox 1913 1368 3569 1446; baseline 0.004 -25"><span class='ocrx_word' id='word_1_182' title='bbox 1913 1368 2043 1423; x_wconf 74' lang='lat' dir='ltr'><strong>fera:</strong></span> <span class='ocrx_word' id='word_1_183' title='bbox 2074 1383 2288 1438; x_wconf 92' lang='lat' dir='ltr'><strong>quoque</strong></span> <span class='ocrx_word' id='word_1_184' title='bbox 2318 1373 2676 1439; x_wconf 87' lang='lat' dir='ltr'><strong>erubuerunt,</strong></span> <span class='ocrx_word' id='word_1_185' title='bbox 2704 1376 2901 1443; x_wconf 88' lang='lat' dir='ltr'><strong>quibus</strong></span> <span class='ocrx_word' id='word_1_186' title='bbox 2936 1376 3076 1446; x_wconf 81' lang='lat' dir='ltr'><strong>ignis</strong></span> <span class='ocrx_word' id='word_1_187' title='bbox 3108 1390 3250 1446; x_wconf 73' lang='lat' dir='ltr'><strong>saepe</strong></span> <span class='ocrx_word' id='word_1_188' title='bbox 3279 1376 3487 1440; x_wconf 83' lang='lat' dir='ltr'><strong>cessit,</strong></span> <span class='ocrx_word' id='word_1_189' title='bbox 3554 1399 3569 1411; x_wconf 85' lang='lat'><strong>-</strong></span> 
     </span>
    </p>
   </div>
   <div class='ocr_carea' id='block_1_28' title="bbox 1914 1459 3489 1536">
    <p class='ocr_par' dir='ltr' id='par_1_28' title="bbox 1914 1459 3489 1536">
     <span class='ocr_line' id='line_1_28' title="bbox 1914 1459 3489 1536; baseline 0.006 -25"><span class='ocrx_word' id='word_1_190' title='bbox 1914 1459 2432 1534; x_wconf 72' lang='lat' dir='ltr'><strong>ferruminfractum</strong></span> <span class='ocrx_word' id='word_1_191' title='bbox 2457 1473 2541 1518; x_wconf 91' lang='lat' dir='ltr'><strong>est</strong></span> <span class='ocrx_word' id='word_1_192' title='bbox 2569 1473 2626 1520; x_wconf 87' lang='lat' dir='ltr'><strong>et</strong></span> <span class='ocrx_word' id='word_1_193' title='bbox 2654 1466 2932 1530; x_wconf 85' lang='lat' dir='ltr'><strong>obtusum,</strong></span> <span class='ocrx_word' id='word_1_194' title='bbox 2965 1467 3208 1536; x_wconf 64' lang='lat' dir='ltr'><strong>poenales</strong></span> <span class='ocrx_word' id='word_1_195' title='bbox 3255 1468 3489 1532; x_wconf 67' lang='lat' dir='ltr'><strong>dirupta:</strong></span> 
     </span>
    </p>
   </div>
   <div class='ocr_carea' id='block_1_29' title="bbox 1914 1552 3489 1624">
    <p class='ocr_par' dir='ltr' id='par_1_29' title="bbox 1914 1552 3489 1624">
     <span class='ocr_line' id='line_1_29' title="bbox 1914 1552 3489 1624; baseline 0.003 -20"><span class='ocrx_word' id='word_1_196' title='bbox 1914 1559 2040 1604; x_wconf 87' lang='lat' dir='ltr'><strong>sunt</strong></span> <span class='ocrx_word' id='word_1_197' title='bbox 2075 1552 2367 1620; x_wconf 63' lang='lat' dir='ltr'><strong>machinae;</strong></span> <span class='ocrx_word' id='word_1_198' title='bbox 2418 1563 2475 1608; x_wconf 86' lang='lat' dir='ltr'><strong>et</strong></span> <span class='ocrx_word' id='word_1_199' title='bbox 2519 1569 2681 1609; x_wconf 89' lang='lat' dir='ltr'><strong>sensu</strong></span> <span class='ocrx_word' id='word_1_200' title='bbox 2725 1557 3128 1624; x_wconf 86' lang='lat' dir='ltr'><strong>quodammodo</strong></span> <span class='ocrx_word' id='word_1_201' title='bbox 3182 1565 3324 1610; x_wconf 88' lang='lat' dir='ltr'><strong>tacta</strong></span> <span class='ocrx_word' id='word_1_202' title='bbox 3375 1555 3489 1608; x_wconf 88' lang='lat' dir='ltr'><strong>ele-</strong></span> 
     </span>
    </p>
   </div>
   <div class='ocr_carea' id='block_1_30' title="bbox 1917 1645 3490 1712">
    <p class='ocr_par' dir='ltr' id='par_1_30' title="bbox 1917 1645 3490 1712">
     <span class='ocr_line' id='line_1_30' title="bbox 1917 1645 3490 1712; baseline 0.005 -20"><span class='ocrx_word' id='word_1_203' title='bbox 1917 1649 2119 1707; x_wconf 89' lang='lat' dir='ltr'><strong>menta,</strong></span> <span class='ocrx_word' id='word_1_204' title='bbox 2167 1652 2465 1712; x_wconf 87' lang='lat' dir='ltr'><strong>martyrum</strong></span> <span class='ocrx_word' id='word_1_205' title='bbox 2505 1659 2632 1712; x_wconf 87' lang='lat' dir='ltr'><strong>erga</strong></span> <span class='ocrx_word' id='word_1_206' title='bbox 2665 1660 3007 1700; x_wconf 89' lang='lat' dir='ltr'><strong>communem</strong></span> <span class='ocrx_word' id='word_1_207' title='bbox 3044 1646 3330 1701; x_wconf 90' lang='lat' dir='ltr'><strong>Dominum</strong></span> <span class='ocrx_word' id='word_1_208' title='bbox 3360 1645 3490 1700; x_wconf 86' lang='lat' dir='ltr'><strong>cha-</strong></span> 
     </span>
    </p>
   </div>
   <div class='ocr_carea' id='block_1_31' title="bbox 1917 1732 3014 1796">
    <p class='ocr_par' dir='ltr' id='par_1_31' title="bbox 1917 1732 3014 1796">
     <span class='ocr_line' id='line_1_31' title="bbox 1917 1732 3014 1796; baseline 0.006 -12"><span class='ocrx_word' id='word_1_209' title='bbox 1917 1732 2131 1784; x_wconf 72' lang='lat' dir='ltr'><strong>ritatem</strong></span> <span class='ocrx_word' id='word_1_210' title='bbox 2153 1774 2168 1796; x_wconf 91' lang='lat'><strong>,</strong></span> <span class='ocrx_word' id='word_1_211' title='bbox 2193 1748 2291 1786; x_wconf 90' lang='lat' dir='ltr'><strong>ceu</strong></span> <span class='ocrx_word' id='word_1_212' title='bbox 2319 1749 2582 1789; x_wconf 88' lang='lat' dir='ltr'><strong>conserva</strong></span> <span class='ocrx_word' id='word_1_213' title='bbox 2605 1737 2838 1790; x_wconf 81' lang='lat' dir='ltr'><strong>reverita</strong></span> <span class='ocrx_word' id='word_1_214' title='bbox 2865 1747 3014 1792; x_wconf 88' lang='lat' dir='ltr'><strong>sunt.</strong></span> 
     </span>
    </p>
   </div>
   <div class='ocr_carea' id='block_1_32' title="bbox 232 1813 3492 1901">
    <p class='ocr_par' dir='ltr' id='par_1_32' title="bbox 232 1813 3492 1901">
     <span class='ocr_line' id='line_1_32' title="bbox 232 1813 3492 1901; baseline 0.006 -38"><span class='ocrx_word' id='word_1_215' title='bbox 232 1813 323 1864; x_wconf 77' lang='grc' dir='ltr'>καὶ</span> <span class='ocrx_word' id='word_1_216' title='bbox 354 1813 426 1866; x_wconf 69' lang='grc' dir='ltr'><strong>τὰ</strong></span> <span class='ocrx_word' id='word_1_217' title='bbox 473 1814 806 1887; x_wconf 73' lang='grc' dir='ltr'>κολαστήρια</span> <span class='ocrx_word' id='word_1_218' title='bbox 860 1819 1224 1889; x_wconf 83' lang='grc' dir='ltr'>περιάγνυται</span> <span class='ocrx_word' id='word_1_219' title='bbox 1270 1822 1806 1893; x_wconf 86' lang='grc' dir='ltr'>μηχανουργήματα,</span> <span class='ocrx_word' id='word_1_220' title='bbox 1848 1825 2089 1892; x_wconf 83' lang='grc' dir='ltr'>στοιχεῖα</span> <span class='ocrx_word' id='word_1_221' title='bbox 2156 1825 2215 1878; x_wconf 84' lang='grc' dir='ltr'>δὲ</span> <span class='ocrx_word' id='word_1_222' title='bbox 2278 1826 2470 1900; x_wconf 80' lang='grc' dir='ltr'>ὥσπερ</span> <span class='ocrx_word' id='word_1_223' title='bbox 2517 1829 2576 1881; x_wconf 85' lang='grc' dir='ltr'><strong>ἐν</strong></span> <span class='ocrx_word' id='word_1_224' title='bbox 2606 1827 2856 1900; x_wconf 76' lang='grc' dir='ltr'>αἰσθήσει</span> <span class='ocrx_word' id='word_1_225' title='bbox 2903 1831 3186 1901; x_wconf 85' lang='grc' dir='ltr'>γινόμενα,</span> <span class='ocrx_word' id='word_1_226' title='bbox 3214 1829 3316 1901; x_wconf 83' lang='grc' dir='ltr'>τὴν</span> <span class='ocrx_word' id='word_1_227' title='bbox 3353 1828 3492 1900; x_wconf 73' lang='grc' dir='ltr'>πρὸς</span> 
     </span>
    </p>
   </div>
   <div class='ocr_carea' id='block_1_33' title="bbox 231 1904 2233 1987">
    <p class='ocr_par' dir='ltr' id='par_1_33' title="bbox 231 1904 2233 1987">
     <span class='ocr_line' id='line_1_33' title="bbox 231 1904 2233 1987; baseline 0.008 -33"><span class='ocrx_word' id='word_1_228' title='bbox 231 1904 316 1956; x_wconf 70' lang='grc' dir='ltr'><strong>τὸν</strong></span> <span class='ocrx_word' id='word_1_229' title='bbox 357 1904 537 1958; x_wconf 81' lang='grc' dir='ltr'>κοινὸν</span> <span class='ocrx_word' id='word_1_230' title='bbox 575 1907 854 1978; x_wconf 86' lang='grc' dir='ltr'>Δεσπότην</span> <span class='ocrx_word' id='word_1_231' title='bbox 908 1909 1332 1981; x_wconf 84' lang='grc' dir='ltr'>εὐγνωμοσύνην</span> <span class='ocrx_word' id='word_1_232' title='bbox 1385 1906 1474 1966; x_wconf 74' lang='grc' dir='ltr'>οἷα</span> <span class='ocrx_word' id='word_1_233' title='bbox 1529 1913 1796 1983; x_wconf 84' lang='grc' dir='ltr'>ὁμόδουλα</span> <span class='ocrx_word' id='word_1_234' title='bbox 1831 1913 2233 1987; x_wconf 85' lang='grc' dir='ltr'>δεδυσὼπηται.</span> 
     </span>
    </p>
   </div>
   <div class='ocr_carea' id='block_1_34' title="bbox 301 1992 1812 2070">
    <p class='ocr_par' dir='ltr' id='par_1_34' title="bbox 301 1992 1811 2070">
     <span class='ocr_line' id='line_1_34' title="bbox 301 1992 1811 2070; baseline 0.007 -24"><span class='ocrx_word' id='word_1_235' title='bbox 301 1998 406 2061; x_wconf 76' lang='grc' dir='ltr'>νγν.</span> <span class='ocrx_word' id='word_1_236' title='bbox 444 1993 515 2045; x_wconf 85' lang='grc' dir='ltr'><em>Ἢ</em></span> <span class='ocrx_word' id='word_1_237' title='bbox 542 1992 701 2046; x_wconf 87' lang='grc' dir='ltr'>τοῦτο</span> <span class='ocrx_word' id='word_1_238' title='bbox 749 1994 850 2063; x_wconf 75' lang='grc' dir='ltr'>μὲν</span> <span class='ocrx_word' id='word_1_239' title='bbox 881 1996 1009 2066; x_wconf 87' lang='grc' dir='ltr'>ὑμῖν</span> <span class='ocrx_word' id='word_1_240' title='bbox 1038 1998 1098 2050; x_wconf 90' lang='grc' dir='ltr'><strong>οὑ</strong></span> <span class='ocrx_word' id='word_1_241' title='bbox 1129 1999 1306 2064; x_wconf 87' lang='grc' dir='ltr'>δοκεῖ;</span> <span class='ocrx_word' id='word_1_242' title='bbox 1355 1999 1705 2070; x_wconf 84' lang='grc' dir='ltr'>βδελύττεσθε</span> <span class='ocrx_word' id='word_1_243' title='bbox 1749 2003 1811 2058; x_wconf 83' lang='grc' dir='ltr'>δὲ</span> 
     </span>
    </p>
   </div>
   <div class='ocr_carea' id='block_1_35' title="bbox 1916 1992 3491 2070">
    <p class='ocr_par' dir='ltr' id='par_1_35' title="bbox 1983 2003 3491 2069">
     <span class='ocr_line' id='line_1_35' title="bbox 1983 2003 3491 2069; baseline 0.006 -10"><span class='ocrx_word' id='word_1_244' title='bbox 1983 2003 2074 2059; x_wconf 80' lang='lat'><strong>53.</strong></span> <span class='ocrx_word' id='word_1_245' title='bbox 2117 2005 2199 2060; x_wconf 82' lang='lat' dir='ltr'><strong>An</strong></span> <span class='ocrx_word' id='word_1_246' title='bbox 2255 2021 2384 2069; x_wconf 87' lang='lat' dir='ltr'><strong>vero</strong></span> <span class='ocrx_word' id='word_1_247' title='bbox 2417 2007 2575 2063; x_wconf 88' lang='lat' dir='ltr'><strong>aliter</strong></span> <span class='ocrx_word' id='word_1_248' title='bbox 2612 2023 2706 2064; x_wconf 85' lang='lat' dir='ltr'><strong>vos</strong></span> <span class='ocrx_word' id='word_1_249' title='bbox 2743 2009 3114 2063; x_wconf 75' lang='lat' dir='ltr'><strong>existimatis?</strong></span> <span class='ocrx_word' id='word_1_250' title='bbox 3147 2010 3491 2068; x_wconf 78' lang='lat' dir='ltr'><strong>Aversamini</strong></span> 
     </span>
    </p>
   </div>
   <div class='ocr_carea' id='block_1_36' title="bbox 233 2082 1815 2156">
    <p class='ocr_par' dir='ltr' id='par_1_36' title="bbox 233 2082 1815 2156">
     <span class='ocr_line' id='line_1_36' title="bbox 233 2082 1815 2156; baseline 0.008 -21"><span class='ocrx_word' id='word_1_251' title='bbox 233 2082 326 2147; x_wconf 69' lang='grc' dir='ltr'><strong>τὰς</strong></span> <span class='ocrx_word' id='word_1_252' title='bbox 348 2083 462 2136; x_wconf 85' lang='grc' dir='ltr'><strong>τῶν</strong></span> <span class='ocrx_word' id='word_1_253' title='bbox 481 2083 653 2151; x_wconf 87' lang='grc' dir='ltr'>ἁγίων</span> <span class='ocrx_word' id='word_1_254' title='bbox 695 2086 1018 2156; x_wconf 82' lang='grc' dir='ltr'>πρεσὸείας,</span> <span class='ocrx_word' id='word_1_255' title='bbox 1067 2088 1432 2145; x_wconf 85' lang='grc' dir='ltr'>διασκάπτετε</span> <span class='ocrx_word' id='word_1_256' title='bbox 1473 2091 1530 2144; x_wconf 85' lang='grc' dir='ltr'>δὲ</span> <span class='ocrx_word' id='word_1_257' title='bbox 1571 2092 1673 2156; x_wconf 83' lang='grc' dir='ltr'>τὰς</span> <span class='ocrx_word' id='word_1_258' title='bbox 1705 2093 1815 2147; x_wconf 80' lang='grc' dir='ltr'>τῶν</span> 
     </span>
    </p>
   </div>
   <div class='ocr_carea' id='block_1_37' title="bbox 235 2176 1815 2257">
    <p class='ocr_par' dir='ltr' id='par_1_37' title="bbox 235 2176 1815 2257">
     <span class='ocr_line' id='line_1_37' title="bbox 235 2176 1815 2257; baseline 0.008 -27"><span class='ocrx_word' id='word_1_259' title='bbox 235 2176 393 2231; x_wconf 84' lang='grc' dir='ltr'>θείων</span> <span class='ocrx_word' id='word_1_260' title='bbox 421 2177 830 2252; x_wconf 83' lang='grc' dir='ltr'>θυσιαστηρίων</span> <span class='ocrx_word' id='word_1_261' title='bbox 861 2181 1012 2253; x_wconf 72' lang='grc' dir='ltr'>ίεράς</span> <span class='ocrx_word' id='word_1_262' title='bbox 1041 2183 1344 2255; x_wconf 77' lang='grc' dir='ltr'>τραπέζας,</span> <span class='ocrx_word' id='word_1_263' title='bbox 1373 2186 1462 2240; x_wconf 82' lang='grc' dir='ltr'><strong>ῖνα</strong></span> <span class='ocrx_word' id='word_1_264' title='bbox 1488 2187 1588 2256; x_wconf 87' lang='grc' dir='ltr'>τῆς</span> <span class='ocrx_word' id='word_1_265' title='bbox 1617 2189 1815 2257; x_wconf 80' lang='grc' dir='ltr'>φλογὸς</span> 
     </span>
    </p>
   </div>
   <div class='ocr_carea' id='block_1_38' title="bbox 232 2269 1817 2350">
    <p class='ocr_par' dir='ltr' id='par_1_38' title="bbox 232 2269 1817 2350">
     <span class='ocr_line' id='line_1_38' title="bbox 232 2269 1817 2350; baseline 0.008 -28"><span class='ocrx_word' id='word_1_266' title='bbox 232 2271 340 2323; x_wconf 85' lang='grc' dir='ltr'>τῶν</span> <span class='ocrx_word' id='word_1_267' title='bbox 369 2269 646 2340; x_wconf 78' lang='grc' dir='ltr'>λειψάνων</span> <span class='ocrx_word' id='word_1_268' title='bbox 677 2272 880 2340; x_wconf 85' lang='grc' dir='ltr'>αὑτῶν,</span> <span class='ocrx_word' id='word_1_269' title='bbox 923 2275 1183 2347; x_wconf 86' lang='grc' dir='ltr'>καθάπερ</span> <span class='ocrx_word' id='word_1_270' title='bbox 1214 2277 1243 2329; x_wconf 84' lang='grc' dir='ltr'><strong>ὁ</strong></span> <span class='ocrx_word' id='word_1_271' title='bbox 1295 2277 1614 2344; x_wconf 88' lang='grc' dir='ltr'>διδάσκαλος</span> <span class='ocrx_word' id='word_1_272' title='bbox 1661 2280 1817 2350; x_wconf 85' lang='grc' dir='ltr'>ὑμῶν</span> 
     </span>
    </p>
   </div>
   <div class='ocr_carea' id='block_1_39' title="bbox 235 2363 1814 2442">
    <p class='ocr_par' dir='ltr' id='par_1_39' title="bbox 235 2363 1814 2442">
     <span class='ocr_line' id='line_1_39' title="bbox 235 2363 1814 2442; baseline 0.006 -26"><span class='ocrx_word' id='word_1_273' title='bbox 235 2363 520 2434; x_wconf 83' lang='grc' dir='ltr'>Μαμωνᾶς</span> <span class='ocrx_word' id='word_1_274' title='bbox 549 2363 742 2434; x_wconf 79' lang='grc' dir='ltr'>ἐδρασέ</span> <span class='ocrx_word' id='word_1_275' title='bbox 777 2381 836 2418; x_wconf 90' lang='grc' dir='ltr'><strong>τε</strong></span> <span class='ocrx_word' id='word_1_276' title='bbox 869 2367 965 2419; x_wconf 77' lang='grc' dir='ltr'><strong>καὶ</strong></span> <span class='ocrx_word' id='word_1_277' title='bbox 989 2367 1249 2434; x_wconf 80' lang='grc' dir='ltr'>ἐδίδαξεν,</span> <span class='ocrx_word' id='word_1_278' title='bbox 1287 2369 1670 2442; x_wconf 73' lang='grc' dir='ltr'>ἐμφορηθῆτες</span> <span class='ocrx_word' id='word_1_279' title='bbox 1706 2371 1814 2425; x_wconf 79' lang='grc' dir='ltr'><strong>Καὶ</strong></span> 
     </span>
    </p>
   </div>
   <div class='ocr_carea' id='block_1_40' title="bbox 235 2457 1817 2531">
    <p class='ocr_par' dir='ltr' id='par_1_40' title="bbox 235 2457 1817 2531">
     <span class='ocr_line' id='line_1_40' title="bbox 235 2457 1817 2531; baseline 0.006 -23"><span class='ocrx_word' id='word_1_280' title='bbox 235 2457 636 2526; x_wconf 86' lang='grc' dir='ltr'>καταχραίνετε</span> <span class='ocrx_word' id='word_1_281' title='bbox 687 2458 869 2516; x_wconf 76' lang='grc' dir='ltr'>αὐτῶν</span> <span class='ocrx_word' id='word_1_282' title='bbox 917 2459 1044 2522; x_wconf 77' lang='grc' dir='ltr'>τοὺς</span> <span class='ocrx_word' id='word_1_283' title='bbox 1089 2461 1422 2531; x_wconf 80' lang='grc' dir='ltr'>σεϐασμίους</span> <span class='ocrx_word' id='word_1_284' title='bbox 1462 2462 1666 2528; x_wconf 83' lang='grc' dir='ltr'>οῖκους,</span> <span class='ocrx_word' id='word_1_285' title='bbox 1721 2463 1817 2517; x_wconf 78' lang='grc' dir='ltr'>καὶ</span> 
     </span>
    </p>
   </div>
   <div class='ocr_carea' id='block_1_41' title="bbox 236 2547 1812 2625">
    <p class='ocr_par' dir='ltr' id='par_1_41' title="bbox 236 2547 1812 2625">
     <span class='ocr_line' id='line_1_41' title="bbox 236 2547 1812 2625; baseline 0.006 -26"><span class='ocrx_word' id='word_1_286' title='bbox 236 2548 422 2616; x_wconf 68' lang='grc' dir='ltr'>πάσης</span> <span class='ocrx_word' id='word_1_287' title='bbox 463 2547 728 2612; x_wconf 88' lang='grc' dir='ltr'>δυσωδίας</span> <span class='ocrx_word' id='word_1_288' title='bbox 766 2551 862 2602; x_wconf 76' lang='grc' dir='ltr'>καὶ</span> <span class='ocrx_word' id='word_1_289' title='bbox 913 2552 1311 2623; x_wconf 73' lang='grc' dir='ltr'>αἰσχρουργίας</span> <span class='ocrx_word' id='word_1_290' title='bbox 1345 2554 1812 2625; x_wconf 85' lang='grc' dir='ltr'>ἀποπληροῦντες,</span> 
     </span>
    </p>
   </div>
   <div class='ocr_carea' id='block_1_42' title="bbox 236 2637 1817 2717">
    <p class='ocr_par' dir='ltr' id='par_1_42' title="bbox 236 2637 1817 2717">
     <span class='ocr_line' id='line_1_42' title="bbox 236 2637 1817 2717; baseline 0.006 -27"><span class='ocrx_word' id='word_1_291' title='bbox 236 2637 647 2708; x_wconf 85' lang='grc' dir='ltr'>καταμολύνετε</span> <span class='ocrx_word' id='word_1_292' title='bbox 674 2640 768 2694; x_wconf 75' lang='grc' dir='ltr'>καὶ</span> <span class='ocrx_word' id='word_1_293' title='bbox 792 2639 1085 2710; x_wconf 77' lang='grc' dir='ltr'>βεϐηλοῦτε</span> <span class='ocrx_word' id='word_1_294' title='bbox 1110 2645 1178 2696; x_wconf 78' lang='grc' dir='ltr'><strong>τά</strong></span> <span class='ocrx_word' id='word_1_295' title='bbox 1209 2644 1361 2712; x_wconf 81' lang='grc' dir='ltr'>ἀγια,</span> <span class='ocrx_word' id='word_1_296' title='bbox 1381 2645 1497 2716; x_wconf 84' lang='grc' dir='ltr'><strong>ἀμα</strong></span> <span class='ocrx_word' id='word_1_297' title='bbox 1511 2649 1624 2710; x_wconf 85' lang='grc' dir='ltr'>τοῖς</span> <span class='ocrx_word' id='word_1_298' title='bbox 1650 2647 1817 2717; x_wconf 88' lang='grc' dir='ltr'>ίεροῖς</span> 
     </span>
    </p>
   </div>
   <div class='ocr_carea' id='block_1_43' title="bbox 235 2728 1814 2809">
    <p class='ocr_par' dir='ltr' id='par_1_43' title="bbox 235 2728 1814 2809">
     <span class='ocr_line' id='line_1_43' title="bbox 235 2728 1814 2809; baseline 0.006 -28"><span class='ocrx_word' id='word_1_299' title='bbox 235 2730 420 2783; x_wconf 70' lang='grc' dir='ltr'>αὐτῶν</span> <span class='ocrx_word' id='word_1_300' title='bbox 447 2732 832 2804; x_wconf 83' lang='grc' dir='ltr'>ἐκτυπώμασι,</span> <span class='ocrx_word' id='word_1_301' title='bbox 886 2734 954 2786; x_wconf 86' lang='grc' dir='ltr'><strong>δι’</strong></span> <span class='ocrx_word' id='word_1_302' title='bbox 996 2728 1073 2788; x_wconf 81' lang='grc' dir='ltr'>ὧν</span> <span class='ocrx_word' id='word_1_303' title='bbox 1129 2736 1275 2790; x_wconf 80' lang='grc' dir='ltr'>αἵτε</span> <span class='ocrx_word' id='word_1_304' title='bbox 1327 2738 1604 2809; x_wconf 84' lang='grc' dir='ltr'>ἀριστείαι</span> <span class='ocrx_word' id='word_1_305' title='bbox 1638 2740 1732 2792; x_wconf 83' lang='grc' dir='ltr'>καὶ</span> <span class='ocrx_word' id='word_1_306' title='bbox 1763 2739 1814 2792; x_wconf 83' lang='lat' dir='ltr'><strong>oi</strong></span> 
     </span>
    </p>
   </div>
   <div class='ocr_carea' id='block_1_44' title="bbox 235 2817 1816 2898">
    <p class='ocr_par' dir='ltr' id='par_1_44' title="bbox 235 2817 1816 2898">
     <span class='ocr_line' id='line_1_44' title="bbox 235 2817 1816 2898; baseline 0.006 -23"><span class='ocrx_word' id='word_1_307' title='bbox 235 2821 477 2893; x_wconf 80' lang='grc' dir='ltr'>ἀοίδιμοι</span> <span class='ocrx_word' id='word_1_308' title='bbox 507 2817 659 2876; x_wconf 81' lang='grc' dir='ltr'>ἆθλοι</span> <span class='ocrx_word' id='word_1_309' title='bbox 685 2825 889 2888; x_wconf 81' lang='grc' dir='ltr'>αὐτῶν,</span> <span class='ocrx_word' id='word_1_310' title='bbox 917 2825 1109 2898; x_wconf 79' lang='grc' dir='ltr'>ὥσπερ</span> <span class='ocrx_word' id='word_1_311' title='bbox 1140 2830 1263 2892; x_wconf 85' lang='grc' dir='ltr'>ταῖς</span> <span class='ocrx_word' id='word_1_312' title='bbox 1293 2828 1516 2898; x_wconf 78' lang='grc' dir='ltr'>βίϐλοις,</span> <span class='ocrx_word' id='word_1_313' title='bbox 1543 2829 1686 2883; x_wconf 84' lang='grc' dir='ltr'>οῦτω</span> <span class='ocrx_word' id='word_1_314' title='bbox 1712 2834 1816 2885; x_wconf 92' lang='grc' dir='ltr'><strong>κάν</strong></span> 
     </span>
    </p>
   </div>
   <div class='ocr_carea' id='block_1_45' title="bbox 235 2913 1818 2990">
    <p class='ocr_par' dir='ltr' id='par_1_45' title="bbox 235 2913 1818 2990">
     <span class='ocr_line' id='line_1_45' title="bbox 235 2913 1818 2990; baseline 0.006 -26"><span class='ocrx_word' id='word_1_315' title='bbox 235 2915 356 2976; x_wconf 85' lang='grc' dir='ltr'>ταῖς</span> <span class='ocrx_word' id='word_1_316' title='bbox 401 2913 725 2982; x_wconf 80' lang='grc' dir='ltr'>ἐκκλησίαις</span> <span class='ocrx_word' id='word_1_317' title='bbox 758 2916 984 2980; x_wconf 78' lang='grc' dir='ltr'>καὶτοῖς</span> <span class='ocrx_word' id='word_1_318' title='bbox 1015 2917 1234 2984; x_wconf 78' lang='grc' dir='ltr'>πίναξιν</span> <span class='ocrx_word' id='word_1_319' title='bbox 1275 2919 1656 2990; x_wconf 81' lang='grc' dir='ltr'>ἐμπρέποντες</span> <span class='ocrx_word' id='word_1_320' title='bbox 1685 2921 1818 2975; x_wconf 86' lang='grc' dir='ltr'>ἀνά-</span> 
     </span>
    </p>
   </div>
   <div class='ocr_carea' id='block_1_46' title="bbox 235 3004 1814 3080">
    <p class='ocr_par' dir='ltr' id='par_1_46' title="bbox 235 3004 1814 3080">
     <span class='ocr_line' id='line_1_46' title="bbox 235 3004 1814 3080; baseline 0.003 -23"><span class='ocrx_word' id='word_1_321' title='bbox 235 3021 476 3074; x_wconf 87' lang='grc' dir='ltr'>γραπτοι</span> <span class='ocrx_word' id='word_1_322' title='bbox 507 3004 906 3076; x_wconf 80' lang='grc' dir='ltr'>παραδέδονται</span> <span class='ocrx_word' id='word_1_323' title='bbox 937 3023 951 3036; x_wconf 73' lang='grc' dir='ltr'><strong>ο</strong></span> <span class='ocrx_word' id='word_1_324' title='bbox 979 3005 1122 3062; x_wconf 81' lang='grc' dir='ltr'>ὥστε</span> <span class='ocrx_word' id='word_1_325' title='bbox 1159 3008 1287 3071; x_wconf 78' lang='grc' dir='ltr'>τοὺς</span> <span class='ocrx_word' id='word_1_326' title='bbox 1341 3008 1814 3080; x_wconf 88' lang='grc' dir='ltr'>ἀναθεωροῦντας,</span> 
     </span>
    </p>
   </div>
   <div class='ocr_carea' id='block_1_47' title="bbox 236 3095 1815 3169">
    <p class='ocr_par' dir='ltr' id='par_1_47' title="bbox 236 3095 1815 3169">
     <span class='ocr_line' id='line_1_47' title="bbox 236 3095 1815 3169; baseline 0.005 -23"><span class='ocrx_word' id='word_1_327' title='bbox 236 3096 368 3166; x_wconf 83' lang='grc' dir='ltr'>πρὸς</span> <span class='ocrx_word' id='word_1_328' title='bbox 401 3095 566 3165; x_wconf 81' lang='grc' dir='ltr'>ζῆλον</span> <span class='ocrx_word' id='word_1_329' title='bbox 593 3096 695 3167; x_wconf 80' lang='grc' dir='ltr'>τῆς</span> <span class='ocrx_word' id='word_1_330' title='bbox 735 3097 1074 3169; x_wconf 84' lang='grc' dir='ltr'>θεομιμήτου</span> <span class='ocrx_word' id='word_1_331' title='bbox 1101 3099 1282 3152; x_wconf 81' lang='grc' dir='ltr'>αὐτῶν</span> <span class='ocrx_word' id='word_1_332' title='bbox 1327 3099 1609 3164; x_wconf 87' lang='grc' dir='ltr'>πολιτείας</span> <span class='ocrx_word' id='word_1_333' title='bbox 1661 3100 1815 3154; x_wconf 88' lang='grc' dir='ltr'>διαν-</span> 
     </span>
    </p>
   </div>
   <div class='ocr_carea' id='block_1_48' title="bbox 240 3187 1818 3267">
    <p class='ocr_par' dir='ltr' id='par_1_48' title="bbox 240 3187 1818 3267">
     <span class='ocr_line' id='line_1_48' title="bbox 240 3187 1818 3267; baseline 0.004 -27"><span class='ocrx_word' id='word_1_334' title='bbox 240 3187 518 3242; x_wconf 71' lang='grc' dir='ltr'>ίστασθαιο</span> <span class='ocrx_word' id='word_1_335' title='bbox 541 3190 636 3242; x_wconf 74' lang='grc' dir='ltr'>καὶ</span> <span class='ocrx_word' id='word_1_336' title='bbox 660 3189 770 3267; x_wconf 76' lang='grc' dir='ltr'>τῷν</span> <span class='ocrx_word' id='word_1_337' title='bbox 799 3191 1004 3261; x_wconf 80' lang='grc' dir='ltr'>βξὸλων</span> <span class='ocrx_word' id='word_1_338' title='bbox 1023 3193 1204 3247; x_wconf 82' lang='grc' dir='ltr'>αὑτῶν</span> <span class='ocrx_word' id='word_1_339' title='bbox 1219 3211 1370 3258; x_wconf 88' lang='grc' dir='ltr'>τινας</span> <span class='ocrx_word' id='word_1_340' title='bbox 1391 3194 1470 3265; x_wconf 85' lang='grc' dir='ltr'>τῷ</span> <span class='ocrx_word' id='word_1_341' title='bbox 1492 3194 1628 3266; x_wconf 79' lang='grc' dir='ltr'>πυρὶ</span> <span class='ocrx_word' id='word_1_342' title='bbox 1647 3210 1818 3264; x_wconf 81' lang='grc' dir='ltr'>παρα-</span> 
     </span>
    </p>
   </div>
   <div class='ocr_carea' id='block_1_49' title="bbox 233 3279 1814 3357">
    <p class='ocr_par' dir='ltr' id='par_1_49' title="bbox 233 3279 1814 3357">
     <span class='ocr_line' id='line_1_49' title="bbox 233 3279 1814 3357; baseline 0.006 -26"><span class='ocrx_word' id='word_1_343' title='bbox 233 3279 493 3344; x_wconf 86' lang='grc' dir='ltr'>διδόντες,</span> <span class='ocrx_word' id='word_1_344' title='bbox 531 3282 681 3335; x_wconf 87' lang='grc' dir='ltr'>κόνιν</span> <span class='ocrx_word' id='word_1_345' title='bbox 715 3284 811 3336; x_wconf 73' lang='grc' dir='ltr'>καὶ</span> <span class='ocrx_word' id='word_1_346' title='bbox 834 3284 1042 3357; x_wconf 85' lang='grc' dir='ltr'>τέφραν</span> <span class='ocrx_word' id='word_1_347' title='bbox 1073 3285 1354 3352; x_wconf 83' lang='grc' dir='ltr'>ἀποδεῖξαι</span> <span class='ocrx_word' id='word_1_348' title='bbox 1394 3287 1814 3355; x_wconf 84' lang='grc' dir='ltr'>διηγωνίσασθε,</span> 
     </span>
    </p>
   </div>
   <div class='ocr_carea' id='block_1_50' title="bbox 1920 2100 3490 2173">
    <p class='ocr_par' dir='ltr' id='par_1_50' title="bbox 1920 2100 3490 2173">
     <span class='ocr_line' id='line_1_50' title="bbox 1920 2100 3490 2173; baseline 0.004 -21"><span class='ocrx_word' id='word_1_349' title='bbox 1920 2108 2097 2152; x_wconf 86' lang='lat' dir='ltr'><strong>autem</strong></span> <span class='ocrx_word' id='word_1_350' title='bbox 2153 2111 2468 2154; x_wconf 84' lang='lat' dir='ltr'><strong>sanctorum</strong></span> <span class='ocrx_word' id='word_1_351' title='bbox 2534 2116 2760 2170; x_wconf 86' lang='lat' dir='ltr'><strong>preces,</strong></span> <span class='ocrx_word' id='word_1_352' title='bbox 2806 2100 3074 2156; x_wconf 83' lang='lat' dir='ltr'><strong>sull&#39;oditis</strong></span> <span class='ocrx_word' id='word_1_353' title='bbox 3134 2113 3490 2173; x_wconf 87' lang='lat' dir='ltr'><strong>augustorum</strong></span> 
     </span>
    </p>
   </div>
   <div class='ocr_carea' id='block_1_51' title="bbox 1918 2189 3494 2256">
    <p class='ocr_par' dir='ltr' id='par_1_51' title="bbox 1918 2189 3494 2256">
     <span class='ocr_line' id='line_1_51' title="bbox 1918 2189 3494 2256; baseline 0.004 -15"><span class='ocrx_word' id='word_1_354' title='bbox 1918 2189 2174 2244; x_wconf 87' lang='lat' dir='ltr'><strong>altarium</strong></span> <span class='ocrx_word' id='word_1_355' title='bbox 2211 2206 2396 2246; x_wconf 86' lang='lat' dir='ltr'><strong>sacras</strong></span> <span class='ocrx_word' id='word_1_356' title='bbox 2435 2206 2678 2256; x_wconf 88' lang='lat' dir='ltr'><strong>mensas,</strong></span> <span class='ocrx_word' id='word_1_357' title='bbox 2712 2201 2768 2247; x_wconf 89' lang='lat' dir='ltr'><strong>ut</strong></span> <span class='ocrx_word' id='word_1_358' title='bbox 2800 2191 3017 2246; x_wconf 76' lang='lat' dir='ltr'><strong>ﬂantma</strong></span> <span class='ocrx_word' id='word_1_359' title='bbox 3040 2209 3105 2248; x_wconf 75' lang='lat' dir='ltr'><strong>ex</strong></span> <span class='ocrx_word' id='word_1_360' title='bbox 3139 2195 3330 2248; x_wconf 87' lang='lat' dir='ltr'><strong>horum</strong></span> <span class='ocrx_word' id='word_1_361' title='bbox 3364 2195 3494 2250; x_wconf 87' lang='lat' dir='ltr'><strong>reli-</strong></span> 
     </span>
    </p>
   </div>
   <div class='ocr_carea' id='block_1_52' title="bbox 1918 2281 3495 2350">
    <p class='ocr_par' dir='ltr' id='par_1_52' title="bbox 1918 2281 3495 2350">
     <span class='ocr_line' id='line_1_52' title="bbox 1918 2281 3495 2350; baseline 0.003 -16"><span class='ocrx_word' id='word_1_362' title='bbox 1918 2281 2062 2350; x_wconf 88' lang='lat' dir='ltr'><strong>quiis</strong></span> <span class='ocrx_word' id='word_1_363' title='bbox 2086 2282 2350 2348; x_wconf 87' lang='lat' dir='ltr'><strong>ardente,</strong></span> <span class='ocrx_word' id='word_1_364' title='bbox 2387 2283 2548 2338; x_wconf 89' lang='lat' dir='ltr'><strong>sicuti</strong></span> <span class='ocrx_word' id='word_1_365' title='bbox 2600 2293 2779 2337; x_wconf 78' lang='lat' dir='ltr'><strong>vester</strong></span> <span class='ocrx_word' id='word_1_366' title='bbox 2823 2281 3100 2337; x_wconf 77' lang='lat' dir='ltr'><strong>Mutuonas</strong></span> <span class='ocrx_word' id='word_1_367' title='bbox 3143 2283 3272 2338; x_wconf 90' lang='lat' dir='ltr'><strong>fecit</strong></span> <span class='ocrx_word' id='word_1_368' title='bbox 3299 2299 3366 2338; x_wconf 89' lang='lat' dir='ltr'><strong>ac</strong></span> <span class='ocrx_word' id='word_1_369' title='bbox 3394 2285 3495 2338; x_wconf 92' lang='lat' dir='ltr'><strong>do-</strong></span> 
     </span>
    </p>
   </div>
   <div class='ocr_carea' id='block_1_53' title="bbox 1918 2374 3494 2444">
    <p class='ocr_par' dir='ltr' id='par_1_53' title="bbox 1918 2374 3494 2444">
     <span class='ocr_line' id='line_1_53' title="bbox 1918 2374 3494 2444; baseline 0.003 -16"><span class='ocrx_word' id='word_1_370' title='bbox 1918 2374 2061 2439; x_wconf 90' lang='lat' dir='ltr'><strong>cuit,</strong></span> <span class='ocrx_word' id='word_1_371' title='bbox 2129 2375 2524 2444; x_wconf 80' lang='lat' dir='ltr'><strong>perfruamini?</strong></span> <span class='ocrx_word' id='word_1_372' title='bbox 2572 2377 2638 2431; x_wconf 89' lang='lat' dir='ltr'><strong>Et</strong></span> <span class='ocrx_word' id='word_1_373' title='bbox 2696 2377 3033 2432; x_wconf 83' lang='lat' dir='ltr'><strong>venerabiles</strong></span> <span class='ocrx_word' id='word_1_374' title='bbox 3099 2379 3290 2431; x_wconf 89' lang='lat' dir='ltr'><strong>horum</strong></span> <span class='ocrx_word' id='word_1_375' title='bbox 3349 2379 3494 2433; x_wconf 62' lang='lat' dir='ltr'><strong>ardes</strong></span> 
     </span>
    </p>
   </div>
   <div class='ocr_carea' id='block_1_54' title="bbox 1918 2465 3491 2536">
    <p class='ocr_par' dir='ltr' id='par_1_54' title="bbox 1918 2465 3491 2536">
     <span class='ocr_line' id='line_1_54' title="bbox 1918 2465 3491 2536; baseline 0.003 -20"><span class='ocrx_word' id='word_1_376' title='bbox 1918 2465 2292 2532; x_wconf 83' lang='lat' dir='ltr'><strong>conspurcatis</strong></span> <span class='ocrx_word' id='word_1_377' title='bbox 2313 2505 2328 2532; x_wconf 92' lang='lat'><strong>,</strong></span> <span class='ocrx_word' id='word_1_378' title='bbox 2355 2466 2615 2536; x_wconf 86' lang='lat' dir='ltr'><strong>omnique</strong></span> <span class='ocrx_word' id='word_1_379' title='bbox 2645 2465 2818 2520; x_wconf 79' lang='lat' dir='ltr'><strong>fetore</strong></span> <span class='ocrx_word' id='word_1_380' title='bbox 2847 2481 2910 2520; x_wconf 90' lang='lat' dir='ltr'><strong>ac</strong></span> <span class='ocrx_word' id='word_1_381' title='bbox 2944 2466 3273 2535; x_wconf 88' lang='lat' dir='ltr'><strong>turpitudine</strong></span> <span class='ocrx_word' id='word_1_382' title='bbox 3302 2466 3491 2536; x_wconf 78' lang='lat' dir='ltr'><strong>Opple-</strong></span> 
     </span>
    </p>
   </div>
   <div class='ocr_carea' id='block_1_55' title="bbox 1919 2553 3494 2625">
    <p class='ocr_par' dir='ltr' id='par_1_55' title="bbox 1919 2553 3494 2625">
     <span class='ocr_line' id='line_1_55' title="bbox 1919 2553 3494 2625; baseline 0.003 -19"><span class='ocrx_word' id='word_1_383' title='bbox 1919 2553 2009 2618; x_wconf 85' lang='lat' dir='ltr'><strong>tis,</strong></span> <span class='ocrx_word' id='word_1_384' title='bbox 2054 2564 2241 2608; x_wconf 90' lang='lat' dir='ltr'><strong>sancta</strong></span> <span class='ocrx_word' id='word_1_385' title='bbox 2281 2555 2524 2625; x_wconf 91' lang='lat' dir='ltr'><strong>polluitis</strong></span> <span class='ocrx_word' id='word_1_386' title='bbox 2555 2564 2612 2610; x_wconf 89' lang='lat' dir='ltr'><strong>et</strong></span> <span class='ocrx_word' id='word_1_387' title='bbox 2638 2555 2942 2624; x_wconf 86' lang='lat' dir='ltr'><strong>profanatis</strong></span> <span class='ocrx_word' id='word_1_388' title='bbox 2981 2571 3102 2608; x_wconf 72' lang='lat' dir='ltr'><strong>cum</strong></span> <span class='ocrx_word' id='word_1_389' title='bbox 3151 2555 3366 2609; x_wconf 92' lang='lat' dir='ltr'><strong>illorum</strong></span> <span class='ocrx_word' id='word_1_390' title='bbox 3402 2570 3494 2610; x_wconf 80' lang='lat' dir='ltr'><strong>sa-</strong></span> 
     </span>
    </p>
   </div>
   <div class='ocr_carea' id='block_1_56' title="bbox 1918 2643 3492 2716">
    <p class='ocr_par' dir='ltr' id='par_1_56' title="bbox 1918 2643 3492 2716">
     <span class='ocr_line' id='line_1_56' title="bbox 1918 2643 3492 2716; baseline -0.001 -17"><span class='ocrx_word' id='word_1_391' title='bbox 1918 2644 2027 2699; x_wconf 92' lang='lat' dir='ltr'><strong>cris</strong></span> <span class='ocrx_word' id='word_1_392' title='bbox 2049 2643 2344 2709; x_wconf 63' lang='lat' dir='ltr'><strong>celaturis,</strong></span> <span class='ocrx_word' id='word_1_393' title='bbox 2367 2645 2565 2714; x_wconf 87' lang='lat' dir='ltr'><strong>quibus</strong></span> <span class='ocrx_word' id='word_1_394' title='bbox 2592 2655 2890 2716; x_wconf 87' lang='lat' dir='ltr'><strong>martyrum</strong></span> <span class='ocrx_word' id='word_1_395' title='bbox 2916 2659 3004 2698; x_wconf 92' lang='lat' dir='ltr'><strong>res</strong></span> <span class='ocrx_word' id='word_1_396' title='bbox 3028 2645 3282 2714; x_wconf 64' lang='lat' dir='ltr'><strong>praeclare</strong></span> <span class='ocrx_word' id='word_1_397' title='bbox 3303 2657 3492 2714; x_wconf 63' lang='lat' dir='ltr'><strong>gestae,</strong></span> 
     </span>
    </p>
   </div>
   <div class='ocr_carea' id='block_1_57' title="bbox 1917 2733 3495 2803">
    <p class='ocr_par' dir='ltr' id='par_1_57' title="bbox 1917 2733 3495 2803">
     <span class='ocr_line' id='line_1_57' title="bbox 1917 2733 3495 2803; baseline 0.001 -14"><span class='ocrx_word' id='word_1_398' title='bbox 1917 2744 1973 2790; x_wconf 91' lang='lat' dir='ltr'><strong>et</strong></span> <span class='ocrx_word' id='word_1_399' title='bbox 2002 2734 2238 2790; x_wconf 85' lang='lat' dir='ltr'><strong>celebria</strong></span> <span class='ocrx_word' id='word_1_400' title='bbox 2267 2737 2586 2803; x_wconf 87' lang='lat' dir='ltr'><strong>certamina,</strong></span> <span class='ocrx_word' id='word_1_401' title='bbox 2619 2750 2716 2790; x_wconf 91' lang='lat' dir='ltr'><strong>ceu</strong></span> <span class='ocrx_word' id='word_1_402' title='bbox 2760 2735 2817 2789; x_wconf 86' lang='lat' dir='ltr'><strong>fit</strong></span> <span class='ocrx_word' id='word_1_403' title='bbox 2846 2735 2898 2788; x_wconf 91' lang='lat' dir='ltr'><strong>iu</strong></span> <span class='ocrx_word' id='word_1_404' title='bbox 2929 2733 3085 2790; x_wconf 90' lang='lat' dir='ltr'><strong>libris</strong></span> <span class='ocrx_word' id='word_1_405' title='bbox 3129 2736 3200 2789; x_wconf 90' lang='lat' dir='ltr'><strong>ita</strong></span> <span class='ocrx_word' id='word_1_406' title='bbox 3236 2735 3288 2789; x_wconf 92' lang='lat' dir='ltr'><strong>in</strong></span> <span class='ocrx_word' id='word_1_407' title='bbox 3318 2734 3495 2790; x_wconf 85' lang='lat' dir='ltr'><strong>eccle-</strong></span> 
     </span>
    </p>
   </div>
   <div class='ocr_carea' id='block_1_58' title="bbox 1918 2825 3494 2895">
    <p class='ocr_par' dir='ltr' id='par_1_58' title="bbox 1918 2825 3494 2895">
     <span class='ocr_line' id='line_1_58' title="bbox 1918 2825 3494 2895; baseline -0.001 -15"><span class='ocrx_word' id='word_1_408' title='bbox 1918 2825 2017 2882; x_wconf 87' lang='lat' dir='ltr'><strong>siis</strong></span> <span class='ocrx_word' id='word_1_409' title='bbox 2069 2841 2134 2879; x_wconf 91' lang='lat' dir='ltr'><strong>ac</strong></span> <span class='ocrx_word' id='word_1_410' title='bbox 2189 2825 2389 2881; x_wconf 90' lang='lat' dir='ltr'><strong>tabulis</strong></span> <span class='ocrx_word' id='word_1_411' title='bbox 2423 2826 2707 2895; x_wconf 88' lang='lat' dir='ltr'><strong>splendide</strong></span> <span class='ocrx_word' id='word_1_412' title='bbox 2757 2827 2900 2895; x_wconf 87' lang='lat' dir='ltr'><strong>picta</strong></span> <span class='ocrx_word' id='word_1_413' title='bbox 2953 2826 3313 2880; x_wconf 78' lang='lat' dir='ltr'><strong>exhibentur.</strong></span> <span class='ocrx_word' id='word_1_414' title='bbox 3353 2826 3494 2892; x_wconf 88' lang='lat' dir='ltr'><strong>Quin</strong></span> 
     </span>
    </p>
   </div>
   <div class='ocr_carea' id='block_1_59' title="bbox 1917 2916 3496 2987">
    <p class='ocr_par' dir='ltr' id='par_1_59' title="bbox 1917 2916 3496 2987">
     <span class='ocr_line' id='line_1_59' title="bbox 1917 2916 3496 2987; baseline 0 -16"><span class='ocrx_word' id='word_1_415' title='bbox 1917 2917 2054 2972; x_wconf 92' lang='lat' dir='ltr'><strong>adeo</strong></span> <span class='ocrx_word' id='word_1_416' title='bbox 2103 2917 2258 2972; x_wconf 85' lang='lat' dir='ltr'><strong>libris</strong></span> <span class='ocrx_word' id='word_1_417' title='bbox 2307 2917 2473 2972; x_wconf 92' lang='lat' dir='ltr'><strong>etiam</strong></span> <span class='ocrx_word' id='word_1_418' title='bbox 2521 2916 2728 2987; x_wconf 89' lang='lat' dir='ltr'><strong>aliquot</strong></span> <span class='ocrx_word' id='word_1_419' title='bbox 2771 2918 2900 2972; x_wconf 86' lang='lat' dir='ltr'><strong>talia</strong></span> <span class='ocrx_word' id='word_1_420' title='bbox 2933 2917 3340 2973; x_wconf 89' lang='lat' dir='ltr'><strong>continentibus</strong></span> <span class='ocrx_word' id='word_1_421' title='bbox 3379 2917 3496 2985; x_wconf 87' lang='lat' dir='ltr'><strong>igni</strong></span> 
     </span>
    </p>
   </div>
   <div class='ocr_carea' id='block_1_60' title="bbox 1921 3007 3493 3078">
    <p class='ocr_par' dir='ltr' id='par_1_60' title="bbox 1921 3007 3493 3078">
     <span class='ocr_line' id='line_1_60' title="bbox 1921 3007 3493 3078; baseline -0.001 -15"><span class='ocrx_word' id='word_1_422' title='bbox 1921 3009 2156 3073; x_wconf 77' lang='lat' dir='ltr'><strong>traditis,</strong></span> <span class='ocrx_word' id='word_1_423' title='bbox 2192 3009 2430 3064; x_wconf 89' lang='lat' dir='ltr'><strong>cinerem</strong></span> <span class='ocrx_word' id='word_1_424' title='bbox 2463 3007 2813 3078; x_wconf 82' lang='lat' dir='ltr'><strong>favillamque</strong></span> <span class='ocrx_word' id='word_1_425' title='bbox 2855 3010 2955 3064; x_wconf 90' lang='lat' dir='ltr'><strong>hos</strong></span> <span class='ocrx_word' id='word_1_426' title='bbox 2979 3008 3288 3064; x_wconf 86' lang='lat' dir='ltr'><strong>elliciendos</strong></span> <span class='ocrx_word' id='word_1_427' title='bbox 3329 3025 3493 3062; x_wconf 87' lang='lat' dir='ltr'><strong>cura-</strong></span> 
     </span>
    </p>
   </div>
   <div class='ocr_carea' id='block_1_61' title="bbox 1921 3099 3496 3162">
    <p class='ocr_par' dir='ltr' id='par_1_61' title="bbox 1921 3099 3496 3162">
     <span class='ocr_line' id='line_1_61' title="bbox 1921 3099 3496 3162; baseline 0 -7"><span class='ocrx_word' id='word_1_428' title='bbox 1921 3102 2058 3162; x_wconf 88' lang='lat' dir='ltr'><strong>stis,</strong></span> <span class='ocrx_word' id='word_1_429' title='bbox 2098 3109 2156 3154; x_wconf 92' lang='lat' dir='ltr'><strong>ut</strong></span> <span class='ocrx_word' id='word_1_430' title='bbox 2189 3099 2269 3154; x_wconf 88' lang='lat' dir='ltr'><strong>sic</strong></span> <span class='ocrx_word' id='word_1_431' title='bbox 2301 3100 2466 3154; x_wconf 90' lang='lat' dir='ltr'><strong>etiam</strong></span> <span class='ocrx_word' id='word_1_432' title='bbox 2518 3108 2828 3155; x_wconf 89' lang='lat' dir='ltr'><strong>sanctorum</strong></span> <span class='ocrx_word' id='word_1_433' title='bbox 2879 3100 3197 3157; x_wconf 88' lang='lat' dir='ltr'><strong>memoriam</strong></span> <span class='ocrx_word' id='word_1_434' title='bbox 3251 3099 3496 3155; x_wconf 89' lang='lat' dir='ltr'><strong>funditus</strong></span> 
     </span>
    </p>
   </div>
   <div class='ocr_carea' id='block_1_62' title="bbox 1918 3189 3496 3261">
    <p class='ocr_par' dir='ltr' id='par_1_62' title="bbox 1918 3189 3496 3261">
     <span class='ocr_line' id='line_1_62' title="bbox 1918 3189 3496 3261; baseline -0.001 -14"><span class='ocrx_word' id='word_1_435' title='bbox 1918 3191 2232 3248; x_wconf 87' lang='lat' dir='ltr'><strong>aboleretis.</strong></span> <span class='ocrx_word' id='word_1_436' title='bbox 2254 3190 2372 3246; x_wconf 82' lang='lat' dir='ltr'><strong>Jam</strong></span> <span class='ocrx_word' id='word_1_437' title='bbox 2409 3206 2537 3246; x_wconf 90' lang='lat' dir='ltr'><strong>vero</strong></span> <span class='ocrx_word' id='word_1_438' title='bbox 2575 3193 2666 3261; x_wconf 90' lang='lat' dir='ltr'><strong>qui</strong></span> <span class='ocrx_word' id='word_1_439' title='bbox 2703 3193 2775 3246; x_wconf 91' lang='lat' dir='ltr'><strong>ita</strong></span> <span class='ocrx_word' id='word_1_440' title='bbox 2809 3193 3071 3248; x_wconf 87' lang='lat' dir='ltr'><strong>adversus</strong></span> <span class='ocrx_word' id='word_1_441' title='bbox 3096 3202 3315 3248; x_wconf 87' lang='lat' dir='ltr'><strong>sanctos</strong></span> <span class='ocrx_word' id='word_1_442' title='bbox 3349 3189 3496 3248; x_wconf 82' lang='lat' dir='ltr'><strong>inso-</strong></span> 
     </span>
    </p>
   </div>
   <div class='ocr_carea' id='block_1_63' title="bbox 1919 3283 3494 3353">
    <p class='ocr_par' dir='ltr' id='par_1_63' title="bbox 1919 3283 3494 3353">
     <span class='ocr_line' id='line_1_63' title="bbox 1919 3283 3494 3353; baseline -0.005 -11"><span class='ocrx_word' id='word_1_443' title='bbox 1919 3288 2128 3342; x_wconf 83' lang='lat' dir='ltr'><strong>lescunt</strong></span> <span class='ocrx_word' id='word_1_444' title='bbox 2155 3283 2433 3353; x_wconf 78' lang='lat' dir='ltr'><strong>(proutex</strong></span> <span class='ocrx_word' id='word_1_445' title='bbox 2474 3297 2532 3336; x_wconf 91' lang='lat' dir='ltr'><strong>re</strong></span> <span class='ocrx_word' id='word_1_446' title='bbox 2573 3283 2851 3351; x_wconf 65' lang='lat' dir='ltr'><strong>praesenti,</strong></span> <span class='ocrx_word' id='word_1_447' title='bbox 2885 3283 3117 3353; x_wconf 86' lang='lat' dir='ltr'><strong>quisque</strong></span> <span class='ocrx_word' id='word_1_448' title='bbox 3146 3283 3314 3346; x_wconf 87' lang='lat' dir='ltr'><strong>volet,</strong></span> <span class='ocrx_word' id='word_1_449' title='bbox 3348 3283 3494 3336; x_wconf 79' lang='lat' dir='ltr'><strong>allir-</strong></span> 
     </span>
    </p>
   </div>
   <div class='ocr_carea' id='block_1_64' title="bbox 236 3369 1812 3448">
    <p class='ocr_par' dir='ltr' id='par_1_64' title="bbox 236 3369 1810 3446">
     <span class='ocr_line' id='line_1_64' title="bbox 236 3369 1810 3446; baseline 0.006 -25"><span class='ocrx_word' id='word_1_450' title='bbox 236 3369 321 3423; x_wconf 85' lang='grc' dir='ltr'>ἵνα</span> <span class='ocrx_word' id='word_1_451' title='bbox 349 3371 452 3422; x_wconf 75' lang='grc' dir='ltr'>καὶ</span> <span class='ocrx_word' id='word_1_452' title='bbox 482 3371 572 3425; x_wconf 87' lang='grc' dir='ltr'><strong>διά</strong></span> <span class='ocrx_word' id='word_1_453' title='bbox 594 3371 803 3427; x_wconf 85' lang='grc' dir='ltr'>τούτων</span> <span class='ocrx_word' id='word_1_454' title='bbox 829 3374 930 3446; x_wconf 85' lang='grc' dir='ltr'>τὴν</span> <span class='ocrx_word' id='word_1_455' title='bbox 961 3375 1188 3446; x_wconf 83' lang='grc' dir='ltr'>μνήμην</span> <span class='ocrx_word' id='word_1_456' title='bbox 1246 3375 1430 3429; x_wconf 83' lang='grc' dir='ltr'>αὑτῶν</span> <span class='ocrx_word' id='word_1_457' title='bbox 1461 3377 1644 3430; x_wconf 86' lang='grc' dir='ltr'>τέλεον</span> <span class='ocrx_word' id='word_1_458' title='bbox 1675 3377 1810 3431; x_wconf 85' lang='grc' dir='ltr'>ἀπο-</span> 
     </span>
    </p>
   </div>
   <div class='ocr_carea' id='block_1_65' title="bbox 1916 3369 3493 3448">
    <p class='ocr_par' dir='ltr' id='par_1_65' title="bbox 1920 3373 3493 3444">
     <span class='ocr_line' id='line_1_65' title="bbox 1920 3373 3493 3444; baseline -0.006 -10"><span class='ocrx_word' id='word_1_459' title='bbox 1920 3375 2172 3434; x_wconf 89' lang='lat' dir='ltr'><strong>mationis</strong></span> <span class='ocrx_word' id='word_1_460' title='bbox 2228 3375 2514 3429; x_wconf 83' lang='lat' dir='ltr'><strong>veritatem</strong></span> <span class='ocrx_word' id='word_1_461' title='bbox 2549 3375 2854 3444; x_wconf 88' lang='lat' dir='ltr'><strong>comperire</strong></span> <span class='ocrx_word' id='word_1_462' title='bbox 2904 3373 3169 3444; x_wconf 85' lang='lat' dir='ltr'><strong>poterit),</strong></span> <span class='ocrx_word' id='word_1_463' title='bbox 3217 3373 3342 3443; x_wconf 92' lang='lat' dir='ltr'><strong>quid</strong></span> <span class='ocrx_word' id='word_1_464' title='bbox 3389 3387 3493 3426; x_wconf 82' lang='lat' dir='ltr'><strong>nou</strong></span> 
     </span>
    </p>
   </div>
   <div class='ocr_carea' id='block_1_66' title="bbox 236 3461 1819 3537">
    <p class='ocr_par' dir='ltr' id='par_1_66' title="bbox 236 3461 1819 3537">
     <span class='ocr_line' id='line_1_66' title="bbox 236 3461 1819 3537; baseline 0.006 -25"><span class='ocrx_word' id='word_1_465' title='bbox 236 3461 471 3532; x_wconf 80' lang='grc' dir='ltr'>σὸἐσητε</span> <span class='ocrx_word' id='word_1_466' title='bbox 498 3478 512 3491; x_wconf 75' lang='grc'><strong><em>⁸</em></strong></span> <span class='ocrx_word' id='word_1_467' title='bbox 541 3464 592 3516; x_wconf 85' lang='grc' dir='ltr'>οἱ</span> <span class='ocrx_word' id='word_1_468' title='bbox 617 3461 762 3517; x_wconf 76' lang='grc' dir='ltr'>οὕτω</span> <span class='ocrx_word' id='word_1_469' title='bbox 786 3465 895 3517; x_wconf 84' lang='grc' dir='ltr'>τῶν</span> <span class='ocrx_word' id='word_1_470' title='bbox 924 3465 1098 3533; x_wconf 81' lang='grc' dir='ltr'>ἁγίων</span> <span class='ocrx_word' id='word_1_471' title='bbox 1148 3467 1710 3537; x_wconf 85' lang='grc' dir='ltr'>κατανεανιευόμενοι,</span> <span class='ocrx_word' id='word_1_472' title='bbox 1742 3467 1819 3530; x_wconf 82' lang='grc' dir='ltr'>ὡς</span> 
     </span>
    </p>
   </div>
   <div class='ocr_carea' id='block_1_67' title="bbox 231 3553 1819 3630">
    <p class='ocr_par' dir='ltr' id='par_1_67' title="bbox 231 3553 1819 3630">
     <span class='ocr_line' id='line_1_67' title="bbox 231 3553 1819 3630; baseline 0.003 -25"><span class='ocrx_word' id='word_1_473' title='bbox 231 3554 294 3606; x_wconf 87' lang='grc' dir='ltr'><strong>ἐκ</strong></span> <span class='ocrx_word' id='word_1_474' title='bbox 319 3553 438 3606; x_wconf 84' lang='grc' dir='ltr'><strong>τῶν</strong></span> <span class='ocrx_word' id='word_1_475' title='bbox 461 3555 749 3625; x_wconf 85' lang='grc' dir='ltr'>παρόντων</span> <span class='ocrx_word' id='word_1_476' title='bbox 780 3557 851 3611; x_wconf 91' lang='grc' dir='ltr'><strong>τά</strong></span> <span class='ocrx_word' id='word_1_477' title='bbox 895 3557 992 3610; x_wconf 79' lang='grc' dir='ltr'><strong>τοῦ</strong></span> <span class='ocrx_word' id='word_1_478' title='bbox 1037 3556 1275 3628; x_wconf 80' lang='grc' dir='ltr'>ἀληθοῦς</span> <span class='ocrx_word' id='word_1_479' title='bbox 1315 3559 1698 3630; x_wconf 88' lang='grc' dir='ltr'>τεκμήρασθαι</span> <span class='ocrx_word' id='word_1_480' title='bbox 1738 3559 1819 3629; x_wconf 83' lang='grc' dir='ltr'>τῷ</span> 
     </span>
    </p>
   </div>
   <div class='ocr_carea' id='block_1_68' title="bbox 233 3643 1818 3720">
    <p class='ocr_par' dir='ltr' id='par_1_68' title="bbox 233 3643 1818 3720">
     <span class='ocr_line' id='line_1_68' title="bbox 233 3643 1818 3720; baseline 0.004 -24"><span class='ocrx_word' id='word_1_481' title='bbox 233 3643 560 3716; x_wconf 78' lang='grc' dir='ltr'>βουλομένῳ</span> <span class='ocrx_word' id='word_1_482' title='bbox 586 3645 753 3698; x_wconf 78' lang='grc' dir='ltr'>παντὶ</span> <span class='ocrx_word' id='word_1_483' title='bbox 776 3647 872 3700; x_wconf 80' lang='grc' dir='ltr'>καὶ</span> <span class='ocrx_word' id='word_1_484' title='bbox 889 3647 1120 3702; x_wconf 86' lang='grc' dir='ltr'>συνιδεῖν</span> <span class='ocrx_word' id='word_1_485' title='bbox 1141 3647 1318 3713; x_wconf 73' lang='grc' dir='ltr'>ἔξεστι</span> <span class='ocrx_word' id='word_1_486' title='bbox 1345 3667 1360 3682; x_wconf 74' lang='grc'><strong><em>⁸</em></strong></span> <span class='ocrx_word' id='word_1_487' title='bbox 1388 3649 1441 3702; x_wconf 88' lang='grc' dir='ltr'><strong>τί</strong></span> <span class='ocrx_word' id='word_1_488' title='bbox 1466 3649 1568 3702; x_wconf 82' lang='grc' dir='ltr'>οὐκ</span> <span class='ocrx_word' id='word_1_489' title='bbox 1592 3648 1818 3720; x_wconf 79' lang='grc' dir='ltr'>ἔμελλον</span> 
     </span>
    </p>
   </div>
   <div class='ocr_carea' id='block_1_69' title="bbox 228 3734 1819 3810">
    <p class='ocr_par' dir='ltr' id='par_1_69' title="bbox 228 3734 1819 3810">
     <span class='ocr_line' id='line_1_69' title="bbox 228 3734 1819 3810; baseline 0.003 -24"><span class='ocrx_word' id='word_1_490' title='bbox 228 3734 339 3789; x_wconf 83' lang='grc' dir='ltr'>τῶν</span> <span class='ocrx_word' id='word_1_491' title='bbox 372 3735 573 3788; x_wconf 84' lang='grc' dir='ltr'>δεινῶν</span> <span class='ocrx_word' id='word_1_492' title='bbox 602 3737 698 3790; x_wconf 77' lang='grc' dir='ltr'>καὶ</span> <span class='ocrx_word' id='word_1_493' title='bbox 727 3737 980 3791; x_wconf 78' lang='grc' dir='ltr'>ἐκτόπων</span> <span class='ocrx_word' id='word_1_494' title='bbox 1017 3740 1097 3801; x_wconf 85' lang='grc' dir='ltr'><strong>είς</strong></span> <span class='ocrx_word' id='word_1_495' title='bbox 1126 3739 1325 3804; x_wconf 79' lang='grc' dir='ltr'>αὐτοὺς</span> <span class='ocrx_word' id='word_1_496' title='bbox 1373 3739 1616 3810; x_wconf 84' lang='grc' dir='ltr'>δράσειν,</span> <span class='ocrx_word' id='word_1_497' title='bbox 1659 3741 1819 3810; x_wconf 79' lang='grc' dir='ltr'>εἰπερ</span> 
     </span>
    </p>
   </div>
   <div class='ocr_carea' id='block_1_70' title="bbox 233 3827 1816 3902">
    <p class='ocr_par' dir='ltr' id='par_1_70' title="bbox 233 3827 1816 3902">
     <span class='ocr_line' id='line_1_70' title="bbox 233 3827 1816 3902; baseline 0.004 -24"><span class='ocrx_word' id='word_1_498' title='bbox 233 3827 420 3889; x_wconf 79' lang='grc' dir='ltr'>αὑτοῖς</span> <span class='ocrx_word' id='word_1_499' title='bbox 456 3827 820 3897; x_wconf 89' lang='grc' dir='ltr'>συνήκμασαν</span> <span class='ocrx_word' id='word_1_500' title='bbox 842 3828 967 3881; x_wconf 83' lang='grc' dir='ltr'>καθ’</span> <span class='ocrx_word' id='word_1_501' title='bbox 996 3829 1055 3882; x_wconf 85' lang='grc' dir='ltr'><strong>ὅν</strong></span> <span class='ocrx_word' id='word_1_502' title='bbox 1083 3830 1276 3899; x_wconf 89' lang='grc' dir='ltr'>χρόνον</span> <span class='ocrx_word' id='word_1_503' title='bbox 1301 3831 1361 3884; x_wconf 82' lang='grc' dir='ltr'><strong>ἐν</strong></span> <span class='ocrx_word' id='word_1_504' title='bbox 1407 3831 1534 3902; x_wconf 82' lang='grc' dir='ltr'>τῇδε</span> <span class='ocrx_word' id='word_1_505' title='bbox 1587 3834 1654 3901; x_wconf 82' lang='grc' dir='ltr'>τῇ</span> <span class='ocrx_word' id='word_1_506' title='bbox 1703 3831 1816 3902; x_wconf 79' lang='grc' dir='ltr'><strong>ζωῇ</strong></span> 
     </span>
    </p>
   </div>
   <div class='ocr_carea' id='block_1_71' title="bbox 1921 3465 3494 3535">
    <p class='ocr_par' dir='ltr' id='par_1_71' title="bbox 1921 3465 3494 3535">
     <span class='ocr_line' id='line_1_71' title="bbox 1921 3465 3494 3535; baseline -0.003 -11"><span class='ocrx_word' id='word_1_507' title='bbox 1921 3476 2080 3524; x_wconf 88' lang='lat' dir='ltr'><strong>erant</strong></span> <span class='ocrx_word' id='word_1_508' title='bbox 2105 3465 2280 3521; x_wconf 89' lang='lat' dir='ltr'><strong>acturi</strong></span> <span class='ocrx_word' id='word_1_509' title='bbox 2312 3466 2641 3520; x_wconf 87' lang='lat' dir='ltr'><strong>horrendum</strong></span> <span class='ocrx_word' id='word_1_510' title='bbox 2682 3476 2843 3535; x_wconf 89' lang='lat' dir='ltr'><strong>atque</strong></span> <span class='ocrx_word' id='word_1_511' title='bbox 2875 3465 3191 3521; x_wconf 86' lang='lat' dir='ltr'><strong>incredibile</strong></span> <span class='ocrx_word' id='word_1_512' title='bbox 3229 3467 3494 3521; x_wconf 77' lang='lat' dir='ltr'><strong>adversus</strong></span> 
     </span>
    </p>
   </div>
   <div class='ocr_carea' id='block_1_72' title="bbox 1919 3555 3496 3626">
    <p class='ocr_par' dir='ltr' id='par_1_72' title="bbox 1919 3555 3496 3626">
     <span class='ocr_line' id='line_1_72' title="bbox 1919 3555 3496 3626; baseline -0.003 -13"><span class='ocrx_word' id='word_1_513' title='bbox 1919 3567 2163 3621; x_wconf 88' lang='lat' dir='ltr'><strong>sanctos,</strong></span> <span class='ocrx_word' id='word_1_514' title='bbox 2193 3556 2241 3611; x_wconf 86' lang='lat' dir='ltr'><strong>si</strong></span> <span class='ocrx_word' id='word_1_515' title='bbox 2284 3555 2420 3610; x_wconf 86' lang='lat' dir='ltr'><strong>forte</strong></span> <span class='ocrx_word' id='word_1_516' title='bbox 2453 3555 2504 3610; x_wconf 93' lang='lat' dir='ltr'><strong>in</strong></span> <span class='ocrx_word' id='word_1_517' title='bbox 2539 3570 2602 3610; x_wconf 87' lang='lat' dir='ltr'><strong>ea</strong></span> <span class='ocrx_word' id='word_1_518' title='bbox 2640 3565 2887 3626; x_wconf 89' lang='lat' dir='ltr'><strong>tempora</strong></span> <span class='ocrx_word' id='word_1_519' title='bbox 2926 3556 3269 3622; x_wconf 89' lang='lat' dir='ltr'><strong>incidissent,</strong></span> <span class='ocrx_word' id='word_1_520' title='bbox 3301 3557 3496 3625; x_wconf 78' lang='lat' dir='ltr'><strong>quibus</strong></span> 
     </span>
    </p>
   </div>
   <div class='ocr_carea' id='block_1_73' title="bbox 1920 3643 3498 3716">
    <p class='ocr_par' dir='ltr' id='par_1_73' title="bbox 1920 3643 3498 3716">
     <span class='ocr_line' id='line_1_73' title="bbox 1920 3643 3498 3716; baseline -0.002 -12"><span class='ocrx_word' id='word_1_521' title='bbox 1920 3650 1997 3705; x_wconf 90' lang='lat' dir='ltr'><strong>illi</strong></span> <span class='ocrx_word' id='word_1_522' title='bbox 2047 3646 2340 3702; x_wconf 78' lang='lat' dir='ltr'><strong>vixerunt?</strong></span> <span class='ocrx_word' id='word_1_523' title='bbox 2379 3643 2570 3702; x_wconf 85' lang='lat' dir='ltr'><strong>Nonne</strong></span> <span class='ocrx_word' id='word_1_524' title='bbox 2627 3656 2776 3701; x_wconf 84' lang='lat' dir='ltr'><strong>tanto</strong></span> <span class='ocrx_word' id='word_1_525' title='bbox 2819 3645 3004 3716; x_wconf 84' lang='lat' dir='ltr'><strong>pejora</strong></span> <span class='ocrx_word' id='word_1_526' title='bbox 3041 3647 3401 3716; x_wconf 55' lang='lat' dir='ltr'><strong>praesentibus</strong></span> <span class='ocrx_word' id='word_1_527' title='bbox 3441 3657 3498 3701; x_wconf 88' lang='lat' dir='ltr'><strong>et</strong></span> 
     </span>
    </p>
   </div>
   <div class='ocr_carea' id='block_1_74' title="bbox 1921 3737 3490 3812">
    <p class='ocr_par' dir='ltr' id='par_1_74' title="bbox 1921 3737 3490 3812">
     <span class='ocr_line' id='line_1_74' title="bbox 1921 3737 3490 3812; baseline -0.003 -17"><span class='ocrx_word' id='word_1_528' title='bbox 1921 3740 2124 3796; x_wconf 91' lang='lat' dir='ltr'><strong>diriora</strong></span> <span class='ocrx_word' id='word_1_529' title='bbox 2155 3737 2438 3802; x_wconf 90' lang='lat' dir='ltr'><strong>fecissent,</strong></span> <span class='ocrx_word' id='word_1_530' title='bbox 2481 3747 2686 3808; x_wconf 83' lang='lat' dir='ltr'><strong>quanto</strong></span> <span class='ocrx_word' id='word_1_531' title='bbox 2721 3739 2893 3808; x_wconf 90' lang='lat' dir='ltr'><strong>major</strong></span> <span class='ocrx_word' id='word_1_532' title='bbox 2928 3741 3118 3796; x_wconf 88' lang='lat' dir='ltr'><strong>horum</strong></span> <span class='ocrx_word' id='word_1_533' title='bbox 3151 3756 3279 3812; x_wconf 88' lang='lat' dir='ltr'><strong>erga</strong></span> <span class='ocrx_word' id='word_1_534' title='bbox 3311 3754 3490 3796; x_wconf 80' lang='lat' dir='ltr'><strong>veram</strong></span> 
     </span>
    </p>
   </div>
   <div class='ocr_carea' id='block_1_75' title="bbox 1923 3829 2916 3901">
    <p class='ocr_par' dir='ltr' id='par_1_75' title="bbox 1923 3829 2916 3901">
     <span class='ocr_line' id='line_1_75' title="bbox 1923 3829 2916 3901; baseline 0 -16"><span class='ocrx_word' id='word_1_535' title='bbox 1923 3830 2238 3901; x_wconf 82' lang='lat' dir='ltr'><strong>religionem</strong></span> <span class='ocrx_word' id='word_1_536' title='bbox 2273 3829 2584 3884; x_wconf 86' lang='lat' dir='ltr'><strong>adversatio</strong></span> <span class='ocrx_word' id='word_1_537' title='bbox 2623 3831 2916 3886; x_wconf 84' lang='lat' dir='ltr'><strong>cernitur?</strong></span> 
     </span>
    </p>
   </div>
   <div class='ocr_carea' id='block_1_76' title="bbox 234 3916 3494 3996">
    <p class='ocr_par' dir='ltr' id='par_1_76' title="bbox 234 3916 3494 3996">
     <span class='ocr_line' id='line_1_76' title="bbox 234 3916 3494 3996; baseline -0.001 -21"><span class='ocrx_word' id='word_1_538' title='bbox 234 3922 544 3986; x_wconf 75' lang='grc' dir='ltr'>ἐϐιότευον;</span> <span class='ocrx_word' id='word_1_539' title='bbox 574 3916 686 3993; x_wconf 81' lang='grc' dir='ltr'><strong>ἀρα</strong></span> <span class='ocrx_word' id='word_1_540' title='bbox 714 3921 835 3991; x_wconf 84' lang='grc' dir='ltr'>οὑχῑ</span> <span class='ocrx_word' id='word_1_541' title='bbox 870 3920 980 3975; x_wconf 85' lang='grc' dir='ltr'><strong>τῶν</strong></span> <span class='ocrx_word' id='word_1_542' title='bbox 1008 3923 1295 3991; x_wconf 87' lang='grc' dir='ltr'>παρόντων</span> <span class='ocrx_word' id='word_1_543' title='bbox 1321 3921 1504 3976; x_wconf 87' lang='grc' dir='ltr'>πολλῶ</span> <span class='ocrx_word' id='word_1_544' title='bbox 1555 3923 1726 3996; x_wconf 84' lang='grc' dir='ltr'>χείρω</span> <span class='ocrx_word' id='word_1_545' title='bbox 1755 3939 1816 3975; x_wconf 87' lang='grc' dir='ltr'><strong>τε</strong></span> <span class='ocrx_word' id='word_1_546' title='bbox 1852 3922 1945 3976; x_wconf 76' lang='grc' dir='ltr'><strong>καί</strong></span> <span class='ocrx_word' id='word_1_547' title='bbox 2010 3919 2393 3992; x_wconf 86' lang='grc' dir='ltr'>χαλεπώτερα,</span> <span class='ocrx_word' id='word_1_548' title='bbox 2421 3919 2532 3990; x_wconf 86' lang='grc' dir='ltr'><strong>ὅσῳ</strong></span> <span class='ocrx_word' id='word_1_549' title='bbox 2567 3919 2664 3973; x_wconf 71' lang='grc' dir='ltr'>καὶ</span> <span class='ocrx_word' id='word_1_550' title='bbox 2725 3918 2930 3992; x_wconf 76' lang='grc' dir='ltr'>μείζων</span> <span class='ocrx_word' id='word_1_551' title='bbox 2965 3920 3202 3993; x_wconf 86' lang='grc' dir='ltr'>αὑτοῖςή</span> <span class='ocrx_word' id='word_1_552' title='bbox 3231 3920 3367 3992; x_wconf 81' lang='grc' dir='ltr'>ὑπὲρ</span> <span class='ocrx_word' id='word_1_553' title='bbox 3391 3917 3494 3991; x_wconf 82' lang='grc' dir='ltr'><strong>τῆς</strong></span> 
     </span>
    </p>
   </div>
   <div class='ocr_carea' id='block_1_77' title="bbox 235 4010 1182 4079">
    <p class='ocr_par' dir='ltr' id='par_1_77' title="bbox 235 4010 1182 4079">
     <span class='ocr_line' id='line_1_77' title="bbox 235 4010 1182 4079; baseline -0.001 -14"><span class='ocrx_word' id='word_1_554' title='bbox 235 4011 520 4075; x_wconf 77' lang='grc' dir='ltr'>εὐσεϐείας</span> <span class='ocrx_word' id='word_1_555' title='bbox 541 4010 794 4074; x_wconf 78' lang='grc' dir='ltr'>ἔνστασις</span> <span class='ocrx_word' id='word_1_556' title='bbox 824 4010 1182 4079; x_wconf 87' lang='grc' dir='ltr'>διεδείκνυτο;</span> 
     </span>
    </p>
   </div>
   <div class='ocr_carea' id='block_1_78' title="bbox 306 4102 1812 4174">
    <p class='ocr_par' dir='ltr' id='par_1_78' title="bbox 306 4102 1812 4172">
     <span class='ocr_line' id='line_1_78' title="bbox 306 4102 1812 4172; baseline -0.001 -13"><span class='ocrx_word' id='word_1_557' title='bbox 306 4105 404 4159; x_wconf 86' lang='grc' dir='ltr'>νδ’.</span> <span class='ocrx_word' id='word_1_558' title='bbox 451 4102 594 4157; x_wconf 81' lang='grc' dir='ltr'>Ἀλλ’</span> <span class='ocrx_word' id='word_1_559' title='bbox 623 4103 1062 4158; x_wconf 73' lang='grc' dir='ltr'>ὑποπλάττονται</span> <span class='ocrx_word' id='word_1_560' title='bbox 1092 4105 1192 4172; x_wconf 85' lang='grc' dir='ltr'>μὲν</span> <span class='ocrx_word' id='word_1_561' title='bbox 1214 4103 1313 4156; x_wconf 87' lang='grc' dir='ltr'><strong>οὑκ</strong></span> <span class='ocrx_word' id='word_1_562' title='bbox 1344 4103 1565 4158; x_wconf 80' lang='grc' dir='ltr'>ἀσεϐεῖν</span> <span class='ocrx_word' id='word_1_563' title='bbox 1584 4105 1664 4168; x_wconf 84' lang='grc' dir='ltr'><strong>εἰς</strong></span> <span class='ocrx_word' id='word_1_564' title='bbox 1690 4104 1812 4168; x_wconf 80' lang='grc' dir='ltr'>τοὺς</span> 
     </span>
    </p>
   </div>
   <div class='ocr_carea' id='block_1_79' title="bbox 1916 4102 3494 4174">
    <p class='ocr_par' dir='ltr' id='par_1_79' title="bbox 1969 4103 3494 4174">
     <span class='ocr_line' id='line_1_79' title="bbox 1969 4103 3494 4174; baseline 0.003 -14"><span class='ocrx_word' id='word_1_565' title='bbox 1969 4104 2058 4160; x_wconf 63' lang='lat'><strong>55.</strong></span> <span class='ocrx_word' id='word_1_566' title='bbox 2093 4103 2201 4162; x_wconf 87' lang='lat' dir='ltr'><strong>Sed</strong></span> <span class='ocrx_word' id='word_1_567' title='bbox 2231 4104 2378 4159; x_wconf 89' lang='lat' dir='ltr'><strong>enim</strong></span> <span class='ocrx_word' id='word_1_568' title='bbox 2420 4103 2683 4158; x_wconf 86' lang='lat' dir='ltr'><strong>simulant</strong></span> <span class='ocrx_word' id='word_1_569' title='bbox 2723 4115 2782 4158; x_wconf 89' lang='lat' dir='ltr'><strong>se</strong></span> <span class='ocrx_word' id='word_1_570' title='bbox 2819 4105 3086 4159; x_wconf 85' lang='lat' dir='ltr'><strong>adversus</strong></span> <span class='ocrx_word' id='word_1_571' title='bbox 3113 4105 3313 4174; x_wconf 89' lang='lat' dir='ltr'><strong>templa</strong></span> <span class='ocrx_word' id='word_1_572' title='bbox 3351 4107 3494 4164; x_wconf 85' lang='lat' dir='ltr'><strong>irrc-</strong></span> 
     </span>
    </p>
   </div>
   <div class='ocr_carea' id='block_1_80' title="bbox 237 4194 1812 4268">
    <p class='ocr_par' dir='ltr' id='par_1_80' title="bbox 237 4195 1812 4267">
     <span class='ocr_line' id='line_1_80' title="bbox 237 4195 1812 4267; baseline -0.001 -16"><span class='ocrx_word' id='word_1_573' title='bbox 237 4199 422 4261; x_wconf 81' lang='grc' dir='ltr'>ναοὺς,</span> <span class='ocrx_word' id='word_1_574' title='bbox 477 4195 941 4267; x_wconf 80' lang='grc' dir='ltr'>παραλογίξονται</span> <span class='ocrx_word' id='word_1_575' title='bbox 993 4195 1051 4249; x_wconf 81' lang='grc' dir='ltr'>δὲ</span> <span class='ocrx_word' id='word_1_576' title='bbox 1095 4195 1340 4260; x_wconf 79' lang='grc' dir='ltr'>ἑαυτοὺς,</span> <span class='ocrx_word' id='word_1_577' title='bbox 1397 4197 1672 4266; x_wconf 81' lang='grc' dir='ltr'>λέγοντες,</span> <span class='ocrx_word' id='word_1_578' title='bbox 1734 4197 1812 4251; x_wconf 88' lang='grc' dir='ltr'><strong>ὅτι</strong></span> 
     </span>
    </p>
   </div>
   <div class='ocr_carea' id='block_1_81' title="bbox 1916 4194 3495 4268">
    <p class='ocr_par' dir='ltr' id='par_1_81' title="bbox 1919 4194 3495 4268">
     <span class='ocr_line' id='line_1_81' title="bbox 1919 4194 3495 4268; baseline -0.001 -17"><span class='ocrx_word' id='word_1_579' title='bbox 1919 4196 2112 4268; x_wconf 87' lang='lat' dir='ltr'><strong>ligiose</strong></span> <span class='ocrx_word' id='word_1_580' title='bbox 2159 4211 2264 4251; x_wconf 91' lang='lat' dir='ltr'><strong>non</strong></span> <span class='ocrx_word' id='word_1_581' title='bbox 2311 4210 2500 4265; x_wconf 86' lang='lat' dir='ltr'><strong>agere;</strong></span> <span class='ocrx_word' id='word_1_582' title='bbox 2531 4195 2626 4251; x_wconf 89' lang='lat' dir='ltr'><strong>sed</strong></span> <span class='ocrx_word' id='word_1_583' title='bbox 2668 4195 2766 4264; x_wconf 88' lang='lat' dir='ltr'><strong>ipsi</strong></span> <span class='ocrx_word' id='word_1_584' title='bbox 2803 4195 2908 4250; x_wconf 85' lang='lat' dir='ltr'><strong>sibi</strong></span> <span class='ocrx_word' id='word_1_585' title='bbox 2935 4194 3114 4251; x_wconf 90' lang='lat' dir='ltr'><strong>fucum</strong></span> <span class='ocrx_word' id='word_1_586' title='bbox 3159 4195 3361 4252; x_wconf 90' lang='lat' dir='ltr'><strong>faciunt</strong></span> <span class='ocrx_word' id='word_1_587' title='bbox 3405 4201 3495 4251; x_wconf 55' lang='lat' dir='ltr'><strong>di.</strong></span> 
     </span>
    </p>
   </div>
   <div class='ocr_carea' id='block_1_82' title="bbox 244 4281 1812 4360">
    <p class='ocr_par' dir='ltr' id='par_1_82' title="bbox 244 4281 1812 4356">
     <span class='ocr_line' id='line_1_82' title="bbox 244 4281 1812 4356; baseline 0.001 -18"><span class='ocrx_word' id='word_1_588' title='bbox 244 4308 260 4338; x_wconf 82' lang='grc' dir='ltr'><strong>ι</strong></span> <span class='ocrx_word' id='word_1_589' title='bbox 275 4287 456 4356; x_wconf 74' lang='grc' dir='ltr'>’Ἃγιοί</span> <span class='ocrx_word' id='word_1_590' title='bbox 472 4287 610 4340; x_wconf 85' lang='grc' dir='ltr'>είσιν</span> <span class='ocrx_word' id='word_1_591' title='bbox 629 4281 800 4352; x_wconf 79' lang='grc' dir='ltr'>οῦτοι,</span> <span class='ocrx_word' id='word_1_592' title='bbox 814 4285 904 4340; x_wconf 89' lang='grc' dir='ltr'><strong>διά</strong></span> <span class='ocrx_word' id='word_1_593' title='bbox 918 4283 1018 4349; x_wconf 61' lang='grc' dir='ltr'>τὰς</span> <span class='ocrx_word' id='word_1_594' title='bbox 1036 4284 1368 4355; x_wconf 87' lang='grc' dir='ltr'>τελουμένας</span> <span class='ocrx_word' id='word_1_595' title='bbox 1385 4285 1594 4351; x_wconf 86' lang='grc' dir='ltr'>θυσίας,</span> <span class='ocrx_word' id='word_1_596' title='bbox 1612 4286 1812 4350; x_wconf 79' lang='grc' dir='ltr'>καὶτὰς</span> 
     </span>
    </p>
   </div>
   <div class='ocr_carea' id='block_1_83' title="bbox 1916 4281 3492 4360">
    <p class='ocr_par' dir='ltr' id='par_1_83' title="bbox 1920 4287 3492 4360">
     <span class='ocr_line' id='line_1_83' title="bbox 1920 4287 3492 4360; baseline 0 -16"><span class='ocrx_word' id='word_1_597' title='bbox 1920 4296 2111 4344; x_wconf 89' lang='lat' dir='ltr'><strong>centes</strong></span> <span class='ocrx_word' id='word_1_598' title='bbox 2143 4305 2157 4341; x_wconf 93' lang='lat'><strong>:</strong></span> <span class='ocrx_word' id='word_1_599' title='bbox 2195 4306 2214 4339; x_wconf 83' lang='grc' dir='ltr'><strong>ι</strong></span> <span class='ocrx_word' id='word_1_600' title='bbox 2252 4287 2360 4342; x_wconf 87' lang='lat' dir='ltr'><strong>ista</strong></span> <span class='ocrx_word' id='word_1_601' title='bbox 2397 4287 2613 4358; x_wconf 91' lang='lat' dir='ltr'><strong>quidem</strong></span> <span class='ocrx_word' id='word_1_602' title='bbox 2646 4296 2832 4342; x_wconf 87' lang='lat' dir='ltr'><strong>sancta</strong></span> <span class='ocrx_word' id='word_1_603' title='bbox 2865 4301 3009 4354; x_wconf 90' lang='lat' dir='ltr'><strong>esse,</strong></span> <span class='ocrx_word' id='word_1_604' title='bbox 3036 4289 3106 4344; x_wconf 94' lang='lat' dir='ltr'><strong>ob</strong></span> <span class='ocrx_word' id='word_1_605' title='bbox 3139 4288 3248 4344; x_wconf 93' lang='lat' dir='ltr'><strong>illic</strong></span> <span class='ocrx_word' id='word_1_606' title='bbox 3276 4299 3492 4360; x_wconf 78' lang='lat' dir='ltr'><strong>peracta</strong></span> 
     </span>
    </p>
   </div>
   <div class='ocr_carea' id='block_1_84' title="bbox 239 4377 1812 4452">
    <p class='ocr_par' dir='ltr' id='par_1_84' title="bbox 239 4377 1812 4449">
     <span class='ocr_line' id='line_1_84' title="bbox 239 4377 1812 4449; baseline 0.001 -17"><span class='ocrx_word' id='word_1_607' title='bbox 239 4379 392 4449; x_wconf 84' lang='grc' dir='ltr'>ίεράς</span> <span class='ocrx_word' id='word_1_608' title='bbox 410 4377 580 4448; x_wconf 85' lang='grc' dir='ltr'>εύχάς</span> <span class='ocrx_word' id='word_1_609' title='bbox 609 4378 707 4433; x_wconf 71' lang='grc' dir='ltr'>καὶ</span> <span class='ocrx_word' id='word_1_610' title='bbox 730 4377 1074 4448; x_wconf 84' lang='grc' dir='ltr'>ἐπικλήσεις,</span> <span class='ocrx_word' id='word_1_611' title='bbox 1091 4380 1193 4440; x_wconf 86' lang='grc' dir='ltr'>τὰς</span> <span class='ocrx_word' id='word_1_612' title='bbox 1220 4379 1313 4433; x_wconf 78' lang='grc' dir='ltr'><strong>ἐπὶ</strong></span> <span class='ocrx_word' id='word_1_613' title='bbox 1335 4379 1446 4432; x_wconf 88' lang='grc' dir='ltr'><strong>τῶν</strong></span> <span class='ocrx_word' id='word_1_614' title='bbox 1475 4378 1812 4448; x_wconf 78' lang='grc' dir='ltr'>ἐδραιὼσεων</span> 
     </span>
    </p>
   </div>
   <div class='ocr_carea' id='block_1_85' title="bbox 1916 4377 3494 4452">
    <p class='ocr_par' dir='ltr' id='par_1_85' title="bbox 1919 4378 3494 4452">
     <span class='ocr_line' id='line_1_85' title="bbox 1919 4378 3494 4452; baseline 0.001 -17"><span class='ocrx_word' id='word_1_615' title='bbox 1919 4378 2212 4443; x_wconf 81' lang='lat' dir='ltr'><strong>sacriﬁcia,</strong></span> <span class='ocrx_word' id='word_1_616' title='bbox 2239 4387 2294 4433; x_wconf 93' lang='lat' dir='ltr'><strong>et</strong></span> <span class='ocrx_word' id='word_1_617' title='bbox 2324 4393 2508 4434; x_wconf 88' lang='lat' dir='ltr'><strong>sacras</strong></span> <span class='ocrx_word' id='word_1_618' title='bbox 2540 4393 2729 4448; x_wconf 88' lang='lat' dir='ltr'><strong>preces</strong></span> <span class='ocrx_word' id='word_1_619' title='bbox 2752 4388 2914 4449; x_wconf 89' lang='lat' dir='ltr'><strong>atque</strong></span> <span class='ocrx_word' id='word_1_620' title='bbox 2942 4379 3338 4446; x_wconf 87' lang='lat' dir='ltr'><strong>invocationes,</strong></span> <span class='ocrx_word' id='word_1_621' title='bbox 3375 4398 3494 4452; x_wconf 78' lang='lat' dir='ltr'><strong>qua:</strong></span> 
     </span>
    </p>
   </div>
   <div class='ocr_carea' id='block_1_86' title="bbox 235 4468 1812 4544">
    <p class='ocr_par' dir='ltr' id='par_1_86' title="bbox 235 4468 1812 4544">
     <span class='ocr_line' id='line_1_86' title="bbox 235 4468 1812 4544; baseline 0 -20"><span class='ocrx_word' id='word_1_622' title='bbox 235 4472 414 4526; x_wconf 71' lang='grc' dir='ltr'>αὐτῶν</span> <span class='ocrx_word' id='word_1_623' title='bbox 443 4471 917 4544; x_wconf 78' lang='grc' dir='ltr'>ἱερολογουμένας.</span> <span class='ocrx_word' id='word_1_624' title='bbox 957 4491 977 4523; x_wconf 74' lang='grc' dir='ltr'><strong>ι</strong></span> <span class='ocrx_word' id='word_1_625' title='bbox 1006 4468 1138 4526; x_wconf 80' lang='grc' dir='ltr'>Είτα</span> <span class='ocrx_word' id='word_1_626' title='bbox 1167 4472 1285 4536; x_wconf 88' lang='grc' dir='ltr'><strong>πῶς</strong></span> <span class='ocrx_word' id='word_1_627' title='bbox 1315 4473 1416 4526; x_wconf 71' lang='grc' dir='ltr'>οὐκ</span> <span class='ocrx_word' id='word_1_628' title='bbox 1444 4473 1693 4526; x_wconf 89' lang='grc' dir='ltr'>ἀσύνετοι</span> <span class='ocrx_word' id='word_1_629' title='bbox 1722 4471 1812 4526; x_wconf 75' lang='grc' dir='ltr'><strong>καί</strong></span> 
     </span>
    </p>
   </div>
   <div class='ocr_carea' id='block_1_87' title="bbox 1916 4468 3497 4544">
    <p class='ocr_par' dir='ltr' id='par_1_87' title="bbox 1923 4469 3497 4542">
     <span class='ocr_line' id='line_1_87' title="bbox 1923 4469 3497 4542; baseline 0.003 -18"><span class='ocrx_word' id='word_1_630' title='bbox 1923 4470 1978 4524; x_wconf 93' lang='lat' dir='ltr'><strong>in</strong></span> <span class='ocrx_word' id='word_1_631' title='bbox 2023 4484 2210 4525; x_wconf 90' lang='lat' dir='ltr'><strong>eorum</strong></span> <span class='ocrx_word' id='word_1_632' title='bbox 2245 4469 2655 4525; x_wconf 88' lang='lat' dir='ltr'><strong>fundationibus</strong></span> <span class='ocrx_word' id='word_1_633' title='bbox 2693 4471 2849 4526; x_wconf 86' lang='lat' dir='ltr'><strong>llunt.</strong></span> <span class='ocrx_word' id='word_1_634' title='bbox 2885 4489 2904 4522; x_wconf 77' lang='grc' dir='ltr'><strong>ι</strong></span> <span class='ocrx_word' id='word_1_635' title='bbox 2941 4470 3107 4542; x_wconf 77' lang='lat' dir='ltr'><strong>Atqui</strong></span> <span class='ocrx_word' id='word_1_636' title='bbox 3146 4473 3332 4541; x_wconf 89' lang='lat' dir='ltr'><strong>quidni</strong></span> <span class='ocrx_word' id='word_1_637' title='bbox 3371 4484 3497 4529; x_wconf 82' lang='lat' dir='ltr'><strong>sunt</strong></span> 
     </span>
    </p>
   </div>
   <div class='ocr_carea' id='block_1_88' title="bbox 236 4564 1816 4636">
    <p class='ocr_par' dir='ltr' id='par_1_88' title="bbox 236 4564 1816 4636">
     <span class='ocr_line' id='line_1_88' title="bbox 236 4564 1816 4636; baseline 0.002 -20"><span class='ocrx_word' id='word_1_638' title='bbox 236 4565 585 4636; x_wconf 83' lang='grc' dir='ltr'>ἀπόπληκτοι</span> <span class='ocrx_word' id='word_1_639' title='bbox 616 4565 873 4634; x_wconf 84' lang='grc' dir='ltr'>πάμπαν,</span> <span class='ocrx_word' id='word_1_640' title='bbox 909 4564 972 4616; x_wconf 90' lang='grc' dir='ltr'><strong>οὑ</strong></span> <span class='ocrx_word' id='word_1_641' title='bbox 1014 4564 1288 4628; x_wconf 80' lang='grc' dir='ltr'>συνιέντες</span> <span class='ocrx_word' id='word_1_642' title='bbox 1321 4565 1398 4628; x_wconf 82' lang='grc' dir='ltr'><strong>ὡς</strong></span> <span class='ocrx_word' id='word_1_643' title='bbox 1425 4565 1548 4619; x_wconf 84' lang='grc' dir='ltr'>καθ’</span> <span class='ocrx_word' id='word_1_644' title='bbox 1577 4565 1698 4618; x_wconf 92' lang='grc' dir='ltr'>ὅλον</span> <span class='ocrx_word' id='word_1_645' title='bbox 1725 4564 1816 4619; x_wconf 82' lang='grc' dir='ltr'>τὸν</span> 
     </span>
    </p>
   </div>
   <div class='ocr_carea' id='block_1_89' title="bbox 237 4655 1815 4730">
    <p class='ocr_par' dir='ltr' id='par_1_89' title="bbox 237 4655 1815 4730">
     <span class='ocr_line' id='line_1_89' title="bbox 237 4655 1815 4730; baseline 0.001 -21"><span class='ocrx_word' id='word_1_646' title='bbox 237 4657 364 4710; x_wconf 80' lang='grc' dir='ltr'>ναὸν</span> <span class='ocrx_word' id='word_1_647' title='bbox 389 4655 487 4710; x_wconf 87' lang='grc' dir='ltr'><strong>τοῦ</strong></span> <span class='ocrx_word' id='word_1_648' title='bbox 521 4657 800 4728; x_wconf 83' lang='grc' dir='ltr'>ἀγίασμοῦ</span> <span class='ocrx_word' id='word_1_649' title='bbox 829 4657 1084 4728; x_wconf 76' lang='grc' dir='ltr'>διαφοιτᾷ</span> <span class='ocrx_word' id='word_1_650' title='bbox 1109 4659 1288 4728; x_wconf 86' lang='grc' dir='ltr'>χάρις,</span> <span class='ocrx_word' id='word_1_651' title='bbox 1324 4657 1419 4711; x_wconf 78' lang='grc' dir='ltr'>καὶ</span> <span class='ocrx_word' id='word_1_652' title='bbox 1448 4659 1482 4730; x_wconf 75' lang='grc' dir='ltr'><strong>ἡ</strong></span> <span class='ocrx_word' id='word_1_653' title='bbox 1525 4658 1620 4712; x_wconf 91' lang='grc' dir='ltr'><strong>τοῦ</strong></span> <span class='ocrx_word' id='word_1_654' title='bbox 1655 4659 1815 4727; x_wconf 90' lang='grc' dir='ltr'>ἀγίου</span> 
     </span>
    </p>
   </div>
   <div class='ocr_carea' id='block_1_90' title="bbox 238 4747 1814 4819">
    <p class='ocr_par' dir='ltr' id='par_1_90' title="bbox 238 4747 1814 4819">
     <span class='ocr_line' id='line_1_90' title="bbox 238 4747 1814 4819; baseline 0.003 -22"><span class='ocrx_word' id='word_1_655' title='bbox 238 4747 516 4816; x_wconf 83' lang='grc' dir='ltr'>παρουσία</span> <span class='ocrx_word' id='word_1_656' title='bbox 545 4747 894 4817; x_wconf 86' lang='grc' dir='ltr'>Πνεύματος;</span> <span class='ocrx_word' id='word_1_657' title='bbox 926 4747 987 4800; x_wconf 77' lang='grc' dir='ltr'>ού</span> <span class='ocrx_word' id='word_1_658' title='bbox 1020 4749 1128 4819; x_wconf 83' lang='grc' dir='ltr'><strong>γὰρ</strong></span> <span class='ocrx_word' id='word_1_659' title='bbox 1165 4750 1230 4802; x_wconf 80' lang='grc' dir='ltr'><strong>ἐκ</strong></span> <span class='ocrx_word' id='word_1_660' title='bbox 1275 4749 1473 4818; x_wconf 88' lang='grc' dir='ltr'>μέτρου</span> <span class='ocrx_word' id='word_1_661' title='bbox 1522 4748 1724 4803; x_wconf 88' lang='grc' dir='ltr'>δίδοται</span> <span class='ocrx_word' id='word_1_662' title='bbox 1755 4749 1814 4802; x_wconf 88' lang='grc' dir='ltr'>τὸ</span> 
     </span>
    </p>
   </div>
   <div class='ocr_carea' id='block_1_91' title="bbox 241 4836 1810 4911">
    <p class='ocr_par' dir='ltr' id='par_1_91' title="bbox 241 4836 1810 4911">
     <span class='ocr_line' id='line_1_91' title="bbox 241 4836 1810 4911; baseline 0.003 -23"><span class='ocrx_word' id='word_1_663' title='bbox 241 4836 480 4908; x_wconf 71' lang='grc' dir='ltr'>Πνεῦμαε</span> <span class='ocrx_word' id='word_1_664' title='bbox 513 4837 717 4891; x_wconf 78' lang='grc' dir='ltr'>οὐδὲτὸ</span> <span class='ocrx_word' id='word_1_665' title='bbox 739 4837 840 4908; x_wconf 82' lang='grc' dir='ltr'>μὲν</span> <span class='ocrx_word' id='word_1_666' title='bbox 867 4837 961 4890; x_wconf 91' lang='grc' dir='ltr'><strong>τοῦ</strong></span> <span class='ocrx_word' id='word_1_667' title='bbox 989 4839 1118 4891; x_wconf 83' lang='grc' dir='ltr'>ναοῦ</span> <span class='ocrx_word' id='word_1_668' title='bbox 1148 4837 1312 4909; x_wconf 76' lang='grc' dir='ltr'>μέρος</span> <span class='ocrx_word' id='word_1_669' title='bbox 1332 4838 1431 4910; x_wconf 76' lang='grc' dir='ltr'>τὴν</span> <span class='ocrx_word' id='word_1_670' title='bbox 1451 4841 1611 4910; x_wconf 83' lang='grc' dir='ltr'>χάριν</span> <span class='ocrx_word' id='word_1_671' title='bbox 1641 4857 1810 4911; x_wconf 87' lang='grc' dir='ltr'>προσ-</span> 
     </span>
    </p>
   </div>
   <div class='ocr_carea' id='block_1_92' title="bbox 238 4923 1816 5004">
    <p class='ocr_par' dir='ltr' id='par_1_92' title="bbox 238 4923 1816 5004">
     <span class='ocr_line' id='line_1_92' title="bbox 238 4923 1816 5004; baseline 0.003 -24"><span class='ocrx_word' id='word_1_672' title='bbox 238 4929 452 4996; x_wconf 86' lang='grc' dir='ltr'>ἀγεται,</span> <span class='ocrx_word' id='word_1_673' title='bbox 489 4929 554 4982; x_wconf 84' lang='grc' dir='ltr'>τὸ</span> <span class='ocrx_word' id='word_1_674' title='bbox 596 4928 655 4982; x_wconf 80' lang='grc' dir='ltr'>δὲ</span> <span class='ocrx_word' id='word_1_675' title='bbox 688 4929 893 4999; x_wconf 85' lang='grc' dir='ltr'>ταύτης</span> <span class='ocrx_word' id='word_1_676' title='bbox 927 4923 1369 5000; x_wconf 87' lang='grc' dir='ltr'>ἀπολιμπάνεται</span> <span class='ocrx_word' id='word_1_677' title='bbox 1395 4946 1408 4960; x_wconf 91' lang='grc'><strong>·</strong></span> <span class='ocrx_word' id='word_1_678' title='bbox 1446 4931 1478 5004; x_wconf 80' lang='grc' dir='ltr'>ἢ</span> <span class='ocrx_word' id='word_1_679' title='bbox 1537 4933 1646 5002; x_wconf 73' lang='grc' dir='ltr'><strong>γὰρ</strong></span> <span class='ocrx_word' id='word_1_680' title='bbox 1694 4932 1816 4995; x_wconf 82' lang='grc' dir='ltr'>ὅλος</span> 
     </span>
    </p>
   </div>
   <div class='ocr_carea' id='block_1_93' title="bbox 242 5019 1811 5092">
    <p class='ocr_par' dir='ltr' id='par_1_93' title="bbox 242 5019 1811 5092">
     <span class='ocr_line' id='line_1_93' title="bbox 242 5019 1811 5092; baseline 0.005 -24"><span class='ocrx_word' id='word_1_681' title='bbox 242 5019 386 5088; x_wconf 83' lang='grc' dir='ltr'>ἱερός</span> <span class='ocrx_word' id='word_1_682' title='bbox 416 5037 476 5072; x_wconf 87' lang='grc' dir='ltr'><strong>τε</strong></span> <span class='ocrx_word' id='word_1_683' title='bbox 494 5021 586 5073; x_wconf 74' lang='grc' dir='ltr'>καὶ</span> <span class='ocrx_word' id='word_1_684' title='bbox 616 5019 793 5088; x_wconf 80' lang='grc' dir='ltr'>ἅγιος,</span> <span class='ocrx_word' id='word_1_685' title='bbox 827 5020 860 5091; x_wconf 80' lang='grc' dir='ltr'>ἢ</span> <span class='ocrx_word' id='word_1_686' title='bbox 906 5019 1025 5084; x_wconf 90' lang='grc' dir='ltr'>ὅλος</span> <span class='ocrx_word' id='word_1_687' title='bbox 1055 5022 1256 5092; x_wconf 81' lang='grc' dir='ltr'>ἐναγής</span> <span class='ocrx_word' id='word_1_688' title='bbox 1279 5039 1336 5076; x_wconf 89' lang='grc' dir='ltr'><strong>τε</strong></span> <span class='ocrx_word' id='word_1_689' title='bbox 1368 5024 1462 5075; x_wconf 80' lang='grc' dir='ltr'>καὶ</span> <span class='ocrx_word' id='word_1_690' title='bbox 1483 5021 1811 5092; x_wconf 81' lang='grc' dir='ltr'>ἀκάθαρτος.</span> 
     </span>
    </p>
   </div>
   <div class='ocr_carea' id='block_1_94' title="bbox 252 5105 1814 5186">
    <p class='ocr_par' dir='ltr' id='par_1_94' title="bbox 252 5105 1814 5186">
     <span class='ocr_line' id='line_1_94' title="bbox 252 5105 1814 5186; baseline 0.005 -26"><span class='ocrx_word' id='word_1_691' title='bbox 252 5108 409 5162; x_wconf 84' lang='grc' dir='ltr'><strong>Ἀλλά</strong></span> <span class='ocrx_word' id='word_1_692' title='bbox 453 5109 517 5162; x_wconf 89' lang='grc' dir='ltr'><strong>σύ</strong></span> <span class='ocrx_word' id='word_1_693' title='bbox 549 5127 636 5179; x_wconf 85' lang='grc' dir='ltr'><strong>γε,</strong></span> <span class='ocrx_word' id='word_1_694' title='bbox 688 5105 733 5164; x_wconf 80' lang='grc' dir='ltr'><strong>ὦ</strong></span> <span class='ocrx_word' id='word_1_695' title='bbox 765 5109 1249 5184; x_wconf 81' lang='grc' dir='ltr'>φιλαπερίγραπτε</span> <span class='ocrx_word' id='word_1_696' title='bbox 1310 5115 1407 5167; x_wconf 73' lang='grc' dir='ltr'>καὶ</span> <span class='ocrx_word' id='word_1_697' title='bbox 1443 5115 1814 5186; x_wconf 78' lang='grc' dir='ltr'>μισόμαρτυς,</span> 
     </span>
    </p>
   </div>
   <div class='ocr_carea' id='block_1_95' title="bbox 241 5203 1814 5278">
    <p class='ocr_par' dir='ltr' id='par_1_95' title="bbox 241 5203 1814 5278">
     <span class='ocr_line' id='line_1_95' title="bbox 241 5203 1814 5278; baseline 0.006 -27"><span class='ocrx_word' id='word_1_698' title='bbox 241 5203 596 5272; x_wconf 84' lang='grc' dir='ltr'>περιγράφων</span> <span class='ocrx_word' id='word_1_699' title='bbox 615 5203 706 5256; x_wconf 85' lang='grc' dir='ltr'><strong>τὸν</strong></span> <span class='ocrx_word' id='word_1_700' title='bbox 736 5204 1027 5274; x_wconf 74' lang='grc' dir='ltr'>ἀγιασμὸν,</span> <span class='ocrx_word' id='word_1_701' title='bbox 1072 5205 1132 5257; x_wconf 87' lang='grc' dir='ltr'>τὸ</span> <span class='ocrx_word' id='word_1_702' title='bbox 1165 5206 1274 5259; x_wconf 81' lang='grc' dir='ltr'><strong>πᾶν</strong></span> <span class='ocrx_word' id='word_1_703' title='bbox 1305 5206 1627 5278; x_wconf 84' lang='grc' dir='ltr'>ἀποστερεῖς</span> <span class='ocrx_word' id='word_1_704' title='bbox 1650 5207 1814 5276; x_wconf 84' lang='grc' dir='ltr'>ἀνοή-</span> 
     </span>
    </p>
   </div>
   <div class='ocr_carea' id='block_1_96' title="bbox 243 5287 1815 5370">
    <p class='ocr_par' dir='ltr' id='par_1_96' title="bbox 243 5287 1815 5370">
     <span class='ocr_line' id='line_1_96' title="bbox 243 5287 1815 5370; baseline 0.004 -27"><span class='ocrx_word' id='word_1_705' title='bbox 243 5309 367 5360; x_wconf 85' lang='grc' dir='ltr'>τως,</span> <span class='ocrx_word' id='word_1_706' title='bbox 398 5287 445 5360; x_wconf 80' lang='grc' dir='ltr'>ᾧ</span> <span class='ocrx_word' id='word_1_707' title='bbox 484 5294 546 5348; x_wconf 84' lang='grc' dir='ltr'>τὸ</span> <span class='ocrx_word' id='word_1_708' title='bbox 576 5295 760 5361; x_wconf 85' lang='grc' dir='ltr'>πλέον,</span> <span class='ocrx_word' id='word_1_709' title='bbox 811 5299 860 5350; x_wconf 82' lang='grc' dir='ltr'>εἰ</span> <span class='ocrx_word' id='word_1_710' title='bbox 888 5298 993 5370; x_wconf 79' lang='grc' dir='ltr'>χρὴ</span> <span class='ocrx_word' id='word_1_711' title='bbox 1045 5299 1570 5370; x_wconf 76' lang='grc' dir='ltr'>παρῤησιασάμενον</span> <span class='ocrx_word' id='word_1_712' title='bbox 1618 5301 1815 5362; x_wconf 77' lang='grc' dir='ltr'>εἰπεῖν,</span> 
     </span>
    </p>
   </div>
   <div class='ocr_carea' id='block_1_97' title="bbox 245 5388 1816 5464">
    <p class='ocr_par' dir='ltr' id='par_1_97' title="bbox 245 5388 1816 5464">
     <span class='ocr_line' id='line_1_97' title="bbox 245 5388 1816 5464; baseline 0.005 -28"><span class='ocrx_word' id='word_1_713' title='bbox 245 5388 556 5455; x_wconf 80' lang='grc' dir='ltr'>πρόσεστιν,</span> <span class='ocrx_word' id='word_1_714' title='bbox 591 5389 994 5462; x_wconf 76' lang='grc' dir='ltr'>ὑφαιρούμενος</span> <span class='ocrx_word' id='word_1_715' title='bbox 1015 5407 1030 5422; x_wconf 84' lang='lat'><strong><em>°</em></strong></span> <span class='ocrx_word' id='word_1_716' title='bbox 1080 5393 1269 5464; x_wconf 77' lang='grc' dir='ltr'>ἐπειδὴ</span> <span class='ocrx_word' id='word_1_717' title='bbox 1313 5392 1486 5447; x_wconf 87' lang='grc' dir='ltr'>ταῦτα</span> <span class='ocrx_word' id='word_1_718' title='bbox 1511 5394 1606 5445; x_wconf 74' lang='grc' dir='ltr'>καὶ</span> <span class='ocrx_word' id='word_1_719' title='bbox 1639 5391 1816 5455; x_wconf 81' lang='grc' dir='ltr'>ἄλλως</span> 
     </span>
    </p>
   </div>
   <div class='ocr_carea' id='block_1_98' title="bbox 249 5477 1816 5553">
    <p class='ocr_par' dir='ltr' id='par_1_98' title="bbox 249 5477 1816 5553">
     <span class='ocr_line' id='line_1_98' title="bbox 249 5477 1816 5553; baseline 0.005 -27"><span class='ocrx_word' id='word_1_720' title='bbox 249 5477 532 5548; x_wconf 69' lang='grc' dir='ltr'>μετέχουσι</span> <span class='ocrx_word' id='word_1_721' title='bbox 591 5481 811 5553; x_wconf 84' lang='grc' dir='ltr'>χάριτος</span> <span class='ocrx_word' id='word_1_722' title='bbox 841 5497 856 5513; x_wconf 85' lang='grc'>⁶</span> <span class='ocrx_word' id='word_1_723' title='bbox 889 5481 1080 5553; x_wconf 83' lang='grc' dir='ltr'>ὥσπερ</span> <span class='ocrx_word' id='word_1_724' title='bbox 1123 5483 1231 5553; x_wconf 82' lang='grc' dir='ltr'><strong>γὰρ</strong></span> <span class='ocrx_word' id='word_1_725' title='bbox 1275 5483 1326 5535; x_wconf 81' lang='lat' dir='ltr'><strong>oi</strong></span> <span class='ocrx_word' id='word_1_726' title='bbox 1387 5484 1505 5537; x_wconf 74' lang='grc' dir='ltr'>ναοὶ</span> <span class='ocrx_word' id='word_1_727' title='bbox 1550 5481 1650 5553; x_wconf 76' lang='grc' dir='ltr'>τὴν</span> <span class='ocrx_word' id='word_1_728' title='bbox 1705 5482 1816 5534; x_wconf 83' lang='grc' dir='ltr'>τῶν</span> 
     </span>
    </p>
   </div>
   <div class='ocr_carea' id='block_1_99' title="bbox 245 5564 1817 5643">
    <p class='ocr_par' dir='ltr' id='par_1_99' title="bbox 245 5564 1817 5643">
     <span class='ocr_line' id='line_1_99' title="bbox 245 5564 1817 5643; baseline 0.004 -23"><span class='ocrx_word' id='word_1_729' title='bbox 245 5564 410 5632; x_wconf 83' lang='grc' dir='ltr'>ἁγίων</span> <span class='ocrx_word' id='word_1_730' title='bbox 461 5571 782 5643; x_wconf 77' lang='grc' dir='ltr'>ἐπωνυμίαν</span> <span class='ocrx_word' id='word_1_731' title='bbox 830 5573 1097 5643; x_wconf 83' lang='grc' dir='ltr'>δέχονται,</span> <span class='ocrx_word' id='word_1_732' title='bbox 1155 5572 1302 5627; x_wconf 76' lang='grc' dir='ltr'>οὕτω</span> <span class='ocrx_word' id='word_1_733' title='bbox 1351 5574 1448 5627; x_wconf 76' lang='grc' dir='ltr'>καὶ</span> <span class='ocrx_word' id='word_1_734' title='bbox 1493 5575 1562 5628; x_wconf 82' lang='grc' dir='ltr'><strong>τά</strong></span> <span class='ocrx_word' id='word_1_735' title='bbox 1611 5573 1817 5627; x_wconf 88' lang='grc' dir='ltr'>τούτων</span> 
     </span>
    </p>
   </div>
   <div class='ocr_carea' id='block_1_100' title="bbox 243 5653 1816 5738">
    <p class='ocr_par' dir='ltr' id='par_1_100' title="bbox 243 5653 1816 5738">
     <span class='ocr_line' id='line_1_100' title="bbox 243 5653 1816 5738; baseline 0.006 -29"><span class='ocrx_word' id='word_1_736' title='bbox 243 5653 700 5734; x_wconf 82' lang='grc' dir='ltr'>ἀπεικονίσματα,</span> <span class='ocrx_word' id='word_1_737' title='bbox 725 5664 823 5737; x_wconf 78' lang='grc' dir='ltr'>τὴν</span> <span class='ocrx_word' id='word_1_738' title='bbox 858 5665 1048 5738; x_wconf 80' lang='grc' dir='ltr'>κλῆσιν</span> <span class='ocrx_word' id='word_1_739' title='bbox 1088 5667 1270 5719; x_wconf 86' lang='grc' dir='ltr'>αὑτῶν</span> <span class='ocrx_word' id='word_1_740' title='bbox 1316 5666 1401 5720; x_wconf 74' lang='grc' dir='ltr'>διὰ</span> <span class='ocrx_word' id='word_1_741' title='bbox 1452 5667 1546 5737; x_wconf 78' lang='grc' dir='ltr'>τῆς</span> <span class='ocrx_word' id='word_1_742' title='bbox 1586 5668 1816 5736; x_wconf 80' lang='grc' dir='ltr'>ἐπιγρα-</span> 
     </span>
    </p>
   </div>
   <div class='ocr_carea' id='block_1_101' title="bbox 317 5814 1329 5892">
    <p class='ocr_par' dir='ltr' id='par_1_101' title="bbox 317 5814 1329 5892">
     <span class='ocr_line' id='line_1_101' title="bbox 317 5814 1329 5892; baseline 0.009 -23"><span class='ocrx_word' id='word_1_743' title='bbox 317 5814 361 5848; x_wconf 88' lang='grc'><strong>¹⁸</strong></span> <span class='ocrx_word' id='word_1_744' title='bbox 397 5817 580 5892; x_wconf 77' lang='lat' dir='ltr'><strong>lReg.</strong></span> <span class='ocrx_word' id='word_1_745' title='bbox 617 5838 674 5890; x_wconf 87' lang='grc' dir='ltr'><strong>ιι,</strong></span> <span class='ocrx_word' id='word_1_746' title='bbox 699 5823 788 5878; x_wconf 77' lang='lat'><strong>&#39;50.</strong></span> <span class='ocrx_word' id='word_1_747' title='bbox 868 5823 910 5855; x_wconf 89' lang='grc'><strong>¹³</strong></span> <span class='ocrx_word' id='word_1_748' title='bbox 939 5821 1092 5879; x_wconf 82' lang='lat' dir='ltr'><strong>Joan.</strong></span> <span class='ocrx_word' id='word_1_749' title='bbox 1123 5840 1206 5892; x_wconf 88' lang='grc' dir='ltr'>ιιι,</span> <span class='ocrx_word' id='word_1_750' title='bbox 1242 5823 1329 5878; x_wconf 71' lang='grc' dir='ltr'><strong>δι.</strong></span> 
     </span>
    </p>
   </div>
   <div class='ocr_carea' id='block_1_102' title="bbox 1923 4559 3494 4634">
    <p class='ocr_par' dir='ltr' id='par_1_102' title="bbox 1923 4559 3494 4634">
     <span class='ocr_line' id='line_1_102' title="bbox 1923 4559 3494 4634; baseline 0.003 -20"><span class='ocrx_word' id='word_1_751' title='bbox 1923 4559 2056 4615; x_wconf 91' lang='lat' dir='ltr'><strong>fatui</strong></span> <span class='ocrx_word' id='word_1_752' title='bbox 2091 4561 2382 4631; x_wconf 89' lang='lat' dir='ltr'><strong>stolidique</strong></span> <span class='ocrx_word' id='word_1_753' title='bbox 2407 4562 2654 4627; x_wconf 91' lang='lat' dir='ltr'><strong>omnino,</strong></span> <span class='ocrx_word' id='word_1_754' title='bbox 2691 4577 2816 4617; x_wconf 90' lang='lat' dir='ltr'><strong>cum</strong></span> <span class='ocrx_word' id='word_1_755' title='bbox 2855 4578 2960 4617; x_wconf 90' lang='lat' dir='ltr'><strong>non</strong></span> <span class='ocrx_word' id='word_1_756' title='bbox 3004 4565 3311 4634; x_wconf 88' lang='lat' dir='ltr'><strong>intelligant</strong></span> <span class='ocrx_word' id='word_1_757' title='bbox 3365 4582 3494 4619; x_wconf 80' lang='lat' dir='ltr'><strong>sau-</strong></span> 
     </span>
    </p>
   </div>
   <div class='ocr_carea' id='block_1_103' title="bbox 1924 4652 3494 4724">
    <p class='ocr_par' dir='ltr' id='par_1_103' title="bbox 1924 4652 3494 4724">
     <span class='ocr_line' id='line_1_103' title="bbox 1924 4652 3494 4724; baseline 0 -16"><span class='ocrx_word' id='word_1_758' title='bbox 1924 4652 2275 4708; x_wconf 83' lang='lat' dir='ltr'><strong>ctiﬁcationis</strong></span> <span class='ocrx_word' id='word_1_759' title='bbox 2300 4654 2530 4722; x_wconf 75' lang='lat' dir='ltr'><strong>gratiam</strong></span> <span class='ocrx_word' id='word_1_760' title='bbox 2565 4654 2848 4722; x_wconf 90' lang='lat' dir='ltr'><strong>sanctique</strong></span> <span class='ocrx_word' id='word_1_761' title='bbox 2876 4652 3114 4723; x_wconf 91' lang='lat' dir='ltr'><strong>Spiritus</strong></span> <span class='ocrx_word' id='word_1_762' title='bbox 3149 4656 3494 4724; x_wconf 70' lang='lat' dir='ltr'><strong>praesentiam</strong></span> 
     </span>
    </p>
   </div>
   <div class='ocr_carea' id='block_1_104' title="bbox 1847 4731 3497 4814">
    <p class='ocr_par' dir='ltr' id='par_1_104' title="bbox 1847 4731 3497 4814">
     <span class='ocr_line' id='line_1_104' title="bbox 1847 4731 3497 4814; baseline 0.002 -17"><span class='ocrx_word' id='word_1_763' title='bbox 1847 4731 1892 4786; x_wconf 81' lang='grc' dir='ltr'><strong>ῐ)</strong></span> <span class='ocrx_word' id='word_1_764' title='bbox 1922 4744 1989 4798; x_wconf 89' lang='lat' dir='ltr'><strong>ad</strong></span> <span class='ocrx_word' id='word_1_765' title='bbox 2019 4753 2190 4798; x_wconf 89' lang='lat' dir='ltr'><strong>totum</strong></span> <span class='ocrx_word' id='word_1_766' title='bbox 2226 4743 2480 4814; x_wconf 87' lang='lat' dir='ltr'><strong>templum</strong></span> <span class='ocrx_word' id='word_1_767' title='bbox 2515 4744 2823 4814; x_wconf 79' lang='lat' dir='ltr'><strong>pertinere?</strong></span> <span class='ocrx_word' id='word_1_768' title='bbox 2851 4759 3026 4814; x_wconf 90' lang='lat' dir='ltr'><strong>neque</strong></span> <span class='ocrx_word' id='word_1_769' title='bbox 3054 4748 3199 4800; x_wconf 92' lang='lat' dir='ltr'><strong>enim</strong></span> <span class='ocrx_word' id='word_1_770' title='bbox 3240 4749 3306 4802; x_wconf 90' lang='lat' dir='ltr'><strong>ad</strong></span> <span class='ocrx_word' id='word_1_771' title='bbox 3348 4762 3497 4802; x_wconf 87' lang='lat' dir='ltr'><strong>men-</strong></span> 
     </span>
    </p>
   </div>
   <div class='ocr_carea' id='block_1_105' title="bbox 1922 4835 3495 4908">
    <p class='ocr_par' dir='ltr' id='par_1_105' title="bbox 1922 4835 3495 4908">
     <span class='ocr_line' id='line_1_105' title="bbox 1922 4835 3495 4908; baseline 0.001 -17"><span class='ocrx_word' id='word_1_772' title='bbox 1922 4850 2104 4892; x_wconf 87' lang='lat' dir='ltr'><strong>suram</strong></span> <span class='ocrx_word' id='word_1_773' title='bbox 2140 4835 2302 4889; x_wconf 89' lang='lat' dir='ltr'><strong>datur</strong></span> <span class='ocrx_word' id='word_1_774' title='bbox 2337 4835 2668 4904; x_wconf 78' lang='lat' dir='ltr'><strong>Spiritus“;</strong></span> <span class='ocrx_word' id='word_1_775' title='bbox 2701 4851 2876 4906; x_wconf 89' lang='lat' dir='ltr'><strong>neque</strong></span> <span class='ocrx_word' id='word_1_776' title='bbox 2906 4853 3030 4905; x_wconf 90' lang='lat' dir='ltr'><strong>pars</strong></span> <span class='ocrx_word' id='word_1_777' title='bbox 3055 4839 3274 4907; x_wconf 86' lang='lat' dir='ltr'><strong>quidem</strong></span> <span class='ocrx_word' id='word_1_778' title='bbox 3309 4840 3495 4908; x_wconf 87' lang='lat' dir='ltr'><strong>templi</strong></span> 
     </span>
    </p>
   </div>
   <div class='ocr_carea' id='block_1_106' title="bbox 1920 4927 3490 5000">
    <p class='ocr_par' dir='ltr' id='par_1_106' title="bbox 1920 4927 3490 5000">
     <span class='ocr_line' id='line_1_106' title="bbox 1920 4927 3490 5000; baseline 0.002 -17"><span class='ocrx_word' id='word_1_779' title='bbox 1920 4929 2096 5000; x_wconf 85' lang='lat' dir='ltr'><strong>gratia</strong></span> <span class='ocrx_word' id='word_1_780' title='bbox 2145 4927 2423 4993; x_wconf 89' lang='lat' dir='ltr'><strong>imbuitur,</strong></span> <span class='ocrx_word' id='word_1_781' title='bbox 2456 4942 2580 4998; x_wconf 88' lang='lat' dir='ltr'><strong>pars</strong></span> <span class='ocrx_word' id='word_1_782' title='bbox 2624 4938 2801 4983; x_wconf 88' lang='lat' dir='ltr'><strong>autem</strong></span> <span class='ocrx_word' id='word_1_783' title='bbox 2831 4929 2931 4984; x_wconf 84' lang='lat' dir='ltr'><strong>hac</strong></span> <span class='ocrx_word' id='word_1_784' title='bbox 2965 4930 3303 4986; x_wconf 90' lang='lat' dir='ltr'><strong>destituitur.</strong></span> <span class='ocrx_word' id='word_1_785' title='bbox 3356 4931 3490 4986; x_wconf 86' lang='lat' dir='ltr'><strong>Nam</strong></span> 
     </span>
    </p>
   </div>
   <div class='ocr_carea' id='block_1_107' title="bbox 1921 5023 3495 5093">
    <p class='ocr_par' dir='ltr' id='par_1_107' title="bbox 1921 5023 3495 5093">
     <span class='ocr_line' id='line_1_107' title="bbox 1921 5023 3495 5093; baseline 0.002 -21"><span class='ocrx_word' id='word_1_786' title='bbox 1921 5023 2005 5075; x_wconf 89' lang='lat' dir='ltr'><strong>vel</strong></span> <span class='ocrx_word' id='word_1_787' title='bbox 2042 5028 2211 5074; x_wconf 91' lang='lat' dir='ltr'><strong>totum</strong></span> <span class='ocrx_word' id='word_1_788' title='bbox 2264 5034 2480 5074; x_wconf 90' lang='lat' dir='ltr'><strong>sacrum</strong></span> <span class='ocrx_word' id='word_1_789' title='bbox 2513 5029 2596 5074; x_wconf 91' lang='lat' dir='ltr'><strong>est</strong></span> <span class='ocrx_word' id='word_1_790' title='bbox 2649 5029 2704 5074; x_wconf 89' lang='lat' dir='ltr'><strong>et</strong></span> <span class='ocrx_word' id='word_1_791' title='bbox 2743 5030 3028 5088; x_wconf 89' lang='lat' dir='ltr'><strong>sanctum,</strong></span> <span class='ocrx_word' id='word_1_792' title='bbox 3078 5023 3161 5078; x_wconf 88' lang='lat' dir='ltr'><strong>vel</strong></span> <span class='ocrx_word' id='word_1_793' title='bbox 3210 5024 3495 5093; x_wconf 88' lang='lat' dir='ltr'><strong>profanum</strong></span> 
     </span>
    </p>
   </div>
   <div class='ocr_carea' id='block_1_108' title="bbox 1924 5111 3494 5184">
    <p class='ocr_par' dir='ltr' id='par_1_108' title="bbox 1924 5111 3494 5184">
     <span class='ocr_line' id='line_1_108' title="bbox 1924 5111 3494 5184; baseline -0.001 -15"><span class='ocrx_word' id='word_1_794' title='bbox 1924 5121 2094 5169; x_wconf 92' lang='lat' dir='ltr'><strong>totum</strong></span> <span class='ocrx_word' id='word_1_795' title='bbox 2125 5119 2291 5181; x_wconf 89' lang='lat' dir='ltr'><strong>atque</strong></span> <span class='ocrx_word' id='word_1_796' title='bbox 2318 5111 2600 5181; x_wconf 90' lang='lat' dir='ltr'><strong>pollutum.</strong></span> <span class='ocrx_word' id='word_1_797' title='bbox 2632 5113 2700 5168; x_wconf 77' lang='lat' dir='ltr'><strong>At</strong></span> <span class='ocrx_word' id='word_1_798' title='bbox 2726 5121 2803 5176; x_wconf 94' lang='lat' dir='ltr'><strong>tu,</strong></span> <span class='ocrx_word' id='word_1_799' title='bbox 2844 5114 2935 5184; x_wconf 90' lang='lat' dir='ltr'><strong>qui</strong></span> <span class='ocrx_word' id='word_1_800' title='bbox 2964 5113 3494 5183; x_wconf 89' lang='lat' dir='ltr'><strong>incircumscriptum</strong></span> 
     </span>
    </p>
   </div>
   <div class='ocr_carea' id='block_1_109' title="bbox 1925 5205 3500 5275">
    <p class='ocr_par' dir='ltr' id='par_1_109' title="bbox 1925 5205 3500 5275">
     <span class='ocr_line' id='line_1_109' title="bbox 1925 5205 3500 5275; baseline 0 -15"><span class='ocrx_word' id='word_1_801' title='bbox 1925 5221 2096 5270; x_wconf 87' lang='lat' dir='ltr'><strong>amas,</strong></span> <span class='ocrx_word' id='word_1_802' title='bbox 2143 5213 2199 5259; x_wconf 88' lang='lat' dir='ltr'><strong>et</strong></span> <span class='ocrx_word' id='word_1_803' title='bbox 2248 5215 2518 5275; x_wconf 84' lang='lat' dir='ltr'><strong>martyres</strong></span> <span class='ocrx_word' id='word_1_804' title='bbox 2545 5205 2671 5260; x_wconf 95' lang='lat' dir='ltr'><strong>odio</strong></span> <span class='ocrx_word' id='word_1_805' title='bbox 2705 5205 2894 5272; x_wconf 88' lang='lat' dir='ltr'><strong>habes,</strong></span> <span class='ocrx_word' id='word_1_806' title='bbox 2942 5208 3067 5260; x_wconf 91' lang='lat' dir='ltr'><strong>dum</strong></span> <span class='ocrx_word' id='word_1_807' title='bbox 3101 5205 3500 5260; x_wconf 82' lang='lat' dir='ltr'><strong>sanctificatio-</strong></span> 
     </span>
    </p>
   </div>
   <div class='ocr_carea' id='block_1_110' title="bbox 1926 5294 3495 5366">
    <p class='ocr_par' dir='ltr' id='par_1_110' title="bbox 1926 5294 3495 5366">
     <span class='ocr_line' id='line_1_110' title="bbox 1926 5294 3495 5366; baseline -0.002 -16"><span class='ocrx_word' id='word_1_808' title='bbox 1926 5310 2048 5350; x_wconf 92' lang='lat' dir='ltr'><strong>nem</strong></span> <span class='ocrx_word' id='word_1_809' title='bbox 2087 5295 2516 5363; x_wconf 87' lang='lat' dir='ltr'><strong>circumscribis,</strong></span> <span class='ocrx_word' id='word_1_810' title='bbox 2553 5311 2668 5351; x_wconf 90' lang='lat' dir='ltr'><strong>rem</strong></span> <span class='ocrx_word' id='word_1_811' title='bbox 2712 5305 2878 5352; x_wconf 88' lang='lat' dir='ltr'><strong>totam</strong></span> <span class='ocrx_word' id='word_1_812' title='bbox 2925 5296 3254 5366; x_wconf 88' lang='lat' dir='ltr'><strong>insipienter</strong></span> <span class='ocrx_word' id='word_1_813' title='bbox 3287 5294 3495 5359; x_wconf 82' lang='lat' dir='ltr'><strong>aufers,</strong></span> 
     </span>
    </p>
   </div>
   <div class='ocr_carea' id='block_1_111' title="bbox 1924 5385 3494 5457">
    <p class='ocr_par' dir='ltr' id='par_1_111' title="bbox 1924 5385 3494 5457">
     <span class='ocr_line' id='line_1_111' title="bbox 1924 5385 3494 5457; baseline -0.003 -14"><span class='ocrx_word' id='word_1_814' title='bbox 1924 5390 2050 5457; x_wconf 88' lang='lat' dir='ltr'><strong>quia</strong></span> <span class='ocrx_word' id='word_1_815' title='bbox 2102 5388 2188 5442; x_wconf 90' lang='lat' dir='ltr'><strong>cui</strong></span> <span class='ocrx_word' id='word_1_816' title='bbox 2240 5387 2362 5457; x_wconf 85' lang='lat' dir='ltr'><strong>plus</strong></span> <span class='ocrx_word' id='word_1_817' title='bbox 2413 5388 2591 5453; x_wconf 87' lang='lat' dir='ltr'><strong>inest,</strong></span> <span class='ocrx_word' id='word_1_818' title='bbox 2647 5387 2694 5442; x_wconf 82' lang='lat' dir='ltr'><strong>si</strong></span> <span class='ocrx_word' id='word_1_819' title='bbox 2727 5387 3067 5443; x_wconf 82' lang='lat' dir='ltr'><strong>confidenter</strong></span> <span class='ocrx_word' id='word_1_820' title='bbox 3097 5387 3281 5441; x_wconf 85' lang='lat' dir='ltr'><strong>dicere</strong></span> <span class='ocrx_word' id='word_1_821' title='bbox 3329 5385 3494 5448; x_wconf 78' lang='lat' dir='ltr'><strong>licet,</strong></span> 
     </span>
    </p>
   </div>
   <div class='ocr_carea' id='block_1_112' title="bbox 1924 5475 3494 5550">
    <p class='ocr_par' dir='ltr' id='par_1_112' title="bbox 1924 5475 3494 5550">
     <span class='ocr_line' id='line_1_112' title="bbox 1924 5475 3494 5550; baseline -0.004 -13"><span class='ocrx_word' id='word_1_822' title='bbox 1924 5480 2237 5546; x_wconf 87' lang='lat' dir='ltr'><strong>subtrahis;</strong></span> <span class='ocrx_word' id='word_1_823' title='bbox 2297 5480 2552 5550; x_wconf 90' lang='lat' dir='ltr'><strong>quoniam</strong></span> <span class='ocrx_word' id='word_1_824' title='bbox 2606 5479 2722 5536; x_wconf 67' lang='lat' dir='ltr'><strong>haec</strong></span> <span class='ocrx_word' id='word_1_825' title='bbox 2771 5479 2990 5533; x_wconf 89' lang='lat' dir='ltr'><strong>aliunde</strong></span> <span class='ocrx_word' id='word_1_826' title='bbox 3043 5477 3208 5532; x_wconf 91' lang='lat' dir='ltr'><strong>etiam</strong></span> <span class='ocrx_word' id='word_1_827' title='bbox 3260 5475 3494 5545; x_wconf 84' lang='lat' dir='ltr'><strong>gratiam</strong></span> 
     </span>
    </p>
   </div>
   <div class='ocr_carea' id='block_1_113' title="bbox 1925 5566 3500 5642">
    <p class='ocr_par' dir='ltr' id='par_1_113' title="bbox 1925 5566 3500 5642">
     <span class='ocr_line' id='line_1_113' title="bbox 1925 5566 3500 5642; baseline -0.003 -18"><span class='ocrx_word' id='word_1_828' title='bbox 1925 5571 2276 5642; x_wconf 83' lang='lat' dir='ltr'><strong>participant.</strong></span> <span class='ocrx_word' id='word_1_829' title='bbox 2320 5569 2454 5626; x_wconf 84' lang='lat' dir='ltr'><strong>Nam</strong></span> <span class='ocrx_word' id='word_1_830' title='bbox 2489 5571 2630 5627; x_wconf 91' lang='lat' dir='ltr'><strong>sicut</strong></span> <span class='ocrx_word' id='word_1_831' title='bbox 2661 5570 2859 5641; x_wconf 89' lang='lat' dir='ltr'><strong>templa</strong></span> <span class='ocrx_word' id='word_1_832' title='bbox 2898 5585 2926 5624; x_wconf 90' lang='lat' dir='ltr'><strong>a</strong></span> <span class='ocrx_word' id='word_1_833' title='bbox 2958 5568 3168 5624; x_wconf 89' lang='lat' dir='ltr'><strong>sanctis</strong></span> <span class='ocrx_word' id='word_1_834' title='bbox 3206 5566 3368 5622; x_wconf 91' lang='lat' dir='ltr'><strong>rebus</strong></span> <span class='ocrx_word' id='word_1_835' title='bbox 3402 5581 3500 5634; x_wconf 82' lang='lat' dir='ltr'><strong>ap-</strong></span> 
     </span>
    </p>
   </div>
   <div class='ocr_carea' id='block_1_114' title="bbox 1926 5657 3496 5733">
    <p class='ocr_par' dir='ltr' id='par_1_114' title="bbox 1926 5657 3496 5733">
     <span class='ocr_line' id='line_1_114' title="bbox 1926 5657 3496 5733; baseline -0.001 -15"><span class='ocrx_word' id='word_1_836' title='bbox 1926 5663 2270 5733; x_wconf 79' lang='lat' dir='ltr'><strong>pellationem</strong></span> <span class='ocrx_word' id='word_1_837' title='bbox 2314 5661 2606 5732; x_wconf 79' lang='lat' dir='ltr'><strong>accipiunt,</strong></span> <span class='ocrx_word' id='word_1_838' title='bbox 2638 5660 2710 5716; x_wconf 86' lang='lat' dir='ltr'><strong>ita</strong></span> <span class='ocrx_word' id='word_1_839' title='bbox 2743 5669 2796 5718; x_wconf 92' lang='lat' dir='ltr'><strong>et</strong></span> <span class='ocrx_word' id='word_1_840' title='bbox 2840 5669 3154 5716; x_wconf 87' lang='lat' dir='ltr'><strong>sanctorum</strong></span> <span class='ocrx_word' id='word_1_841' title='bbox 3200 5657 3496 5716; x_wconf 89' lang='lat' dir='ltr'><strong>simulacra</strong></span> 
     </span>
    </p>
   </div>
  </div>
