4072 6324
332 436 437 506 481

1042 437 1671 500 ANTIRRHETICUS
1709 434 1800 495 III
1841 434 2008 496 ADV.
2048 435 2637 497 CONSTANTINUM
2675 435 2890 498 COPR.

3476 434 3584 501 682

332 553 753 624 ἀπειθέστερος,
776 552 845 605 τὰ
865 551 987 606 θεῖα
1014 552 1419 624 προστάγματα
1444 549 1780 604 καταπατῶν
1806 551 1911 602 -καὶ

2016 548 2135 601 cior
2178 562 2299 604 cum
2332 548 2407 601 sis
2436 586 2451 611 ,
2492 547 2676 600 divina
2719 554 2987 616 praecepta
3014 544 3247 615 pedibus
3279 547 3500 604 trahens
3520 561 3587 606 et

332 647 411 710 ὡς
441 644 663 698 παιδιὰν
683 640 1055 713 λογιζόμενος,
1087 640 1417 710 Χριστιανόν
1452 656 1510 693 σε
1543 638 1837 708 γινώσκειν
1879 639 1913 709 ἢ

331 738 521 793 καλεῖν
555 736 617 788 οὐ
658 733 901 803 θεμιτόν.
952 730 1060 795 Οὓς
1096 732 1205 802 γὰρ
1239 734 1376 801 μήτε
1407 730 1738 801 ἀποστολικὴ
1766 730 1914 783 διδα-

334 829 535 883 σκαλία
569 825 819 889 πέπεικε,
869 826 1008 895 μήτε
1029 822 1340 894 νομοθετῶν
1377 823 1473 876 καὶ
1499 822 1796 893 προφητῶν
1824 823 1916 875 θε-

336 916 851 991 σμοὶέπηγάγοντο,
875 916 1010 986 μήτε
1027 914 1193 968 αὑτοῦ
1217 913 1353 967 Θεοῦ
1376 913 1705 986 προστάξεις
1736 915 1913 968 ἐκδει-

336 1009 579 1085 ματοῦσι
622 1007 719 1062 καὶ
766 1007 1100 1077 ἐντάλματα,
1138 1006 1257 1069 πῶς
1306 1004 1382 1059 ἂν
1432 1006 1531 1076 τῆς
1570 1004 1911 1073 Χριστιανῶν

339 1102 540 1173 μοίρας
576 1115 663 1160 τις
705 1096 1069 1167 ύπολήψοιτω
1115 1096 1179 1149 Et
1214 1096 1313 1166 μὲν
1346 1090 1439 1149 οῦν
1490 1094 1774 1165 ἐξεγένετό
1803 1112 1911 1149 τινι

334 1189 671 1262 Χριστιανόν
699 1203 758 1240 σε
791 1189 980 1240 πεῖσαι
1009 1186 1287 1255 γενέσθαι,
1309 1186 1465 1239 οὐδὲν
1493 1185 1559 1239 ἂν
1591 1185 1779 1256 tam;
1817 1186 1912 1239 τοῦ

335 1282 469 1349 περὶ
501 1279 729 1332 εἰκόνων
750 1276 1004 1347 Χριστοῦ
1066 1276 1300 1330 καὶτῶν
1338 1277 1508 1345 ἁγίων
1548 1275 1709 1345 λόγου
1745 1293 1759 1307 ⁸
1794 1276 1914 1330 ἐπί-

334 1388 571 1433 στευσας
610 1370 718 1441 γὰρ
746 1370 833 1434 ἂν,
867 1370 951 1422 ὃτι
987 1368 1085 1422 καὶ
1112 1368 1405 1440 ἑσαρκῶθη
1434 1369 1530 1422 καὶ
1570 1369 1909 1440 ἐσωματώθη

334 1468 364 1518 ὁ
384 1464 478 1517 τοῦ
507 1461 645 1516 Θεοῦ
685 1463 877 1530 Λόγος,
904 1461 999 1515 καὶ
1024 1460 1446 1531 ἐνηνθρώπησεν
1465 1465 1522 1516 ἐν
1547 1463 1795 1535 ἀληθείᾳ,
1819 1462 1914 1516 καὶ

332 1555 400 1607 ού
425 1555 649 1625 δοκήσει
688 1554 783 1606 καὶ
814 1551 1087 1622 φαντασίᾳ
1117 1568 1132 1582 ο
1164 1551 1439 1621 ἐκήρυξας
1463 1553 1507 1606 δ’
1533 1553 1599 1608 ἂν
1623 1555 1716 1607 καὶ
1755 1570 1913 1622 περι-

336 1646 584 1716 γραπτὸν
633 1642 801 1697 αὑτοῦ
831 1642 893 1695 τὸ
926 1640 1106 1711 σῶμα,
1138 1641 1235 1695 κα)⁵
1266 1642 1492 1712 οὐδεμία
1526 1661 1608 1697 σοι
1647 1644 1774 1714 περὶ
1802 1645 1911 1699 τῶν

332 1738 439 1805 τῆς
488 1736 725 1797 πίστεως
784 1732 944 1804 ἡμῶν
1008 1732 1171 1803 ἱερῶν
1227 1733 1510 1804 συμϐόλων
1562 1735 1907 1805 ἀμφιϐολία·

336 1828 477 1882 ἀλλὰ
502 1827 649 1896 λόγῳ
688 1826 786 1895 μὲν
820 1825 913 1877 καὶ
951 1824 1038 1875 ἐπ’
1076 1825 1230 1895 ἄκρῳ
1252 1824 1522 1897 γλώττης,
1546 1826 1610 1879 τὸ
1638 1827 1732 1881 τοῦ
1771 1828 1911 1898 Χρι-

339 1919 560 1973 στιανοῦ
600 1916 812 1987 σεαυτῷ
856 1914 1245 1985 περιπλάττων
1294 1909 1684 1989 ἐπιχρωννύεις
1714 1918 1907 1989 ὄνομα,

337 2012 486 2084 ἔργῳ
516 2011 574 2063 δέ
600 2008 1040 2094 ὅτιδπαντάπασι
1067 2008 1169 2077 τὴν
1192 2008 1285 2061 τοῦ
1322 2008 1563 2079 Χριστοῦ
1593 2010 1911 2079 οἰκονομίαν

337 2101 632 2172 ἀπαναίνῃ,
662 2101 733 2153 τὰ
758 2098 847 2152 διὰ
876 2097 987 2151 τῶν
1016 2098 1218 2167 χειρῶν
1242 2115 1334 2151 σου
1360 2100 1711 2171 πραττόμενα
1739 2117 1940 2173 μεγαχ

333 2191 590 2261 λοφὼνως
625 2193 897 2261 μαρτυρεί
921 2205 936 2220 ·
968 2192 1104 2260 ἡμῖν
1132 2190 1207 2243 δὲ
1236 2191 1349 2243 ’καὶ
1376 2192 1546 2244 πᾶσιν
1575 2191 1906 2265 ἀνθρώποις,

333 2280 417 2348 οἷς
471 2286 499 2336 ὁ
562 2283 726 2352 φόϐος
784 2281 991 2352 Κυρίου
1054 2280 1489 2351 ἐμπεφύτευται,
1526 2284 1622 2337 καὶ
1671 2283 1740 2336 τὰ
1791 2284 1910 2337 θεῖα

337 2376 519 2429 σέϐειν
549 2381 642 2429 καὶ
666 2374 834 2444 τιμᾷν
868 2372 1236 2444 μεμαθηκόσι,
1275 2374 1372 2427 καὶ
1427 2376 1491 2427 ἐκ
1523 2374 1635 2427 τῶν
1682 2376 1909 2429 Μωσαῖ-

334 2467 453 2522 σιῶν
500 2464 984 2536 Συγγραμμάτων,
1038 2462 1241 2533 μᾶλλον
1287 2461 1345 2514 δὲ
1390 2461 1499 2516 τῶν
1538 2462 1911 2517 θεοπνεύστων

336 2562 620 2631 ῥημάτων,
656 2557 897 2628 ἐμφανὲς
936 2554 1281 2616 καθίσταται,
1319 2555 1403 2607 ὅτι
1432 2554 1527 2608 καὶ
1558 2554 1609 2607 oi
1646 2555 1792 2622 ᾶγιοι
1819 2553 1914 2624 ἄγ-

342 2652 494 2721 γελοι
529 2650 838 2722 γράφονται
878 2649 974 2702 καὶ
1006 2646 1362 2711 είκονὶξονται
1385 2662 1402 2677 ο
1428 2647 1525 2699 καὶ
1569 2646 1659 2700 διὰ
1692 2646 1805 2698 τῶν
1829 2648 1911 2699 εί-

338 2742 511 2794 κόνων
552 2737 733 2792 αὐτῶν
757 2736 838 2799 ὡς
866 2734 1028 2807 ἱερῶν
1058 2736 1191 2799 Θεὸς
1216 2735 1600 2805 ἐμφανίζεται.
1657 2734 1913 2790 Ἐκεῖθεν

336 2832 469 2902 τὰρ,
515 2830 704 2899 φησιν,
739 2825 1167 2897 τνωσθήσομαί
1194 2841 1319 2882 σοι.
1393 2826 1494 2893 ¹Διὸ
1530 2825 1911 2898 προσκυνηταί

337 2927 447 2977 είσι.
476 2924 571 2976 καὶ
596 2921 748 2990 ἅγιαι
781 2937 796 2951 ο
827 2921 876 2975 ει
904 2920 961 2973 δὲ
1012 2920 1070 2974 αί
1103 2920 1403 2992 ὑπέρταται
1432 2919 1614 2972 οὐσίαι
1661 2919 1751 2973 καὶ
1790 2918 1911 2989 Θεῷ

337 3012 748 3083 πλησιάζουσαι
794 3010 1176 3075 εἱκονίζονται,
1232 3010 1391 3082 δῆλον
1420 3009 1496 3071 ὡς
1526 3010 1632 3064 καὶ
1682 3011 1738 3064 αἱ
1777 3010 1911 3063 ὑπο-

337 3107 630 3177 ϐεϐηκυῑαι
652 3104 914 3175 δυνάμεις
937 3101 1429 3172 είκονισθήσονται,
1458 3103 1554 3156 καὶ
1596 3102 1746 3172 παρὰ
1770 3103 1907 3173 Χρι-

2018 638 2255 692 ludibrio
2320 639 2562 718 habens.
2622 635 2989 692 Christianum
3048 646 3099 691 te
3150 651 3450 707 agnoscere
3494 650 3589 694 aut

2018 730 2296 797 appellare
2344 745 2448 783 non
2481 729 2629 783 licet.
2665 728 2812 794 Quos
2849 730 2992 783 enim
3025 741 3200 797 neque
3228 731 3587 797 apostolicum

2018 818 2388 888 magisterium
2426 820 2805 888 persuadendo
2848 818 3052 883 vincit,
3101 833 3276 888 neque
3314 819 3590 889 iegislato—

2017 924 2137 963 rum
2192 924 2256 963 ac
2303 911 2690 979 prophetarum
2750 911 2968 966 decreta
3013 922 3361 979 permovent,
3414 930 3590 985 neque

2016 998 2189 1070 ipsius
2222 1000 2311 1055 Dei
2351 1002 2647 1055 constituta
2684 1011 2740 1055 et
2765 1003 3017 1055 mandata
3050 1011 3277 1069 terrent,
3308 1019 3408 1059 cur
3432 1008 3587 1075 quis-

2015 1105 2179 1159 quam
2216 1091 2267 1143 in
2301 1090 2738 1145 Christianorum
2772 1090 3017 1160 partibus
3046 1106 3142 1146 eos
3192 1106 3312 1148 esse
3342 1093 3588 1162 iudicet?

2015 1180 2074 1235 Si
2118 1194 2250 1251 ergo
2282 1181 2575 1245 accideret,
2607 1191 2666 1235 ut
2702 1181 2798 1234 tibi
2823 1182 3021 1251 aliquis
3062 1181 3433 1238 Christianum
3472 1186 3586 1241 ﬂeri

2017 1271 2313 1335 suaderet,
2343 1270 2476 1325 nihil
2511 1285 2645 1325 sane
2668 1272 2716 1326 ei
2750 1286 2885 1341 opus
2912 1281 2997 1327 est
3036 1274 3102 1328 de
3130 1272 3335 1328 Christi
3366 1286 3587 1332 sancto-

2017 1375 2252 1429 rumque
2278 1360 2611 1428 imaginibus
2636 1358 2806 1429 loqui.
2843 1358 3037 1416 Credis
3063 1361 3208 1416 enim
3244 1363 3585 1419 incarnatum
3680 1396 3685 1399 -

2014 1466 2136 1507 esse
2165 1462 2220 1507 et
2264 1462 2614 1522 corporatum
2651 1452 2745 1507 Dei
2800 1449 3073 1517 Verbum,
3120 1466 3354 1523 vereque
3396 1456 3588 1509 huma-

2014 1554 2227 1606 natuin,
2254 1553 2433 1598 etnon
2462 1554 2789 1614 apparenter
2813 1552 2982 1613 atque
2999 1544 3362 1611 phantastice.
3392 1545 3586 1599 Dixisti

2014 1638 2180 1691 etiam
2236 1635 2713 1704 circumscriptum
2771 1648 2894 1689 esse
2944 1649 3145 1703 corpus
3202 1634 3357 1703 ejus,
3412 1649 3587 1705 neque

2016 1730 2183 1784 ullum
2221 1730 2318 1784 tibi
2349 1738 2431 1784 est
2481 1729 2549 1784 de
2576 1738 2776 1783 nostrae
2821 1727 2945 1781 lidei
2977 1728 3152 1782 sacris
3196 1728 3459 1797 symbolis
3489 1731 3587 1783 du-

2014 1819 2185 1874 bium.
2213 1818 2584 1873 Nihilominus
2613 1816 2840 1871 summis
2876 1824 3083 1869 tantum
3130 1815 3289 1871 labiis
3313 1826 3369 1872 et
3398 1818 3588 1875 verbo~

2015 1919 2172 1965 tenus
2220 1908 2522 1965 Christiani
2563 1908 2658 1962 tibi
2700 1906 3021 1962 simulanter
3053 1907 3305 1977 appingis
3346 1921 3541 1963 nomen
3565 1947 3583 1974 ,

2011 2016 2175 2071 opere
2240 2010 2419 2056 autem
2477 2000 2595 2071 ipso
2651 2000 2855 2056 Christi
2920 1999 3363 2055 incarnationem
3428 2017 3461 2057 a
3522 2012 3586 2059 'te

2010 2107 2240 2162 prorsus
2266 2092 2476 2162 negari,
2507 2090 2650 2145 facta
2676 2100 2765 2145 tua
2789 2090 3098 2147 vehementi
3126 2106 3259 2146 voce
3291 2102 3583 2150 testantur.

2010 2180 2180 2238 Nobis
2210 2196 2343 2238 vero
2386 2181 2705 2252 cunctisque
2740 2181 3093 2248 hominibus,
3128 2182 3326 2250 quibus
3373 2183 3583 2240 Domini

2013 2271 2180 2325 timor
2205 2280 2291 2325 est
2327 2269 2549 2335 insitus,
2578 2271 2778 2339 quique
2811 2285 2900 2325 res
2936 2269 3150 2325 divinas
3189 2269 3369 2325 colere
3402 2282 3461 2326 et
3491 2273 3587 2327 bo-

2010 2378 2208 2419 norare
2240 2363 2383 2418 docti
2409 2377 2617 2426 sumus,
2650 2360 2991 2417 ex’Mosaicis
3018 2377 3235 2432 quoque
3258 2360 3579 2431 Scripturis,

2010 2455 2097 2511 vel
2140 2455 2322 2526 potius
2350 2469 2418 2509 ex
2456 2452 2739 2524 inspiratis
2769 2469 2799 2507 a
2827 2453 2938 2508 Deo
2968 2454 3212 2509 oraculis
3244 2466 3580 2524 compertum

2012 2559 2099 2603 est
2137 2558 2359 2603 sanctos
2395 2548 2614 2616 quoque
2642 2543 2871 2613 angelos
2896 2543 3042 2613 pingi
3074 2551 3130 2597 et
3163 2542 3383 2613 ﬁgurari
3406 2561 3422 2610 ;
3443 2560 3582 2612 ρετ-

2010 2652 2118 2705 que
2169 2639 2361 2691 horum
2400 2649 2607 2690 sacras
2660 2634 2922 2704 imagines
2983 2634 3149 2687 Deum
3216 2633 3579 2690 maniiestari.

2011 2727 2175 2782 Illinc
2207 2729 2346 2782 enim
2368 2766 2383 2792 ,
2430 2725 2634 2796 inquit,
2670 2726 3001 2779 innotescunt
3038 2723 3133 2778 tibi
3166 2723 3233 2779 ⁸⁸.
3273 2722 3415 2779 Sunt
3452 2741 3582 2794 ergo

2012 2818 2095 2873 ba
2122 2819 2443 2873 venerandae
2483 2831 2547 2872 ac
2593 2826 2815 2871 sauctze.
2847 2813 2968 2870 Jam
3015 2815 3060 2870 si
3095 2814 3374 2870 altissima:
3406 2816 3583 2888 128

2011 2908 2333 2963 substantia:
2375 2915 2432 2963 et
2465 2906 2575 2963 Deo
2599 2905 3215 2978 proximartigurantur,
3237 2905 3578 2975 exploratum

2010 3006 2095 3053 est
2143 2997 2434 3052 inferiores
2478 3011 2695 3067 quoque
2730 2997 3020 3065 potentias
3074 2994 3191 3050 fore
3227 2996 3579 3065 ﬁgurandus,

2012 3097 2176 3157 atque
2228 3104 2258 3143 a
2308 3088 2635 3144 Christianis
2683 3103 2787 3143 ceu
2816 3101 3004 3143 sacras
3037 3087 3384 3143 honorandus
3427 3099 3483 3143 et
3514 3089 3578 3145 in

338 3202 577 3262 στιανοῖς
603 3198 679 3262 ὡς
723 3197 845 3268 ἱερὰ
882 3195 979 3250 καὶ
1010 3194 1379 3266 τιμηθήσεται
1409 3193 1504 3247 καὶ
1532 3194 1911 3266 προσκυνηθή-

2012 3180 2241 3252 picturis
2271 3182 2533 3252 obsequio
2560 3180 2837 3237 colendas.

339 3310 493 3347 σεται
523 3290 870 3363 γραφόμενα.

408 3384 509 3448 νζ’.
546 3384 763 3454 Ἐπειδὴ
803 3382 860 3436 δὲ
888 3379 1042 3434 οὐδὲν
1075 3378 1186 3433 τῶν
1234 3378 1465 3432 ἀνοσίων
1513 3379 1609 3433 καὶ
1659 3380 1907 3435 ἐκτόπων

338 3477 523 3540 αὐτοῖς
568 3474 1025 3548 παραλέλειπται,
1076 3471 1106 3524 ὃ
1160 3471 1236 3543 μὴ
1287 3472 1427 3525 κατὰ
1466 3471 1567 3542 τῆς
1611 3472 1909 3542 καθολικῆς

352 3567 682 3639 Ἐκκλησίας
736 3564 1159 3636 ἐκμελετῶντες,
1234 3561 1656 3634 πεφλυαρήκασί
1705 3579 1767 3616 τε
1817 3563 1910 3617 καὶ

339 3655 774 3724 κατεπράξαντο·
817 3652 1049 3723 καὶγὰρ
1088 3649 1347 3715 καθάπαξ
1391 3650 1485 3703 ἐπὶ
1522 3651 1590 3720 τῇ
1636 3647 1810 3721 λύσσῃ
1837 3650 1908 3720 τῇ

316 3747 655 3815 ”Μανιχαῖκῇ
698 3741 1023 3807 ἐαλωκότες,
1050 3740 1152 3803 τὰς
1203 3739 1439 3811 μανικὰς
1464 3738 1908 3809 άπαμϐλίσκουσι

334 3835 438 3907 τῆς
462 3833 691 3906 καρδίας
724 3832 920 3895 ὠδῖνας
938 3848 965 3864 ’ν
985 3828 1083 3884 καὶ
1111 3829 1299 3901 ὥσπερ
1328 3829 1656 3901 μεμηνότες,
1690 3830 1791 3892 τὰς
1806 3827 1909 3899 τῆς

336 3926 600 3996 ἀληθείας
630 3926 846 3989 είκόνας
875 3925 971 3978 καὶ
998 3923 1113 3977 τῶν
1128 3920 1349 3993 ἀληθῶν
1367 3922 1465 3992 τὴν
1499 3922 1749 3992 μνήμην
1773 3922 1908 3991 ἡμῖν

230 4064 239 4067 -
336 4017 735 4082 διασωζούσας,
762 4017 815 4069 oi
846 4015 942 4069 τοῦ
967 4013 1200 4086 ψεύδους
1232 4014 1600 4078 ὑπασπισταὶ,
1631 4011 1909 4081 ψευδωνύ-

342 4125 477 4178 μους
510 4106 907 4177 κατονομάζειν
934 4107 995 4159 ού
1013 4104 1480 4174 καταπεφρίκασι,
1528 4107 1653 4167 τοῖςι
1674 4105 1909 4175 ἀρχετύ-

340 4214 469 4260 ποις
492 4197 556 4249 τὸ
572 4196 773 4267 ψεῦδος
797 4195 1157 4260 ἀνάπτοντες,
1201 4193 1302 4246 οὐκ
1322 4194 1442 4246 εᾶπδ
1489 4193 1693 4246 σκοποῦ
1725 4193 1907 4263 timen-

343 4306 444 4359 μεν
469 4287 538 4341 τά
570 4287 665 4341 νῦν
719 4286 1106 4357 ὑποδραμόντα
1126 4286 1248 4347 τοῖς
1281 4283 1684 4354 ’προεκτεθεῖσι
1737 4301 1909 4355 προσ-

340 4378 548 4431 θεῖναιο
581 4375 850 4439 εύσθενῶς
880 4376 989 4447 γὰρ
1033 4376 1182 4434 ὅπως
1223 4373 1566 4444 ἐξελεγχθείη
1612 4373 1789 4427 αὐτῶν
1837 4374 1908 4428 τὰ

336 4469 435 4539 τῆς
461 4466 722 4530 ἀπονοίας
746 4468 847 4521 καὶ
869 4465 1208 4537 κακουργίας
1230 4464 1559 4535 συλλήψεται
1580 4481 1593 4496 ’
1624 4466 1673 4518 oi
1695 4466 1804 4535 γὰρ
1827 4465 1906 4535 τῷ
1932 4472 1989 4539 _‘

2082 3360 2317 3417 57.‘Sed
2365 3362 2501 3416 nihil
2533 3363 2756 3434 impium
2801 3364 3167 3421 absurdumve
3202 3365 3269 3420 ab
3310 3364 3578 3436 his'prae-

2008 3456 2321 3508 tenuissum
2356 3452 2461 3508 fuit
2481 3494 2495 3515 .
2526 3454 2669 3521 quod
2700 3455 2941 3511 studiose
2966 3458 3227 3512 adversus
3253 3457 3572 3514 catholicam

2008 3542 2312 3599 Ecclesiam
2352 3559 2459 3598 non
2490 3545 2599 3598 sint
2630 3546 2802 3599 moliti
2829 3555 2925 3600 aut
2952 3545 3334 3616 nugatizNam
3363 3563 3428 3604 ex
3471 3560 3581 3619 quo

2009 3632 2305 3689 hiauit-baca
2342 3635 2494 3690 rabie
2543 3643 2670 3689 sunt
2716 3637 2975 3706 correpti,
3014 3637 3293 3693 maniacos
3344 3638 3576 3694 fundunt

2004 3721 2192 3778 cordis
2242 3710 2503 3788 abortus;
2532 3731 2588 3777 et
2630 3725 2789 3793 quasi
2820 3724 3129 3795 lymphati,
3161 3727 3411 3783 veritatis
3442 3728 3578 3783 ima-

1968 3834 1975 3841 ·
2004 3815 2160 3884 gines
2180 3854 2196 3877 ,
2227 3814 2408 3881 idest,
2430 3829 2557 3883 qua:
2577 3830 2829 3870 verarum
2865 3831 3041 3871 rerum
3072 3818 3391 3873 memoriam
3418 3821 3578 3874 nobis

1988 3914 2371 3969 conservant,
2405 3906 2755 3961 lii-falsitatis
2791 3905 3135 3973 defensores,
3179 3909 3577 3980 pseudonymas

2007 3994 2279 4063 appellare
2308 4011 2416 4050 non
2453 3996 3368 4065 rerenmrparchetypis-ialsitatem
3423 3999 3577 4053 aliin-

1968 4108 1973 4119 ι
2004 4088 2228 4150 gentes;
2258 4082 2402 4136 haud
2432 4072 2670 4136 alienum
2704 4083 2981 4152 pmposito
3016 4094 3204 4139 nostro
3238 4086 3582 4141 arbitramur

1966 4197 1975 4203 ο
2004 4187 2126 4241 qum
2160 4187 2305 4227 nunc
2336 4173 2502 4227 menti
2528 4184 2858 4228 succurrunt
2886 4175 3213 4242 supradictis
3240 4174 3533 4246 adiungere
3558 4192 3576 4243 ;

1968 4288 1981 4293 ’
2007 4281 2336 4337 magnopere
2363 4266 2507 4320 enim
2551 4266 2668 4321 haec
2696 4268 3054 4339 coarguenda:
3095 4269 3312 4324 illorum
3353 4271 3579 4325 insaniae

2008 4357 2335 4426 malitizeque
2391 4359 2714 4427 proderunt.
2757 4357 2894 4412 Nam
2938 4359 3030 4427 qui
3077 4361 3578 4416 divino-resistunt

2002 4449 2268 4518 Spiritui,
2320 4450 2616 4519 quamlibet
2660 4451 2822 4505 etiam
2862 4452 3134 4506 orationis
3186 4452 3575 4507 sublimitatem

339 4530 481 4631 ἁγίῳ
505 4558 903 4629 διαμαχόμενοι·
933 4530 1239 4627 Πνεῦματι,
1272 4556 1371 4610 καὶ
1411 4530 1559 4627 πρὸς·
1587 4530 1783 4609 πᾶσαν-
1804 4530 1905 4626 ddi:

2006 4542 2290 4603 abnuunt,
2343 4541 2546 4595 Christi
2608 4557 2676 4596 ac
2726 4552 3041 4597 sanctorum
3078 4542 3414 4597 'memoriam
3475 4547 3576 4598 hoc

335 4650 567 4723 ηγορίαν
590 4650 1018 4721 ἀπαγορεύουσι,
1037 4648 1477 4717 συγκατασϐἐσαι
1498 4648 1901 4723 διὰτούτουτήν

2007 4633 2257 4687 instituto
2297 4645 2399 4686 suo
2445 4641 2704 4687 conantes
2740 4634 3111 4704 exstinguere,
3171 4635 3250 4691 sic
3281 4635 3447 4691 etiam
3490 4634 3576 4689 in-

337 4762 397 4799 τε
434 4722 673 4815 Χριστοῦ
732 4746 952 4815 μνήμην
988 4744 1084 4796 καὶ
1128 4742 1237 4796 τῶν
1278 4743 1464 4811 ’ἁγίων
1517 4722 1901 4814 πραγματευό·
1972 4722 2225 4792 τιιῖηιιίε
2258 4722 2478 4779 νοοίῧιιε
2507 4725 2966 4780 εοῐκηίιίεθιιιεεο

343 4854 514 4906 μενοι,
544 4838 651 4890 κὰν
682 4834 856 4905 τούτῳ
902 4836 1023 4896 ταῖς
1070 4833 1450 4896 θεοπνεύστοις
1493 4839 1696 4905 φωναῖς
1742 4837 1897 4890 ἀντι-

341 4927 835 4999 παραταττόμενοι.

408 5021 513 5085 νη’.
547 5015 741 5077 Ὅπως
767 5014 877 5083 γὰρ
910 5011 1233 5081 παλαιγενές
1262 5010 1521 5084 τοῦνομα,
1547 5013 1643 5066 καὶ
1687 5013 1785 5084 τῆς
1808 5014 1903 5068 ἀν·

337 5104 560 5176 θρὼπου
612 5106 887 5174 γενέσεως
930 5103 1103 5173 αὐτῆς
1164 5103 1560 5176 πρεσϐύτερον,
1605 5106 1906 5176 μᾶλλονδὲ

337 5197 433 5251 καὶ
465 5199 546 5261 είς
571 5198 671 5269 τὴν
697 5196 984 5268 ἀνθρώπου
1010 5196 1229 5266 ποίησιν
1269 5196 1345 5260 ὡς
1370 5197 1674 5268 ἡγούμενον
1728 5215 1909 5270 παρα-

335 5287 776 5359 λαμϐανόμενον,
833 5289 1099 5360 μάθοιμεν
1147 5288 1213 5342 ἂν
1266 5288 1453 5357 σαφῶς
1518 5289 1788 5344 ἐντεῦθεν.
1839 5291 1905 5344 Τί

335 5397 501 5451 φησιν
523 5382 552 5434 ὁ
592 5380 703 5434 τῶν
726 5380 1012 5443 ὄλωνΘεός
1029 5379 1413 5449 ;“Ποιήσωμεν
1433 5379 1747 5449 ἄνθρωπον
1776 5382 1903 5436 κατ’

330 5470 537 5527 εἰκόνα
552 5471 651 5526 καί
674 5473 960 5540 ὁμοίωσιν
986 5470 1281 5540 ἡμετέραν
1300 5486 1314 5498 '
1345 5470 1537 5541 πρώτη
1565 5470 1725 5543 ῥῆσις
1745 5472 1901 5541 Θεοῦ,

398 5608 447 5642 ⁸³
476 5606 651 5664 Exod.
679 5625 807 5674 xxv,
840 5610 933 5663 22.
1010 5609 1053 5641 “
1081 5607 1217 5663 Cen.
1248 5623 1287 5673 ι,
1318 5606 1410 5662 26.

405 5738 516 5811 (68)
540 5738 977 5811 Reprehenditur
1008 5738 1113 5811 hoc
1154 5746 1535 5811 argumentum
1569 5738 1637 5811 ab
1672 5747 1895 5811 auctore

332 5807 593 5899 librorum
626 5807 1013 5866 Carolinorum
1062 5810 1157 5865 lib.
1202 5807 1241 5877 ι,
1290 5807 1341 5872 7;
1375 5808 1471 5863 sed
1505 5807 1814 5864 defenditur
1841 5819 1895 5865 et

2076 5013 2170 5104 58.
2223 5015 2374 5104 Quod
2421 5014 2660 5084 priscum
2712 5017 2784 5071 sit
2843 5018 2947 5073 hoc
2984 5018 3341 5084 vocabulum,
3374 5031 3428 5075 et
3462 5021 3573 5090 ipsa

2008 5103 2245 5158 hominis
2281 5105 2558 5161 creatione
2590 5106 2889 5177 antiquius,
2924 5109 3031 5165 imo
3059 5126 3188 5165 vero
3222 5122 3275 5167 et
3312 5114 3363 5167 in
3404 5116 3577 5169 homi-

2007 5195 2092 5249 nis
2134 5195 2412 5249 creatione
2460 5206 2714 5267 tanquam
2750 5200 2827 5255 rei
2887 5201 3047 5256 index
3091 5204 3411 5271 adhibitum,
3450 5223 3575 5276 per-

2008 5287 2192 5358 spicue
2245 5303 2311 5342 ex
2343 5290 2695 5358 sequentibus
2742 5293 3021 5349 discimus.
3069 5293 3209 5361 Quid
3259 5298 3402 5351 enim
3440 5299 3575 5353 dixit

2006 5380 2249 5433 omnium
2303 5380 2483 5435 Deus?
2534 5379 2826 5438 Faciamus
2874 5385 3132 5441 hominem
3175 5388 3257 5441 (ια’
3292 5389 3574 5460 imaginem

2005 5482 2053 5525 et
2105 5471 2502 5528 similitudinem
2561 5485 2795 5531 nostram
2819 5477 2865 5510 ⁶⁹
2900 5477 3035 5550 (68).
3091 5478 3267 5536 Prima
3312 5481 3427 5538 lucc
3476 5482 3574 5538 fuit

2002 5744 2323 5830 explanatur
2351 5746 2417 5830 ab
2447 5747 2685 5830 Adriano
2720 5751 2821 5806 PP.
2869 5753 2921 5807 in
2952 5756 3174 5826 epistola
3207 5757 3409 5814 celebri
3443 5738 3569 5830 apo-

2002 5811 2225 5881 logetica
2254 5814 2319 5867 ad
2352 5814 2601 5871 Carolum
2633 5820 2778 5889 im»;
