4072 6324
578 410 682 475 m
793 376 797 380 .

1594 412 1655 471 S.
1703 411 2118 472 NICEPHORI
2156 412 2660 476 ΡΑΤΒΙΛΒΕΗίΕ
2699 415 2805 478 CP.

3722 418 3829 484 484

581 520 674 574 Dei
729 515 932 574 locutio
990 526 1235 572 nostram
1297 517 1530 572 volentis
1582 527 1834 572 naturam
1890 519 2138 573 condere.

2252 521 2350 591 τὴν
2383 522 2504 575 καθ’
2548 525 2700 593 ἡμᾶς
2731 523 3035 594 ὑποστῆσαι
3068 522 3396 594 βουλομένου
3447 524 3610 594 φύσιν
3635 543 3649 557 ο
3708 523 3828 581 εῐτα

581 609 787 664 Deinde
813 619 932 678 post
955 608 1103 676 prius
1128 608 1329 662 dictum
1366 625 1381 662 :
1420 606 1484 660 Et
1518 607 1639 677 fecit
1681 607 1819 662 Deus
1859 610 2147 675 hominem,

582 701 650 753 ad
697 699 977 768 imaginem
1029 697 1124 751 Dei
1163 698 1287 766 fecit
1329 697 1498 752 illum.
1547 699 1614 752 Et
1663 699 1856 754 deinde
1904 721 1918 756 :
1963 697 2150 754 Genui!

585 788 816 842 Adamue
861 786 1115 850 Set/mm,
1147 788 1217 840 ad
1266 788 1545 856 imaginem
1574 799 1620 842 et
1661 790 1879 854 speciem
1915 791 2148 845 suam".

582 879 756 947 Atque
791 887 872 945 ut,
905 878 1027 932 aliis
1057 879 1464 948 prmtermissis,
1496 893 1558 933 ea
1589 895 1708 948 qua:
1741 880 1899 949 longo
1933 881 2149 950 quidem

583 976 824 1036 tempore
861 968 1092 1032 distant,
1122 969 1216 1022 sed
1254 978 1434 1022 tamen
1473 968 1622 1037 justo
1656 971 1920 1024 vocabulo
1962 985 2152 1026 sensu-

523 1109 528 1113 .
579 1072 686 1128 que
715 1067 1043 1126 congruunt,
1081 1058 1134 1112 in
1176 1059 1412 1114 medium
1450 1058 1765 1128 aﬂ'erantus,
1807 1061 2030 1116 Paulum
2073 1063 2154 1118 lo-

579 1156 836 1218 quentem
893 1148 1176 1204 audiamus
1231 1169 1246 1204 :
1301 1149 1447 1205 Sicut
1498 1153 1819 1219 portavimus
1868 1154 2152 1222 imaginem

580 1242 802 1306 terreni,
845 1240 921 1294 ila
964 1241 1188 1295 raelestis
1231 1258 1434 1312 quoque
1467 1253 1732 1312 portemus
1775 1244 2055 1314 imaginem
2081 1245 2149 1299 τί.

581 1329 784 1400 Utique
835 1331 970 1386 satis
1015 1331 1130 1386 haec
1173 1347 1292 1388 esse
1339 1333 1560 1402 judico,
1601 1350 1775 1405 neque
1815 1336 1972 1392 nobis
2014 1350 2152 1404 opus

580 1436 703 1476 esse
750 1422 995 1490 longiore
1051 1438 1304 1480 sermone
1373 1425 1440 1480 ad
1477 1425 1554 1479 rei
1601 1426 1894 1496 proposita:
1932 1427 2153 1481 demon-

580 1513 924 1568 strationem.
941 1514 1071 1580 Quae
1095 1517 1240 1570 enim
1265 1515 1436 1583 major
1461 1519 1758 1574 auctoritas
1771 1533 1932 1588 quam
1954 1517 2154 1587 Moysis

581 1611 639 1658 et
665 1601 852 1656 Pauli?
877 1602 1070 1659 Dicant
1099 1620 1230 1675 ergo
1267 1605 1424 1660 nobis
1455 1605 1508 1659 hi
1534 1608 1626 1676 qui
1655 1608 1828 1675 ipsum
1867 1608 1968 1661 hoc
1992 1619 2154 1660 voca-

584 1691 771 1746 bulum
819 1696 1096 1760 abnuunt,
1126 1708 1293 1763 seque
1335 1696 1403 1750 ab
1436 1696 1668 1765 imagine
1694 1696 1790 1750 Dei
1839 1695 2153 1764 longissime

583 1781 943 1848 submovent,
980 1793 1142 1852 atque
1182 1787 1250 1840 ab
1295 1785 1413 1853 ejus
1459 1787 1648 1856 gratia:
1693 1787 2142 1856 participatione,

584 1876 629 1928 si
681 1877 900 1940 omnia,
947 1893 1066 1947 quae
1112 1879 1216 1933 hoc
1268 1881 1484 1935 nomine
1534 1890 1794 1945 utuntur,
1845 1881 2150 1936 veneranda

583 1975 710 2020 sunt
739 1976 794 2022 et
820 1967 1158 2022 honorabilia
1179 2007 1196 2034 ,
1235 1980 1457 2038 propter
1484 1984 1670 2024 eorum
1701 1971 1844 2024 unde
1874 1971 2152 2024 deducun-

584 2064 670 2109 tur
698 2056 1046 2125 dignitatem,
1080 2073 1179 2112 cur
1203 2059 1314 2128 jam
1350 2060 1552 2114 Christi
1590 2070 1647 2115 et
1673 2069 1984 2116 sanctorum
2015 2062 2151 2117 ima-

578 2144 794 2213 ginibus
828 2147 1178 2216 ignominiam
1231 2165 1641 2220 quaquaversus
1683 2163 1738 2208 et
1779 2163 2150 2224 contemptum

578 2239 908 2307 aspergunt?
947 2241 1124 2308 Atque
1177 2249 1238 2294 ut
1291 2255 1358 2296 ex
1415 2242 1823 2299 sublimioribus
1868 2253 2032 2314 atque
2081 2247 2150 2299 ab

580 2327 698 2396 ipsa
767 2328 1032 2400 theologia
1082 2333 1384 2388 orationem
1443 2336 1668 2402 ordiar,
1724 2336 1892 2392 Filius
1943 2337 2035 2392 Dei
2087 2353 2151 2392 ac

582 2417 725 2474 Deus
770 2430 976 2487 noster,
1009 2437 1131 2477 cum
1163 2423 1326 2480 Patre
1370 2441 1470 2480 suo
1509 2426 1653 2484 Deus
1697 2429 1903 2499 pariter
1934 2430 2147 2496 dictus,

580 2521 834 2582 tanquam
892 2516 1010 2584 ejus
1067 2517 1244 2587 imago
1306 2520 1607 2577 honoratur
1661 2534 1870 2592 praeter
1915 2535 2146 2582 caeteras

575 2601 820 2670 ejusdem
851 2605 1262 2674 appellationes,
1299 2621 1354 2664 et
1383 2612 1721 2681 gloriﬁcatur
1751 2633 1766 2669 :
1800 2615 1906 2681 Qui
1931 2627 2028 2682 est,
2066 2617 2149 2672 in-

577 2694 695 2762 quit
719 2692 919 2750 Paulus
940 2697 1007 2762 ",
1036 2699 1210 2768 imago
1236 2699 1333 2754 Dei
1366 2703 1640 2760 invisibilis
1671 2705 1806 2774 (69).
1840 2708 2017 2776 Atque
2046 2710 2148 2765 hoc

511 2816 520 2825 -
577 2784 916 2855 potissimum
965 2791 1229 2846 vocabulo
1293 2792 1591 2861 gloriantur
1636 2796 1870 2866 theologi
1915 2807 1968 2852 et
2019 2815 2148 2868 gau-

482 5457 508 5492 η

575 2877 726 2932 ιΙειιι.
779 2876 888 2932 Sed
947 2895 1156 2946 nonne,
1221 2895 1440 2952 propter
1493 2885 1745 2957 imaginis
1787 2889 2144 2955 vocabulum,

576 2966 772 3022 Filium
807 2984 1021 3039 quoque
1055 2971 1241 3027 hostes
1283 2971 1379 3028 Dei
1424 2989 1453 3028 a
1485 2986 1708 3043 paterna
1737 2978 1906 3049 gloria
1941 2990 1996 3036 et
2028 2980 2147 3035 uni-

578 3071 689 3115 tate
750 3070 958 3115 natura:
1004 3061 1429 3120 abalienabunt?
1487 3066 1725 3134 Deinde,
1773 3079 1830 3124 et
1886 3081 2144 3142 angustus

2255 613 2395 682 μετὰ
2411 613 2480 667 τὰ
2516 614 2806 686 εἰρημένα,
2839 617 2941 669 Καὶ
2966 619 3257 684 ἐποίησεν
3293 620 3326 670 ό
3379 618 3522 683 Θεὸς
3573 619 3678 672 τὸν
3724 619 3828 673 ἇν-

2252 708 2517 771 θρωπον·
2557 707 2683 760 κατ’
2707 709 2911 760 εἰκόνα
2957 708 3105 762 Θεοῦ
3135 709 3427 775 ἐποίησεν
3471 709 3690 764 αὐτόν’
3730 710 3827 764 καὶ

2251 795 2309 846 ὲν
2339 798 2451 859 τοῖς
2486 797 2624 866 μετὰ
2651 797 2822 851 ταῦτα
2847 815 2860 829 ·
2910 799 3262 865 Ἐγέννησεν
3308 799 3482 870 Ἀδὰμ
3526 801 3633 854 τόν
3677 801 3825 868 Σὴθ,

2252 889 2403 942 κατὰ
2431 888 2544 956 τὴν
2569 890 2773 943 εἰκόνα
2802 892 2900 944 καί
2926 892 3077 946 κατὰ
3107 891 3222 960 τὴν
3268 890 3434 946 ἰδέαν
3464 891 3670 947 αὐτοῦ.
3707 893 3827 947 Ἵνα

2250 977 2307 1030 δὲ
2342 977 2506 1032 τᾶλλα
2555 981 2843 1047 παρέντες,
2902 982 2968 1035 τὰ
2995 983 3073 1054 τῷ
3118 983 3316 1056 μακρῷ
3359 983 3460 1054 μὲν
3496 985 3823 1056 διεστηκότα

2252 1069 2454 1141 χρόνῳ,
2478 1071 2557 1141 τῷ
2590 1071 2648 1124 δὲ
2693 1073 2840 1144 ὀρθῷ
2885 1075 3209 1145 συνημμένα
3236 1076 3380 1145 λόγῳ
3436 1077 3531 1130 καὶ
3580 1079 3701 1140 ταῖς
3737 1079 3826 1130 ὲν-

2252 1161 2446 1227 νοίαις,
2479 1164 2559 1227 εἰς
2593 1164 2756 1234 μέσον
2799 1164 3047 1236 θείημεν,
3088 1163 3177 1222 οἶα
3211 1169 3363 1238 παρὰ
3403 1169 3617 1222 Παύλου
3671 1169 3825 1237 λέγε-

2250 1271 2341 1308 ται
2389 1255 2735 1327 ἀκουσόμεθα
2760 1271 2773 1288 '
2818 1259 2952 1328 φησὶ
2997 1259 3127 1329 γὰρ,
3165 1259 3248 1312 ὅτι
3277 1261 3509 1328 Ὠσπερ
3539 1260 3824 1330 ἐφορέσα-

2246 1347 2496 1416 μεντὴν
2525 1350 2732 1402 εἰκόνα
2760 1349 2866 1402 τοῦ
2899 1350 3128 1418 χοϊκοῦ,
3171 1350 3522 1420 φορέσωμεν
3569 1351 3667 1405 καί
3707 1352 3822 1419 τὴν

2250 1440 2455 1492 εἰκόνα
2475 1439 2580 1493 τοῦ
2600 1440 2983 1507 ἐπουρανίου.
3021 1440 3161 1494 Ἀλλ’
3186 1442 3435 1512 ἀποχρῆν
3457 1437 3612 1512 οἶμαι
3638 1445 3819 1506 ταυτὶ,

2253 1529 2348 1582 καὶ
2378 1529 2438 1581 οὐ
2470 1528 2687 1599 δεήσειν
2713 1531 3069 1601 μακροτέρων
3093 1533 3226 1600 ἡμῖν
3253 1532 3431 1600 λόγων
3463 1534 3544 1594 είς
3574 1533 3669 1603 τὴν
3692 1535 3822 1604 ,τῶν

2253 1621 2634 1692 προκειμένων
2663 1622 2972 1688 ἀπόδειξινο
3005 1623 3059 1675 τί
3093 1623 3202 1692 γὰρ
3229 1625 3476 1687 Μωσέως
3532 1624 3564 1695 ἢ
3604 1625 3848 1694 Παύλου,

2253 1711 2703 1783 ἀξιολογώτερονς
2731 1712 3092 1787 Φραζέτωσαν
3114 1709 3206 1767 οῦν
3237 1716 3368 1782 ἡμῖν
3387 1717 3435 1768 οἰ
3467 1717 3560 1768 καὶ
3584 1714 3823 1784 τοῦνομα

2252 1804 2572 1875 ἠρνημένοι,
2603 1805 2696 1857 καὶ⁸
2729 1804 2822 1858 τοῦ
2843 1803 2984 1858 εἶναι
3013 1804 3134 1858 κατ’
3173 1805 3360 1858 εἰκόνα
3385 1805 3523 1858 Θεοῦ
3552 1807 3624 1869 ὼς
3686 1809 3824 1878 πορ-

2255 1897 2485 1968 ρωτάτω
2513 1897 2988 1967 ἀποπεμπόμενοι,
3008 1896 3222 1966 καὶτῆς
3253 1897 3504 1950 ἐντεῦθεν
3529 1899 3823 1969 ἁμέσίεκτοι

2252 1989 2474 2059 χάριτος
2495 2005 2508 2021 ⁸
2535 1990 2584 2042 εἰ
2614 1989 2795 2043 πάντα
2823 1989 2892 2042 τὰ
2921 1989 3018 2058 τῆς
3051 1990 3424 2059 προσηγορίας
3448 1989 3652 2060 ταύτης
3695 2008 3826 2060 μετ-

2251 2084 2548 2154 εσχηκότα,
2589 2084 2747 2156 τίμια
2803 2087 2897 2139 καὶ
2927 2085 3133 2152 ἔνδοξα,
3186 2085 3249 2138 ὲκ
3291 2086 3392 2152 τῆς
3423 2076 3500 2140 ὧν
3533 2085 3822 2156 παρήχθη-

2253 2193 2352 2230 σαν
2411 2177 2571 2246 δόξης
2615 2175 2775 2230 τοῦτο
2823 2176 3190 2246 ὲνεγκάμενα,
3235 2176 3287 2230 τί
3319 2178 3522 2245 δήποτε
3563 2182 3684 2242 ταῖς
3723 2181 3820 2232 τοῦ

2251 2267 2489 2338 Χριστοῦ
2523 2269 2615 2320 xal.
2645 2267 2751 2319 τῶν
2783 2267 2952 2335 ἁγίων
2982 2269 3210 2332 εἰκόσιν,
3248 2270 3314 2323 ὲκ
3341 2271 3556 2324 πάντων
3589 2273 3651 2325 τὸ
3696 2273 3820 2326 ἄδο-

2251 2358 2340 2424 ξον
2360 2359 2451 2412 καὶ
2468 2359 2836 2421 ἀπόπτυστον,
2855 2361 3292 2429 ἁπορῤίπτουσις
3336 2363 3448 2417 Καὶ
3477 2363 3565 2417 ἵνα
3599 2367 3663 2420 ὲκ
3713 2367 3821 2420 τῶν

2252 2449 2600 2520 ὑψηλοτέρων
2622 2450 2716 2503 καὶ
2744 2449 2844 2520 τῆς
2869 2449 3150 2518 θεολογίας
3185 2452 3354 2520 αὐτῆς
3385 2452 3480 2506 τοῦ
3504 2455 3662 2524 λόγου
3690 2474 3822 2509 κατ-

2250 2541 2529 2612 άρξωμαι,
2561 2542 2589 2593 ὁ
2623 2541 2745 2605 Υἱὸς
2781 2540 2872 2593 τοῦ
2914 2540 3050 2594 Θεοῦ
3083 2543 3176 2595 καὶ
3196 2542 3327 2606 Θεὸς
3361 2544 3517 2614 ἡμῶν
3539 2545 3618 2615 τῷ
3645 2547 3820 2617 Πατρὶ

2251 2631 2797 2702 συνθεολογούμενος,
2842 2632 2918 2694 ὡς
2977 2633 3143 2686 εἰκὼν
3181 2634 3346 2686 αὑτοῦ
3398 2639 3622 2704 τιμᾶται
3682 2638 3821 2706 μετὰ

2248 2721 2357 2774 τῶν
2386 2720 2562 2775 ἄλλων
2596 2720 3003 2792 προσηγοριῶν,
3056 2724 3152 2776 καὶ
3194 2722 3496 2789 δοξάζεται.
3557 2728 3662 2792 ’ος
3708 2729 3816 2798 γάρ

2245 2813 2398 2873 ἐστι,
2431 2813 2620 2882 φησιν,
2673 2811 2850 2866 εἰκὼν
2891 2813 2998 2868 τοῦ
3033 2815 3182 2868 Θεοῦ
3229 2817 3334 2871 τοῦ
3387 2819 3646 2886 ἀοράτου
3671 2837 3686 2851 ·
3727 2823 3821 2874 καὶ

2245 2904 2417 2975 ταύτῃ
2452 2903 2654 2974 μᾶλλον
2704 2905 2754 2956 οἱ
2805 2903 3046 2973 θεολόγοι
3089 2908 3510 2978 ὲνσεμνύνονται
3560 2914 3816 2982 ’τῇ-φωνῇ

2246 2995 2337 3048 καλ⁸
2368 2994 2776 3066 συγχαίρουσιν.
2821 2994 2984 3048 Ἀλλὰ
3019 2998 3232 3067 μήποτε
3271 3000 3360 3053 διὰ
3385 3001 3448 3054 τὸ
3477 3003 3574 3072 τῆς
3606 3006 3818 3069 εἰκόνες

2243 3085 2433 3154 ὄνομα,
2472 3084 2566 3137 καὶ
2602 3083 2693 3138 τὸν
2725 3085 2854 3139 Υῑὸν
2898 3086 2948 3138 οἱ
2978 3086 3235 3158 θεομάχοι
3278 3089 3380 3158 τῆς
3415 3092 3696 3163 [ἰατρικῆς
3727 3095 3817 3147 δό-

575 3149 818 3220 angelus,
859 3141 1036 3221 imago
1077 3151 1170 3208 Dei
1208 3166 1312 3220 est,
1362 3161 1640 3226 speculum
1677 3175 1896 3227 purum,
1945 3141 2138 3218 imma-

2248 3141 2350 3244 qu.
2376 3141 2470 3228 καὶ
2501 3176 2782 3244 συμφυΐας
2812 3141 3748 3248 ἀλλοτριιῖίσοῦσινςἔπειταινδέκαὶ
3789 3190 3818 3240 ό

575 3239 838 3306 culatutn,
875 3241 1332 3310 limpidissimum.
1363 3245 1574 3303 Idcirco
1614 3249 1951 3307 honorabilis
1979 3268 2144 3323 ange-

577 3327 689 3393 lus;
717 3331 952 3401 itemque
983 3333 1166 3398 homo,
1197 3344 1382 3404 utpote
1411 3337 1476 3391 ad
1503 3338 1794 3410 imaginem
1818 3341 1910 3396 Dei
1945 3341 2140 3410 factus,

573 3430 630 3474 et
656 3419 750 3476 Dei
786 3422 962 3493 imago
1007 3426 1325 3494 appellatus.
1369 3427 1662 3498 Propterea
1708 3432 1760 3486 in
1796 3432 2002 3488 honore
2043 3435 2143 3490 ha-

575 3509 754 3577 betur,
809 3511 1039 3582 ideoque
1080 3515 1240 3568 etiam
1285 3516 1456 3572 libero
1489 3520 1715 3575 arbitrio
1754 3522 1954 3592 pollet,
1986 3525 2139 3579 etab

573 3601 696 3656 aliis
747 3603 927 3657 didert
972 3605 1332 3671 animalibus,
1399 3617 1456 3664 et
1497 3613 1750 3666 omnibus
1800 3613 2134 3668 dominatur.

572 3691 705 3746 Nam
731 3703 1002 3762 quatenus
1032 3705 1239 3750 tantum
1268 3709 1513 3755 creatura
1547 3711 1631 3757 est
1663 3712 1719 3758 et
1744 3703 1968 3770 animal,
2003 3704 2136 3758 nihil

569 3799 601 3837 a
647 3788 858 3840 caeteris
896 3785 1092 3842 dilIert.
1141 3787 1354 3860 Alioqui
1407 3805 1475 3846 ne
1519 3795 1870 3863 conspicuum
1915 3795 2134 3865 quidem

568 3875 743 3929 oculis
792 3884 908 3939 est,
949 3877 1077 3944 quid
1124 3879 1337 3934 dicatur
1378 3882 1431 3936 in
1477 3882 1695 3940 homine
1738 3887 1804 3940 ad
1841 3886 2131 3957 imaginem

572 3965 702 4031 Dei;
738 3967 852 4020 sive
883 3968 1043 4039 129
1081 3981 1314 4028 mentetl.
1340 3973 1464 4042 quis
1489 3984 1682 4044 putare
1714 3977 1842 4031 velit
1879 3987 1931 4032 et
1963 3979 2130 4035 animi

563 4057 672 4110 vim
735 4059 1020 4114 rectricem
1079 4075 1142 4116 ac
1201 4063 1608 4130 dominantem,
1650 4067 1766 4120 sive
1818 4067 1964 4121 aliud
2004 4070 2130 4136 quid

562 4146 617 4203 lu
672 4149 892 4205 homine
954 4153 1242 4222 cogitabile
1302 4155 1452 4225 (70);
1522 4157 1789 4226 siquidem
1852 4177 1919 4215 ne
1972 4163 2131 4231 hujus

566 4240 778 4312 quidem
849 4243 1201 4314 archetypum
1261 4246 1315 4300 in
1381 4263 1617 4304 numero
1682 4250 1977 4308 visibilium
2042 4271 2130 4311 re-

561 4348 680 4387 rum
708 4343 812 4388 est.

627 4425 714 4480 59.
747 4425 1016 4480 Praeterea
1059 4427 1230 4482 nostri
1276 4443 1494 4500 quoque
1521 4433 1853 4501 sacerdotes,
1876 4437 2001 4506 quia
2030 4455 2125 4494 su-

2247 3267 2388 3330 θεῖος
2417 3268 2669 3336 ἄγγελος,
2702 3269 2865 3322 εἰκών
2891 3271 3008 3323 ἐστι
3028 3272 3118 3324 τοῦ
3150 3272 3310 3337 Θεοῦ,
3337 3274 3600 3347 ἔσοπτρον
3622 3279 3817 3350 ἀκραι-

2245 3358 2394 3427 φνὲς,
2424 3357 2782 3428 ἀκηλίδωτον,
2813 3359 3194 3415 διειδέστατον.
3219 3363 3308 3415 Διὸ
3324 3365 3504 3433 τίμιος
3535 3369 3562 3420 ό
3587 3367 3816 3437 ἄγγελος

2242 3449 2337 3500 καὶ
2363 3449 2390 3501 ὁ
2412 3448 2697 3520 ἄνθρωπος
2733 3450 2855 3504 κατ’
2880 3453 3065 3505 εἰκόνα
3113 3451 3248 3506 Θέοῦ
3280 3459 3670 3528 γεγενημένος,
3719 3463 3814 3514 καὶ

2240 3536 2405 3591 εἰκὼν
2450 3537 2587 3592 Θεοῦ
2635 3538 2928 3610 λεγόμενος
2956 3558 2971 3572 ·
3025 3542 3114 3596 διὰ
3171 3544 3332 3598 τοῦτο
3378 3548 3668 3618 τετίμηται
3716 3551 3812 3604 καὶ

2237 3627 2413 3699 ταύτῃ
2457 3629 2787 3700 χρηματίζει
2833 3632 2895 3684 τὸ
2929 3632 3300 3700 αὐτεξούσιον,
3348 3638 3445 3691 καὶ
3496 3640 3606 3693 τῶν
3634 3641 3810 3696 ἄλλων

2236 3718 2509 3790 διαφέρων
2548 3720 2726 3789 ζώων,
2755 3723 2898 3778 κατὰ
2923 3724 3139 3778 πάντων
3161 3727 3222 3780 τὸ
3259 3733 3481 3800 κρατεῖν
3510 3731 3624 3802 ἔχει
3649 3752 3661 3764 -
3687 3735 3810 3788 ἐπεὶ

2236 3809 2376 3864 καθὸ
2403 3811 2613 3883 κτίσμα
2635 3813 2729 3866 καὶ
2755 3813 2942 3879 ἁπλῶς
2980 3815 3141 3881 ζῶον,
3179 3819 3384 3874 τούτων
3435 3823 3587 3876 οὐδὲν
3626 3825 3808 3897 διενή-

2238 3920 2361 3974 νοχε
2386 3919 2405 3938 ο
2448 3905 2628 3958 καίτοι
2667 3905 2790 3959 οὐδὲ
2835 3908 3031 3978 ὁρᾶται
3083 3908 3145 3962 τὸ
3185 3912 3328 3966 κατὰ
3371 3913 3461 3966 τὸν
3517 3915 3807 3988 ἄνθρωπον

2234 3992 2355 4046 κατ’
2390 3993 2576 4046 εἰκόνα
2604 3993 2899 4065 λεγόμενον
2927 4010 2942 4026 ο
2975 3996 3086 4050 εῐτε
3133 3997 3223 4050 τὸν
3263 3999 3392 4053 νοῦν
3433 4003 3574 4058 εἴποι
3612 4023 3698 4070 τις
3747 4007 3808 4059 τό

2231 4100 2292 4136 τε
2325 4086 2657 4156 ἡγεμονικὸν
2696 4087 2793 4140 καὶ
2839 4088 3094 4160 ἀρχικὸν,
3121 4091 3232 4144 εἴτε
3263 4109 3314 4146 τι
3369 4092 3496 4146 ἄλλο
3536 4097 3640 4148 τῶν
3677 4100 3804 4168 περὶ

2232 4177 2396 4230 αὐτὸν
2444 4178 2774 4248 νοουμένων,
2843 4181 3147 4254 ἐπειδήπερ
3213 4184 3335 4238 οὐδὲ
3393 4185 3454 4238 τὸ
3491 4189 3802 4259 ἀρχέτυπον

2230 4265 2425 4320 τούτου
2458 4267 2568 4322 τῶν
2602 4269 2897 4341 ὁρωμένων
2919 4272 3088 4328 ἐστίν.

2301 4441 2398 4495 νθ’.
2439 4443 2562 4498 Ἔτι
2589 4445 2684 4499 καὶ
2711 4447 2761 4499 oi
2792 4447 2914 4501 καθ’
2943 4449 3093 4519 ἡμᾶς
3142 4455 3328 4524 ἱερεῖς,
3366 4458 3490 4512 ἐπεὶ
3534 4461 3642 4514 τῶν
3688 4464 3801 4518 ἄνω

555 4518 1014 4586 permundialium
1084 4520 1336 4573 ordinum
1378 4523 1611 4590 speciem
1657 4528 2004 4599 exprimunt;
2042 4544 2124 4587 ει-

2242 4527 2542 4605 διακόσμων
2581 4537 2674 4591 καὶ
2706 4539 2914 4602 τάξεων

554 4609 699 4663 enim
734 4611 832 4664 hos
865 4618 1259 4678 repraesentant
1294 4622 1403 4665 tum
1434 4614 1488 4667 in
1525 4617 1699 4670 sacris
1733 4617 1986 4691 liturgiis,
2008 4634 2118 4678 tum

555 4700 608 4754 in
641 4700 760 4754 aliis
796 4700 991 4755 duiuis
1025 4717 1163 4770 quas
1210 4704 1485 4760 celebrant
1539 4706 1941 4781 bymnologiis;
1994 4731 2119 4784 pro-

556 4799 744 4860 pterea
780 4791 1126 4848 honorabiles
1156 4794 1424 4850 habentur
1461 4813 1490 4852 a
1531 4813 1657 4854 vere
1685 4801 1790 4871 piis
1815 4813 1975 4874 atque
2004 4823 2118 4860 mo-

549 4881 740 4935 destis.
779 4880 848 4936 Et
879 4884 1084 4953 reliqua
1126 4885 1383 4942 Ecclesiae
1411 4892 1683 4949 ordinatio
1719 4910 1784 4950 ac
1815 4897 2112 4966 dispositio,

548 4970 788 5025 caelestis
821 4972 957 5028 aulae
993 4975 1226 5031 imitatio
1259 4987 1342 5032 est
1388 4993 1453 5034 ac
1502 4981 1695 5051 ﬁgura.
1733 4981 1866 5039 Item
1911 4985 2116 5056 Moysis

549 5067 882 5136 legislatoris
921 5069 1350 5139 tabernaculum,
1378 5083 1433 5129 et
1457 5085 1653 5132 cuncta
1689 5078 1798 5134 illic
1830 5089 2110 5146 contenta,

547 5160 846 5213 caelestium
879 5159 1216 5232 aliarumque
1238 5174 1547 5220 creatarum
1566 5182 1747 5222 rerum
1772 5171 2114 5227 resonantias

545 5249 804 5316 quasdam
849 5264 912 5305 ac
952 5251 1341 5310 similitudines
1385 5271 1492 5326 prae
1544 5272 1606 5314 se
1662 5259 1942 5325 ferebant,
1971 5262 2114 5318 sicut

542 5341 612 5396 ab
637 5356 704 5396 eo
732 5342 1053 5414 dispositum
1084 5343 1286 5402 fuerat.

489 5509 506 5540 "
608 5521 655 5554 "
675 5522 810 5580 Gen.
840 5541 894 5591 ν,
922 5526 976 5581 5.
1052 5530 1093 5561 '“
1129 5530 1147 5583 l
1184 5529 1312 5586 Cor.
1339 5547 1428 5598 xv,
1457 5533 1547 5589 49.
1623 5535 1668 5566 "
1698 5532 1881 5592 llCor.
1921 5555 1994 5607 tv,
2024 5541 2078 5596 4.

607 5636 1124 5729 (ϐθλβᾼηξπιεόνθτιε
1155 5645 1584 5729 additamentum
1616 5651 1923 5729 inpieibilis,
1939 5657 2113 5729 ἀορά-

2228 4626 2559 4688 είκονίζουσι
2595 4628 2706 4698 γὰρ
2728 4629 2926 4693 αὐτοὺς
2959 4634 3101 4688 κατά
3121 4651 3179 4688 τε
3220 4637 3322 4702 τὰς
3366 4641 3518 4710 ἱερὰς
3548 4643 3798 4716 λειτουρ-

2226 4715 2376 4782 γίας,
2403 4717 2497 4770 καὶ
2520 4715 2621 4781 τὰς
2647 4717 2815 4783 ἄλλας
2854 4721 3006 4786 θείας
3033 4724 3361 4795 ὑμνολογίας
3407 4731 3505 4795 τὰς
3545 4737 3673 4806 παρ’
3703 4715 3800 4790 αὑ·
3901 4781 3912 4786 _

2224 4807 2334 4859 τῶν
2369 4807 2699 4878 τελουμένας
2721 4824 2734 4839 ·
2769 4811 2856 4865 διὰ
2899 4813 3057 4868 τοῦτο
3083 4816 3256 4886 τίμιοι
3306 4822 3458 4892 παρὰ
3501 4824 3609 4878 τῶν
3643 4829 3802 4880 εὐσε-

2224 4897 2338 4951 ϐεῖν
2366 4898 2586 4953 είδότων
2627 4903 2721 4954 καὶ
2774 4905 3197 4974 σωφρονούντων
3223 4926 3238 4940 ο
3291 4916 3386 4967 καὶ
3419 4917 3451 4985 ἡ
3506 4915 3669 4991 λοιπὴ
3699 4922 3798 4992 τῆς

2233 4988 2559 5057 Ἐκκλησίας
2583 4991 2947 5066 διακόσμησις
2978 5001 3072 5052 καὶ
3095 5001 3344 5069 εὐταξία,
3379 5007 3489 5060 τῶν
3528 4988 3797 5080 οὐρανίων

2219 5079 2357 5132 εἰσὶν
2410 5081 2826 5154 ἀπομιμήματα
2885 5089 2979 5142 καὶ
3027 5092 3369 5164 τυπὼματα·
3426 5101 3518 5152 καὶ
3569 5103 3601 5172 η
3653 5108 3797 5158 κατὰ

2221 5171 2426 5226 Μωσέα
2465 5172 2523 5226 δὲ
2572 5175 2745 5247 σκηνὴ
2793 5179 2884 5231 τὸν
2917 5182 3238 5253 νομοθέτην,
3291 5189 3388 5240 καὶ
3431 5190 3500 5242 τὰ
3543 5171 3601 5245 ὲν
3654 5195 3790 5266 αὐτῇ

2219 5261 2421 5324 πάντα,
2454 5263 2564 5318 τῶν
2597 5266 2866 5337 οὐρανίων
2923 5272 3148 5344 καὶτῆς
3195 5275 3365 5347 ἄλλης
3410 5281 3642 5346 κτίσεως
3683 5261 3792 5338 an;

2219 5353 2485 5422 ηχήματὰ
2511 5371 2632 5408 τινα
2667 5358 2761 5410 καὶ
2794 5359 3114 5432 ὁμοιώματα
3131 5364 3318 5437 ἔφερε,
3344 5371 3600 5444 καθάπερ
3633 5375 3788 5446 αὖτῷ

2219 5443 2588 5500 διατέτακται.

2282 5665 2396 5734 (70)
2420 5665 2631 5750 Vidcsis
2661 5671 3028 5750 pantacuzeni
3058 5692 3272 5749 quoque
3301 5678 3610 5749 opinionem
3641 5678 3784 5750 apud

535 5712 1169 5806 fﬁ‘?.:..‘l“.°.‘3..'1°'.'-ﬁ!’.‘{‘!
1200 5713 1564 5806 ἕίὲεθὲξνοευιη
1597 5721 1792 5790 “Hum,
1831 5712 1926 5780 δθίι
1967 5712 2108 5798 abitu
2209 5712 2862 5806 ιιοὲῖἷν.’ίῦῖἶιιιῖἴέἷῖ

535 5778 736 5848 aliquot
761 5781 921 5833 etiam
959 5778 1172 5838 codices
1203 5778 1419 5856 legitur.

2276 5919 2316 5926 α..-
