4072 6324
251 359 352 445 485

944 375 1570 444 ANTlRRHETICU’S
1614 382 1705 442 lIl
1745 381 1915 443 ADV.
1953 379 2546 441 CONSTANTINUM
2584 377 2802 439 COPR.

3399 373 3504 440 436

323 495 383 558 ξ’.
419 492 562 562 Ἤδη
591 491 648 544 δὲ
677 491 769 545 καὶ
804 493 860 545 at
890 495 1032 567 ἱεραὶ
1065 495 1237 565 βίϐλοι
1267 490 1452 562 αὗται,
1489 499 1698 562 εἰκόνες
1723 497 1829 550 εἰσὶ

2002 497 2091 551 60.
2121 497 2259 562 Quin
2292 498 2427 550 adeo
2462 497 2600 551 sacri
2633 495 2734 564 ipsi
2770 493 2926 558 libri,
2966 491 3244 548 hominum
3284 492 3374 558 qui
3411 508 3505 548 eos

253 585 362 640 τῶν
397 583 576 650 λόγων
606 582 716 636 τῶν
745 587 1214 656 συγγεγραφότων
1241 605 1255 619 ·
1289 589 1357 642 δι’
1394 590 1576 643 αὐτῶν
1601 590 1710 659 γὰρ
1734 589 1829 643 καὶ

258 676 332 747 μὴ
363 676 634 745 παρόντες
676 677 764 730 ἀεὶ
823 677 1176 745 φθέγγονται,
1225 681 1322 733 καὶ
1371 682 1512 734 κατά
1573 680 1829 733 τοσοῦτον

254 770 438 829 αὐτοῖς
466 766 797 836 ᾡκείωνται,
815 767 888 830 ὡς
913 767 1003 819 καὶ
1025 768 1132 821 τῶν
1159 771 1518 841 γεγραφότων
1537 769 1716 823 αὐτῶν
1736 771 1832 839 φέ-

259 879 370 932 ρειν
397 861 483 913 ἐπ’
514 859 728 923 εὐθείας
752 859 1106 930 τὰόνόματαο
1131 863 1278 916 οὕτω
1306 862 1414 932 γὰρ
1434 862 1534 937 τὴν
1564 860 1715 934 ἱερὰν
1735 861 1828 914 τοῦ

264 947 588 1003 Ἀποστὸλου
624 947 826 1018 βίϐλον,
857 949 1186 1004 Ἀπόστολον
1204 952 1577 1022 ὀνομάζομεν·
1613 954 1708 1006 καὶ
1729 953 1830 1021 τὴν

252 1044 342 1098 τοῦ
363 1045 678 1113 Προφήτου,
701 1049 986 1114 προφήτην
1002 1042 1265 1108 ὡσαύτως
1285 1045 1562 1115 καλοῦμεν
1581 1058 1596 1074 °
1620 1045 1716 1099 καὶ
1732 1046 1830 1116 τὴν

185 1128 201 1166 δ
250 1135 340 1188 τοῦ
355 1133 746 1201 εὐαγγελιστοῦ
768 1135 987 1204 ὁμοίως.
1014 1135 1124 1189 Kal.
1145 1137 1272 1198 τοὺς
1304 1137 1482 1208 ἱεροὺς
1506 1137 1706 1201 οἴκους,
1730 1138 1830 1191 οὐκ

253 1228 308 1278 ἐν
340 1227 524 1294 σχέσει
556 1224 788 1277 πάντοτε
817 1225 1051 1296 λέγομεν
1079 1227 1155 1290 ὠς
1184 1227 1357 1293 τοῦδε,
1397 1228 1532 1282 ἀλλὰ
1558 1229 1620 1282 τὸ
1647 1229 1830 1284 πλεῖον

252 1316 494 1386 ἀσχέτως
529 1316 677 1368 τόνδε
708 1317 992 1388 φράζομεν
1011 1318 1319 1389 ὁμωνύμως
1351 1319 1429 1390 τῷ
1458 1321 1831 1391 ἐπικεκλημέ-

253 1413 352 1477 Δνῳ,
387 1406 476 1460 διὰ
509 1407 608 1477 τὴν
640 1407 740 1476 τῆς
787 1409 1176 1480 προσηγορίας
1205 1412 1491 1464 κοινωνίαν
1533 1428 1593 1464 τε
1619 1412 1714 1465 καὶ
1753 1412 1832 1464 cl-

267 1498 528 1567 κειὸτητα
555 1514 569 1529 ·
609 1497 753 1552 οὕτω
797 1499 862 1568 δὴ
907 1500 1004 1553 κα)⁸
1045 1500 1154 1553 τῶν
1192 1502 1286 1554 ὲπὶ
1332 1503 1437 1572 γῆς
1486 1503 1832 1572 κρατούντων

254 1591 486 1653 είκόνες,
509 1592 624 1652 τοῖς
651 1590 914 1660 ὑπηκόοις
937 1591 1118 1662 τίμιαι
1149 1593 1299 1664 παρά
1319 1592 1595 1654 τοσοῦτον,
1631 1595 1712 1647 ὅτι
1739 1595 1832 1647 καὶ

157 1680 163 1687 ’
251 1683 403 1752 παρά
425 1681 664 1752 Χριστοῦ
695 1685 861 1753 τιμῆς
891 1685 923 1754 ἡ
949 1684 1232 1755 Καίσαρος
1255 1684 1483 1754 ἠξίωται
1507 1686 1670 1738 εἰκών
1695 1703 1708 1715 ’
1734 1685 1832 1740 καὶ

249 1773 401 1826 ούδὲν
433 1773 499 1826 ἂν
521 1771 671 1843 εὖροι
695 1791 777 1836 τις
806 1773 834 1826 ὃ
877 1773 1012 1844 πρός
1035 1793 1088 1827 τι
1133 1775 1552 1846 προηγούμενον
1581 1776 1828 1846 φέρεται,

247 1864 278 1917 ὃ
313 1865 386 1935 μὴ
431 1865 500 1918 δι’
535 1865 668 1926 αὐτὸ
697 1867 875 1918 ἐκεῖνο
909 1865 1007 1937 τὴν
1032 1867 1244 1920 ἐκείνου
1274 1868 1441 1939 τιμὴν
1467 1869 1827 1938 προσάγεται,

249 1952 336 2010 οἶα
360 1957 428 2026 δὴ
462 1957 564 2025 τὴν
596 1957 807 2032 ἐκείνου
834 1957 1134 2027 ἐμφανίζον
1181 1958 1499 2028 διάγνωσιν.
1530 1961 1593 2013 Εἰ
1649 1959 1830 2013 τοίνυν

252 2050 439 2103 πάντα
457 2047 630 2101 ταῦτα
650 2050 719 2101 δι’
739 2052 922 2102 ἐκεῖνα
945 2051 1121 2120 τίμια,
1141 2050 1284 2112 τίνος
1315 2051 1501 2105 ἕνεκεν
1530 2053 1594 2105 ὲκ
1610 2051 1831 2106 πάντων

247 2141 313 2194 τὰ
339 2139 659 2212 κρείττονος
688 2140 910 2193 πάντων
945 2141 1321 2212 μετεσχηκότα
1343 2141 1522 2212 δόξης,
1547 2143 1699 2214 παρά
1721 2145 1832 2198 τῶν

248 2234 659 2305 Χριπομάχων
685 2234 960 2304 ἠτίμωται
980 2235 1074 2286 καὶ
1099 2234 1495 2306 καθύϐρισται;
1525 2237 1637 2289 Καὶ
1661 2239 1690 2289 ό
1733 2237 1832 2308 μὲν

253 2326 384 2390 Υἱὸς
431 2326 510 2390 ὼς
554 2325 720 2378 είκὼν
758 2326 852 2379 τοῦ
891 2328 1102 2398 Πατρὸς
1130 2328 1444 2393 δοξάζεται·
1489 2329 1693 2393 εἰκόνες
1720 2329 1832 2399 γὰρ

249 2420 568 2490 ἀμφότερα,
591 2419 685 2473 καὶ
710 2415 791 2481 εἷς
817 2421 846 2471 ὁ
875 2419 961 2471 ἐπ’
979 2419 1170 2482 αὑταῖς
1187 2420 1366 2488 λόγος,
1381 2420 1484 2473 κᾶν
1505 2423 1571 2491 τῇ
1586 2420 1746 2493 οὐσίᾳ
1772 2423 1833 2474 τὸ

248 2511 510 2581 διάφορον
534 2510 730 2579 ἔχωσιν
750 2525 764 2539 ’
787 2510 816 2562 ὃ
839 2509 894 2563 δὲ
919 2509 1151 2579 μάλιστα
1173 2510 1353 2564 αὐτῶν
1369 2510 1430 2563 τὸ
1455 2511 1682 2582 μανικὸν
1711 2529 1836 2583 στη-

247 2607 454 2660 λιτεύει
485 2607 580 2659 καλ⁶
609 2605 992 2674 ἀναίσχυντον,
1019 2603 1179 2656 τοῦτο
1201 2604 1314 2665 τοῖς
1331 2603 1650 2672 λεγομένοις
1667 2621 1836 2674 προσ-

249 2696 574 2767 τεθήσεται·
597 2695 756 2764 ἴσμεν
774 2695 882 2764 γὰρ
914 2693 1154 2756 ἅπαντες
1189 2693 1270 2745 ὅτι
1288 2692 1381 2744 καί
1406 2691 1601 2760 φαῦλοι
1619 2692 1831 2764 ἄνδρες,

247 2787 316 2840 τὰ
339 2787 456 2839 τῶν
474 2785 698 2854 φαύλων
725 2782 820 2836 καὶ
839 2783 1070 2838 ἀνοσίων
1090 2783 1470 2853 τετιμηκότες,
1495 2783 1590 2837 καὶ
1619 2783 1836 2846 είκόνας

248 2878 439 2940 αὐτοῖς
473 2877 554 2938 είς
584 2875 805 2944 μνήμην
836 2872 1100 2926 ἀνέθεσαν
1122 2890 1137 2904 ο
1165 2870 1255 2926 οἷα
1284 2874 1348 2942 δὴ
1378 2875 1473 2926 καὶ
1498 2874 1592 2927 τοῦ
1630 2875 1835 2944 τρόπου

248 2968 432 3020 αὐτῶν
464 2965 705 3036 ζηλωταὶ
727 2965 1037 3032 γενόμενοι.
1064 2966 1159 3018 καὶ
1184 2965 1293 3017 τῶν
1313 2965 1562 3035 πράξεων
1583 2964 1832 3036 ἐρασταὶ,

247 3058 346 3110 καὶ
374 3057 455 3119 ὡς
489 3057 708 3107 οἰκείων
745 3054 840 3106 καὶ
869 3052 1191 3124 ὁμοτρόπων
1218 3054 1572 3124 περιέποντες
1602 3055 1836 3107 διετέλει-

1931 589 2269 659 scripserunt
2302 589 2564 658 imagines
2589 596 2736 641 sunt.
2766 586 2872 640 Per
2899 585 3001 640 hos
3023 585 3246 654 quippe,
3283 585 3500 638 illorum

1931 689 2186 736 auctores
2226 695 2538 750 quanquam
2591 679 2850 734 absentes
2881 688 3144 748 perpetuo
3174 677 3504 746 loquuntur;

1934 781 2197 840 tantaque
2239 769 2654 825 necessitudine
2680 783 2776 823 eos
2809 769 3120 836 attingunt,
3163 778 3223 822 ιιι
3257 767 3506 822 scriben-

1931 864 2064 918 tium
2105 865 2345 934 ipsorum
2381 863 2582 917 diserte
2613 875 2808 915 nomen
2845 870 3056 930 gerant.
3107 861 3198 916 Sic
3245 862 3389 920 enim
3423 877 3478 914 sa

1931 972 2084 1014 crum
2125 955 2366 1024 Apostoli
2401 954 2640 1021 librum,
2677 953 2992 1022 Apostolum
3032 954 3399 1023 appellamus;
3453 961 3508 1005 et

1932 1047 2219 1116 Propheta:
2249 1047 2470 1111 librum,
2519 1046 2774 1101 similiter
2829 1045 3155 1114 Prophetam
3203 1060 3502 1108 vocamus,

1934 1140 2164 1210 parique
2207 1139 2367 1193 modo
2397 1137 2760 1206 Evangelistm
2791 1137 3012 1191 librum.
3069 1136 3237 1190 Sacra
3292 1153 3508 1204 quoque

1935 1228 2128 1298 templa
2162 1228 2306 1283 haud
2352 1229 2578 1284 omnino
2611 1245 2733 1283 cum
2768 1229 3036 1284 relatione
3069 1230 3135 1282 ad
3163 1229 3397 1296 aliquem
3425 1229 3508 1281 di-

1933 1321 2131 1387 cimus,
2163 1321 2258 1375 sed
2292 1321 2614 1390 plerumque
2650 1321 2900 1374 absolute
2942 1320 3096 1386 hujus
3134 1320 3344 1374 titulum
3375 1321 3512 1374 dici-

1935 1427 2056 1466 mus
2101 1413 2489 1482 homonymum
2519 1411 2569 1466 ei
2621 1412 2710 1465 cui
2756 1411 3013 1478 templum
3047 1418 3130 1464 est
3181 1411 3506 1469 dedicatum.

1932 1513 2156 1572 propter
2195 1501 2575 1570 appellationis
2609 1502 3056 1555 communionem
3104 1511 3160 1556 et
3206 1502 3509 1555 necessitu-

1936 1595 2139 1650 dinem.
2173 1590 2265 1648 Sic
2292 1593 2458 1648 etiam
2489 1601 2835 1648 terrenorum
2867 1593 3174 1663 principum
3217 1592 3507 1662 imagines,

1938 1693 2222 1754 tantopere
2257 1693 2385 1739 sunt
2429 1683 2664 1738 subditis
2704 1683 3062 1748 honoranda,
3105 1683 3232 1752 quia
3267 1693 3320 1736 et
3355 1682 3512 1737 Chri-

1935 1785 2049 1831 stus
2072 1775 2303 1830 Caesaris
2327 1775 2615 1844 imaginem
2641 1775 2847 1829 honore
2867 1776 3115 1845 dignatus
3145 1784 3249 1829 est.
3272 1773 3513 1842 Denique

1937 1869 2138 1926 nullam
2182 1871 2470 1940 quisquam
2514 1884 2626 1923 rem
2658 1870 2958 1937 comperiet
2984 1909 2999 1934 ,
3039 1884 3159 1939 qua:
3208 1869 3275 1923 ad
3309 1868 3513 1938 aliquid

1938 1972 2000 2018 ut
2040 1964 2108 2018 ad
2144 1961 2448 2032 principale
2496 1959 2759 2023 refertur,
2811 1974 2932 2028 qua;
2976 1959 3047 2014 ob
3093 1959 3145 2013 id
3193 1959 3366 2028 ipsum
3405 1974 3510 2012 non

1937 2063 2318 2124 promereatur
2348 2052 2636 2116 honorem,
2664 2051 2791 2120 quia
2824 2049 2967 2105 illius
2993 2049 3310 2119 principalis
3337 2048 3513 2105 idcam

1937 2146 2147 2216 objicit.
2179 2144 2236 2200 Si
2262 2159 2394 2213 ergo
2417 2145 2534 2199 hare
2563 2143 2788 2198 omnino
2811 2143 3010 2197 dictam
3037 2141 3107 2197 ob
3139 2155 3358 2196 causam
3388 2152 3515 2195 sunt

1938 2239 2278 2294 honorabilia
2308 2277 2324 2302 ,
2357 2252 2456 2292 cur
2493 2237 2596 2290 ista
2627 2250 2746 2304 qua:
2796 2245 2994 2306 prmter
3043 2243 3238 2290 caetera
3281 2234 3512 2304 gloriosa

1939 2337 2087 2394 sunt,
2121 2343 2151 2383 a
2185 2327 2391 2383 Christi
2431 2326 2680 2381 hostibus
2717 2325 3010 2395 ignominia
3057 2323 3364 2395 injuriaque
3402 2324 3518 2380 alli-

1938 2419 2194 2475 ciuutur?
2213 2420 2275 2474 Et
2296 2417 2466 2474 Filius
2487 2418 2705 2489 quidem
2731 2415 2976 2472 utPatris
2992 2417 3170 2487 imago
3193 2418 3513 2473 honoratur.
3535 2464 3538 2466 γ

1938 2510 2100 2582 Atqui
2130 2509 2394 2579 imagines
2426 2517 2671 2576 utrmque
2703 2514 2850 2569 sunt,
2887 2507 3138 2576 idemque
3165 2509 3232 2562 de
3266 2510 3518 2577 utrisque

1943 2601 2000 2655 fit
2031 2613 2241 2662 sermo,
2271 2612 2580 2667 quanquam
2611 2595 2920 2652 substantia
2945 2594 3224 2650 dilferuut.
3248 2600 3362 2666 Age
3389 2612 3519 2650 vero

1942 2690 2082 2760 quod
2113 2689 2388 2757 praecipue
2422 2688 2701 2742 vesaniam
2737 2685 2970 2740 istorum
3012 2685 3520 2754 impudentiamque

1940 2780 2234 2850 objurgat,
2294 2780 2600 2835 addendum
2672 2779 2951 2849 praedictis
3016 2786 3291 2848 superest.
3368 2777 3518 2833 Satis

1941 2885 2134 2927 omnes
2165 2871 2416 2926 novimus
2444 2910 2458 2934 ,
2494 2885 2690 2938 pravos
2732 2871 2898 2924 etiam
2938 2869 3188 2924 homines
3218 2883 3516 2940 pravorum

1942 2973 1997 3019 et
2032 2963 2374 3031 impurorum
2416 2964 2696 3017 hominum
2740 2977 2828 3017 res
2858 2963 3066 3017 honore
3105 2963 3360 3032 prosequi
3389 2963 3520 3018 soli-

1947 3064 2051 3121 tos,
2087 3063 2140 3108 et
2174 3053 2442 3124 imagines
2491 3055 2703 3108 illorum
2739 3054 3019 3109 memoriae
3059 3053 3360 3123 dedicare;
3389 3055 3518 3125 quia

249 3165 372 3210 trav,
412 3147 528 3200 εττε
553 3143 748 3216 ἀγνοίᾳ
782 3143 876 3197 τοῦ
930 3144 1258 3214 κρείττονος,
1313 3147 1424 3199 εῐτε
1473 3146 1683 3216 αἱρέσει
1743 3145 1836 3198 τοῦ

1946 3165 2140 3221 nempe
2168 3165 2345 3205 mores
2374 3147 2590 3202 illorum
2608 3147 2954 3213 aetnulantur,
2977 3157 3030 3201 et
3054 3155 3204 3217 gesta
3234 3147 3519 3216 adamant,

249 3236 690 3310 χείρονος.Ἀλλά
703 3237 832 3306 παρ’
852 3235 1097 3306 Ἕλλησι,
1120 3237 1274 3304 φασὶ,
1305 3238 1399 3289 καλ⁸
1424 3235 1714 3307 Ἑλλήνων,
1742 3237 1837 3288 καὶ

1944 3242 2134 3311 eisque
2166 3256 2266 3296 ceu
2307 3238 2413 3294 sibi
2447 3237 2818 3292 familiaribus
2866 3237 3100 3305 vittaque
3133 3239 3523 3294 consentaneis

246 3331 412 3384 τοῦτο
462 3333 566 3401 τῆς
614 3329 844 3383 ἐκείνων
917 3329 1324 3399 ὲμὸροντησίας
1378 3331 1476 3384 καὶ
1535 3331 1836 3399 παρανοίας

1947 3333 2200 3396 student,
2239 3331 2354 3385 sive
2399 3329 2646 3384 melioris
2676 3329 2752 3384 rei
2784 3329 3086 3398 ignorantia
3118 3372 3133 3396 ,
3170 3331 3287 3385 sive
3315 3329 3520 3400 pejoris

248 3419 407 3484 ἄξιον
431 3436 444 3449 ’
479 3415 590 3490 ἆρα
606 3419 714 3489 γάρ
738 3419 840 3472 οὐκ
865 3417 974 3472 ἔδει
1006 3420 1102 3472 καὶ
1125 3421 1484 3489 Χριστιανοὺς
1507 3421 1578 3473 τὰ
1599 3418 1838 3490 Χριστοῦ

1946 3423 2236 3477 electione.
2268 3422 2376 3476 Sed
2407 3421 2546 3484 haec,
2575 3420 2852 3489 inquiunt,
2877 3420 3094 3474 etlmica
3132 3431 3259 3476 sunt
3289 3433 3342 3477 et
3371 3424 3513 3492 apud
3577 3405 3579 3408 i

251 3511 610 3582 σεϐάσματος
649 3509 852 3572 παντὸς
882 3509 1090 3575 ἀξιοῦν,
1125 3511 1219 3563 καὶ
1266 3511 1337 3564 τά
1364 3512 1473 3564 τῶν
1509 3512 1678 3580 ἁγίων
1702 3513 1839 3563 ἀπο-

1949 3514 2198 3570 ethnicos
2243 3513 2399 3578 fiunt,
2433 3526 2608 3581 eaque
2634 3511 2848 3566 illorum
2883 3511 3187 3568 stoliditate
3225 3523 3280 3568 et
3311 3513 3525 3570 insania

251 3604 554 3674 σεμνύνειν
591 3619 653 3656 τε
705 3602 800 3655 καὶ
850 3601 1236 3668 acumen;
1274 3602 1466 3674 ὥσπερ
1497 3603 1607 3673 γὰρ
1655 3603 1839 3656 αἰτῶν

1952 3607 2112 3674 digna
2143 3615 2290 3660 sunt.
2326 3603 2490 3673 Atqui
2526 3619 2627 3673 ego
2661 3606 2772 3668 aio,
2824 3619 3003 3659 nonne
3036 3613 3313 3673 oporteret
3359 3608 3525 3661 etiam

249 3695 473 3762 ἐναγῶν
509 3692 724 3761 μνῆμαι
770 3691 1060 3760 βδελυκταί
1087 3693 1193 3745 είσι
1218 3693 1315 3746 καί⁵
1339 3692 1666 3764 ἀκάθαρτοι,
1701 3693 1839 3746 οὕτω

1951 3697 2319 3759 Christianos,
2346 3711 2682 3765 quaecunque
2711 3697 2776 3749 ad
2802 3693 3080 3750 Christum
3114 3697 3351 3751 attinent
3379 3700 3525 3752 onmi

248 3786 346 3838 καὶ
377 3785 442 3837 αἱ
469 3781 577 3835 τῶν
604 3781 777 3847 ἁγίων
803 3783 1084 3835 ἀσπασταὶ
1111 3783 1206 3836 καὶ
1229 3783 1509 3853 ἐράσμιοι.

1954 3786 2098 3841 cultu
2125 3785 2376 3856 dignari,
2408 3787 2646 3854 itemque
2680 3801 2767 3840 res
2811 3795 3129 3842 sanctorum
3179 3786 3530 3857 magnificare

247 3888 303 3934 et
336 3876 988 3949 amplecti?Sicuteuim
1013 3878 1300 3949 impiorum
1327 3891 1678 3935 monumenta
1713 3881 2080 3938 abominanda
2131 3889 2259 3937 sunt
2323 3889 2379 3936 et
2398 3879 2625 3952 polluta,
2655 3880 2728 3935 ita
2781 3891 3098 3938 sanctorum
3152 3881 3527 3953 amplectenda

247 3987 427 4045 atque
471 3974 748 4028 amabilia.

325 4068 438 4134 ξω.
472 4065 570 4129 Τίς
597 4065 706 4136 γὰρ
739 4065 801 4119 οὐ
832 4066 1145 4137 συμφήσειε
1195 4068 1305 4122 τῶν
1332 4068 1458 4122 νοῦν
1494 4070 1750 4140 ἐχόντων,
1773 4070 1854 4124 ὅτι

255 4166 304 4218 τί
344 4163 464 4219 τῶν
514 4161 738 4232 φαύλων
777 4163 1107 4234 ἀρχετύπων
1158 4164 1338 4234 φαῦλα
1379 4167 1447 4220 τὰ
1471 4166 1851 4238 είκονίσματα,

254 4256 318 4321 ἐξ
351 4255 610 4325 ἀνάγκης
632 4254 729 4308 καὶ
757 4254 826 4307 τὰ
851 4253 960 4306 τῶν
1007 4255 1173 4325 ἱερῶν
1199 4257 1293 4309 καὶ
1325 4257 1495 4325 ἁγίων
1525 4257 1855 4327 ἀρχετύπων

254 4349 385 4418 ιερά
447 4363 511 4400 τε
561 4347 656 4400 καὶ
711 4348 844 4416 ἅγια
898 4348 967 4403 τὰ
1011 4349 1442 4420 ἀπεικάσματα;
1476 4345 1560 4415 εἷς
1599 4353 1708 4425 γὰρ
1764 4353 1852 4405 ἐπ’

255 4441 475 4509 ἀμφοῖν
503 4439 532 4491 ὁ
560 4438 740 4514 λόγος,
771 4438 911 4492 καθὸ
939 4441 1149 4505 είκόνες
1170 4457 1184 4470 °
1217 4442 1267 4493 εί
1295 4442 1388 4494 καὶ
1429 4441 1604 4506 ἄλλως
1625 4444 1694 4496 τὰ
1747 4444 1843 4496 ἀπ’

2023 4063 2113 4118 6|.
2133 4057 2265 4131 Quis
2285 4061 2431 4118 enim
2451 4062 2671 4118 sobrius
2692 4079 2799 4118 non
2825 4063 3117 4130 concedet,
3141 4066 3284 4134 quod
3304 4066 3348 4121 si
3367 4067 3524 4124 mala:

1951 4155 2126 4223 frugis
2160 4155 2584 4227 archetyporum
2631 4156 2790 4211 malae
2831 4168 2961 4211 sunt
2995 4157 3262 4228 imagines
3291 4197 3307 4225 ,
3341 4173 3532 4214 neces-

1952 4250 2102 4305 sario
2130 4259 2610 4304 sacrosanctorum
2635 4263 2852 4319 quoque
2889 4249 3311 4322 archetyporum
3337 4267 3530 4308 sacro-

1950 4353 2155 4399 sancta:
2179 4343 2444 4414 imagines
2466 4343 2635 4399 sunt?
2660 4343 2803 4399 Idem
2827 4344 2972 4399 enim
2995 4345 3061 4400 de
3085 4345 3333 4416 utrisque
3349 4360 3530 4402 sermo

1913 4489 1922 4508 ,
1954 4435 2134 4501 valet,
2165 4443 2435 4505 quatenus
2462 4435 2728 4506 imagines
2753 4445 2911 4500 sunt;
2940 4436 3156 4491 etiamsi
3186 4453 3305 4506 qua:
3349 4439 3414 4492 iis
3445 4439 3529 4493 in-

253 4531 446 4584 αύτῶν
484 4531 752 4600 νοούμενα
821 4531 917 4584 καὶ
941 4533 1270 4603 δηλούμενα,
1327 4534 1530 4604 πολλὴν
1593 4535 1839 4604 ἐμφαίνει

1957 4527 2276 4596 telliguntur
2323 4541 2390 4583 ac
2435 4529 2784 4591 denotautur,
2837 4527 3064 4582 multam
3122 4530 3528 4601 immanemque

254 4625 354 4677 καὶ
410 4621 766 4692 ἀσυγκρίτως
801 4623 902 4692 τὴν
957 4624 1222 4693 διαφοράν
1250 4642 1264 4655 ο
1295 4625 1432 4678 ἀλλά
1459 4625 1618 4695 δῆλον
1658 4625 1732 4689 ὡς
1783 4625 1853 4679 τὰ

253 4715 356 4768 τοῦ
384 4713 640 4785 Χριστοῦ
686 4712 875 4766 τέλεον
907 4713 1262 4785 ἠθετηκότες,
1293 4715 1386 4769 καὶ
1424 4715 1534 4768 τῶν
1563 4715 1852 4786 μακαρίων

254 4806 499 4859 ἐκείνων
529 4803 743 4876 ἀνδρῶν
780 4803 872 4857 τὸν
904 4804 1019 4875 βίον
1058 4806 1155 4859 καὶ
1198 4805 1298 4869 τὰς
1326 4807 1551 4877 ἀρετὰς,
1579 4807 1649 4861 τά
1671 4825 1728 4861 τε
1757 4809 1854 4861 ἀν-

254 4892 680 4964 δραγαθήματα
718 4892 1148 4963 βδελυττόμενοι,
1186 4895 1279 4946 καὶ
1307 4896 1400 4948 ἐπὶ
1448 4896 1586 4968 μόνῃ
1619 4899 1683 4966 τῇ
1718 4896 1854 4967 μνή-

260 5001 338 5055 μῃ
376 4981 575 5038 αὐτῶν
615 4982 1029 5053 δυσχεραίνουσί
1049 5000 1109 5036 τε
1140 4985 1237 5037 καί⁹
1277 4985 1569 5055 ἄχθονται·
1603 4987 1728 5040 ἐπεὶ
1756 4987 1852 5040 καὶ

259 5078 374 5127 πᾶν
403 5071 622 5141 ἀγαθὸν
650 5073 884 5140 φευκτὸν
915 5072 1196 5143 ἡγοῦνται,
1223 5074 1320 5128 καὶ
1348 5075 1457 5128 πᾶν
1479 5075 1684 5145 φαῦλον
1705 5079 1853 5148 αἱρε-

256 5164 375 5226 τὸν,
419 5161 536 5215 καὶ
583 5161 878 5231 βαρύτατοι
917 5163 1100 5221 αὐτοῖς
1131 5164 1267 5214 εἰσιν
1289 5164 1339 5215 οἱ
1381 5164 1524 5232 ἆγιοι
1568 5165 1743 5218 καὶέν
1771 5165 1852 5217 εί-

257 5254 382 5306 κόνι
426 5251 779 5322 βλεπόμενοι.
809 5251 874 5303 Ὢ
895 5251 993 5321 τῆς
1011 5251 1378 5323 ἀναλγησίαςι
1401 5253 1446 5308 ὣ
1468 5255 1567 5326 τῆς
1592 5255 1852 5328 ἀναισθη-

260 5343 385 5406 σίας
415 5344 430 5396 ί
470 5343 586 5396 πᾶν
621 5341 772 5405 ἔθνος
799 5342 866 5396 τὰ
897 5345 965 5412 τῇ
1003 5341 1270 5414 θρησκείᾳ
1297 5346 1644 5415 προσήκοντα
1681 5363 1852 5419 προσ-

262 5436 522 5504 ηκόντως
553 5435 692 5504 τιμᾷ
737 5431 831 5486 καὶ
878 5433 1157 5504 περιέπει,
1183 5433 1383 5503 νόμους
1410 5452 1472 5488 τε
1507 5437 1599 5489 καὶ
1629 5438 1724 5508 ἔθη
1759 5438 1853 5491 καὶ

258 5526 362 5590 τὰς
394 5523 618 5582 ἄνωθεν
668 5525 850 5589 αὐτοῖς
890 5526 1335 5597 παραδεδομένας
1369 5529 1426 5579 ὲν
1453 5527 1531 5597 τῷ
1575 5529 1674 5599 βίῳ
1711 5531 1852 5601 μυή-

263 5634 402 5684 σεις,
463 5616 903 5689 ἀπαρατρώτους
972 5617 1259 5688 διατηρεῖ·
1325 5618 1474 5687 μόνοι
1524 5619 1581 5672 δὲ
1634 5621 1852 5674 πάντων

259 5709 616 5780 Χριστιανοὶ,
645 5711 746 5781 τῆς
776 5709 844 5762 δι’
877 5705 946 5782 ἧς
971 5708 1297 5780 σεσώσμεθα
1326 5709 1422 5763 τοῦ
1452 5710 1613 5779 λόγου
1649 5729 1852 5780 συγκα-

261 5799 582 5867 ταόάσεως,
617 5801 682 5856 τὰ
714 5799 960 5872 σύμϐολά
984 5817 1039 5854 τε
1076 5803 1167 5855 καὶ
1197 5802 1568 5873 ὑπομνήματα
1597 5805 1850 5875 avom-aia

1955 4617 2323 4673 din‘erentiam
2360 4619 2582 4674 habent.
2627 4616 2735 4674 Sed
2777 4620 3118 4674 notissimum
3147 4629 3256 4687 est,
3291 4621 3391 4677 hos
3436 4625 3528 4693 qui

1953 4709 2175 4764 Christo
2227 4710 2448 4779 penitus
2490 4712 2609 4765 vale
2653 4712 2952 4777 dixerunt,
2987 4713 3276 4769 beatorum
3314 4731 3530 4788 quoque

1955 4797 2173 4852 illorum
2191 4799 2431 4853 virorum
2473 4801 2637 4853 vitam
2663 4800 3004 4871 virtutesque
3026 4813 3080 4857 et
3101 4803 3260 4858 fortia
3286 4804 3530 4861 facinora

1954 4888 2251 4951 detestari.
2291 4904 2356 4944 ac
2380 4890 2466 4945 vel
2498 4890 2612 4945 sola
2651 4891 2889 4960 ipsorum
2921 4895 3183 4950 memoria
3217 4901 3530 4968 eanperari

1955 4989 2011 5034 et
2037 4981 2184 5051 angi.
2218 4978 2352 5035 Nam
2393 4982 2662 5052 quidquid
2692 4983 2849 5038 bona;
2883 4982 3053 5054 frugis
3085 4998 3212 5050 est,
3244 4990 3523 5042 vitandum

1958 5082 2215 5140 censent,
2254 5074 2452 5128 malum
2484 5075 2646 5146 130
2673 5087 2863 5131 contra
2888 5077 3221 5148 eligendum,
3257 5081 3529 5135 molestis-

1959 5163 2191 5234 simique
2228 5166 2358 5234 ipsis
2379 5169 2551 5222 sancti
2580 5175 2708 5222 sunt
2740 5169 2904 5224 etiam
2937 5171 2988 5224 in
3015 5172 3250 5239 imagine
3277 5174 3527 5240 spectati.

1954 5257 1999 5312 0
2023 5257 2410 5312 stoliditatem!
2453 5273 2488 5313 0
2515 5262 2825 5328 stuporem!
2881 5262 3268 5331 Unusquisque
3298 5265 3531 5333 populus

1955 5364 2044 5404 res
2093 5363 2252 5405 sacro
2305 5349 2474 5406 cultui
2507 5367 2774 5423 congruas
2811 5363 3174 5424 congruenter
3211 5355 3439 5411 honorat
3479 5372 3533 5413 et

1955 5441 2087 5496 colit
2112 5483 2126 5506 ,
2163 5441 2344 5513 leges,
2397 5443 2534 5498 ritus
2563 5483 2578 5507 ,
2615 5446 2842 5500 traditas
2877 5446 3008 5515 ipsis
3055 5445 3362 5515 antiquitus
3410 5448 3534 5504 vita:

1955 5533 2180 5600 agendae
2223 5533 2504 5588 doctrinas
2547 5535 2832 5591 inviolatae
2867 5535 3205 5592 custodiunt.
3255 5537 3370 5594 Soli
3418 5555 3535 5595 om-

1957 5623 2104 5677 nium
2135 5623 2431 5679 Christiani
2467 5626 2685 5691 divinas,
2714 5643 2817 5698 qna
2846 5627 2978 5682 salvi
3001 5643 3210 5695 sumus,
3249 5630 3534 5704 indulgen-

1957 5713 2045 5768 tiae
2080 5716 2327 5784 symbola
2359 5726 2414 5769 et
2443 5731 2793 5772 monumenta
2827 5718 2992 5773 stulte
3015 5722 3360 5792 despiciunt;
3395 5742 3533 5796 quos

1956 5816 2227 5863 ooorteret
2267 5807 2638 5866 vehementius
2677 5810 2789 5868 haec
2819 5811 3020 5883 colere,
3057 5830 3216 5888 quam
3249 5810 3532 5878 sua‘cate-
