4072 6324
562 367 667 434 487

1590 357 1649 416 S.
1690 351 2105 415 NICEPHORI
2141 348 2646 412 PATRIABCHAE
2685 347 2793 408 CP.

3714 341 3824 406 £88

545 496 691 546 rus;
723 478 847 551 quia
872 487 927 530 et
949 487 1092 528 verae
1114 470 1366 526 utilitatis
1390 467 1635 523 notitiam
1666 481 1766 520 nos
1792 481 1900 535 prre
1926 465 2140 520 caeteris

2275 481 2424 526 οντες
2449 463 2802 517 διαπτύουσιν
2823 477 2836 490 ⁸
2871 459 2963 522 οὓς
2993 457 3101 511 ἔδει
3132 456 3294 510 πλέον
3317 458 3488 510 ταῦτα
3515 458 3824 531 γεραίρειν,

573 573 828 628 omnibus
871 567 1162 638 pleniorem
1199 562 1510 626 hausimus;
1559 559 1758 628 quippe
1791 558 1882 628 qui
1926 569 1980 611 et
2022 573 2144 612 esse

575 665 771 730 Deum,
804 671 858 718 et
888 660 1128 716 omnium
1160 671 1338 710 rerum
1372 668 1592 708 causam
1625 667 1748 706 esse
1773 651 2144 706 continentem

572 767 628 813 et
651 754 1108 817 conservatricem
1132 747 1424 802 credimus.
1459 743 1595 809 lloc,
1626 744 1872 813 inquam,
1901 744 2001 797 nisi
2020 741 2146 796 faci-

537 855 738 912 'mus,
790 860 968 901 nonne
1019 856 1289 898 summum
1348 838 1645 910 impietatis
1686 846 1849 905 atque
1893 834 2144 891 atlteismi

573 941 783 994 culmen
812 946 1055 990 tenemus
1073 935 1086 987 l

645 1116 734 1171 62.
772 1116 998 1183 Dignum
1028 1111 1235 1182 judico,
1266 1110 1465 1166 idoneo
1489 1122 1633 1163 nunc
1664 1116 1927 1175 tempore,
1965 1104 2148 1158 dicere

579 1209 748 1264 etiam
778 1207 1049 1276 quodnam
1084 1206 1138 1259 hi
1174 1205 1450 1258 hominum
1481 1215 1652 1270 genus
1693 1199 1834 1261 sint,
1870 1209 1925 1252 et
1957 1197 2146 1266 cujus-

581 1316 704 1366 nam
743 1301 868 1352 vitae
901 1313 964 1352 ac
997 1312 1206 1352 morum
1235 1313 1250 1361 ;
1297 1309 1359 1350 ac
1389 1293 1554 1347 veluti
1589 1292 1836 1359 catalogo
1877 1304 2148 1360 exponere

585 1392 764 1446 studia
795 1405 983 1444 eorum
1017 1397 1073 1442 et
1112 1387 1532 1455 occupationes;
1582 1398 1811 1459 quorum
1843 1397 1909 1435 ex
1955 1383 2066 1435 vita
2095 1389 2151 1434 et

582 1481 808 1551 reliquis
858 1479 1155 1544 institutis,
1205 1479 1456 1548 dogmata
1501 1489 1716 1544 quoque
1748 1473 2150 1534 inclarescent;

585 1587 820 1640 namque
845 1586 909 1624 ex
942 1570 1121 1623 fructu
1143 1570 1322 1624 .arhnr
1353 1576 1732 1637 cognoscetur.
1761 1564 1924 1633 Ergo,
1957 1573 2014 1616 ut
2037 1577 2154 1615 cer-

580 1666 799 1728 nimus,
843 1661 1095 1732 plerique
1129 1661 1318 1714 horum
1358 1659 1500 1712 nulla
1556 1657 1784 1711 scientia
1816 1654 2150 1710 autinstitu-

591 1755 741 1808 tione
765 1753 959 1806 imbuti
985 1763 1136 1817 sunt,
1170 1759 1332 1818 atque
1366 1749 1479 1818 ipsa
1512 1747 1902 1802 elementorum
1935 1744 2150 1797 nomina

2246 555 2383 626 ῆτὰ
2439 553 2648 606 ἑαυτῶν
2707 549 3110 622 ἑτέρουςοὲπεὶ
3165 549 3260 601 καὶ
3304 547 3404 618 τὴν
3454 547 3657 615 γνῶσιν
3713 551 3826 600 τῶν

2248 647 2657 716 συμφερόντων,
2686 644 2796 694 τῶν
2819 642 2996 695 ἄλλων
3018 641 3273 693 ἁπάντων
3301 637 3464 690 πλέον
3497 639 3826 708 εἰλήφαμεν,

2248 736 2438 805 ὥσπερ
2485 737 2616 804 ἡμῖν
2650 732 2746 784 καὶ
2797 731 2878 784 ὅτι
2935 730 3049 781 ἔστι
3089 726 3244 789 Θεὸς,
3276 729 3371 779 καὶ
3404 725 3625 781 πάντων
3675 729 3829 779 αἰτία

2249 827 2543 894 συνεκτική
2597 841 2657 876 τε
2701 823 2797 878 καὶ
2836 819 3175 892 φρουρητικὴ
3219 818 3581 872 πεπίστευται
3606 835 3618 846 ·
3656 819 3830 872 ταῦτα

2248 925 2412 986 ποίας
2475 921 2823 992 παρανομίας
2904 920 3000 975 καὶ
3067 919 3269 980 ,ἀθεῖας
3350 917 3654 988 ὑπερϐολὴν
3729 917 3831 983 οὐχ

2252 1015 2540 1084 ὑπεραίρει
2561 1017 2574 1067 !

2321 1106 2421 1176 ξβ’.
2488 1106 2671 1170 ’Ἄξιον
2709 1103 2764 1158 δὲ
2804 1099 2958 1171 οἶμαι
3001 1102 3287 1164 ἐνστάντος
3328 1097 3522 1169 καιροῦ
3553 1097 3834 1151 καὶτοῦτο

2249 1199 2447 1260 εἰπεῖν,
2477 1196 2620 1258 τίνες
2662 1213 2722 1248 τε
2769 1189 2915 1247 οὗτοί
2965 1196 3092 1258 είσι,
3127 1198 3218 1246 καὶ
3259 1193 3357 1262 τῆς
3396 1191 3555 1252 ποίας
3601 1190 3832 1258 ἀγωγῆς

2231 1292 2348 1342 ,καὶ
2397 1287 2660 1357 βιώσεως,
2685 1285 2790 1339 καὶ
2831 1284 2906 1346 ὡς
2942 1285 3000 1336 ὲν
3038 1283 3324 1353 καταλόγῳ
3369 1281 3472 1334 τινί
3517 1281 3583 1333 τὰ
3624 1280 3833 1332 τούτων

2231 1377 2592 1448 ,ἀνακηρύξαι
2617 1375 2947 1448 φρονήματά
2984 1375 3162 1428 τεκαὶ
3189 1373 3599 1443 ἐπιτηδεύματα
3622 1389 3635 1402 ⁸
3667 1365 3741 1425 ὧν
3767 1374 3834 1424 ὲκ

2249 1470 2344 1522 τοῦ
2383 1469 2586 1538 τρόπου
2627 1467 2839 1521 καὶτοῦ
2874 1466 2988 1536 βίου
3020 1466 3114 1518 καὶ
3141 1464 3833 1535 τῆς-ἄλλης-ἀναστροφῆς.

2252 1561 2347 1615 καὶ
2377 1561 2444 1613 τὰ
2467 1559 2561 1612 τοῦ
2590 1559 2858 1627 δόγματος
2901 1557 3124 1626 ἐμφανῆ
3159 1556 3565 1624 καταστήσεται
3599 1573 3612 1586 ⁸
3639 1556 3702 1607 ἐκ
3727 1555 3836 1624 γὰρ

2251 1656 2346 1710 τοῦ
2401 1655 2616 1726 καρποῦ
2675 1654 2736 1708 τὸ
2773 1654 2989 1724 δένδρον
3023 1651 3420 1720 γνωσθήσεται.
3479 1652 3570 1714 Ὧς
3619 1649 3838 1720 ὁρῶμεν

2254 1749 2362 1818 γὰρ
2404 1749 2453 1800 oi
2495 1746 2713 1809 πλείους
2758 1745 2938 1799 αὐτῶν
2991 1743 3246 1812 γνώσεως
3288 1744 3320 1813 ἢ
3374 1742 3708 1804 παιδεύσεως
3740 1742 3841 1810 τῆς

582 1847 858 1916 ignorant,
886 1845 995 1898 imo
1022 1844 1185 1897 etiam
1217 1855 1402 1894 earum
1428 1854 1607 1893 rerum
1634 1837 1906 1892 studiosos
1927 1835 2157 1888 subsan-

2270 1839 2508 1894 5πωσοῦν
2539 1841 2740 1910 ἥκιστα
2772 1836 3252 1907 μεταποιούμενοι,
3290 1835 3384 1887 καὶ
3417 1834 3524 1896 τῶν
3561 1835 3840 1902 στοιχείων

585 1949 721 1992 nant
759 1947 923 2004 atque
963 1933 1285 2002 obiurgant,
1336 1946 1458 1984 nam
1503 1929 1839 1998 disciplinam
1874 1937 2030 1995 atque
2066 1943 2160 1980 sa-

582 2030 837 2098 pientiam
854 2027 1000 2094 impii
1023 2025 1306 2091 despiciant
1333 2061 1348 2087 ,
1371 2023 1448 2076 uti
1479 2021 1744 2088 scriptum
1773 2027 1859 2074 est
1883 2020 1950 2072 ⁷³.
1978 2018 2161 2073 lludes

585 2133 716 2186 ergo
756 2132 879 2172 cum
932 2117 1040 2170 sint
1077 2126 1132 2168 et
1182 2115 1392 2184 ignari,
1433 2113 1867 2182 intemperanter
1921 2109 2159 2164 inconti—

587 2219 892 2275 nenterque
922 2208 974 2260 in
1011 2205 1156 2258 omni
1189 2205 1300 2258 vita
1331 2204 1543 2272 degunt
1576 2219 1590 2255 :
1627 2201 1944 2270 nullumque
1973 2198 2165 2267 nequi-

589 2303 908 2369 tiazgenus
956 2306 1248 2359 recusant,
1304 2297 1504 2350 suimet
1558 2305 1865 2358 amatores,
1923 2291 2165 2361 pecunia:

597 2393 803 2461 cupidi,
830 2391 978 2453 vani,
1001 2389 1241 2457 superbi,
1281 2385 1579 2457 blasphemi
1617 2385 1752 2454 (7i).
1785 2393 2162 2447 contumaces,

588 2483 810 2552 ingrati,
845 2479 1084 2550 profani,
1115 2480 1232 2532 sine
1274 2476 1656 2532 al‘feetioneac
1703 2475 1930 2540 findere,
1962 2473 2168 2530 calum-

590 2573 831 2626 niatores
861 2610 876 2636 ,
929 2570 1371 2632 incontinentes,
1422 2567 1592 2633 sani,
1637 2569 1816 2622 omnis
1873 2567 2027 2620 bona:
2088 2564 2167 2617 rei

591 2678 804 2729 osores,
831 2661 1093 2730 protervi,
1115 2670 1454 2729 arrogantes,
1484 2660 1779 2729 voluptatis
1805 2662 1983 2730 potius
2005 2673 2167 2727 quam

591 2755 1006 2810 Deiamatores.
1040 2751 1145 2805 Sed
1169 2768 1332 2820 parva
1365 2759 1492 2805 sunt
1520 2751 1656 2814 hare,
1689 2751 1904 2804 etiamsi
1932 2750 2169 2805 maxime

593 2847 1070 2918 reprehensibilia,
1097 2845 1241 2912 apud
1271 2861 1392 2897 eum
1421 2846 1510 2913 qui
1539 2844 1842 2913 hujusutodi
1864 2843 2167 2912 catalogutn

592 2938 941 2994 scribendum
991 2935 1241 3004 suscipit.
1277 2934 1482 2988 Addam
1516 2935 1677 2986 etiam
1706 2976 1720 2999 ,
1760 2934 1858 2988 hos
1885 2947 2006 2988 esse
2039 2947 2170 2988 con-

593 3030 882 3087 viciatores
909 3068 924 3094 ,
952 3027 1434 3090 innuisericordes,
1467 3025 1743 3094 juratores
1780 3026 2004 3094 passim,
2045 3042 2170 3096 per-

2260 1929 2441 1982 αὐτῶν
2495 1928 2595 1991 τὰς
2656 1927 2955 1996 ὀνομασίας
3007 1923 3362 1993 ἠγνοηκότες,
3415 1922 3514 1992 ἤδη
3571 1923 3666 1975 καὶ
3717 1921 3843 1984 τοὺς

2262 2017 2657 2087 ἀντεχομένους
2683 2015 3081 2086 μυκτηρίζουσι
3099 2014 3192 2067 καὶ
3213 2011 3496 2076 κακίζουσι
3519 2026 3534 2043 ⁸
3561 2010 3844 2066 Παιδείαν

2263 2109 2372 2177 γὰρ
2406 2107 2505 2162 καὶ
2559 2111 2784 2176 σοφίαν
2831 2106 3069 2171 ἀσεϐεῖς
3115 2105 3613 2170 ἐξουθενήσουσι,
3641 2106 3844 2174 γέγραο

2264 2219 2398 2254 πται
2439 2217 2454 2233 ⁸
2495 2199 2727 2270 ἀμαθεῖς
2768 2199 2826 2253 δὲ
2869 2200 3021 2262 ὅντες
3069 2200 3164 2252 καὶ
3209 2198 3549 2262 ἀπαίδευτοι,
3583 2196 3845 2268 ἀκολασίᾳ

2266 2294 2360 2346 καὶ
2398 2293 2606 2362 ἀσωτίᾳ.
2639 2291 2791 2362 παρὰ
2834 2291 3015 2344 πάντα
3057 2290 3148 2343 τὸν
3185 2289 3298 2358 βίον
3329 2290 3532 2352 συζῶσι
3566 2308 3580 2320 ⁸
3614 2291 3708 2344 καὶ
3745 2292 3845 2344 οὐκ

2267 2385 2412 2438 ἐστιν
2429 2385 2458 2437 ὂ
2479 2384 2556 2454 μὴ
2575 2384 2683 2438 τῶν
2708 2384 2930 2453 φαύλων
2961 2385 3144 2446 αὐτοῖς
3167 2385 3382 2453 αἱρετόν
3403 2385 3544 2445 ἐστι,
3570 2383 3842 2450 φίλαυτοι,

2269 2479 2638 2551 φιλάργυροι,
2693 2477 2951 2542 ἀλαζόνες
2975 2520 2989 2544 ,
3053 2477 3397 2548 ὑπερήφανοι
3427 2514 3442 2538 ,
3492 2475 3841 2545 βλάσφημοι,

2268 2573 2538 2636 ἀπειθεῖς,
2581 2573 2891 2643 ἀχάριστοι,
2945 2570 3175 2633 ἀνόσιοι,
3231 2570 3516 2639 ἄστοργοι,
3565 2567 3842 2631 ἄσπονδοι,

2267 2661 2530 2728 διάϐολοι,
2583 2663 2867 2731 ἀκρατεῖς,
2901 2658 3190 2729 ἀνήμεροι,
3234 2658 3595 2727 ἀφιλάγαθοι,
3641 2673 3847 2728 προπε-

2269 2759 2404 2820 τεῖς,
2435 2755 2834 2826 τετυφωμένοι,
2855 2755 3129 2825 φιλήδονοι
3151 2752 3399 2822 μᾶλλονῆ
3420 2751 3657 2821 φιλόθεοι
3674 2769 3688 2782 ⁸
3712 2751 3847 2804 ἀλλὰ

2275 2847 2452 2918 μικρά
2485 2848 2681 2914 ταῦτα,
2718 2849 2901 2902 καίτοι
2932 2847 3166 2916 μέγιστα
3194 2848 3274 2909 εἰς
3309 2845 3670 2915 κατηγορίαν,
3696 2843 3846 2912 παρὰ

2270 2941 2348 3012 τῷ
2395 2943 2697 3012 γεγραφότι
2753 2941 2981 2994 τουτωνὶ
3018 2940 3111 2993 τὸν
3164 2939 3466 3005 κατάλογον
3501 2953 3516 2969 ⁸
3555 2937 3847 3008 προσθείην

2270 3035 2315 3088 δ’
2349 3033 2415 3087 ἂν
2446 3034 2527 3087 ὅτι
2564 3034 2660 3086 καὶ
2697 3031 2928 3102 λοίδοροι
2975 3031 3070 3084 καὶ
3111 3030 3497 3099 ἀνελεήμονες,
3531 3028 3846 3098 πολύορκοι,

590 3124 766 3195 juros,
797 3121 1116 3191 sacrilegos,
1147 3119 1504 3188 pompaticos,
1529 3133 1681 3172 vanu:
1703 3119 1889 3190 gloria:
1915 3120 2166 3188 cupidos,

2272 3125 2542 3194 ἐπίορκοι,
2568 3123 2854 3194 ἱερόσυλοι,
2875 3120 3218 3192 φιλόκοσμοι,
3240 3119 3530 3188 φιλόδοξοι,
3559 3119 3844 3190 πρόσυλοι,

597 3213 832 3269 terrenis
859 3212 1020 3266 rebus
1042 3211 1310 3273 addictos,
1331 3210 1510 3263 anima
1530 3226 1592 3264 ac
1609 3222 1786 3266 mente
1807 3211 2164 3279 eﬂeminatos,

597 3305 867 3369 ebriosos,
896 3303 1164 3372 stupidus,
1205 3303 1453 3369 stolidos,
1491 3316 1744 3369 vesanus,
1781 3305 2031 3359 carnales
2052 3321 2170 3360 om-

604 3401 736 3455 nino
778 3408 836 3454 et
861 3397 930 3451 ad
963 3397 1146 3450 intima
1171 3411 1396 3464 quaeque
1429 3410 1627 3464 pronos
1661 3413 1674 3448 :
1705 3398 1903 3450 mundo
1933 3407 1986 3449 et
2016 3413 2170 3450 Inun-

600 3491 756 3546 danis
786 3490 946 3543 rebus
969 3489 1250 3542 devinctos
1271 3525 1287 3551 ,
1322 3487 1496 3540 ventri
1529 3496 1738 3540 tantum
1768 3488 2128 3548 inservientes
2151 3525 2167 3548 .

601 3592 657 3636 et
712 3583 952 3636 omnium
999 3579 1064 3632 ad
1120 3589 1362 3633 ventrem
1412 3578 1803 3647 pertinentium
1857 3579 2168 3644 studiosos,

603 3682 784 3741 utpote
827 3669 1116 3740 pecudales
1147 3681 1202 3724 ct
1235 3670 1640 3725 irrationalium
1676 3671 1973 3727 bestiarum
2004 3673 2168 3725 vitam

601 3764 944 3818 zcmulantes.
980 3762 1119 3818 Sunt
1146 3773 1408 3832 praeterea
1440 3764 1705 3834 turpesin
1742 3763 2086 3828 occursibus,
2116 3763 2170 3818 in

601 3873 856 3914 sermone
889 3867 1072 3912 autem
1113 3867 1168 3912 et
1197 3859 1614 3912 conversatione
1640 3858 1915 3926 turpiores
1947 3874 1960 3910 :
1992 3857 2172 3911 verbis

603 3962 893 4017 pugnaces,
929 3949 1170 4003 iracundi
1194 3988 1208 4013 ,
1235 3949 1590 4014 contentiosi,
1618 3947 1816 4018 iurgiis
1844 3949 2168 4018 gaudentes,

601 4048 657 4096 et
698 4040 873 4095 aliena
897 4043 1018 4108 jura
1057 4041 1394 4095 invadentes.
1425 4039 1592 4096 Iidem
1639 4039 1932 4095 tribunalia
1966 4046 2172 4105 terunt,

602 4137 1101 4192 centroversiarunt
1170 4135 1456 4204 liliumque
1530 4136 1800 4200 studiosi;
1860 4133 2170 4192 libellorum

604 4237 856 4280 auctores
882 4226 1229 4294 iniquorum,
1259 4226 1455 4295 quibus
1482 4228 1744 4280 adversus
1774 4228 2082 4293 proximum
2107 4224 2175 4279 ab

606 4318 869 4386 improbis
901 4324 1187 4373 struuntur
1222 4317 1546 4379 calumnia};
1583 4325 1792 4370 metunt
1831 4317 1920 4371 ubi
1954 4331 2060 4370 non
2088 4330 2178 4370 se-

603 4420 832 4475 verunt,
872 4416 1204 4478 congregant
1235 4407 1324 4460 ubi
1361 4422 1464 4460 non
1507 4416 1870 4475 sparserunt,
1899 4407 2179 4475 quodlibet

2274 3217 2545 3286 ἐμπαθεῖς
2597 3215 2696 3285 τὴν
2755 3214 2933 3284 ψυχὴν
2983 3215 3078 3267 καὶ
3136 3212 3236 3282 τὴν
3277 3212 3540 3277 διάνοιαν,
3575 3213 3846 3280 πάροινοι,

2275 3305 2656 3378 παραπλῆγες,
2722 3307 3093 3374 παράφρονες,
3144 3305 3396 3373 ἀνόητοι,
3443 3307 3749 3373 σωματικοὶ
3787 3305 3850 3357 τὸ

2278 3401 2385 3452 πᾶν
2418 3399 2515 3452 καὶ
2541 3399 2707 3466 ξκάτω
2745 3397 2990 3459 νεύοντες
3020 3414 3034 3427 ⁸
3067 3396 3255 3466 κόσμῳ
3302 3413 3360 3448 τε
3401 3397 3494 3450 καὶ
3527 3399 3640 3458 τοῖς
3668 3399 3725 3448 ἐν
3773 3396 3848 3465 τῷ

2277 3493 2471 3562 κόσμῳ
2505 3490 2831 3562 ἡττώμενοι,
2864 3492 2958 3542 καί
2982 3493 3046 3559 τῇ
3073 3490 3276 3559 γαστρὶ
3313 3489 3447 3560 μόνῃ
3479 3488 3845 3558 δουλούμενοι,

2278 3583 2371 3634 καὶ
2404 3582 2504 3634 ὃσα
2541 3581 2671 3651 περὶ
2717 3583 2816 3650 τὴν
2868 3581 3110 3650 γαστέρα
3154 3577 3568 3642 σπουδάζοντες,
3599 3572 3684 3629 οἷα
3719 3594 3850 3645 κτη-

2277 3675 2462 3738 νώδεις
2490 3675 2583 3726 καὶ
2605 3674 2696 3726 τὸν
2740 3673 2850 3725 τῶν
2880 3672 3092 3739 ἀλόγων
3133 3671 3289 3735 ζώων
3333 3671 3448 3742 βίον
3483 3669 3845 3741 ζηλώσαντες.

2277 3767 2506 3836 Αίσχροὶ
2561 3765 2690 3836 περὶ
2734 3764 2833 3834 τὴν
2872 3762 3131 3827 ἔντευξιν,
3181 3745 3274 3829 καὶ
3325 3766 3422 3834 τὴν
3486 3764 3706 3834 ὁμιλίαν
3761 3765 3852 3818 καὶ

2280 3857 2570 3910 συνουσίαν
2620 3856 2961 3928 αίσχρότεροι
2994 3868 3010 3884 ⁸
3060 3858 3156 3908 καὶ
3212 3855 3303 3908 τὸν
3361 3855 3523 3924 λόγον
3575 3857 3851 3926 μάχιμοι,

2277 3947 2510 4018 ὀργίλοι,
2557 3947 2874 4017 φιλόνεικοι,
2933 3949 3134 4017 μάχαις
3193 3947 3496 4018 χαίροντες,
3550 3951 3644 4000 καὶ
3680 3948 3856 4012 δίκαις

2280 4041 2590 4111 ἀλλοτρίαις
2641 4039 3063 4108 ἐπεμϐαίνοντες
3095 4055 3108 4068 ⁸
3142 4039 3208 4092 τὰ
3250 4039 3580 4110 δικαστήρια
3627 4057 3854 4110 περιπο-

2281 4130 2521 4195 λοῦντες,
2569 4129 2863 4200 φιλέριδες,
2913 4130 3175 4199 φιλόδικοι
3205 4144 3218 4158 ⁸
3258 4127 3661 4201 γραμματείοις
3717 4129 3859 4198 φαύ-

2281 4223 2432 4289 λοις,
2493 4226 2550 4276 ὲν
2610 4217 2689 4286 οἷς
2740 4222 2868 4275 τῶν-
2895 4223 3125 4293 πλησίον
3171 4225 3228 4274 ai
3277 4222 3520 4277 διαϐολαὶ
3560 4223 3710 4293 παρά
3753 4223 3862 4276 τῶν

2285 4314 2503 4382 φαύλων
2561 4313 3230 4382 συντίθενταιλαίοοντες
3263 4329 3277 4344 ⁸
3312 4313 3623 4384 θερίζοντες
3662 4307 3724 4367 οὗ
3785 4315 3861 4383 μὴ

2285 4405 2582 4476 ἐσπειραν,
2610 4407 2704 4460 καὶ
2731 4406 3050 4473 συνάγοντε-
3085 4398 3146 4458 οὗ
3173 4403 3248 4475 μὴ
3276 4404 3636 4476 ἑσκόρπισαν,
3681 4408 3862 4467 πᾶσαν

604 4503 978 4569 evangelicum
1015 4499 1328 4553 mandatum
1351 4499 1591 4563 abolent,
1609 4513 1822 4554 omnem
1855 4498 2166 4554 canonicam

2286 4497 2652 4566 εὐαγγελικὴν
2691 4495 2910 4566 ἐντολὴν
2958 4494 3307 4559 ἀθετοῦντες,
3342 4497 3526 4566 πάσης
3570 4499 3864 4567 κανονικῆς

606 4593 930 4660 civilemque
956 4591 1401 4643 constitutionem
1423 4590 1718 4659 negligant,
1737 4591 2174 4658 omnespiritalis

605 4685 731 4738 vita:
762 4697 934 4748 genus
958 4684 1208 4735 abnuunt
1247 4697 1310 4735 ac
1353 4684 1700 4750 vituperant,
1723 4699 1893 4740 omne
1921 4683 2182 4738 eetlcsia-

607 4777 800 4830 sticum
849 4777 1218 4845 magisterium
1252 4775 1672 4846 reprehendunt,
1707 4787 1933 4832 cunctas
1955 4785 2181 4845 aposto—

592 4869 780 4921 lorum
840 4866 1173 4935 Patrumqnc
1230 4882 1391 4921 voces
1448 4877 1610 4937 atque
1648 4867 2045 4926 admonitiones
2085 4867 2183 4922 de-

606 4968 851 5029 spuunt;
888 4973 1185 5029 sacrosque
1217 4958 1413 5014 Libros
1438 4969 1663 5020 nostros
1697 4974 1795 5021 ceu
1847 4973 2177 5028 magnopere

677 5117 722 5148 ⁷³
743 5114 900 5168 Prov.
927 5129 963 5180 ι,
987 5114 1062 5174 Qa

676 5273 788 5344 (7i)
825 5274 1237 5329 Cantacuzenus
1267 5274 1319 5328 in
1361 5273 1593 5336 Cantic.,
1628 5283 1687 5328 ut
1719 5288 1878 5325 unam
1920 5272 2000 5324 vel
2029 5271 2184 5344 Aalte-

604 5342 718 5398 rant
744 5342 920 5398 adhuc:
939 5360 1001 5397 ex
1031 5363 1094 5398 eo
1119 5349 1496 5399 auctoritatem
1523 5347 1820 5410 proferam:
1847 5344 2000 5395 Πᾶσα
2021 5342 2186 5410 βλασ-

607 5415 786 5484 φημία
816 5417 915 5485 τὴν
951 5414 1257 5485 φιλοδοξίαν
1298 5415 1471 5485 ἀρχὴν
1500 5414 1735 5485 ξσχηκεν
1757 5429 1770 5442 ⁸
1807 5413 1938 5485 ὃπῼυ
1973 5429 2036 5480 γε
2089 5411 2184 5485 καὶ

604 5487 633 5536 ὁ
657 5480 1184 5554 πρῶτοέγενόμενος
1210 5480 1524 5554 παράθεοῦ
1554 5480 1857 5554 ἅνθρωπος,
1887 5483 1997 5554 (se;
2022 5480 2186 5533 ἁκού-

607 5551 712 5606 σαι’
747 5551 1178 5624 καταδεξάμενος
1228 5551 1482 5624 γενέσθαι
1534 5552 1690 5620 Θεῷ,
1744 5553 1846 5624 ’καὶ
1899 5551 2180 5624 ταύτῃᾹτῇ

607 5619 1031 5692 συγκαταθέσεί
1059 5626 1194 5694 πρὸς
1229 5619 1320 5675 τὸν
1351 5619 1635 5694 λ”Υψιστον
1671 5619 2180 5694 ρεϐλασφῃμηκὼς,

606 5690 775 5764 αὐτὴν
813 5696 911 5764 τὴν
943 5690 1243 5764 φιλοδοξίαν
1269 5732 1282 5753 ,
1316 5691 1376 5764 τὸ
1405 5690 1660 5764 γενέσθαι
1686 5691 1981 5764 ΔίίςοςΘεῷ,
2007 5691 2182 5759 ἀρχὴν

607 5761 1271 5835 ἐσχετῆςποέραϐἁσεως·
1306 5762 1488 5816 Omnis
1523 5761 1850 5832 blasphemia
1881 5779 1911 5816 a
1936 5763 2180 5832 superbia

2283 4591 2378 4642 καὶ
2409 4590 2635 4658 ἐννόμου
2661 4589 3020 4659 θεσμοθεσίας
3050 4589 3455 4659 ὑπερορῶντες,
3483 4593 3666 4644 πᾶσαν
3695 4609 3864 4643 πνευ-

2289 4681 2522 4751 ματικὴν
2547 4681 2824 4734 πολιτείαν
2843 4681 3259 4754 διακρουόμενοι
3277 4682 3372 4734 καὶ
3389 4683 3862 4747 κατονειδίζοντες,

2289 4775 2473 4827 πᾶσαν
2536 4775 3000 4845 ὲκκλησιαστικὴν
3077 4775 3432 4828 διδασκαλίαν
3494 4774 3862 4844 διασύροντες,

2294 4865 2474 4918 πᾶσαν
2505 4864 2868 4935 ἀποττολικὴν
2903 4865 3000 4918 καὶ
3028 4867 3309 4936 Πατρικὴν
3335 4866 3518 4935 φωνὴν
3556 4870 3652 4917 καὶ
3682 4865 3869 4918 νουθε-

2290 4958 2410 5013 σίαν
2458 4957 2811 5022 διαπτύοντες
2834 4974 2847 4988 ⁸
2897 4961 2998 5023 τάς
3031 4977 3091 5011 τε
3135 4960 3288 5030 ίεράς
3325 4959 3486 5029 ἡμῶν
3523 4960 3760 5036 βίϐλους,
3791 4959 3870 5023 ὡς

2292 5273 2502 5325 initium
2559 5274 2803 5336 sumpsit.
2852 5271 3095 5343 Namque
3131 5284 3178 5326 et
3228 5275 3428 5342 primm
3472 5275 3624 5329 homo
3670 5293 3700 5326 η
3762 5275 3868 5329 Deo

2291 5356 2519 5402 creatus,
2551 5359 2664 5395 cum
2722 5344 2952 5395 omlisset
2997 5360 3146 5406 posse
3184 5362 3238 5396 se
3293 5362 3470 5411 parem
3511 5347 3614 5397 Ι)εο
3647 5347 3784 5414 ﬁeri,
3815 5358 3866 5398 et

2291 5418 2391 5465 hoc
2423 5415 2759 5479 persuasione
2785 5424 3049 5478 permotus
3079 5418 3330 5468 adversus
3367 5416 3692 5467 Altissimum
3723 5415 3866 5467 blas-

2290 5483 2512 5549 phemia:
2552 5498 2693 5533 reum
2747 5498 2802 5534 se
2845 5484 3086 5547 fecisset,
3120 5484 3449 5547 superbiam,
3481 5486 3534 5538 id
3569 5495 3644 5540 est
3671 5487 3777 5542 Deo
3812 5503 3866 5538 se

2289 5553 2598 5622 citri/umidi
2621 5552 2976 5613 ambitionem,
3009 5556 3442 5622 transgressionis
3476 5572 3585 5607 sum
3611 5557 3864 5622 originem

2290 5619 2809 5692 Imbnit.illu:rcsenn
2836 5632 2982 5692 certe
3004 5619 3241 5676 ninnium
3274 5619 3498 5676 matrem
3526 5640 3645 5677 esse
3677 5619 3856 5692 Super-

2289 5691 2614 5766 hiam,_dicit
2645 5692 2786 5766 apud
2820 5691 3204 5766 nosACyrillus,
3243 5692 3318 5747 De
3350 5693 3634 5761 Triuitate,
3657 5691 3779 5766 cup.
3813 5695 3864 5758 l,

2289 5777 2408 5816 cum
2441 5761 2743 5832 Augustino
2776 5760 2825 5815 in
2857 5762 2995 5815 Adit.
