4072 6324
257 461 343 524 489

912 455 1534 518 ANTIRRHETICUS
1573 454 1664 514 ΙΙΙ
1704 455 1870 516 ADV.
1911 450 2503 514 CONSTANTINUM
2540 448 2754 510 COPR.

3355 441 3460 504 490

259 575 380 645 μέγα
404 586 452 623 τι
482 566 678 639 βλάϐος
713 567 1189 638 ἀποπεμπόμενοι,
1227 569 1323 620 καὶ⁵
1362 567 1490 630 τοῦς
1527 566 1794 634 ἐντυγχά-

1916 566 2028 636 [uid
2061 565 2280 620 noxium
2299 563 2584 632 objiciunt,
2613 569 2667 616 et
2687 574 2780 614 eos
2806 557 2898 628 qui
2923 557 3024 614 hos
3047 555 3228 626 legunt
3252 569 3463 625 usuque

256 680 420 725 νοντας
443 661 530 714 καὶ
550 661 921 730 ἀσκουμένους
939 661 997 712 ὲν
1026 660 1240 722 αὑταῖς,
1267 660 1341 721 ὡς
1368 659 1502 726 ἄγος
1523 674 1576 710 τι
1609 659 1798 728 ἐκτρε-

258 755 458 824 ⁴ιτόμενοι
476 767 490 781 °
513 753 696 805 πᾶσαν
721 751 1012 804 εὐλάὸειαν
1029 751 1122 805 καὶ
1149 749 1436 803 εὐσέϐειαν
1460 748 1800 818 καταχλευά-

258 845 438 911 ζοντες,
467 844 526 897 τὸ
555 847 740 914 σχῆμα
760 842 820 896 τὸ
848 841 1206 896 άποστολικδν
1241 840 1676 911 βδελυσσόμενοι,
1705 839 1800 892 καὶ

256 940 339 1008 τὴν
387 935 684 1007 ἱερωσύνην
729 932 1231 1004 καταχλευάζοντες
1264 947 1278 963 ο
1339 932 1450 985 πᾶν
1508 931 1798 984 σπουδαῖον

257 1032 334 1084 καὶ
355 1029 549 1098 ἀγαθὸν
569 1027 948 1098 διωθούμενοι,
968 1026 1062 1079 καὶ
1087 1025 1195 1078 πᾶν
1220 1023 1456 1092 φευκτὸν
1479 1022 1572 1075 καὶ
1593 1022 1802 1092 μοχθη-

258 1123 334 1194 ρὸν
363 1118 764 1190 ἀσπαζόμενοι·
818 1117 919 1171 οὐκ
971 1113 1278 1184 ἀναγνώσει
1319 1113 1701 1185 προσέχουσιν,
1737 1111 1797 1164 ού

257 1215 396 1268 θείων
424 1212 654 1283 Γραφῶν
685 1211 958 1282 ἀκροαταὶ
988 1209 1267 1278 γίνονται·
1300 1205 1420 1268 πῶς
1448 1207 1594 1276 γάρ;
1635 1205 1689 1257 οἵ
1737 1221 1802 1272 γε

258 1305 411 1359 πάντα
441 1301 617 1356 ταῦτα
665 1298 1237 1371 καταμυσαττόμενοι,
1297 1297 1390 1350 καὶ
1426 1295 1646 1348 πάντων
1694 1294 1804 1348 τῶν

262 1393 659 1448 λυσιτελούντων
699 1391 962 1462 ἀμύητοι,
995 1390 1176 1459 πάσης
1219 1386 1552 1456 πανουργίας
1580 1387 1806 1455 ἐφευρε-

255 1486 349 1548 ταὶ,
393 1485 490 1537 οὐκ
549 1483 630 1545 είς
680 1482 844 1543 ναοὺς
889 1478 1022 1532 Θεοῦ
1061 1476 1432 1548 σχολάζουσιν,
1490 1475 1551 1528 οὐ
1619 1475 1805 1527 πίστιν

258 1575 485 1644 τιμῶσιν,
523 1572 624 1624 οὐκ
657 1570 880 1639 ἀγάπην
929 1567 1418 1639 περιπτύσσονται,
1469 1564 1570 1617 οὐκ
1613 1562 1806 1617 ἐλπίδα

257 1665 553 1731 κέκτηνται,
609 1661 669 1716 ού
717 1660 996 1729 προσευχῇ
1030 1658 1128 1710 καὶ
1176 1655 1401 1726 νηστείᾳ
1463 1670 1806 1726 προσκαρτεο

257 1751 441 1823 ροῦσιν,
470 1751 534 1804 οὐ
587 1749 882 1820 παρθενίαν
920 1747 1299 1817 σεμνύνουσιν,
1330 1745 1392 1798 οὐ
1449 1744 1805 1815 σωφροσύνην

205 1907 208 1911 _
256 1842 515 1910 ἀγαπῶσι’
561 1841 740 1894 πάντα
770 1839 860 1892 τὸν
900 1838 1014 1908 βίον
1046 1835 1290 1908 αἰσχρῶς
1343 1834 1802 1906 καταστρέφουσι,

1903 668 2103 722 terunt,
2127 672 2223 711 ceu
2259 655 2529 724 piaculum
2558 653 2775 722 aliquod
2801 658 3125 705 aversantur
3157 668 3170 703 :
3210 649 3464 719 pietatem

1897 763 2112 804 omnem
2151 733 2302 817 131
2337 756 2392 802 et
2415 745 2792 801 orthodoxiam
2830 743 3080 806 irrident,
3111 741 3468 810 apostolicum

1899 840 2276 894 vestimentum
2313 836 2426 909 (72)
2459 835 2822 906 vilipendnnt,
2858 845 2911 888 et
2945 832 3314 888 sacerdotium
3344 833 3471 886 sub-

1901 940 2134 986 sannant
2162 950 2174 984 :
2201 943 2364 984 omne
2393 929 2626 998 denique
2660 926 2800 996 frugi
2834 927 3147 996 bonumque
3196 932 3432 979 renuunt
3454 962 3470 986 ,

1900 1036 2062 1078 omne
2109 1021 2390 1075 vitanduru
2438 1030 2603 1089 atque
2659 1019 2967 1086 improbum
3013 1016 3410 1088 amplectuntur
3455 1036 3469 1072 :

1903 1112 2118 1167 lectioni
2153 1127 2257 1165 non
2281 1120 2498 1175 vacant,
2522 1111 2733 1165 divinas
2762 1109 3078 1177 Scripturas
3105 1123 3213 1163 non
3253 1108 3472 1163 auscul-

1903 1210 2056 1268 tant;
2093 1203 2184 1271 qui
2219 1202 2366 1256 enim
2399 1201 2451 1255 id
2497 1200 2784 1254 facerent?
2813 1216 2934 1254 cum
2973 1200 3086 1253 haec
3127 1199 3312 1252 omnia
3351 1199 3476 1251 odio

1906 1293 2180 1356 habeant,
2216 1301 2272 1346 et
2311 1292 2487 1346 omnis
2535 1293 2611 1345 rei
2645 1289 2796 1344 utilis
2843 1289 2953 1342 sint
2987 1289 3200 1357 ignari,
3253 1287 3476 1341 malitia:

1904 1381 2086 1439 omnis
2119 1381 2503 1437 adinventores
2539 1398 2552 1435 :
2583 1380 2779 1450 templa
2827 1379 2917 1434 Dei
2953 1394 3057 1433 non
3089 1377 3472 1447 frequentant,

1907 1475 2067 1530 fidem
2111 1492 2214 1530 non
2256 1475 2563 1540 honorant,
2618 1473 2945 1528 charitatem
3008 1486 3114 1526 non
3168 1481 3472 1533 sectantur,

1908 1582 2062 1638 spem
2103 1582 2208 1622 non
2259 1566 2495 1632 habent,
2554 1572 2729 1635 neque
2784 1565 3018 1620 orationi
3068 1577 3240 1632 neque
3271 1560 3475 1630 jejunio

1907 1659 2032 1712 dant
2083 1672 2342 1726 operam,
2392 1657 2760 1725 virginitatem
2810 1670 2914 1710 non
2971 1661 3292 1710 reverentur
3341 1650 3476 1722 (75),

1909 1749 2228 1804 modestiam
2251 1749 2371 1804 'non
2401 1747 2638 1816 diligunt
2666 1765 2680 1801 :
2715 1747 2878 1800 vitam
2907 1747 3215 1801 universam
3246 1744 3478 1813 turpiter

1910 1839 2228 1903 decurrunt,
2262 1837 2519 1908 nequitiac
2544 1837 2726 1891 omnis
2753 1846 3097 1906 operatores,
3131 1835 3344 1888 virtutis
3379 1848 3478 1885 cu-

257 1933 416 2001 πάσης
434 1931 634 1993 κακίας
656 1929 886 2000 ἐργάται
915 1929 1012 1981 καὶ
1043 1926 1226 1996 πάσης
1256 1927 1456 1998 ἀρετῆς
1477 1925 1805 1993 ὑπερόπται·

1916 1931 2124 1999 iuslibet
2180 1939 2605 1999 contemptores.
2646 1927 2777 1982 Nam
2834 1928 3152 1998 praeclarum
3203 1925 3481 1996 quodlibet

256 2022 378 2075 ἅπαν
405 2021 506 2092 γὰρ
546 2020 712 2074 καλὸν
735 2019 828 2072 καὶ
847 2017 987 2071 θεῖον
1018 2017 1114 2070 καί⁹
1136 2016 1337 2086 ἀρετῆς
1364 2011 1423 2069 εὖ
1451 2011 1608 2086 ἧκον,
1631 2016 1806 2086 σκηνὴ

254 2115 333 2167 καὶ
347 2115 530 2168 παιδιὰ
559 2114 694 2183 παρ’
712 2112 893 2176 αὐτοῖς
916 2111 1244 2180 λελόγισται,
1272 2109 1529 2182 στυγητοί
1553 2109 1644 2163 καὶ
1666 2109 1812 2180 ἔχθι-

256 2226 354 2262 στοι
386 2209 539 2280 παρὰ
561 2207 678 2280 Θεῷ
719 2225 780 2260 τε
812 2207 904 2297 καὶ.
937 2206 1193 2275 ἀγγέλοις
1219 2205 1313 2258 καὶ
1356 2203 1664 2275 ἀνθρώποις
1696 2204 1812 2266 τοῖς

254 2300 641 2372 εὐσεϐεστέροις
674 2299 768 2352 καὶ
797 2293 972 2369 ὀρθῶς
1003 2295 1153 2366 βιοῦν
1186 2297 1488 2367 ᾑρημένοις
1511 2293 1809 2364 τυγχάνον-

253 2405 364 2453 τες·
390 2389 594 2444 τούτων
617 2391 712 2444 καὶ
737 2391 765 2442 ὁ
797 2387 912 2458 βίος
959 2385 1208 2456 αίσχρδς,
1247 2386 1341 2438 καὶ
1373 2387 1401 2439 ὁ
1421 2384 1580 2452 λόγος
1609 2383 1810 2455 σαθρὸς

255 2483 333 2533 καὶ
363 2482 761 2544 κατάπτυστος,
790 2479 886 2534 καὶ
921 2479 1099 2547 πάσης
1129 2477 1316 2540 ἀνοίας
1336 2475 1654 2547 ὲπίμεστος.

313 2613 372 2665 Τί
405 2615 578 2669 τᾶλλα
620 2613 831 2694 λέχεινς
887 2611 1074 2666 Πάντα
1115 2605 1197 2674 οἷς
1221 2611 1250 2662 ὁ
1283 2609 1575 2680 μισόκαλος
1617 2609 1814 2680 ἐχθρὸς

253 2703 433 2772 χαίρει,
480 2702 944 2773 διαπραττόμενοι
991 2697 1347 2771 βιοτεύουσιν,
1403 2697 1580 2760 οὐδεὶς
1631 2697 1816 2760 αὐτοῖς

254 2795 366 2865 περὶ
395 2795 634 2852 θανάτου
684 2793 841 2863 λόγος
884 2793 1164 2856 οὐδέποτε,
1206 2791 1382 2855 οὐδεὶς
1414 2790 1542 2862 περὶ
1576 2789 1814 2842 ἀναστά-

258 2886 428 2956 σεωςῆ
462 2886 722 2956 κρίσεως,
748 2883 934 2955 κριτοῦ
952 2899 1010 2936 τε
1030 2880 1481 2954 προσδοκωμένου
1503 2879 1644 2950 μετά
1657 2879 1815 2949 δόξης

251 2975 336 3044 τῆς
350 2975 628 3048 πατρικῆς
642 2990 656 3006 ο
676 2975 769 3044 τῆς
782 2974 1024 3047 ἀρρήτου
1037 2990 1095 3026 τε
1112 2973 1205 3026 καὶ
1217 2971 1520 3042 φρικώδους
1533 2971 1629 3026 καὶ
1642 2971 1818 3024 πάντα

251 3062 392 3130 λόγον
423 3064 860 3135 ὑπεραιρούσης,
888 3064 982 3118 καὶ
1010 3063 1211 3126 παντὸς
1239 3062 1393 3126 δέους
1418 3061 1694 3133 γεμούσης
1723 3063 1819 3116 καὶ

253 3157 662 3227 καταπλήξεως,
699 3155 824 3208 ἔνθα
863 3155 958 3209 καὶ⁵
983 3154 1206 3223 άγγελοι
1245 3154 1382 3224 μετά
1407 3153 1576 3224 φόϐου
1610 3151 1812 3207 πολλοῦ

253 3249 611 3317 παρίστανται
663 3245 757 3298 καὶ
807 3245 1168 3315 ἐκπλήξεως·

253 3338 407 3406 μέγα,
435 3339 535 3393 καὶ
559 3337 666 3391 τῶν
691 3337 1102 3408 πεπραγμένων
1124 3337 1158 3407 ἠ
1180 3336 1447 3400 ἀντίδοσις
1476 3337 1812 3408 πρυτανεύε-

250 3443 350 3493 ται,
380 3431 476 3482 καὶ
503 3429 733 3490 ἕκαστος
767 3428 922 3498 ἡμῶν
947 3426 1024 3498 τῷ
1054 3427 1262 3498 πλάστῃ
1285 3426 1638 3498 παρίσταται,
1670 3427 1815 3481 καθά

253 3518 446 3588 ἔπραξε
478 3520 574 3572 διὰ
608 3519 700 3571 τοῦ
741 3519 994 3586 σώματος
1046 3520 1159 3572 εῐτε
1207 3518 1412 3588 ἀγαθὸν
1443 3518 1555 3571 είτε
1609 3519 1816 3588 φαῦλον

250 3610 656 3680 ἀποληψόμενος
687 3625 700 3638 ·
733 3610 830 3679 οὐχ
883 3610 1294 3680 ἁμαρτημάτων
1333 3609 1412 3672 είς
1463 3610 1818 3679 συναίσθησιν

252 3700 523 3770 ἔρχονται,
577 3702 637 3754 οὐ
693 3702 842 3772 παρά
893 3701 1028 3754 Θεοῦ
1069 3702 1402 3771 συγγνώμην
1441 3700 1706 3768 αίτοῦσιν,
1754 3703 1816 3756 οὐ

248 3794 570 3862 παραίνεσιν
605 3792 880 3864 σωτηρίας
926 3791 1164 3862 ψυχικῆς
1216 3792 1404 3845 ἕνεκεν
1446 3791 1717 3862 δέχονται.
1752 3793 1817 3846 Τί

248 3883 346 3954 γὰρ
392 3885 508 3955 ἔχει
541 3886 774 3956 κακδνή
831 3885 976 3956 ψυχή
1034 3901 1159 3954 μου,
1218 3883 1297 3954 τῷ
1346 3883 1414 3936 τὰ
1468 3884 1816 3955 συμφέροντα

249 3977 636 4043 παραινοῦντι;
671 3975 1076 4046 ἀποκρίνονται.
1095 3974 1196 4027 Διὰ
1220 3973 1378 4026 τοῦτο
1393 3973 1514 4027 οὐδὲ
1539 3974 1817 4043 βασιλείας

247 4065 491 4134 οὐρανῶν
550 4066 727 4130 ἐλπὶς,
762 4065 886 4118 οὐδὲ
924 4065 1084 4132 λόγου
1119 4065 1500 4134 πνευματικοῦ
1529 4065 1815 4135 ἀνέχονται

246 4156 505 4210 πώποτεο
538 4157 706 4220 ὄντως
755 4157 813 4209 έν
853 4156 1068 4220 τούτοις
1119 4159 1240 4209 ἐστὶ
1289 4157 1709 4228 κεκαλυμμένον
1756 4157 1818 4210 τὸ

248 4246 613 4315 Εὑαγγέλιον·
671 4248 770 4300 Ἐν
813 4243 904 4312 οἷς
943 4247 976 4299 ό
1010 4247 1154 4312 Θεὸς
1197 4247 1303 4300 τοῦ
1343 4245 1556 4314 αἰῶνος
1599 4249 1817 4303 τούτου

242 4335 560 4405 ἐτύφλωσε
583 4336 653 4390 τὰ
674 4336 942 4405 νοήματα
960 4338 1048 4400 εἰς
1071 4337 1232 4406 τὸμὴ
1261 4337 1592 4408 ἐναυγάσαι
1616 4340 1820 4407 αὐτοῖς

245 4426 344 4479 τὸν
381 4427 701 4498 φωτισμὸν
722 4428 828 4483 τοῦ
862 4429 1252 4497 Eiram-allow
1296 4420 1485 4483 Αὐτῶν
1518 4429 1574 4483 δὲ
1616 4431 1821 4486 τούτων

231 4629 235 4635 ’
306 4608 351 4636 ⁷⁵
382 4607 422 4661 ll
455 4605 588 4660 Cor.
627 4617 700 4674 tv,
730 4609 784 4663 ι.

1909 2034 1962 2078 et
1989 2023 2263 2094 egregium
2290 2032 2342 2077 et
2377 2039 2497 2078 cum
2529 2026 2728 2077 virtute
2753 2030 2935 2075 actum
2968 2060 2984 2084 ,
3023 2035 3240 2074 scenam
3276 2018 3375 2088 ipsi
3417 2032 3481 2069 ac

1911 2111 2199 2165 ludibrium
2232 2120 2514 2180 reputant;
2541 2112 2654 2166 Deo
2679 2110 2914 2164 maxime
2940 2107 3171 2164 odibiles
3199 2117 3254 2162 et
3282 2106 3477 2162 infensi
3561 2159 3570 2172 κ

1913 2216 2011 2256 nec
2062 2216 2167 2256 non
2207 2202 2414 2272 angelis
2444 2211 2498 2256 et
2547 2203 2824 2256 hominum
2883 2200 3248 2270 pientiorihus
3299 2207 3353 2252 et
3387 2199 3478 2267 qui

1913 2300 2062 2349 recte
2084 2294 2266 2348 vivere
2295 2293 2669 2348 instituerunt.
2713 2291 2916 2346 llorum
2951 2302 3005 2343 et
3040 2291 3147 2344 vita
3175 2290 3346 2360 turpis
3374 2299 3477 2352 est,

1912 2397 1966 2442 et
2033 2401 2215 2442 sermo
2267 2386 2542 2442 marcidus
2594 2395 2757 2454 atque
2815 2383 3171 2452 aspernabilis
3222 2383 3480 2452 omnique

1915 2479 2134 2534 vesania
2165 2479 2376 2547 plenus.

1984 2612 2121 2679 Quid
2151 2612 2348 2682 plura?
2379 2611 2650 2680 Quidquid
2697 2612 2838 2667 hosti
2873 2620 3056 2666 nostro
3087 2613 3304 2667 virtutis
3336 2613 3482 2667 osori

1918 2703 2112 2774 placet,
2150 2705 2203 2758 hi
2242 2719 2339 2772 per
2367 2719 2580 2758 omnem
2618 2704 2783 2757 vitam
2821 2704 3064 2758 factitant
3122 2719 3140 2756 :
3179 2704 3324 2758 nulla
3357 2705 3486 2774 ipsis
3525 2746 3532 2756 .

1917 2793 2110 2848 mortis
2147 2793 2197 2846 in
2230 2807 2482 2848 sermone
2510 2794 2992 2858 commemoratio,
3029 2793 3173 2846 rmlla
3208 2795 3272 2847 de
3309 2809 3487 2848 resur-

1917 2885 2158 2938 rectione
2209 2898 2271 2938 ac
2305 2883 2513 2953 judicio
2546 2883 2750 2937 mentio
2779 2922 2792 2947 ,
2827 2894 2987 2952 atque
3018 2892 3328 2952 exspectato
3361 2898 3484 2938 cum

1919 2984 2144 3045 paterna
2181 2975 2350 3044 gloria
2395 2975 2580 3042 judice
2604 3016 2620 3041 ,
2655 2975 3005 3030 inenarrabili
3041 2976 3284 3043 profecto
3328 2991 3384 3030 re
3424 2991 3488 3031 ac

1921 3067 2224 3132 tremenda,
2253 3075 2306 3120 et
2335 3067 2494 3122 nullis
2525 3067 2706 3122 verbis
2728 3067 3102 3137 exprimenda,
3135 3067 3290 3136 plena
3319 3083 3488 3136 pavo—

1923 3156 2000 3211 ris
2048 3163 2101 3211 et
2134 3157 2601 3212 consternationis
2627 3195 2644 3222 ,
2677 3159 2763 3213 cui
2796 3159 2897 3227 ipsi
2947 3158 3122 3228 angeli
3166 3159 3333 3212 multo
3360 3175 3485 3214 cum

1208 3245 1512 3313 σάλπιγγος
1571 3244 1813 3316 ηχούσης

1922 3256 2066 3302 metu
2121 3248 2378 3303 astabunt
2420 3258 2586 3318 atque
2630 3259 2859 3315 terrore,
2905 3251 3029 3306 tuba
3065 3251 3306 3321 graviter
3339 3267 3488 3308 reso-

1921 3348 2104 3404 nante,
2137 3354 2258 3394 cum
2293 3349 2427 3394 acta:
2467 3340 2589 3394 vita:
2616 3343 2982 3397 remuneratio
3018 3343 3126 3410 liet,
3163 3361 3284 3400 cum
3321 3362 3488 3401 unus-

1921 3428 2149 3498 quisque
2177 3429 2423 3484 Creatori
2449 3433 2751 3500 apparebit,
2786 3443 2946 3500 prout
2972 3434 3024 3488 in
3055 3450 3286 3506 corpore
3315 3439 3488 3507 egerit

1922 3521 2036 3574 sive
2066 3521 2265 3575 bonum
2295 3521 2411 3576 sive
2450 3523 2649 3576 malum
2684 3534 3021 3594 recepturus.
3064 3527 3153 3580 lsti
3178 3567 3192 3589 ,
3228 3528 3446 3597 inquam
3471 3570 3487 3594 ,

1923 3622 2267 3678 peccatorum
2314 3629 2534 3668 suorum
2566 3618 2986 3687 compunctione
3025 3633 3129 3672 non
3170 3627 3486 3688 tanguntur,

1920 3706 2132 3760 veniam
2175 3721 2202 3759 a
2231 3707 2340 3761 Deo
2365 3722 2472 3761 non
2503 3716 2722 3776 petunt,
2755 3708 2956 3762 nullam
2987 3709 3056 3763 de
3084 3709 3261 3764 salute
3293 3711 3487 3765 anima:

1919 3796 2340 3850 admonitionem
2390 3799 2704 3852 admittunt.
2761 3797 2901 3864 Quid
2945 3800 3088 3854 enim
3148 3799 3270 3853 mali
3326 3803 3490 3856 habet.

1919 3885 2099 3938 anima
2131 3899 2249 3938 mea
2275 3925 2290 3949 ,
2326 3885 2549 3940 meliora
2588 3887 2936 3956 suggerenti?
2965 3889 3314 3956 respondent.
3359 3889 3491 3944 Pro-

1919 3984 2099 4044 pterea
2127 3991 2299 4044 neque
2325 3991 2546 4044 regnum
2565 3978 2824 4032 caelorum
2855 3989 3100 4048 sperant,
3133 3995 3232 4035 nec
3263 3981 3485 4050 Spiritu-

1920 4064 2028 4120 lem’
2070 4067 2305 4136 aliquem
2352 4083 2658 4123 sermonem
2707 4069 2832 4124 boni
2885 4086 3117 4139 unquam
3175 4072 3485 4127 consulunt.

1924 4157 2060 4214 Vere
2095 4161 2179 4214 his
2214 4161 2590 4216 absconditum
2640 4173 2725 4217 est
2769 4163 3114 4234 Evangelinm
3143 4203 3158 4230 ,
3195 4165 3258 4220 ln
3301 4167 3491 4236 quibas

1922 4248 2061 4304 Deus
2089 4251 2247 4320 hujus
2275 4251 2457 4306 sa‘culi
2489 4254 2771 4307 exca’cavit
2798 4265 3015 4317 mentes,
3050 4271 3112 4307 ne
3139 4257 3264 4323 ipsis
3291 4257 3491 4325 fulgeat

1924 4340 2248 4396 illuminatio
2281 4341 2556 4414 Evangelii
2602 4344 2671 4399 ".
2705 4344 2823 4400 Jam
2867 4361 2998 4401 vero
3028 4348 3171 4402 inter
3215 4349 3314 4404 hos
3347 4350 3494 4418 ipsos

1928 4433 2019 4503 qui
2057 4443 2183 4490 sunt
2221 4434 2395 4507 magis
2427 4436 2622 4506 plebeii
2649 4453 2711 4492 ac
2741 4439 3042 4508 pedestres,
3076 4451 3130 4494 et
3157 4442 3236 4496 rei
3260 4441 3494 4496 familia-

306 4782 728 4866 (⁷2),,Οιιιῑειιιε
773 4779 1390 4866 ροωίιηυεῄμίεηέοτᾼχξ)
1438 4778 1816 4866 ξηπξιξορυίι
1846 4784 1892 4844 1)
1919 4793 2058 4866 certe
2095 4787 2392 4866 sterilitatis
2437 4808 2602 4846 causa
2636 4793 2813 4866 liberis
2855 4815 3067 4866 carere,
3099 4803 3244 4857 Iraud
3295 4817 3370 4859 est
3418 4825 3501 4862 res

243 4848 506 4922 apostolis
545 4863 604 4906 ut
630 4861 813 4907 essent
855 4848 1082 4906 calceati'
1128 4848 1405 4914 sarxlaliis,
1439 4857 1493 4902 et
1519 4863 1586 4902 ne
1623 4848 1816 4904 indue-

244 4936 431 4977 rentnr
468 4923 681 4977 duabus
717 4922 937 4976 tunicis.

307 4992 421 5060 (73)
458 4993 875 5060 Cantacuzenus
902 4989 968 5060 ad
1001 4986 1126 5058 Sap.
1164 5001 1239 5051 tv,
1272 4986 1327 5060 l,
1353 4984 1448 5040 Gr.
1481 4988 1554 5060 ita
1590 4986 1817 5060 virgini-

243 5054 414 5114 tatem'
439 5061 690 5115 dilaudat
723 5080 738 5114 :
771 5059 846 5111 Τὸ
873 5059 1015 5130 μέγα
1048 5054 1241 5130 χρῆμα
1267 5057 1364 5125 τῆς
1403 5054 1702 5130 παρθενίας
1730 5056 1822 5130 sia

241 5131 445 5183 τούτων
479 5130 734 5199 έξυμνεϊ,
768 5125 1395 5199 καίφήσιτιζρείσσων-
1435 5125 1662 5199 ἀτεκνία
1703 5127 1822 5197 μετ’

242 5199 482 5269 ἀρετῆςο
506 5195 648 5269 οὐδὲ
684 5199 794 5269 γὰρ
833 5200 864 5269 ἡ
909 5195 974 5250 ἐκ
1006 5195 1343 5269 στειρώσεως
1374 5195 1603 5269 ἀτεκνίᾳ
1641 5195 1820 5266 μακα-

243 5264 420 5339 ρέστὴζ
461 5267 602 5339 ἀᾈλῗ
629 5269 663 5338 ἡ
698 5264 824 5339 ’μέτ’
852 5264 1071 5339 ἀρετῆς
1103 5264 1194 5319 καὶ
1231 5264 1498 5339 λογισμοῦ
1540 5264 1820 5339 saevam;

240 5337 353 5409 τῶν
363 5334 569 5409 παθῶν
590 5334 920 5409 ἐπικράτεια
936 5334 1036 5388 καῖ
1061 5335 1329 5409 παντελῂς
1358 5334 1631 5409 ἀμεθεξίαὲ
1643 5352 1656 5366 ·
1671 5334 1820 5409 ’άθαο

241 5407 397 5460 νασία
437 5408 557 5477 γάρ
605 5405 753 5460 ἐστιν
798 5409 856 5460 έν
905 5409 1096 5529 μνὲμη
1148 5405 1352 5476 αὐτῆς·
1383 5405 1528 5468 τινὲς
1579 5407 1678 5474 μὲν
1721 5406 1820 5467 τὰς

241 5475 496 5529 scaeam:
529 5477 635 5529 τῶν
671 5477 909 5529 τέκνων.
946 5477 980 5529 ά
1018 5477 1245 5529 ανασίαν
1275 5475 1368 5527 τοῦ
1396 5476 1587 5529 γένους
1617 5476 1818 5529 κεκλή-

237 5475 496 5547 διαδοχᾶς
529 5475 635 5547 τῶν
671 5477 877 5530 τέκνων
894 5475 1245 5547 ,ί-ἁθανασίαν
1275 5475 1376 5547 τοῦ.
1396 5476 1587 5547 γένους
1617 5476 1818 5547 κεκλή-

240 5539 438 5615 κασιιῗ·
473 5539 506 5599 ὃ
536 5546 591 5599 δέ
613 5563 678 5614 γε
709 5547 873 5615 σοφὸς
894 5539 1050 5609 οὗτος
1077 5546 1248 5615 αὐτὴν
1281 5539 1485 5614 ταύτην
1515 5539 1822 5599 ἀθανασίαν

239 5614 459 5681 ἡγεῖται
514 5617 753 5686 μάλιστα
788 5614 906 5686 τὴν
955 5617 1020 5669 δι’
1070 5614 1325 5686 ἀτεκνίας
1375 5617 1472 5686 καὶ
1520 5615 1823 5686 παρθενίας

238 5683 528 5756 πολιτείαν
571 5683 897 5756 θαυμαστῶς
941 5687 1081 5755 άγαν
1127 5683 1564 5756 κατορθωθεῖσαν
1605 5683 1825 5756 ἀνθρώ-

238 5767 355 5816 ποις
375 5773 391 5789 ο
432 5755 831 5823 Virginitatem,
861 5773 1065 5823 magna:
1095 5757 1267 5809 instar
1297 5755 1394 5818 rei,
1423 5756 1502 5808 his
1533 5755 1698 5808 verbis
1733 5771 1822 5808 ex-

239 5823 414 5879 tollit:
453 5845 473 5876 ‹
524 5823 710 5879 Melius
745 5837 817 5880 est
850 5843 1026 5879 carere
1055 5825 1231 5880 liberis
1261 5840 1378 5879 cum
1406 5825 1644 5879 virtute.»
1684 5825 1824 5879 Nam

570 5918 840 5981 PATROL.
877 5919 989 5982 Gn.
1017 5921 1084 5982 C.

1922 4856 2464 4942 putanda-felicitas;
2508 4865 2599 4942 sed
2635 4865 2728 4918 illa
2761 4870 2954 4932 potius,
3001 4856 3252 4928 suadente
3283 4856 3493 4942 virtu-te,

1926 4925 2284 5007 cupiditatum
2313 4931 2656 5007 continentia,
2687 4925 2790 5003 qua
2821 4925 2962 4991 caste
2992 4925 3346 4998 deliberamus
3367 4925 3500 5000 ὧἇί

1917 4994 2572 5079 Ῑιιραίί.οιηηί.δοείεισιε
2626 4994 2825 5079 carere.
2869 5007 3076 5079 Etenim
3122 4994 3496 5069 immorlali'las

1927 5064 2184 5148 exllrujus
2212 5068 2307 5148 Iret:
2345 5074 2592 5148 memoria
2639 5075 2938 5148 con/icitur.
2981 5077 3046 5132 Et

1930 5134 2063 5214 nulli
2103 5136 2254 5187 titulo
2292 5137 2706 5214 immortalitatis
2735 5134 3012 5212 appellant
3052 5134 3333 5205 liberorum
3366 5134 3471 5206 sua

1931 5217 2214 5281 sessionem
2232 5221 2254 5281 ,'_
2295 5215 2529 5281 attamen
2565 5213 2650 5265 hic
2675 5215 2880 5281 sapiens
2910 5218 3358 5272 immortalitatem
3381 5239 3495 5275 cre-

1929 5273 2050 5325 dere
2082 5277 2274 5346 mavnlt
2307 5279 2559 5346 virginale
2597 5273 2878 5338 illud'sine
2911 5286 3087 5343 liberis
3121 5292 3236 5344 vitte
3276 5273 3495 5344 institu-

1931 5351 2062 5406 tum,
2092 5345 2489 5424 quodltomines
2521 5367 2623 5409 nan
2653 5355 2764 5407 sine
2797 5356 2935 5424 vulgi
2971 5359 3324 5412 admiratione
3359 5373 3497 5414 recte

1923 5410 2203 5498 MM"
2230 5410 2352 5498 εἶκε
2378 5428 2566 5498 “me”.
2583 5438 2686 5498 "9n
2720 5425 2790 5477 ita
2816 5410 2939 5478 sua.
2971 5410 3312 5496 accipienda.
3339 5410 3494 5498 mea

1926 5485 2207 5568 virginitas
2231 5485 2494 5568 humanm
2517 5492 2705 5568 glorias
2732 5509 2896 5568 causa
2929 5498 3000 5551 sit
3031 5485 3315 5566 eligenda:
3351 5485 3495 5568 quod

1925 5555 1972 5637 ssi
1999 5555 2178 5637 fieret,
2210 5569 2278 5610 ne
2298 5555 2587 5637 virginitas
2619 5565 2832 5637 quidem
2867 5566 2980 5634 ipsa
3011 5555 3328 5637 plerumque
3358 5555 3496 5625 foret

1927 5622 2232 5702 incolumis.
2296 5622 2430 5702 Nam
2485 5644 2590 5699 quo
2637 5622 2900 5702 'qnisque'
2939 5622 3253 5702 hu'miliore;
3299 5638 3347 5693 id
3385 5622 3500 5694 Vest
3577 5665 3580 5676 -

1929 5692 2273 5816 :Lqidlestiore,
2308 5692 2625 5771 animo-est,
2655 5692 2719 5760 ἑο
2758 5692 2928 5762 tutius
2980 5708 3105 5762 huic
3137 5692 3328 5763 virtuti
3365 5692 3500 5764 con-

3185 5930 3258 5996 16
