4072 6324
559 363 665 429 487

1588 353 1646 413 S.
1688 349 2103 411 NICEPHORI
2139 345 2644 409 PATRIARCH/E
2682 344 2791 406 ΟΡ.

3711 339 3824 403 488

543 492 689 542 ros;
721 474 845 546 quia
871 483 926 526 et
947 483 1089 525 vera
1111 466 1365 523 utilitatis
1387 464 1633 520 notitiam
1664 477 1763 517 nos
1789 478 1898 532 prre
1923 463 2138 517 caeteris

2266 479 2422 522 Ιοντες
2446 460 2799 514 διαπτύουσιν
2821 473 2834 488 ο
2868 456 2961 520 οὓς
2991 454 3098 508 ἔδει
3130 454 3292 508 πλέον
3314 455 3485 508 ταῦτα
3512 456 3824 528 γεραίρειν,

570 568 826 624 omnibus
868 564 1160 635 pleniorem
1196 558 1507 622 hausimus;
1557 556 1755 624 quippe
1788 555 1880 624 qui
1923 565 1978 608 et
2019 569 2142 610 esse

573 661 768 726 Deum,
801 667 856 714 et
885 656 1125 712 omnium
1157 666 1336 706 rerum
1369 664 1590 704 causam
1623 663 1745 702 esse
1771 647 2141 702 continentem

569 764 626 810 et
649 751 1104 807 conservatricem
1129 743 1421 798 credimus.
1456 740 1593 806 Hoc,
1623 741 1869 809 inquam,
1899 740 1998 794 nisi
2017 737 2143 793 faci-

534 851 736 908 ‘mus,
787 856 966 897 nonne
1016 853 1286 893 summum
1345 835 1642 906 impietatis
1684 843 1846 901 atque
1890 831 2141 888 atlteismi

571 937 781 990 culmen
809 931 1083 986 tenemus!

643 1112 732 1166 62.
769 1112 996 1179 Dignum
1025 1107 1232 1178 judico,
1263 1107 1462 1162 idoneo
1486 1119 1630 1159 nunc
1661 1113 1924 1172 tempore,
1962 1101 2146 1155 dicere

576 1205 746 1259 etiam
776 1204 1047 1272 quodnam
1081 1202 1136 1255 hi
1172 1201 1448 1255 hominum
1478 1211 1650 1267 genus
1673 1197 1832 1257 sint,
1867 1205 1922 1248 et
1955 1195 2144 1263 cujus-

578 1312 701 1350 nam
741 1297 865 1349 vita:
897 1309 961 1348 ac
994 1308 1203 1349 morum
1233 1309 1247 1357 ;
1293 1305 1356 1346 ac
1386 1290 1552 1344 veluti
1586 1289 1833 1355 catalogo
1873 1301 2146 1357 exponere

583 1388 761 1443 studia
793 1401 980 1439 eorum
1015 1393 1070 1438 et
1109 1383 1530 1452 occupationes;
1579 1393 1906 1456 quorunch
1952 1379 2062 1432 vita
2093 1386 2148 1432 et

580 1477 806 1547 reliquis
855 1475 1152 1540 institutis,
1202 1475 1454 1544 dogmata
1497 1486 1713 1540 quoque
1745 1470 2147 1532 inclarescent;

581 1583 817 1636 namque
843 1582 906 1620 ex
939 1566 1118 1619 fructu
1157 1565 1319 1620 arbor
1349 1572 1729 1633 cognoscetur.
1758 1561 1922 1630 Ergo,
1953 1569 2011 1612 ut
2033 1574 2150 1612 cer-

577 1661 796 1724 nimus,
840 1657 1092 1728 plerique
1125 1657 1316 1710 horum
1355 1657 1497 1708 nulla
1553 1653 1782 1708 scientia
1813 1660 1907 1706 aut
1931 1651 2148 1705 institu-

587 1751 738 1804 tione
763 1749 956 1802 imbuti
982 1759 1133 1812 suut,
1167 1756 1329 1814 atque
1363 1746 1476 1814 ipsa
1508 1744 1899 1799 elementorum
1932 1741 2147 1794 nomina

2243 553 2380 623 ἢτά
2436 550 2646 604 ἑαυτῶν
2704 546 3107 619 ἑτέρους-ἐπεὶ
3162 547 3256 599 καὶ
3301 545 3401 615 τὴν
3451 545 3654 612 γνῶσιν
3710 549 3827 598 τῶν

2245 643 2655 713 συμφερόντων,
2684 641 2793 692 τῶν
2817 639 2994 692 ἄλλων
3015 638 3270 690 ἁπάντων
3298 635 3462 688 πλέον
3495 636 3828 706 εἰλήφαμεν,

2245 732 2435 801 ὥσπερ
2483 733 2614 800 ἡμῖν
2647 729 2743 782 καὶ
2794 729 2876 782 ὅτι
2933 727 3046 778 ἔστι
3085 723 3241 787 Θεὸς,
3273 726 3368 776 καὶ
3401 723 3622 778 πάντων
3672 727 3830 777 αἰτία

2247 823 2540 892 συνεκτική
2594 838 2654 873 τε
2698 820 2795 874 καὶ
2833 816 3172 889 φρουρητικὴ
3216 815 3616 869 πε-πίστευται’
3653 816 3832 870 ταῦτα

2245 922 2409 983 ποίας
2472 918 2820 989 παρανομίας
2902 917 2997 972 καὶ
3065 916 3266 978 ,ἀθεῖας
3347 914 3651 985 ὑπερϐολὴν
3726 914 3832 981 οὐχ

2249 1012 2538 1082 ὑπεραίρει
2559 1014 2572 1064 !

2319 1103 2419 1173 ξβ’.
2486 1103 2669 1167 Ἄξιον
2706 1101 2762 1155 δὲ
2801 1097 2955 1169 οἶμαι
2999 1100 3284 1162 ἐνστάντος
3325 1094 3520 1166 καιροῦ
3550 1094 3836 1148 καὶτοῦτο

2246 1197 2444 1258 εἰπεῖν,
2474 1194 2618 1256 τίνες
2659 1211 2719 1245 τε
2766 1187 2912 1244 οὗτοί
2962 1193 3089 1255 είσι,
3124 1195 3215 1244 καί
3257 1191 3354 1259 τῆς
3393 1189 3552 1250 ποίας
3599 1188 3834 1255 ἀγωγῆς

2229 1289 2344 1338 ,καὶ
2394 1284 2657 1354 βιώσεως,
2681 1283 2787 1336 καὶ
2828 1281 2904 1344 ὡς
2939 1282 2997 1333 ὲν
3035 1281 3321 1350 καταλόγῳ
3365 1279 3468 1331 τινί
3513 1279 3580 1331 τὰ
3621 1277 3834 1330 τούτων

2227 1374 2589 1445 ,ἀνακηρύξαι
2614 1373 2944 1444 φρονήματὰ
2981 1390 3038 1426 τε
3065 1373 3159 1425 καὶ
3185 1371 3596 1442 ἐπιτηδεύματα
3619 1387 3632 1400 ·
3665 1363 3738 1422 ὧν
3765 1372 3835 1421 ὲκ

2247 1467 2341 1520 τοῦ
2380 1466 2583 1536 τρόπου
2624 1465 2718 1518 καὶ
2743 1465 2836 1518 τοῦ
2871 1464 2986 1534 βίου
3017 1464 3111 1516 καὶ
3138 1463 3443 1533 τῆς-ἄλλης
3463 1462 3834 1532 ἀναστροφῆς.

2250 1559 2344 1612 καὶ
2374 1558 2441 1610 τὰ
2465 1556 2558 1610 τοῦ
2587 1557 2855 1624 δόγματος
2899 1554 3120 1624 ἐμφανῆ
3155 1554 3562 1622 καταστήσεται
3595 1571 3608 1584 ο
3635 1555 3698 1604 ἐκ
3724 1553 3837 1622 γὰρ

2248 1653 2343 1706 τοῦ
2397 1652 2613 1723 καρποῦ
2671 1651 2734 1705 τὸ
2771 1651 2986 1721 δένδρον
3021 1648 3417 1718 γνωσθήσεται.
3476 1650 3566 1712 Ὠς
3616 1647 3839 1717 ὁρῶμεν

2251 1746 2358 1814 γὰρ
2401 1746 2450 1797 oi
2491 1743 2710 1806 πλείους
2755 1743 2935 1796 αὐτῶν
2987 1740 3243 1809 γνώσεως
3285 1741 3316 1811 ἦ
3371 1740 3705 1801 παιδεύσεως
3737 1740 3841 1808 τῆς

580 1843 855 1912 ignorant,
883 1841 992 1894 imo
1019 1840 1182 1893 etiant
1214 1852 1398 1891 earum
1425 1850 1604 1889 rerum
1630 1833 1903 1888 studiosos
1924 1831 2154 1885 subsan-

2266 1835 2505 1891 βπωσοῦν
2536 1839 2736 1907 ἥκιστα
2769 1833 3248 1904 μεταποιούμενοι,
3287 1833 3380 1884 καὶ
3413 1831 3522 1894 τῶν
3558 1833 3841 1899 στοιχείων

583 1945 718 1987 nant
757 1943 920 1999 atque
959 1928 1282 1998 obiurgant,
1333 1943 1454 1981 nam
1500 1925 1835 1994 disciplinam
1871 1934 2027 1992 atque
2063 1940 2156 1976 sa-

579 2026 834 2093 ρίθηιὶαηι
851 2022 998 2088 impii
1021 2021 1302 2088 despicieut
1329 2057 1346 2084 ,
1369 2019 1444 2072 uti
1476 2017 1740 2085 scriptum
1769 2023 1855 2071 est
1879 2016 1947 2068 ⁷³.
1974 2014 2158 2070 liudes

581 2129 713 2181 ergo
753 2128 876 2169 cum
929 2113 1036 2166 sint
1074 2122 1129 2164 et
1179 2111 1389 2180 ignari,
1430 2110 1863 2178 intemperanter
1917 2105 2156 2161 inconti-

583 2215 890 2270 netttetque
919 2203 971 2256 in
1007 2201 1152 2254 omni
1185 2201 1296 2254 vita
1328 2200 1540 2268 degunt
1573 2215 1587 2252 :
1623 2198 1940 2267 nullumque
1969 2195 2161 2264 nequi-

585 2298 674 2351 tia:
705 2309 904 2365 genus
953 2303 1245 2354 recusant.
1301 2293 1501 2346 suimet
1554 2301 1862 2355 amatores,
1919 2288 2162 2358 pecunia:

593 2387 800 2456 cupidi,
827 2387 974 2450 vani,
997 2385 1238 2453 superbi,
1277 2382 1576 2453 blasphemi
1613 2381 1749 2451 (Ἠ),
1781 2390 2159 2444 contumaces,

585 2479 806 2548 ingrati,
842 2474 1080 2546 profani,
1111 2475 1228 2528 sine
1271 2472 1652 2529 aﬂ‘ectioneac
1699 2471 1926 2536 foedere,
1959 2471 2164 2526 calum-

586 2568 827 2622 niatores
857 2606 872 2632 ,
926 2566 1367 2629 incontinentes,
1417 2563 1588 2630 smvi,
1634 2565 1812 2618 Omnis
1870 2564 2023 2616 bona:
2085 2560 2164 2614 rei

587 2675 800 2725 osores,
827 2657 1090 2726 protervi,
1111 2667 1450 2726 arrogantes,
1480 2657 1774 2726 voluptatis
1802 2658 1979 2726 potius
2001 2669 2163 2724 quam

579 2751 1003 2806 Deiatnatores.
1036 2747 1142 2801 Sed
1165 2764 1328 2817 parva
1361 2756 1488 2801 sunt
1516 2748 1652 2811 hinc,
1685 2749 1900 2801 etiamsi
1928 2746 2166 2801 maxime

589 2842 1066 2914 reprehensibilia,
1094 2842 1237 2908 apud
1268 2857 1389 2893 cum
1417 2842 1506 2910 qui
1535 2841 1838 2909 hnjnsmodi
1860 2840 2163 2908 catalogum

589 2934 937 2990 scribendum
987 2931 1238 3000 suscipit.
1273 2931 1479 2984 Addam
1512 2931 1673 2982 etiam
1702 2972 1716 2996 ,
1757 2931 1853 2984 hos
1881 2944 2002 2986 esse
2035 2944 2166 2985 con-

589 3026 878 3082 viciatores
905 3063 920 3090 ,
949 3023 1430 3086 immisericordes,
1463 3021 1739 3090 juratores
1775 3023 2000 3090 passim,
2041 3039 2166 3093 per-

2257 1926 2438 1979 αὐτῶν
2493 1925 2592 1988 τὰς
2653 1923 2952 1993 ὀνομασίας
3003 1921 3358 1990 ἠγνοηκότες,
3412 1919 3510 1989 ἤδη
3567 1921 3663 1973 καὶ
3713 1919 3844 1982 τοὺς

2259 2013 2654 2084 ἀντεχομένους
2679 2011 3078 2083 μυκτηρίζουσι
3096 2011 3189 2064 καὶ
3209 2009 3492 2073 κακίζουσι
3516 2024 3531 2040 ·
3557 2007 3844 2064 Παιδείαν

2259 2106 2369 2174 γὰρ
2403 2104 2502 2159 καὶ
2555 2108 2780 2174 σοφίαν
2827 2103 3066 2168 ἀσεϐεῖς
3111 2103 3609 2167 ἐξουθενήσουσι,
3638 2103 3844 2172 γέγρα-

2261 2216 2395 2251 πται
2435 2214 2451 2230 ο
2491 2196 2723 2266 ἀμαθεῖς
2765 2197 2822 2250 δὲ
2865 2197 3017 2259 ὄντες
3065 2198 3160 2250 καὶ
3205 2195 3546 2260 ἀπαίδευτοι,
3579 2194 3845 2266 ἀκολασίᾳ

2263 2291 2356 2343 καὶ
2395 2290 2603 2359 ἀσωτία
2635 2289 2788 2359 παρά
2831 2288 3011 2341 πάντα
3054 2287 3144 2340 τὸν
3181 2287 3294 2356 βίον
3326 2287 3528 2349 συζῶσι
3563 2306 3576 2318 ·
3611 2289 3704 2341 καὶ
3742 2290 3844 2342 οὐκ

2263 2381 2408 2435 ἔστιν
2425 2383 2454 2434 ὃ
2475 2381 2552 2451 μὴ
2570 2381 2680 2434 τῶν
2705 2381 2927 2450 φαύλων
2957 2383 3140 2443 αὐτοῖς
3163 2382 3378 2450 αἱρετόν
3399 2382 3540 2442 ἔστι,
3567 2381 3841 2448 φίλαυτοι,

2266 2475 2634 2548 φιλάργυροι,
2689 2475 2947 2540 ἀλαζόνες
2971 2517 2985 2541 ,
3049 2475 3438 2546 ὑπερήφανοι,
3488 2472 3840 2542 βλάσφημοι,

2264 2569 2535 2633 ἀπειθεῖς,
2577 2570 2887 2640 ἀχάριστοι,
2942 2567 3171 2630 ἀνόσιοι,
3227 2568 3512 2636 ἄστοργοι,
3561 2565 3840 2628 ἄσπονδοι,

2263 2659 2526 2724 διάϐολοι,
2579 2660 2863 2728 ἀκρατεῖς,
2897 2655 3187 2726 ἀνήμεροι,
3230 2655 3591 2724 ἀφιλάγαθοι,
3637 2671 3845 2726 προπε-

2265 2756 2400 2818 τεῖς,
2431 2752 2830 2822 τετυφωμένοι,
2852 2752 3125 2822 φιλήδονοι
3147 2750 3346 2819 μᾶλλον
3364 2750 3395 2818 ἢ
3416 2748 3683 2818 φιλόθεοι·
3708 2749 3844 2802 ἀλλὰ

2271 2844 2449 2916 μικρά
2481 2845 2677 2910 ταῦτα,
2715 2845 2897 2898 καίτοι
2927 2844 3162 2914 μέγιστα
3190 2845 3270 2906 εἰς
3304 2843 3665 2912 κατηγορίαν,
3693 2841 3844 2910 παρὰ

2266 2939 2344 3008 τῷ
2391 2940 2693 3009 γεγραφότι
2748 2937 2977 2991 τουτωνὶ
3014 2937 3106 2990 τὸν
3160 2936 3462 3002 κατάλογον
3497 2951 3512 2966 ο
3550 2935 3844 3006 προσθείην

2265 3032 2311 3084 δ’
2345 3030 2411 3084 ἂν
2442 3031 2523 3084 δτι
2560 3030 2656 3083 καὶ
2693 3028 2924 3100 λοίδοροι
2971 3027 3066 3081 καὶ
3107 3027 3493 3097 ἀνελεήμονες,
3527 3025 3843 3096 πολύορκοι,

586 3119 762 3190 juros,
793 3117 1112 3186 sacrilegos,
1143 3115 1501 3184 pompaticos,
1524 3129 1676 3169 vana:
1698 3115 1884 3186 gloria:
1911 3117 2162 3184 cupidos,

2268 3122 2537 3190 ἐπίορκοι,
2564 3120 2850 3190 ἱερόσυλοι,
2871 3118 3214 3189 φιλόκοσμοι,
3236 3117 3526 3186 φιλόδοξοι,
3555 3117 3840 3188 πρόσυλοι,

593 3209 829 3264 terrenis
855 3208 1016 3262 rebus
1039 3207 1307 3270 addictos,
1328 3206 1505 3259 anima
1526 3222 1587 3260 ac
1604 3219 1782 3262 mente
1803 3208 2160 3276 eﬂeminatos,

592 3301 863 3365 ebriosos,
892 3300 1160 3368 stupidus,
1201 3299 1449 3364 stolidos,
1487 3312 1740 3364 vesanos,
1777 3301 2027 3355 carnales
2047 3317 2166 3356 om-

600 3396 732 3451 nino
774 3404 832 3449 et
858 3393 926 3447 ad
960 3392 1141 3446 intima
1167 3408 1392 3460 qumque
1424 3406 1623 3460 pronos
1656 3409 1670 3445 :
1699 3395 1898 3447 mundo
1928 3403 1981 3446 et
2012 3410 2166 3446 mun-

596 3487 762 3542 danis-
782 3485 942 3539 rebus
965 3485 1245 3538 devinctus
1267 3521 1282 3547 ,
1318 3483 1491 3536 ventri
1524 3492 1734 3536 tantum
1763 3484 2124 3538 inservientes
2147 3522 2163 3545 .

597 3589 653 3632 et
708 3579 948 3632 omnimn
994 3575 1060 3628 ad
1115 3585 1358 3629 ventrem
1407 3574 1798 3643 pertinentium
1852 3577 2164 3641 studiosos,

599 3678 780 3737 utpote
822 3665 1112 3736 pecudales
1143 3676 1198 3720 ct
1231 3667 1634 3722 irrationalium
1671 3667 1969 3723 bestiarum
1999 3669 2164 3722 vitam

597 3760 940 3814 tctnulantes.
975 3758 1114 3814 Sunt
1142 3770 1404 3829 praeterea
1435 3761 1700 3830 turpesin
1737 3759 2082 3825 occursibus,
2111 3760 2166 3814 in

597 3869 852 3909 sermone
885 3863 1068 3908 autem
1107 3863 1163 3908 et
1191 3855 1609 3909 conversatione
1635 3855 1910 3923 turpiores
1941 3871 1955 3907 :
1987 3853 2167 3908 verbis

598 3958 888 4012 pugnaces,
925 3945 1166 3999 iracundi
1189 3985 1203 4010 ,
1230 3945 1585 4010 contentiosi,
1613 3943 1812 4014 jurgiis
1839 3945 2164 4015 gaudentes,

597 4044 652 4091 ct
694 4036 868 4090 aliena
892 4039 1013 4104 jura
1052 4037 1388 4091 invadentes.
1419 4035 1586 4092 Iidem
1633 4036 1927 4092 tribunalia
1961 4043 2167 4102 terunt,

597 4133 1096 4187 controversiarum
1165 4131 1451 4200 liliumque
1525 4133 1795 4197 studiosi;
1855 4130 2165 4188 libellorum

599 4232 851 4276 auctores
877 4222 1186 4290 iniquorum
1209 4261 1224 4285 ,
1253 4223 1450 4290 quibus
1477 4224 1739 4276 adversus
1769 4225 2078 4290 proximum
2102 4221 2170 4275 ab

602 4313 864 4381 improbis
895 4321 1182 4368 struuntur
1217 4313 1541 4375 calumnia);
1578 4321 1787 4367 metunt
1826 4313 1915 4368 ubi
1949 4327 2055 4366 non
2083 4327 2173 4366 se-

599 4416 828 4470 verunt,
867 4412 1199 4474 congregant
1229 4403 1318 4456 tibi
1356 4418 1459 4456 non
1501 4412 1824 4471 sparserunt
1851 4441 1866 4466 ,
1893 4403 2174 4472 quodlibet

2270 3214 2541 3283 ἐμπαθεῖς
2593 3213 2691 3282 τὴν
2750 3211 2929 3281 ψυχὴν
2979 3213 3074 3264 καὶ
3131 3211 3232 3280 τὴν
3273 3210 3536 3275 διάνοιαν,
3570 3211 3842 3278 πάροινοι,

2271 3302 2652 3374 παραπλῆγες,
2717 3304 3089 3372 παράφρονες,
3139 3303 3391 3371 ἀνόητοι,
3438 3305 3745 3370 σωματικοὶ
3784 3303 3845 3355 τὸ

2273 3398 2381 3449 πᾶν
2414 3395 2511 3448 καὶ
2535 3396 2703 3464 ξκάτω
2740 3394 2985 3456 νεύοντες
3016 3411 3030 3425 ·
3063 3394 3251 3463 κόσμῳ
3298 3411 3355 3446 τε
3396 3395 3490 3447 καὶ
3523 3397 3636 3456 τοῖς
3663 3397 3720 3446 ἐν
3768 3394 3843 3462 τῷ

2273 3489 2466 3559 κόσμῳ
2501 3487 2826 3559 ἡττώμενοι,
2859 3489 2954 3540 καὶ
2977 3491 3042 3556 τῇ
3069 3487 3272 3557 γαστρὶ
3308 3487 3442 3558 μόνῃ
3475 3487 3840 3556 δουλούμενοι,

2273 3579 2367 3631 καὶ
2399 3579 2500 3630 ὅσα
2536 3579 2666 3648 περ)⁸
2713 3580 2812 3648 τὴν
2863 3578 3106 3647 γαστέρα
3149 3574 3564 3640 σπουδάζοντες,
3594 3570 3680 3627 οἵα
3715 3592 3844 3643 κτη-

2273 3672 2458 3735 νώδεις
2485 3671 2692 3724 καὶτὸν
2735 3670 2844 3723 τῶν
2875 3669 3087 3737 ἀλόγων
3129 3669 3284 3733 ζώων
3329 3669 3444 3740 βίον
3478 3667 3838 3739 ζηλώσαντες.

2273 3765 2500 3833 Αίσχροὶ
2556 3763 2685 3832 περὶ
2729 3762 2829 3832 τὴν
2867 3760 3126 3824 ἔντευξιν,
3176 3743 3270 3827 καὶ
3321 3763 3418 3832 τὴν
3481 3762 3701 3831 ὁμιλίαν
3757 3763 3846 3816 καὶ

2276 3853 2565 3906 συνουσίαν
2615 3853 2956 3926 αίσχρότεροι
2989 3866 3005 3881 ⁶
3055 3856 3151 3905 καὶ
3207 3853 3298 3905 τὸν
3356 3853 3518 3922 λόγον
3570 3855 3844 3924 μάχιμοι,

2273 3944 2505 4015 ὀργίλοι,
2552 3945 2869 4014 φιλόνεικοι,
2928 3945 3130 4014 μάχαις
3188 3944 3491 4015 χαίροντες,
3545 3949 3639 3998 καὶ
3675 3946 3848 4010 δίκαις

2275 4038 2586 4108 ἀλλοτρίαις
2636 4037 3058 4106 ἐπεμϐαίνοντες
3091 4053 3104 4065 ·
3137 4037 3204 4090 τὰ
3245 4037 3575 4107 δικαστήρια
3621 4054 3846 4108 περιπο-

2275 4127 2516 4191 λοῦντες,
2564 4127 2858 4197 φιλέριδες,
2909 4127 3170 4196 φιλόδικοι
3200 4141 3213 4155 ’
3253 4125 3655 4198 γραμματείοις
3712 4127 3850 4196 φαύ-

2275 4219 2428 4285 λοις,
2487 4222 2545 4273 ὲν
2605 4214 2684 4282 οἷς
2735 4219 2842 4272 τῶν
2875 4220 3120 4290 πλησίον
3165 4222 3222 4272 αἱ
3272 4220 3514 4274 διαδολαὶ
3554 4221 3705 4291 παρὰ
3748 4221 3852 4274 τῶν

2280 4310 2498 4378 φαύλων
2555 4310 3225 4379 συντίθενται,χαίροντες
3259 4327 3272 4342 ·
3307 4310 3618 4382 θερίζοντες
3657 4305 3719 4364 οὗ
3779 4313 3851 4381 μὴ

2279 4401 2544 4472 ἐσπειραν
2563 4445 2578 4468 ,
2605 4403 2699 4456 καὶ
2726 4403 3046 4470 συνάγοντε-
3080 4394 3142 4455 οὗ
3168 4401 3242 4472 μὴ
3271 4402 3630 4473 ἑσκόρπισαν,
3675 4406 3852 4458 πᾶσαν

599 4497 973 4564 evangelicum
1009 4495 1324 4548 mandatum
1346 4495 1586 4559 abolent,
1604 4509 1818 4550 omnem
1850 4494 2162 4548 canonicam

2281 4493 2646 4562 εὐαγγελικὴν
2687 4493 2905 4562 ἐντολὴν
2953 4491 3302 4556 ἀθετοῦντες,
3337 4495 3520 4563 πάσης
3565 4497 3853 4564 κανονικῆς

602 4587 925 4654 civilemque
951 4587 1395 4639 constitutionem
1417 4586 1714 4655 negligunt,
1731 4601 1892 4640 omne
1906 4587 2169 4655 spiritalis

601 4679 726 4732 vita:
757 4692 928 4743 genus
953 4680 1202 4731 abuuttut
1242 4693 1305 4731 ac
1348 4680 1695 4746 vituperant,
1718 4695 1887 4736 omne
1915 4679 2176 4734 ecclesia-

601 4773 795 4825 sticutn
843 4773 1213 4840 magisterium
1246 4771 1667 4842 reprehendunt,
1703 4783 1928 4832 cunctas
1950 4782 2176 4841 aposto-

601 4864 774 4916 lorum
835 4861 1167 4931 Patrumqnc
1225 4879 1385 4917 voces
1441 4873 1605 4933 atque
1643 4863 2040 4922 admonitiones
2080 4864 2177 4918 dc-

601 4963 846 5024 spuunt;
883 4969 1178 5024 sacrosque
1211 4954 1407 5010 Libros
1432 4965 1658 5011 .nostros
1693 4970 1790 5017 ceu
1835 4970 2172 5025 magnopere

671 5112 717 5142 ⁷³
737 5109 895 5164 Prov.
922 5125 958 5175 t,
981 5109 1056 5170 29

671 5269 782 5339 (7i)
819 5269 1232 5325 Cantacnzenus
1261 5270 1313 5324 in
1355 5269 1588 5331 Cantic.,
1622 5278 1681 5323 ut
1713 5284 1873 5321 unam
1914 5268 1994 5320 vel
2025 5268 2178 5339 alte-

598 5337 712 5394 ram
739 5341 914 5394 adhuc
933 5355 996 5393 ex
1025 5358 1089 5393 eo
1114 5345 1489 5394 auctoritatem
1517 5342 1814 5405 proferant:
1841 5340 1994 5390 Πᾶσα
2015 5337 2180 5406 βλασ-

601 5411 780 5480 φημία
810 5412 908 5480 τὴν
946 5409 1251 5480 φιλοδοξίαν
1292 5410 1466 5480 ἀρχὴν
1493 5410 1729 5480 έσχηκεν
1751 5425 1764 5438 ο
1802 5409 1932 5480 ὅπου
1967 5424 2030 5474 γε
2083 5407 2178 5480 καὶ

598 5481 627 5532 ὁ
651 5476 1179 5550 πρῶτοί-γενόμενος
1205 5476 1518 5550 παράΘεοῦ
1541 5481 1640 5550 ἀνθ
1652 5494 1851 5550 ρωπος,
1881 5479 1992 5550 [σος
2016 5476 2180 5550 ἀκοῦτ

601 5547 706 5602 σαι
741 5547 1172 5619 καταδεξάμενος
1222 5547 1476 5619 γενέσθαι
1528 5548 1684 5616 Θεῷ,
1739 5549 1841 5619 καὶ
1893 5547 2174 5619 ταύτῃ-τῇ

602 5615 1026 5687 συγκαταθέσει’
1054 5621 1189 5689 πρὸς
1223 5615 1314 5670 τὸν
1345 5616 1629 5689 Α”Υψιστον
1664 5615 2174 5689 βᾼεόλασφῃμηκὼς,

601 5691 769 5758 αὐτὴν
807 5691 906 5759 τὴν
937 5687 1237 5757 φιλοδοξίαν
1263 5727 1276 5749 ,
1310 5687 1370 5759 τὸ
1399 5687 1654 5759 γενέσθαι
1681 5687 1795 5759 λίσος
1825 5687 1974 5756 Θεῷ,
2001 5687 2176 5756 ἀρχὴν

601 5757 1265 5830 ίσχείτῆςπαραὸἁσειοις·
1300 5757 1482 5811 Omnis
1517 5757 1843 5828 blant/tentia
1875 5775 1904 5812 ιι
1930 5760 2174 5828 superbia

2277 4587 2372 4639 καὶ
2404 4587 2630 4655 ἐννόμου
2655 4587 3016 4656 θεσμοθεσίας
3045 4587 3450 4656 ὑπερορῶντες,
3478 4591 3660 4642 πᾶσαν
3689 4607 3852 4640 πνευ-

2284 4678 2517 4748 ματικὴν
2541 4679 2818 4732 πολιτείαν
2838 4679 3254 4751 διακρουόμενοι
3272 4681 3366 4732 καὶ
3384 4681 3850 4745 κατονειδίζοντες,

2284 4772 2467 4824 πᾶσαν
2531 4772 2995 4842 ὲκκλησιαστικὴν
3071 4772 3426 4826 διδασκαλίαν
3488 4772 3850 4842 διασύροντες,

2289 4862 2469 4914 πᾶσαν
2500 4861 2862 4932 ἀποστολικὴν
2898 4862 2994 4914 καὶ
3022 4864 3303 4932 Πατρικὴν
3329 4863 3513 4933 φωνὴν
3551 4868 3646 4914 καὶ
3676 4863 3855 4915 νουθε-

2284 4955 2405 5010 σίαν
2452 4954 2842 5018 διαπτύοντες·
2892 4957 2992 5020 τάς
3025 4974 3085 5008 τε
3129 4957 3282 5028 ίεράς
3320 4957 3480 5027 ἡμῶν
3518 4957 3754 5036 βίὸλους,
3783 4957 3856 5021 ὡς

2286 5269 2496 5321 initium
2553 5271 2797 5333 sumpsit.
2846 5268 3089 5340 Namque
3125 5281 3172 5324 et
3222 5273 3422 5339 primus
3467 5273 3618 5327 homo
3664 5292 3694 5324 ο
3755 5273 3853 5327 ι)ρο

2285 5351 2513 5398 creatus,
2545 5356 2658 5413 cum
2716 5342 2946 5392 audisset
2992 5357 3140 5404 posse
3178 5360 3232 5394 se
3287 5360 3464 5409 parem
3505 5346 3609 5395 Ι)εο
3641 5345 3776 5413 ﬁeri.
3805 5355 3851 5397 et

2286 5414 2385 5461 Imc
2418 5412 2753 5476 persuasione
2780 5421 3043 5476 permotus
3073 5415 3323 5465 adversus
3362 5412 3686 5465 Altissimum
3718 5413 3850 5465 blas-

2284 5479 2506 5546 phemiw
2546 5495 2688 5530 reum
2741 5495 2796 5531 se
2839 5481 3080 5544 fecisset,
3113 5482 3443 5544 superbiant,
3474 5484 3528 5536 id
3562 5493 3638 5538 est
3665 5485 3769 5540 Deo
3801 5501 3850 5535 se

2283 5549 2592 5620 exitu/nandi
2615 5549 2971 5611 ambitionem,
3003 5554 3436 5620 transgressionis
3470 5571 3579 5605 sua:
3605 5555 3847 5620 originem

2283 5617 2803 5691 [tabtrit._ll.:t:t'csco_tt
2829 5629 2976 5691 certe
2998 5617 3492 5691 muniamunum.»
3520 5638 3640 5675 esse
3671 5617 3839 5691 super-

2283 5687 2608 5764 biatn,_dicit
2639 5689 2780 5764 apud
2813 5689 3199 5764 nosACyrillus,
3238 5689 3313 5744 De
3344 5690 3628 5759 Trinitate,
3651 5687 3771 5764 cap.
3801 5694 3846 5756 l,

2283 5773 2402 5813 cum
2434 5758 2736 5828 Augustino
2769 5757 2819 5812 in
2851 5759 2989 5812 Adn.
