4072 6324
253 461 340 524 489

908 457 1530 519 ANTIRRHETICUS
1569 456 1662 516 ΙΙΙ
1701 457 1867 518 ADV.
1907 452 2499 516 CONSTANTINUM
2537 451 2750 513 COPR.

3352 445 3457 508 490

255 575 377 646 μέγα
400 587 449 624 τι
479 567 674 640 βλάϐος
709 568 1186 640 ἀποπεμπόμενοι,
1223 570 1320 622 καὶ
1359 569 1487 632 τοὺς
1523 568 1791 637 ἐντυγχά-

1909 568 2025 638 ιιιίἀ
2057 567 2276 622 noxium
2295 566 2580 634 abjiciunt,
2609 573 2663 619 et
2684 577 2776 617 eos
2803 561 2894 631 qui
2919 560 3020 616 bos
3044 559 3226 630 legunt
3249 573 3460 628 usuque

252 680 416 726 νοντας
439 662 526 714 καὶ
547 661 917 731 ἀσκουμένους
935 661 994 714 έν
1023 661 1237 724 αὑταῖς,
1263 661 1337 723 ώς
1365 660 1498 728 ἄγος
1519 676 1572 712 τι
1605 661 1794 730 ἔκτρε-

253 755 455 824 πόμενοι
473 768 487 782 ⁶
510 754 692 806 πᾶσαν
717 751 1007 805 εὐλάὸειαν
1025 753 1118 806 καὶ
1144 751 1432 805 εὐσέϐειαν
1456 750 1796 820 καταχλευὰ-

253 845 434 912 ζοντες,
463 845 522 898 τὸ
551 848 736 916 σχῆμα
755 843 816 897 τὸ
844 843 1202 898 ἀποστολικὺν
1237 842 1672 912 βδελυσσόμενοι,
1701 841 1796 894 καὶ

251 941 334 1009 τὴν
383 937 679 1008 ἱερωσύνην
725 933 1227 1005 καταχλευάζοντες
1260 949 1274 965 '
1335 935 1446 986 πᾶν
1504 933 1794 986 σπουδαῖον

251 1033 329 1084 καὶ
349 1029 545 1098 ἀγαθὸν
565 1027 944 1100 διωθούμενοι,
964 1027 1057 1081 καὶ
1084 1027 1191 1080 πᾶν
1215 1025 1452 1094 φευκτὸν
1475 1024 1568 1077 καὶ
1589 1024 1797 1094 μοχθη-

251 1124 329 1194 ρὸν
357 1119 760 1190 ἀσπαζόμενοι·
814 1119 915 1172 οὐκ
967 1115 1274 1185 ἀναγνώσει
1315 1115 1697 1186 προσέχουσιν,
1733 1113 1792 1167 ού

251 1215 390 1268 θείων
419 1213 650 1284 Γραφῶν
681 1211 953 1282 ἀκροαταὶ
984 1211 1224 1279 γίνονται
1247 1225 1262 1240 ο
1295 1207 1415 1270 πῶς
1443 1209 1590 1278 γάρ;
1630 1207 1684 1258 οἵ
1732 1223 1798 1274 γε

251 1306 406 1359 πάντα
437 1302 612 1356 ταῦτα
661 1300 1232 1372 καταμυσαττόμενοι,
1292 1298 1386 1351 καὶ
1421 1298 1642 1350 πάντων
1690 1296 1799 1350 τῶν

256 1393 654 1448 λυσιτελούντων
694 1392 957 1462 ἀμύητοι,
991 1391 1172 1460 πάσης
1215 1388 1548 1458 πανουργίας
1575 1389 1801 1456 ἐφευρε-

247 1487 344 1548 ταὶ,
387 1484 486 1537 οὐκ
543 1484 625 1546 είς
675 1483 839 1544 ναοὺς
884 1480 1018 1533 Θεοῦ
1056 1477 1426 1549 σχολάζουσιν,
1485 1477 1546 1529 οὐ
1614 1476 1800 1529 πίστιν

251 1575 480 1643 τιμῶσιν,
518 1573 620 1625 οὐκ
652 1572 875 1640 ἀγάπην
924 1568 1413 1639 περιπτύσσονται,
1464 1566 1566 1620 οὐκ
1608 1564 1801 1619 ὲλπίδα

249 1664 549 1732 κέκτηνται,
605 1661 664 1716 οὐ
712 1661 990 1730 προσευχῇ
1025 1659 1123 1711 καὶ
1171 1657 1396 1728 νηστείᾳ
1458 1673 1801 1727 προσκαρτε-

251 1751 436 1822 ροῦσιν,
466 1751 529 1804 οὐ
582 1748 878 1820 παρθενίαν
915 1748 1294 1818 σεμνύνουσιν,
1325 1747 1387 1800 οὐ
1444 1746 1800 1817 σωφροσύνην

196 1906 202 1911 λ
249 1842 510 1910 ἀγαπῶσν
556 1841 734 1894 πάντα
765 1839 854 1892 τὸν
895 1839 1010 1909 βίον
1041 1837 1284 1908 αἰσχρῶς
1338 1836 1797 1908 καταστρέφουσι,

1899 670 2099 724 terunt,
2123 674 2220 714 ceu
2255 658 2526 727 piaculum
2554 656 2771 724 aliquod
2797 662 3121 708 aversantur
3154 671 3166 706 :
3207 653 3460 722 pietatem

1894 765 2108 806 omnem
2147 736 2299 820 131
2333 759 2388 805 et
2412 748 2788 804 orthodoxiam
2826 746 3077 809 irrident,
3107 745 3464 814 apostolicum

1895 843 2272 897 vestimentum
2309 839 2422 912 (72)
2455 838 2818 909 vilipendunt,
2853 849 2908 891 et
2941 836 3310 892 sacerdotium
3340 837 3468 890 sub-

1896 943 2130 988 sannant
2158 953 2170 987 :
2196 947 2360 986 omne
2389 931 2622 1000 denique
2657 929 2797 999 frugi
2830 930 3143 999 bonumque
3192 936 3428 982 renuunt
3450 967 3466 990 ,

1896 1038 2058 1080 omne
2105 1023 2386 1078 vitandum
2434 1033 2598 1092 atque
2654 1023 2963 1090 improbum
3009 1020 3406 1092 amplectuntur
3451 1040 3464 1076 :

1898 1114 2113 1169 lectioni
2149 1130 2253 1168 non
2277 1122 2494 1178 vacant,
2517 1115 2729 1168 divinas
2758 1113 3074 1180 Scripturas
3101 1127 3208 1166 non
3249 1112 3469 1167 auscul-

1899 1213 2052 1271 tant;
2089 1205 2179 1274 qui
2215 1204 2361 1259 enim
2395 1204 2446 1258 id
2493 1203 2780 1258 facerent?
2809 1219 2930 1257 cum
2968 1203 3082 1256 haec
3124 1203 3307 1256 omnia
3346 1203 3471 1256 odio

1901 1295 2176 1358 habeant,
2212 1304 2268 1348 et
2305 1295 2482 1348 omnis
2530 1295 2607 1348 rei
2641 1291 2792 1347 utilis
2839 1292 2948 1346 sint
2983 1291 3196 1360 ignari,
3249 1291 3472 1344 malitia:

1899 1383 2081 1441 omnis
2113 1384 2498 1439 adinventores
2535 1401 2548 1437 :
2579 1383 2774 1452 templa
2822 1382 2913 1438 Dei
2949 1397 3052 1436 non
3084 1380 3468 1450 frequentant,

1903 1477 2062 1533 fidem
2105 1494 2210 1532 non
2251 1478 2558 1543 honorant,
2613 1476 2940 1530 charitatem
3003 1490 3108 1529 non
3163 1485 3468 1537 sectantur,

1903 1585 2057 1639 spem
2098 1584 2203 1624 non
2254 1568 2490 1635 habent,
2549 1576 2724 1638 neque
2779 1569 3014 1623 orationi
3063 1581 3236 1636 neque
3267 1564 3471 1634 jejunio

1902 1661 2027 1714 dant
2077 1675 2338 1729 operam,
2387 1659 2754 1728 virginitatem
2805 1673 2909 1713 non
2966 1664 3286 1714 reverentur
3336 1654 3471 1725 (73),

1904 1751 2223 1806 modestiam
2246 1751 2366 1806 'non
2397 1750 2633 1820 diligunt
2661 1767 2675 1804 :
2710 1751 2873 1804 vitam
2902 1751 3210 1804 universam
3241 1749 3473 1816 turpiter

1905 1842 2223 1905 decurrunt,
2257 1840 2514 1910 nequitiae
2539 1840 2721 1894 omnis
2747 1849 3092 1909 operatores,
3125 1839 3339 1892 virtutis
3373 1852 3472 1889 cn-

249 1933 410 2001 πάσης
429 1931 629 1993 κακίας
651 1929 882 2000 ἐργάται
910 1929 1006 1982 καὶ
1037 1927 1220 1997 πάσης
1251 1928 1451 1999 ἀρετῆς
1471 1927 1799 1995 ὑπερόπται·

1909 1933 2119 2001 iuslibet
2174 1941 2600 2001 contemptores.
2640 1931 2772 1985 Nam
2827 1932 3147 2001 praeclarum
3197 1929 3476 2000 quodlibet

249 2022 373 2075 ἅπαν
399 2021 500 2092 γὰρ
541 2020 706 2074 καλὸν
731 2020 823 2073 καὶ
842 2019 982 2071 θεῖον
1012 2018 1108 2071 καὶ
1130 2018 1332 2088 ἀρετῆς
1359 2013 1418 2070 εὗ
1445 2013 1602 2087 ⁴ἧκον,
1626 2017 1801 2087 σκηνὴ

247 2115 326 2168 καὶ
340 2115 524 2168 παιδιὰ
553 2132 629 2167 πα
638 2115 688 2184 ρ’
706 2113 888 2176 αὐτοῖς
910 2113 1238 2180 λελόγισται,
1267 2111 1524 2184 στυγητοί
1547 2111 1639 2165 καὶ
1661 2110 1806 2181 ἔχθι-

248 2226 347 2262 στοι
379 2210 532 2281 παρά
555 2208 672 2280 Θεῷ
713 2226 775 2261 τε
806 2209 898 2298 ita}
931 2207 1187 2276 ἀγγέλοις
1213 2206 1307 2260 καὶ
1350 2205 1658 2276 ἀνθρώποις
1690 2206 1806 2268 τοῖς

246 2301 635 2372 εύσεόεστέροις
669 2300 762 2353 καὶ
791 2296 966 2369 ὀρθῶς
997 2296 1147 2367 βιοῦν
1180 2298 1482 2368 ᾑρημένοις
1506 2296 1803 2366 τυγχάνον-

245 2407 323 2453 τες
343 2405 356 2420 ⁸
383 2390 589 2444 τούτων
612 2391 707 2444 καὶ
732 2392 760 2443 ὁ
791 2388 906 2459 βίος
954 2386 1202 2457 αἰσχρὸς,
1241 2387 1335 2440 καὶ
1367 2389 1395 2440 ό
1415 2386 1574 2454 λόγος
1603 2385 1804 2456 σαθρὸς

247 2483 326 2534 καὶ
355 2483 756 2546 κατάπτυστος,
785 2479 880 2534 καὶ
915 2481 1093 2548 πάσης
1123 2478 1311 2541 ἀνοίας
1330 2477 1649 2549 ὲπίμεστος.

306 2613 365 2665 Τί
397 2615 572 2669 τᾶλλα
614 2614 826 2682 λέγεινς
881 2613 1068 2666 Πάντα
1109 2607 1191 2676 οἷς
1215 2613 1244 2664 δ
1277 2611 1569 2682 μισόκαλος
1611 2611 1808 2682 ὲχθρὺς

245 2702 427 2772 χαίρει,
474 2679 939 2774 διαπραττόμενοι
985 2679 1341 2772 βιοτεύουσιν,
1397 2699 1574 2763 οὐδεὶς
1625 2679 1809 2762 altior;

246 2796 359 2865 περὶ
388 2796 628 2852 θανάτου
677 2794 836 2864 λόγος
879 2794 1158 2857 οὐδέποτε,
1200 2793 1377 2856 οὐδεὶς
1408 2792 1536 2864 περὶ
1570 2791 1808 2845 ἀναστά-

250 2886 421 2957 σεωςῆ
455 2887 716 2956 κρίσεως,
742 2885 928 2956 κριτοῦ
946 2901 1004 2937 τε
1024 2882 1476 2955 προσδοκωμένου
1497 2881 1637 2952 μετά
1651 2881 1809 2952 δόξης

244 2975 329 3045 τῆς
343 2977 622 3049 πατρικῆς
635 2991 650 3006 '
669 2976 763 3046 τῆς
776 2975 1018 3048 ἀρρήτου
1031 2991 1088 3027 τε
1105 2975 1198 3028 καὶ
1212 2972 1513 3043 φρικώδους
1527 2972 1622 3027 καὶ
1635 2973 1812 3026 πάντα

244 3063 385 3131 λόγον
415 3065 854 3136 ὑπεραιρούσης,
881 3065 976 3119 καὶ
1004 3065 1205 3127 παντὸς
1233 3064 1387 3127 δέους
1412 3062 1688 3135 γεμούσης
1717 3065 1812 3119 καὶ

245 3157 654 3228 καταπλήξεως,
692 3155 818 3209 ἔνθα
857 3157 952 3210 καὶ
976 3155 1200 3224 ἄγγελοι
1239 3156 1376 3226 μετά
1401 3154 1570 3226 φόϐου
1603 3154 1805 3208 πολλοῦ

245 3249 604 3318 παρίστανται
657 3247 750 3299 καὶ
800 3247 1161 3316 ἐκπλήξεως·

245 3338 399 3406 μέγα,
427 3339 527 3393 καὶ
551 3338 658 3392 τῶν
685 3337 1095 3408 πεπραγμένων
1117 3338 1152 3408 ἡ
1174 3337 1440 3402 ἀντίδοσις
1469 3338 1806 3409 πρυτανεύε-

241 3444 342 3493 ut,
373 3432 468 3483 καὶ
495 3430 727 3490 ἕκαστος
760 3429 914 3498 ἡμῶν
940 3427 1017 3498 τῷ
1047 3428 1256 3499 πλάστῃ
1278 3428 1631 3500 παρίσταται,
1664 3429 1808 3483 καθά

244 3519 438 3588 ἔπραξε
471 3521 566 3573 διὰ
601 3520 693 3572 τοῦ
734 3519 987 3587 σώματος
1039 3521 1152 3573 εἴτε
1200 3520 1405 3589 ἀγαθὸν
1437 3521 1548 3572 εἴτε
1602 3520 1809 3589 φαῦλον

241 3611 649 3681 ἀποληψόμενος
679 3626 693 3639 ⁶
725 3611 824 3679 ούχ
876 3611 1287 3681 ἁμαρτημάτων
1326 3611 1406 3673 είς
1456 3612 1810 3681 συναίσθησιν

243 3701 514 3771 ἔρχονται,
569 3703 630 3755 ού
685 3703 835 3772 παρά
885 3702 1020 3754 Θεοῦ
1062 3704 1395 3772 συγγνώμην
1434 3703 1699 3770 αἰτοῦσιν,
1747 3705 1809 3758 ού

239 3795 562 3862 παραίνεσιν
598 3793 873 3865 σωτηρίας
919 3792 1156 3864 ψυχικῆς
1209 3793 1397 3847 ἕνεκεν
1439 3793 1709 3864 δέχονται.
1745 3795 1810 3848 Τί

239 3884 337 3954 γὰρ
383 3886 498 3956 ἔχει
533 3887 766 3957 κακδνὴ
824 3886 969 3958 ψυχή
1026 3903 1151 3955 μου,
1210 3885 1290 3956 τῷ
1338 3885 1408 3938 τά
1461 3887 1808 3957 συμφέροντα

240 3978 629 4044 παραινοῦντις
664 3976 1068 4047 ἀποκρίνονται.
1088 3976 1188 4029 Διά
1212 3975 1370 4029 τοῦτο
1386 3976 1506 4030 οὐδὲ
1531 3976 1810 4046 βασιλείας

237 4066 482 4135 οόρανῶν
541 4067 719 4132 ἐλπὶς,
755 4067 878 4119 οὐδὲ
916 4067 1076 4134 λόγου
1111 4068 1492 4136 πνευματικοῦ
1521 4067 1808 4138 ἀνέχονται

236 4157 495 4211 πώποτε⁹
529 4158 698 4221 ὅντως
748 4159 805 4210 ἐν
845 4158 1060 4222 τούτοις
1111 4161 1232 4211 ἐστὶ
1281 4159 1701 4230 κεκαλυμμένον
1749 4159 1810 4213 τὸ

238 4247 605 4316 Εὑαγγέλιοψ
663 4249 762 4301 Ἐν
805 4244 896 4314 οἷς
935 4249 967 4301 ό
1002 4249 1146 4314 Θεὸς
1189 4249 1295 4303 τοῦ
1334 4249 1548 4317 αἰῶνος
1591 4252 1808 4306 τούτου

233 4336 552 4406 ἐτύφλωσε
575 4337 646 4392 τὰ
666 4337 934 4406 νοήματα
952 4340 1040 4402 είς
1062 4339 1224 4408 τὸμὴ
1253 4339 1584 4411 ἐναυγάσαι
1607 4343 1813 4409 αὐτοῖς

236 4427 334 4480 τὸν
371 4429 693 4498 φωτισμὸν
715 4429 820 4484 τοῦ
855 4430 1244 4499 Εὐαγγελίου.
1288 4422 1478 4486 Αὐτῶν
1509 4432 1566 4485 δὲ
1607 4434 1813 4489 τούτων

220 4630 225 4634 ·
296 4608 342 4637 ⁷⁸
371 4607 412 4662 ll
446 4606 580 4660 Cor.
618 4618 692 4674 tv,
722 4610 776 4664 4.

1903 2036 1956 2081 et
1983 2025 2257 2096 egregium
2284 2035 2336 2080 et
2371 2041 2492 2082 cum
2524 2029 2723 2080 virtute
2748 2033 2929 2078 actum
2963 2063 2978 2087 ,
3018 2038 3234 2077 scenam
3270 2022 3369 2092 ipsi
3411 2036 3476 2072 ac

1905 2113 2194 2167 ludibrium
2226 2123 2509 2182 reputant;
2536 2115 2648 2168 Deo
2673 2113 2908 2168 maxime
2935 2111 3165 2167 odibiles
3194 2120 3248 2166 et
3276 2110 3472 2166 infensi
3557 2165 3564 2178 γ

1907 2219 2005 2258 nec
2057 2219 2162 2258 non
2202 2205 2408 2275 angelis
2439 2215 2492 2260 et
2541 2206 2819 2259 hominum
2878 2203 3242 2274 pientioribus
3293 2211 3347 2256 et
3381 2203 3472 2272 qui

1907 2303 2055 2352 recte
2079 2297 2260 2350 vivere
2289 2296 2663 2351 instituerunt.
2707 2295 2910 2349 Horum
2946 2306 3000 2347 et
3034 2295 3141 2348 vita
3168 2293 3340 2364 turpis
3369 2302 3471 2357 est,

1906 2399 1960 2444 et
2027 2404 2209 2445 sermo
2261 2389 2536 2446 marcidus
2587 2399 2750 2458 atque
2809 2387 3164 2456 aspernabilis
3216 2387 3474 2456 omnique

1908 2482 2128 2536 vesania
2159 2482 2370 2550 plenus.

1978 2615 2114 2682 Quid
2145 2615 2342 2684 plura?
2373 2615 2644 2684 Quidquid
2690 2615 2831 2671 hosti
2866 2625 3050 2670 nostro
3081 2617 3298 2671 virtutis
3330 2617 3476 2672 osori

1911 2706 2105 2776 placet,
2143 2708 2197 2762 hi
2235 2722 2333 2776 per
2361 2722 2574 2761 omnem
2612 2707 2777 2761 vitam
2814 2707 3056 2762 factitant
3115 2723 3133 2759 :
3172 2709 3318 2762 nulla
3350 2709 3479 2778 ipsis
3519 2750 3525 2760 .

1911 2796 2103 2850 mortis
2139 2796 2190 2849 in
2224 2810 2476 2851 sermone
2503 2797 2985 2861 commemoratio,
3023 2797 3166 2850 nulla
3201 2798 3266 2852 de
3301 2813 3480 2853 resur-

1910 2887 2152 2941 rectione
2203 2901 2264 2941 ac
2298 2886 2506 2956 judicio
2539 2886 2743 2940 mentio
2772 2925 2786 2950 ,
2820 2897 2980 2954 atque
3011 2897 3321 2955 εχενεοιιιιο
3354 2902 3476 2942 cum

1911 2986 2138 3048 paterna
2174 2977 2344 3047 gloria
2388 2977 2573 3045 judice
2597 3019 2613 3044 ,
2649 2978 2998 3033 inenarrabili
3034 2979 3277 3046 profecto
3321 2995 3377 3034 re
3417 2995 3481 3036 ac

1915 3069 2217 3134 tremenda,
2246 3079 2299 3123 et
2328 3070 2486 3124 nullis
2519 3070 2699 3125 verbis
2721 3071 3096 3140 exprimenda,
3128 3071 3283 3140 plena
3311 3087 3480 3140 [δεινος

1916 3159 1992 3214 ris
2040 3165 2094 3214 et
2127 3160 2594 3215 consternationis
2620 3199 2636 3226 ,
2669 3162 2756 3216 cui
2789 3162 2890 3230 ipsi
2939 3162 3115 3232 angeli
3159 3162 3326 3217 multo
3347 3179 3477 3230 cum

1202 3246 1506 3315 σάλπιγγος
1564 3247 1805 3318 ἡχούσης

1915 3259 2059 3304 metu
2114 3251 2371 3305 astabunt
2413 3261 2578 3320 atque
2623 3261 2852 3318 terrore,
2897 3255 3022 3309 tuba
3057 3254 3300 3324 graviter
3332 3271 3480 3311 reso-

1914 3350 2097 3406 nante,
2130 3357 2251 3396 cum
2285 3352 2420 3398 acta:
2459 3343 2582 3398 vitae
2608 3346 2975 3402 remuneratio
3010 3347 3119 3413 ﬁet,
3156 3364 3277 3404 cum
3314 3365 3481 3405 unus-

1913 3431 2141 3500 quisque
2170 3431 2416 3487 Creatori
2441 3437 2744 3503 apparebit,
2779 3447 2938 3504 prout
2965 3438 3017 3492 in
3048 3454 3278 3509 corpore
3308 3443 3480 3512 egerit

1915 3523 2028 3576 sive
2059 3523 2258 3577 bonum
2287 3524 2404 3578 sive
2442 3527 2642 3580 malum
2676 3538 3014 3597 recepturus.
3056 3530 3145 3584 Isti
3171 3571 3185 3592 ,
3221 3533 3438 3602 inquam
3463 3575 3479 3598 ,

1916 3625 2259 3681 peccatorum
2306 3631 2526 3671 suorum
2558 3621 2979 3690 compunctione
3017 3637 3121 3676 non
3163 3631 3479 3692 tanguntur,

1913 3709 2124 3762 veniam
2167 3724 2195 3761 a
2224 3709 2332 3763 Deo
2358 3725 2464 3764 non
2495 3719 2715 3778 petunt,
2748 3712 2948 3765 nullam
2980 3713 3048 3767 de
3076 3713 3254 3768 salute
3285 3716 3480 3770 anima:

1912 3799 2332 3852 admonitionem
2382 3802 2697 3855 admittunt.
2753 3801 2893 3868 Quid
2937 3803 3080 3857 enim
3141 3804 3263 3858 mali
3318 3808 3482 3860 habet

1911 3887 2092 3940 anima
2124 3902 2241 3940 mea
2268 3927 2282 3951 ,
2318 3889 2541 3943 meliora
2580 3890 2928 3959 suggerenti?
2958 3893 3306 3960 respondent.
3351 3893 3483 3948 Pro-

1912 3986 2091 4046 pterea
2119 3993 2291 4047 neque
2317 3994 2538 4047 regnum
2557 3981 2816 4034 caelorum
2847 3992 3092 4052 sperant,
3125 3999 3224 4038 nec
3255 3985 3477 4054 spirita-

1913 4067 2021 4122 lem‘
2062 4069 2297 4139 aliquem
2344 4086 2650 4126 sermonem
2699 4073 2824 4128 boni
2877 4089 3109 4142 unquam
3167 4077 3477 4130 consulunt.

1916 4159 2052 4216 Vere
2087 4163 2170 4217 his
2206 4163 2582 4218 absconditum
2632 4175 2716 4220 est
2761 4166 3106 4237 Evangelinm
3135 4207 3150 4234 ,
3188 4169 3250 4224 In
3293 4171 3482 4240 quibus

1914 4251 2053 4306 Deus
2081 4253 2238 4322 hujus
2267 4254 2448 4308 urculi
2480 4257 2763 4310 θεῖσαι-αυξτ
2789 4269 3007 4320 tuentes,
3041 4275 3104 4311 ne
3131 4261 3256 4328 ipsis
3283 4261 3482 4330 fulgeat

1916 4343 2239 4399 illuminatio
2272 4343 2548 4416 Evangelii
2594 4347 2663 4402 “.
2696 4347 2814 4403 Jam
2859 4365 2990 4404 vero
3019 4351 3162 4406 inter
3207 4353 3306 4408 hos
3339 4354 3486 4423 ipsos

1919 4436 2010 4505 qui
2049 4445 2175 4492 sunt
2212 4437 2386 4509 magis
2418 4439 2613 4509 plebeii
2640 4456 2703 4495 ac
2733 4442 3034 4511 pedestres,
3067 4455 3121 4498 et
3150 4445 3228 4500 rei
3252 4445 3486 4500 familia-

295 4783 733 4870 (7?)..C“."_i3,“,’5,
765 4781 1380 4870 90W.",V“.,w“{°:-333
1429 4779 1807 4870 θλΨῈβξῗνῘι
1837 4787 1882 4846 D
1909 4795 2048 4870 ‘3'.“
2086 4790 2383 4870 ἔκνξίξίαὲίε
2428 4811 2593 4870 causa
2627 4796 2806 4870 liberis.
2846 4819 3058 4870 carere.
3091 4808 3234 4862 haud
3287 4821 3362 4863 est
3410 4829 3492 4867 re-

232 4851 496 4923 apostolis
537 4864 596 4907 ut
623 4861 805 4908 essent
847 4851 1072 4908 calceati
1119 4851 1396 4916 samlaliis,
1430 4860 1484 4904 et
1510 4866 1577 4903 ne
1615 4851 1806 4906 indue-

235 4937 421 4978 rentur
457 4925 673 4979 duabus
709 4923 928 4977 tunicis.

297 4995 411 5062 (7'5)
448 4994 866 5062 Cantacuzenus
894 4991 958 5062 ad
991 4988 1116 5060 Sap.
1154 5004 1230 5053 tv,
1263 4988 1317 5062 1,
1344 4986 1439 5042 Gr.
1472 4989 1544 5062 ita
1581 4988 1808 5062 virgini-

232 5057 403 5132 tatetn'
430 5062 682 5132 diliaudat
715 5081 729 5115 :
762 5060 1005 5132 préya
1039 5057 1232 5132 χρῆμα
1257 5059 1354 5127 τῆς
1394 5057 1693 5132 παρθενίας
1721 5058 1812 5132 an;

231 5131 435 5184 τούτων
469 5131 725 5200 ἐξυμνεί,
759 5127 1383 5200 καί⁷φησιῖ⁷Κρείσσων
1425 5129 1653 5200 ἀτεκνία
1693 5129 1812 5198 μετ’

232 5200 434 5288 aperi;
456 5197 650 5291 goat;
675 5197 964 5291 γὰρ’ἡιὲκ
994 5197 1333 5291 στειρώσεως
1364 5198 1594 5282 cingvla.
1632 5197 1811 5268 potica-

233 5267 409 5349 ριστὴ,
450 5268 576 5350 ἀλλ’
621 5270 654 5339 ὴ
698 5267 814 5338 μετ’
843 5267 1062 5339 ’ἀρετῆς
1093 5267 1185 5321 καὶ
1222 5267 1488 5336 λογισμοῦ
1530 5268 1810 5368 σώιρρονος

230 5340 560 5410 τωνλπαθων
581 5339 904 5410 ἐπικράτεια
926 5339 1022 5390 καλ⁸
1051 5337 1319 5410 παντελὴς
1349 5337 1619 5410 ἀμεθεξίαλ
1678 5337 1811 5410 ἀθα-

230 5408 385 5478 νασία
425 5409 548 5478 γάρ
596 5407 744 5461 ἐστιν
789 5410 847 5461 ἐν
895 5410 1085 5478 μνήμῃ
1137 5407 1353 5478 αὺτῆςζ
1373 5407 1517 5470 τινὲς
1569 5408 1667 5476 μὲν
1711 5408 1810 5470 τὰς

227 5476 484 5548 διώοχᾶς
518 5476 626 5548 τῶν
662 5478 867 5531 τέκνων
884 5476 1235 5548 geonum
1265 5476 1365 5548 τοῦ
1385 5477 1576 5548 γένους
1607 5478 1808 5548 κεκλή-

230 5540 428 5617 nacti"
460 5540 495 5600 ὃ
525 5547 582 5600 δέ
604 5564 669 5615 γε
699 5549 863 5616 σοφὸς
885 5540 1041 5611 οὗτος
1067 5547 1244 5617 αὐτὴν
1271 5540 1475 5615 ταύτην
1505 5540 1812 5600 ἀθανασίαν

228 5615 447 5688 ἡγεῖται
502 5617 743 5688 μάλιστα
779 5615 896 5688 τὴν
945 5618 1010 5670 δι’
1060 5615 1315 5688 ἀτεκνίας
1365 5618 1461 5688 καὶ
1509 5617 1813 5688 παρθενίας

227 5684 515 5758 πολιτείαν
562 5684 887 5758 θαυμαστῶς
931 5688 1071 5756 ἄγαν
1116 5684 1554 5758 κατορθωθεῖσαν
1594 5684 1815 5758 ἀνθρώ-

227 5767 343 5817 ποις
363 5774 378 5789 ·
419 5755 821 5825 Virginitatem,
851 5755 1055 5825 magna:
1085 5755 1266 5810 instar
1286 5757 1384 5820 rei,
1413 5757 1492 5810 his
1523 5757 1687 5811 verbis
1714 5755 1812 5810 ea:-

229 5825 357 5881 tollit
385 5841 402 5878 :
440 5847 461 5877 ι
511 5825 701 5880 Melius
735 5839 807 5880 est
840 5844 1016 5880 carere
1045 5827 1220 5881 liberis
1251 5841 1368 5881 cum
1397 5827 1634 5881 virtute.»
1673 5826 1814 5880 Nam

560 5919 830 5982 PATROL.
867 5921 979 5984 Gn.
1006 5922 1073 5984 C.

1913 4859 2456 4946 putandafelicitasj
2499 4869 2590 4946 sed
2626 4868 2719 4921 illa
2752 4874 2946 4936 potius,
2991 4859 3243 4946 suadente
3275 4859 3484 4946 uirtute,

1916 4927 2274 5010 eripiaitatunt
2304 4934 2647 5010 continentia,
2677 4927 2781 5006 qua
2811 4927 2953 4995 caste
2983 4927 3338 5002 deliberamus

1907 4997 2562 5081 jugali'omnimocietate
2617 4997 2816 5081 curere.
2860 5011 3066 5066 Etenim

1917 5066 2175 5152 ex‘ltuju‘s
2202 5071 2298 5152 ,τοί
2335 5077 2583 5152 memoria
2630 5078 2929 5152 conﬁcitur.
2970 5081 3037 5135 Et

1920 5137 2053 5216 nulli
2093 5138 2245 5190 titulo
2282 5140 2696 5216 immortalitatis
2726 5137 3002 5216 appellant
3042 5137 3323 5209 liberorum

1922 5215 2244 5284 restionem;
2285 5217 2520 5284 attamen
2555 5215 2640 5268 hic
2665 5215 2871 5284 sapiens
2901 5221 3349 5277 immortalitatem
3372 5243 3485 5279 ere-

1919 5275 2040 5327 dere
2072 5279 2264 5349 mavult
2298 5281 2549 5349 virginale
2587 5275 2868 5342 illud'rine
2902 5275 3228 5348 liberisruit‘re

1921 5352 2052 5428 tum,
2082 5347 2480 5428 quodliomines
2511 5370 2614 5412 non
2643 5358 2755 5410 sine
2788 5360 2926 5428 vulgi
2961 5347 3314 5416 admiratione
3349 5347 3487 5419 recte

1913 5412 2194 5502 peragunt.
2221 5412 2342 5502 llaec
2369 5431 2676 5502 tamennon
2710 5428 2780 5480 ita
2806 5412 2930 5482 sunt
2962 5412 3306 5501 έέίὶίβίἐίιᾱᾱξ

1915 5487 2197 5572 virginitas
2221 5487 2484 5572 humanm
2507 5495 2695 5572 gloria;
2723 5513 2886 5572 causa
2919 5502 2990 5554 sit
3021 5487 3305 5571 eligenda}
3340 5487 3485 5572 quod

1984 5557 2168 5641 fieret,
2200 5571 2268 5612 ne
2289 5557 2577 5641 virginitas
2609 5568 2822 5641 quidem
2857 5570 2970 5638 ipsa
3000 5557 3318 5641 plerumque
3348 5557 3486 5628 foret

1918 5623 2222 5706 incqlumis.
2286 5623 2420 5706 Nam
2474 5647 2580 5702 quo
2626 5623 2890 5706 'quisque'
2924 5623 3489 5706 ίὴυῖιίῖιίοί-έξῖἀὶὲι
3567 5665 3570 5678 ·

1918 5693 2262 5818 ἒιὸίῖῧθειὶυτε,
2298 5693 2615 5774 animo-est,
2645 5693 2709 5763 ἑο
2747 5693 2937 5764 tutius
2969 5693 3489 5768 huicvirt'utiﬂctni-v

3174 5934 3247 6000 16
