4072 6324
504 418 618 483 491
1542 412 1603 472 S.
1643 406 2063 473 NICEPHORI
2099 398 2601 467 PATRIARCHIE
2640 396 2752 459 CP.
3666 383 3774 450 492

524 544 601 583 τις
630 525 788 596 egeni
815 566 829 591 ,
865 524 1002 579 adeo
1029 531 1086 578 ut
1122 535 1187 577 ne
1215 523 1376 577 unius
1398 521 1618 591 quidem
1655 520 1760 575 diei
1814 516 2091 587 proprium
2122 521 2167 576 Α

2267 507 2646 579 ἀγροικότεροι
2676 504 2770 557 καὶ
2802 499 3133 574 χαμαίζηλοι
3168 497 3261 553 καὶ
3291 496 3404 552 τῶν
3448 496 3771 566 ἀναγκαίων

522 620 726 670 victum
759 616 1031 677 habeant,
1050 628 1115 666 ex
1144 612 1324 666 triviis
1353 587 1514 680 atque
1539 609 1835 680 gurgustiis
1859 604 2092 669 collecti,

2267 616 2412 672 :opor,
2438 597 2534 651 καὶ
2557 595 2668 649 οὐδ’
2684 593 2750 648 ἂν
2771 593 2984 665 ἡμέρας
3012 594 3141 663 μιᾶς
3171 591 3384 661 τροφῆς
3417 587 3557 651 ίδίας
3587 589 3773 641 imas-

524 724 593 763 ne
637 724 699 763 ea
739 707 960 776 quidem
1013 719 1134 774 quae
1185 713 1311 756 ante
1362 676 1526 773 pedes
1543 676 1752 768 vjacveut
1797 696 2099 764 intelligere

2267 691 2448 755 ’ζεσθαι
2487 688 2858 759 εύπορίσειαν,
2886 687 2950 739 ὲκ
2987 684 3099 738 τῶν
3115 682 3346 754 τριόδων
3362 680 3583 735 καὶτῶν
3597 676 3779 750 βαρά-

525 810 727 869 queunt
756 773 779 852 γε
821 773 1058 863 cutuque
1091 795 1201 849 sint
1235 792 1441 848 ebriosi
1486 806 1551 847 ac
1588 797 1897 861 potatores,
1930 787 2098 842 vesti-

2267 801 2346 838 ων
2372 779 2867 851 συναγηγερμένοι,
2897 778 3019 831 οὐδὲ
3048 776 3115 829 τὰ
3158 777 3217 828 ὲν
3249 774 3377 827 ποσὶ
3396 773 3455 826 τί
3492 774 3621 826 ποτέ
3659 773 3780 824 ἐστι

525 900 655 961 gant
686 904 902 958 semper
933 898 1096 957 atque
1128 886 1436 941 odorantur
1467 860 1690 939 ubinam
1721 884 1856 935 tiant
1878 892 2101 948 compo-

2272 873 2444 926 νιέναι
2475 869 2773 939 ίσχύοντες,
2810 869 2906 922 καὶ
2948 866 3028 937 τῷ
3048 865 3300 935 πάροινοι
3326 860 3467 918 εἶναι
3495 863 3592 917 καὶ
3622 862 3779 930 φιλο-

528 983 760 1036 taliones
817 992 875 1033 et
913 955 1344 1032 comessationes
1397 976 1465 1030 ad
1504 988 1645 1044 quas
1699 970 2102 1043 promptissime

2267 968 2388 1028 ἱται,
2414 982 2479 1017 πε
2488 980 2570 1033 pte
2581 962 2874 1035 ργάζονται
2894 961 2989 1013 καὶ⁵
3006 977 3073 1012 πε
3083 956 3408 1030 ρισκοποῦσι
3425 956 3636 1026 συχνῶς
3647 955 3781 1009 ἔνθα

527 1074 862 1138 com/olant;
888 1080 945 1124 ut
966 1085 1033 1125 ex
1060 1070 1308 1123 convivis
1337 1066 1617 1139 symbolas
1637 1065 1937 1135 capientes,
1973 1075 2102 1131 ege-

2290 1056 2443 1109 πότοι
2471 1055 2566 1108 καὶ
2602 1052 2853 1106 συσσίτια
2900 1051 3168 1121 γίνονται,
3206 1050 3300 1102 καὶ
3348 1048 3425 1111 ὼς
3479 1047 3782 1116 ὑπόπτεροι

528 1175 725 1220 statent
752 1179 904 1217 suam
936 1171 992 1216 et.
1015 1161 1296 1230 angustias
1324 1137 1591 1215 solemur.
1620 1156 1701 1210 Es
1731 1156 1814 1210 bis
1842 1152 2106 1222 contingit

2267 1146 2555 1218 :ptOéouotv
2583 1159 2597 1174 ·
2655 1143 2731 1206 ὼς
2785 1142 2852 1195 ἂν
2931 1143 2997 1195 ὲκ
3060 1140 3170 1193 τῶν
3244 1137 3787 1209 παρατυγχανόντων

529 1227 1115 1310 circumforaneorunr
1143 1252 1278 1306 illud
1321 1260 1377 1306 et
1428 1249 1778 1306 vitandorum
1824 1245 2104 1299 hominum

2267 1235 2617 1305 ηανισάμενοι,
2648 1232 2719 1285 τὰ
2740 1232 2840 1302 τῆς
2860 1230 3073 1293 ἐνδείας
3116 1228 3212 1282 καὶ
3243 1227 3482 1298 ἀπορίας
3516 1242 3785 1297 παραμυο

529 1343 755 1399 conilari
786 1342 1234 1400 conventiculum
1262 1360 1277 1409 ;
1310 1341 1404 1397 ubi
1449 1338 1811 1396 seditionibus
1845 1335 2108 1404 novisque

2267 1344 2467 1399 ισαιντο
2485 1342 2499 1356 ·
2529 1323 2592 1390 ἐξ
2617 1318 2693 1377 ὧν
2715 1322 3007 1393 συμϐαίνει
3030 1320 3123 1375 τὸν
3162 1318 3456 1391 ἀγυρτώδη
3483 1319 3579 1371 καὶ
3615 1318 3788 1371 ἀπευ-

534 1440 695 1491 rebus
725 1436 931 1491 ciendis
956 1435 1211 1506 gaudent.
1244 1405 1419 1504 Atque
1443 1434 1636 1488 borum
1670 1428 1887 1501 plurimi
1917 1427 2108 1481 militia

2267 1418 2337 1469 :bv
2363 1416 2573 1469 δκείνον
2600 1410 2959 1466 συνίστασθαι
2987 1409 3204 1481 ὅμιλονο
3237 1407 3464 1461 στάσεσι
3487 1420 3548 1459 τε
3570 1405 3792 1475 γὰρκαὶ

532 1532 764 1587 reduces
787 1541 934 1595 sunt,
958 1494 1011 1583 in
1039 1543 1143 1597 qua
1166 1526 1235 1581 de
1259 1494 1512 1596 pessimis
1533 1494 1855 1578 criminibus
1875 1517 2031 1589 132
2052 1523 2111 1571 et

2267 1507 2583 1578 ιινοτομίαις
2612 1505 2700 1558 ἀεὶ
2724 1503 3011 1574 χαίρουσιν
3043 1516 3058 1534 ⁸
3090 1495 3166 1556 ὧν
3199 1501 3247 1553 οί
3273 1500 3519 1552 πλεῖστοι
3547 1498 3654 1549 τῶν
3684 1494 3793 1548 ἀπὸ

536 1620 874 1677 detestandis
921 1620 1157 1675 convicti
1214 1618 1470 1683 fuerunt;
1518 1613 1605 1669 vel
1653 1613 1779 1684 quia
1807 1609 1917 1679 jam
1951 1618 2113 1663 aatate

2267 1601 2506 1674 τρατείας
2566 1597 2951 1667 τυγχάνουσιν,
3002 1592 3092 1646 ἐπ’
3142 1593 3347 1654 αίτίαις
3417 1590 3790 1660 φαυλοτάταις

536 1715 751 1767 exoleta
812 1711 1052 1765 militare
1109 1716 1422 1778 nequeunt,
1483 1705 1605 1761 albo
1654 1677 1928 1758 exercitus
1983 1706 2111 1757 sunt

2267 1694 2309 1747 ti.
2363 1688 2851 1762 ἀπηγορευμέναις
2901 1684 3330 1756 πεφωραμένοι·
3386 1683 3421 1755 ἢ
3467 1681 3545 1745 ὼς
3602 1677 3795 1750 ἔξωροι

536 1804 814 1873 expuncti,
849 1813 904 1856 et
940 1804 1008 1856 ab
1040 1801 1208 1856 armis
1238 1813 1458 1856 cessare
1482 1796 1647 1869 jussi.
2141 1849 2169 1873 π

2267 1785 2312 1840 ιλ.
2342 1784 2658 1854 ύπέρακμοι
2687 1777 2995 1834 ὁπλιτεύειν
3019 1777 3081 1830 ού
3138 1775 3444 1839 σθένοντες,
3484 1774 3594 1826 τῶν
3624 1787 3799 1825 κατα-

2141 1849 2190 1912 B
2220 1878 2395 1947 λόγων
2452 1874 2774 1945 ἐξώσθησαν
2826 1870 2935 1925 τῶν
2982 1866 3418 1940 στρατιωτικῶν,
3474 1864 3584 1920 τῶν
3615 1862 3799 1917 ὃπλων

2218 1971 2515 2024 ἀποπεπαυ
2526 1967 2701 2037 μένοι.

611 2067 700 2121 63.
731 2063 869 2131 Quia
901 2076 1034 2117 vero
1064 2071 1121 2115 et
1163 2061 1345 2130 lingua
1390 2064 1445 2112 et
1472 2069 1637 2127 opere
1665 2062 1794 2111 sunt
1843 2051 2114 2122 corrupti,

2292 2063 2393 2132 εγ.
2440 2059 2661 2130 Ἐπειδὴ
2704 2057 2761 2111 δὲ
2788 2054 2887 2111 καί⁵
2915 2056 3063 2124 λόγῳ
3117 2053 3213 2107 καὶ
3245 2050 3441 2124 πράξει
3484 2047 3803 2119 κατεφθαρ-

543 2157 904 2229 praesentibus
936 2164 1147 2208 tantum
1185 2152 1436 2216 inhiant,
1466 2150 1618 2204 carni
1655 2147 1846 2211 dediti,
1878 2146 2118 2200 ventris-

2267 2155 2374 2210 ἑνοι
2407 2154 2739 2223 ὑπάρχουσι,
2786 2151 2898 2212 τοῖς
2936 2144 3175 2216 παροῦσι
3211 2145 3373 2216 μόνον
3413 2142 3704 2213 κεχήνασι,
3732 2143 3802 2212 τῇ

547 2265 652 2318 iure
683 2247 948 2316 mancipia
976 2283 990 2309 ,
1020 2243 1273 2311 Deusque
1306 2241 1417 2303 illis
1449 2250 1639 2294 venter
1661 2246 1781 2303 est,
1816 2245 1980 2306 atque
2005 2236 2121 2291 haec

2267 2248 2394 2320 αρκὶ
2447 2244 2835 2319 προσθέμενοι,
2891 2239 2989 2294 καὶ
3043 2242 3109 2308 τῇ
3156 2236 3360 2308 γαστρὶ
3409 2233 3798 2305 ἐξανδραποδι-

549 2344 846 2401 mundana,
881 2348 937 2393 et
967 2348 1305 2406 quaecunque
1338 2348 1433 2402 per
1461 2332 1753 2401 ingluviem
1789 2329 1844 2383 in
1876 2336 2122 2383 ventrem

2267 2342 2477 2412 ὁμενοι,
2533 2337 2628 2391 καὶ
2692 2334 2813 2397 θεὸς
2865 2330 3048 2395 αὐτοῖς
3116 2330 3150 2400 ή
3219 2327 3428 2393 κοιλία,
3469 2327 3565 2380 καὶ
3625 2321 3802 2377 ταῦτα

557 2442 884 2496 transeunt,
935 2442 1204 2483 summanr
1259 2440 1380 2480 esse
1441 2423 1758 2479 felicitatem
1812 2419 2123 2485 deﬁniunt;

2267 2437 2293 2505 η
2357 2430 2429 2484 τά
2496 2425 2837 2498 περικόσμια
2915 2423 3012 2476 καί¹
3079 2421 3181 2474 ὃσα
3239 2418 3376 2490 πρὸς
3431 2415 3628 2487 λαιμὸν
3710 2413 3807 2466 καὶ

557 2526 811 2591 tmllaque
841 2522 893 2575 in
929 2535 987 2574 re
1025 2519 1249 2573 meliore
1276 2530 1427 2585 spem
1464 2514 1727 2583 deligunt,
1757 2513 1893 2567 nibil
1925 2510 2128 2566 celsius

2267 2524 2473 2593 αστέρα
2518 2521 2716 2592 χωρεῖ,
2780 2514 3131 2586 εὐδαιμονίαν
3195 2509 3334 2566 εῖναι
3388 2510 3488 2579 τὴν
3537 2506 3804 2561 ἀνωτάτω

556 2628 651 2673 aut
680 2614 865 2669 utilius
892 2618 1226 2681 spectantes.
1259 2608 1453 2662 Divino
1478 2614 1654 2660 autem
1682 2603 1885 2674 judicio
1923 2603 1976 2657 in
2000 2615 2130 2671 ege-

2267 2614 2576 2685 ιετροῦσιν·
2624 2608 2713 2664 ἐπ’
2770 2606 2947 2661 οὐδενὶ
3003 2605 3061 2657 δὲ
3113 2602 3389 2675 κρείττονι
3439 2601 3539 2663 τὰς
3587 2596 3807 2659 ἐλπίδας

559 2719 701 2765 state
754 2714 1083 2768 versantur,
1121 2701 1414 2769 multisque
1470 2697 1738 2768 anguStiis
1771 2704 2125 2765 premuntur,

2267 2705 2625 2777 .περείδουσι,
2712 2699 2846 2770 πρὸς
2915 2697 3068 2750 οῦδὲν
3137 2694 3247 2749 τῶν
3330 2690 3682 2762 ὑψηλοτέρων
3774 2687 3809 2757 ἢ

560 2798 859 2873 prmsertim
896 2804 1184 2866 postquam
1218 2792 1365 2862 regia
1414 2789 1687 2860 stipendia
1736 2801 1832 2843 eos
1867 2788 2134 2842 destitue-

2270 2795 2696 2865 υσιτελεστέρων
2793 2789 3089 2861 βλέποντες
3121 2804 3136 2817 ο
3221 2785 3476 2840 πένονται
3532 2782 3590 2835 δὲ
3647 2779 3814 2842 θείοις

565 2870 692 2946 runt
716 2930 730 2955 ,
771 2905 837 2945 ex
873 2887 1072 2957 quibus
1096 2885 1297 2939 victum
1333 2882 1386 2935 in
1419 2882 1590 2935 armis
1623 2878 2011 2950 percipiebant.
2037 2876 2139 2931 Pro

2267 2892 2498 2962 ιρίμασι,
2529 2887 2627 2940 καὶ
2660 2882 2866 2953 ἀπορίᾳ
2892 2879 3063 2951 πολλῇ
3120 2878 3421 2942 πιέζονται,
3448 2873 3684 2944 μάλιστα
3705 2870 3816 2962 τῶν

571 2996 823 3036 tttettsttru
858 2979 1040 3045 itaque
1068 2986 1122 3029 et
1154 2973 1392 3045 pondere
1421 2971 1853 3027 nccessariarum
1884 2984 2060 3023 rerum
2085 2976 2141 3022 et

2267 2977 2537 3033 ὶασιλικῶν
2563 2974 2891 3044 σιτηρεσίων
2924 2970 3113 3031 αὐτοῖς
3142 2964 3588 3027 ἐπιλελοιπότων,
3625 2961 3718 3031 ἀφ’
3741 2954 3819 3015 ὧν

574 3070 920 3130 rictualium,
949 3067 1182 3136 pretium
1216 3062 1375 3115 veluti
1408 3060 1787 3130 rependentes,
1824 3056 2139 3127 religionem

2267 3072 2317 3125 τὰ
2344 3070 2479 3140 πρὸ,
2504 3067 2565 3120 τὸ
2582 3065 2681 3136 ζῇν
2713 3064 2853 3134 μετὰ
2875 3062 2986 3115 τῶν
3008 3059 3191 3113 ὅπλων
3215 3058 3400 3120 αὐτοῖς
3435 3054 3815 3124 περιεγίνετο·

567 3178 723 3219 suam
761 3158 970 3214 ventris
1004 3154 1289 3211 famulatui
1324 3155 1580 3208 addicunt
1609 3151 1662 3207 hi
1691 3160 1957 3215 amentes,
1985 3147 2138 3218 copia
2168 3220 2169 3233 χ

2267 3164 2472 3230 ιέτροις
2501 3157 2635 3228 γοῦν
2659 3152 2757 3208 καὶ
2794 3151 3058 3222 σταθμοῖς
3086 3148 3193 3203 τῶν
3210 3146 3529 3216 ἀναγκαίων
3555 3144 3652 3199 καὶ
3687 3143 3820 3197 ἐδω-

570 3256 750 3324 potius
783 3256 978 3323 dapum
1004 3292 1020 3318 ,
1058 3262 1221 3318 quam
1275 3244 1601 3300 rectitudine
1633 3243 1944 3312 dogmatum
1971 3278 1987 3305 ,
2022 3256 2141 3294 eam

2267 3256 2421 3324 ἱίμων
2452 3249 2519 3304 τά
2553 3246 2691 3301 ὥνια
2719 3241 3221 3314 ἀπαριθμούμενοι,
3272 3239 3372 3309 τὴν
3422 3236 3604 3292 αὐτῶν
3636 3235 3823 3289 πίστιν

571 3347 726 3399 lance
757 3344 1054 3406 libranles;
1107 3339 1264 3393 amici
1297 3336 1514 3407 quidem
1562 3332 1806 3404 quandiu
1859 3330 2021 3386 rebus
2054 3345 2148 3385 vo-

573 3438 769 3507 luptati
796 3433 1006 3489 idoneis
1032 3432 1332 3497 abundant,
1359 3435 1768 3496 contemptores
1790 3437 1920 3478 vero
1943 3431 1997 3477 et
2022 3421 2144 3476 fidei

577 3540 779 3583 nosrrae
827 3530 1208 3586 accusatores,
1243 3521 1288 3574 si
1331 3519 1459 3590 quid
1497 3517 1882 3588 prtcdictorum
1937 3513 2149 3570 emolu-

579 3625 886 3673 mentorum
933 3613 1098 3670 desit.
1137 3613 1258 3667 Pari
1282 3612 1437 3693 enim
1478 3610 1755 3664 voluntate
1800 3607 2152 3674 moribusque

572 3698 708 3765 sunt
736 3709 823 3762 isti
849 3718 905 3761 et
930 3713 1201 3775 quotquot
1226 3704 1280 3758 in
1311 3703 1501 3757 eadem
1530 3699 1851 3755 iniidclitate
1878 3707 2040 3761 sunt,
2066 3704 2153 3749 at-

578 3817 685 3873 que
720 3800 797 3853 illi
844 3797 972 3852 olim
1004 3813 1069 3851 ex
1110 3794 1433 3866 Egyptiaca
1478 3794 1739 3847 servitute
1785 3789 2038 3855 liberati,
2088 3786 2158 3843 si-

586 3892 876 3962 milemque
928 3888 1033 3943 illis
1078 3898 1132 3942 et
1173 3901 1488 3958 germanam
1534 3884 1778 3952 linguam
1825 3894 2158 3947 sensumque

586 3984 791 4039 habent
832 3999 846 4035 :
881 3978 1281 4049 tnauifesteque
1328 3977 1542 4032 illorum
1580 3976 1758 4030 cultus
1806 3972 2005 4027 indicia
2047 3984 2160 4040 prae

586 4093 644 4133 se
671 4075 943 4136 ferentes,
975 4072 1018 4128 ei
1050 4071 1195 4126 forte
1221 4072 1271 4125 in
1296 4071 1503 4125 similes
1535 4068 1772 4123 incidant
1792 4064 2158 4127 calamitates,

591 4170 817 4225 trtnleste
851 4167 1034 4221 ierunt
1070 4174 1125 4220 et
1153 4165 1576 4223 excandescunt.
1614 4160 1793 4228 Atque
1833 4165 1887 4210 ut
1937 4156 2012 4208 illi
2062 4154 2161 4208 ad-

592 4277 781 4317 versus
808 4258 1152 4330 lcgislatores
1180 4258 1458 4322 ducesque
1487 4267 1615 4307 suos
1653 4248 1898 4305 seditiosi
1940 4245 2160 4309 ﬁebant,

591 4370 745 4408 suam
794 4353 939 4406 circa
989 4361 1185 4403 carnes
1229 4358 1284 4399 et
1322 4345 1457 4399 ollas
1514 4342 1845 4405 sessionem,
1902 4338 2167 4407 panisque

594 4443 1021 4505 abundantiam,
1073 4444 1601 4497 commemorantes;
1660 4432 1738 4485 sic
1778 4438 1833 4483 et
1888 4429 1944 4484 hi
1995 4427 2169 4495 impu-

2247 3347 2344 3399 ἐπὶ
2377 3345 2443 3413 τῇ
2471 3341 2569 3410 τῆς
2593 3335 2830 3407 γαστρὸς
2858 3332 3129 3405 θεραπείᾳ
3161 3329 3536 3400 ὲπικρίνουσιν
3562 3329 3610 3381 oi
3647 3328 3821 3396 ἀφρο-

2249 3449 2378 3500 νες⁶
2436 3431 2696 3503 ἁδρότητι
2763 3425 3073 3497 βρωμάτων
3143 3425 3178 3493 ἢ
3240 3421 3496 3492 ὀρθότητι
3538 3420 3826 3488 δογμάτων

2249 3527 2455 3597 ταύτην
2484 3519 2903 3583 ταλαντεύοντες
2925 3534 2938 3548 ο
2974 3517 3298 3587 στέργοντες
3353 3514 3453 3583 μὲν
3485 3513 3688 3568 ὁπόταν
3716 3510 3827 3563 τῶν

2252 3616 2567 3686 ἀναγκαίων
2617 3613 2713 3668 καὶ
2771 3610 2880 3665 τῶν
2925 3608 3050 3664 καθ’
3106 3607 3304 3677 ἡδονὴν
3366 3602 3476 3658 εἷεν
3531 3604 3826 3674 διακορεῖς,

2257 3707 2665 3782 σχετλιάζοντες
2730 3703 2788 3757 δὲ
2839 3702 2936 3756 καὶ
2992 3700 3095 3770 τὴν
3152 3697 3278 3753 καθ’
3331 3698 3482 3768 ἡμᾶς
3546 3694 3831 3749 εὐσέϐειαν

2256 3798 2703 3870 καταιτιώμενοι,
2731 3795 2897 3866 ἡνίκα
2926 3794 2992 3848 ἄν
3024 3809 3076 3844 τι
3122 3789 3329 3844 τούτων
3359 3789 3828 3859 ἀπολιμπάνοιτο⁶

2257 3887 2639 3962 ὁμογνώμονες
2669 3887 2779 3955 γὰρ
2810 3884 2905 3936 καὶ
2933 3880 3250 3951 ὁμότροποι,
3282 3878 3438 3931 αὐτοί
3470 3892 3531 3930 τε
3565 3876 3657 3929 καὶ
3685 3877 3733 3929 οἱ
3766 3876 3833 3945 τῇ

2262 3983 2353 4053 ἴση
2380 3978 2609 4048 ἀπιστίᾳ
2635 3962 3061 4045 κεκρατημένοι,
3079 3974 3191 4033 τοῖς
3232 3986 3366 4023 ποτε
3389 3967 3492 4037 τῆς
3525 3969 3830 4034 Αἰγυπτια-

2261 4074 2367 4143 κῆς
2405 4069 2686 4125 ἀποπτᾶσι
2714 4065 2961 4128 δουλείας
2999 4059 3380 4132 γνωρίζονται,
3448 4058 3751 4130 ὲφάμιλλόν
3779 4073 3840 4109 τε

2266 4163 2449 4224 αὐτοῖς
2483 4159 2579 4214 καὶ
2625 4156 2822 4225 ίσοφυᾶ
2860 4154 2961 4226 τὴν
3011 4152 3267 4221 γλῶσσαν
3329 4150 3426 4204 καὶ
3472 4148 3536 4203 τὸ
3583 4149 3843 4219 φρόνημα

2268 4253 2597 4326 κεκτημένοι
2624 4267 2639 4283 ο
2668 4251 2766 4304 καὶ
2807 4245 2997 4316 σαφῶς
3046 4244 3146 4313 τῆς
3192 4243 3417 4297 ἐκείνων
3447 4239 3747 4312 θρησκείας
3777 4238 3846 4292 τά

2267 4347 2548 4417 τεκμήρια
2577 4342 2860 4414 φέροντες,
2878 4337 2965 4407 ἔφ’
2993 4336 3224 4407 ὁμοίοις,
3251 4334 3303 4387 εί
3321 4349 3425 4385 που
3451 4332 3849 4402 συμὸαίη,τοῖς

2271 4438 2588 4508 ἀτυχήμασι
2634 4429 3033 4503 χαλεπαίνουσι
3068 4444 3128 4480 τε
3157 4426 3252 4480 καὶ
3276 4424 3682 4493 ὲπαλγύνονται
3710 4437 3723 4450 ·
3753 4420 3850 4474 καὶ

595 4539 788 4590 ιΙιειιιθτ
820 4532 1066 4588 veritatis
1102 4525 1442 4596 praeconibus
1469 4521 1869 4589 Dominicmque
1912 4519 2169 4572 doctrinae

2275 4528 2468 4599 ῶσπερ
2502 4526 2705 4579 ἐκεῖνοι
2731 4522 2843 4575 τῶν
2862 4519 3172 4592 νομοθετῶν
3195 4517 3291 4570 καὶ
3319 4515 3601 4587 ἀρχόντων
3650 4510 3850 4576 κατεξ-

596 4625 868 4683 ministris
919 4621 1346 4681 maledicentes,
1416 4614 1798 4670 scelestissime
1863 4609 2167 4674 blaterant,

598 4714 988 4788 propemodum
1039 4713 1230 4767 eadem
1288 4710 1563 4773 dicentes,
1622 4720 1741 4775 qua:
1794 4701 1869 4757 illi
1928 4702 2170 4755 divorum

598 4810 994 4881 prapltetarum
1042 4803 1135 4875 uni
1197 4801 1547 4856 adversantes
1588 4818 1600 4852 :
1662 4793 1965 4871 Sermonem
2017 4802 2172 4858 quem

604 4900 751 4954 nobis
782 4895 1067 4967 loquimini
1097 4893 1154 4946 in
1199 4891 1403 4944 nomine
1443 4885 1689 4949 Domini,
1717 4898 1821 4937 non
1859 4879 2175 4941 audiemus;

605 5007 727 5044 nam
762 4964 998 5060 faciendo
1041 4984 1296 5054 faciemus
1341 4978 1593 5050 quidquid
1624 4989 1715 5027 ore
1750 4964 2178 5041 pronuntiaveri-

606 5059 1133 5147 mus,sacriﬁcando
1167 5076 1361 5146 regina:
1388 5071 1526 5136 celi,
1558 5079 1604 5124 et
1629 5066 1909 5120 libationes
1939 5059 2173 5123 libaudo,

607 5175 765 5231 sicuti
789 5182 837 5229 et
878 5188 970 5225 nos
1014 5170 1262 5241 fecimus,
1293 5180 1384 5219 nec
1408 5178 1511 5216 non
1534 5169 1706 5229 patres
1739 5154 1927 5219 nostri,
1959 5163 2005 5206 et
2038 5164 2181 5219 reges

613 5267 812 5333 nostri,
861 5275 910 5320 et
960 5263 1224 5334 principes
1274 5258 1440 5312 nostri
1488 5255 1545 5307 in
1590 5250 1893 5306 civitatibus
1938 5244 2096 5299 Iuda:
2134 5249 2183 5296 et

607 5374 759 5415 extra
788 5359 1105 5415 Jerusalem.
1151 5353 1217 5408 Et
1255 5351 1435 5420 repleti
1470 5348 1697 5418 panibus
1724 5357 1906 5398 sumus
1929 5379 1945 5405 ,
1977 5349 2027 5392 et
2061 5337 2187 5389 bene

609 5457 758 5510 nobis
800 5454 903 5525 fuit
930 5491 945 5517 ,
978 5462 1027 5505 et
1060 5449 1197 5504 mala
1228 5463 1330 5500 non
1358 5460 1540 5499 unius
1567 5439 1789 5509 experti.
1822 5439 1889 5490 At
1910 5444 2189 5503 postquam

611 5550 917 5619 sacriﬁcare
956 5547 1242 5599 desinimus
1285 5542 1478 5610 regium
1521 5532 1674 5601 cwli,
1711 5529 1989 5607 imminuti
2008 5540 2190 5579 sumus

615 5617 794 5696 omnes
818 5680 832 5703 ,
866 5648 913 5692 et
945 5638 1124 5708 gladio
1173 5634 1411 5704 {auteque
1441 5628 1746 5697 defecimus.
1791 5620 2057 5684 Preterea
2094 5617 2192 5669 huc

612 5734 675 5787 in
706 5734 914 5801 regione
939 5731 1137 5781 diutius
1170 5743 1271 5779 non
1305 5721 1655 5782 numebimus,
1675 5717 1743 5769 ad
1781 5713 1990 5768 Domini
2022 5725 2193 5765 uocem

619 5821 967 5888 audiendam,
988 5818 1077 5872 sed
1102 5824 1153 5871 in
1182 5815 1473 5887 zEgyptum
1505 5807 1990 5879 commigrnbimus,
2034 5819 2196 5873 mque

2273 4622 2582 4683 ἀνίσταντο,
2599 4615 2817 4687 τὴψὲπὶ
2844 4612 2953 4667 τῶν
2973 4610 3151 4681 κρεῶν
3169 4608 3265 4661 καὶ
3291 4606 3535 4676 λεϐήτων
3557 4602 3850 4672 καθέδροβθ,

2274 4712 2372 4767 καὶ
2395 4708 2507 4763 τῶν
2532 4708 2714 4779 ἄρτων
2765 4704 2867 4775 τὴν
2912 4700 3176 4771 ἀφθονίαν
3202 4695 3640 4766 ἀνακαλούμενοι
3665 4707 3680 4722 ’
3710 4691 3857 4746 οὕτω

2276 4803 2372 4857 καὶ
2401 4794 2550 4855 οὗτοι
2577 4791 3170 4865 ἀπαναισχυντοῶτες,
3206 4790 3303 4842 καὶ
3328 4787 3436 4841 τῶν
3462 4785 3724 4858 κηρύκων
3754 4782 3858 4853 τῆς

2277 4892 2539 4964 ἀληθείας
2573 4889 2670 4943 καὶ
2701 4886 2795 4940 τὸν
2827 4886 2984 4953 λόγον
3012 4881 3106 4936 τοῦ
3159 4882 3366 4954 Κυρίου
3416 4875 3858 4946 διακονουμένων

2279 4982 2683 5043 καταϐοῶντες,
2736 4974 3076 5032 ἀνοσιώτατα
3102 4972 3595 5045 παραφθέγγονται
3614 5008 3630 5032 ,
3668 4979 3862 5039 μονον·

2282 5080 2403 5147 ουχὶ
2450 5074 2519 5129 τά
2569 5071 2711 5126 αύτά
2759 5068 3011 5137 λέγοντες
3059 5066 3203 5137 ἀπερ
3259 5067 3495 5128 ἐκεῖνοι,
3541 5061 3653 5114 τῶν
3700 5058 3864 5112 θείων

2285 5163 2583 5238 προφητῶν
2607 5179 2719 5215 τινι
2747 5157 3285 5226 ἀντικαθιστάμενοιο
3327 5153 3389 5208 '0
3411 5152 3598 5221 λόγος
3624 5149 3697 5203 ὃν
3719 5148 3866 5201 ἐλα-

2285 5257 2519 5324 λήσατε
2576 5252 2729 5322 πρὸς
2785 5247 2947 5319 ἡμᾶς
3001 5248 3083 5313 τῷ
3130 5248 3376 5317 ὀνόματι
3430 5243 3678 5313 Κυρίου,
3751 5240 3866 5293 οὐκ

2287 5346 2673 5415 ἀκουσόμεθα
2735 5339 2905 5410 ὑμῶν
2926 5353 2942 5369 ·
3004 5337 3096 5391 ὅτι
3168 5335 3488 5399 ποιοῦντες
3530 5327 3873 5395 ποιήσομεν

2291 5440 2487 5495 πάντα
2504 5436 2612 5490 τὸν
2633 5434 2841 5503 λόγον,
2866 5428 2932 5496 ὃς
2950 5428 3341 5494 ἐξελεύσεται
3355 5426 3421 5478 ἐκ
3446 5422 3551 5478 τοῦ
3572 5420 3874 5489 στόματος

2291 5530 2481 5601 ήμῶν,
2506 5524 2727 5596 θυμιᾷν
2775 5523 2849 5592 τῇ
2893 5522 3247 5588 βασιλίσσῃ
3283 5518 3390 5573 τοῦ
3440 5512 3725 5585 οὐρανοῦ,
3771 5510 3875 5565 καὶ

2292 5619 2584 5675 σπένδειν
2597 5615 2754 5684 αὐτῇ
2773 5613 3071 5679 σπονδὰς,
3094 5610 3247 5666 καθὰ
3275 5606 3653 5676 ἐποιήσαμεν
3682 5601 3874 5672 ἡμεῖς,

2296 5709 2394 5763 καί
2421 5711 2473 5762 oi
2502 5705 2755 5773 πατέρες
2778 5702 2969 5773 ἡμῶν,
2995 5702 3091 5756 καὶ
3154 5703 3207 5755 οι
3249 5696 3536 5766 βασιλεῖς
3557 5691 3746 5764 ἡμῶν,
3778 5688 3879 5743 καί

2300 5805 2351 5857 ci
2403 5800 2693 5871 ἄρχοντες
2722 5797 2890 5869 ἡμῶν
2918 5798 2988 5853 ἐν
3019 5796 3279 5852 πόλεσιν
3311 5789 3510 5851 Ἰούδα
3537 5786 3635 5844 καί
3659 5782 3883 5851 ἔξωθεν
