4072 6324
283 393 388 459 493
975 386 1605 452 ANTIRRHETICUS
1643 383 1736 442 ΙΙΙ
1778 381 1874 440 AD

1988 377 2583 441 CONSTANTINUM
2625 374 2836 436 COPR.
3428 369 3530 432 4M

296 499 691 570 Ἰερουσαλήμ
718 516 733 532 ·
759 499 857 553 καὶ
886 499 1283 566 ἐπ.ιήσθημεν
1327 496 1542 564 ἄρτων,
1587 492 1689 548 καί
1722 492 1850 560 ἐγε-

1973 490 2142 545 νεΙΙιιηι
2177 490 2438 557 patiemur
2463 527 2480 547 ,
2529 487 2766 553 tuomque
2821 485 3045 540 sonitum
3095 500 3196 536 non
3233 484 3525 546 audiemus,

283 595 502 662 νόμεθα
531 592 807 661 χρηστοί,
847 590 946 644 καί
997 588 1153 644 κακὰ
1199 590 1309 641 οὐκ
1339 587 1579 655 εἴδομεν
1603 601 1616 615 ·
1652 583 1751 637 καί
1772 582 1852 647 ὡς

1973 595 2050 633 rec
2090 582 2245 646 panis
2300 577 2576 645 penuriam
2626 575 2944 639 sentiemus,
3002 582 3048 627 et
3093 573 3207 625 illic
3263 572 3531 625 habitabi—

282 683 631 752 διελίπομεν
687 681 1013 752 θυμιῶντες
1050 679 1125 748 τῇ
1152 678 1503 747 βασιλίσσῃ
1532 674 1639 730 τοῦ
1676 675 1853 741 οὑραι
1958 685 2073 723 mus
2099 669 2165 721 ".

284 774 414 838 νοῦ,
445 774 868 843 ήλαττώθημεν
891 772 1133 837 πάντες,
1163 770 1260 824 καί
1292 770 1362 823 ἐν
1381 767 1650 837 ῥομφαίᾳ
1680 764 1869 819 καὶέν
1904 759 2056 830 λιμῷ
2086 759 2478 828 ἐξελίπομεν·
2551 757 2637 811 ἔτι
2660 756 2811 827 πρὸς
2858 757 3090 822 τούτοις
3124 757 3197 811 οὐ
3257 754 3343 824 μὴ
3396 757 3535 809 καθα

287 870 509 937 ισωμεν
538 869 609 923 ἐν
648 866 725 935 τῇ
784 866 864 937 τῇ
901 868 1087 935 ταύτῃ
1151 863 1302 932 πρὸς
1364 861 1432 916 τὸ
1478 859 1565 931 μὴ
1608 857 1866 914 ἀκοῦσαι
1904 853 2110 925 φωνῆς
2176 852 2529 921 Κυρίουμῖτι
2560 855 2646 917 εις
2683 851 2801 922 γῆν
2856 852 3157 921 Αἰγύπτου
3184 849 3537 903 είσελευσό-

281 964 454 1031 μεθα,
512 959 707 1013 καὶού
746 959 834 1028 μὴ
893 958 1113 1028 ιδωμεν
1164 959 1454 1025 πόλεμον,
1514 952 1612 1007 καί
1653 948 1860 1020 φωνῆς
1896 947 2233 1017 σάλπιγγος
2299 947 2372 1000 οὐ
2406 945 2492 1015 μὴ
2554 945 2929 1015 ἀκούσωμεν,
2989 944 3087 998 καί
3120 944 3190 997 ἐν
3229 943 3428 1011 ἄρτοις
3464 944 3537 995 οὐ

280 1053 367 1123 μὴ
401 1049 782 1119 πεινάσωμεν
808 1049 906 1104 καὶ
926 1049 1054 1103 ἐκεῖ
1083 1048 1435 1116 οἰκήσομεν.
1947 1067 1962 1078 ·

357 1164 452 1231 ξδ’.
483 1162 723 1217 Τοιαῦτα
744 1163 810 1233 δὴ
872 1161 968 1215 καὶ
1019 1161 1092 1214 τά
1149 1160 1363 1222 τούτοις
1401 1154 1764 1228 παραπλήσια
1800 1152 1865 1205 ὲκ

2032 1145 2121 1200 64.
2169 1144 2293 1201 Haec
2334 1153 2390 1201 et
2436 1144 2521 1200 his
2552 1145 2749 1200 similia
2779 1159 2846 1200 ex
2883 1145 3025 1201 malo
3054 1146 3236 1202 cordis
3282 1146 3538 1202 thesauro

285 1254 381 1307 τοῦ
414 1252 657 1324 πονηροῦ
682 1250 962 1323 θησαυροῦ
991 1251 1094 1320 τῆς
1139 1249 1370 1321 καρδίας
1399 1245 1862 1317 ἀπερευγόμενοι,

1973 1243 2311 1299 eructantes,
2375 1243 2584 1291 rectum
2642 1243 2886 1288 nostrum
2946 1244 3002 1288 et
3060 1234 3538 1304 irreprehensibile

290 1342 778 1413 καταφλυαροῦσιν
818 1342 976 1414 ήμῶν
1012 1343 1112 1411 τῆς
1163 1339 1337 1412 ὀρθῆς
1379 1339 1476 1391 καὶ
1534 1334 1862 1404 ἀδιαϐλήτου

1973 1325 2152 1394 dogma
2188 1324 2437 1387 irrident,
2468 1324 2738 1393 simulque
2762 1324 2872 1379 Deo
2894 1324 3115 1380 odibilis
3142 1324 3403 1381 Muraenae
3432 1325 3539 1382 llde

288 1434 449 1505 δόξης
472 1450 487 1464 ·
556 1432 977 1504 φιλοτιμοῦνται
1018 1433 1076 1488 δὲ
1108 1433 1206 1487 ἐπὶ
1238 1434 1306 1502 τῇ
1333 1429 1431 1484 τοῦ
1466 1428 1723 1499 Μαμωνᾶ
1755 1425 1874 1478 θεο-

1973 1416 2309 1486 gloriantur:
2362 1415 2679 1471 felicitatem
2731 1416 3003 1486 jactantes
3059 1431 3182 1472 esse
3236 1418 3537 1487 nequitiam

290 1528 481 1594 στυγεῖ
518 1526 703 1579 πίστει⁹
723 1541 736 1554 ·
778 1526 1085 1596 εὐημερίαν
1112 1523 1211 1595 τὴν
1244 1523 1458 1576 ἐκείνου
1480 1518 1867 1590 ἀνοσιουργίαν

1973 1507 2087 1577 ejus
2110 1546 2125 1571 ,
2156 1516 2342 1577 utpote
2371 1522 2437 1562 ex
2472 1506 2575 1562 hac
2612 1508 2747 1562 bene
2780 1508 2970 1561 nutriti
3000 1545 3017 1571 ,
3053 1516 3108 1562 et
3142 1507 3542 1563 abundautiore

296 1615 668 1686 ἐπαυχοῦντες
690 1633 707 1651 ·
740 1615 931 1687 ὥσπερ
963 1618 1020 1669 ὲν
1057 1614 1230 1685 ταύτῃ
1264 1612 1739 1683 ὲνευθηνούμενοι,
1776 1610 1872 1662 καὶ

1973 1600 2122 1668 copia
2155 1610 2266 1654 tum
2299 1600 2539 1654 triticum
2570 1610 2678 1654 tum
2709 1599 3019 1656 necessaria
3046 1600 3150 1655 alia
3178 1600 3542 1672 redimentes;

290 1707 512 1779 ἀριθμῷ
547 1707 754 1762 πλείονι
807 1706 902 1761 τόν
932 1723 993 1759 τε
1024 1708 1173 1775 σῖτον
1210 1706 1307 1759 καὶ
1342 1704 1512 1757 τάλλα
1539 1703 1711 1756 ὁπόσα
1757 1700 1867 1754 τῶν

1973 1706 2147 1761 neque
2190 1690 2244 1745 id
2273 1701 2555 1762 acceptum
2603 1692 2867 1746 bonorum
2900 1693 3145 1748 omnium
3190 1696 3399 1749 auctori
3432 1693 3541 1749 Deo

292 1799 621 1869 ἐπιτηδείων
646 1798 1012 1869 ἐξωνούμενοι
1043 1813 1059 1830 ·
1092 1796 1194 1851 οὐκ
1227 1796 1322 1849 ἐπὶ
1362 1794 1441 1866 τῷ
1479 1793 1600 1865 Θεῷ
1622 1792 1700 1865 τῷ
1729 1795 1863 1847 πάν-

1974 1781 2292 1845 relerentes,
2327 1797 2504 1851 neque
2536 1783 2656 1837 vita:
2688 1778 2899 1839 nostrai
2918 1783 3184 1853 provisori
3216 1794 3270 1838 et
3297 1786 3539 1841 curatori

293 1907 403 1944 των
437 1833 658 1958 ἀγαθῶν
679 1833 1054 1960 ἱπαρεῑῐικῷ,
1086 1889 1182 1943 καὶ
1215 1889 1315 1959 τῆς
1354 1833 1478 1941 κεῖθ’
1532 1833 1700 1957 illa:
1722 1884 1868 1954 ζωῆς

1973 1872 2200 1942 gratiam
2232 1871 2544 1927 reddentes.
2591 1874 2815 1930 Deﬁciet
2846 1833 2943 1931 nos
2978 1885 3191 1946 tempus
3219 1888 3383 1946 atque
3408 1893 3538 1931 ora-

293 1984 569 2053 προνοητῇ
605 1982 700 2034 καὶ
730 1980 993 2051 κηδεμόνι
1042 1980 1145 2049 τὴν
1172 1979 1336 2051 χάριν
1378 1976 1750 2039 ἀνατιθέντες.
1791 1976 1859 2029 Τί

1973 1964 2050 2018 tio
2086 1963 2134 2019 si
2168 1964 2292 2019 talia
2324 1980 2739 2035 persequemur.
2767 1966 2900 2020 Nam
2937 1983 3059 2038 qua:
3097 1968 3294 2039 lingua:
3323 1981 3546 2037 possent

291 2074 403 2143 χρη
425 2072 496 2125 τά
516 2072 688 2126 πολλὰ
712 2071 923 2140 λέγειν;
943 2070 1217 2141 ἐπιλείψει
1235 2070 1343 2141 γάρ
1363 2070 1510 2141 ἡμᾶς
1523 2069 1616 2122 καὶ
1632 2069 1661 2120 ό
1678 2068 1872 2139 χρόνος

1973 2054 2167 2110 horum
2203 2056 2617 2125 perversitatem
2661 2054 3035 2126 malitiamque
3059 2060 3364 2114 enarrare?
3395 2059 3544 2114 Salis

292 2164 391 2218 καὶ
416 2165 445 2217 ό
471 2163 633 2232 λόγος
651 2162 828 2218 ταῦτα
847 2162 1147 2230 διεξιόντας
1171 2177 1185 2193 ·
1219 2162 1385 2216 πόσαι
1412 2162 1522 2233 γὰρ
1544 2162 1611 2214 ἂν
1627 2160 1872 2230 γλῶσσαι

286 2254 394 2324 τὴν
437 2254 646 2309 τούτων
689 2254 997 2325 ἐξήρκεσαν
1029 2253 1273 2317 ἐξειπεῖν
1298 2252 1635 2323 δυστροπίαν
1684 2268 1744 2304 τε
1776 2251 1872 2305 καὶ

290 2345 634 2415 κακοήθειαν
659 2362 675 2412 ;
705 2344 823 2408 ἐξὸν
850 2344 908 2397 ἓν
924 2343 1047 2398 ἀντὶ
1070 2342 1291 2398 πάντων
1317 2343 1493 2396 είπεϊν
1525 2343 1621 2396 καὶ
1666 2342 1729 2396 τὸ
1764 2342 1873 2396 πᾶν

288 2437 667 2507 παραστῆσαι,
715 2436 798 2489 ὅτι
853 2452 873 2487 ι
944 2434 1154 2488 Κακῶν
1202 2435 1542 2488 διδασκάλων
1602 2434 1750 2488 κακά
1802 2434 1873 2488 τά

292 2528 624 2598 μαθήματα,
655 2527 856 2597 μᾶλλον
893 2526 950 2579 δὲ
979 2526 1235 2597 πονηρῶν
1275 2528 1614 2597 σπερμάτων
1652 2526 1870 2597 πονηρά

286 2620 370 2671 τὰ
416 2617 701 2686 γεώργια·
754 2600 773 2669 i
830 2617 870 2671 ἃ
923 2617 1034 2690 γὰρ
1071 2618 1273 2680 αὐτοὺς
1319 2617 1348 2669 ὁ
1384 2617 1477 2669 τοῦ
1534 2617 1872 2685 Εὐαγγελίου

287 2707 602 2773 ἀντίθετος,
625 2708 838 2778 καὶτῆς
867 2707 1149 2771 εὐσεϐείας
1169 2706 1366 2777 ἐχθρὸς
1399 2707 1494 2760 καὶ
1532 2707 1870 2777 ἀποστάτης,

284 2798 316 2851 ό
342 2800 594 2867 σπορεὺς
633 2799 742 2852 τῶν
774 2798 1031 2863 ζιζανίων
1074 2797 1340 2870 ἐμύησεν,
1371 2798 1431 2851 ἐν
1470 2800 1582 2859 τοῖς
1622 2798 1875 2868 ἀπορρή-

284 2907 349 2943 το
370 2906 416 2952 ις
437 2891 647 2943 ἐκείνου
669 2890 763 2944 καὶ
783 2890 1019 2952 ἀνοσίοις
1036 2888 1456 2958 τελιςκομένους
1476 2887 1870 2956 τελεστηρίοις,

284 2979 478 3033 ταῦτα
530 2981 626 3033 καὶ
689 2980 1021 3051 φρονοῦσιν·
1082 2979 1176 3032 ἐπὶ
1253 2977 1464 3041 τούτοις
1515 2979 1565 3031 oi
1622 2977 1874 3046 δύστηνοι

293 3070 623 3142 στέργουσιν
709 3070 1103 3143 ὲναυξηθέντες
1177 3070 1273 3125 καὶ
1344 3068 1871 3140 τελεσφορηθέντες·

1972 2156 2055 2200 est
2085 2162 2248 2199 uuttm
2281 2146 2454 2201 instar
2483 2147 2726 2202 omnium
2766 2147 2834 2202 ad
2865 2148 3172 2203 universam
3214 2163 3325 2203 rem
3359 2151 3541 2205 dei-la-

1974 2236 2199 2290 randam
2228 2236 2413 2291 dicere
2446 2258 2458 2291 :
2487 2254 2507 2288 ι
2546 2235 2805 2290 Malorum
2833 2239 3115 2292 doctorum
3152 2239 3310 2294 mala:
3335 2240 3545 2295 doctri-

1973 2339 2093 2389 nae;
2121 2323 2201 2378 vel
2233 2323 2500 2378 malorum
2532 2326 2799 2380 seminum
2832 2325 2972 2379 mala
2995 2340 3173 2397 seges.
3214 2345 3234 2378 ι
3269 2326 3402 2382 Nam
3427 2346 3547 2399 quia:

1973 2415 2098 2470 illos
2132 2416 2410 2486 Evangelii
2441 2417 2834 2494 adversarius,
2872 2432 3017 2473 verm
3042 2419 3342 2497 religionis
3374 2420 3547 2477 hostis

1970 2515 2028 2562 et
2057 2517 2304 2577 apostata
2327 2548 2342 2574 ,
2375 2508 2711 2562 zizaniorum
2740 2517 2909 2576 sator,
2944 2510 2995 2563 in
3030 2511 3244 2566 arcanis
3283 2515 3396 2566 suis
3425 2526 3546 2567 sce-

1974 2599 2236 2669 lestisque
2255 2600 2654 2655 initiationibus
2667 2602 2868 2666 docuit,
2882 2603 2997 2657 lucc
3023 2613 3203 2658 mente
3221 2605 3479 2674 retinent,
3495 2607 3547 2661 iu

1976 2692 2060 2745 his
2111 2690 2364 2746 la-tautur
2419 2693 2601 2747 miseri
2654 2707 2713 2746 se
2762 2702 3158 2750 consectaneus
3217 2697 3544 2754 adolevisse.

1974 2782 2200 2838 Accrbm
2241 2784 2590 2851 exitiosaeque
2638 2784 2808 2852 spinae
2851 2796 3043 2840 comm
3101 2786 3401 2842 Ecclesium
3455 2790 3546 2843 Dei

1973 2884 2405 2939 succreverunt,
2441 2890 2636 2944 purum
2671 2876 3057 2946 sincerumque
3110 2879 3325 2947 pietatis
3358 2896 3547 2935 semen

1972 2965 2326 3022 suffocantes.
2359 2966 2510 3021 Hanc
2530 2971 2677 3022 enim
2712 2968 2781 3022 ob
2816 2984 3037 3023 causam
3063 2985 3159 3026 eos
3182 2972 3427 3026 diabolus
3456 2990 3550 3027 cx-

1974 3060 2164 3113 citavit
2191 3060 2471 3127 subulcus,
2504 3060 2803 3129 Opilioucs,
2829 3061 3127 3127 bubulcos,
3162 3064 3328 3130 hane,
3366 3066 3549 3120 stabu-

230 3224 235 3229 λ
295 3162 501 3233 πικραὶ
543 3163 638 3216 καὶ
679 3162 965 3233 λοιμώδεις
1015 3161 1252 3216 ἄκανθαι
1283 3164 1350 3232 τῇ
1413 3160 1713 3231 Ἐκκλησία
1768 3158 1865 3213 τοῦ

1975 3151 2146 3205 lorum
2171 3192 2188 3219 ,
2213 3152 2500 3220 caprilium
2527 3193 2542 3219 ,
2578 3162 2633 3207 et
2666 3152 2961 3222 cujuslibet
2989 3154 3147 3224 hujus
3188 3156 3345 3228 133
3377 3174 3546 3227 gene-

294 3253 440 3307 Θεοῦ
486 3254 945 3326 παραπεφύκασι,
984 3254 1077 3307 τὸν
1119 3252 1362 3323 καθαρὸν
1392 3252 1491 3305 καὶ
1537 3251 1722 3307 ἄδολον
1771 3252 1875 3323 τῆς

297 3340 590 3406 εὐσεϐείας
661 3342 1193 3413 καταλυμαινόμενοι
1245 3341 1491 3412 σπόρον·
1542 3342 1631 3410 ἐφ’
1678 3335 1725 3409 ᾧ
1765 3341 1875 3412 γάρ

298 3428 504 3493 αὐτοὺς
559 3431 917 3503 συοφορϐοὺς,
977 3431 1282 3502 μηλοϐότας
1316 3448 1379 3485 τε
1428 3433 1525 3485 καὶ
1560 3432 1871 3502 βοονόμους,

297 3523 405 3594 τῆς
458 3522 745 3586 συοϐοσίας
798 3525 892 3577 καὶ
935 3522 1046 3577 τῶν
1086 3522 1419 3593 βοοστασίων
1452 3524 1547 3576 καὶ
1581 3520 1868 3585 αίπολίων,

299 3610 403 3666 καὶ
442 3612 544 3683 τῆς
576 3612 747 3684 ἄλλης
797 3614 1126 3685 συνήγειρεν
1164 3613 1390 3683 ἀλογίας
1436 3613 1531 3666 καὶ
1561 3612 1870 3683 ἀκοσμίας·

296 3703 449 3759 ὥστε
499 3706 701 3767 αὐτοὺς
752 3703 1051 3775 κτηνώδεις
1094 3721 1157 3773 γε
1206 3704 1370 3767 ὄντας
1432 3704 1528 3757 καί⁸
1583 3702 1875 3774 ἀγροικίας

301 3793 517 3856 ἱκανῶς
572 3794 822 3864 ἔχοντας,
876 3793 971 3847 καὶ
1023 3792 1176 3856 θείας
1219 3793 1425 3864 ἥκιστα
1467 3792 1874 3863 μετεσχηκότας

294 3882 589 3954 γνώσεως,
633 3884 1010 3955 ὑπηρετήσειν
1032 3882 1200 3937 αὐτοῦ
1229 3884 1342 3946 τοῖς
1372 3881 1555 3945 ἀθέοις
1581 3883 1676 3937 καὶ
1702 3898 1872 3953 πονη-

296 3977 422 4046 ροῖς
446 3972 845 4044 ἐπιτηδεύμασι
869 3973 967 4028 καὶ
992 3972 1316 4044 θελήμασιν.
1343 3973 1402 4025 ἑν
1434 3971 1609 4041 τούτῳ
1639 3971 1787 4042 αὐτῴ
1811 3972 1873 4025 τὸ

293 4068 579 4138 χρήσιμον
605 4067 990 4137 ἀπηνέγκαντο
1007 4066 1222 4128 οὸπλοις
1237 4064 1347 4134 γάρ
1380 4064 1676 4128 αὐτοῖςκαὶ
1702 4064 1873 4135 ὀργά-

295 4175 416 4221 νοις
448 4159 744 4229 ἐχρήσατο,
771 4159 833 4212 οὐ
859 4157 1169 4228 βαρϐάρους
1186 4152 1595 4226 τροπώσασθαι,
1618 4154 1720 4208 οὐκ
1744 4153 1870 4225 ἔθνη

298 4248 696 4321 χειρώσασθαι,
728 4251 789 4303 οὐ
805 4248 988 4320 χώραν
1005 4248 1102 4319 τὴν
1125 4246 1395 4316 πολεμίαν
1421 4245 1874 4317 ὐπόφορονποιή-

300 4338 530 4401 σασθαι,
556 4339 658 4392 οὐκ
673 4338 802 4393 ἄλλο
828 4339 981 4395 οὐδὲν
1009 4341 1149 4392 κατὰ
1174 4338 1282 4391 τῶν
1303 4336 1624 4391 ἀντιπάλων
1651 4352 1870 4406 κατωρ-

299 4431 541 4487 θωκέναι
560 4448 574 4464 ·
598 4432 735 4486 ἀλλά
769 4433 879 4486 πᾶν
906 4431 970 4485 τὸ
1003 4430 1243 4493 εὐσεϐὲς,
1267 4430 1391 4484 καθ’
1415 4423 1493 4484 ὧν
1552 4429 1757 4492 αὐτοὺς
1787 4428 1872 4492 ἐξ·

1976 3245 2053 3299 ris
2082 3242 2326 3298 colluviei
2353 3246 2908 3314 atqueimmunditim,
2934 3256 2987 3300 ut
3015 3247 3067 3302 hi
3100 3249 3305 3305 scilicet
3327 3251 3547 3307 belluini

1972 3337 2378 3407 plurimumque
2432 3338 2683 3393 ruditatis
2730 3339 3032 3403 habentes,
3094 3338 3299 3411 Deique
3352 3346 3545 3399 nomia

1972 3429 2207 3482 maxime
2232 3428 2415 3493 alieni,
2449 3429 2630 3497 pravis
2655 3430 2774 3498 ejus
2803 3440 2856 3487 et
2898 3432 3221 3503 irreligiosis
3260 3435 3455 3490 studiis
3484 3453 3547 3490 ac

1973 3516 2341 3573 voluntatibus
2377 3518 2778 3585 subservirent,
2812 3521 2863 3574 in
2906 3523 3010 3575 hoc
3053 3522 3100 3576 ei
3156 3525 3546 3592 gratiﬁcantes.

1972 3606 2151 3662 Instar
2178 3608 2382 3679 quippe
2405 3623 2681 3664 armorum
2720 3620 2775 3664 et
2811 3611 3299 3668 instrumentorum
3332 3617 3416 3671 his
3448 3618 3546 3671 ho-

1973 3699 2211 3755 minibus
2253 3701 2458 3768 abusus
2506 3709 2623 3765 est,
2665 3717 2773 3757 non
2816 3704 2883 3758 ad
2936 3705 3199 3761 barbaros
3247 3706 3550 3777 rogandos.

1974 3800 2164 3860 gentes
2190 3792 2520 3856 domandos,
2548 3793 2828 3860 regionem
2868 3793 3117 3849 hosulem
3148 3797 3248 3851 sub
3286 3799 3548 3853 tributum

1973 3882 2343 3952 rcdigendam,
2369 3882 2583 3939 aliudve
2603 3885 2898 3954 quidquam
2924 3887 3186 3945 adversus
3208 3889 3390 3944 hostes
3414 3890 3550 3945 bene
3593 3895 3609 3913 ‘

1972 3973 2269 4040 gerendum
2290 4012 2304 4035 ,
2336 3972 2431 4026 sed
2458 3973 2523 4025 ad
2554 3973 2814 4040 pietatem
2842 3989 3057 4029 omnem
3090 4015 3105 4039 ,
3159 3986 3351 4032 contra
3383 3992 3546 4047 quam

1972 4062 2096 4117 illos
2123 4063 2355 4117 armavit
2384 4104 2398 4128 ,
2442 4064 2859 4134 expugnandam
2905 4082 2923 4119 :
2949 4075 3031 4131 ut,
3061 4075 3314 4138 tanquam
3346 4070 3546 4125 arietes

1972 4154 2209 4209 murales
2239 4155 2553 4220 admovens,
2584 4155 2788 4233 Christi
2824 4156 3117 4213 Ecclesiam
3153 4174 3249 4230 per
3293 4175 3386 4215 eos
3415 4176 3550 4230 qua-

1974 4254 2146 4309 teret,
2183 4253 2236 4299 el
2272 4244 2514 4315 symbola
2555 4259 2619 4300 ac
2650 4257 2997 4302 monumenta
3040 4248 3299 4304 salutaris
3332 4249 3547 4305 Domini

1972 4335 2396 4401 incarnationis,
2430 4337 2594 4407 impie
2628 4347 2677 4393 el
2714 4339 2917 4396 furiose
2947 4341 3237 4396 admodum
3269 4344 3549 4399 subverte-

1976 4438 2076 4484 ret.
2125 4427 2421 4500 Propterea
2466 4431 2785 4501 templorum
2834 4433 3213 4503 spoliationem
3261 4449 3325 4489 ac
3359 4434 3546 4505 profa-

294 4520 508 4576 ῶπλισε⁹
531 4523 991 4594 παραστήσασθαι
1007 4522 1129 4575 ’καὶ
1151 4521 1400 4590 καθάπερ
1423 4521 1668 4592 μηχανὰς
1690 4519 1874 4573 ἑλεπό-

1978 4498 2255 4576 nationem
2302 4498 2587 4576 Mamonas
2618 4537 2782 4578 ausus
2827 4498 2944 4589 est,
2984 4534 3039 4578 et
3080 4498 3386 4579 habitacula
3435 4527 3544 4581 dae-

296 4611 418 4674 λεις
442 4612 780 4681 ἑπαγόμενος
828 4612 927 4681 τὴν
964 4609 1202 4679 Χριστοῦ
1241 4609 1569 4681 Ἐκκλησίαν
1592 4609 1657 4662 δι’
1692 4609 1872 4662 αὐτῶν

294 4701 674 4773 ὲκπορθῆσαι,
708 4703 779 4756 τά
823 4718 883 4755 τε
915 4701 1161 4771 σύμϐολα
1215 4703 1310 4756 καὶ
1354 4702 1723 4772 ὑπομνήματα
1774 4700 1872 4770 τῆς

297 4794 579 4864 σωτηρίου
619 4793 788 4847 αὐτοῦ
818 4793 1155 4863 οίκονομίας,
1190 4793 1368 4857 ἀθέως
1405 4793 1499 4846 καὶ
1533 4794 1672 4861 ἄγαν
1710 4809 1869 4862 μανι-

291 4886 416 4948 κῶς
463 4884 974 4956 καταστρέψασθαι·
1036 4883 1242 4938 τούτων
1305 4885 1512 4947 ἕνεκεν,
1597 4881 1871 4953 ἱεροσυλία

293 4976 500 5049 ἐκείνῳ
531 4978 858 5048 τετόλμηται
898 4976 994 5029 καὶ
1029 4976 1136 5029 τῶν
1168 4975 1331 5030 θείων
1355 4975 1500 5031 ναῶν
1523 4975 1825 5047 βεϐήλωσις
1853 4990 1867 5005 ·

293 5069 597 5139 οἰκητήρια
648 5069 758 5141 γὰρ
806 5070 990 5125 αὐτῶν
1028 5070 1097 5126 τά
1138 5069 1475 5141 μοναστήρια
1532 5066 1866 5137 πεποίηκεν·

1978 4628 2197 4667 monum
2237 4627 2303 4667 ex
2347 4615 2691 4670 monasteriis
2722 4615 2940 4682 ell'ecit;
2971 4616 3185 4672 stabula
3223 4626 3384 4688 atque
3408 4626 3550 4674 ster-

1976 4705 2201 4774 quilinia
2232 4705 2284 4759 in
2325 4706 2568 4761 ecclesiis
2601 4706 2692 4761 Dei
2726 4702 2944 4773 statuit;
2981 4724 3210 4777 quorum
3247 4709 3547 4765 facinorum

1977 4810 2109 4864 pars
2137 4806 2324 4852 nostro
2357 4797 2535 4851 adhuc
2570 4806 2810 4868 tempore
2843 4802 3101 4867 perdurat
3127 4801 3375 4857 visibilis.
3406 4801 3549 4855 Non-

1976 4883 2123 4937 nulla
2160 4884 2397 4954 denique
2432 4900 2588 4940 sacra
2632 4888 2749 4942 loca
2797 4889 2962 4943 etiam
2998 4905 3131 4945 auro
3182 4902 3369 4945 contra
3417 4906 3547 4945 ven-

1977 4974 2145 5040 didit;
2184 4974 2344 5045 idque
2367 4990 2696 5045 magnopere
2727 4979 2963 5035 clamant
2990 4981 3132 5035 Flori
3166 4988 3221 5037 et
3249 4980 3546 5036 Callistrati

1977 5067 2244 5137 appellata
2273 5068 2606 5123 monasteria
2642 5070 2779 5141 (74).

296 5160 639 5217 ἱπποπάσια
678 5162 736 5217 δὲ
776 5163 871 5216 καὶ
938 5161 1229 5232 κοπρῶνας
1273 5160 1373 5224 τάς
1405 5158 1702 5231 ἐκκλησίας
1763 5157 1859 5212 τοῦ
1899 5156 2035 5211 Θεοῦ
2094 5160 2473 5230 κατεστήσατο
2501 5176 2516 5190 ·
2569 5154 2644 5218 ὧν
2707 5162 2775 5216 τὰ
2848 5166 3263 5236 περιττώματα,
3317 5162 3412 5215 καὶ
3460 5162 3544 5229 ἐφ’

292 5254 461 5327 ήμῶν
493 5255 673 5309 αὐτῶν
694 5256 984 5328 διήρκεσεν
1006 5256 1460 5327 ἐπιχρονίσαντα·
1480 5253 1596 5307 ἔστι
1623 5253 1683 5308 δὲ
1710 5253 1747 5308 ἃ
1767 5255 1861 5309 καὶ
1897 5254 2123 5325 χρυσίου
2188 5253 2418 5308 ἀπέδοτο
2450 5244 2692 5327 σεμνεία,
2727 5258 2819 5312 καὶ
2879 5258 3043 5328 βοῶσι
3071 5258 3220 5328 μέγα
3242 5255 3309 5309 τὰ
3341 5250 3547 5307 ἐπώνυ-

296 5363 381 5419 μα
404 5346 627 5419 Φλώρου
667 5348 763 5403 καὶ
785 5348 1198 5420 Καλλιστράτου
1234 5347 1597 5419 μοναστήρια.

371 5502 426 5535 ⁸³⁸
454 5501 654 5561 Jerem.
687 5520 829 5571 των,
865 5503 1051 5560 16-19.

374 5682 490 5751 (74)
537 5680 737 5740 Horum
788 5681 1238 5739 monasteriorum
1281 5677 1485 5745 notitia
1538 5678 1711 5733 estin
1757 5675 2210 5748 Constantinopoli
2277 5677 2620 5745 Christiana,
2671 5677 2765 5731 lib.
2819 5693 2891 5742 tv,
2963 5679 3048 5732 ed.
3093 5677 3266 5732 Paris.
3304 5691 3356 5747 p.
3406 5676 3527 5750 £53,

294 5762 349 5808 et
389 5755 509 5809 156.
