4072 6324
523 394 636 457 -491

1560 399 1621 459 S.
1662 399 2081 462 NICEPHORI
2118 397 2620 460 PATRIARCHzE
2658 397 2770 459 (ΖΡ.

3684 395 3792 462 492

541 519 618 557 l‘ls
648 503 805 572 egeni
833 543 847 568 ,
882 503 1019 558 adeo
1046 513 1103 558 ut
1139 517 1204 558 ne
1232 507 1393 561 unius
1415 506 1635 576 quidem
1672 509 1777 563 diei
1831 509 2108 577 proprium

2225 508 2261 559 ii
2283 505 2663 575 ἀγροικότεροι
2693 505 2786 558 καὶ
2819 502 3149 578 χαμαίζηλοι
3184 504 3278 559 καὶ
3308 504 3421 559 τῶν
3464 507 3787 576 ἀναγκαίων

539 595 743 646 virium
775 595 1046 657 habeant,
1065 608 1130 647 ex
1160 595 1339 649 triviis
1368 606 1530 665 atque
1554 598 1851 667 gurgustiis
1874 597 2108 662 collecti,

539 698 608 737 ne
652 700 713 738 ea
754 685 975 753 quidem
1028 699 1149 753 quae
1200 696 1325 739 ante
1376 687 1541 757 pedes
1583 684 1767 755 iacent
1812 687 2114 756 intelligere

539 786 740 844 queunt
780 793 793 828 :
835 790 1071 842 cumque
1104 776 1214 831 sint
1249 777 1453 833 ebriosi
1499 792 1564 833 ac
1602 786 1911 848 potatores,
1943 779 2111 833 vestin

538 876 668 936 sunt
698 881 915 935 semper
946 879 1109 937 atque
1140 869 1449 925 odorantur
1478 871 1703 926 ubinam
1733 873 1868 925 tiant
1890 885 2113 939 compo-

540 959 771 1012 taliones
828 970 886 1012 et
925 960 1355 1016 comessationum
1409 962 1476 1015 ad
1516 975 1656 1030 quas
1710 963 2113 1031 promptissime

538 1050 830 1102 convniant
857 1066 873 1115 ;
899 1059 956 1103 ιιι
977 1065 1043 1104 ex
1071 1053 1318 1106 convivis
1347 1052 1627 1123 symbolae
1647 1054 1947 1123 capientes,
1984 1068 2113 1123 ege-

538 1151 734 1194 suttent
761 1156 914 1194 suam
946 1151 1001 1195 el.
1024 1143 1305 1211 angustias
1333 1145 1599 1199 solemur.
1630 1143 1709 1198 Ex
1740 1145 1823 1199 bis
1851 1144 2114 1215 contingit

537 1230 1103 1287 circnml‘oraneoruni
1152 1233 1285 1289 illud
1329 1244 1384 1290 et
1437 1236 1786 1292 vitandorum
1832 1235 2112 1290 hominum

537 1318 761 1376 conﬂari
792 1323 1283 1393 conventiculum;
1318 1326 1411 1381 ubi
1455 1326 1817 1382 seditionibus
1852 1327 2115 1396 novisque

540 1414 701 1467 rebus
730 1413 937 1468 ciendis
962 1415 1216 1485 gaudent.
1249 1417 1425 1488 Atque
1449 1418 1641 1473 borum
1676 1419 1892 1488 plurimi
1922 1419 2114 1473 militis

537 1508 769 1563 reduces
792 1519 939 1573 sunt,
963 1509 1016 1562 in
1044 1524 1148 1577 qua
1171 1508 1239 1563 de
1263 1509 1516 1579 pessimis
1537 1510 1859 1564 criminibus
1879 1508 2034 1580 132
2057 1516 2115 1563 et

539 1598 878 1653 detestandis
925 1601 1160 1655 convicti
1217 1600 1473 1668 fuerunt;
1522 1600 1608 1655 vel
1657 1603 1783 1672 quia
1810 1599 1920 1668 jam
1954 1611 2116 1655 aetate

539 1691 754 1743 exoleta
814 1690 1054 1745 militare
1111 1701 1424 1760 nequeunt,
1485 1691 1608 1746 albo
1656 1689 1931 1746 exercitus
1984 1699 2113 1747 sunt

537 1780 815 1848 expuncti,
850 1791 905 1834 et
941 1782 1009 1835 ab
1041 1782 1209 1838 armis
1239 1797 1459 1839 cessare
1483 1782 1648 1854 jussi.

610 2042 698 2095 63.
729 2040 868 2108 Quia
899 2055 1032 2096 vero
1062 2051 1119 2096 et
1160 2042 1342 2113 lingua
1389 2050 1443 2097 et
1469 2056 1635 2113 opere
1663 2051 1792 2099 sunt
1841 2044 2112 2114 corrupti,

541 2134 900 2203 praesentibus
933 2144 1144 2187 tantum
1182 2134 1432 2201 inhiant,
1463 2136 1616 2189 carni
1652 2136 1843 2201 dediti,
1875 2139 2115 2193 ventris-

543 2241 648 2293 que
679 2225 944 2294 mancipia
971 2262 986 2288 ,
1016 2222 1268 2293 Deusque
1302 2225 1412 2280 illis
1445 2236 1635 2281 venter
1657 2235 1777 2292 est,
1812 2236 1976 2297 atque
2001 2228 2117 2285 haec

544 2319 840 2379 mundana,
876 2326 932 2371 et
961 2332 1299 2387 quaecunque
1332 2332 1428 2385 per
1456 2317 1748 2387 ingluviem
1784 2318 1839 2373 in
1870 2328 2116 2374 ventrem

551 2419 877 2474 transeunt,
929 2423 1198 2462 summam
1253 2424 1373 2463 esse
1434 2408 1751 2465 felicitatem
1806 2409 2117 2478 deliniant;

549 2500 803 2567 imllaqne
833 2499 885 2553 in
922 2514 980 2553 re
1018 2500 1241 2554 meliore
1268 2514 1419 2568 spem
1456 2500 1719 2570 deligunt,
1749 2502 1885 2557 nihil
1918 2502 2121 2558 celsius

547 2603 642 2647 aut
671 2590 856 2645 utilius
883 2599 1217 2660 spectantes.
1250 2590 1444 2645 Divino
1469 2601 1645 2647 autem
1673 2591 1877 2662 judicio
1915 2595 1967 2648 in
1992 2608 2121 2663 ege-

549 2694 692 2740 state
744 2692 1073 2748 versantur,
1111 2683 1404 2753 multisque
1460 2686 1728 2755 angustiis
1761 2696 2115 2755 premuntur,

550 2775 848 2847 prmsertim
885 2784 1173 2845 postquam
1207 2775 1353 2845 regia
1403 2776 1676 2846 stipendia
1725 2790 1821 2832 eos
1856 2778 2123 2832 destitue-

553 2878 718 2931 runt,
759 2882 824 2921 ex
861 2866 1060 2935 quibus
1085 2866 1285 2920 victum
1320 2866 1373 2919 in
1407 2868 1577 2921 armis
1610 2868 1999 2939 percipiebant.
2024 2868 2127 2925 Pro

558 2972 810 3011 mensura
844 2957 1027 3025 itaque
1055 2966 1109 3009 et
1141 2956 1378 3027 pondere
1408 2959 1839 3013 necessariarum
1870 2975 2047 3014 rerum
2072 2970 2128 3015 et

560 3046 906 3108 victualium,
934 3047 1167 3115 pretium
1202 3045 1361 3098 veluti
1393 3047 1772 3115 rependentes,
1809 3046 2125 3118 religiOnem

552 3154 708 3193 suam
746 3137 954 3192 ventris
988 3136 1274 3191 famulatui
1308 3139 1564 3193 addicunt
1593 3139 1646 3193 bi
1675 3150 1942 3207 amentes,
1969 3141 2122 3210 copia

554 3231 733 3298 potius
766 3233 962 3300 dapum
987 3271 1003 3296 ,
1042 3243 1204 3298 quam
1259 3230 1585 3285 rectitudine
1616 3231 1927 3301 dogmatum
1954 3270 1970 3297 ,
2004 3248 2124 3287 eam

554 3321 708 3375 lance
740 3321 1037 3386 libranics;
1089 3321 1247 3375 amici
1279 3320 1496 3390 quidem
1544 3320 1788 3391 quandiu
1841 3321 2003 3377 rebus
2037 3338 2130 3378 vo-

554 3412 750 3481 luptati
777 3412 988 3466 idoneis
1013 3414 1312 3480 abundant,
1340 3421 1749 3482 contemptores
1771 3427 1901 3469 vero
1924 3423 1979 3468 et
2003 3413 2126 3468 ﬁdei

557 3515 759 3558 nostra:
808 3510 1188 3567 accusatores,
1222 3503 1267 3557 si
1312 3503 1439 3573 quid
1477 3504 1862 3573 praedictorum
1917 3505 2129 3561 emolu-

559 3601 865 3648 mentorum
912 3593 1076 3648 desit.
1116 3593 1237 3648 Pari
1271 3596 1416 3649 enim
1457 3596 1734 3651 voluntate
1779 3597 2131 3666 moribusque

550 3672 686 3739 sunt
715 3685 801 3738 isti
827 3695 883 3739 et
908 3695 1178 3755 quotquot
1204 3668 1479 3741 in'eadem
1507 3686 1829 3742 inﬁdelitate
1856 3698 2017 3752 sunt,
2044 3696 2131 3741 at-

554 3790 662 3847 que
698 3776 774 3829 illi
822 3774 948 3829 olim
980 3793 1045 3830 ex
1086 3775 1409 3847 Egyptiaca
1454 3780 1716 3834 servitute
1762 3779 2015 3846 liberati,
2065 3778 2135 3835 si-

562 3867 852 3938 milemque
903 3866 1009 3921 illis
1054 3878 1107 3922 et
1148 3885 1463 3939 germanam
1510 3870 1753 3938 linguam
1801 3886 2133 3939 sensumque

561 3959 765 4013 habent
807 3975 820 4012 :
855 3957 1255 4030 manifesteque
1302 3960 1517 4015 illorum
1554 3962 1732 4016 cultus
1781 3962 1979 4016 indicia
2022 3976 2134 4031 pra:

560 4067 617 4107 se
644 4051 915 4114 ferentes,
948 4051 991 4107 ei
1023 4051 1168 4107 forte
1194 4054 1244 4107 in
1270 4053 1476 4109 similes
1508 4055 1745 4108 incidant
1765 4054 2131 4120 calamitates,

563 4145 789 4200 moleste
822 4144 1006 4199 ierunt
1042 4156 1096 4201 et
1125 4148 1547 4205 excandescunt.
1586 4146 1764 4216 Atque
1805 4155 1859 4200 ut
1910 4146 1984 4198 illi
2035 4146 2133 4200 ad-

564 4253 752 4292 versus
779 4236 1123 4307 legislatorcs
1151 4240 1429 4306 ducesque
1458 4253 1586 4293 suos
1624 4237 1868 4292 seditiosi
1911 4235 2131 4301 ﬁebant,

562 4346 714 4383 suain
764 4330 908 4383 circa
958 4342 1155 4383 carnes
1199 4340 1253 4381 et
1292 4329 1426 4384 ollas
1483 4329 1814 4394 sessionem,
1872 4329 2137 4398 panisque

562 4420 989 4485 abundantiam,
1042 4429 1569 4483 commemorantes;
1628 4419 1707 4473 sic
1746 4428 1801 4472 et
1858 4420 1913 4473 bi
1964 4418 2139 4487 impu-

2211 598 2428 667 ἀποροι,
2455 595 2550 649 καὶ
2573 594 2684 649 οὐδ’
2700 593 2766 648 ἃν
2788 596 3000 667 ἡμέρας
3028 599 3157 667 μιᾶς
3176 599 3399 668 τροφῆς
3432 597 3573 661 ίδίας
3602 600 3787 654 tutet-

2211 687 2302 751 τις
2308 687 2463 741 εσθαι
2501 687 2872 758 εὐπορίσειαν,
2900 690 2965 743 ἐκ
3002 689 3114 742 τῶν
3129 689 3360 760 τριόδων
3377 691 3597 744 καὶτῶν
3611 687 3793 763 βαρά-

2214 780 2360 853 θρων
2385 779 2880 850 συναγηγερμένοι,
2910 782 3032 835 οὐδὲ
3061 781 3129 834 τὰ
3172 783 3230 835 ὲν
3262 782 3390 835 ποσὶ
3409 783 3469 835 τί
3505 785 3635 837 ποτέ
3673 785 3793 837 ἐστι

2214 868 2457 922 συνιέναι
2487 868 2785 938 ίσχύοντες,
2822 871 2918 923 καὶ
2961 869 3041 941 τῷ
3061 870 3312 940 πάροινοι
3338 868 3479 925 εἶναι
3507 874 3604 927 καὶ
3633 874 3790 942 φιλο-

2214 963 2399 1025 πόται,
2425 979 2490 1015 πε
2499 978 2581 1031 ριε
2592 963 2886 1034 ργάζονται
2905 964 3000 1017 καὶ
3018 981 3084 1016 πε
3094 964 3418 1035 ρισκοποῦσι
3437 967 3647 1036 συχνῶς
3658 967 3792 1022 ἔνθα

2211 1066 2272 1105 τε
2300 1052 2454 1104 πότοι
2481 1054 2576 1106 καὶ
2611 1054 2863 1107 συσσίτια
2910 1055 3178 1123 γίνονται,
3216 1058 3311 1109 καὶ
3358 1057 3436 1120 ὡς
3489 1057 3792 1128 ὑπόπτεροι

2214 1142 2565 1213 περιθέουσιν
2592 1158 2606 1173 ο
2664 1143 2741 1207 ὼς
2793 1144 2861 1197 ἀν
2940 1146 3006 1199 ὲκ
3069 1146 3179 1199 τῶν
3253 1148 3795 1218 παρατυγχανόντων

2214 1232 2625 1304 ιρανισάμενοι,
2656 1232 2727 1286 τά
2749 1233 2848 1304 τῆς
2868 1233 3081 1298 ἐνδείας
3124 1235 3220 1288 καὶ
3251 1236 3490 1306 ἀπορίας
3524 1254 3793 1308 παραμυ-

2214 1324 2474 1395 θήσαιντο
2492 1340 2506 1354 ·
2535 1322 2599 1389 ἐξ
2623 1318 2700 1377 ῶν
2722 1325 3014 1394 συμϐαίνει
3036 1325 3130 1380 τὸν
3169 1327 3462 1398 ἀγυρτώδη
3490 1330 3586 1381 καὶ
3622 1330 3795 1382 ἀπευ-

2214 1412 2343 1465 κτὸν
2369 1414 2579 1465 δκείνον
2606 1413 2964 1467 συνίστασθαι
2993 1414 3210 1485 ὅμιλον·
3243 1416 3469 1469 στάσεσι
3493 1431 3554 1469 τε
3576 1418 3797 1485 γὰρκαὶ

2213 1506 2588 1575 καινοτομίαις
2617 1506 2704 1558 ἀεὶ
2729 1505 3016 1576 χαίρουσιν
3048 1520 3062 1538 ⁸
3094 1500 3171 1561 ὧν
3203 1508 3251 1560 οί
3278 1507 3524 1561 πλεῖστοι
3552 1509 3659 1560 τῶν
3688 1508 3797 1561 ἀπὸ

2216 1598 2510 1669 στρατείας
2569 1597 2954 1667 τυγχάνουσιν,
3006 1597 3096 1650 ἐπ’
3145 1600 3351 1662 αίτίαις
3420 1600 3794 1669 φαυλοτάταις

2216 1690 2312 1743 καὶ
2366 1689 2854 1759 ἀπηγορευμέναις
2903 1690 3333 1761 πεφωραμένοι·
3389 1691 3424 1763 ἢ
3470 1691 3547 1755 ὡς
3604 1689 3797 1763 ἔξωροι

2217 1780 2314 1835 καὶ
2344 1781 2659 1852 ύπὲρακμοι
2688 1780 2997 1834 ὁπλιτεύειν
3020 1782 3082 1834 ού
3139 1782 3445 1848 σθένοντες,
3485 1783 3596 1836 τῶν
3625 1801 3800 1837 κατα-

2142 1843 2191 1906 B
2220 1873 2395 1943 λόγων
2452 1872 2774 1944 ἐξώσθησαν
2827 1873 2936 1927 τῶν
2982 1874 3418 1945 στρατιωτικῶν,
3474 1874 3584 1930 τῶν
3616 1874 3799 1930 δπλων

2217 1966 2513 2021 ἀποπεπαυ
2524 1966 2699 2036 μένοι.

2290 2058 2390 2129 εγ.
2438 2058 2658 2131 Ἐπειδὴ
2702 2059 2758 2112 δὲ
2786 2057 2885 2113 καὶ
2913 2059 3060 2129 λόγῳ
3114 2059 3211 2113 καὶ
3243 2058 3439 2131 πράξει
3481 2059 3801 2132 κατεφθαρ-

2219 2150 2371 2224 μένοι
2403 2151 2735 2222 ὑπάρχουσι,
2782 2153 2895 2215 τοῖς
2932 2149 3171 2220 παροῦσι
3208 2152 3369 2222 μόνον
3409 2152 3701 2224 κεχήνασι,
3730 2156 3798 2225 τῇ

2221 2245 2390 2315 σαρκὶ
2442 2244 2830 2317 προσθέμενοι,
2886 2242 2983 2297 καὶ
3038 2247 3104 2313 τῇ
3152 2244 3355 2315 γαστρὶ
3404 2244 3795 2317 ἐξανδραποδι-

2219 2335 2471 2407 ζόμενοι,
2528 2336 2623 2390 καὶ
2687 2334 2807 2398 θεὸς
2859 2333 3042 2399 αὐτοῖς
3110 2336 3144 2406 ἡ
3213 2335 3422 2401 κοιλία,
3463 2337 3559 2390 καὶ
3621 2334 3797 2389 ταῦτα

2220 2428 2286 2500 δὴ
2350 2426 2422 2481 τά
2489 2425 2829 2497 περικόσμια
2908 2427 3004 2479 καὶ
3072 2426 3174 2479 ὃσα
3232 2426 3369 2498 πρὸς
3425 2425 3622 2497 λαιμὸν
3704 2427 3800 2479 καὶ

2221 2520 2465 2591 γαστέρα
2510 2521 2707 2590 χωρεῖ,
2772 2519 3124 2589 εὐδαιμονίαν
3187 2515 3325 2573 εῖναι
3381 2519 3480 2588 τὴν
3529 2518 3796 2573 ἀνωτάτω

2226 2611 2567 2683 μετροῦσιν·
2614 2609 2704 2663 ἀπ’
2761 2608 2938 2662 οὐδενὶ
2994 2608 3052 2662 δὲ
3104 2609 3380 2681 κρείττονι
3430 2611 3529 2674 τὰς
3578 2609 3799 2673 ἐλπίδας

2223 2702 2614 2773 ἀπερείδουσι,
2701 2699 2836 2771 πρὸς
2905 2700 3057 2753 οὐδὲν
3127 2701 3237 2755 τῶν
3319 2700 3672 2772 ὑψηλοτέρων
3764 2700 3799 2771 ἢ

2223 2793 2684 2863 λυσιτελεστέρων
2782 2791 3078 2862 βλέποντες
3110 2809 3124 2823 ο
3209 2792 3464 2849 πένονται
3521 2793 3579 2846 δὲ
3636 2792 3803 2855 θείοις

2226 2888 2486 2957 κρίμασι,
2516 2885 2613 2939 καὶ
2647 2883 2854 2955 ἀπορίᾳ
2879 2883 3050 2955 πολλῇ
3107 2885 3408 2950 πιέζονται,
3435 2884 3671 2953 μάλιστα
3693 2884 3804 2937 τῶν

2229 2974 2523 3047 βασιλικῶν
2549 2976 2878 3044 σιτηρεσίων
2910 2973 3099 3036 αὐτοῖς
3128 2971 3575 3037 ἐπιλελοιπότων,
3612 2974 3705 3043 ἀφ’
3727 2967 3806 3028 ὧν

2229 3068 2302 3121 τὰ
2330 3067 2464 3137 πρὸ,
2488 3065 2550 3118 τὸ
2567 3063 2666 3135 ζῇν
2697 3065 2838 3134 μετά
2860 3064 2970 3118 τῶν
2993 3064 3176 3117 ὃπλων
3200 3065 3386 3129 αὐτοῖς
3420 3066 3800 3135 περιεγίνετο’

2152 3187 2196 3246 c
2231 3160 2455 3228 μέτροις
2485 3156 2618 3246 γούν
2643 3153 2740 3208 καὶ
2778 3154 3042 3246 σταθμοῖς
3069 3154 3177 3208 τῶν
3194 3155 3513 3224 ἀναγκαίων
3539 3156 3636 3211 καὶ
3671 3156 3805 3210 ἐδω-

2228 3250 2404 3319 δίμων
2434 3247 2502 3301 τά
2535 3244 2673 3301 ὥνια
2702 3244 3204 3317 ἀπαριθμούμενοι,
3255 3247 3355 3317 τὴν
3405 3247 3587 3301 αὐτῶν
3620 3247 3806 3303 πίστιν

2229 3343 2325 3395 ἐπὶ
2359 3342 2425 3410 τῇ
2453 3339 2551 3408 τῆς
2574 3336 2812 3408 γαστρὸς
2840 3337 3110 3409 θεραπείᾳ
3143 3337 3518 3408 ὲπικρίνουσιν
3544 3341 3592 3393 oi
3630 3340 3804 3409 ἀφρο-

2230 3446 2358 3495 νες·
2416 3430 2676 3501 ἁδρότητι
2744 3428 3054 3499 βρωμάτων
3124 3430 3159 3499 ἢ
3220 3429 3477 3501 ὀρθότητι
3519 3432 3807 3501 δογμάτων

2229 3524 2435 3593 ταύτην
2463 3520 2883 3585 ταλαντεύοντες
2904 3537 2917 3551 ⁸
2954 3522 3278 3593 στέργοντες
3332 3523 3433 3592 μὲν
3465 3524 3667 3578 ὁπόταν
3695 3523 3807 3577 τῶν

2230 3613 2546 3683 ἀναγκαίων
2596 3614 2691 3668 καί⁸
2749 3613 2859 3667 τῶν
2904 3613 3029 3668 καθ’
3085 3613 3282 3684 ἡδονὴν
3344 3611 3454 3668 εἷεν
3510 3615 3804 3687 διακορεῖς,

2234 3704 2643 3776 σχετλιάζοντες
2708 3704 2765 3758 δὲ
2817 3705 2912 3757 καὶ
2970 3705 3072 3774 τὴν
3130 3704 3255 3759 καθ’
3308 3707 3459 3776 ἡμᾶς
3524 3707 3809 3761 εὐσέδειαν

2232 3796 2679 3867 καταιτιώμενοι,
2707 3796 2873 3867 ἡνίκα
2903 3796 2969 3851 ἀν
3000 3813 3052 3849 τι
3098 3796 3306 3851 τούτων
3335 3799 3804 3870 ἀπολιμπάνοιτο’

2232 3883 2614 3956 ὁμογνώμονες
2645 3886 2754 3955 γάρ
2785 3886 2880 3938 καὶ
2908 3884 3225 3955 ὁμότροποι,
3257 3887 3413 3939 αὐτοί
3445 3903 3505 3941 τε
3540 3888 3632 3941 καὶ
3659 3890 3708 3941 οἱ
3741 3890 3808 3959 τῇ

2237 3977 2326 4047 [σῃ
2354 3975 2584 4047 ἀπιστία
2609 3965 3035 4045 κεκρατημένοι,
3052 3980 3165 4039 τοῖς
3206 3993 3340 4030 ποτε
3363 3976 3466 4046 τῆς
3500 3980 3804 4045 Αίγυπτιαυ

2234 4068 2341 4137 κῆς
2378 4068 2659 4121 ἀποπτᾶσι
2687 4065 2933 4131 δουλείας
2972 4065 3352 4137 γνωρίζονται,
3421 4070 3724 4140 ὲφάμιλλὸν
3751 4087 3812 4123 τε

2238 4158 2422 4219 αὐτοῖς
2455 4157 2551 4211 καὶ⁵
2597 4156 2794 4225 ίσοφυᾶ
2833 4156 2933 4228 τὴν
2984 4157 3240 4225 γλῶσσαν
3301 4158 3398 4212 καὶ
3444 4158 3508 4213 τὸ
3555 4160 3815 4230 φρόνημα

2239 4250 2568 4321 κεκτημένοι
2595 4266 2610 4282 ο
2639 4251 2737 4304 καὶ
2778 4248 2968 4318 σαφῶς
3016 4248 3117 4319 τῆς
3163 4250 3389 4304 ἐκείνων
3418 4250 3717 4322 θρησκείας
3748 4251 3816 4305 τά

2237 4344 2517 4413 τεκμήρια
2547 4340 2935 4413 φέροντες,ὲφ’
2963 4341 3193 4412 ὁμοίοις,
3221 4342 3272 4394 εί
3291 4358 3395 4394 που
3420 4343 3818 4413 συμδαίη,τοίς

2240 4434 2557 4503 ἀτυχήμασι
2602 4432 3002 4502 χαλεπαίνουσι
3036 4448 3096 4485 τε
3125 4433 3220 4485 καὶ
3244 4433 3650 4502 ὲπαλγύνονται
3678 4450 3692 4463 ο
3721 4434 3819 4488 καὶ

563 4514 756 4565 ιιεαιιιθτ
787 4510 1034 4565 veritatis
1069 4509 1409 4577 praeconibus
1437 4507 1836 4578 Dominicazque
1880 4509 2127 4563 doctrina:

2243 4523 2436 4595 ῶσπερ
2470 4524 2672 4576 ἐκεῖνοι
2699 4523 2810 4577 τῶν
2830 4522 3139 4594 νομοθετῶν
3162 4524 3259 4577 καὶ
3287 4525 3569 4595 ἀρχόντων
3618 4524 3817 4590 κατεξ-

562 4602 834 4659 ministris
886 4600 1312 4664 maledicentes,
1382 4600 1764 4655 scelestissime
1829 4600 2134 4667 blaterant,

563 4692 953 4763 propemodum
1004 4693 1195 4747 eadem
1252 4693 1528 4759 dicentes,
1586 4707 1707 4762 qua:
1759 4691 1834 4746 illi
1893 4693 2135 4746 divorum

562 4786 958 4855 prophetarum
1007 4784 1100 4837 uni
1161 4783 1511 4837 adversantes
1552 4804 1564 4838 :
1626 4780 1929 4837 Sermonem
1981 4796 2136 4851 quem

567 4875 713 4928 nobis
746 4874 1030 4944 loquimini
1061 4873 1117 4927 in
1162 4874 1367 4926 nomine
1406 4871 1652 4935 Domini,
1680 4887 1785 4926 non
1822 4871 2138 4934 audiemus;

566 4981 688 5018 nam
723 4963 961 5035 faciendo
1003 4963 1258 5033 faciemus
1303 4963 1556 5033 quidquid
1586 4976 1677 5015 ore
1711 4957 2141 5029 pronuntiaveri-

566 5072 710 5123 mus,
743 5057 1094 5124 sacriﬁcando
1128 5057 1322 5127 reginae
1349 5056 1487 5121 cadi,
1519 5065 1565 5109 et
1590 5054 1870 5107 libationes
1900 5051 2133 5116 libando,
2166 5060 2173 5069 '

566 5152 725 5206 sicuti
748 5160 797 5205 et
837 5166 930 5203 nos
974 5150 1222 5220 fecimus,
1253 5164 1345 5201 nec
1368 5163 1471 5200 non
1494 5155 1667 5214 patres
1700 5144 1887 5208 nostri,
1918 5154 1964 5196 et
1998 5157 2141 5211 reges

571 5244 770 5309 nostri,
819 5253 868 5298 et
918 5244 1182 5313 principes
1233 5242 1399 5294 nostri
1447 5240 1503 5293 in
1549 5238 1852 5293 civitatibus
1896 5234 2055 5289 Iuda,
2093 5242 2142 5288 et

565 5350 717 5391 extra
745 5336 1062 5391 Jerusalem.
1108 5335 1175 5389 Et
1212 5334 1393 5403 repleti
1427 5334 1654 5402 panibus
1682 5346 1863 5385 sumus
1887 5369 1903 5394 ,
1935 5340 1984 5383 et
2019 5328 2144 5381 bene

565 5433 714 5485 nobis
755 5430 860 5502 fuit
886 5469 901 5494 ,
934 5441 983 5484 et
1015 5430 1154 5483 mala
1184 5445 1287 5482 non
1315 5445 1496 5482 sumus
1524 5427 1745 5495 experti.
1779 5427 1846 5479 At
1866 5434 2145 5493 postquam

566 5526 872 5594 sacriﬁcare
910 5526 1197 5578 desivimus
1241 5525 1433 5593 reginae
1476 5518 1629 5587 ca'li,
1666 5519 1943 5599 imminuti
1963 5533 2145 5570 sumus

569 5632 748 5671 ontnes
772 5657 786 5680 ,
820 5625 867 5669 et
898 5617 1078 5686 gladio
1127 5615 1366 5685 fameque
1395 5612 1701 5681 defecimus.
1745 5608 2011 5673 Praeterea
2047 5609 2147 5661 hac

568 5709 629 5761 in
658 5710 867 5777 regione
891 5710 1090 5759 diutius
1122 5724 1225 5760 non
1259 5706 1608 5768 manebimus,
1628 5704 1697 5757 ad
1734 5702 1942 5756 Domini
1976 5717 2146 5756 uocem

571 5797 918 5866 audiendam,
939 5798 1028 5851 sed
1053 5803 1104 5852 in
1133 5797 1424 5870 [Egi/plum
1457 5795 1943 5867 commigrabimus,
1985 5812 2147 5865 neque

2239 4617 2548 4681 ανίσταντο,
2566 4615 2783 4686 τὴν-ἐπὶ
2810 4615 2919 4668 τῶν
2940 4615 3118 4685 κρεῶν
3135 4615 3231 4667 καὶ
3257 4615 3502 4686 λεσήτων
3523 4614 3816 4685 καθέδραν,

2240 4707 2337 4761 καί⁵
2361 4705 2473 4759 τῶν
2498 4706 2680 4776 ἀρτων
2731 4706 2832 4776 τὴν
2877 4704 3142 4775 ἀφθονίαν
3167 4705 3605 4776 ἀνακαλούμενοι
3630 4719 3645 4734 ⁶
3675 4704 3823 4759 οὕτω

2241 4799 2336 4851 καὶ
2365 4790 2515 4851 οὗτοι
2541 4795 3134 4867 ἀπαναισχυντοῡντες,
3171 4797 3267 4850 καὶ
3292 4795 3400 4849 τῶν
3426 4797 3688 4869 κηρύκων
3719 4795 3822 4867 τῆς

2240 4888 2502 4959 ἀληθείας
2537 4888 2633 4941 καὶ
2665 4887 2758 4940 τὸν
2791 4888 2948 4956 λόγον
2975 4886 3069 4941 τοῦ
3122 4888 3329 4961 Κυρίου
3379 4888 3821 4959 διακονουμένων

2242 4978 2645 5042 καταϐοῶντες,
2698 4977 3037 5032 ἀνοσιιίιτατα
3064 4980 3591 5051 παραφθέγγονται,
3629 4993 3824 5051 μονον-

2242 5075 2364 5142 ουχὶ
2411 5070 2480 5125 τά
2530 5070 2672 5125 αὐτά
2720 5069 2972 5139 λέγοντες
3020 5071 3164 5143 ἀπερ
3220 5075 3456 5137 ἐκεῖνοι,
3502 5072 3613 5125 τῶν
3661 5071 3825 5125 θείων

2245 5160 2543 5233 προφητῶν
2568 5177 2679 5214 τινι
2706 5161 3245 5232 ἀντικαθιστάμενοιο
3287 5162 3349 5216 '0
3371 5162 3558 5231 λόγος
3584 5160 3657 5215 ὃν
3679 5160 3825 5214 ἐλα-

2243 5252 2478 5319 λήσατε
2535 5251 2689 5320 πρὸς
2743 5249 2905 5320 ἡμᾶς
2960 5252 3041 5318 τῷ
3088 5254 3335 5323 ὀνόματι
3388 5254 3636 5323 Κυρίου,
3709 5253 3824 5306 οὐκ

2245 5343 2630 5412 ἀκουσόμεθα
2693 5340 2899 5411 ὑμῶν’
2961 5341 3053 5396 ὅτι
3125 5343 3445 5408 ποιοῦντες
3487 5338 3829 5407 ποιήσομεν

2247 5435 2443 5489 πάντα
2461 5434 2569 5487 τὸν
2590 5434 2797 5503 λόγον,
2822 5431 2889 5499 δς
2906 5432 3298 5498 ἐξελεύσεται
3310 5434 3377 5486 ἐκ
3402 5432 3507 5487 τοῦ
3528 5432 3830 5501 στόματος

2246 5525 2437 5597 ήμῶν,
2460 5523 2682 5594 θυμιᾶν
2730 5524 2805 5594 τῇ
2847 5528 3202 5594 ,βασιλίσσῃ
3238 5525 3345 5580 τοῦ
3394 5523 3681 5594 οὐρανοῦ,
3726 5525 3829 5578 καὶ

2246 5615 2708 5684 σπένδειναύτῇ
2727 5617 3025 5683 σπονδὰς,
3048 5616 3201 5671 καθὰ
3228 5614 3607 5686 ἐποιήσαμεν
3636 5614 3829 5684 ἡμεῖς.

2249 5704 2347 5759 καί
2374 5708 2426 5758 oi
2455 5704 2708 5772 πατέρες
2731 5704 2921 5774 ἡμῶν,
2948 5706 3044 5760 καί
3107 5709 3161 5761 οι
3202 5705 3489 5773 ,ϐασιλεῖς
3510 5703 3699 5775 ήμῶν,
3730 5703 3832 5756 καί

2252 5801 2303 5852 (ί
2355 5796 2645 5868 ἄρχοντες
2673 5798 2841 5869 ἡμῶν
2869 5800 2939 5856 ἐν
2970 5800 3231 5857 πόλεσιν
3263 5798 3461 5858 Ἰούδα
3489 5797 3587 5854 καί
3610 5795 3836 5863 ἔξωθεν
