4072 6324
288 392 390 457 493
975 382 1605 449 ANTIRRHETICUS
1643 379 1737 439 ΙΙΙ
1777 362 1946 437 ADV‘.
1987 373 2583 436 CONSTANTINUM
2624 370 2835 432 COPR.
3426 364 3529 427 494

301 496 692 567 Ἰερουσαλήμ
718 513 733 529 ’
760 496 858 550 καί
885 496 1283 563 ἐπ.ιήσθημεν
1326 493 1541 560 ἄρτων,
1586 488 1689 544 καὶ
1722 488 1850 556 tire-

1974 486 2141 540 rellum
2177 486 2479 553 patiemur.
2528 483 2765 549 tubaque
2819 480 3044 535 sonitum
3094 495 3194 531 non
3232 472 3525 541 audiemus,

288 592 501 660 νόμεθα
530 588 807 658 χρηστοὶ,
846 586 945 641 καὶ
997 584 1152 640 κακὰ
1198 586 1308 638 οὐκ
1339 583 1579 651 δίδομεν
1604 597 1616 611 ·
1651 578 1852 644 καὶώς

1974 592 2050 629 rec
2090 578 2244 642 panis
2299 573 2575 641 penuriam
2625 570 2943 634 sentiemus,
3001 578 3047 622 et
3092 568 3206 621 illic
3261 567 3530 621 habitabi-

287 681 631 749 διελίπομεν
686 678 1012 748 θυμιῶντες
1050 675 1124 746 τῇ
1152 675 1503 744 βασιλίσσῃ
1532 670 1639 726 τοῦ
1675 671 1853 736 οὐρα-
1958 681 2072 719 mus
2099 665 2165 717 ".

288 772 415 835 νοῦ,
446 771 869 840 ήλαττώθημεν
890 768 1133 833 πάντες,
1163 767 1261 820 καὶ
1292 766 1361 820 ἐν
1381 764 1649 834 ῥομφαίᾳ
1680 760 1868 816 καὶέν
1904 755 2055 826 λιμῷ
2086 755 2478 824 ἐξελιπομεν·
2550 753 2636 807 ἔτι
2658 752 2810 823 πρὸς
2858 753 3088 818 τούτοις
3124 753 3196 806 οὺ
3255 750 3342 821 μὴ
3395 753 3535 805 καθ-

291 868 509 935 ίσωμεν
538 866 609 920 ἐν
648 863 725 933 τῇ
784 863 863 933 τῇ
901 864 1086 932 ταύτῃ
1151 860 1301 929 πρὸς
1364 858 1432 913 τὸ
1478 855 1565 928 μὴ
1607 854 1866 910 ἀκοῦσαι
1903 849 2110 921 φωνῆς
2175 848 2528 917 Κυρίου,ὅτι
2558 851 2645 913 είς
2682 846 2801 917 γῆν
2856 848 3156 916 Αἰγύπτου
3183 845 3537 900 είσελευσό-

285 961 454 1028 μεθα,
511 956 707 1011 καὶού
747 955 834 1025 μὴ
893 954 1113 1024 τδωμεν
1164 956 1453 1021 πόλεμον,
1514 948 1612 1003 καί
1652 945 1860 1016 φωνῆς
1896 943 2232 1013 σάλπιγγος
2299 944 2372 996 οὐ
2405 940 2491 1011 μὴ
2554 940 2928 1011 ἀκούσωμεν,
2989 940 3086 994 καὶ
3119 940 3189 993 ἐν
3229 939 3427 1008 ἄρτοις
3463 941 3537 992 οὐ

286 1051 369 1121 μὴ
401 1046 782 1116 aestv-damnor
808 1046 905 1101 καί
925 1045 1053 1099 ἐκεῖ
1083 1044 1435 1113 οἰκήσομεν.
1947 1064 1962 1075 ·

358 1162 451 1228 ξδ’.
483 1159 724 1214 Τοιαῦτα
745 1159 810 1230 δὴ
872 1157 968 1212 καὶ
1019 1157 1092 1211 τὰ
1149 1156 1363 1219 τούτοις
1401 1151 1764 1225 παραπλήσια
1799 1149 1865 1201 ὲκ

2031 1142 2121 1197 64.
2169 1140 2293 1197 Hatc
2334 1150 2389 1197 et
2435 1140 2521 1197 bis
2551 1142 2748 1197 similia
2779 1156 2845 1196 ex
2882 1141 3024 1196 malo
3053 1143 3236 1198 cordis
3281 1142 3537 1198 thesauro

289 1251 381 1304 τοῦ
412 1249 657 1320 πονηροῦ
681 1246 963 1320 θησαυροῦ
991 1247 1094 1317 τῆς
1139 1246 1369 1317 καρδίας
1398 1241 1862 1314 ἅπερευγόμενοι,

1974 1239 2311 1295 eructantes,
2374 1239 2583 1287 rectum
2641 1238 2886 1285 nostrum
2945 1240 3001 1285 et
3060 1230 3538 1301 irreprehensibile

294 1339 778 1410 καταφλυαροῦσιν
818 1339 976 1410 ἡμῶν
1012 1339 1111 1408 τῆς
1162 1336 1337 1409 ὀρθῆς
1379 1335 1476 1388 καλ¹
1534 1331 1862 1401 ἀδιαόλήτου

1974 1321 2152 1391 iogma
2188 1320 2437 1384 irrident,
2468 1320 2738 1390 simulque
2760 1320 2871 1375 Deo
2894 1321 3115 1377 odibilis
3142 1321 3403 1377 Matnonre
3432 1321 3539 1378 lide

291 1430 448 1502 δόξης
471 1447 486 1461 ’
556 1429 977 1501 φιλοτιμοῦνται
1016 1430 1076 1484 δὲ
1108 1430 1205 1484 ἐπὶ
1238 1431 1306 1499 τῇ
1333 1426 1431 1481 τοῦ
1466 1425 1723 1495 Μαμωνᾶ
1754 1422 1874 1475 θεο-

1974 1412 2309 1483 gloriantur:
2362 1411 2680 1468 felicitatem
2731 1413 3002 1483 iactantes
3059 1428 3183 1469 esse
3235 1414 3537 1484 nequitiam

294 1525 481 1591 στυγεῖ
518 1523 702 1576 πίστει
723 1538 736 1551 ’
778 1522 1085 1594 εὐημερίαν
1111 1520 1211 1592 τὴν
1244 1520 1458 1573 ἐκείνου
1480 1514 1867 1586 ἀνοσιουργίαν

1974 1504 2087 1573 ejus
2110 1542 2125 1568 ,
2155 1512 2342 1573 utpote
2370 1518 2436 1558 ex
2472 1503 2575 1559 hac
2611 1505 2747 1559 bene
2780 1504 2970 1558 nutriti
3000 1542 3017 1568 ,
3052 1513 3109 1559 et
3142 1504 3541 1559 abundantiore

298 1612 668 1683 ἑπαυχοῦντες
689 1630 707 1648 ο
739 1612 931 1684 ῶσπερ
963 1614 1020 1666 ὲν
1057 1611 1230 1682 ταύτῃ
1263 1608 1738 1679 ὲνευθηνούμενοι,
1775 1606 1872 1659 καὶ

1974 1596 2122 1664 copia
2154 1606 2266 1650 tum
2300 1596 2539 1651 triticum
2569 1607 2678 1650 tum
2709 1596 3019 1653 necessaria
3046 1596 3150 1651 alia
3178 1596 3541 1669 redimentes;

292 1704 512 1775 ἀριθμῷ
547 1704 753 1759 πλείονι
807 1703 902 1757 τόν
932 1720 993 1757 τε
1024 1705 1173 1771 σῖτον
1209 1702 1307 1755 καὶ
1342 1700 1512 1754 τᾶλλα
1539 1699 1711 1753 ὁπόσα
1756 1697 1867 1750 τῶν

1974 1702 2146 1757 neque
2190 1687 2244 1742 id
2273 1697 2555 1758 acceptum
2603 1689 2868 1743 bonorum
2900 1690 3145 1744 omnium
3189 1692 3399 1745 auctori
3432 1689 3540 1745 Deo

294 1774 620 1867 ἐπιτηδείων
646 1794 1013 1867 ἐξωνούμενοι
1043 1810 1059 1826 ο
1092 1793 1194 1848 οὐκ
1228 1793 1322 1846 ἐπὶ
1362 1791 1440 1862 τῷ
1478 1790 1601 1862 Θεῷ
1622 1789 1701 1861 τῷ
1727 1791 1863 1890 πάν-

1974 1778 2292 1842 referentes,
2326 1793 2503 1847 neque
2536 1780 2656 1833 vita:
2689 1774 3184 1849 nostrae‘provisori
3215 1791 3269 1835 et
3297 1783 3539 1837 curatori

1975 1868 2196 1890 .__._n2_.._
2233 1868 2518 1890 _-.I.l.._---
2592 1870 2809 1890 n-n-2_.
2848 1887 2938 1890 ,__-
2979 1882 3022 1890 ι-
3069 1888 3099 1890 .e
3132 1887 3185 1890 μ,
3224 1885 3371 1890 __,A,,,
3424 1889 3429 1890 ,
3460 1889 3466 1890 ,

294 1904 399 1941 των
433 1885 658 1955 ἀγαθῶν
711 1883 1054 1957 παρεκτικῷ,
1086 1886 1182 1939 καὶ⁸
1215 1886 1314 1955 τῆς
1354 1883 1477 1938 καθ’
1532 1882 1686 1953 ἡμᾶς
1721 1880 1868 1951 ζωῆς

1974 1868 2199 1938 gratiam
2232 1868 2544 1924 reddentes.
2591 1870 2815 1926 Deﬁciet
2846 1887 2943 1927 nos
2978 1882 3190 1943 tempus
3219 1885 3382 1942 atque
3408 1889 3538 1927 ora-

295 1980 569 2050 προνοητῇ
604 1978 700 2031 καὶ
730 1976 993 2047 κηδεμόνι
1043 1976 1145 2045 τὴν
1173 1976 1336 2047 χάριν
1378 1972 1749 2035 ἀνατιθέντες.
1790 1972 1859 2026 Τί

1974 1961 2050 2015 tio
2086 1959 2134 2015 si
2168 1960 2292 2015 talia
2324 1975 2739 2032 persequemur.
2767 1962 2900 2017 Nam
2937 1979 3059 2034 quae
3096 1964 3294 2035 lingua:
3322 1976 3545 2033 possent

292 2072 398 2139 χρὴ
420 2069 495 2122 τὰ
516 2068 688 2123 πολλὰ
712 2068 923 2136 λέγεινς
943 2066 1218 2137 ἐπιλείψει
1235 2066 1343 2136 γὰρ
1363 2066 1616 2137 ἡμᾶςκαὶ
1631 2065 1660 2116 ό
1677 2064 1871 2135 χρόνος

1974 2050 2167 2106 horum
2203 2052 2617 2121 perversitatem
2662 2051 3035 2123 malitiamque
3058 2056 3363 2110 enarrare?
3395 2055 3543 2110 Satis

294 2160 386 2215 καὶ
410 2162 442 2214 ό
471 2159 633 2229 λόγος
651 2158 828 2215 ταῦτα
847 2159 1147 2226 διεξιόντας
1170 2174 1185 2190 ο
1219 2158 1385 2212 πόσαι
1412 2158 1521 2229 γὰρ
1543 2159 1611 2210 ἂν
1627 2156 1871 2226 γλῶσσαι

289 2250 389 2320 τὴν
433 2251 646 2306 τούτων
688 2250 997 2321 ὲξήρκεσαν
1029 2249 1272 2314 ἐξειπεῖν
1298 2248 1634 2318 δυστροπίαν
1683 2264 1744 2300 τε
1776 2247 1872 2301 καὶ

293 2342 634 2412 κακοήθειαν
660 2358 674 2408 ;
704 2341 823 2405 ἐξὸν
850 2340 908 2395 ἓν
924 2340 1047 2395 ἀντὶ
1070 2339 1291 2394 πάντων
1316 2339 1493 2392 είπεῖν
1525 2339 1621 2392 καὶ
1665 2338 1729 2392 τὺ
1764 2339 1872 2392 πᾶν

290 2434 667 2504 παραστῆσαι,
715 2433 797 2485 ὅτι
853 2449 874 2482 ι
944 2430 1154 2484 Κακῶν
1201 2431 1541 2483 διδασκάλων
1603 2430 1751 2484 κακὰ
1802 2430 1873 2485 τὰ

296 2525 624 2595 μαθήματα,
655 2523 855 2594 μᾶλλον
892 2522 950 2576 δὲ
979 2522 1234 2593 πονηρῶν
1274 2524 1629 2593 σπερμάτων
1652 2522 1870 2594 πονηρά

290 2616 363 2667 τὰ
409 2613 701 2683 γεώργιον
754 2632 773 2665 ι
830 2613 870 2667 δ.
924 2613 1034 2686 γὰρ
1072 2614 1272 2676 αὐτοῦς
1318 2613 1348 2664 ὁ
1384 2613 1477 2666 τοῦ
1535 2613 1872 2682 Εὑαγγελίου

293 2704 602 2770 ἀντίθετος,
625 2704 838 2774 καὶτῆς
867 2703 1149 2767 εὐσεϐείας
1168 2702 1366 2773 ἐχθρὸς
1400 2703 1494 2757 καὶ
1532 2703 1870 2773 ἀποστάτης,

290 2794 322 2847 6
346 2796 594 2864 σπορεὺς
633 2795 742 2849 τῶν
773 2795 1031 2859 ζιζανίων
1074 2793 1340 2866 ἐμύησεν.
1372 2795 1431 2848 ὲν
1469 2796 1583 2856 τοῖς
1622 2794 1874 2865 ἀπορρή-

291 2903 410 2950 τοις
431 2887 647 2940 ἐκείνου
669 2887 764 2940 καὶ⁸
783 2886 1019 2948 ἀνοσίοις
1036 2884 1456 2954 τελισκομένους
1477 2884 1870 2953 τελεστηρίοις,

292 2976 477 3029 ταῦτα
530 2978 626 3029 καὶ
689 2976 978 3047 φρονοῦσιν
1006 2992 1021 3007 ’
1082 2976 1176 3029 ἐπὶ
1254 2974 1464 3037 τούτοις
1515 2976 1565 3028 oi
1623 2974 1873 3043 δύστηνοι

296 3068 622 3139 στέργουσιν
708 3066 1103 3139 ὲναυξηθέντες
1177 3066 1274 3121 καὶ
1344 3065 1871 3137 τελεσφορηθέντες·

1972 2152 2056 2196 est
2084 2158 2248 2196 unum
2281 2143 2454 2197 instar
2483 2143 2726 2198 omnium
2766 2143 2833 2198 ad
2865 2145 3171 2199 universam
3214 2159 3325 2200 rem
3359 2146 3541 2201 det-la-

1972 2232 2199 2286 randam
2228 2233 2413 2288 dicere
2446 2254 2458 2288 :
2487 2250 2507 2285 ι
2546 2232 2805 2287 Malorum
2833 2235 3115 2288 doctorum
3152 2235 3309 2290 malae
3334 2236 3545 2291 doctri-

1973 2335 2093 2386 nae;
2121 2319 2201 2374 vel
2233 2319 2500 2375 malorum
2531 2321 2799 2376 seminum
2832 2321 2972 2375 mala
2995 2337 3173 2393 seges.
3214 2342 3233 2375 ι
3269 2322 3402 2378 Nam
3426 2342 3546 2395 qua:

1974 2412 2099 2467 illos
2133 2412 2411 2483 Evangelii
2440 2413 2834 2489 adversarius,
2872 2428 3017 2468 verte
3064 2415 3342 2484 religionis
3374 2416 3546 2472 hostis

1971 2512 2028 2558 et
2058 2513 2304 2573 apostata
2328 2543 2343 2570 ,
2375 2504 2711 2558 zizaniorqu
2739 2513 2909 2572 sator,
2944 2506 2994 2558 in
3030 2507 3244 2562 arcanis
3283 2511 3395 2562 suis
3424 2522 3545 2563 scc-

1974 2595 2237 2664 lestisque
2255 2596 2653 2651 initiationibus
2667 2598 2867 2662 docuit,
2882 2599 2997 2652 haec
3023 2609 3203 2654 mente
3222 2600 3478 2670 retinent,
3494 2603 3547 2657 in

1975 2688 2061 2741 his
2112 2686 2364 2741 Iactantur
2420 2689 2601 2742 miseri
2654 2703 2713 2743 se
2761 2699 3158 2746 consectaneos
3217 2693 3543 2750 adolevisse.

1973 2779 2201 2833 Acerba:
2242 2780 2590 2847 exitiosaequc
2638 2780 2807 2849 spinze
2850 2792 3043 2836 comra
3101 2782 3401 2838 Ecclesium
3454 2786 3545 2839 Dei

1973 2880 2405 2935 succreverunt,
2441 2886 2636 2940 purum
2671 2872 3057 2942 sincerumque
3110 2874 3326 2943 pietatis
3358 2892 3546 2931 semen

1972 2962 2326 3018 sullbcantes.
2359 2963 2509 3018 Hanc
2530 2966 2678 3018 enim
2712 2964 2781 3018 ob
2816 2980 3037 3019 causam
3063 2981 3160 3022 eos
3182 2968 3428 3022 diabolus
3456 2986 3549 3023 cx-

1974 3056 2164 3110 citavit
2191 3057 2471 3124 subulcos,
2504 3056 2803 3125 opiliones,
2829 3057 3128 3123 bubulcos,
3162 3059 3328 3127 hanc,
3367 3062 3548 3116 stabu-

234 3220 237 3225 Γ
294 3159 501 3231 πικραὶ
543 3160 638 3212 καὶ
679 3158 965 3229 λοιμώδεις
1015 3158 1252 3213 ἄκανθαι
1283 3161 1350 3229 τῇ
1414 3157 1713 3228 Ἐκκλησία
1768 3154 1865 3209 τοῦ

1975 3147 2188 3215 lorum,
2213 3148 2501 3217 eaprilium
2527 3190 2543 3216 ,
2578 3158 2633 3203 et
2667 3148 2961 3218 cujuslibet
2990 3151 3148 3219 hujus
3188 3152 3345 3224 133
3378 3171 3546 3223 gene-

293 3250 436 3304 Θεοῦ
486 3250 945 3323 παραπεφύκασι,
984 3250 1078 3305 τὸν
1119 3248 1363 3320 καθαρὸν
1393 3248 1492 3301 καὶ
1537 3247 1722 3305 ἄδολον
1770 3249 1874 3319 τῆς

296 3337 589 3403 εὐσεὸείας
660 3338 1194 3410 καταλυμαινόμενοι
1245 3338 1492 3409 σπόρον
1543 3339 1631 3406 ἐφ’
1678 3332 1726 3405 ᾧ
1764 3338 1875 3409 γὰρ

296 3425 504 3489 αὐτοὺς
559 3427 918 3500 συοφορϐοὺς,
977 3428 1282 3499 μηλοόότας
1317 3445 1378 3481 τε
1429 3430 1525 3482 καὶ
1560 3428 1872 3499 βοονόμους,

296 3520 402 3590 τῆς
457 3518 745 3583 συοὸοσίας
798 3522 891 3573 καὶ
935 3519 1047 3574 τῶν
1086 3518 1419 3590 βοοστασίων
1453 3519 1547 3572 καὶ
1581 3517 1868 3582 αίπολίων,

298 3607 400 3662 καὶ
439 3608 544 3680 τῆς
576 3609 746 3680 ἄλλης
797 3611 1126 3681 συνήγειρεν
1164 3609 1390 3679 ἀλογίας
1436 3608 1531 3662 καὶ
1562 3608 1870 3679 ἀκοσμίας·

295 3699 448 3755 ὥστε
499 3702 700 3764 αὐτοὺς
752 3699 1051 3771 κτηνώδεις
1094 3717 1157 3769 γε
1207 3700 1370 3763 ὄντας
1432 3701 1529 3753 καὶ
1583 3698 1875 3770 ἀγροικίας

300 3789 518 3852 ίκανῶς
572 3790 823 3860 ἔχοντας,
876 3790 971 3844 καὶ
1022 3789 1175 3852 θείας
1219 3790 1425 3860 ἥκιστα
1468 3788 1875 3859 μετεσχηκότας

294 3879 589 3949 γνώσεως,
634 3880 1010 3951 ὑπηρετήσειν
1032 3878 1201 3934 αὐτοῦ
1229 3881 1343 3942 τοῖς
1372 3877 1555 3941 ἀθέοις
1581 3879 1677 3933 καὶ
1702 3894 1872 3949 πονη-

295 3973 420 4041 ροῖς
444 3969 845 4040 ἐπιτηδεύμασι
869 3969 967 4025 καὶ⁵
992 3968 1317 4041 θελήμασιν,
1343 3970 1402 4021 ὲν
1435 3967 1610 4037 τούτῳ
1640 3967 1788 4038 αὑτῷ
1812 3968 1874 4021 τὸ

293 4065 579 4134 χρήσιμον
605 4063 990 4134 ἀπηνέγκαντο
1007 4062 1222 4125 ’ὅπλοις
1237 4060 1348 4131 γὰρ
1381 4060 1564 4124 αὐτοῖς
1580 4060 1677 4115 καὶ
1703 4060 1874 4132 ὀργά-

295 4171 414 4217 νοις
447 4154 745 4225 ὲχρήσατο,
771 4155 833 4209 οὐ
859 4153 1170 4224 βαρϐάρους
1187 4149 1596 4223 τροπιῖισασθαι,
1620 4150 1721 4204 οὐκ
1746 4149 1871 4222 ἔθνη

298 4245 696 4317 χειρώσασθαι,
728 4247 788 4299 οὐ
805 4244 988 4316 χώραν
1005 4244 1102 4316 τὴν
1125 4243 1395 4312 πολεμίαν
1422 4242 1700 4313 ὕπόφορον
1717 4243 1875 4313 ποιή-

301 4335 530 4398 σασθαι,
555 4336 658 4389 οὐκ
674 4335 802 4389 ἄλλο
829 4335 981 4391 οὐδὲν
1009 4337 1150 4389 κατὰ
1174 4335 1283 4388 τῶν
1304 4332 1625 4388 ἀντιπάλων
1653 4348 1871 4402 κατωρ-

300 4427 541 4483 θωκέναι
561 4445 575 4461 ·
598 4428 736 4482 ἀλλὰ
769 4429 880 4482 πᾶν
906 4428 970 4481 τὸ
1003 4428 1243 4490 εὐσεϐὲς,
1267 4427 1392 4481 καθ’
1416 4419 1494 4480 ὧν
1554 4425 1758 4489 αὐτοὺς
1788 4424 1873 4488 ἐξ·

1976 3241 2053 3296 ris
2082 3239 2327 3295 colluviei
2353 3242 2909 3311 atqueimmunditim,
2933 3251 2988 3296 ut
3015 3243 3067 3297 hi
3100 3245 3305 3300 scilicet
3327 3247 3546 3302 belluini

1972 3334 2378 3403 plurimumque
2432 3334 2684 3389 ruditatis
2730 3335 3032 3399 habentes,
3094 3334 3300 3407 Deique
3352 3342 3544 3394 nmitia

1972 3426 2207 3479 maxime
2232 3425 2416 3489 alieni,
2449 3426 2630 3493 pravis
2655 3426 2773 3494 ejus
2802 3436 2856 3483 et
2898 3428 3222 3499 irreligiosis
3260 3431 3455 3486 studiis
3484 3449 3547 3486 ac

1974 3512 2342 3569 voluntatibus
2377 3515 2778 3580 subservirent,
2811 3517 2863 3570 in
2906 3519 3011 3572 hoc
3053 3517 3100 3572 ei
3156 3520 3546 3588 gratificantes.

1972 3602 2150 3658 lnstar
2178 3605 2383 3674 quippe
2406 3619 2681 3661 armorum
2720 3616 2775 3660 et
2811 3606 3299 3664 instrumentorum
3332 3612 3416 3666 his
3448 3614 3545 3667 hu-

1973 3695 2211 3750 minibus
2253 3697 2458 3764 abusus
2506 3705 2623 3762 est,
2665 3713 2773 3753 non
2816 3700 2883 3754 ad
2937 3701 3200 3756 barbaros
3247 3702 3550 3772 rogandos,

1974 3796 2164 3856 gentes
2191 3788 2520 3853 domandos,
2548 3788 2828 3857 regionem
2868 3789 3117 3846 hostilem
3148 3793 3248 3846 sub
3287 3794 3548 3848 tributum

1973 3878 2343 3948 redigendam,
2369 3878 2583 3935 aliudve
2603 3882 2898 3951 quidquam
2924 3883 3186 3940 adversus
3208 3885 3390 3940 hostes
3414 3885 3550 3940 bene
3592 3890 3609 3909 ‘

1973 3969 2269 4037 gerendum
2291 4008 2306 4030 ,
2337 3968 2431 4023 sed
2458 3969 2524 4021 ad
2554 3969 2814 4037 pietatem
2842 3985 3058 4025 omnem
3090 4010 3105 4035 ,
3159 3981 3350 4027 contra
3383 3987 3546 4042 quam

1972 4058 2097 4113 illos
2124 4060 2355 4113 armavit
2384 4101 2399 4124 ,
2442 4060 2858 4130 expugnandam
2905 4078 2923 4115 :
2950 4070 3031 4127 ut,
3061 4071 3314 4134 tanquam
3346 4066 3546 4120 arietes

1972 4150 2209 4205 murales
2240 4150 2553 4217 admovens,
2585 4151 2788 4229 Christi
2823 4152 3117 4209 Ecclesiam
3153 4170 3249 4226 per
3293 4170 3386 4211 eos
3415 4172 3550 4226 qua-

1974 4250 2146 4305 teret,
2183 4248 2237 4294 et
2272 4241 2515 4312 symbola
2555 4255 2620 4297 ac
2649 4253 2997 4298 monumenta
3040 4244 3299 4300 salutaris
3332 4245 3547 4301 Domini

1973 4332 2396 4397 incarnationis,
2431 4334 2595 4403 impie
2628 4344 2677 4389 et
2714 4335 2918 4392 furiose
2947 4337 3237 4393 admodum
3269 4340 3549 4395 subverte-

1978 4434 2077 4480 ret.
2125 4423 2421 4496 Propterea
2466 4427 2785 4498 templornm
2834 4429 3213 4499 spoliationem
3261 4446 3325 4486 ac
3359 4430 3546 4501 profa-

295 4516 508 4572 ὡπλισε
532 4519 991 4591 παραστήσασθαι
1007 4518 1129 4572 ’καὶ
1151 4518 1401 4587 καθάπερ
1424 4517 1669 4588 μηχανὰς
1691 4515 1874 4569 ἑλεπό-

1979 4495 2256 4572 nationem
2303 4495 2587 4572 Mamonas
2619 4533 2782 4573 ausus
2827 4495 2944 4585 est,
2984 4529 3040 4574 et
3080 4520 3387 4575 habitacula
3435 4523 3544 4577 dac-

298 4607 416 4670 λεις
441 4608 781 4677 ἑπαγόμενος
828 4608 928 4677 τὴν
965 4606 1202 4676 Χριστοῦ
1242 4606 1570 4677 Ἐκκλησίαν
1593 4605 1658 4658 δι’
1694 4604 1874 4659 αὐτῶν

296 4698 675 4770 ὲκπορθῆσαι,
709 4699 780 4752 τά
823 4714 883 4752 τε
916 4697 1162 4768 σύμϐολα
1215 4700 1311 4752 καὶ
1355 4698 1724 4768 ὑπομνήματα
1775 4696 1873 4766 τῆς

299 4791 579 4861 σωτηρίου
620 4789 788 4844 αὐτοῦ
818 4789 1155 4860 οἰκονομίας.
1191 4789 1368 4853 ἀθέως
1392 4790 1500 4845 καὶ
1534 4791 1674 4857 ἄγαν
1711 4805 1885 4858 μανι-μ

292 4882 413 4945 κῶς
463 4881 975 4952 καταστρέψασθαι·
1037 4880 1242 4935 τούτων
1306 4881 1514 4944 ἕνεκεν,
1598 4878 1872 4950 ίεροσυλία

295 4973 500 5045 ἐκείνῳ
531 4974 858 5044 τετόλμηται
899 4972 995 5026 καὶ
1030 4973 1137 5026 τῶν
1169 4972 1332 5027 θείων
1355 4972 1501 5027 ναῶν
1524 4971 1827 5043 βεϐήλωσις
1854 4986 1868 5002 ·

295 5065 598 5135 οἱκητήρια
649 5066 758 5137 γὰρ
807 5068 991 5122 αὐτῶν
1029 5068 1098 5123 τὰ
1138 5066 1476 5138 μοναστήρια
1533 5063 1868 5134 πεποίηκενο

1978 4624 2198 4663 monum
2238 4624 2303 4664 ex
2348 4610 2691 4665 monasteriis
2722 4610 2940 4678 ell'ecit;
2971 4612 3184 4668 stabula
3223 4621 3384 4685 atque
3408 4623 3550 4670 ster-

1977 4701 2201 4770 quilinia
2232 4701 2284 4755 in
2326 4702 2568 4757 ecclesiis
2602 4701 2692 4756 Dei
2727 4698 2944 4769 statuit;
2982 4720 3210 4773 quorum
3246 4704 3547 4761 facinorum

1979 4806 2110 4860 pars
2138 4802 2325 4848 nostro
2358 4792 2536 4847 adhuc
2570 4802 2810 4864 tempore
2843 4797 3101 4863 perdurat
3126 4797 3375 4853 visibilis.
3406 4797 3549 4851 Non-

1978 4879 2124 4933 nulla
2161 4880 2398 4950 denique
2432 4896 2588 4936 sacra
2632 4884 2749 4937 loca
2798 4884 2962 4939 etiam
2998 4900 3131 4941 auro
3182 4898 3370 4941 contra
3417 4901 3547 4941 ren-

1979 4970 2146 5036 didit;
2184 4970 2345 5040 idque
2368 4986 2696 5041 magnopere
2727 4974 2963 5030 clamant
2991 4976 3132 5031 Flori
3166 4984 3221 5033 et
3249 4976 3546 5031 Callistrati

1978 5063 2245 5133 appellata
2274 5064 2606 5119 monasteria
2642 5066 2779 5136 (7i).

299 5156 639 5213 ἱπποστάσια
679 5158 737 5213 δὲ
777 5160 872 5213 καὶ
939 5157 1229 5229 κοπρῶνας
1274 5157 1373 5220 τὰς
1406 5155 1702 5227 ἐκκλησίας
1765 5154 1861 5208 τοῦ
1901 5153 2036 5207 Θεοῦ
2094 5155 2473 5225 κατεστήσατο
2502 5171 2516 5185 ·
2570 5150 2644 5213 ὧν
2707 5158 2776 5211 τὰ
2848 5161 3263 5231 περιττώματα,
3317 5158 3412 5211 καὶ
3460 5157 3544 5224 ἐφ’

295 5251 461 5323 ἡμῶν
494 5252 674 5306 αὐτῶν
695 5253 985 5324 διήρκεσεν
1007 5253 1461 5324 ὲπιχρονίσανταο
1481 5250 1597 5304 ἔστι
1625 5250 1684 5305 δὲ
1712 5249 1748 5305 e
1769 5252 1862 5305 καὶ
1898 5250 2123 5322 χρυσίου
2188 5249 2419 5304 ἀπέδοτο
2451 5240 2692 5321 σεμνεῖα,
2728 5254 2820 5307 καὶ
2879 5252 3043 5323 βοῶσι
3072 5253 3220 5323 μέγα
3242 5251 3308 5303 τὰ
3340 5246 3547 5302 ἐπώνυ-

300 5359 381 5415 μα
403 5342 627 5415 Φλώρου
667 5344 763 5400 καὶ
786 5344 1198 5417 Καλλιστράτου
1235 5344 1599 5415 μοναστήρια.

371 5499 425 5532 ’⁸
455 5498 654 5557 Jerem.
687 5517 830 5568 κων,
866 5500 1051 5556 1649.

375 5678 490 5747 (74)
536 5677 737 5736 Horum
788 5678 1239 5735 monuteriorom
1281 5674 1487 5741 notitia
1540 5675 1712 5729 estin
1758 5671 2211 5744 Constantinopoli
2279 5673 2621 5740 Christiana,
2671 5673 2766 5728 lib.
2819 5689 2891 5737 tv,
2963 5673 3048 5727 ed.
3093 5671 3265 5727 Paris.
3304 5686 3357 5742 ρ.
3406 5671 3527 5745 153,

299 5758 351 5803 et
390 5748 510 5804 l56.
