4072 6324
528 387 637 449 435

1556 383 1618 443 S.
1657 380 2074 443 NICEPHORI
2111 381 2615 442 PATRIARCILE
2653 381 2761 442 CP.

3681 373 3786 439 496

602 509 690 563 ϐὄ.
753 506 906 574 Quod
967 519 1096 560 vero
1152 514 1476 572 magnopere
1532 499 1796 554 Matnonas
1861 508 2104 566 tempora

2281 497 2372 562 ξεῆ
2407 500 2528 552 Ὀτι
2551 499 2607 552 δὲ
2643 499 2821 568 μάτην
2843 497 2935 552 ἐπὶ
2958 500 3069 562 τοῖς
3095 498 3308 568 χρόνοις
3338 497 3548 552 ἐκείνου
3581 497 3786 568 ἐγκαλ-

528 605 778 671 jactattt,
814 603 914 654 hoc
948 600 1112 652 etiam
1162 595 1375 649 illorum
1407 591 1638 647 stultitia
1685 600 1741 646 et
1772 591 2108 645 absurditate

534 698 757 766 dignum
788 702 890 748 est.
925 690 1160 744 Plurima
1190 687 1334 741 enim
1369 689 1435 741 ab
1475 684 1754 740 historicis
1784 694 2108 738 oretenusve

543 785 893 842 narrantibus
940 782 1129 835 audire
1181 789 1291 844 est;
1325 786 1450 832 sunt
1479 785 1534 831 et
1574 775 1738 844 aliqui
1783 773 1960 829 adhuc
2017 787 2108 828 su-

536 880 812 947 perstites,
855 875 922 929 ad
973 873 1084 926 haec
1120 868 1464 940 prtedicanda
1518 867 1752 933 servati;
1811 879 1877 919 ex
1912 864 2110 934 quibus

539 971 753 1024 discere
812 978 1101 1037 possumus
1151 961 1330 1030 qualia
1386 969 1441 1014 et
1492 968 1694 1029 quanta
1734 967 1860 1013 tunc
1909 971 1973 1011 ex
2029 957 2107 1010 ira

535 1062 717 1113 divina
767 1055 1095 1126 contigerint
1153 1054 1314 1107 mala.
1368 1051 1444 1106 Ex
1498 1065 1606 1120 quo
1663 1049 1938 1105 Mamonas
1986 1046 2108 1102 lidei

536 1163 736 1206 nostra-
775 1148 1047 1203 molestus
1074 1160 1198 1202 esse
1245 1143 1434 1211 cmpit,
1479 1152 1533 1196 et
1561 1141 1700 1195 bene
1748 1139 2108 1207 compositum

530 1239 900 1297 Ecclesiarum
936 1246 1137 1292 statum
1185 1247 1529 1305 oppugnare,
1567 1241 1819 1299 tanquam
1853 1228 2111 1282 divinitus

535 1332 750 1386 inﬂicta:
787 1330 955 1399 plaga:
997 1337 1051 1380 et
1085 1325 1506 1395 castigationes,
1561 1322 1736 1375 morbi
1795 1317 2107 1389 gravissimi

532 1438 584 1479 et
624 1421 880 1494 flagella;
934 1434 1166 1488 quorum
1218 1413 1594 1476 multitudine,
1630 1421 1685 1466 et
1739 1409 2108 1464 calamitatum

538 1514 910 1585 magnitudine
959 1508 1234 1580 perterriti
1305 1503 1549 1560 nonnulli
1603 1511 1729 1557 tunc
1783 1511 2108 1571 praasentes,

537 1615 865 1676 opportune,
885 1611 951 1655 ut
973 1615 1071 1669 par
1097 1608 1235 1662 erat,
1250 1597 1490 1652 historiae
1509 1594 1723 1648 tradere
1743 1593 1961 1662 dignum
1988 1607 2112 1646 cen-

537 1703 762 1750 suerunt
812 1704 1010 1759 genera
1043 1700 1260 1757 quoque
1291 1685 1552 1738 malorum
1584 1699 1703 1752 qua:
1745 1682 1952 1751 experti
1985 1689 2112 1735 sunt

541 1783 850 1854 hujusniodi
901 1781 1036 1853 (75).
1085 1777 1408 1833 Pestilentes
1449 1785 1650 1831 mortes
1688 1789 1808 1844 quzn
1863 1774 2108 1828 homines

536 1877 938 1943 corripuerunt,
975 1884 1131 1924 nemo
1161 1876 1338 1938 potest
1359 1879 1702 1928 enumerare,
1735 1876 2110 1936 quantumque

541 1981 825 2020 numerum
862 1961 1103 2030 depasta:
1151 1961 1298 2024 sint;
1343 1960 1540 2027 quibus
1587 1973 1648 2013 se
1693 1955 2021 2012 subtrahens
2066 1956 2113 2011 is

537 2059 628 2125 qui
661 2069 825 2111 causa
866 2053 1077 2108 illarum
1105 2058 1243 2117 erat,
1290 2049 1483 2120 procul
1517 2049 1662 2120 regia
1695 2048 1856 2115 urbe,
1886 2063 2111 2103 casuum

538 2147 996 2201 internecivorum
1033 2155 1203 2208 metu,
1231 2143 1553 2215 plerumque
1576 2143 1825 2211 degebat.
1871 2141 2113 2211 Namque

538 2241 679 2309 apud
725 2237 1097 2294 Nicomediam
1139 2236 1368 2305 ejusque
1403 2235 1662 2290 suburhia
1712 2225 2109 2300 tliversabatur,

539 2332 648 2386 into
676 2333 840 2385 etiam
873 2330 1034 2399 longe
1066 2328 1314 2383 ulterius.
1352 2327 1426 2380 De
1450 2325 1796 2379 multitudine
1817 2333 1996 2379 autem
2024 2324 2111 2378 in-

541 2422 690 2475 finita
725 2421 1128 2484 defunctorum,
1159 2433 1256 2489 per
1282 2417 1500 2472 litteras
1536 2417 1570 2471 ii
1613 2417 1808 2485 quibus
1841 2416 1990 2470 urbis
2017 2429 2113 2470 ne-

540 2513 684 2582 gotia
718 2510 1008 2564 commissa
1047 2509 1286 2574 fuerant,
1321 2507 1472 2560 illum
1504 2507 1842 2571 edocebant,
1876 2505 2114 2560 millibus

537 2604 790 2674 plurimis
821 2601 1067 2671 quotidie
1093 2601 1426 2666 numeratis,
1467 2599 1541 2652 ita
1599 2608 1657 2653 ut
1708 2599 1957 2668 sepulcra
1993 2613 2116 2653 cor-

540 2694 762 2764 poribus
809 2694 1000 2746 tierent
1040 2699 1298 2761 angusta,
1345 2701 1398 2744 et
1453 2703 1717 2759 aquarum
1769 2702 1986 2757 quoque
2031 2703 2115 2743 re-

542 2782 819 2854 ceptacula
860 2781 945 2836 his
988 2779 1362 2851 opplerentur,
1396 2787 1451 2833 et
1478 2778 1726 2846 quisquis
1760 2777 1901 2832 alius
1949 2778 2114 2832 cada-

541 2877 760 2930 wribus
819 2870 1148 2940 recipiendis
1191 2869 1341 2924 locus
1397 2878 1518 2923 erat
1569 2867 1828 2934 idoneus;
1882 2882 2113 2937 quorum

543 2981 668 3034 pars
697 2979 765 3018 ne
814 2961 1066 3031 sepulcro
1119 2959 1340 3029 quidem
1387 2956 1763 3022 tradebantur,
1813 2959 1907 3012 sed
1958 2964 2118 3025 prout

543 3074 600 3111 se
653 3070 738 3110 res
783 3055 944 3108 dabat
994 3050 1413 3118 abjiciebautur,
1461 3046 1732 3117 justisque
1795 3044 2116 3098 funebribus

2211 590 2541 655 λωπίζονται
2565 631 2580 654 ,
2617 591 2712 644 καὶ⁵
2756 589 2913 644 τοῦτο
2939 591 3034 660 τῆς
3071 590 3298 645 ἐκείνων
3333 590 3651 663 ἀϐελτερίας
3691 592 3788 647 καὶ

2209 682 2432 750 ἀλογίας
2477 681 2627 747 ἀξιον
2653 698 2666 712 ⁶
2716 681 2944 735 πλεῖστα
2983 682 3092 752 γάρ
3142 683 3237 736 καὶ
3286 680 3643 752 ἱστορούντων
3691 683 3789 737 καὶ

2210 772 2478 840 λεγόντων
2507 772 2655 825 ἔστιν
2679 772 2899 826 ἀκούειν
2919 787 2932 800 ⁸
2962 773 3069 824 εἰσὶ
3102 771 3212 843 γὰρ
3233 774 3327 826 καὶ
3355 772 3452 826 νῦν
3486 772 3565 827 ἐτι
3588 772 3666 844 τῷ
3687 772 3789 845 βίῳ

2213 864 2684 934 περιλειπόμενοι,
2723 866 2819 919 καὶ
2865 859 2955 919 οἷα
2991 868 3233 935 κήρυκες
3259 864 3463 918 τούτων
3497 865 3790 937 διατηρού-

2215 972 2390 1026 μενοι.
2421 954 2501 1006 Δι’
2530 948 2604 1008 ὧν
2637 955 2827 1022 μαθεῖν
2853 958 2966 1019 τοῖς
2997 955 3338 1025 βουλομένοις
3369 956 3656 1026 πάρεστιν,
3687 959 3791 1010 ὅσα

2210 1046 2304 1100 καὶ
2346 1039 2433 1098 οἶα
2471 1044 2540 1098 τά
2581 1046 2645 1097 ἐκ
2680 1044 2776 1114 τῆς
2819 1045 2970 1108 θείας
3009 1046 3176 1116 ὀργῆς
3217 1046 3452 1100 ἐπέλαϐε
3486 1047 3791 1117 τηνικαῦτα

2209 1135 2359 1188 δεινά
2383 1150 2397 1162 ·
2431 1132 2492 1199 ἐξ
2529 1130 2592 1186 οὗ
2630 1136 2699 1188 τὰ
2726 1138 2823 1205 τῆς
2853 1135 2976 1188 καθ’
3014 1139 3160 1206 ἡμᾶς
3192 1138 3426 1199 πίστεως
3459 1137 3791 1209 καθυϐρίζε-

2213 1225 2337 1278 σθαι
2380 1221 2624 1296 ἦρκται,
2678 1225 2771 1278 καὶ
2801 1224 2910 1277 τῶν
2947 1226 3285 1296 Ἐκκλησιῶν
3323 1227 3714 1297 ἐκπορθεῖσθαι
3757 1229 3791 1298 ἠ

2211 1315 2526 1379 εὐστάθεια,
2565 1310 2676 1369 οἷαι
2711 1315 2962 1386 θεήλατοι
3003 1317 3234 1386 πληγαὶ,
3268 1318 3362 1370 καὶ
3402 1317 3666 1381 παιδεῖαι,
3696 1319 3791 1370 καὶ

2212 1406 2358 1475 πάθη
2395 1405 2672 1477 βαρύτατα
2703 1409 2797 1460 καὶ
2845 1406 3062 1477 μήνιδες
3086 1422 3098 1436 ·
3134 1401 3209 1460 ὧν
3239 1406 3552 1478 τῷ’πλήθει
3587 1409 3680 1462 καὶ⁵
3714 1407 3792 1479 τῷ

2215 1497 2435 1568 μεγέθει
2490 1497 2598 1548 τῶν
2663 1498 2956 1567 συμφορῶν
3008 1499 3628 1569 ύπερεκπληττόμενοι,
3682 1500 3792 1552 τῶν

2212 1589 2330 1640 τότε
2362 1589 2646 1658 παρόντων
2675 1589 2848 1653 τινὲς,
2883 1591 3158 1661 εὐκαίρως
3193 1592 3288 1644 καὶ⁵
3317 1594 3398 1654 είς
3425 1591 3546 1645 δέον
3577 1591 3792 1664 χρώμε-

2211 1693 2330 1743 νοι,
2373 1677 2594 1754 inopi;
2655 1679 2988 1748 παραδοῦναι
3038 1680 3186 1745 ἀξιον
3242 1681 3544 1753 ᾠήθησαν,
3581 1685 3675 1737 καὶ
3724 1685 3794 1738 τὰ

2214 1767 2330 1839 εἴδη
2365 1768 2473 1820 τῶν
2515 1768 2702 1822 κακῶν
2747 1773 2826 1834 είς
2851 1775 3046 1842 πεῖραν
3076 1772 3320 1844 ἀγόμενα
3347 1773 3573 1829 τοιαῦτα
3593 1791 3606 1804 °
3639 1778 3667 1830 ό
3696 1776 3795 1846 μέν

2214 1860 2466 1930 λοιμικὸς
2515 1860 2742 1926 θάνατος
2771 1863 2830 1926 δς
2874 1867 2986 1928 τοῖς
3035 1865 3347 1934 ἀνθρώποις
3387 1868 3792 1939 ἐπεπορεύετο,

2212 1949 2322 2002 οὐδ’
2353 1949 2418 2004 ἀν
2463 1968 2548 2013 τις
2593 1950 3062 2023 ἐξαριθμήσαιτο,
3098 1957 3179 2019 εἰς
3218 1956 3345 2011 ὅσον
3379 1957 3583 2027 πλῆθος
3613 1959 3795 2012 αὐτῶν

2212 2041 2585 2113 ἐπενείματο,
2645 2044 2706 2108 ἐξ
2757 2039 2820 2098 οὗ
2869 2046 2934 2117 δὴ
2990 2049 3086 2101 καὶ
3144 2047 3364 2118 διαδρὰς
3406 2051 3435 2103 ὁ
3479 2050 3578 2120 τῆς
3624 2051 3797 2120 ὀργῆς

2213 2132 2410 2198 αἴτιος,
2437 2132 2541 2203 τῆς
2573 2132 2932 2206 βασιλεούσης
2973 2137 3257 2208 πόρρωθεν
3286 2138 3361 2202 ὡς
3388 2139 3458 2193 τὰ
3483 2140 3652 2193 πολλά
3686 2141 3796 2194 δέει

2211 2222 2321 2275 τῶν
2347 2223 2757 2294 συμδαινόντων
2791 2227 3048 2296 ηὐλίζετο
3074 2244 3087 2258 ο
3118 2229 3246 2300 περί
3270 2246 3330 2283 τε
3356 2231 3465 2300 γάρ
3497 2232 3595 2301 τὴν
3627 2231 3794 2284 Νικο-

2215 2312 2427 2384 μηδέων
2458 2316 2550 2368 καὶ
2582 2315 2649 2368 τὰ
2681 2317 2740 2370 ἐν
2774 2317 2958 2388 ἐκείνῃ
3007 2319 3311 2389 προάστεια
3331 2360 3344 2384 ,
3375 2321 3473 2384 τὰς
3509 2321 3796 2393 διατρισάς

2213 2405 2450 2457 ἐποιεῖτο
2470 2447 2486 2470 ,
2526 2406 2621 2459 καὶ
2654 2405 2860 2462 τούτων
2892 2409 3154 2462 ἐπέκεινα
3177 2409 3360 2480 πολλῷ
3388 2425 3400 2440 ’
3442 2411 3542 2482 τὴν
3566 2412 3623 2465 δὲ
3654 2413 3795 2481 πλη-

2214 2492 2309 2547 θὺν
2330 2493 2428 2565 τὴν
2466 2496 2734 2566 ἀπείρονα
2760 2496 2867 2549 τῶν
2897 2496 3297 2569 ἐξοδευομένων
3326 2500 3624 2571 γράμμασι
3647 2502 3794 2573 χρώ-

2216 2602 2407 2656 μενοι,
2437 2588 2486 2639 οἱ
2518 2589 2588 2641 τά
2612 2590 2756 2643 κατὰ
2790 2589 2887 2661 τὴν
2923 2590 3079 2644 πόλιν
3103 2593 3574 2664 ἐπιτετραμμένοι
3611 2596 3792 2666 πράγ-

2216 2695 2384 2747 ματα,
2413 2680 2574 2734 αὑτὸν
2602 2682 2948 2737 ἀνεδίδασκον
2971 2725 2985 2750 ,
3035 2684 3291 2755 χιλιάδων
3329 2685 3405 2748 ῶς
3433 2686 3706 2740 πλείστων
3735 2688 3796 2740 τὸ

2215 2769 2300 2837 ἐφ’
2329 2768 2514 2841 ἡμέρᾳ
2535 2771 2982 2842 ἀριθμουμένων,
3005 2773 3080 2838 ὡς
3103 2774 3346 2837 καὶτοὺς
3375 2774 3580 2842 τάφους
3605 2790 3790 2826 στενο-

2215 2862 2512 2931 χωρεῖσθαι
2544 2865 2658 2927 τοῖς
2680 2863 2898 2935 σώμασι
2927 2883 2941 2897 ο
2970 2866 3066 2919 καὶ
3094 2866 3163 2918 τὰ
3185 2865 3293 2919 τῶν
3318 2865 3527 2920 ὑδάτων
3544 2867 3798 2936 ἐκδοχεῖα

2217 2951 2544 3025 ὑπερπλήρη
2577 2955 2842 3024 γίνεσθαι,
2873 2957 2966 3011 καὶ
2993 2958 3046 3010 εῐ
3065 2975 3120 3010 τι
3151 2957 3284 3012 ἀλλο
3307 2958 3508 3028 χωρίον
3548 2959 3685 3029 πρὸς
3711 2975 3798 3011 νε-

2216 3045 2353 3116 κροῦ
2403 3045 2654 3116 σώματος
2697 3048 2969 3119 ὑποδοχὴν
3011 3049 3458 3120 παρετύγχανεν·
3497 3043 3572 3103 ῶν
3620 3051 3796 3113 ἐνίους

545 3147 999 3204 destituebantur.
1042 3139 1158 3195 Non
1204 3140 1350 3194 enim
1383 3139 1568 3193 videre
1599 3145 1720 3192 erat
1767 3151 1933 3189 unum
1968 3151 2114 3189 mor-

2223 3138 2361 3209 μηδέ
2419 3139 2577 3210 τάφῳ
2619 3141 3045 3212 παραδίδοσθαι,
3085 3143 3199 3196 ἀλλ’
3230 3144 3304 3207 ὡς
3349 3142 3416 3196 ἂν
3441 3143 3593 3212 τύχοι
3627 3143 3798 3213 ἀπορο

547 3253 697 3294 tnutn
742 3239 792 3291 in
827 3233 1108 3302 sandapila
1143 3232 1451 3294 deductum,
1505 3228 1600 3284 sed
1660 3237 1769 3281 tres
1814 3227 1897 3281 vel
1949 3227 2114 3281 etiam

2221 3231 2576 3301 ῥιπτεῖσθαι,
2624 3235 2717 3286 καὶ
2754 3234 2853 3306 τὴν
2900 3237 2988 3288 ἐπ’
3017 3236 3218 3300 αὐτοὺς
3255 3237 3409 3289 ὁτίαν
3454 3235 3795 3288 ἐπιλείπεινο

545 3334 805 3402 quinque,
834 3338 887 3382 et
908 3333 1172 3395 quotquot
1198 3338 1228 3376 a
1253 3321 1453 3392 bajulis
1475 3320 1604 3376 ferri
1634 3328 1880 3390 poterant
1909 3332 1924 3372 :
1958 3319 2118 3386 quod-

2221 3322 2279 3375 ού
2309 3323 2418 3394 γάρ
2442 3319 2510 3394 ἦν
2544 3325 2740 3396 νεκρὸν
2765 3325 2860 3379 ἕνα
2894 3327 3022 3381 ἰδεῖν
3053 3329 3146 3382 ἐπὶ
3177 3329 3474 3399 σκίμποδος
3506 3330 3796 3398 ἀγόμενον,
3870 3377 3874 3382 .

547 3439 651 3493 que
681 3424 915 3476 maxime
943 3418 1277 3486 insperatum
1323 3422 1441 3469 erat
1472 3423 1525 3467 et
1570 3421 1776 3466 terrore
1807 3410 2042 3480 plenum,
2081 3407 2118 3462 ii

2221 3416 2368 3483 τρεῖς
2393 3413 2449 3466 δέ
2476 3413 2507 3484 ἢ
2546 3414 2707 3468 πέντε
2739 3417 2924 3486 τυχὸν,
2957 3419 3051 3471 καὶ
3073 3420 3234 3482 ὅσους
3268 3420 3334 3474 ἀν
3358 3422 3407 3472 oi
3431 3419 3792 3489 ἀχθοφοροῦν-

549 3517 639 3586 qui
672 3520 1008 3566 mortuorum
1057 3505 1387 3576 sepulturam
1408 3503 1708 3565 curabant,
1741 3499 2118 3570 praecedebant

2221 3519 2313 3566 τες
2355 3504 2671 3574 ἐκκομίζειν
2711 3506 2975 3576 ἠδύναντο
2999 3525 3014 3542 ·
3049 3509 3078 3562 ὃ
3121 3509 3177 3563 δέ
3226 3511 3668 3580 παραδοξότατον
3705 3511 3799 3563 καὶ

553 3607 671 3660 illos
723 3603 791 3657 ad
844 3600 1144 3661 tumulum,
1187 3605 1410 3667 repente
1459 3596 1568 3650 vita
1609 3594 1806 3661 erepti,
1855 3601 1909 3646 et
1961 3590 2120 3662 quasi

553 3699 780 3752 invicem
810 3693 1090 3750 moriendo
1123 3689 1532 3762 przeveuientes.
1559 3687 1714 3742 Adde
1741 3687 1825 3741 his
1859 3695 2118 3749 terrores,

550 3799 607 3844 et
641 3785 908 3842 horrenda
939 3781 1252 3854 prodigiosa
1289 3780 1696 3850 phantasmata,
1739 3775 1993 3830 humanis
2027 3789 2122 3827 au-

553 3875 1168 3942 ditibusmentibusque
1213 3885 1352 3925 nova
1385 3881 1439 3925 et
1471 3867 1764 3938 incognita,
1812 3881 1932 3935 qua:
1959 3874 2120 3920 noctu

553 3973 756 4036 diuque
787 3966 1106 4020 visebantur
1126 3972 1291 4030 atque
1316 3959 1677 4014 audiebantur
1705 3956 1880 4026 palam
1905 3955 2120 4021 multis;

551 4072 604 4115 ct
640 4057 954 4130 phantasias
985 4064 1146 4124 atque
1179 4065 1408 4106 sonores
1441 4063 1606 4119 supra
1642 4047 1821 4116 capita
1855 4060 2125 4115 apparen-

555 4163 635 4206 tes
674 4159 725 4203 et
779 4147 1007 4202 exitium
1063 4142 1511 4204 iuterminantes;
1570 4138 1789 4191 nomina
1836 4141 1998 4189 etlam
2028 4135 2128 4190 ali-

521 4289 526 4292 .
553 4241 766 4309 quando
805 4247 858 4292 et
886 4250 1146 4290 numerus
1174 4247 1298 4286 mox
1331 4231 1719 4285 moriturorum
1745 4227 2124 4280 audiebantur.

555 4335 619 4387 Et
651 4337 762 4386 haec
791 4330 1008 4398 quidem
1034 4340 1194 4394 supra
1222 4334 1444 4377 terram.
1472 4319 1579 4374 Sed
1611 4319 1786 4373 adhuc
1814 4318 1898 4371 his
1919 4317 2126 4387 pejora,

554 4440 673 4494 qtae
706 4430 866 4475 antea
921 4419 1021 4472 sub
1075 4427 1276 4468 terram
1321 4427 1482 4482 quam
1519 4410 1664 4464 circa
1703 4419 1899 4462 terram
1951 4410 2125 4464 fuere.

2223 3592 2406 3663 πάσης
2427 3595 2596 3665 γέμον
2622 3597 2959 3668 ἐκπλήξεως,
2984 3598 3094 3651 ἐσθ’
3115 3599 3204 3652 ὅτε
3227 3602 3277 3652 οἱ
3302 3600 3396 3654 ἐπὶ
3423 3605 3490 3671 τῇ
3517 3603 3663 3670 ταφῇ
3690 3601 3799 3652 τῶν

2222 3683 2674 3756 προτεθνηκότων
2734 3688 3134 3752 σπουδάζοντες
3186 3691 3330 3743 κατά
3380 3691 3507 3752 τοὺς
3557 3692 3800 3758 τάφους,

2224 3775 2469 3840 ἐκείνους
2495 3777 2841 3850 προέφθανον
2864 3796 2878 3811 ο
2906 3781 3081 3845 οὓτως
3110 3781 3306 3854 ἀθρόον
3333 3781 3798 3853 ἀναρπαζόμενοι,

2224 3867 2321 3920 καὶ
2343 3866 2531 3938 ῶσπερ
2561 3869 2808 3940 ἀλλήλοις
2837 3871 2914 3941 τῷ
2943 3871 3159 3943 θανάτῳ
3184 3873 3760 3945 προσεπεμὸαίνοντες
3784 3889 3798 3904 °
3849 3892 3856 3898 κ

2225 3959 2322 4012 καὶ
2348 3958 2420 4011 τὰ
2455 3960 2512 4012 ἐν
2540 3959 2752 4024 τούτοις
2779 3961 3011 4032 δείματα
3029 4006 3044 4029 ,
3072 3963 3149 4028 ὡς
3177 3965 3394 4031 ἐξαίσιά
3422 3983 3482 4019 τε
3517 3969 3612 4020 καὶ
3639 3984 3804 4038 τερα-

2228 4047 2369 4119 τώδη
2410 4052 2814 4122 φαντάσματα,
2871 4056 2968 4107 καὶ
3025 4056 3399 4127 ἀνθρωπείαις
3460 4059 3653 4122 ἀκοαῖς
3710 4059 3808 4112 καὶ

2225 4140 2489 4206 διανοίαις
2533 4142 2661 4210 ξένα
2705 4144 2803 4198 καὶ
2843 4146 3211 4216 ἀδιάγνωστα,
3247 4149 3282 4204 ἃ
3316 4150 3413 4204 καὶ
3461 4147 3682 4221 νύκτωρ
3713 4151 3809 4204 καὶ

2231 4229 2350 4302 μεθ’
2397 4230 2611 4303 ἡμέραν
2651 4233 2863 4304 ἑωρᾶτό
2895 4251 2954 4288 τε
2994 4236 3087 4288 καὶ
3133 4236 3367 4305 ὴκούετο
3405 4237 3486 4299 είς
3527 4232 3806 4307 προῦπτον

2227 4324 2341 4385 τοῖς
2373 4321 2618 4397 πολλοῖς·
2665 4325 2981 4394 φαντασιῶν
3025 4343 3086 4380 τε
3125 4328 3220 4381 καὶ
3263 4327 3630 4398 ἀκουσμάτων
3664 4327 3808 4400 ὑπὲρ

2230 4412 2475 4484 κεφαλῆς
2523 4415 2963 4486 ἐπιφαινομένων
3013 4418 3110 4472 καὶ
3157 4419 3528 4473 ἀπειλούντων
3561 4419 3656 4472 τὸν
3690 4418 3810 4471 ὄλε-

556 4515 671 4568 Non
706 4513 849 4565 enim
882 4509 995 4576 jam
1047 4506 1253 4558 diutius
1301 4510 1651 4572 peccatorum
1699 4500 2118 4569 magnitudinem

2231 4503 2392 4576 θρον,
2435 4507 2530 4558 καὶ
2560 4510 2929 4579 προσηγορίαι
2968 4509 3032 4579 δή
3069 4527 3254 4573 τινες,
3292 4511 3386 4564 καὶ⁵
3425 4511 3660 4583 ἀριθμὸς
3700 4511 3811 4562 τῶν

559 4607 717 4659 tellus
753 4603 979 4656 ferebat.
1011 4595 1283 4662 Quantum
1312 4593 1413 4648 fuit
1443 4603 1601 4648 terra
1644 4602 1907 4653 motuum,
1944 4593 2128 4646 tremi-

556 4705 704 4748 tnutn
736 4687 899 4759 134
922 4699 976 4742 et
1016 4685 1432 4739 concussionum
1467 4683 1764 4752 negotium,
1798 4682 2124 4737 horrendum

560 4801 786 4856 prorsus
821 4791 874 4835 et
914 4791 1151 4834 mentem
1175 4778 1599 4844 orationemque
1649 4776 1938 4829 humanam
1971 4792 2130 4831 exce-

558 4875 727 4931 dens!
769 4871 1103 4927 Videbantur
1133 4869 1278 4923 enim
1317 4867 1523 4922 telluris
1565 4868 1713 4936 quati
1747 4867 2128 4931 fundamenta,

558 4982 732 5036 eaque
777 4962 1092 5018 cardinibus
1127 4975 1392 5014 c0ncussa
1439 4961 1607 5012 everti
1655 4967 1710 5013 et
1742 4958 1992 5023 distrahi,
2032 4973 2131 5012 nec

479 5107 482 5110 .
553 5059 664 5126 jam
702 5056 885 5110 sedem
925 5068 1076 5106 suam
1125 5063 1432 5119 nexumque
1462 5057 1670 5103 tenere.
1715 5047 1828 5114 Qua
1877 5063 2042 5117 super
2075 5063 2131 5101 rc

564 5151 742 5206 verbis
785 5148 1114 5218 parcendum
1167 5158 1401 5208 censeo;
1437 5157 1669 5211 namque
1699 5142 1938 5211 ipsorum
1987 5156 2134 5195 suin-

560 5254 874 5314 ptuosorum
901 5236 1279 5300 aedificiorum,
1295 5245 1349 5290 et
1370 5235 1616 5288 villarum
1636 5235 2134 5299 oruatissimartmt,

563 5336 691 5387 tuba
737 5330 936 5395 veluti,
989 5328 1226 5380 clamant
1281 5327 1484 5389 ruinaz,
1522 5339 1643 5393 quae
1699 5323 1996 5378 incolarum
2037 5340 2136 5394 op-

563 5438 873 5494 pressorum
927 5419 1083 5474 facta!
1129 5426 1256 5474 sunt
1305 5416 1643 5484 sepulturae:
1679 5417 1960 5470 haecenim
2007 5417 2135 5470 sub-

561 5533 718 5571 versa
771 5526 930 5570 terrm
971 5521 1116 5566 motu
1171 5509 1400 5564 aedilicia
1436 5506 1569 5561 fecit
1594 5508 1674 5562 eis
1716 5507 1963 5577 sepulcra
2003 5507 2134 5563 ultio

631 5692 744 5760 (75)
777 5689 990 5760 Reapse
1018 5684 1381 5760 calamitates,
1418 5682 1849 5760 nominatimque
1879 5684 2137 5760 pestilenf

560 5755 666 5817 tias
711 5755 812 5815 sub
859 5755 1202 5826 Copronymo
1255 5755 1540 5811 saevientes
1567 5793 1588 5819 ,
1634 5757 1833 5824 passim
1887 5756 2132 5812 historici

2232 4599 2356 4652 ὅσον
2405 4599 2559 4654 οὔπω
2615 4601 3026 4672 τεθνηξομένων
3079 4605 3406 4674 ἐξηκούετοο
3462 4606 3558 4658 καὶ
3599 4604 3669 4658 τά
3713 4605 3812 4675 μὲν

2233 4690 2376 4760 ὺπέρ
2415 4689 2521 4759 γῆν
2553 4691 2777 4744 τοιαῦτα
2823 4694 2919 4747 καὶ⁸
2963 4693 3171 4747 τούτων
3210 4694 3290 4748 ἔτι
3338 4694 3593 4766 χείρονα,
3637 4695 3706 4748 τά
3753 4693 3811 4746 δὲ

2235 4782 2366 4852 πρὶν
2401 4782 2505 4835 ὑπὸ
2535 4783 2639 4852 γῆν
2665 4783 2710 4853 ’ἦ
2755 4785 2883 4854 περὶ
2912 4787 3016 4855 γῆν
3040 4800 3053 4814 ·
3093 4787 3154 4839 ού
3207 4787 3317 4857 γάρ
3352 4787 3434 4840 ἐτι
3462 4787 3572 4841 τῶν
3610 4786 3814 4855 ἀσεϐη-

2239 4875 2423 4943 μάτων
2443 4874 2504 4927 τὸ
2536 4874 2763 4944 μέγεθος
2796 4875 2990 4948 ἔφερεν
3013 4880 3173 4930 όποῖα
3198 4878 3306 4930 τῶν
3331 4863 3431 4948 μὲν
3453 4877 3694 4949 σεισμῶν
3721 4878 3813 4930 καὶ

2237 4964 2502 5035 βρασμῶν
2534 4967 2631 5018 καὶ
2666 4967 3060 5038 ἀνατιναγμῶν
3091 4969 3151 5022 τὸ
3186 4969 3374 5040 χρῆμα
3401 5009 3416 5034 ,
3469 4970 3545 5033 ὡς
3577 4967 3813 5033 ἐξαίσιον

2239 5054 2334 5106 καὶ
2363 5053 2489 5106 νοῦν
2522 5055 2616 5107 καὶ
2651 5054 2807 5124 λόγον
2837 5057 3138 5128 ὑπεραῖρον
3170 5057 3514 5128 ἀνθρώπειον
3535 5075 3547 5088 ·
3583 5057 3816 5126 ὑπεφαί-

2237 5161 2358 5196 νετο
2396 5145 2505 5217 γάρ
2538 5145 2707 5216 αὐτῆς
2739 5149 3193 5204 κατακλονείσθαι
3229 5153 3296 5205 τά
3331 5150 3582 5221 θεμέλια,
3622 5151 3716 5204 καὶ
3751 5151 3816 5204 ἐκ

2236 5236 2513 5309 πυθμένος
2555 5240 2964 5311 ἀνατετράφθαι
2998 5242 3458 5315 ἀναδρασσόμενα
3493 5245 3587 5300 καὶ
3613 5245 3820 5298 διιστά-

2239 5346 2378 5399 μενα
2402 5369 2416 5394 ,
2453 5331 2550 5384 καὶ
2583 5330 2774 5404 ὥσπερ
2825 5333 3138 5403 ἀρνούμενα
3171 5335 3270 5406 τὴν
3305 5336 3518 5390 ἐαυτῶν
3557 5335 3720 5406 ἐδραν
3759 5353 3818 5389 τε

2241 5422 2335 5473 καὶ
2367 5421 2654 5492 συνέχειαν
2675 5439 2689 5454 ο
2716 5415 2761 5490 ᾧ
2795 5423 2919 5478 οὐδέ
2961 5424 3135 5492 λόγων
3159 5421 3315 5494 οἶμαι
3351 5425 3568 5494 δεήσειν
3593 5439 3606 5452 ⁸
3640 5423 3821 5477 αὐτῶν

2241 5514 2350 5586 γάρ
2395 5516 2503 5568 τῶν
2537 5515 2846 5570 πολυτελῶν
2894 5517 3213 5587 οἰκημάτων
3239 5557 3252 5580 ,
3296 5516 3392 5569 καὶ
3435 5515 3541 5568 τῶν
3572 5516 3822 5586 κτήσεων

2245 5686 2532 5759 Byzantini
2569 5699 2679 5743 tum
2705 5689 2833 5744 editi
2868 5699 2977 5744 tum
3016 5690 3202 5745 iuediti
3234 5699 3454 5744 narrant
3513 5687 3577 5743 Et
3603 5687 3821 5758 quidem

2247 5768 2432 5814 uoster
2466 5763 2578 5828 ipse
2607 5759 2942 5830 Nit-ephorus
2976 5763 3027 5817 in
3068 5761 3344 5819 Brcriario
3392 5761 3677 5820 historico.
