4072 6324
258 423 356 489 ιθτ
958 431 1585 494 ANTIRRHETICUS
1623 433 1714 494 III
1753 435 1922 496 ADV.
1963 431 2554 494 CONSTANTINUM
2591 429 2803 492 COPR.
3405 423 3514 485 49"?

261 540 364 594 τῶν
402 539 940 612 κεκαλλωπισμένων
970 545 1221 609 σαλπίζει
1256 546 1399 616 μέγα
1440 547 1506 600 τά
1536 543 1826 615 πτώματα,

1947 549 2136 603 Iivina.
2166 547 2344 616 Atque
2389 547 2502 601 haec
2535 539 2889 614 potissimum'
2923 540 3207 597 calamitas
3259 541 3509 596 incubuit

261 631 294 687 ἃ
321 629 426 684 τῶν
457 631 772 686 ὑποδύντων
803 635 898 686 καί
927 637 1316 705 πεπιεσμένων
1355 637 1576 704 ἐγένετο
1603 636 1836 690 πολυάν-

1947 639 2090 694 circa
2122 637 2287 692 colles
2315 645 2370 693 et
2397 637 2699 691 eminentes
2728 635 2906 698 locos,
2943 648 3062 703 quae
3103 649 3247 688 nunc
3292 649 3510 704 quoque

260 722 376 792 δρια
397 738 412 753 ο
444 722 650 791 τάφους
678 724 790 793 γάρ
813 725 993 778 αὐτῶν
1024 729 1057 796 ἡ
1097 727 1378 798 θεόκριτος
1405 727 1528 797 δίκη
1564 729 1834 782 ἐπικατα-

1947 727 2087 780 circa
2130 726 2334 796 regiam
2371 725 2556 780 urbem
2587 725 2776 778 rudera
2803 723 3007 790 jacent.

262 814 538 869 σεισθέντα
570 816 642 868 τὰ
684 817 978 887 δομήματα
1012 820 1328 890 ἐσχεδίασε⁹
1359 821 1456 874 καὶ
1487 821 1650 875 τοῦτο
1721 822 1855 875 πολὺ
1899 820 2136 890 μάλιστα
2176 819 2239 873 τὸ
2277 819 2448 882 πάθος
2488 818 2804 888 κατέσκηψε
2887 819 3033 872 κατά
3072 818 3168 881 τὰς
3198 816 3390 886 λοφιάς
3422 817 3516 869 καὶ

259 905 324 959 τὰ
353 905 723 976 ὑπερκείμενα
748 908 946 978 χωρία,
981 907 1016 962 ά
1039 908 1101 978 δὴ
1131 909 1272 963 κατά
1299 912 1360 962 τὸ
1393 910 1663 980 βασίλειον
1692 911 1826 964 άστυ
1867 910 2030 980 μέχρι
2060 911 2298 980 σήμερον
2326 908 2544 979 ἐρείπια
2575 908 2888 978 βέϐληνται.

331 994 433 1060 ξς·’.
473 998 546 1050 Οὐ
588 997 693 1067 μὴν
722 999 842 1052 οὐδὲ
877 999 946 1052 τὰ
976 1001 1034 1064 ἐξ
1067 1002 1228 1072 ἀέρος
1270 1004 1500 1072 δείματα
1531 1005 1833 1075 ἐπηρεμεῖν

261 1087 686 1158 ηέφησυχάζειν
735 1090 1096 1162 ὑϐριζομένου
1141 1091 1234 1147 τοῦ
1269 1095 1505 1150 Κτίστου
1547 1097 1830 1167 ἠνείχετοο

261 1177 432 1230 ἐδόκει
473 1177 583 1247 γάρ
612 1181 726 1241 τοῖς
775 1180 836 1231 τὸ
874 1182 1129 1250 τηνικάδε
1178 1182 1510 1254 ἀνθρώποις,
1547 1187 1674 1248 τοὺς
1709 1184 1831 1238 κατ’

260 1267 484 1336 οὐρανὸν
527 1267 764 1339 ἀστέρας
814 1271 909 1324 ἐπὶ
953 1273 1056 1342 γῆς
1101 1274 1359 1346 ἐρῤίφθαι
1402 1275 1649 1339 ἅπαντας
1695 1278 1833 1345 ῥαγ-

261 1357 452 1423 δαίως,
505 1359 648 1413 οὕτω
677 1360 772 1414 καὶ
819 1363 1188 1432 συνεχέστατα
1233 1365 1328 1418 τοῦ
1363 1367 1550 1436 ἀερίου
1593 1366 1834 1430 πάθους,

261 1449 359 1502 ἀνά
396 1449 497 1520 τῆς
528 1451 858 1522 οἰκουμένης
888 1449 1044 1524 οἶμαι
1090 1455 1161 1508 τὰ
1203 1457 1416 1528 πέρατα
1451 1456 1648 1528 ἀθρόον
1680 1441 1837 1510 ἐκκεὲ

262 1540 492 1611 χυμένου
519 1558 533 1574 ο
558 1542 693 1612 ὁμοῦ
723 1543 833 1614 γὰρ
871 1546 964 1598 καὶ
992 1545 1134 1599 κατά
1155 1548 1351 1601 ταυτὸν
1374 1549 1429 1602 οἵ
1455 1565 1512 1601 τε
1533 1549 1632 1617 τὴν
1663 1548 1841 1619 Ἐᾠαν

261 1633 313 1684 οἵ
338 1649 396 1685 τε
422 1631 523 1704 τὴν
559 1633 854 1706 Ἑσπερίαν
887 1637 1228 1708 διειληφότες
1261 1640 1503 1703 άπαντες
1530 1639 1714 1708 λῆξιν,
1746 1640 1842 1693 καὶ

260 1721 436 1778 ταῦτα
469 1723 740 1793 χειμῶνος
770 1725 890 1798 ὥρᾳ
910 1729 1005 1782 καὶ
1028 1730 1224 1793 νυκτὸς
1249 1730 1640 1800 ἐπιγενομένης
1667 1730 1845 1800 έωρά·

2007 1002 2094 1058 66.
2134 1002 2237 1057 Sed
2287 1015 2459 1071 neque
2493 1001 2634 1054 aeris
2665 1009 2934 1064 terrores,
2969 999 3234 1054 Creatore
3267 1000 3474 1056 olIenso
3496 1041 3514 1066 ,

1937 1095 2222 1164 quiescere
2253 1108 2318 1147 ac
2338 1093 2500 1145 silere
2528 1100 2797 1160 poterant.
2834 1089 3174 1144 Videbantur
3204 1079 3348 1144 enim
3381 1101 3510 1146 tunc

1941 1183 2251 1241 hominibus
2293 1183 2359 1237 de
2413 1182 2552 1238 caalo
2594 1181 2774 1236 sidera
2817 1181 2869 1235 in
2904 1191 3103 1235 terram
3144 1196 3266 1235 cum
3309 1182 3514 1250 impetu

1939 1277 2120 1332 omnia
2152 1289 2343 1342 ruere,
2402 1274 2473 1328 ita
2516 1273 2864 1328 continenter
2894 1287 3053 1325 aerea
3107 1272 3516 1341 perturbatione

1945 1382 2040 1438 per
2071 1366 2309 1420 universi
2357 1365 2506 1420 orbis
2540 1364 2804 1418 terminos
2849 1365 3031 1418 subito
3083 1363 3279 1418 diﬂ'usa
3311 1381 3326 1418 :
3358 1363 3516 1418 simul

1943 1457 2090 1510 enim
2152 1457 2452 1526 eodemque
2498 1464 2740 1523 tempore
2797 1464 2908 1506 tum
2963 1453 3347 1514 Orientalium,
3403 1464 3515 1508 tum

1947 1548 2362 1617 llespericarum
2397 1547 2674 1617 regionum
2708 1545 2916 1610 incolae,
2951 1554 3007 1598 et
3039 1544 3216 1599 hieme
3248 1553 3303 1598 et
3331 1554 3516 1609 noctu,

1947 1639 2062 1694 haec
2093 1639 2211 1693 ﬁeri
2256 1637 2534 1692 videbant.
2580 1635 2688 1692 Nec
2743 1650 2872 1689 vero
2905 1634 3221 1704 quisquam,
3267 1642 3428 1703 prout
3463 1634 3517 1689 bi

1945 1731 2190 1802 praeclari
2222 1730 2428 1784 faciunt
2449 1770 2462 1793 ,
2493 1729 2736 1784 cmlesl'ta
2771 1729 2907 1793 hzec,
2934 1727 3223 1782 nebulosus
3253 1727 3519 1796 quosdam

262 1829 462 1868 κεσαν·
498 1817 593 1868 καὶ
631 1819 702 1888 μή
736 1835 818 1882 τις
861 1821 994 1890 ἡμῖν
1034 1821 1271 1875 ἐνταῦθα
1301 1822 1444 1876 κατὰ
1473 1823 1600 1886 τοὺς
1631 1822 1840 1886 δεινοὺς

1947 1825 2255 1893 densosque
2278 1836 2507 1891 vapores
2539 1821 2708 1876 inisse
2735 1820 2974 1889 objiciet,
3004 1819 3200 1888 quibus
3232 1819 3378 1873 circa
3412 1826 3522 1872 ter-

247 1903 326 1956 ’τά
352 1904 634 1976 μετέωρα,
668 1908 978 1973 καπνώδεις
1001 1910 1152 1974 τινάς
1182 1911 1578 1982 ἀναθυμιάσεις
1607 1913 1702 1966 καὶ
1733 1930 1841 1966 πα-

261 1993 414 2062 χείας
452 1996 899 2068 ἀντιπαρατιθεὶς
952 2001 1304 2071 προϐαλέσθω
1327 2041 1344 2067 ,
1396 2002 1488 2072 ὑφ’
1524 1997 1598 2057 ὧν
1623 2005 1652 2057 ό
1679 2003 1841 2076 περί-

261 2102 409 2156 γειος
458 2089 954 2160 ὑποπιμπλάμενος
1005 2090 1144 2161 ἀὴρ,
1175 2087 1294 2145 εἶτα
1321 2093 1463 2146 κατά
1492 2094 1591 2162 τὴν
1630 2093 1841 2148 οἰκείαν

261 2181 439 2251 φορὰν
467 2180 634 2250 ὑψόσε
654 2181 1015 2253 διαιρόμενος,
1042 2184 1137 2236 καὶ
1158 2184 1239 2247 εἰς
1275 2183 1369 2237 τὸν
1397 2184 1638 2255 αἰθέριον
1671 2186 1842 2256 ὑπερ-

261 2274 591 2342 εκχεόμενος
636 2273 817 2345 χῶρον
843 2315 858 2340 ,
918 2273 1027 2327 ὑπό
1068 2291 1128 2327 τε
1163 2275 1263 2345 τῆς
1306 2275 1624 2339 ἐκκαύσεως
1674 2293 1846 2347 μετα-

260 2362 496 2431 ϐάλλων,
526 2365 654 2426 τοὺς
702 2364 1034 2435 λεγομένους
1073 2365 1312 2437 ἀστέρας
1355 2367 1707 2438 διᾴττοντας,
1743 2367 1844 2431 τάς

257 2471 315 2509 τε
345 2457 578 2526 φλόγας,
611 2457 706 2509 καί
729 2459 860 2518 τοὺς
891 2457 1084 2522 δαλοὺς
1125 2459 1500 2530 καλουμένους
1532 2460 1841 2530 συνίστησι,

258 2546 513 2614 κομήτας
558 2562 616 2597 τε
654 2541 764 2608 αὖ,
805 2545 900 2598 καὶ
947 2544 1274 2613 πωγωνίας,
1321 2547 1418 2600 καὶ
1465 2547 1566 2601 ὅσα
1617 2548 1846 2604 τοιαῦτα

259 2630 586 2703 ὑποφαίνειν
617 2633 829 2703 πέφυκε
865 2635 1157 2705 σχήματα·
1186 2634 1303 2688 ἀλλ’
1340 2631 1399 2689 εὖ
1435 2637 1570 2690 ῐστω
1601 2637 1678 2702 ὼς
1719 2655 1845 2692 και-

257 2722 487 2794 νοτομία
516 2723 637 2777 τότε
668 2725 800 2794 περὶ
834 2725 904 2778 τά
937 2727 1180 2796 στοιχεῖα
1205 2727 1529 2797 γεγένηταιο
1555 2730 1625 2784 τά
1649 2747 1709 2782 τε
1736 2731 1846 2800 γάρ

259 2815 446 2886 μέτρα
474 2814 571 2867 καὶ
596 2814 693 2885 τὴν
715 2815 930 2869 έαυτῶν
953 2817 1110 2883 τάξιν
1140 2817 1436 2887 ἐκϐέϐηκε,
1462 2819 1522 2873 τὸ
1554 2821 1684 2892 περί
1710 2821 1848 2875 αύτά

256 2905 440 2970 πάθος
476 2905 899 2976 ἐνδεικνύμενα,
931 2907 1026 2960 καί
1059 2923 1178 2970 πως
1221 2907 1423 2980 ἑαυτὴν
1457 2911 1490 2980 ἡ
1532 2911 1712 2974 κτίσις
1754 2930 1848 2983 μι-

259 2998 451 3066 μεῖται
478 3041 491 3061 ,
526 2997 603 3061 ὡς
655 2997 723 3052 ἂν
763 2998 899 3068 μηδὲ
950 2998 1188 3054 ἐνταῦθα
1230 2998 1328 3052 τοῦ
1385 3001 1584 3054 παθεῖν
1631 3003 1848 3056 ἀπολεί-

1947 1931 2064 1971 ram
2089 1930 2182 1970 aer
2205 1914 2457 1977 refertus,
2483 1912 2676 1967 deinde
2702 1925 2801 1965 suo
2829 1911 3045 1979 proprio
3071 1923 3234 1964 cursu
3269 1910 3321 1963 in
3349 1909 3517 1962 altum

1947 2006 2148 2074 elatus,
2195 2015 2252 2061 et
2302 2004 2358 2059 in
2416 2002 2636 2058 aetheris
2676 2001 2972 2072 permistus
3029 2001 3286 2070 regione,
3338 1999 3522 2054 calore

1947 2108 2229 2166 concepto,
2279 2095 2357 2149 ita
2387 2094 2532 2148 dicta
2561 2103 2707 2146 astra
2750 2090 3110 2145 discurrentis
3158 2087 3422 2151 en‘eccrit,
3463 2098 3520 2142 et

1949 2186 2158 2241 faculas
2206 2194 2258 2240 et
2285 2183 2504 2238 titiones
2547 2179 2878 2250 appellatos,
2921 2187 3169 2232 cometas
3195 2191 3432 2244 quoque,
3464 2183 3520 2229 et

1950 2278 2208 2334 barbatos
2274 2273 2545 2344 globulos,
2578 2280 2631 2325 et
2679 2283 3015 2338 qna-cunque
3064 2266 3166 2322 alia
3217 2266 3522 2336 huiusmodi

1949 2367 2129 2424 solent
2191 2367 2541 2434 phaenomena
2603 2373 2898 2428 apparere;
2973 2356 3070 2411 sed
3140 2357 3309 2424 probe
3383 2355 3524 2409 sciat

1951 2473 2150 2514 novum
2184 2469 2372 2511 revera
2424 2451 2626 2519 aliquid
2663 2460 2790 2504 tunc
2825 2449 2876 2502 in
2907 2446 3189 2502 elementis
3220 2446 3521 2504 exstitisse.

1951 2550 2162 2606 Etenim
2198 2546 2416 2603 modulo
2460 2543 2622 2599 solito
2667 2551 2831 2611 atque
2882 2539 3076 2594 ordine
3131 2548 3522 2602 excesserunt,

1951 2639 2194 2694 dolorem
2241 2649 2396 2691 suum
2440 2633 2509 2687 ob
2543 2646 2635 2686 eas
2683 2646 2771 2684 res
2803 2627 3169 2684 ostendentia.
3199 2626 3380 2695 Seque
3405 2627 3524 2695 ipsa

1951 2727 2352 2800 quodammodo
2380 2732 2574 2778 natura
2604 2720 2937 2783 imitabatur,
2968 2727 3025 2772 ut
3056 2734 3125 2773 ne
3162 2728 3271 2772 tum
3300 2717 3523 2786 quidem

1953 2819 2063 2890 pati
2096 2818 2409 2880 omitteret,
2457 2829 2577 2883 quae
2623 2811 2842 2868 Christo
2881 2810 3175 2866 salutarem
3210 2809 3523 2880 passionem

1956 2911 2008 2964 in
2038 2921 2198 2964 cruce
2245 2907 2503 2970 obeunte,
2538 2903 2784 2958 Creatori
2813 2917 2910 2957 suo
2942 2916 3006 2956 ac
3039 2900 3265 2955 Domino
3293 2898 3524 2968 patienti

1955 3013 2237 3066 compassa
2272 2995 2480 3060 fuerat;
2527 3007 2635 3064 quo
2678 3001 2923 3062 tempore
2955 2990 3243 3045 luminaria
3279 2987 3521 3044 coelestia

256 3103 444 3154 ποιτο,
481 3089 515 3159 η
544 3089 640 3142 καὶ
668 3088 811 3142 κατά
835 3088 899 3142 τὸ
929 3089 1100 3153 πάθος
1132 3088 1374 3160 Χριστοῦ
1404 3091 1463 3143 τὸ
1489 3091 1577 3145 διὰ
1607 3092 1841 3164 σταυροῦ

1957 3086 2189 3140 invicem
2239 3091 2674 3150 concurrerunt,
2716 3081 3060 3150 tenebraeque
3091 3080 3320 3135 insolitae
3346 3089 3399 3132 et
3443 3077 3526 3132 in-

254 3177 314 3232 τδ
343 3181 624 3250 σωτήριον
644 3219 660 3246 ,
695 3179 773 3250 τῷ
792 3179 1002 3251 κτίστῃ
1023 3180 1118 3234 καὶ
1142 3180 1388 3253 Δεσπότῃ
1417 3181 1723 3254 συνέπασχε
1747 3185 1841 3239 πά·

1958 3177 2325 3246 tempestivae,
2370 3173 2547 3230 diurni
2588 3173 2810 3228 luminis
2845 3172 3042 3228 seriem
3089 3173 3525 3240 interruperunt,

262 3281 450 3337 σχοντι
479 3309 494 3333 ,
530 3269 691 3340 ήνίκα
723 3269 1014 3340 φωστῆρες
1048 3270 1366 3340 παραδόξως
1432 3271 1686 3342 ἀλλήλοις
1719 3290 1841 3327 συν-

1952 3278 2009 3326 et
2059 3277 2225 3339 petrae
2271 3266 2456 3322 scissa
2502 3272 2660 3330 sunt,
2714 3273 2768 3318 et
2801 3262 3071 3330 patefacta
3127 3260 3412 3332 sepulcra,
3469 3269 3526 3314 et

262 3357 511 3431 έτρεχον,
536 3361 632 3415 καὶ
664 3342 854 3425 σκότος
882 3360 1031 3426 ξένον
1063 3362 1156 3414 καὶ
1180 3359 1382 3430 ἄωρον,
1415 3361 1478 3414 τὸ
1505 3362 1728 3432 συνεχὲς
1753 3360 1841 3416 τοῦ

1954 3360 2155 3417 mortui
2189 3359 2541 3424 revixerunt,
2573 3365 2628 3410 et
2659 3365 2927 3424 quthuot
2955 3355 3061 3409 alia
3114 3362 3244 3410 tunc
3281 3351 3525 3422 contige-

265 3452 447 3519 φωτὸς
481 3453 580 3522 τῆς
617 3453 837 3524 ἡμέρας
872 3452 1165 3517 διέκοπτε,
1215 3451 1310 3504 καὶ
1343 3451 1542 3521 πέτραι
1584 3450 1841 3523 διερρήγ-

1955 3459 2105 3518 τυιιι,
2131 3457 2332 3504 statum
2359 3463 2515 3502 suum
2546 3455 2796 3502 creatura
2829 3453 3101 3500 novante._

260 3558 442 3608 νυντο,
471 3541 568 3594 καὶ
603 3541 766 3608 τάφοι
789 3539 1090 3610 ἡνοίγοντο,
1121 3543 1215 3595 καὶ
1249 3539 1435 3610 νεκροί
1463 3537 1834 3607 ἐξανίσταντο,
1874 3538 1972 3594 καὶ
2006 3539 2178 3594 τᾶλλα
2244 3539 2348 3594 ὅσα
2385 3536 2669 3592 συνέϐαινε
2704 3535 3214 3607 καινοτομουμένης
3269 3536 3370 3606 τῆς
3402 3534 3528 3590 κτί-

262 3649 422 3694 σεως.

329 3720 576 3776 Τοιαῦτα
623 3721 874 3792 ἔγνωμεν
922 3725 1018 3778 καὶ
1071 3725 1240 3780 πάλαι
1291 3727 1434 3781 κατά
1474 3726 1586 3780 τῶν
1631 3726 1841 3782 ἀσεϐῶν

2023 3722 2150 3779 Haec
2178 3721 2384 3779 scimus
2407 3720 2536 3776 olim
2569 3734 2786 3791 quoque
2816 3720 2994 3788 impiis
3023 3720 3188 3774 Deum
3217 3721 3522 3775 commina-

258 3811 642 3879 ἀπειλούμενα
688 3812 784 3864 καὶ
822 3812 1156 3884 τελούμενα,
1200 3806 1440 3886 ὁπηνίκα
1487 3817 1556 3871 τά
1607 3819 1841 3887 στοιχεῖα

1952 3822 2066 3868 tum
2089 3852 2106 3879 ,
2138 3821 2194 3868 et
2226 3824 2414 3880 reapse
2447 3810 2532 3866 his
2566 3811 2801 3880 impacta
2853 3809 3043 3873 fuisse,
3075 3824 3198 3864 cum
3249 3809 3522 3866 elementa

259 3901 534 3973 ὑπερόρια
574 3901 805 3968 γίνοιτο,
865 3905 980 3967 τοῖς
1029 3903 1196 3968 θείοις
1258 3906 1678 3977 ὑπηρετούμενα
1726 3906 1841 3960 νεύ-

1949 3905 2086 3960 ﬁnes
2110 3917 2240 3961 suos
2263 3910 2638 3967 excesserunt,
2668 3900 2868 3956 divinis
2892 3900 3245 3968 obsequentia
3277 3903 3529 3958 nutibus.

261 4007 432 4061 μασιν
457 4006 472 4020 ο
528 3990 824 4060 ἀπιστήσει
869 3991 915 4044 δ’
961 3991 1160 4056 οὐδεὶς,
1201 3993 1235 4065 ἢ
1277 3994 1426 4058 ὅστις
1486 3996 1586 4064 τὴν
1621 3996 1841 4064 ἄγνοιαν

1950 3993 2231 4052 Discredet
2280 4003 2461 4048 autem
2516 4007 2695 4058 nemo,
2736 3992 2838 4046 nisi
2871 3991 3010 4046 forte
3059 3989 3155 4045 Dei
3187 3991 3532 4061 judiciorutn

256 4079 367 4132 τῶν
417 4077 515 4132 τοῦ
567 4078 702 4132 Θεοῦ
747 4081 1038 4150 κριμάτων
1091 4082 1489 4155 ὴρῤώστηκεΨ
1551 4087 1682 4157 ἡμῖν
1731 4087 1841 4158 γὰρ

1947 4083 2256 4155 ignorantia
2285 4081 2516 4136 laborat.
2547 4081 2662 4135 Nos
2692 4081 2907 4150 quidem
2935 4080 3234 4148 Scripturis
3272 4095 3301 4134 a
3333 4091 3533 4137 sancto

257 4169 519 4222 πειστέον
574 4171 691 4233 τοῖς
727 4173 1142 4243 γεγραμμένοις
1178 4173 1330 4246 παρὰ
1365 4175 1460 4228 τοῦ
1504 4176 1841 4247 Πνεύματος,

1953 4174 2161 4246 Spiritu
2193 4173 2412 4229 dictatis
2459 4181 2674 4242 oportet
2706 4171 2948 4244 credere.
2984 4170 3149 4240 [mpii
3179 4169 3534 4240 ινεριιὸιιιιιιιιιΔ

256 4259 340 4314 ὅτι
383 4260 652 4326 Ἀσεϐεῖς
704 4262 1165 4332 πλησθήσονται
1202 4265 1421 4322 κακῶν.
1467 4267 1610 4320 Καί·
1640 4267 1841 4336 ’Δμαρ-

1951 4265 2103 4320 malis
2119 4265 2187 4320 ".
2229 4263 2295 4318 Et
2335 4262 2657 4317 :Peccantes
2691 4271 3066 4332 persequentur
3117 4261 3262 4315 mala
3287 4260 3354 4319 ".
3406 4261 3472 4317 Et
3503 4281 3528 4318 ε

256 4350 555 4417 τάνοντας
583 4351 855 4417 διώξεται
906 4355 1083 4410 κακά.
1114 4357 1224 4409 Καὶ
1245 4397 1261 4424 ,
1314 4358 1414 4412 Ἐν
1444 4360 1623 4425 κακίᾳ
1656 4358 1841 4416 αὑτοῦ

1949 4355 2153 4426 Impius
2195 4356 2250 4408 in
2283 4353 2490 4408 malitia
2528 4370 2625 4408 sua
2657 4353 2931 4421 peribit".
2969 4351 3037 4406 Et
3066 4369 3081 4406 :
3117 4351 3432 4407 Rescrvatur
3453 4356 3534 4408 ait

257 4439 570 4495 ἀπολεῖται
601 4445 634 4497 ό
661 4444 907 4512 ἀσεϐής.
939 4446 1048 4499 Καί
1069 4463 1083 4478 ο
1117 4447 1504 4504 Φυλάσσεται
1546 4453 1578 4505 ὀ
1617 4451 1841 4519 ἀσεϐὴς

1950 4449 2088 4502 diem
2125 4446 2406 4500 malum".
2431 4445 2496 4500 Et
2536 4444 2655 4501 :.In
2700 4447 2877 4500 sinum
2923 4454 3293 4500 convertentur
3331 4456 3533 4501 cuncta.

257 4533 346 4597 εἰς
392 4531 626 4600 ἡμέραν
681 4535 895 4603 κακήν.
934 4537 1078 4591 Καί·
1106 4540 1211 4606 Εἰς
1258 4539 1491 4595 κόλπον
1539 4541 1841 4611 ἐπέρχεται

1951 4537 2145 4608 iniquis
2166 4537 2236 4591 ⁸⁸.
2265 4536 2449 4590 Palam
2497 4545 2584 4592 est
2627 4547 2817 4592 contra
2853 4535 3163 4591 Sodomitas
3194 4537 3391 4592 divinae
3429 4539 3526 4593 irte

258 4624 461 4678 πάντα
491 4625 616 4692 τοῖς
661 4628 916 4696 ἀδίκοις.
970 4631 1082 4686 Καὶ
1124 4633 1413 4704 πρόκειταί
1441 4636 1570 4705 γεή
1615 4635 1841 4705 Σοδομι-

1951 4630 2344 4684 demonstratio
2369 4639 2424 4684 et
2437 4629 2736 4699 correptio,
2756 4643 2882 4683 cum
2909 4630 3064 4698 ignea
3094 4628 3274 4698 pluvia
3297 4631 3523 4686 descen-

257 4715 369 4770 τῶν
389 4757 406 4784 ,
433 4717 537 4785 τῆς
565 4716 715 4782 θείας
743 4721 913 4792 ὀργῆς
942 4721 1141 4794 δεῖγμα
1182 4726 1280 4778 καὶ
1312 4725 1610 4795 παίδευμα,
1653 4727 1740 4794 ἐφ’
1773 4726 1841 4797 ἥν

1949 4721 2122 4785 dens,
2158 4721 2346 4775 omnia
2395 4721 2633 4788 regionis
2693 4720 2810 4789 eius
2863 4719 3168 4775 circulatim
3223 4722 3536 4792 depascens

257 4805 319 4858 τὸ
345 4807 688 4862 καταϐάσιον
709 4809 1261 4884 πῦροιατομϐρῆσαν,
1291 4815 1359 4869 τά
1380 4815 1596 4886 ἐκείνης
1627 4815 1841 4870 ἅπαντα

1947 4813 2160 4880 redegit
2185 4812 2238 4866 in
2267 4812 2541 4877 cinerem;
2563 4811 2888 4880 quibuscum
2916 4811 3274 4870 ﬁnitimorum
3301 4832 3524 4886 quoque

261 4896 320 4948 ἐν
361 4895 556 4966 κύκλῳ
597 4898 1082 4971 καταϐοσκόμενον
1118 4903 1510 4975 ἀπετέφρωσεν
1534 4946 1550 4971 ,
1588 4900 1671 4968 οἷς
1705 4905 1841 4975 ὁμοῦ

1948 4902 2234 4957 nonnullas
2291 4902 2453 4956 urbes
2507 4901 2649 4974 ignis
2704 4903 3038 4974 absumpsit,
3087 4920 3322 4975 quarum
3376 4923 3536 4962 nunc.

261 4985 356 5039 καί
387 4987 501 5040 τῶν
537 4987 754 5060 ὁμόρων
811 4993 966 5056 τινὰς
1008 4995 1073 5047 ἐκ
1120 4993 1339 5066 βάθρων
1380 4995 1559 5050 αὐτῶν
1599 5012 1841 5065 συγκατ-

1948 4995 2154 5058 adhuc,
2185 5001 2243 5048 ut
2269 4995 2443 5061 aiunt,
2490 4993 2690 5048 indicia
2723 5004 3042 5064 supersunt.
3078 4996 3219 5062 Quin
3268 5008 3324 5052 et
3355 5009 3518 5052 antea

261 5077 485 5149 εδήδοκε
520 5081 727 5145 πόλεις,
745 5076 820 5136 ὧν
859 5084 1028 5137 εἰσέτι
1065 5087 1159 5139 καὶ
1187 5085 1282 5140 νῦν
1307 5087 1382 5151 ὥς
1410 5103 1542 5158 φασι
1567 5089 1841 5159 τεκμήρια

1947 5100 2208 5154 aquarum
2237 5084 2497 5139 diluvium
2543 5086 2742 5140 mundo
2773 5099 3200 5156 supervenerat;
3236 5104 3345 5156 quo
3379 5099 3516 5141 tent—

258 5165 588 5232 διασώζεται
615 5187 629 5202 ⁸
664 5173 755 5226 καὶ
783 5173 986 5228 τούτων
1015 5192 1081 5244 γε
1119 5177 1385 5247 πρότερον
1423 5179 1461 5250 ἡ
1493 5179 1841 5250 γεγενημένη

1947 5190 2071 5247 pore
2116 5175 2351 5245 pluviale
2397 5176 2516 5230 sine
2556 5177 2662 5231 line
2707 5177 2928 5242 cmlum,
2972 5179 3292 5232 itmueusam
3351 5193 3527 5247 supra.
3575 5186 3577 5189 '

259 5257 334 5327 τῷ
371 5259 568 5332 κόσμῳ
608 5262 668 5327 ἐξ
706 5264 916 5319 ὑδάτων
949 5267 1254 5332 ἐπίκλυσις,
1284 5269 1409 5322 καθ’
1443 5269 1510 5340 ἥν
1546 5270 1574 5322 ό
1608 5269 1839 5333 ὑετίξων

1947 5276 2259 5336 peccatores
2283 5265 2620 5320 insolitarum
2643 5276 2805 5336 atque
2824 5267 3220 5324 incredibilium
3249 5284 3512 5337 aquarum

261 5345 496 5412 ἐξαίσια,
529 5349 760 5405 ἄπλετον
783 5354 937 5423 ἠφίει
967 5355 1109 5409 κατά
1135 5356 1245 5410 τῶν
1264 5359 1698 5429 ἡμαρτηκότων,
1727 5358 1841 5412 τῶν

1947 5357 2160 5428 copiam
2207 5357 2438 5414 eﬂ'udit:
2476 5373 2599 5412 cum
2645 5358 2856 5413 inferne
2905 5360 3088 5429 abyssi
3143 5361 3323 5414 fontes
3386 5373 3516 5414 sunt

257 5433 427 5502 ξένων
459 5439 685 5494 ἐκείνων
715 5444 812 5496 καὶ
845 5446 1168 5515 παραδόξων
1195 5447 1420 5517 ὄμϐρων
1444 5450 1543 5521 τὴν
1573 5450 1797 5520 ἔκχυσιν
1822 5467 1836 5483 ο

1947 5448 2142 5518 dirupti
2166 5489 2182 5514 ,
2227 5463 2459 5519 superne
2526 5458 2709 5504 autem
2747 5451 2871 5505 caeli
2907 5461 3195 5505 cataracta:
3230 5449 3516 5520 patefacta:

259 5527 346 5580 ὅτε
379 5530 631 5585 κάτωθεν
679 5534 777 5603 μὲν
821 5537 877 5588 αἰ
923 5537 1095 5606 πηγαί
1125 5538 1225 5608 τῆς
1260 5537 1500 5592 ἀϐύσσου
1541 5542 1838 5612 περιερρή-

1947 5551 2109 5606 sunt,
2172 5542 2444 5597 universis
2492 5543 2716 5597 omnino
2759 5541 3136 5610 pereuntibus,
3189 5551 3244 5596 et
3297 5543 3518 5596 cunctis

259 5630 492 5686 γνυντο,
537 5620 773 5694 ῦπερθεν
819 5625 875 5679 δὲ
916 5626 1024 5680 τῶν
1066 5627 1315 5699 ούρανῶν
1357 5631 1404 5682 οἰ
1457 5633 1838 5702 καταρράκται

1947 5641 2103 5687 terra:
2133 5632 2506 5689 cacuminibus
2541 5632 2751 5688 obrutis
2780 5648 2792 5685 :
2833 5645 2970 5686 unus
3005 5641 3184 5685 autem
3213 5633 3396 5702 justus
3431 5635 3513 5690 vir

318 5771 373 5859 ,νε
410 5773 578 5828 Prov.
609 5791 706 5842 xu,
731 5777 822 5831 τι.
900 5779 941 5811 ⁷⁷
974 5780 1135 5834 Prov.
1169 5795 1288 5846 Mli,
1314 5779 1402 5834 ει.
1479 5781 1712 5837 "'l'rov.
1747 5799 1835 5838 xiv

1953 5826 1966 5840 .
2045 5787 2089 5818 τ’
2131 5787 2292 5842 Prov.
2323 5801 2433 5853 xvr,
2467 5788 2549 5842 ιο.
2627 5787 2674 5819 ⁸⁸
2701 5786 2862 5840 Prov.
2897 5801 3010 5854 xvt,
3043 5787 3256 5857 55,61;
