4072 6324
509 384 619 446 ωδ

1539 380 1601 440 S.
1638 377 2055 440 NICEPHORI
2093 377 2597 439 PATRIARClLE
2635 377 2742 439 CP.

3663 369 3768 435 496

584 506 672 560 65.
735 503 888 570 Quod
950 517 1078 557 vero
1134 511 1458 569 magnopere
1515 496 1778 551 Mamonat
1843 505 2085 563 tempora

2264 493 2354 560 ξε’.
2389 497 2510 549 ’Ότι
2533 496 2589 548 δὲ
2625 495 2803 566 μάτην
2825 494 2916 548 ἐπὶ
2939 497 3051 558 τοῖς
3076 495 3289 565 χρόνοις
3319 493 3530 548 ἐκείνου
3562 493 3767 564 ἐγκαλ-

510 602 761 668 jactant,
797 599 896 651 hoc
930 597 1094 649 etiam
1144 592 1358 646 illorum
1389 588 1620 644 stultitia
1667 597 1723 642 et
1754 588 2091 642 absurditate

516 694 739 763 dignum
770 699 872 745 est.
907 687 1143 741 Plurima
1173 684 1316 737 enim
1351 685 1418 736 ab
1457 681 1736 736 historicis
1766 691 2090 734 oretenusve

525 782 876 839 narrantibus
923 778 1112 832 audire
1163 785 1274 841 est;
1307 783 1432 828 sunt
1461 782 1516 828 et
1556 773 1720 841 aliqui
1765 771 1942 826 adhuc
1999 785 2090 825 su-

517 877 794 944 pe-rstites,
838 871 904 926 ad
955 870 1066 922 haec
1102 865 1446 936 praedicanda
1500 863 1735 929 servati;
1793 876 1859 916 ex
1894 861 2092 931 quibus

521 969 735 1021 discere
795 975 1083 1034 possumus
1133 958 1314 1028 qualia
1369 966 1423 1011 et
1474 965 1676 1026 quanta
1716 964 1842 1010 tunc
1892 968 1956 1008 ex
2011 954 2090 1007 ira

517 1059 699 1110 divina
749 1053 1077 1124 contigerint
1135 1051 1296 1104 mala.
1350 1047 1427 1102 Ex
1480 1062 1588 1117 quo
1645 1046 1921 1102 Mamonas
1969 1043 2091 1100 fidei

519 1160 719 1203 nostra
757 1145 1030 1200 molestus
1056 1157 1180 1199 esse
1228 1141 1416 1208 coepit,
1461 1149 1516 1194 et
1543 1138 1682 1192 bene
1730 1136 2090 1204 compositum

513 1237 882 1294 Ecclesiarnm
918 1244 1120 1290 statum
1167 1243 1512 1302 oppugnare,
1549 1238 1802 1296 tanquam
1835 1225 2094 1280 divinitus

517 1329 731 1382 inflictae
768 1327 937 1396 plaga:
979 1334 1033 1378 et
1067 1322 1489 1392 castigationes,
1543 1319 1718 1372 morbi
1778 1314 2090 1386 gravissimi

514 1435 567 1476 et
606 1418 863 1491 flagella;
917 1430 1149 1485 quorum
1201 1410 1577 1474 multitudine,
1613 1417 1667 1463 et
1721 1406 2092 1462 calamitatum

520 1511 893 1582 magnitudine
941 1505 1216 1577 perterriti
1287 1501 1532 1557 nonnulli
1585 1508 1712 1554 tunc
1765 1509 2090 1568 praesentes,

519 1613 848 1673 opportune,
867 1609 934 1652 ut
955 1613 1053 1666 par
1079 1594 1472 1659 crat,historia2
1492 1592 1707 1646 tradere
1726 1591 1944 1659 dignum
1971 1604 2094 1644 cen-

519 1699 746 1747 suerunt
795 1701 993 1756 genera
1025 1698 1242 1754 quoque
1273 1683 1535 1736 malorum
1567 1696 1686 1750 qua:
1728 1679 1935 1749 experti
1968 1686 2095 1732 sunt

522 1780 833 1850 hujusmodi
883 1777 1019 1851 (75).
1067 1775 1391 1831 Pestilentes
1431 1783 1633 1828 mortes
1670 1787 1791 1842 qua:
1845 1771 2091 1825 homines

519 1875 922 1940 corripuerunt,
957 1882 1114 1922 nemo
1144 1874 1322 1936 potest
1341 1876 1684 1926 enumerare,
1718 1873 2092 1932 quantumque

523 1978 808 2016 numerum
845 1958 1086 2027 depastae
1134 1958 1280 2022 sint;
1327 1957 1522 2025 quibus
1569 1970 1630 2010 se
1676 1953 2004 2010 subtrahens
2049 1953 2096 2008 is

520 2056 612 2122 qui
644 2067 808 2108 causa
848 2051 1060 2106 illarum
1088 2056 1226 2114 erat,
1273 2047 1466 2118 procul
1500 2046 1646 2116 regia
1678 2045 1838 2111 urbe,
1868 2060 2094 2100 casuum

521 2144 978 2198 internecivorum
1017 2153 1186 2205 metu,
1214 2140 1535 2212 plerumque
1559 2140 1808 2208 degebat.
1854 2137 2096 2208 Namque

521 2238 662 2306 apud
708 2235 1080 2292 Nicomediam
1121 2233 1350 2302 ejusque
1385 2231 1644 2286 suburhia
1694 2221 2092 2296 diversabatur,

522 2330 631 2383 imo
659 2330 824 2382 etiam
856 2327 1017 2395 longe
1049 2325 1297 2380 ulterius.
1335 2323 1408 2376 De
1433 2322 1778 2376 multitudine
1800 2329 1978 2376 autem
2007 2321 2094 2375 in-

523 2419 674 2472 finita
708 2418 1110 2480 defunctorum,
1142 2430 1238 2486 per
1265 2414 1484 2469 litteras
1519 2413 1553 2468 ii
1596 2413 1791 2482 quibus
1823 2413 1973 2466 urbis
1999 2426 2096 2466 ne-

523 2509 667 2578 gotia
701 2507 991 2561 commissa
1031 2506 1269 2570 fuerant,
1304 2503 1454 2557 illum
1487 2503 1824 2567 edocebant,
1859 2502 2096 2556 millibus

521 2601 773 2670 plurimis
805 2597 1050 2668 quotidie
1076 2598 1408 2662 numeratis,
1449 2595 1524 2649 ita
1582 2605 1640 2650 ut
1691 2595 1940 2664 sepulcra
1976 2609 2098 2650 cor-

523 2691 746 2761 poribus
791 2691 984 2743 lierent
1023 2695 1280 2758 angusta,
1327 2697 1382 2740 et
1436 2699 1700 2755 aquarum
1752 2699 1970 2754 quoque
2013 2699 2097 2739 re-

525 2779 802 2850 ceptacula
843 2778 928 2832 his
971 2776 1346 2848 opplerentur,
1379 2785 1434 2830 et
1461 2774 1708 2843 quisquis
1743 2774 1884 2829 alius
1931 2775 2096 2829 cada-

523 2873 744 2926 veribus
803 2867 1131 2938 recipiendis
1174 2865 1325 2920 locus
1380 2874 1501 2920 erat
1552 2864 1810 2930 idoneus;
1865 2879 2096 2933 quorum

525 2977 652 3031 pars
681 2976 749 3015 ne
797 2957 1048 3028 sepulcro
1102 2956 1322 3026 quidem
1370 2953 1746 3018 tradebantur,
1795 2955 1890 3008 sed
1941 2961 2100 3022 prout

527 3071 583 3108 se
637 3068 722 3107 res
766 3051 926 3105 dabat
977 3046 1396 3115 abjiciebantur,
1444 3043 1716 3114 justisque
1779 3041 2099 3095 funebribus

2193 587 2523 652 λωπίξονται
2547 628 2562 652 ,
2599 587 2693 640 καὶ
2738 586 2894 640 τοῦτο
2921 587 3016 656 τῆς
3053 587 3280 642 ἐκείνων
3315 586 3633 659 ἀϐελτερίας
3673 588 3770 643 καὶ

2191 679 2414 747 ἀλογίας
2459 679 2609 744 ἀξιον
2635 694 2648 709 ·
2697 678 2926 732 πλεῖστα
2964 679 3074 749 γὰρ
3124 680 3218 732 καὶ
3268 676 3625 749 ἱστορούντων
3673 679 3770 734 καὶ

2192 769 2460 837 λεγόντων
2489 769 2637 822 ἐστιν
2661 769 2881 822 ἀκούειν
2901 783 2914 797 ·
2944 770 3052 822 εἰσὶ
3084 769 3194 840 γὰρ
3215 770 3309 822 καὶ
3337 769 3434 822 νῦν
3468 768 3546 823 ἐτι
3569 768 3647 840 τῷ
3669 768 3770 841 βίῳ

2195 861 2666 930 περιλειπόμενοι,
2705 863 2801 916 καὶ
2848 856 2937 916 οἷα
2973 865 3215 932 κήρυκες
3241 861 3445 915 τούτων
3478 861 3770 933 διατηρού-

2198 969 2373 1023 μενοι.
2404 951 2483 1004 Δι’
2512 945 2586 1004 ὧν
2619 951 2809 1019 μαθεῖν
2836 955 2948 1016 τοῖς
2979 951 3320 1022 βουλομένοις
3351 953 3638 1022 πάρεστιν,
3669 955 3772 1006 ὅσα

2192 1043 2287 1097 καὶ
2328 1035 2415 1095 οἷα
2453 1041 2522 1094 τά
2563 1043 2628 1094 ἐκ
2661 1041 2758 1111 τῆς
2801 1041 2952 1104 θείας
2991 1043 3158 1112 όργῆς
3199 1041 3434 1096 ἐπέλαϐε
3468 1043 3772 1114 τηνικαῦτα

2191 1132 2342 1185 δεινά
2366 1147 2380 1160 ’
2413 1129 2474 1196 ἐξ
2511 1127 2574 1184 οὗ
2611 1133 2681 1184 τὰ
2707 1135 2805 1202 τῆς
2835 1132 2958 1184 καθ’
2997 1135 3142 1202 ἡμᾶς
3174 1134 3408 1195 πίστεως
3441 1132 3772 1205 καθυϐρίζε-

2196 1222 2320 1276 σθαι
2362 1218 2606 1292 ἦρκται,
2661 1222 2754 1274 καὶ
2783 1221 2892 1275 τῶν
2929 1223 3266 1292 Ἐκκλησιῶν
3305 1223 3695 1293 ἐκπορθεῖσθαι
3738 1225 3772 1294 ἡ

2194 1311 2508 1376 εὐστάθεια,
2547 1307 2658 1365 οἷαι
2694 1312 2944 1383 θεήλατοι
2984 1314 3216 1383 πληγαὶ,
3250 1314 3344 1366 xatl.
3384 1313 3647 1378 παιδεῖαι,
3677 1316 3772 1366 καὶ

2195 1403 2340 1472 πάθη
2377 1402 2654 1474 βαρύτατα
2685 1405 2779 1456 καὶ
2827 1403 3044 1474 μήνιδες
3068 1419 3081 1432 ‘
3116 1397 3191 1456 ὧν
3221 1402 3534 1474 spumea
3568 1406 3661 1458 καὶ
3695 1403 3772 1475 τῷ

2198 1494 2418 1565 μεγέθει
2472 1493 2581 1544 τῶν
2645 1495 2939 1564 συμφορῶν
2991 1495 3567 1566 ὐπερεκπληττόμενοι
3595 1534 3610 1559 ,
3663 1496 3773 1548 τῶν

2194 1585 2313 1638 τότε
2345 1586 2628 1655 παρόντων
2657 1586 2831 1650 τινὲς,
2866 1587 3139 1657 εὐκαίρως
3175 1589 3269 1641 καὶ
3300 1590 3379 1650 είς
3407 1588 3528 1641 δέον
3558 1588 3774 1660 χρώμε-

2194 1691 2312 1740 νοι,
2365 1674 2576 1751 ίστορίᾳ
2637 1675 2971 1745 παραδοῦναι
3020 1677 3168 1742 ἀξιον
3224 1677 3526 1749 ᾠήθησαν,
3563 1681 3658 1733 καὶ
3706 1681 3775 1734 τά

2197 1765 2313 1836 εῖδη
2347 1765 2456 1818 τῶν
2497 1765 2684 1818 κακῶν
2729 1769 2808 1830 εἰς
2833 1771 3028 1839 πεῖραν
3058 1768 3302 1840 ἀγόμενα
3329 1769 3555 1824 τοιαῦτα
3575 1787 3588 1801 ⁶
3621 1775 3649 1826 ό
3678 1772 3777 1842 μέν

2197 1857 2449 1927 λοιμικὸς
2497 1857 2724 1923 θάνατος
2754 1859 2813 1923 ὃς
2856 1864 2969 1924 τοῖς
3017 1861 3329 1931 ἀνθρώποις
3369 1864 3774 1935 ἐπεπορεύετο,

2195 1946 2304 1999 οὐδ’
2335 1947 2401 2001 ἄν
2445 1965 2530 2010 τις
2575 1947 3045 2019 ἐξαριθμήσαιτο,
3080 1953 3162 2016 είς
3200 1953 3327 2006 ὅσον
3361 1953 3565 2024 πλῆθος
3595 1954 3777 2008 αὐτῶν

2195 2038 2568 2110 ἐπενείματο,
2627 2041 2688 2106 ἐξ
2739 2036 2802 2094 οὗ
2851 2042 2917 2114 δὴ
2972 2045 3068 2097 καὶ
3127 2043 3346 2114 διαδρὰς
3389 2047 3417 2100 ὁ
3461 2046 3560 2116 τῆς
3606 2047 3778 2116 ὀργῆς

2196 2129 2392 2193 αἴτιος,
2420 2129 2523 2200 τῆς
2555 2129 2915 2202 βασιλεούσης
2955 2134 3239 2205 πόρρωθεν
3268 2134 3343 2198 ὡς
3371 2135 3440 2189 τὰ
3465 2136 3634 2190 πολλά
3669 2137 3778 2190 δέει

2193 2219 2303 2271 τῶν
2330 2219 2740 2290 συμϐαινόντων
2773 2224 3030 2293 ηὐλίζετο
3056 2240 3069 2254 ·
3100 2225 3228 2296 περί
3252 2243 3312 2278 τε
3338 2227 3448 2296 γὰρ
3479 2229 3577 2296 τὴν
3608 2228 3777 2280 Νικο-

2198 2309 2410 2380 μηδέων
2441 2311 2533 2364 καὶ
2564 2311 2632 2365 τὰ
2664 2313 2722 2366 ἐν
2756 2314 2941 2384 ἐκείνῃ
2989 2315 3293 2385 προάστεια
3313 2356 3327 2380 ,
3357 2317 3455 2380 τὰς
3491 2317 3778 2389 διατριϐὰς

2195 2401 2433 2454 ἐποιεῖτο
2453 2442 2468 2466 ,
2509 2402 2604 2454 καὶ
2637 2401 2842 2458 τούτων
2875 2405 3136 2458 ἐπέκεινα
3159 2405 3342 2476 πολλῷ
3371 2422 3382 2435 ·
3424 2407 3524 2478 τὴν
3548 2409 3605 2461 δὲ
3636 2409 3778 2477 πλη-

2197 2489 2292 2543 θὺν
2313 2490 2410 2562 τὴν
2448 2492 2716 2563 ἀπείρονα
2742 2492 2849 2546 τῶν
2879 2493 3280 2565 ἐξοδευομένων
3308 2496 3606 2567 γράμμασι
3629 2497 3777 2569 χρώ-

2199 2598 2390 2653 μενοι,
2419 2584 2470 2635 οἱ
2501 2585 2571 2637 τά
2594 2587 2738 2640 κατά
2773 2585 2869 2657 τὴν
2905 2587 3062 2640 πόλιν
3086 2589 3557 2661 ἐπιτετραμμένοι
3593 2592 3776 2661 πράγ-

2199 2691 2367 2743 ματα,
2395 2676 2557 2730 αὐτὸν
2585 2678 2930 2733 ἀνεδίδασκον
2954 2721 2968 2746 ,
3018 2680 3273 2751 χιλιάδων
3312 2681 3388 2744 ὡς
3415 2682 3688 2736 πλείστων
3717 2684 3780 2736 τὸ

2197 2765 2283 2833 ἐφ’
2312 2765 2497 2837 ἡμέρᾳ
2518 2766 2964 2838 ἀριθμουμένων,
2988 2769 3063 2833 ὼς
3086 2769 3328 2833 καὶτοὺς
3357 2770 3563 2838 τάφους
3587 2786 3773 2822 στενο-

2199 2859 2494 2928 χωρεῖσθαι
2527 2861 2641 2923 τοῖς
2663 2860 2880 2931 σώμασι
2910 2879 2923 2894 ο
2953 2863 3049 2915 καὶ
3077 2863 3146 2914 τά
3167 2861 3275 2916 τῶν
3301 2862 3780 2932 ὐδάτωνέκδοχεῖα

2200 2948 2528 3021 ὐπερπλήρη
2559 2951 2825 3020 γίνεσθαι,
2856 2953 2949 3007 καὶ
2976 2953 3029 3006 εῐ
3049 2971 3103 3006 τι
3134 2953 3266 3008 ἀλλο
3289 2954 3490 3025 χωρίον
3531 2955 3668 3025 πρὸς
3693 2971 3780 3007 νε-

2200 3041 2336 3113 κροῦ
2385 3041 2637 3112 σώματος
2680 3045 2952 3115 ὑποδοχὴν
2994 3045 3441 3116 παρετύγχανεν·
3479 3039 3554 3099 ῶν
3603 3047 3779 3108 ἐνίους

529 3143 982 3202 destituebantnr.
1026 3137 1141 3192 Non
1187 3137 1333 3191 enim
1365 3135 1551 3189 videre
1582 3142 1702 3188 erat
1750 3147 1916 3186 unum
1951 3147 2098 3185 mor-

2207 3135 2344 3205 μηδέ
2403 3135 2560 3206 τάφῳ
2602 3138 3028 3208 παραδίδοσθαι,
3068 3139 3182 3193 ἀλλ’
3213 3140 3287 3203 ὡς
3333 3138 3399 3192 ἂν
3424 3138 3576 3208 τύχοι
3610 3139 3781 3209 amp-

530 3250 681 3292 tuum
725 3236 776 3288 in
811 3230 1090 3299 sandapila
1125 3228 1434 3291 deductum,
1489 3225 1584 3281 sed
1643 3233 1753 3278 tres
1796 3223 1881 3277 Vel
1932 3224 2097 3277 etiam

2204 3227 2559 3298 ῥιπτεῖσθαι,
2607 3231 2701 3283 καὶ
2737 3230 2836 3302 τὴν
2883 3233 2972 3284 ἐπ’
2999 3233 3201 3296 αὐτοὺς
3238 3233 3392 3285 ὀπίαν
3437 3230 3778 3284 ἐπιλείπειν·

528 3332 788 3399 quinque,
817 3334 870 3378 et
891 3331 1155 3392 quotquot
1181 3335 1210 3374 a
1235 3318 1436 3389 bajulis
1458 3316 1588 3372 ferri
1617 3324 1864 3386 poterant
1892 3329 1908 3367 :
1941 3315 2102 3383 quod-

531 3437 634 3490 que
664 3422 898 3473 maxime
927 3414 1260 3483 insperatum
1305 3419 1424 3466 erat
1455 3419 1509 3463 et
1553 3417 1760 3462 terrore
1791 3406 2026 3476 plenum,
2065 3404 2102 3458 ii

532 3513 622 3582 qui
655 3517 992 3563 mortuorum
1040 3502 1370 3573 sepulturam
1392 3500 1692 3561 curabant,
1725 3495 2106 3567 praecedebant

537 3604 654 3656 illos
705 3600 774 3655 ad
827 3597 1127 3656 tumulum,
1170 3601 1393 3663 repente
1442 3592 1552 3647 vita
1592 3590 1790 3657 erepti,
1838 3597 1893 3642 et
1945 3586 2104 3658 quasi

537 3698 763 3750 invicem
793 3689 1073 3747 moriendo
1107 3686 1516 3758 przevenientes.
1542 3683 1697 3739 Adde
1725 3683 1808 3738 his
1843 3691 2102 3745 terrores,

532 3797 590 3841 et
624 3782 891 3840 horrenda
922 3777 1235 3850 prodigiosa
1273 3776 1680 3846 phantasmata,
1723 3771 1977 3826 humanis
2011 3785 2106 3823 au-

537 3872 1152 3939 ditibusmentibusque
1197 3881 1335 3921 nova
1368 3877 1423 3921 et
1455 3863 1747 3934 incognita,
1795 3877 1915 3932 qnze
1943 3869 2103 3916 noctu

536 3970 740 4032 diuque
771 3962 1089 4016 visebantur
1110 3968 1275 4026 atque
1299 3955 1661 4010 audiebantur
1688 3953 1863 4022 palam
1887 3951 2103 4018 multis;

535 4068 588 4112 et
623 4054 938 4126 phantasias
969 4061 1130 4120 atque
1163 4061 1391 4103 sonores
1424 4059 1589 4114 supra
1625 4043 1805 4113 capita
1838 4056 2108 4111 apparen-

538 4159 618 4202 tes
657 4156 708 4200 et
762 4143 990 4198 exitium
1046 4138 1494 4200 interminantes;
1552 4134 1772 4187 nomina
1819 4138 1980 4185 etiam
2011 4131 2111 4186 ali-

536 4238 750 4306 quando
788 4244 840 4288 et
869 4246 1129 4286 numerus
1157 4243 1282 4282 mox
1314 4227 1702 4280 moriturorum
1728 4223 2107 4277 audiebantur.

537 4331 603 4384 Et
634 4333 745 4384 haec
773 4326 991 4395 quidem
1017 4336 1177 4390 supra
1205 4330 1428 4373 terram.
1455 4315 1562 4370 Sed
1595 4315 1770 4368 adhuc
1797 4314 1882 4367 his
1903 4313 2109 4383 pejora,

537 4438 657 4491 qua:
689 4427 848 4472 antea
904 4415 1004 4469 sth
1058 4423 1259 4464 terram
1304 4423 1466 4478 quam
1503 4407 1648 4460 circa
1687 4415 1883 4459 terram
1936 4405 2108 4459 fuere.

2203 3319 2263 3371 οὐ
2292 3319 2401 3390 γάρ
2425 3315 2492 3390 ἦν
2527 3321 2723 3392 νεκρὸν
2749 3322 2844 3374 ἕνα
2877 3323 3005 3377 ἰδεῖν
3037 3326 3129 3378 ἐπὶ
3161 3325 3457 3394 σκίμποδος
3488 3327 3779 3394 ἀγόμενον,
3853 3373 3858 3378 .

2203 3412 2352 3480 τρεῖς
2376 3409 2432 3462 δὲ
2459 3409 2490 3480 ἢ
2529 3410 2690 3464 πέντε
2722 3413 2907 3482 τυχὸν,
2940 3414 3034 3467 καὶ
3056 3416 3217 3478 ὅσους
3252 3416 3318 3470 ἂν
3341 3418 3390 3468 oi
3414 3414 3774 3485 ἀχθοφοροῦν-

2203 3516 2297 3562 τες
2338 3501 2654 3570 ἐκκομίζειν
2693 3503 2958 3572 ἠδύναντο
2981 3521 2996 3537 ο
3032 3504 3062 3557 ὃ
3105 3505 3160 3558 δὲ
3209 3507 3650 3576 παραδοξότατον
3688 3507 3782 3558 καὶ

2206 3588 2388 3658 πάσης
2409 3590 2579 3661 γέμον
2606 3593 2942 3663 ἐκπλήξεως,
2967 3593 3077 3647 ἐσθ’
3099 3596 3187 3648 ὅτε
3211 3598 3260 3648 οἱ
3285 3596 3379 3650 ἐπὶ
3407 3601 3473 3667 τῇ
3501 3599 3646 3666 ταφῇ
3673 3596 3782 3648 τῶν

2206 3679 2657 3752 προτεθνηκότων
2718 3683 3117 3748 σπουδάζοντες
3169 3687 3314 3739 κατὰ
3364 3687 3490 3748 τοὺς
3540 3688 3784 3754 τάφους,

2207 3771 2452 3836 ἐκείνους
2479 3773 2824 3846 προέφθανον
2847 3792 2861 3806 ο
2889 3777 3064 3841 οὕτως
3093 3776 3290 3849 ἀθρόον
3316 3776 3782 3848 ἀναρπαζόμενοι,

2207 3863 2304 3916 καὶ
2326 3861 2514 3934 ῶσπερ
2545 3865 2792 3935 ἀλλήλοις
2821 3866 2898 3937 τῷ
2927 3866 3142 3938 θανάτῳ
3167 3869 3743 3941 προσεπεμϐαίνοντες
3767 3885 3781 3900 ·

2208 3954 2305 4008 καὶ
2332 3954 2403 4006 τὰ
2438 3956 2496 4008 ἐν
2523 3955 2735 4020 τούτοις
2763 3957 2995 4028 δείματα
3013 4002 3027 4025 ,
3056 3959 3133 4024 ῶς
3161 3961 3378 4027 ἐξαίσιά
3405 3979 3465 4015 τε
3499 3965 3595 4016 καὶ
3622 3979 3788 4034 τερα-

2212 4042 2352 4115 τώδη
2394 4048 2798 4118 φαντάσματα,
2854 4052 2952 4103 καὶ
3009 4052 3383 4123 ἀνθρωπείαις
3444 4055 3636 4118 ἀκοαῖς
3694 4055 3790 4108 καὶ

2209 4136 2473 4201 διανοίαις
2516 4139 2645 4205 ξένα
2689 4140 2787 4194 καὶ
2827 4142 3194 4212 ἀδιάγνωστα,
3230 4145 3266 4200 ἃ
3300 4146 3396 4200 καὶ
3445 4143 3665 4217 νύκτωρ
3696 4147 3792 4199 καὶ

2215 4225 2334 4296 μεθ’
2381 4226 2595 4299 ἡμέραν
2636 4229 2847 4300 ἑωρᾶτό
2879 4247 2938 4284 τε
2978 4233 3070 4284 καὶ
3117 4232 3350 4302 ἠκούετο
3389 4233 3470 4296 είς
3511 4227 3790 4303 προῦπτον

2211 4319 2325 4380 τοῖς
2356 4317 2602 4393 πολλοῖς·
2649 4322 2965 4389 φαντασιῶν
3009 4339 3070 4376 τε
3109 4323 3203 4377 καὶ
3246 4323 3614 4394 ἀκουσμάτων
3648 4323 3792 4395 ὑπὲρ

2214 4408 2458 4479 κεφαλῆς
2507 4410 2947 4482 ἐπιφαινομένων
2997 4414 3094 4468 καὶ
3141 4415 3512 4469 ἀπειλούντων
3545 4415 3639 4468 τὸν
3673 4414 3794 4466 ὄλε-

540 4512 654 4565 Νοιι
689 4510 832 4562 enim
865 4506 978 4573 jam
1030 4502 1236 4554 diutius
1285 4507 1634 4567 peccatorum
1683 4495 2101 4565 magnitudinem

2215 4498 2376 4571 θρον,
2419 4503 2513 4554 καὶ
2544 4506 2913 4575 προσηγορίαι
2952 4505 3016 4575 δή
3053 4523 3201 4568 τινες
3224 4548 3238 4570 ,
3275 4507 3370 4560 καὶ
3409 4507 3644 4578 ἀριθμὸς
3683 4507 3794 4558 τῶν

542 4604 700 4656 tellus
736 4599 962 4652 ferebat.
993 4592 1267 4660 Quantum
1296 4589 1396 4644 fuit
1427 4600 1585 4644 terrae
1628 4598 1892 4648 motuum,
1928 4587 2112 4642 tremi-

539 4702 688 4745 tuum
717 4685 881 4756 134
905 4695 958 4738 et
999 4681 1416 4736 concussionum
1453 4680 1748 4748 negotium,
1781 4677 2108 4732 horrendum

543 4797 769 4852 prorsus
803 4788 856 4832 et
898 4787 1135 4831 mentem
1170 4774 1583 4841 orationemque
1633 4772 1922 4825 humanam
1955 4787 2113 4826 exce-

541 4873 708 4928 dens!
751 4868 1086 4923 Videbantur
1116 4866 1262 4919 cnim
1300 4864 1507 4918 telluris
1549 4864 1696 4932 quati
1731 4863 2112 4927 fundamenta,

541 4979 714 5032 eaque
759 4959 1075 5015 cardinibus
1110 4970 1376 5010 concussa
1423 4957 1590 5008 everti
1639 4964 1694 5008 et
1726 4955 1975 5020 distrahi,
2015 4969 2114 5009 nec

535 5057 646 5124 jam
683 5053 868 5108 sedem
909 5064 1060 5103 suam
1109 5059 1416 5115 nexumque
1447 5054 1654 5098 tenere.
1700 5043 1812 5110 Qua
1861 5060 2026 5114 super
2059 5060 2114 5098 re

545 5148 724 5203 verbis
767 5144 1097 5216 parcendum
1151 5154 1385 5203 censeo;
1421 5153 1653 5207 namque
1683 5139 1921 5208 ipsorum
1970 5152 2118 5191 sum-

543 5251 858 5311 ptuosornm
885 5233 1262 5296 aedificiorum,
1278 5241 1333 5285 et
1354 5230 1600 5284 villarum
1621 5231 2118 5295 ornatissimarum,

545 5333 674 5384 tuba
720 5327 919 5392 veluti,
972 5325 1209 5377 clamant
1265 5323 1467 5385 ruinte,
1505 5335 1627 5390 quae
1683 5320 1980 5374 incolarum
2020 5336 2120 5390 op-

545 5435 856 5491 pressorum
910 5417 1066 5471 facta:
1113 5423 1239 5471 sunt
1288 5412 1584 5480 sepultura:
1616 5435 1627 5465 ;
1663 5413 1778 5467 hate
1804 5413 1944 5466 enim
1991 5413 2119 5467 sub-

545 5530 701 5568 versa
754 5523 914 5566 terra:
955 5518 1098 5562 motu
1155 5505 1384 5561 :ediftcia
1420 5502 1554 5558 fecit
1577 5504 1657 5558 eis
1700 5503 1946 5574 sepulcra
1987 5503 2118 5559 ultio

568 5756 578 5766 .
614 5688 727 5755 (75)
760 5685 974 5766 μείρεο
1001 5681 1364 5766 calamitates,
1384 5678 1833 5766 nominatimque
1862 5680 2121 5766 pestilen:

543 5751 649 5813 tias
693 5751 795 5812 sub
842 5751 1184 5823 Copronymo
1239 5751 1564 5813 savientes,
1618 5753 1817 5820 passim
1870 5751 2117 5808 historici

2216 4595 2340 4648 ὅσον
2389 4595 2544 4650 οὔπω
2599 4597 3010 4668 τεθνηξομένων
3063 4600 3390 4670 ἐξηκούετω
3446 4602 3542 4655 καὶ
3583 4600 3652 4654 τά
3696 4601 3796 4672 μὲν

2217 4686 2360 4756 ὑπὲρ
2399 4685 2504 4756 γῆν
2537 4687 2762 4740 τοιαῦτα
2808 4690 2904 4742 xci.
2948 4688 3155 4743 τούτων
3193 4690 3274 4744 ἔτι
3322 4690 3577 4762 χείρονα,
3621 4691 3690 4744 τὰ
3737 4689 3794 4742 δὲ

2218 4779 2349 4848 πρὶν
2385 4778 2488 4832 ὑπὸ
2518 4778 2622 4848 γῆν
2649 4779 2694 4849 “ἦ
2739 4781 2868 4850 περὶ
2897 4782 3000 4851 γῆν
3023 4796 3037 4811 ·
3077 4783 3138 4835 οὐ
3190 4783 3301 4854 γὰρ
3336 4783 3417 4836 ἔτι
3447 4784 3556 4837 τῶν
3593 4781 3796 4850 ἀσεϐη-

2222 4871 2406 4940 μάτων
2425 4871 2487 4924 τὺ
2519 4870 2748 4940 μέγεθος
2781 4871 2974 4943 ἔφερεν
2997 4876 3157 4948 ὁποῖα
3181 4874 3290 4926 τῶν
3315 4859 3415 4944 μὲν
3437 4873 3677 4944 σεισμῶν
3704 4874 3798 4926 καὶ⁵

2221 4960 2485 5032 βρασμῶν
2518 4964 2614 5014 καὶ
2650 4963 3044 5034 ἀνατιναγμῶν
3074 4965 3136 5018 τὸ
3170 4965 3358 5035 χρῆμα
3384 5005 3399 5031 ,
3453 4966 3528 5029 ὡς
3561 4964 3797 5028 ἐξαίσιον

2222 5050 2318 5103 καὶ
2347 5050 2472 5103 νοῦν
2505 5053 2600 5104 καὶ
2635 5051 2791 5120 λόγον
2821 5053 3122 5124 ὑπεραῖρον
3154 5053 3498 5124 ἀνθρώπειον
3519 5071 3531 5084 ·
3567 5053 3801 5122 ὑπεφαί-

2221 5158 2342 5193 νετο
2379 5141 2489 5213 γὰρ
2521 5142 2691 5212 αὐτῆς
2723 5145 3177 5200 κατακλονεῖσθαι
3213 5149 3280 5200 τὰ
3315 5146 3566 5217 θεμέλια,
3606 5146 3699 5200 καὶ
3734 5148 3800 5200 ἐκ

2220 5233 2497 5305 πυθμένος
2539 5236 2947 5308 ἀνατετράφθαι
2982 5238 3443 5310 ἀναϐρασσόμενα
3477 5242 3571 5295 καὶ
3598 5241 3805 5294 διιστά-

2223 5342 2362 5396 μενα
2385 5365 2400 5390 ,
2437 5327 2534 5380 καὶ
2567 5326 2758 5400 ὥσπερ
2809 5330 3122 5400 ἀρνούμενα
3155 5331 3254 5402 τὴν
3289 5331 3504 5386 ἐαυτῶν
3542 5331 3704 5402 ἕδραν
3743 5348 3802 5384 τε

2225 5417 2319 5469 καὶ
2351 5417 2638 5487 συνέχειαν
2659 5435 2672 5450 ·
2700 5411 2745 5486 ᾧ
2779 5419 2904 5473 οὐδέ
2945 5420 3118 5489 λόγων
3143 5416 3299 5490 οἶμαι
3335 5421 3553 5491 δεήσειν
3577 5435 3590 5448 '
3624 5419 3805 5472 αὐτῶν

2225 5510 2334 5582 γάρ
2379 5511 2487 5564 τῶν
2521 5511 2830 5566 πολυτελῶν
2879 5513 3196 5583 οἰκημάτων
3223 5553 3235 5575 ,
3279 5512 3377 5565 καὶ
3419 5511 3525 5564 τῶν
3557 5511 3806 5582 κτήσεων

2229 5682 2517 5755 Byzantini
2554 5695 2663 5739 tttm
2688 5685 2818 5741 editi
2852 5695 2962 5740 tum
3000 5686 3186 5740 inediti
3218 5695 3440 5740 narrant
3498 5684 3560 5739 Et
3587 5683 3805 5754 quidem

2231 5763 2416 5810 noster
2449 5759 2562 5824 ipse
2591 5755 2926 5826 Nirephorus
2960 5759 3011 5812 in
3052 5757 3328 5814 Brcvtario
3377 5757 3658 5816 historico.
