4072 6324
261 421 357 488 497

960 431 1586 494 ANTIRRHETICUS
1625 433 1717 494 III
1755 435 1924 496 ADV.
1965 432 2555 495 CONSTANTINUM
2592 431 2806 493 COPR.

3373 377 3375 379 1
3407 426 3517 487 49‘?

261 539 364 592 τῶν
403 512 942 611 κεκαλλωπισμένων
971 544 1222 609 σαλπίζει
1259 546 1401 616 μέγα
1442 547 1508 600 τὰ
1538 543 1828 616 πτώματα,

1946 549 2137 604 iivina.
2168 549 2346 617 Atque
2390 548 2504 602 haec
2536 542 2890 615 potissimum'
2925 542 3208 599 calamitas
3261 543 3511 598 incubuit

261 630 294 685 ἃ
321 628 428 682 τῶν
459 630 775 685 ὑποδύντων
806 635 900 686 καὶ
929 636 1317 704 πεπιεσμένων
1357 637 1577 704 ἐγένετο
1605 636 1837 690 πολυάν-

261 721 377 790 δρια
398 737 413 752 ο
446 721 652 791 τάφους
680 723 792 793 γάρ
815 723 994 777 αὐτῶν
1026 728 1059 796 ἡ
1099 726 1379 797 θεόκριτος
1407 727 1530 797 δίκη
1566 728 1836 781 ἐπικατα-

1943 639 2091 695 circa
2123 638 2288 693 colles
2317 646 2372 694 et
2399 639 2702 692 eminentes
2730 637 2908 699 locos,
2944 650 3064 704 qua
3105 650 3249 690 nunc
3293 651 3512 706 quoque

1946 728 2089 780 circa
2131 726 2334 796 regiam
2373 726 2557 781 urbem
2589 726 2778 780 rudera
2804 725 3008 792 iacent.

263 813 540 868 σεισθέντα
573 815 644 867 τὰ
686 816 979 886 δομήματα
1014 820 1330 890 ἐσχεδίασε·
1361 821 1457 874 καὶ
1489 821 1651 875 τοῦτο
1722 822 1856 875 πολὺ
1900 821 2138 890 μάλιστα
2177 820 2240 873 τὸ
2278 819 2450 884 πάθος
2490 820 2806 889 κατέσκηψε
2888 820 3034 872 κατά
3073 820 3170 884 τὰς
3200 818 3391 888 λοφιὰς
3423 819 3517 871 καὶ

261 904 325 957 τά
354 903 725 974 ὑπερκείμενα
749 907 948 977 χωρία,
983 905 1018 961 ἀ.
1040 908 1103 978 δὴ
1133 909 1275 962 κατὰ
1301 912 1361 962 τὸ
1394 910 1664 980 βασίλειον
1693 910 1827 964 ἄστυ
1869 910 2031 980 μέχρι
2061 911 2300 980 σήμερον
2327 909 2545 979 ἐρείπια
2577 909 2890 978 βέϐληνται.

332 993 435 1059 ξςν.
475 997 548 1048 Ού
589 996 695 1066 μὴν
723 997 844 1051 ούδέ
879 998 948 1051 τά
977 1000 1036 1064 ἐξ
1069 1001 1230 1071 ἀέρος
1271 1003 1502 1072 δείματα
1532 1005 1834 1075 ἐπηρεμεῖν

262 1086 687 1156 ἢέφησυχάςειν
736 1089 1097 1161 ὑϐριζομένου
1142 1090 1236 1147 τοῦ
1270 1094 1506 1149 Κτίστου
1548 1097 1830 1166 ἠνείχετο·

262 1175 434 1228 ἐδόκει
475 1175 584 1246 γάρ
613 1180 728 1240 τοῖς
776 1179 838 1231 τὸ
875 1181 1130 1249 τηνικάδε
1179 1181 1511 1253 ἀνθρώποις,
1548 1186 1675 1248 τοὺς
1710 1185 1832 1238 κατ’

261 1265 486 1334 οὐρανὸν
528 1267 765 1338 ἀστέρας
815 1270 910 1323 ἐπλ⁸
953 1272 1058 1342 γῆς
1103 1273 1360 1344 ἐρῤίφθαι
1403 1275 1650 1338 ἅπαντας
1696 1277 1834 1344 ῥαγ-

262 1356 454 1423 δαίως,
506 1358 650 1412 οὕτω
679 1359 773 1413 καὶ
821 1362 1188 1431 συνεχέστατα
1233 1364 1329 1418 τοῦ
1365 1366 1550 1436 ἀερίου
1595 1365 1834 1431 πάθους,

263 1448 360 1501 ἀνὰ
397 1448 498 1519 τῆς
529 1451 860 1520 οἰκουμένης
889 1448 1045 1522 οἶμαι
1091 1453 1162 1507 τὰ
1203 1456 1418 1526 πέρατα
1452 1456 1649 1527 ἀθρόον
1681 1439 1838 1509 em;

264 1538 493 1610 χυμένου
521 1557 534 1573 ο
559 1541 694 1610 ὁμοῦ
724 1542 834 1613 γὰρ
872 1545 964 1596 καὶ
992 1545 1135 1598 κατά
1156 1547 1352 1600 ταυτὸν
1375 1548 1430 1600 οἵ
1455 1564 1513 1600 τε
1534 1549 1633 1617 τὴν
1664 1548 1841 1619 Ἐᾠαν

263 1632 314 1683 οἵ
339 1648 398 1684 τε
423 1630 524 1702 τὴν
560 1631 854 1704 Ἑσπερίαν
887 1635 1229 1707 διειληφότες
1262 1640 1504 1702 ἅπαντες
1530 1638 1714 1707 λῆξιν,
1747 1640 1842 1693 καί

262 1720 436 1776 ταῦτα
471 1722 740 1792 χειμῶνος
771 1724 890 1797 ὥρᾳ
910 1728 1005 1780 καὶ
1029 1729 1224 1792 νυκτὸς
1250 1730 1641 1800 ἐπιγενομένης
1667 1729 1846 1800 ἐωράο

2009 1003 2095 1058 66.
2135 1002 2238 1057 Sed
2288 1016 2460 1071 neque
2495 1002 2636 1056 aeris
2666 1010 2936 1065 terrores,
2970 1001 3235 1055 Creatore
3268 1001 3475 1058 otl'ensu
3497 1042 3516 1067 ,

1938 1095 2224 1164 quiescere
2255 1108 2318 1148 ac
2339 1093 2502 1146 silere
2529 1101 2798 1161 poterant.
2836 1090 3175 1145 Videbantur
3205 1081 3350 1145 enim
3382 1102 3511 1148 tunc

1941 1183 2252 1240 hominibus
2293 1183 2360 1238 de
2414 1183 2554 1238 cmlo
2595 1183 2775 1237 sidera
2819 1183 2870 1236 in
2905 1192 3104 1236 terram
3145 1197 3266 1236 cum
3309 1183 3514 1252 impetu

1941 1277 2121 1332 omnia
2154 1290 2344 1342 ruere,
2403 1274 2474 1328 ita
2517 1274 2866 1328 continenter
2895 1288 3054 1326 aerea
3108 1273 3517 1342 perturbatione

1945 1382 2041 1438 per
2072 1367 2309 1420 universi
2357 1366 2507 1421 orbis
2541 1365 2805 1419 terminos
2851 1366 3032 1419 subito
3083 1364 3280 1419 diffusa
3312 1383 3327 1420 :
3359 1365 3516 1420 simul

1944 1457 2090 1510 enim
2153 1457 2452 1526 eodemque
2499 1465 2742 1524 tempore
2798 1464 2910 1507 tum
2964 1454 3348 1516 Orientalium,
3404 1465 3516 1509 tum

1947 1548 2363 1617 Hespericarum
2397 1547 2674 1617 regionum
2709 1546 2916 1611 incolas,
2952 1555 3007 1600 et
3040 1545 3216 1600 hieme
3249 1554 3303 1600 et
3331 1555 3517 1611 noctu,

1947 1639 2062 1694 bace
2094 1639 2212 1693 ﬁeri
2257 1637 2535 1692 videbant.
2580 1635 2689 1692 Nec
2744 1651 2873 1690 vero
2906 1635 3222 1705 quisquam,
3267 1644 3428 1704 prout
3463 1636 3517 1690 bi

1946 1731 2191 1802 praeclari
2223 1730 2429 1784 iaciunt
2449 1771 2462 1793 .
2494 1729 2737 1784 caelestia
2771 1730 2906 1793 haec,
2935 1729 3223 1784 nebulosus
3253 1729 3519 1798 quosdam

264 1827 428 1866 κεσαν
449 1831 463 1844 ·
499 1815 594 1867 καὶ
631 1817 703 1887 μή
737 1833 818 1880 τις
861 1819 995 1888 ἡμῖν
1034 1820 1272 1874 ἐνταῦθα
1301 1821 1444 1875 κατὰ
1473 1823 1601 1886 τοὺς
1632 1822 1840 1886 δεινοὺς

1947 1825 2255 1893 densosque
2278 1837 2507 1891 vapores
2539 1821 2708 1876 fuisse
2735 1821 2974 1890 objiciat,
3004 1821 3200 1888 quibus
3233 1821 3379 1875 circa
3412 1828 3522 1874 ter-

246 1902 329 1954 ’τὰ
353 1903 634 1974 μετέωρα,
669 1906 978 1972 καπνώδεις
1002 1909 1153 1973 τινάς
1183 1911 1579 1982 ἀναθυμιάσεις
1608 1913 1702 1966 καὶ
1733 1930 1841 1966 πα-

263 1992 416 2061 χείας
453 1994 900 2066 ἀντιπαρατιθεὶς
953 2000 1304 2070 προϐαλέσθω
1329 2041 1344 2067 ,
1397 2002 1489 2071 ὑφ’
1524 1996 1598 2056 ὧν
1623 2004 1652 2056 ὁ
1679 2003 1841 2075 περί-

263 2101 411 2154 γειος
458 2087 954 2159 ὑποπιμπλάμενος
1005 2089 1144 2160 ἀὴρ,
1175 2086 1294 2144 εἶτα
1321 2092 1463 2145 κατά
1493 2094 1592 2162 τὴν
1630 2092 1842 2148 οἰκείαν

264 2179 439 2250 φορὰν
467 2179 634 2248 ὑψόσε
654 2180 1015 2252 διαιρόμενος,
1042 2183 1137 2235 καὶ
1158 2184 1239 2246 εἰς
1276 2183 1369 2237 τὸν
1397 2183 1638 2254 αἰθέριον
1671 2185 1842 2256 ὑπερ-

263 2273 591 2341 εκχεόμενος
636 2272 817 2344 χῶρον
843 2315 858 2339 ,
918 2273 1027 2326 ὑπό
1067 2290 1128 2326 τε
1162 2274 1263 2345 τῆς
1307 2274 1624 2338 ἐκκαύσεως
1675 2293 1846 2346 μετα-

262 2361 496 2429 ϐάλλων,
526 2364 654 2425 τοὺς
702 2363 1033 2434 λεγομένους
1073 2365 1312 2436 ἀστέρας
1355 2366 1707 2437 διᾴττοντας,
1743 2367 1844 2432 τάς

259 2470 317 2508 τε
348 2455 578 2524 φλόγας,
611 2456 860 2517 καὶτοὺς
891 2456 1084 2521 δαλοὺς
1125 2458 1500 2529 καλουμένους
1532 2460 1841 2530 συνίστησι,

261 2545 512 2612 κομήτας
558 2561 616 2596 τε
654 2539 764 2606 αὖ,
804 2544 899 2596 καὶ
946 2543 1273 2612 πωγωνίας,
1321 2546 1418 2599 καὶ
1465 2547 1566 2600 ὅσα
1616 2548 1845 2603 τοιαῦτα

262 2629 585 2702 ὑποφαίνειν
617 2631 828 2702 πέφυκε
865 2634 1157 2704 σχήματαο
1186 2633 1303 2688 ἀλλ’
1339 2631 1398 2688 εὖ
1434 2636 1569 2690 ῐστω
1601 2637 1678 2702 ὡς
1718 2655 1844 2692 και-

260 2721 487 2792 νοτομία
515 2721 637 2775 τότε
667 2724 799 2794 περὶ
834 2725 903 2777 τὰ
937 2727 1180 2795 στοιχεῖα
1204 2726 1529 2796 γεγένηταιο
1555 2730 1624 2783 τά
1648 2746 1708 2782 τε
1735 2731 1846 2800 γάρ

262 2813 445 2884 μέτρα
474 2813 570 2866 καὶ
595 2812 692 2884 τὴν
714 2814 928 2869 ἑαυτῶν
952 2816 1109 2882 τάξιν
1139 2816 1436 2886 ἐκϐέϐηκε,
1461 2818 1522 2872 τὸ
1553 2821 1683 2891 περί
1709 2820 1847 2874 αὐτὰ

259 2903 439 2968 πάθος
475 2904 898 2974 ἐνδεικνύμενα,
930 2905 1026 2959 καί
1058 2922 1178 2970 πως
1221 2907 1422 2979 ἑαυτὴν
1456 2911 1489 2978 ἡ
1531 2910 1711 2974 κτίσις
1753 2929 1848 2983 μι-

263 2996 451 3064 μεῖται
477 3039 490 3060 ,
525 2995 602 3059 ὡς
654 2995 722 3050 ἂν
763 2997 898 3067 μηδέ
949 2997 1186 3052 ἐνταῦθα
1229 2997 1326 3052 τοῦ
1383 3000 1583 3053 παθεῖν
1630 3003 1848 3056 ἀπολεί-

261 3101 444 3152 ποιτο,
479 3087 514 3157 ἢ
543 3088 640 3141 καὶ
667 3087 810 3140 κατά
834 3087 898 3141 τὸ
929 3088 1099 3152 πάθος
1131 3087 1372 3159 Χριστοῦ
1403 3090 1462 3142 τὸ
1489 3091 1576 3144 διά
1606 3091 1844 3163 σταυροῦ

1948 1931 2064 1970 ram
2089 1930 2182 1970 aer
2205 1914 2457 1977 refertus,
2483 1913 2677 1968 deinde
2702 1925 2802 1966 suo
2829 1911 3046 1980 proprio
3071 1925 3235 1966 cursu
3269 1912 3321 1965 in
3349 1911 3517 1964 altum

1948 2007 2148 2074 elatus,
2195 2015 2252 2061 et
2303 2004 2359 2059 in
2416 2003 2637 2059 aetheris
2676 2002 2972 2072 permistus
3029 2002 3286 2072 regione,
3339 2001 3523 2056 calore

1947 2109 2229 2167 concepto,
2279 2095 2358 2149 ita
2387 2094 2532 2149 dicta
2562 2103 2708 2146 astra
2751 2090 3110 2146 discurrentia
3158 2089 3423 2154 effecerit,
3463 2100 3521 2144 et

1950 2187 2158 2242 faculas
2206 2195 2257 2240 et
2285 2184 2504 2238 titiones
2547 2180 2878 2250 appellatos,
2921 2188 3170 2233 cometas
3196 2193 3432 2246 quoque,
3464 2185 3520 2231 et

1951 2278 2208 2334 barbatos
2274 2274 2546 2344 globulos,
2578 2281 2631 2326 et
2679 2284 3015 2340 qua‘cunque
3064 2267 3166 2323 alia
3217 2268 3521 2338 ltujnsmodi

1949 2367 2129 2425 solent
2191 2367 2542 2435 phanomena
2603 2374 2929 2429 apparere;.
2974 2357 3070 2412 sed
3140 2358 3310 2426 probe
3383 2356 3524 2411 sciat

1951 2473 2150 2514 novum
2184 2469 2372 2511 revera
2424 2452 2626 2520 aliquid
2663 2461 2791 2505 tunc
2825 2450 2876 2502 in
2907 2447 3189 2502 elementis
3220 2447 3521 2505 exstitisse.

1951 2550 2162 2605 Etenim
2198 2546 2415 2603 modulo
2459 2544 2622 2600 solito
2667 2552 2830 2612 atque
2882 2540 3076 2595 ordine
3131 2549 3522 2604 excesserunt,

1951 2638 2193 2694 dolorem
2240 2650 2395 2691 suum
2439 2633 2508 2688 ob
2543 2646 2634 2687 eas
2683 2647 2770 2686 res
2803 2628 3169 2685 ostendentia.
3199 2627 3379 2696 Seque
3405 2628 3524 2696 ipsa

1951 2727 2352 2800 quodammodo
2380 2732 2572 2778 natura
2603 2721 2936 2784 imitabatur,
2967 2729 3024 2773 ut
3055 2735 3124 2774 ne
3161 2729 3270 2773 tum
3300 2719 3522 2787 quidem

1952 2819 2062 2890 pati
2095 2819 2408 2880 omitteret,
2457 2829 2576 2884 quae
2622 2812 2841 2868 Christo
2881 2811 3174 2867 salutarem
3209 2810 3522 2881 passionem

1955 2911 2007 2964 in
2037 2921 2198 2964 cruce
2244 2907 2502 2971 obeunte,
2537 2903 2784 2959 Creatori
2812 2918 2910 2958 suo
2942 2918 3006 2957 ac
3038 2901 3264 2956 Domino
3293 2899 3532 2970 patienti-

1954 3013 2236 3066 compassa
2271 2995 2479 3060 fuerat;
2525 3008 2634 3064 quo
2677 3001 2922 3063 tempore
2955 2991 3242 3046 luminaria
3278 2989 3521 3045 coelestia

1956 3086 2188 3141 invicem
2237 3091 2672 3150 concurrerunt,
2715 3082 3059 3151 tenebraeque
3090 3081 3319 3136 insolitae
3345 3090 3398 3134 et
3442 3079 3525 3133 in-

257 3175 318 3229 τδ
346 3179 623 3248 σωτήριον
643 3218 659 3244 ,
694 3177 772 3248 τῷ
792 3178 1000 3250 κτίστῃ
1023 3180 1117 3232 καὶ
1141 3179 1387 3252 Δεσπότῃ
1416 3181 1722 3253 συνέπασχε
1745 3184 1841 3239 πά·

1957 3177 2324 3246 tempestivae,
2369 3174 2545 3230 diurni
2586 3173 2808 3228 luminis
2844 3173 3041 3228 seriem
3088 3173 3524 3242 interruperunt,

261 3279 452 3335 σχοντι
479 3307 494 3332 ,
529 3267 690 3338 ἡνίκα
721 3267 1014 3350 φωστῆρες
1047 3269 1365 3338 παραδόξως
1430 3270 1685 3342 ἀλλήλοις
1719 3290 1845 3326 συν-

259 3355 510 3428 έτρεχον,
535 3359 631 3414 καὶ⁸
663 3359 853 3424 σκότος
881 3359 1030 3425 ξένον
1061 3361 1155 3413 καὶ
1178 3358 1380 3430 ἄωρον,
1414 3360 1476 3412 τὸ
1504 3361 1727 3431 συνεχὲς
1751 3359 1847 3415 τοῦ

261 3450 448 3517 φωτὸς
481 3451 579 3521 τῆς
615 3451 836 3522 ἡμέρας
871 3451 1163 3516 διέκοπτε,
1214 3451 1309 3504 καὶ⁹
1341 3449 1540 3520 πέτραι
1583 3450 1845 3522 διερρήγ-

1951 3278 2008 3325 et
2057 3277 2223 3339 petra:
2270 3266 2455 3322 scissae
2500 3272 2659 3331 sunt,
2713 3274 2767 3319 et
2800 3262 3070 3331 patefacta
3126 3261 3411 3332 sepulcra,
3467 3271 3524 3316 et

1953 3361 2154 3416 mortui
2187 3359 2539 3424 revixerunt,
2572 3366 2626 3411 et
2658 3366 2926 3425 quotquot
2955 3355 3060 3410 alia
3113 3363 3243 3411 tunc
3280 3353 3525 3424 contige-

1953 3458 2104 3518 l'lllll,
2130 3457 2331 3504 statum
2358 3463 2513 3502 suum
2545 3456 2794 3502 creatura
2827 3453 3099 3501 novante._

256 3556 443 3606 νυντο,
471 3540 567 3593 καὶ
601 3539 765 3607 τάφοι
788 3539 1088 3609 ⁴ιλνοίγοντο,
1119 3543 1213 3594 καὶ
1247 3538 1434 3610 νεκροὶ
1462 3535 1834 3607 ἐξανίσταντο,
1873 3538 1971 3594 καὶ
2005 3539 2176 3594 τᾶλλα
2242 3539 2347 3594 ὅσα
2384 3537 2667 3592 συνέϐαινε
2703 3536 3213 3608 καινοτομουμένης
3268 3537 3369 3607 τῆς
3401 3535 3527 3590 κτί-

260 3647 420 3692 σεως.

327 3718 575 3775 Τοιαῦτα
622 3719 872 3790 ἔγνωμεν
921 3723 1017 3776 καὶ
1070 3724 1239 3778 πάλαι
1289 3727 1432 3781 κατὰ
1473 3726 1584 3780 τῶν
1629 3725 1842 3781 ἀσεϐῶν

257 3808 641 3878 ἀπειλούμενα
686 3811 782 3863 καὶ
821 3811 1154 3882 τελούμενα,
1198 3805 1438 3885 ὁπηνίκα
1485 3817 1555 3871 τὰ
1605 3819 1844 3887 στοιχεῖα

257 3899 533 3972 ὑπερόρια
573 3899 804 3966 γίνοιτο,
864 3904 978 3966 τοῖς
1027 3901 1193 3967 θείοις
1257 3906 1676 3976 ὑπηρετούμενα
1725 3906 1844 3960 νεύ-

260 4004 470 4058 μασινο
527 3989 822 4058 ἀπιστήσει
867 3990 914 4043 δ’
959 3990 1159 4054 οὐδεὶς,
1199 3993 1233 4064 ἢ
1276 3993 1424 4058 ὅστις
1485 3996 1584 4064 τὴν
1619 3996 1844 4064 ἄγνοιαν

254 4077 366 4130 τῶν
416 4075 514 4130 τοῦ
565 4077 700 4130 Θεοῦ
746 4079 1035 4149 κριμάτων
1090 4070 1487 4154 ἠρνρώστηκεν·
1549 4087 1680 4156 ἡμῖν
1729 4087 1840 4157 γὰρ

257 4167 518 4220 πειστέον
572 4170 689 4232 τοῖς
725 4172 1140 4242 γεγραμμένοις
1176 4173 1329 4244 παρὰ
1363 4174 1458 4228 τοῦ
1501 4176 1840 4246 Πνεύματος,

255 4257 338 4311 δτι
382 4258 650 4325 Ἀσεόεῖς
702 4261 1164 4330 πλησθήσονται
1200 4264 1420 4321 κακῶν.
1465 4266 1608 4319 Καί·
1639 4267 1844 4336 Ἀμαρ-

255 4347 553 4415 τάνοντας
582 4349 853 4414 διώξεται
904 4353 1081 4408 κακά.
1112 4357 1222 4408 Καὶ
1243 4397 1259 4423 ,
1312 4357 1412 4411 Ἐν
1441 4359 1621 4424 κακίᾳ
1653 4358 1842 4415 αὑτοῦ

255 4437 568 4494 ἀπολεῖται
599 4444 632 4495 ὀ
658 4443 906 4511 ἀσεϐής.
936 4444 1047 4498 Καί
1067 4462 1081 4477 ο
1115 4446 1502 4503 Φυλάσσεται
1543 4453 1576 4504 ὀ
1615 4449 1844 4518 ἀσεϐὴς

256 4531 344 4595 εἰς
390 4529 624 4598 ἡμέραν
678 4533 893 4601 κακήν.
932 4535 1076 4590 Καίο
1104 4539 1209 4604 Εἰς
1256 4539 1488 4594 κόλπον
1537 4541 1846 4610 ἐπέρχεται

257 4621 460 4676 πάντα
488 4623 613 4690 τοῖς
659 4627 914 4694 ἀδίκοις.
969 4630 1080 4684 Καὶ
1122 4631 1410 4702 πρόκειταί
1439 4635 1567 4704 γεή
1612 4634 1838 4704 Σοδομιο

257 4713 368 4768 τῶν
387 4755 404 4782 ,
432 4715 535 4783 τῆς
563 4715 712 4780 θείας
740 4719 912 4790 ὀργῆς
940 4719 1138 4792 δεῖγμα
1180 4725 1278 4777 καὶ.
1310 4723 1608 4794 παίδευμα,
1650 4726 1738 4794 ἐφ’
1771 4725 1840 4796 ἧν

257 4803 318 4856 τὸ
343 4805 685 4860 καταϐάσιον
707 4808 1258 4883 πῦροιατομϐρῆσαν,
1288 4815 1357 4868 τά
1378 4814 1594 4885 ἐκείνης
1623 4814 1842 4870 ἅπαντα

260 4894 318 4945 ἐν
359 4894 554 4965 κύκλῳ
595 4896 1079 4970 καταϐοσκόμενον
1115 4902 1507 4974 ἀπετέφρωσεν
1531 4946 1546 4970 ,
1585 4899 1668 4968 οἷς
1703 4904 1838 4975 ὁμοῦ

260 4983 499 5038 καὶτῶν
535 4985 752 5058 ὁμόρων
809 4991 964 5054 τινάς
1006 4994 1070 5046 ἐκ
1117 4993 1336 5065 βάθρων
1377 4995 1556 5049 αὑτῶν
1596 5011 1839 5065 συγκατ-

260 5075 483 5146 εδήδοκε
517 5079 724 5144 πόλεις,
743 5074 818 5135 ὧν
857 5083 1026 5136 εἰσέτι
1063 5085 1156 5137 καὶ
1184 5085 1278 5138 νῦν
1305 5086 1379 5150 ῶς
1407 5103 1538 5156 φασι
1564 5089 1842 5158 τεκμήρια

257 5163 585 5230 διασώζεται
612 5185 626 5200 °
661 5171 752 5224 xui.
781 5172 984 5226 τούτων
1013 5191 1078 5242 γε
1116 5176 1382 5246 πρότερον
1421 5179 1459 5249 ἠ
1490 5178 1841 5250 γεγενημένη

258 5255 332 5324 τῷ
369 5258 565 5330 κόσμῳ
605 5260 665 5326 ἐξ
703 5262 913 5318 ὑδάτων
946 5265 1251 5330 ἐπίκλυσις,
1281 5268 1406 5322 καθ’
1439 5269 1508 5339 ἢν
1543 5269 1572 5341 ό
1605 5268 1836 5333 ὑετίζων

259 5343 492 5410 ἐξαίσια,
526 5347 757 5403 ἄπλετον
780 5352 934 5422 ἠφίει
964 5353 1106 5407 κατά
1131 5354 1242 5408 τῶν
1261 5358 1695 5428 ἡμαρτηκότων,
1724 5357 1838 5411 τῶν

257 5430 424 5499 ξένων
455 5438 682 5492 ἐκείνων
712 5442 809 5494 καὶ
842 5444 1164 5514 παραδόξων
1192 5445 1417 5516 ὄμϐρων
1441 5449 1540 5520 τὴν
1570 5449 1793 5519 ἔκχυσιν
1819 5467 1832 5482 ο

259 5525 343 5578 δίε
376 5528 628 5583 κάτωθεν
676 5532 774 5602 μὲν
818 5535 874 5587 αί
920 5536 1092 5604 πηγαί
1122 5537 1222 5606 τῆς
1256 5536 1497 5591 ἀϐύσσου
1539 5541 1835 5611 περιερρή-

259 5629 489 5684 γνυντο,
534 5617 770 5692 ῦπερθεν
816 5624 873 5678 δὲ
913 5625 1021 5678 τῶν
1063 5625 1311 5698 οὐρανῶν
1353 5629 1400 5681 οἰ
1455 5633 1836 5702 καταρράκται

2022 3721 2148 3778 Haec
2177 3721 2382 3779 scimus
2405 3721 2534 3777 olim
2567 3735 2784 3792 quoque
2814 3721 2992 3788 impiis
3022 3721 3186 3775 Deum
3215 3722 3521 3776 commina-

1951 3823 2064 3868 tum
2088 3852 2104 3878 ,
2136 3821 2192 3867 et
2223 3825 2412 3880 reapse
2445 3811 2531 3866 his
2565 3812 2799 3881 impacta
2851 3811 3042 3875 fuisse,
3073 3825 3196 3865 cum
3247 3810 3524 3867 elementa

1947 3905 2084 3960 fines
2108 3917 2238 3960 suos
2261 3910 2636 3968 excesserunt,
2667 3901 2866 3958 divinis
2890 3901 3243 3970 obsequentia
3275 3904 3528 3960 nutibus.

1949 3993 2229 4051 Discredet
2277 4002 2459 4048 autem
2514 4007 2694 4058 nemo,
2734 3993 2836 4047 nisi
2868 3993 3008 4048 forte
3057 3991 3153 4046 Dei
3185 3993 3531 4062 judiciorutn

1945 4082 2254 4155 ignorantia
2283 4081 2514 4136 laborat.
2545 4081 2660 4135 Nos
2690 4081 2905 4150 quidem
2932 4081 3232 4150 Scripturis
3270 4097 3300 4136 a
3332 4092 3531 4138 sancto

1950 4175 2158 4245 Spiritu
2191 4173 2410 4228 dictatis
2457 4181 2672 4242 oportet
2704 4172 2946 4245 credere.
2982 4171 3146 4241 [mpii
3177 4171 3531 4241 replebunlur.

1949 4265 2100 4319 mali:
2117 4265 2184 4320 "‘.
2227 4263 2292 4318 Et
2333 4262 2656 4318 :Peccantes
2689 4273 3064 4332 persequentur
3115 4262 3260 4316 mala
3284 4261 3352 4320 ⁷⁷.
3404 4262 3470 4318 Et
3501 4282 3526 4320 :.

1947 4354 2151 4424 Impius
2192 4355 2247 4408 in
2279 4353 2488 4408 malitia
2526 4371 2622 4408 sua
2655 4354 2843 4422 peribit
2861 4354 2929 4408 7'.
2967 4352 3035 4407 Et
3064 4369 3078 4407 :
3114 4352 3430 4408 Reservatur
3450 4357 3530 4409 ad

1948 4448 2086 4501 diem
2123 4445 2319 4500 malam
2336 4446 2403 4499 ".
2429 4445 2494 4501 Et
2533 4464 2562 4502 :.
2585 4445 2653 4501 In
2698 4447 2875 4500 sinum
2921 4455 3291 4502 convertentur
3329 4457 3520 4502 cuncta

1949 4537 2143 4608 iniquis
2164 4537 2234 4590 ³⁸.
2262 4535 2447 4590 Palam
2495 4545 2581 4592 est
2624 4547 2815 4592 contra
2850 4535 3161 4592 Sodomitas
3192 4538 3388 4592 divinae
3426 4541 3528 4594 irae.

1949 4629 2341 4684 demonstratio
2367 4638 2421 4684 et
2435 4630 2885 4699 correptio,.cum.
2907 4631 3061 4698 ignea
3091 4629 3272 4698 pluvia
3295 4631 3520 4688 descen-

1946 4720 2119 4785 dens,
2156 4721 2344 4775 omnia
2393 4721 2630 4788 regionis
2689 4720 2807 4790 eius
2861 4719 3166 4776 circulatim
3220 4723 3537 4793 depascens.

1944 4812 2156 4880 redegit
2183 4812 2236 4866 in
2265 4812 2538 4877 cinerem;
2561 4811 2886 4880 quibuscum
2914 4813 3272 4871 ﬁnitimorum
3298 4833 3520 4887 quoque

1946 4901 2232 4957 nonnullas
2288 4902 2450 4956 urbes
2504 4901 2646 4974 ignis
2701 4903 3036 4974 absumpsit,
3085 4921 3318 4976 quarum
3373 4923 3534 4963 nune

1945 4995 2150 5058 adhuc,
2182 5001 2240 5048 ut
2266 4995 2440 5061 alunt,
2487 4993 2686 5048 indicia
2720 5004 3039 5064 supersunt.
3075 4997 3216 5064 Quin
3265 5009 3321 5053 et
3353 5010 3514 5054 antea

1943 5100 2206 5154 aquarum
2234 5084 2494 5139 diluvium
2540 5086 2740 5140 mundo
2770 5100 3197 5156 supervenerat;
3233 5105 3342 5158 quo
3376 5100 3514 5142 tem-

1937 5190 2068 5247 pore
2113 5175 2348 5245 pluviale
2395 5177 2512 5230 sine
2552 5177 2658 5231 ﬁne
2703 5178 2926 5242 malum,
2969 5179 3288 5233 immensam
3347 5195 3524 5248 supra
3571 5186 3575 5189 '

1939 5276 2256 5335 peccatores
2280 5266 2617 5321 insolitarum
2640 5277 2802 5337 atque
2821 5269 3217 5324 incredibilium
3245 5284 3510 5338 aquarum

1940 5357 2156 5428 copiam
2204 5357 2436 5414 effudit:
2473 5373 2596 5412 cum
2641 5358 2853 5414 inferne
2903 5361 3084 5430 abyssi
3139 5361 3319 5415 fontes
3383 5373 3512 5415 sunt

1940 5449 2139 5518 dirupti
2163 5490 2178 5514 ,
2224 5464 2456 5519 superne
2523 5459 2706 5504 autem
2744 5451 2868 5506 coeli
2905 5462 3192 5506 cataracta:
3227 5450 3512 5521 patefactae

1941 5551 2106 5607 sunt,
2169 5542 2440 5598 universis
2488 5543 2712 5597 omnino
2756 5542 3133 5611 pereuntibus,
3186 5553 3240 5597 et
3293 5545 3514 5598 cunctis

1942 5641 2100 5705 terra:
2130 5633 2502 5689 cacuminibus
2537 5633 2747 5690 obrutis
2777 5649 2788 5685 :
2829 5646 2966 5686 unus
3001 5641 3180 5686 autem
3210 5633 3392 5702 justus
3427 5635 3509 5692 vir

316 5769 370 5856 "“
407 5771 574 5827 Prov.
606 5789 702 5840 xu,
727 5776 819 5829 2|.
896 5777 938 5809 ⁷⁷
971 5778 1132 5832 Prov.
1165 5793 1284 5844 χιιι,
1310 5777 1398 5832 ει.
1476 5780 1708 5836 "'l’rov.
1743 5799 1841 5850 xw,

1949 5825 1963 5840 .
2041 5786 2087 5818 τ’
2127 5787 2289 5842 Prov.
2319 5802 2430 5854 xvr,
2463 5789 2545 5842 ιθ.
2624 5787 2671 5820 ⁸ο
2697 5786 2857 5841 Prov.
2893 5801 3006 5855 χιιι,
3039 5788 3134 5858 55,
3154 5790 3253 5847 Gr.
