4072 6324
524 425 628 486 499

522 625 663 678 latus
697 620 985 677 incolumis
1014 620 1137 685 fuit,
1177 618 1313 672 alter
1344 615 1505 670 veluti
1542 613 1803 677 Adamus,
1843 610 1954 663 Deo
1981 608 2087 661 mi-

524 724 778 777 serante,
827 728 894 767 ne
929 712 1241 765 universum
1291 708 1342 761 in
1376 717 1520 760 terra
1567 704 1862 757 humanum
1918 712 2091 768 genus

526 808 804 860 t'elicerct.
840 804 976 870 Quia
1025 802 1187 873 igitur
1238 797 1378 853 haud
1429 795 1581 863 juxta
1633 804 1840 847 natura!
1872 803 2090 845 cursum

526 897 616 950 illa
649 902 972 957 evenerunt,
1020 907 1124 947 non
1176 890 1318 946 enim
1352 887 1486 941 fines
1525 899 1653 939 suos
1692 880 1939 937 caelestia
1971 892 2090 933 ser-

525 996 754 1051 varunt,
810 986 942 1041 nihil
981 984 1152 1039 vetuit
1194 981 1326 1051 quin
1378 985 1565 1048 postea
1613 975 1665 1027 in
1699 982 1899 1027 terram
1953 967 2093 1038 ignis

528 1078 813 1147 sulfurque
887 1092 917 1131 a
984 1073 1214 1129 Domino
1265 1071 1506 1142 plueret,
1565 1065 1855 1133 subitoque
1907 1059 2093 1115 omnia

525 1176 908 1249 exurerentur.
965 1164 1161 1233 Utique
1192 1160 1508 1217 imminebat
1540 1154 1824 1211 manifeste
1865 1152 1961 1206 ira:
1995 1148 2095 1202 ful-

529 1275 675 1318 men.
707 1241 811 1313 nisi
862 1256 954 1312 Dei
1012 1264 1136 1310 nota
1167 1252 1539 1323 prmvaluisset
1576 1245 1733 1318 135
1772 1241 2055 1298 clementia
2080 1278 2094 1304 ,

528 1361 650 1417 qua
684 1347 1026 1417 peccantium
1057 1333 1273 1416 pinnam
1307 1343 1424 1398 sine
1458 1340 1622 1393 dubio
1665 1334 1908 1396 distulit,
1950 1332 2097 1399 ipso-

529 1454 649 1493 rum
681 1436 1058 1508 paenitentiam
1107 1442 1456 1505 exspectans.
1501 1429 1607 1484 Sed
1653 1427 1797 1483 enim
1836 1423 1964 1478 mibi
1994 1423 2097 1476 ho-

532 1529 724 1584 dierna
771 1537 991 1597 peccata
1021 1527 1225 1595 majora
1258 1523 1429 1585 multo
1459 1512 1729 1575 videntur.
1761 1515 1897 1583 Quia
1934 1510 2097 1583 prisci

534 1615 611 1671 illi
641 1615 903 1670 adversus
935 1624 1249 1671 creaturam
1292 1612 1655 1670 insanierunt,
1689 1606 1742 1660 hi
1774 1611 1963 1658 contra
1996 1600 2099 1654 Do-

534 1707 741 1761 minum
794 1715 1057 1761 creaturas
1110 1705 1313 1761 rabiem
1354 1717 1507 1758 suam
1563 1695 1949 1753 contumeliose
2001 1705 2101 1745 ex~

538 1807 954 1865 prompserunt;
989 1795 1169 1864 primo
1216 1791 1433 1863 quidem
1485 1789 1724 1844 divinum
1763 1797 1960 1854 corpus
1991 1796 2103 1837 ex-

1546 419 1606 478 S.
1642 412 2057 477 NICEPHORI
2091 410 2599 471 PATRIARCH/E
2636 409 2748 469 CP.

342 606 349 617 ι
412 550 417 556 ·
524 549 645 585 cum
693 530 878 584 liberis
908 538 1071 598 atque
1102 528 1416 581 mulieribus
1440 541 1561 576 arca
1605 522 1779 591 lignea
1810 533 1973 586 supra
2003 517 2085 572 de-

2231 515 2521 586 ιῴγνυντο,
2552 514 2725 585 ἄρδην
2751 512 3467 597 άπάντωνρπολλυμᾶνων,
3506 516 3604 570 καὶ
3628 533 3766 571 παν-

3659 411 3767 473 500

2196 606 2288 670 τὸς
2308 604 2592 676 οἰχομένου
2630 603 2724 659 τοῦ
2750 604 2892 676 ὑπὲρ
2919 605 3021 675 γῆν
3041 605 3497 677 ὲπαναστήματος
3514 622 3529 637 ·
3557 607 3768 671 δίκαιος

2196 694 2253 750 δὲ
2291 695 2449 766 μόνος
2500 694 2640 767 ἀνὴρ
2672 695 2864 748 παισὶν
2915 695 3036 760 ἄμα
3072 694 3169 748 καὶ
3211 694 3491 763 γυναιξὶν,
3514 694 3589 750 ’ὲν
3626 696 3770 768 ξύλῳ

2199 784 2339 855 ὑπὲρ
2388 783 2599 836 ὑδάτων
2643 783 2943 853 φερόμενος
2974 781 3300 848 διεσώζετο,
3343 778 3435 838 οἷά
3461 802 3548 849 τις
3597 786 3772 857 Ἀδάμ

2190 874 2555 947 ’χρηματίζων
2591 873 2865 946 δεύτερος,
2893 874 3031 928 Θεοῦ
3073 876 3565 947 κατοικτείροντος,
3595 877 3674 942 ὡς
3704 878 3773 934 ἂν

2203 966 2278 1036 μὴ
2326 965 2561 1034 πάμπαν
2592 964 2851 1018 ἀπολίποι
2899 964 2961 1018 τδ
3005 964 3168 1033 γένος
3216 966 3281 1019 lx
3311 966 3415 1036 γῆς
3453 967 3516 1019 τδ
3555 966 3770 1035 άνορώ-

2199 1071 2376 1108 πειον.
2422 1053 2574 1107 Ἐπεὶ
2623 1049 2716 1107 οὖν
2754 1053 2815 1106 οὐ
2861 1053 3006 1107 κατὰ
3049 1052 3265 1122 φύσεως
3307 1054 3632 1107 ἀκολουθίαν
3671 1056 3772 1108 κά-

2200 1148 2356 1201 κεῖνα
2385 1144 2688 1215 ἐπράττετο
2724 1145 2819 1215 (οὐ
2847 1143 2956 1213 γὰρ
2989 1144 3159 1214 δήπου
3192 1145 3328 1219 τοὺς
3349 1144 3586 1208 οἰκείους
3615 1147 3773 1216 ὅρους

2200 1237 2470 1307 τετήρηκε
2486 1236 2553 1288 τά
2580 1234 2893 1306 μετάρσια),
2917 1233 3080 1307 οὐδὲν,
3099 1232 3305 1288 ἐκώλυε
3334 1233 3430 1287 καὶ
3453 1231 3609 1297 αὖθις
3633 1234 3777 1288 κατὰ

2200 1326 2308 1396 γῆς
2340 1325 2529 1395 βρέξαι
2556 1323 2762 1394 Κύριον
2787 1323 2900 1393 πῦρ
2931 1324 3024 1376 καί
3054 1321 3197 1376 θεῖον
3220 1323 3373 1394 παρὰ
3401 1324 3608 1394 Κυρίου
3632 1366 3647 1385 ,
3679 1327 3774 1379 καὶ

2202 1416 2397 1485 ἀθρόον
2435 1416 2501 1468 ἂν
2541 1413 2903 1485 άπῃθάλωσεν
2942 1413 3161 1466 ἅπαντα
3184 1428 3199 1443 ο
3236 1414 3331 1466 κα)⁸
3361 1413 3472 1484 γάρ
3501 1414 3774 1483 ὴπειλεῖτο

2206 1505 2394 1575 σαφῶς
2420 1505 2523 1574 τῆς
2554 1504 2727 1574 ὀργῆς
2770 1502 2832 1555 τὸ
2874 1503 3257 1574 πρηστήριον,
3303 1504 3353 1555 εἰ
3391 1503 3468 1574 μὴ
3495 1503 3588 1556 τοῦ
3637 1504 3774 1557 Θεοῦ

2204 1597 2487 1667 νενίκηκεν
2521 1593 2781 1664 ἐμφανῶς
2817 1592 2878 1645 τὸ
2923 1593 3339 1663 φιλάνθρωπον,
3373 1588 3433 1656 ὃς
3470 1592 3568 1664 τὴν
3602 1611 3775 1664 τιμωτ

2209 1686 2329 1757 ρίαν
2376 1684 2473 1755 τήν
2522 1685 2664 1737 κατά
2694 1682 2805 1737 τῶν
2853 1681 3204 1751 ἀνομούντων
3249 1682 3499 1751 ἐναργῶς
3549 1682 3779 1737 ἀνεϐάλ-

2204 1774 2357 1840 λετο,
2413 1771 2848 1842 άπεκδεχόμενος
2881 1769 3060 1823 αὐτῶν
3106 1768 3205 1838 τὴν
3256 1769 3566 1838 μετάνοιαν.
3619 1769 3781 1832 Ἀλλά.

537 1889 843 1941 cruciantes
866 1856 1153 1956 erue-isque
1175 1856 1382 1939 acerbae
1406 1881 1522 1936 neci
1544 1879 1880 1945 addicentes,
1911 1872 2105 1928 deinde

2223 1880 2299 1917 ,ιοι
2341 1863 2493 1917 δοκεῖ
2539 1859 2723 1931 πολλῷ
2767 1857 2939 1930 μείζω
2977 1856 3215 1911 ἐνταῦθα
3252 1857 3322 1911 τὰ
3363 1859 3776 1930 ἁμαρτήματα,

540 1977 806 2032 adversus
833 1975 1073 2043 ejusdem
1124 1974 1367 2043 corporis
1399 1986 1584 2028 sacras
1619 1967 1879 2038 imagines
1907 1964 2105 2020 debac-

539 2069 789 2123 chantes.
848 2068 1211 2136 Quamobrem
1273 2068 1414 2123 haud
1469 2080 1528 2122 se
1579 2065 1865 2121 continere
1918 2060 2106 2130 quieta

539 2160 809 2216 elementa
841 2170 1137 2232 potuerunt
1186 2161 1453 2217 Creatore
1495 2174 1596 2215 suo
1625 2155 1852 2220 oﬂ‘enso,
1880 2151 1974 2209 sed
2010 2151 2109 2204 do-

540 2251 710 2307 lorem
762 2252 1035 2308 insolitum
1098 2254 1169 2309 ob
1223 2268 1344 2308 eam
1398 2251 1691 2307 novitatem
1739 2260 1902 2318 passa
1959 2248 2107 2297 sunt.

541 2342 817 2400 Mittamus
855 2344 1041 2400 dicere
1071 2353 1202 2415 quot
1234 2324 1412 2400 civilia
1457 2342 1592 2398 bella
1631 2341 1714 2395 hac
1747 2350 1927 2393 rerum
1960 2334 2108 2387 vices

542 2433 802 2490 adversus
827 2432 1168 2491 Christianos
1195 2436 1542 2499 concitarint,
1567 2447 1688 2504 qua:
1719 2430 1937 2499 longum
1964 2429 2110 2480 esset

543 2530 597 2576 et
625 2522 1073 2592 Operosissimum
1106 2537 1389 2577 enarrare.

2207 1954 2437 2025 ἐπείπερ
2467 1954 2669 2009 ἐκεῖνοι
2701 1951 2801 2021 μὲν
2847 1952 2929 2013 εἰς
2970 1948 3071 2018 τὴν
3104 1949 3288 2002 κτίσιν
3333 1948 3641 2020 μεμηνότες
3679 1965 3783 2004 ιιιιεε⁵

2208 2046 2608 2117 παρῳνήκασιν
2627 2084 2641 2110 ,
2672 2037 2818 2096 οῦτοι
2848 2041 2906 2094 δὲ
2936 2040 3079 2093 κατὰ
3108 2039 3201 2093 τοῦ
3232 2041 3505 2093 Δεσπότου
3530 2040 3630 2110 τῆς
3661 2040 3781 2092 κτί-

2212 2154 2350 2200 σεως
2375 2133 2763 2205 λελυττηκότες
2792 2130 3108 2204 ἐξύϐρισαν,
3134 2131 3402 2203 πρότερον
3428 2131 3525 2201 μὲν
3553 2132 3614 2184 τδ
3638 2128 3784 2184 θεῖον

2212 2228 2376 2300 σῶμα
2418 2225 2755 2295 αἰκιζόμενοι
2799 2224 2894 2277 καί
2946 2221 3167 2293 σταυρῷ
3214 2221 3427 2293 πικρῶς
3483 2221 3785 2276 καταδικά-

2215 2320 2432 2386 ζοντες,
2464 2316 2656 2370 ἔπειτα
2690 2314 2749 2368 δὲ
2776 2316 2855 2377 εἰς
2882 2314 3010 2377 τοὺς
3051 2312 3148 2366 τοῦ
3191 2312 3443 2383 σώματος
3476 2313 3654 2382 ἱεροὺς
3685 2312 3788 2383 ὲμ-

2214 2405 2600 2479 παροινοῦντες
2639 2402 2877 2465 τύπους·
2927 2400 3009 2454 διὸ
3069 2401 3173 2463 οὐκ
3216 2400 3403 2454 ἔσθενε
3435 2400 3505 2454 τά
3548 2403 3789 2471 στοιχεῖα

2214 2503 2300 2571 ἐφ’
2333 2498 2542 2554 ἑαυτῶν
2566 2497 2902 2569 κατηρεμεῖν
2934 2494 3293 2567 ὑϐριζομένου
3318 2494 3413 2549 τοῦ
3450 2494 3788 2559 Κτίσαντος,

544 2586 717 2678 πάθος
751 2615 810 2668 δι
856 2617 984 2687 περί
1028 2614 1169 2669 αὐτὰ
1213 2608 1688 2682 καινοτομούμενα
1732 2607 1997 2676 ὑφίστατο
2047 2598 2108 2653 τὸ
2143 2591 2483 2687 παράδοξον-ο
2516 2589 2696 2660 ἐῶμεν
2760 2588 2941 2687 λέγειν
2976 2588 3124 2687 οῖρυς
3185 2586 3461 2687 πολέμους
3489 2587 3789 2657 ἐμφυλίους

543 2705 572 2759 ὁ
604 2675 802 2776 τρόπος
855 2675 1009 2770 οὗτος
1055 2705 1199 2759 κατὰ
1240 2675 1583 2775 Χριστιανῶν
1627 2698 1985 2772 άνεῤῥίπισε,
2020 2690 2115 2747 καὶ
2150 2682 2383 2776 τᾶλλαΛᾶ
2661 2679 2871 2776 μακρὸν
2897 2678 2963 2732 ἂν
2994 2675 3080 2776 εἴη
3112 2677 3209 2730 καλ⁵
3271 2676 3700 2747 ἰργωδέστατον.

616 2797 707 2852 67.
743 2797 851 2853 Sed
898 2784 1051 2853 valde
1090 2795 1364 2853 exsultant
1408 2797 1471 2851 bi
1518 2792 1743 2850 belluini
1794 2806 1860 2846 ac
1905 2785 2109 2850 stolidi,

548 2888 704 2957 quasi
760 2886 1042 2956 prosperis
1093 2885 1439 2943 successibus
1490 2882 1775 2946 ﬂorentes,
1828 2887 1886 2935 et
1928 2866 2155 2946 super?

549 2979 725 3034 biunt.
755 2978 828 3032 At
862 2978 1007 3033 enim
1040 2991 1161 3048 qua:
1198 2976 1380 3047 lingua
1434 2985 1734 3045 temporum
1771 2972 1983 3027 illorum
2020 2982 2114 3035 pec

552 3073 793 3135 nuriam,
820 3078 875 3128 et
898 3085 965 3126 ex
989 3069 1211 3140 penuria
1241 3068 1578 3125 calamitates
1603 3065 1809 3135 tragice
1839 3058 2118 3117 narrabit?

553 3158 679 3215 Fuit
733 3160 876 3215 enim
930 3173 1123 3228 reapse
1172 3157 1343 3214 fames
1394 3157 1637 3213 omnium
1692 3151 2014 3227 gravissima
2063 3158 2117 3202 et

556 3250 945 3318 acerbissima,
994 3265 1117 3320 qua:
1163 3264 1338 3320 neque
1378 3248 1647 3318 praesente
1692 3246 1792 3299 hac
1830 3243 1942 3313 jam
1984 3239 2121 3293 inci.

556 3344 762 3412 piente,
806 3354 981 3411 neque
1024 3340 1259 3409 antiquis
1286 3338 1426 3409 apud
1464 3335 1754 3391 historicos
1784 3328 2121 3393 memoratis,

559 3435 738 3489 minor
775 3432 1015 3499 exstitit;
1054 3440 1217 3506 atque
1248 3430 1394 3486 illam
1434 3443 1557 3500 qua:
1600 3424 2125 3496 ilierosolymitanos

559 3524 813 3579 obsessos
850 3523 1144 3592 corripuit,
1178 3536 1342 3592 prope
1365 3519 1689 3589 exmquavit.
1722 3516 1855 3570 Nam
1888 3524 1943 3568 et
1974 3513 2085 3566 illic
2109 3550 2126 3577 ,

561 3620 621 3666 ut
667 3622 921 3676 narrant,
962 3612 1107 3666 fame
1152 3625 1354 3681 pressat
1403 3609 1834 3676 excruciat-atque
1885 3602 2129 3657 infelices

562 3713 768 3758 matres
816 3711 1002 3773 partus
1036 3702 1238 3772 proprii
1284 3714 1479 3757 carnes
1527 3696 1914 3754 miserabiliter
1942 3705 2129 3765 gusta-

561 3805 726 3860 runt,
755 3803 946 3848 natnra
994 3794 1078 3850 sui
1108 3791 1496 3864 propemodum
1523 3790 1714 3847 oblita.
1756 3788 1822 3843 Et
1855 3787 1996 3853 apud
2032 3799 2132 3840 nos

561 3885 750 3940 eadem
794 3884 1109 3940 calamitate
1176 3882 1383 3939 adactae
1441 3881 1652 3937 ventris
1705 3881 1789 3935 sui
1833 3877 1979 3934 fetus
2011 3891 2134 3930 mu-

490 3983 494 3989 '
563 3973 726 4029 lieres
762 3987 1083 4028 aerumnosa:
1125 3973 1461 4038 vendentes,
1495 3970 1674 4025 cibum
1707 3969 1810 4023 sibi
1843 3982 1908 4022 ex
1961 3968 2135 4019 visce-

563 4080 684 4120 rum
733 4079 955 4119 suorum
1007 4063 1367 4119 distractione
1424 4061 1713 4116 curabant.
1766 4058 1937 4112 Aiunt
1985 4056 2131 4111 enim

563 4158 651 4211 vix
714 4154 1105 4226 quinquaginta
1151 4153 1336 4209 aureis
1385 4151 1555 4206 tritici
1613 4149 1853 4203 modium
1905 4147 2135 4215 penuria

564 4256 843 4318 premente
870 4245 1041 4300 coemi
1082 4243 1345 4313 potuisse.
1395 4241 1461 4296 Et
1486 4241 1600 4295 illic
1630 4240 1850 4309 quidem
1899 4237 2133 4293 hostium

571 4334 833 4399 incursio,
864 4332 1137 4388 diuturnae
1167 4330 1468 4388 obsidionis
1486 4329 1719 4398 spatium
1743 4368 1758 4393 ,
1812 4327 1963 4383 urbis
2005 4342 2137 4381 con-

566 4425 773 4489 clusio,
826 4432 1085 4493 tanquam
1130 4424 1265 4486 reti,
1298 4422 1366 4476 ab
1403 4421 1644 4475 exercitu
1683 4427 1887 4490 captae,
1914 4418 2136 4475 calami-

2289 2774 2387 2841 ξζν.
2454 2771 2617 2826 Ἀλλὰ
2661 2770 2805 2843 μέγα
2856 2770 3233 2842 κομπάζουσιν
3276 2769 3326 2821 οἰ
3371 2768 3664 2840 κτηνώδεις
3698 2769 3793 2824 καὶ

2221 2866 2392 2929 δντως
2425 2863 2676 2933 άνόητοι,
2730 2862 2807 2925 ὡς
2842 2862 2908 2931 δὴ
2947 2862 3067 2925 ταῖς
3111 2859 3436 2929 εὐημερίαις
3472 2858 3795 2932 ὲνευθηνού-

2226 2973 2398 3028 μενοι,
2433 2957 2528 3009 καὶ
2582 2952 2970 3024 βρενθύονται·
3019 2951 3147 3005 ποία
3193 2950 3418 3018 γλῶσσα
3475 2952 3603 3015 τοὺς
3643 2969 3795 3022 τηνι-

2224 3048 2402 3102 καῦτα
2451 3047 2666 3117 λιμοὺς,
2720 3045 2815 3098 καὶ
2860 3044 2959 3107 τάς
3011 3044 3076 3097 ὲκ
3124 3043 3233 3096 τῶν
3283 3041 3460 3112 λιμῶν
3506 3043 3795 3114 συμφοράς

2220 3136 2686 3207 ὲκτραγῳδήσειες
2719 3134 2907 3203 Λιμῶν
2933 3132 3043 3203 γάρ
3082 3128 3150 3204 ἦν
3186 3133 3215 3186 ὁ
3244 3132 3548 3196 δεινότατος
3582 3132 3678 3186 καὶ
3706 3150 3796 3184 πι-

2223 3228 2487 3297 κρότατος
2505 3265 2520 3290 ,
2554 3222 2677 3278 οὔτε
2714 3222 2809 3276 τοῦ
2835 3221 2930 3275 νῦν
2959 3221 3212 3276 ἐντεῦθεν
3237 3221 3610 3293 ὲναρξαμένου
3629 3261 3645 3285 ,
3668 3220 3792 3274 οῦτε

2222 3317 2333 3371 τῶν
2370 3316 2537 3370 πάλαι
2583 3314 3077 3386 μνημονευομένων
3119 3313 3152 3384 ἢ
3202 3312 3599 3385 ἱστορουμένων
3639 3312 3796 3366 ὲλατ-

2222 3407 2484 3478 τούμενος
2505 3447 2520 3471 ,
2554 3406 2651 3460 καὶ
2689 3404 2890 3477 μικροῦ
2922 3403 2998 3473 τῷ
3034 3402 3176 3458 κατὰ
3206 3402 3303 3474 τὴν
3350 3402 3798 3471 Ἱεροσολυμιτῶν

2227 3498 2599 3570 συνενεχθέντι
2627 3497 2759 3552 ποτὲ
2789 3495 3192 3569 παρισούμενος
3213 3512 3225 3526 °
3257 3496 3418 3548 κάκεῖ
3446 3494 3545 3564 μὲν
3569 3493 3698 3561 γάρ,
3721 3493 3797 3555 ὡς

2228 3588 2680 3658 ἀναγέγραπται,
2728 3586 2805 3654 τῷ
2846 3585 2990 3655 λιμῷ
3028 3582 3353 3654 πιεζόμεναι
3400 3582 3495 3635 καὶ⁵
3546 3580 3798 3650 στροϐού-

2233 3694 2391 3749 μεναι
2423 3677 2672 3749 μητέρων
2701 3677 2758 3730 αἱ
2794 3674 3048 3746 δύστηνοι
3068 3714 3084 3737 ,
3118 3674 3285 3742 γονῆς
3334 3671 3542 3735 οίκείας
3577 3669 3799 3741 σαρκῶν

2231 3768 2481 3832 ἐλεεινῶς
2510 3766 2907 3836 άπεγεύσαντο,
2940 3764 3345 3835 ὲκλελησμένης
3374 3760 3571 3831 ἑαυτὴν
3611 3761 3801 3831 ὥσπερ

2229 3860 2331 3930 τῆς
2363 3858 2583 3928 φύσεως
2603 3874 2617 3890 ο
2648 3855 2927 3910 κάνταῦθα
2958 3857 3025 3925 τῇ
3062 3854 3199 3924 αὐτῇ
3243 3850 3671 3923 στρεϐλούμεναι
3704 3851 3803 3919 μά-

2234 3967 2409 4019 στιγι,
2450 3949 2518 4003 τά
2554 3949 2753 4016 ἔκγονα
2790 3950 2888 4018 τῆς
2928 3944 3135 4008 κοιλίας
3165 3946 3426 4013 γυναῖκες
3455 3938 3806 4012 άπεμπολοῦο

2235 4057 2325 4095 σαι
2368 4039 2571 4103 ἄθλιαι,
2602 4039 2808 4110 τροφὴν
2850 4021 2986 4091 ἰδίαν
3027 4035 3135 4089 τῶν
3170 4034 3493 4104 σπλάγχνων
3525 4030 3806 4086 ἐποιοῦντο

2232 4132 2332 4203 τὴν
2356 4131 2750 4204 ἀλλοτρίωσιν·
2792 4129 2928 4199 φασὶ
2974 4129 3085 4201 γάρ
3142 4126 3297 4199 μόλις
3330 4127 3422 4179 καὶ
3476 4127 3556 4188 εἰς
3603 4124 3804 4194 πεντή-

2235 4237 2401 4275 κοντα
2442 4218 2680 4291 χρυσοῦς
2719 4219 2812 4271 τὸν
2836 4215 2931 4270 τοῦ
2981 4216 3133 4270 σίτου
3171 4211 3492 4280 ἐξωνεῖσθαι
3539 4211 3722 4282 μόδιον
3773 4211 3805 4280 ὴ

2234 4311 2440 4383 ἀπορία
2488 4308 2978 4381 ωγκατηνᾶγκαζε
3002 4324 3017 4341 θ
3052 4307 3216 4361 κάκεῖ
3255 4306 3353 4377 μὲν
3380 4303 3489 4358 τῶν
3530 4300 3807 4371 πολεμίων

2234 4404 2269 4474 ή
2305 4396 2541 4472 Ἑφοδος,
2588 4402 2685 4456 καὶ
2723 4400 2819 4454 τοῦ
2862 4400 3054 4472 χρόνου
3089 4399 3188 4470 τῆς
3229 4395 3640 4468 προσεδρείαςὴ
3667 4410 3811 4464 παρ-

569 4520 700 4575 tatis
727 4518 846 4588 ejus
880 4527 936 4572 et
966 4513 1414 4572 inenarrabilium
1450 4512 1715 4566 malorum
1748 4527 1928 4568 causa:
1956 4522 2121 4566 erant.

2235 4494 2401 4565 ολκὴ,
2433 4494 2529 4548 καὶ
2574 4494 2604 4546 ό
2643 4491 3009 4562 συγκλεισμὸς
3059 4489 3159 4560 τῆς
3218 4488 3427 4550 πόλεως
3480 4487 3559 4549 ὡς
3596 4484 3701 4539 ὑπὸ
3728 4485 3810 4537 δι-

569 4612 724 4681 Apud
773 4625 874 4664 nos
926 4617 1106 4661 autem
1158 4618 1267 4658 non
1316 4602 1683 4659 Barbarorum
1730 4602 1993 4668 incursio,
2031 4618 2138 4656 non

571 4701 810 4756 hostium
845 4697 1131 4759 adventus,
1178 4707 1284 4748 non
1348 4691 1487 4746 valla
1536 4692 1605 4745 ab
1651 4692 1983 4748 adversariis
2035 4691 2142 4747 cir-

572 4791 872 4857 cutnjccta,
908 4798 1083 4855 neque
1115 4782 1260 4838 aliud
1298 4781 1579 4851 quodlibet
1606 4783 1872 4849 exterius,
1913 4781 2008 4837 sed
2058 4780 2142 4835 of-

574 4876 727 4936 fensa
763 4879 918 4942 fides,
963 4876 1251 4931 manifeste
1297 4875 1349 4930 id
1379 4873 1662 4929 efﬁciebat.
1708 4873 1842 4927 Nam
1875 4873 1968 4944 qui
2000 4871 2142 4940 apud

577 4989 677 5029 nos
709 4970 973 5042 regnabat
1004 4977 1248 5039 apostata
1291 4978 1344 5023 et
1376 4976 1659 5039 tyrannus,
1694 4967 1887 5037 quovis
1921 4963 2142 5019 inimico

575 5077 670 5123 aut
715 5068 868 5120 hoste
918 5080 1013 5134 per
1060 5080 1211 5120 suam
1250 5062 1577 5134 apostasiam
1628 5059 1891 5115 infensior
1934 5064 2054 5111 erat
2092 5064 2145 5110 et

576 5157 839 5226 asperior.
893 5156 997 5210 Sed
1041 5153 1117 5208 illi
1154 5155 1370 5222 quidem
1410 5166 1633 5205 suorum
1671 5148 1937 5202 adversus
1971 5143 2128 5197 Chri-

578 5259 720 5308 stum
746 5247 1044 5303 facinorum
1071 5261 1259 5318 pmnas
1287 5247 1529 5311 luerunt;
1558 5250 1613 5296 et
1642 5241 1693 5295 hi
1721 5240 1896 5295 nostri
1926 5237 2145 5306 paribus

578 5341 738 5397 malis
794 5340 988 5395 irretiti
1039 5340 1304 5393 fuerunt:
1343 5349 1481 5390 unus
1541 5335 1737 5403 quippe
1780 5332 2033 5397 idemque
2079 5327 2145 5380 ab

580 5434 846 5489 ambobus
886 5430 1125 5485 oﬂ‘ensus
1173 5428 1372 5484 fuerat.
1410 5426 1536 5480 Hrec
1583 5424 1780 5479 divinae
1812 5421 2033 5491 justitire
2068 5418 2146 5470 ira

581 5529 716 5591 fuit;
748 5527 888 5580 hanc
920 5525 1010 5578 Dei
1039 5522 1341 5577 oﬂ'cnsores
1371 5517 1674 5572 mercedem
1708 5513 1857 5567 illinc
1887 5511 2145 5563 referunt.

580 5619 712 5687 Qua:
743 5616 876 5672 nilnl
910 5614 1320 5670 considerantes
1350 5607 1551 5664 Christi
1589 5606 1773 5659 hostes
1794 5643 1809 5668 ,
1841 5604 2030 5655 nolunt
2069 5600 2151 5653 in-

582 5706 847 5775 telligere,
893 5704 1036 5774 quod
1088 5706 1232 5756 sicut
1277 5699 1405 5753 olim
1458 5695 1713 5750 Iudaicus
1763 5693 2030 5763 populus,
2081 5691 2151 5744 ob

590 5798 856 5858 Hanassis
888 5795 1199 5852 .lndzeorunt
1236 5791 1378 5862 regis
1403 5790 1663 5845 adversus
1695 5786 1859 5840 Deum
1892 5782 2146 5847 oﬂ'ensas,

2242 4586 2408 4640 κτύου
2432 4582 2849 4656 περισχεθεισης
2878 4583 2994 4645 τοῖς
3015 4578 3377 4652 πλήθεσι,τῆς
3405 4577 3688 4647 συμφορᾶς
3716 4574 3809 4627 καὶ
3850 4576 3865 4587 ‘

2241 4674 2350 4729 τῶν
2387 4673 2576 4728 παθῶν
2607 4673 2717 4726 τῶν
2758 4672 3009 4743 ἀρρήτων
3045 4669 3105 4723 τὸ
3139 4668 3313 4723 αἴτιον
3338 4662 3439 4738 ἦν’
3471 4663 3711 4719 ἐνταῦθα
3754 4663 3810 4716 δὲ

2240 4766 2304 4818 οὐ
2354 4764 2645 4837 βαρϐάρων
2681 4762 2903 4832 ἔφοδος,
2945 4761 3006 4815 οὐ
3051 4758 3326 4830 πολεμίων
3361 4757 3705 4828 ἐπιστασία,
3749 4754 3810 4807 οὐ

2244 4856 2487 4927 χάρακες
2520 4855 2626 4909 ύπδ
2665 4852 2945 4930 δυσμενῶν
2976 4854 3034 4905 ιν
3070 4849 3255 4920 κύκλῳ
3302 4846 3773 4918 περιπηγνύμενοι
3795 4882 3809 4904 .

2243 4946 2366 5000 οὐδὲ
2404 4946 2536 5000 ἄλλο
2562 4945 2669 4999 τῶν
2709 4943 2907 5009 ἔξωθεν
2946 4942 3209 4996 ἐπιόντων
3257 4939 3443 5002 οὐδὲν,
3478 4938 3538 4992 τὸ
3567 4938 3627 4991 δὲ
3668 4935 3809 4991 κατὰ

2244 5040 2344 5109 τὴν
2374 5039 2558 5093 πίστιν
2605 5037 2845 5108 ἀδίκημα
2881 5034 3201 5108 περιφανῶς
3244 5032 3604 5086 διεδείκνυτω
3637 5031 3665 5082 ὁ
3706 5028 3814 5097 γὰρ

2247 5130 2597 5200 ἡγεμονεύων
2629 5128 2780 5192 ἐντὸς
2825 5127 3136 5196 ἀποστάτης
3168 5124 3265 5177 καὶ
3299 5122 3581 5194 τύραννος,
3613 5119 3815 5181 παντὸς

2246 5222 2445 5293 ἐχθροῦ
2480 5222 2574 5275 καὶ
2614 5220 2880 5290 πολεμίου
2918 5218 3005 5272 διὰ
3043 5216 3142 5287 τὴν
3181 5213 3520 5269 ἀποστασίαν
3555 5215 3583 5266 ὁ
3623 5212 3817 5280 δυσμε-

2248 5315 2507 5376 νέστατος
2555 5309 2623 5384 ἦν
2653 5313 3071 5383 χαλεπώτατος·
3110 5306 3249 5361 ἀλλὰ
3282 5306 3526 5359 κάκεῖνοι
3575 5304 3687 5355 τῶν
3737 5303 3817 5365 εἰς

2249 5405 2484 5473 Χριστὸν
2518 5402 2885 5475 τολμημάτων
2931 5400 3029 5464 τὰς
3066 5399 3222 5461 δίκας
3250 5397 3509 5459 ἐτίννυον,
3537 5394 3631 5447 καί
3671 5386 3817 5446 οῦτοι

2250 5502 2336 5569 ἐφ’
2364 5501 2572 5570 ὁμοίοις
2614 5501 2805 5561 κακοῖς
2845 5497 3091 5552 ἑάλωσαν
3117 5513 3130 5525 ·
3168 5489 3248 5557 εἷς
3280 5494 3389 5564 γὰρ
3430 5486 3498 5562 ἦν
3533 5491 3592 5543 ἐν
3641 5491 3819 5558 άμφο-

2252 5592 2430 5661 τέροις
2461 5592 2488 5642 ὁ
2523 5588 2878 5660 ὑϐριζόμενος
2899 5603 2912 5617 ·
2949 5585 3175 5640 τοιαῦτα
3211 5583 3310 5653 μὲν
3334 5583 3402 5635 τὰ
3436 5583 3501 5634 ὲκ
3530 5582 3628 5650 τῆς
3667 5578 3819 5639 θείας

2252 5684 2408 5753 δίκης
2443 5682 2723 5753 μηνίματα
2743 5697 2759 5712 ο
2784 5674 3016 5732 ’τοιαῦτα
3058 5676 3114 5729 δὲ
3141 5676 3191 5728 οί
3221 5676 3298 5736 εἰς
3333 5672 3465 5725 Θεὸν
3491 5669 3823 5739 ἀνομοῦντες

2255 5776 2323 5829 τὰ
2365 5774 2614 5845 ἐπίχειρα
2659 5771 2866 5826 ἐκεῖθεν
2894 5768 3241 5838 κομίζονται·
3284 5759 3360 5819 ὧν
3398 5762 3551 5817 οὐδὲν
3577 5757 3822 5816 ἀναθεωσ
