4072 6324
510 351 613 412 503

1539 351 1599 410 S.
1642 349 2062 410 NICEPHORIA
2092 345 2596 408 PATRIARCH/E
2634 345 2743 406 ΟΡ.

3646 337 3752 404 504

511 475 691 514 secum
739 473 964 530 operum
994 458 1178 514 'socios
1221 457 1513 522 abducunt,
1565 469 1619 513 et
1648 467 1924 529 tanquam-
1955 461 2069 514 exi-

2181 455 2846 528 συγκατακρημνίζονται,
2907 455 3006 509 xui
3054 455 3352 526 συνεργοὺς
3420 453 3749 523 ἐπάγονται,

515 552 729 606 tialibus
777 549 1146 606 instrumentis
1190 563 1406 603 suarum
1441 549 1702 604 adversus
1745 552 2078 605 orthodosos

511 639 962 696 contumeliarum
1011 648 1170 706 atque
1219 637 1536 706 iniuriarum
1592 647 1833 692 utuntur.
1871 639 2080 708 Quippe

515 729 638 784 doni
690 728 926 796 Spiritus
979 726 1284 780 unctionem
1336 725 1552 794 penitus
1605 726 1968 793 abnegantes,
2026 736 2078 782 et

513 834 723 874 sacram
777 817 1070 887 quamlibet
1132 817 1561 885 canonicamque
1614 817 1853 886 regulam
1917 820 2079 874 abro-

513 913 737 973 gantes,
794 913 956 972 atque
1003 902 1385 958 ecclesiasticae
1435 906 1613 960 omnis
1675 907 2077 962 constitutionis

512 995 972 1064 ordinationisque
1014 994 1202 1060 obliti,
1241 994 1490 1048 civilibus
1524 996 1729 1066 legibus
1760 997 2077 1066 actibnsque

512 1085 735 1152 vivunt,
768 1093 822 1140 et
867 1085 1155 1140 mundanis
1214 1086 1614 1154 magislratihus
1663 1097 1788 1141 sunt
1818 1087 2074 1152 obnoxii,

511 1185 565 1230 et
594 1175 737 1229 virtu
759 1214 774 1238 ,
806 1175 1044 1229 moribus
1065 1215 1081 1238 ,
1114 1175 1557 1238 conversatione,
1583 1175 1832 1244 iudiciis,
1869 1187 2078 1232 cuneus

513 1267 743 1331 denique
779 1265 900 1320 vita:
948 1265 1194 1328 actibus,
1246 1265 1332 1319 his
1377 1263 1751 1332 obtemperant
1793 1264 1861 1318 ah
1903 1265 2078 1333 iisque

512 1361 793 1421 reguntur.
839 1354 947 1406 Sed
996 1371 1102 1409 non
1150 1363 1234 1409 est
1270 1355 1384 1408 haec
1433 1352 1618 1408 Jacobi
1657 1354 1867 1423 portio,
1901 1369 2078 1425 neque

515 1443 815 1512 hujusmodi
861 1452 988 1497 sunt
1029 1443 1455 1497 orthodoxorum
1489 1445 1739 1514 dogmata
1771 1460 1834 1500 ac
1858 1456 2077 1500 senten-

514 1537 646 1599 tite,
700 1548 879 1603 neque
929 1534 1034 1589 tale
1079 1535 1202 1590 vita:
1251 1535 1488 1602 ipsorum
1549 1536 1914 1605 propositum;
1968 1537 2078 1592 imo

514 1627 785 1679 coritraria
833 1627 1088 1689 omnino,
1123 1641 1186 1680 ac
1219 1626 1293 1679 illi
1329 1626 1503 1681 solent
1541 1627 1865 1696 perditionis
1892 1641 2079 1693 opera-

517 1725 680 1778 tores,
711 1713 755 1768 si
787 1723 935 1770 certe
978 1714 1208 1769 invicem
1233 1715 1480 1770 conferre
1513 1714 1658 1780 licet,
1696 1717 1777 1770 via
1821 1726 2072 1788 pergunt.

2177 549 2272 602 xui
2294 548 2486 619 ὥσπερ
2519 548 2772 618 ὀργάνοις
2797 547 2897 616 τῆς
2922 547 3202 611 ἀπωλείας
3245 546 3427 601 αὐτῶν
3458 546 3604 600 κατά
3653 549 3752 616 τῆς

2174 637 2284 690 τῶν
2305 637 2674 691 εὐσεϐούντων
2699 637 3047 708 συγχρῶνται
3073 636 3285 708 ὕϐρεως
3307 637 3404 690 xui
3427 635 3748 700 κακώσεωςο

2175 725 2365 798 ὥσπερ
2389 727 2498 797 γάρ
2531 728 2634 796 τῆς
2659 727 2870 798 δωρεᾶς
2920 726 3014 780 τοῦ
3064 727 3385 799 Πνεύματος
3411 726 3513 798 τὴν
3569 729 3752 798 χρίσιν

2175 819 2357 871 τέλεον
2387 818 2710 888 ἠρνημένοι⁹
2741 817 2840 870 xui
2889 819 3072 870 πᾶσαν
3123 817 3274 888 ίεράν
3306 818 3402 870 xui
3458 817 3752 886 κανονικὴν

2177 905 2535 975 θεσμοθεσίαν
2561 905 2915 976 ἡθετηκότες,
2949 907 3043 959 xui
3083 906 3268 976 πάσης
3317 907 3417 976 τῆς
3448 906 3750 977 ἐκκλησια-

2178 999 2368 1068 anxii;
2399 996 2697 1066 εὐκοσμίας
2727 998 2821 1050 xui
2866 997 3073 1062 τάξεως
3129 997 3565 1068 ἐπιλελησμένοι,
3601 996 3748 1050 πολι⁴

2175 1085 2348 1145 τικοϊς
2373 1083 2557 1152 νόμοις
2587 1085 2682 1137 xui
2727 1085 3020 1156 πράγμασι
3068 1085 3326 1155 χρῶνται,
3375 1087 3472 1139 xui
3519 1086 3751 1157 ἄρχουσι

2175 1177 2289 1237 τοῖς
2341 1176 2626 1243 κοσμικοίς
2661 1175 3146 1240 ὑποπεπτώκασιν,
3197 1175 3290 1228 ἐπί
3323 1192 3383 1228 τε
3430 1175 3612 1248 διαίτῃ
3654 1176 3750 1229 καὶ

2179 1265 2279 1336 βίῳ
2307 1266 2402 1319 xui
2445 1265 2693 1338 πολιτείᾳ
2726 1269 2820 1320 xui
2851 1267 3137 1338 κρίμασιν,
3171 1270 3230 1321 ἐν
3283 1270 3418 1321 πᾶσι
3464 1270 3580 1331 τοῖς
3603 1268 3746 1322 κατά

2155 1357 2266 1410 ’τὸν
2293 1356 2406 1426 βίον
2436 1358 2821 1429 ἐγχειρήμασι,
2854 1359 3065 1422 τούτοις
3117 1359 3438 1422 ὑπείκοντες
3468 1360 3561 1412 xui
3616 1361 3745 1412 διοι-

2176 1446 2450 1517 κούμενοι.
2490 1447 2628 1500 Ἀλλ’
2656 1449 2752 1517 οὐχ
2798 1447 2934 1518 αὕτη
2960 1451 2995 1521 ἡ
3019 1452 3180 1520 μερὶς
3225 1448 3319 1502 τοῦ
3363 1449 3561 1503 Ἰακώϐ
3583 1464 3598 1478 ’
3624 1450 3746 1502 οὐδέ

2175 1538 2404 1591 τοιαῦτα
2435 1537 2542 1590 τῶν
2575 1538 2828 1609 εὐσεϐείᾳ
2855 1541 3249 1610 κοσμουμένων
3280 1540 3347 1593 es
3367 1540 3616 1610 δόγματα
3641 1542 3744 1593 xui

2177 1630 2500 1699 φρονήματα
2517 1646 2530 1660 ·
2550 1629 2673 1682 οὐδέ
2696 1629 2919 1700 τοιαύτη
2941 1631 3048 1683 τῶν
3066 1631 3540 1699 πεπολιτευμένων
3561 1633 3746 1694 αὐτοῖς

2175 1723 2209 1790 η
2231 1721 2441 1790 αἵρεσις
2461 1736 2474 1748 °
2498 1721 2825 1784 ἀπεναντίας
2843 1721 2952 1793 γάρ
2971 1721 3144 1774 ἅπασι
3168 1723 3280 1784 τοῖς
3301 1722 3431 1790 περὶ
3452 1721 3560 1775 τῶν
3577 1724 3746 1791 ἐργα-

511 1809 687 1873 Atque
717 1815 775 1859 ut
817 1806 1125 1859 summatim
1157 1805 1354 1870 dicam,
1402 1805 1456 1860 hi
1485 1807 1818 1876 iniquitatem
1854 1821 2068 1861 omnem

2171 1810 2277 1863 τῶν
2299 1810 2397 1879 τῆς
2421 1811 2694 1873 ἀπωλείας
2717 1810 3284 1880 προκατειλεγμένοις,
3309 1811 3364 1862 εί
3393 1827 3455 1877 γε
3487 1811 3652 1880 ἐχρῆν
3680 1810 3745 1862 ἐκ

513 1897 776 1959 oderunt,
823 1896 1078 1950 virtutem
1111 1909 1323 1949 omnem
1360 1895 1640 1960 ambiunt,
1675 1895 1935 1965 quidquid
1981 1895 2077 1950 bo-

513 2000 638 2038 mnn
670 1996 750 2040 est
780 1985 1065 2050 honorant,
1096 1985 1308 2054 egregia
1342 1985 1520 2040 omnia
1555 1985 1829 2052 adamant,
1860 2001 2074 2042 omnem

512 2075 621 2131 Deo
669 2076 922 2146 placitam
954 2077 1423 2132 conversationem
1473 2087 1754 2132 sectantur
1785 2096 1797 2132 :
1830 2089 2074 2133 sanctam

508 2180 720 2219 omnem
777 2176 1088 2236 rectamque
1134 2167 1436 2223 doctrinam
1489 2169 1789 2239 recipiunt,
1818 2170 2075 2240 quidquid

509 2257 575 2310 ad
605 2271 814 2312 sacram
844 2257 1138 2312 Ecclesiam
1171 2261 1370 2314 attinet
1397 2260 1637 2314 studiose
1665 2259 1948 2329 recolunt;
1979 2277 2077 2330 per

507 2363 628 2414 qua:
660 2347 768 2404 Deo
799 2349 1272 2419 appropinquant,
1323 2351 1617 2420 aeternique
1649 2353 1795 2420 regni
1832 2353 2075 2409 heredes

510 2440 676 2502 lium,
703 2440 1018 2508 angelorum
1044 2450 1354 2504 consortes,
1390 2450 1698 2495 sanctorum
1735 2441 1980 2507 sodales;
2020 2443 2073 2497 in

508 2529 655 2582 omni
701 2530 913 2584 demum
959 2545 1051 2593 re,
1079 2531 1220 2599 quod
1252 2530 1519 2586 laudabile
1561 2541 1644 2587 est
1685 2541 1740 2587 et
1770 2536 2071 2603 egregium,

511 2616 735 2675 iaciunt.
762 2617 1000 2684 Quorum
1030 2617 1164 2671 nihil
1193 2618 1488 2672 adversarii
1513 2627 1755 2688 agentes,
1777 2619 2071 2686 ignominia

510 2707 814 2777 replentur,
851 2707 1155 2778 divinisque
1180 2707 1401 2777 judiciis
1433 2709 1675 2764 damnati
1717 2709 1768 2764 in
1805 2719 2068 2764 aeternum

507 2804 690 2852 erunt.

579 2995 665 3051 70.
704 2995 836 3063 Quia
871 2995 982 3066 (78)
1027 3009 1153 3051 vero
1196 3009 1226 3050 ε
1272 2993 1472 3050 Christi
1521 2993 1766 3050 hostibus
1811 2993 2070 3049 nonnulla

499 3086 801 3157 jactantur,
835 3101 957 3156 quae
1005 3085 1272 3140 mendacii
1304 3097 1499 3154 parens
1541 3083 1652 3138 illis
1683 3083 1850 3150 amat,
1887 3083 2068 3153 agesis

505 3177 804 3246 cujusmodi
833 3176 949 3231 h:ec
989 3190 1203 3246 quoque
1235 3176 1343 3229 sint
1369 3173 1793 3230 consideremus.
1819 3173 2070 3229 Glorian-

508 3278 595 3322 tur
617 3268 784 3332 enim,
820 3273 1043 3336 propter
1079 3267 1280 3320 illatam
1309 3265 1531 3319 Christo
1561 3263 1921 3333 Ecclesiaque
1943 3277 2071 3318 con-

507 3355 806 3419 tumeliam,
836 3356 1105 3410 diuturnae
1130 3355 1251 3408 vitae
1278 3354 1447 3424 spatia
1483 3368 1606 3408 cum
1631 3353 1881 3408 maximis
1913 3353 2070 3423 137

506 3445 875 3522 voluptatibus
903 3443 1168 3499 Mamonze
1193 3443 1357 3498 luisse
1385 3458 1663 3507 concessa,
1713 3444 2072 3510 eumdemque

507 3537 784 3594 fclicitatis
812 3537 1024 3593 culmen
1055 3537 1318 3606 attigisse.
1351 3533 1456 3590 Sed
1483 3546 1538 3589 et
1562 3535 1816 3590 victorias
1846 3537 1913 3590 de
1939 3535 2070 3587 Bar-

504 3629 649 3683 baris
677 3639 730 3684 et
755 3629 968 3700 egregia
1001 3628 1230 3698 plurima
1260 3627 1500 3681 facinora
1531 3626 1580 3681 ei
1617 3627 1923 3690 ascribunt,
1952 3640 2070 3694 qna:

501 3717 710 3772 sobrios
732 3717 980 3771 homines
1011 3732 1077 3771 ne
1111 3715 1299 3770 audire
1329 3714 1546 3784 quidem
1578 3731 1790 3785 aequum
1822 3725 1925 3770 est.
1963 3714 2068 3770 Sed

501 3822 570 3862 ne
601 3806 740 3862 forte
779 3804 1048 3874 aliquibus
1081 3804 1500 3875 simplicioribus
1543 3804 1956 3874 rudiorihusque
2006 3819 2067 3859 ea

501 3897 779 3955 mendacia
823 3895 997 3948 fraudi
1030 3895 1158 3959 sint,
1203 3895 1544 3964 coarguenda
1586 3895 1792 3962 singula
1844 3910 1872 3947 a
1911 3894 2068 3949 nobis

496 3997 676 4052 erunt,
733 3996 791 4040 ut
841 3997 1173 4057 quantopere
1201 3987 1350 4042 stulti
1399 4001 1459 4042 se
1485 3987 1634 4056 ipsos
1679 3987 1934 4042 inanibus
1983 3987 2067 4042 his

497 4078 840 4134 sermonibus
883 4078 1248 4143 lndilicentur,
1297 4078 1620 4150 intelligant.
1672 4077 1841 4148 igitur
1871 4086 2066 4132 cuncta

497 4171 644 4226 illius
672 4185 931 4240 perquam
978 4172 1153 4240 turpia
1199 4169 1389 4232 fuisse,
1424 4183 1657 4238 eumque
1693 4168 1824 4234 Deo,
1857 4167 2064 4236 angelis

498 4278 562 4318 ac
617 4263 886 4331 religiosis
943 4260 1248 4316 hominibus
1308 4258 1697 4314 exsecrabilem
1753 4258 2062 4321 exstitisse,

496 4353 720 4406 minime
743 4361 826 4406 est
852 4352 1166 4405 obscurum.
1201 4346 1336 4400 Nam
1370 4360 1490 4399 cum
1523 4347 1576 4400 in
1607 4346 1752 4399 omni
1801 4361 1858 4400 se
1887 4345 2063 4399 libidi-

2177 1901 2530 1970 παραθέσεως
2554 1900 2724 1954 ταῦτα
2741 1900 3056 1972 συμϐαλεῖν,
3087 1901 3198 1954 τασι
3217 1918 3229 1929 ·
3253 1900 3347 1954 xui
3361 1899 3449 1952 ἵνα
3467 1895 3746 1951 συλλαϐὼν

2177 1991 2409 2058 εῐποιμι,
2445 1991 2628 2043 πᾶσαν
2653 1991 2750 2060 μὲν
2785 1991 2984 2045 κακίαν
3002 1990 3530 2060 καταμυσάττονται,
3566 1977 3746 2039 πᾶσαν

2176 2080 2233 2132 δὲ
2259 2081 2458 2151 ἀρετὴν
2482 2080 2810 2150 προτιμῶσι,
2847 2082 2954 2134 πᾶν
2983 2080 3190 2149 ἀγαθὸν
3219 2078 3559 2149 γεραίρουσι,
3599 2092 3744 2128 παν-

2175 2171 2266 2234 τὸς
2292 2171 2460 2226 καλοῦ
2491 2171 2718 2244 ἐρασταί
2747 2175 2877 2238 είσι,
2906 2174 3088 2226 πᾶσαν
3121 2151 3414 2242 θεάρεσίτον
3461 2169 3744 2222 πολιτείαν

2175 2265 2577 2336 ἀσπαζόμενοι,
2606 2266 2784 2320 πάντα
2829 2265 2988 2333 λόγον
3021 2265 3167 2316 ὅσιον
3198 2263 3294 2317 xui
3353 2261 3487 2332 εὐθῆ
3519 2258 3745 2331 προσιέ-

2177 2373 2348 2427 μενοι,
2379 2356 2558 2410 πάντα
2578 2357 2644 2410 τὰ
2666 2357 2768 2426 τῆς
2797 2357 2951 2427 ίερᾶς
2979 2355 3306 2424 Ἐκκλησίας
3340 2353 3700 2420 περιέποντες
3723 2367 3736 2380 ·

2173 2445 2241 2499 δι’
2273 2439 2348 2500 ὧν
2371 2447 2650 2515 ἐγγίζουσι
2681 2446 2825 2518 Θεῷ,
2859 2447 2953 2500 xui
3003 2445 3284 2515 βασιλείας
3315 2444 3486 2496 ἀϊδίου
3541 2443 3744 2512 κληρο-

2173 2536 2326 2606 νόμοι
2362 2538 2770 2591 ἀναδείκνυνται
2796 2554 2810 2568 °
2846 2537 3096 2605 ἀγγέλων
3150 2534 3507 2606 συμμέτοχοι,
3565 2533 3737 2601 ἁγίων

2177 2627 2540 2698 συνάριθμοι’
2601 2630 2659 2681 ἐν
2715 2630 2886 2683 ἅπασι
2931 2629 2994 2681 τὸ
3044 2627 3360 2691 ἀξιέπαινον
3415 2627 3508 2679 καὶ
3561 2623 3742 2677 ἔνθεον

2175 2720 2612 2791 ἀποφερόμενον
2669 2715 2744 2777 ὧν
2803 2721 2956 2774 οὐδὲν
3013 2722 3210 2773 ἐκεῖνοι
3277 2718 3743 2789 περιπτυξάμενοι

2173 2810 2432 2880 αἰσχύνης
2465 2811 2920 2882 ἐμπίμπλανται,
2975 2811 3070 2864 καὶ
3135 2809 3382 2864 ὑπόδικοι
3432 2808 3540 2861 τῶν
3577 2807 3742 2862 θείων

2173 2903 2454 2972 κριμάτων
2483 2905 2562 2965 είς
2591 2904 2763 2956 σίῶνα
2787 2905 3131 2972 γενήσονται.

2239 2999 2302 3047 ο¹.
2354 2993 2569 3064 Ἐπειδὴ
2597 2993 2654 3046 δέ
2685 2993 2778 3047 καί
2810 3010 2930 3046 τινα
2977 2993 3128 3064 παρὰ
3175 2993 3288 3054 τοῖς
3329 2990 3740 3062 Χριστομάχοις

2173 3082 2771 3156 περιθρυλλεῑται,ἀπερ
2812 3085 2997 3148 αὐτοῖς
3053 3087 3081 3138 ὁ
3122 3083 3218 3136 τοῦ
3259 3081 3492 3152 ψεύδους
3545 3081 3734 3151 πατὴρ

2173 3172 2518 3243 ἐμπνεύσειε,
2559 3173 2691 3245 φέρε
2723 3172 2820 3226 xui
2851 3171 3024 3225 ταῦτα
3059 3170 3508 3240 ἐπισκεψώμεθα.
3547 3171 3738 3222 Κατα-

2172 3264 2534 3334 κομψεύονται
2568 3265 2676 3335 γὰρ
2701 3263 2788 3317 διὰ
2809 3263 2906 3334 τὴν
2945 3263 3025 3325 είς
3060 3262 3294 3330 Χριστὸν
3327 3259 3420 3312 xui
3469 3259 3568 3328 τὴν
3611 3258 3739 3310 Ἐκ-
3825 3253 3841 3268 ⁸

2172 3353 2402 3424 κλησίαν
2435 3353 2613 3423 ὓϐριν,
2672 3354 2897 3423 χρόνους
2938 3351 3239 3420 μηκίστους
3267 3349 3362 3402 xui
3413 3363 3732 3418 παρατεταο

2173 3444 2340 3514 μένην
2372 3442 2536 3514 ζωὴν,
2592 3443 2685 3497 xui
2718 3441 2830 3512 βίον
2893 3441 3105 3510 εὐπαθῆ
3160 3436 3610 3509 ἐκμεμετρῆσθαι
3660 3435 3738 3506 τῷ

2169 3535 2441 3604 Μαμωνᾷ,
2495 3535 2588 3586 xui
2639 3533 2940 3602 εὐημερίας
2991 3533 3070 3594 είς
3107 3531 3276 3601 ἄκρον
3321 3528 3531 3589 ἐλάσαι,
3577 3527 3736 3590 νίκας

2170 3624 2318 3693 αὐτῷ
2388 3625 2530 3677 κατά
2605 3623 2896 3694 βαρϐάρων
2957 3622 3052 3674 xui
3125 3619 3597 3691 ἀνδραγαθήματα
3659 3613 3735 3677 ώς

2169 3717 2396 3770 πλεῖστα
2427 3718 2844 3786 ἐπιγράφοντες,
2898 3715 2935 3770 ἃ
2982 3715 3098 3778 τοῖς
3132 3714 3230 3784 μὲν
3282 3712 3559 3781 σώφροσιν
3609 3707 3733 3763 οὐδέ

2168 3809 2247 3870 είς
2276 3807 2536 3876 ἀκρόασιν
2558 3807 2812 3876 ἔρχεσθαι
2841 3805 3049 3859 δίκαιον
3067 3821 3080 3835 ·
3102 3804 3178 3868 ώς
3205 3804 3250 3857 δ’
3284 3799 3350 3858 ἂν
3380 3803 3492 3856 τῶν
3523 3801 3734 3857 ἁπλου-

2170 3898 2372 3966 στέρων
2388 3899 2421 3968 ἢ
2436 3897 2822 3968 ἀμαθεστέρων
2845 3898 3019 3963 τινὰς,
3039 3897 3152 3960 τοῖς
3169 3897 3234 3949 ἐκ
3249 3896 3347 3965 τῆς
3363 3895 3579 3963 ἀπάτης
3601 3894 3736 3946 άναο

2168 3989 2435 4058 πλασμοϊς
2481 3989 2554 4059 μὴ
2600 3988 3062 4059 παραϐλάπτοιεν,
3112 3987 3320 4040 τούτων
3355 3985 3734 4046 διευθύνοντες

2165 4077 2390 4144 ἕκαστα,
2403 4081 2578 4143 κενοῖς
2594 4079 2769 4147 λόγοις
2786 4080 3014 4141 ἑαυτοὺς
3028 4077 3467 4148 φαινακίζοντας,
3487 4076 3611 4137 τοὺς
3631 4091 3734 4144 μα-

2164 4169 2490 4241 ταιόφρονας
2519 4171 2905 4241 ἀποφηνωμεν.
2933 4170 3056 4223 Ὀτι
3081 4169 3178 4240 μὲν
3202 4168 3311 4238 γάρ
3342 4169 3369 4220 ὁ
3394 4166 3508 4236 βίος
3538 4164 3734 4233 ἐκείνῳ

2167 4259 2498 4330 πάναισχρος
2528 4247 2788 4329 γεγονὼς,
2809 4259 3095 4330 βδελυκτὸν
3116 4259 3208 4311 xui
3221 4257 3337 4328 Θεῷ
3353 4257 3444 4310 xui
3458 4255 3730 4322 ἀγγέλοις,

2164 4350 2468 4422 ἀνθρώποις
2480 4370 2538 4406 τε
2555 4356 2665 4416 τοῖς
2686 4352 2971 4406 εὐσεϐοῦσι
2989 4352 3244 4422 καθίστη,
3267 4351 3368 4404 οὐκ
3391 4349 3728 4420 ἀσυμφανές⁶

496 4457 626 4495 num
683 4455 882 4513 genere
928 4440 1094 4494 miser
1153 4438 1241 4491 hic
1285 4438 1586 4501 volntaret,
1643 4437 1818 4505 iisque
1865 4453 2061 4508 corpus

2170 4442 2396 4512 καὶγὰρ
2447 4445 2526 4506 είς
2577 4443 2645 4497 τὰ
2685 4442 2884 4514 σαρκὸς
2938 4443 3084 4513 πάθη
3137 4439 3599 4510 κατασυρόμενος.
3631 4436 3730 4506 τὴν

495 4549 654 4586 suum
693 4543 748 4586 et
779 4531 1015 4585 animam
1043 4525 1462 4596 conspurcaret,
1495 4542 1614 4596 quae
1641 4526 1893 4583 Barbarie
1926 4544 2060 4597 quo-

493 4637 599 4691 que
625 4631 679 4676 et
727 4619 962 4674 ethnicis
1012 4617 1176 4672 vetita
1226 4625 1382 4682 sunt,
1440 4616 1596 4688 longe
1647 4617 1879 4687 pecudes
1913 4621 2057 4688 ipsas

494 4699 1076 4780 fmilitate'superavit.
1125 4708 1302 4778 Atque
1347 4708 1460 4764 haec
1513 4724 1618 4763 non
1668 4711 1824 4777 pauci
1878 4713 1969 4781 qui
2004 4712 2053 4766 ei

492 4803 798 4858 administri
845 4802 1061 4856 luerunt
1107 4809 1163 4856 et
1214 4799 1388 4855 adhuc
1421 4799 1636 4865 vivunt,
1674 4802 1854 4855 testari
1904 4807 2056 4870 pote-

492 4903 655 4960 runt;
685 4910 785 4948 nec
821 4909 924 4947 non
959 4901 1014 4946 et
1043 4892 1191 4946 varia
1226 4891 1468 4959 corporis
1499 4891 1834 4945 incommoda
1862 4893 2058 4962 quibus

495 4987 637 5040 idem
675 4986 778 5039 fuit
825 4984 1112 5039 obnoxius.
1148 4982 1432 5038 Dolorihus
1473 4981 1615 5036 enim
1653 4991 1816 5052 atque
1848 4983 2062 5038 crucia-

563 5141 678 5212 (78)
728 5139 1051 5212 Sequentem
1091 5136 1480 5212 sesquipaginaa
1520 5143 1760 5212 tractum
1799 5135 1872 5189 ait
1901 5135 2057 5212 Peta-

493 5205 613 5264 vius
643 5205 701 5263 se
739 5213 789 5264 in
822 5205 1097 5267 Parisiaco
1138 5205 1483 5274 TheOphanis
1524 5205 1712 5259 codice
1749 5205 2055 5270 invenisse,

495 5292 748 5352 tanquam
785 5295 848 5352 es
884 5275 1186 5352 ijicepiroro
1225 5273 1569 5352 excerptum,
1598 5273 1977 5352 quodnidcireo
2002 5276 2058 5330 in

490 5342 641 5407 calce
676 5350 854 5420 posuit
890 5342 1250 5420 Historiarum
1285 5342 1574 5420 Nicephori
1604 5342 1658 5394 in
1693 5342 2065 5420 editionem-

491 5410 688 5490 parca:
716 5417 1020 5490 Canteroqui
1053 5417 1140 5470 hic
1181 5425 1386 5490 tractus
1421 5410 1481 5490 in
1515 5410 1860 5490 Theophanis
1891 5413 2064 5472 Chro-

495 5480 619 5544 nico
678 5504 782 5542 non
817 5480 1042 5557 legitur_._
1086 5498 1261 5557 neque
1306 5483 1374 5535 ad
1428 5482 1483 5557 id
1534 5480 1806 5557 pertinere
1850 5491 2060 5557 potest,

493 5551 928 5630 quandoquide'm
959 5551 1370 5630 _Tl_ieo_phancs.
1393 5551 1548 5617 plene
1583 5551 1822 5630 Satisque
1846 5552 2062 5630 [deﬁce-

491 5619 758 5709 pronynro
791 5625 1010 5704 proprio
1039 5625 1090 5676 in
1137 5619 1254 5676 loco
1293 5621 1511 5688 suisque
1541 5620 1720 5709 verbis
1752 5619 1902 5704 dixit.
1940 5619 2062 5691 Fuit

496 5688 676 5766 itaque
721 5688 821 5751 hoc
877 5688 1056 5766 potius
1098 5703 1454 5756 extravagans
1506 5688 1720 5756 aliquod
1782 5688 2058 5759 πάρεργον

2165 4533 2273 4587 τῶν
2298 4533 2509 4602 ἀλόγων
2565 4533 2721 4599 ζώων
2778 4533 3062 4604 παρήλασε
3106 4529 3436 4601 κτηνώδίαψ
3468 4530 3580 4589 τοῖς
3627 4527 3732 4578 ἀπ-

2162 4625 2551 4696 ηγορευμένοις
2583 4626 2678 4678 καὶ
2710 4624 3002 4696 βαρϐάροις
3049 4624 3143 4676 xui
3162 4622 3411 4691 Ἕλλησι,
3445 4619 3538 4672 xui
3575 4616 3734 4686 σῶμα

2164 4719 2262 4771 xui
2286 4717 2510 4788 ψυχὴνό
2538 4718 2772 4781 δείλαιος
2800 4717 3262 4788 ἐμμολυνόμενος.
3291 4714 3403 4767 Καὶ
3433 4712 3606 4765 ταῦτα
3628 4710 3729 4762 οὐκ

2165 4807 2427 4878 ὀλίγιστοι
2474 4810 2586 4863 τῶν
2645 4807 3350 4882 ὑπηρετησαμένων,αὐτῷ
3405 4806 3570 4875 μέχρι
3630 4800 3726 4854 τοῦ

2169 4897 2332 4969 δεῦρο
2359 4900 2643 4971 περιόντες
2672 4901 3188 4970 ἀπαγγελλέτωσαν,
3211 4897 3326 4968 μεθ’
3354 4889 3428 4949 ὧν
3449 4896 3542 4948 xui
3563 4893 3729 4947 τᾶλλα

2167 4985 2204 5040 ἃ
2249 4990 2380 5058 περὶ
2411 4988 2472 5042 τὸ
2531 4989 2692 5062 σῶμα
2751 4988 2901 5060 αὐτῷ
2947 4990 3200 5059 ἀπήνταο
3243 4986 3347 5055 ήδη
3382 4985 3493 5054 γὰρ
3547 4984 3730 5046 πόνοις

2163 5141 2365 5217 codicis
2393 5141 2674 5217 Parisiaci.
2701 5139 2818 5217 _No_s
2840 5156 2969 5217 vero
2993 5143 3206 5217 demum
3233 5136 3731 5217 comperimushoc

2163 5210 2524 5278 fragmentum
2577 5212 2630 5265 in
2683 5213 2893 5267 duobus
2934 5211 3153 5265 ineditis
3196 5208 3474 5278 chronicis
3524 5208 3728 5278 vatim,

2165 5276 2382 5347 Georgii
2438 5294 2628 5350 nempe
2669 5281 2997 5345 llamartoli,
3044 5295 3098 5348 p.
3149 5277 3285 5342 189,
3314 5276 3734 5350 e_t.|oannis_Si-

2168 5344 2390 5416 culifp.
2447 5344 2580 5403 556:
2624 5350 2692 5406 Et
2734 5350 2908 5402 variat
2966 5344 3183 5415 quidem
3235 5344 3732 5416 mediocriter___hoc

2165 5413 2478 5489 escerptnm
2531 5418 2585 5472 in
2637 5419 2918 5489 praedictis
2951 5413 3234 5489 Chronicis
3266 5431 3294 5469 a
3341 5424 3526 5489 nostro
3575 5413 3733 5467 Nice-

2165 5484 2338 5553 phori
2366 5487 2530 5542 totius
2575 5484 2753 5554 operis
2803 5488 3027 5551 codice,
3063 5485 3149 5540 cui
3199 5496 3376 5538 tamen
3425 5484 3586 5538 unice
3635 5495 3732 5554 nos

2163 5549 2547 5626 adhaerendo":
2605 5549 2945 5626 putavimus,
2999 5549 3181 5624 utpote
3233 5556 3446 5623 integro
3483 5563 3539 5608 et
3585 5549 3727 5607 nulla

2163 5623 2480 5694 cujusquam
2516 5623 2674 5681 manu
2708 5625 3047 5693 interpolato.
