4072 6324
247 392 351 456 £05

931 399 1558 466 ANTIRRHETICUS
1596 408 1688 469 III
1728 410 1898 475 ADV.
1938 414 2530 480 CONSTANTINUM
2569 421 2763 481 COPR

3379 419 3483 484 506

248 508 342 602 καὶ
373 506 666 602 ἀλγηδόσιν
697 507 980 598 ἀῤῥήδρις,
1019 508 1106 566 οἷα
1127 516 1276 578 είκδς
1311 519 1437 580 τοὺς
1467 520 1819 592 ήλκωμένους

1923 527 2097 595 tibus,
2127 532 2216 600 qui
2247 531 2501 599 explicari
2553 533 2782 587 dicendo
2813 543 3084 602 nequeunt
3117 535 3483 588 excarnifica-

247 597 502 665 πάσχειν,
555 597 902 669 βαλλόμενος,
934 605 1187 674 πονήρως
1239 608 1335 659 καὶ
1392 610 1631 681 ἀνιαρῶς
1677 613 1816 681 ἄγαν

245 685 510 738 διὲκειτω
538 686 632 740 καί
662 703 785 742 τινα
815 691 924 743 τῶν
959 693 1138 761 μελῶν
1183 695 1289 749 ὐπὸ
1335 697 1445 749 τῶν
1494 699 1668 754 ἑλκῶν
1714 703 1818 755 ἀπ-

245 774 538 844 ηχρείωτυ,
555 775 648 828 καί
671 792 787 839 πως
817 781 908 832 καὶ
941 782 1185 850 σαρκίων
1210 785 1372 838 τινῶν
1388 789 1816 861 ἀπερρυηκότων

249 865 432 936 αὐτῷ’
469 868 836 937 συνεχέστατα
871 870 928 924 δὲ
958 872 1064 925 ὑπὸ
1094 874 1204 928 τῶν
1250 878 1513 948 ἐριννύων
1561 882 1815 952 ἐκδειμα-

249 958 531 1028 τούμενος.
604 962 820 1029 πικρῶς
885 965 979 1020 καὶ
1029 966 1280 1031 ἐλεεινῶς
1334 969 1426 1022 τὸν
1504 973 1817 1041 νυκτερινὸν

249 1049 439 1118 χρόνον
461 1050 692 1119 διήνυεν,
725 1054 854 1117 ῐσως
873 1057 987 1118 τοῖς
1009 1053 1392 1130 συγκειμένοις
1421 1063 1814 1134 ἐφυστερίξων,

247 1140 723 1212 ἀντεπεξαγούσης
778 1145 876 1213 τῆς
928 1147 1060 1216 παρ’
1102 1149 1268 1202 αὐτοῦ
1324 1151 1665 1222 διωκομένης
1722 1157 1816 1207 πί-

251 1245 441 1292 στεως.
484 1231 772 1300 Παρείσθω
787 1235 856 1285 τά
885 1234 979 1286 νῦν
1005 1235 1186 1304 λέγειν
1210 1238 1274 1290 τὸ
1302 1242 1403 1308 τῆς
1419 1239 1628 1310 διαίτης
1655 1243 1818 1313 ἀηδές

247 1336 306 1372 τε
326 1321 420 1372 καὶ
453 1320 728 1391 αἴσχιστον
748 1339 760 1352 ·
781 1325 916 1394 ὅπερ
935 1326 1046 1395 γὰρ
1071 1328 1136 1380 ἂν
1163 1330 1502 1401 προσάραιτο
1537 1331 1815 1403 βρώσεως,

250 1411 312 1463 οὐ
341 1410 529 1466 τέλεον
561 1415 891 1481 καταποθὲν,
945 1405 1098 1487 παρὰ
1141 1421 1264 1483 τοὺς
1317 1423 1546 1490 ἐμέτους
1589 1422 1818 1492 ἔφθανεν

254 1503 676 1572 ἐκκρινόμενον·
711 1505 772 1557 τὺ
796 1506 851 1558 δέ
884 1508 1012 1577 περὶ
1045 1509 1170 1572 τοὺς
1191 1510 1667 1582 ὐπηρετουμένους
1699 1515 1818 1565 ίτα-

254 1594 356 1660 μὸν
377 1595 472 1647 καὶ
502 1594 767 1666 θηριῶδες
789 1598 882 1649 τοῦ
916 1599 1143 1668 τρόπου,
1173 1602 1268 1655 καὶ
1293 1603 1390 1672 τῆς
1428 1604 1733 1674 ὑπηρεσίας
1757 1605 1818 1657 τὸ

247 1684 704 1754 δυσαχθέστατον,
734 1689 892 1740 ὁποῖα
925 1690 992 1742 ἄν
1021 1707 1104 1752 τις
1143 1691 1288 1744 εἴποι
1316 1693 1386 1744 τὰ
1429 1692 1666 1763 φέροντα
1709 1693 1818 1746 σώ-

250 1791 433 1842 ματα;
491 1776 730 1841 Μάστιξι
778 1778 888 1848 γὰρ
921 1779 1160 1850 ἑκάστης
1191 1781 1419 1845 πολλαῖς
1469 1784 1816 1849 καταξαίνων

248 1863 428 1917 αὐτῶν
463 1866 530 1919 τὰ
564 1865 710 1927 νῶτα
734 1870 828 1920 καὶ
854 1870 950 1932 τὰς
973 1869 1199 1937 ὠλένας,
1228 1873 1379 1925 οὐδὲν
1407 1873 1516 1926 τῶν
1550 1875 1818 1944 σαρκοϐό-
1852 1855 1891 1909 Β

249 1975 362 2029 ρων
387 1959 593 2031 θηρίων
627 1961 1143 2033 φιλανθρωπότερον
1171 1963 1462 2032 ἔπραττεν,
1495 1965 1735 2034 ἐκτομὰς
1761 1966 1818 2018 δὲ

251 2049 435 2119 μελῶν
475 2052 568 2104 καὶ
599 2051 895 2123 ὀφθαλμῶν
935 2054 1236 2125 πηρώσεις,
1273 2055 1365 2108 καὶ
1413 2055 1482 2108 τὰ
1528 2055 1662 2109 ἀλλα
1719 2058 1818 2110 ὅσα

245 2141 400 2195 δεινά
452 2142 811 2214 κολαστήρια,
870 2148 967 2198 καὶ
1033 2147 1250 2214 σφαγὰς
1320 2147 1542 2211 ἀδίκους
1605 2150 1818 2219 ἀνδρῶν

247 2230 467 2296 ἀθώων,
500 2235 593 2286 καὶ
635 2237 759 2298 τοὺς
795 2236 883 2289 διὰ
911 2236 1084 2306 πυρὸς
1133 2239 1498 2307 πικροτάτους
1526 2240 1814 2305 θανάτους,

245 2324 298 2376 τί
339 2323 447 2396 χρὴ
469 2325 564 2378 καὶ
593 2325 771 2393 λέγειν
794 2342 809 2390 ;
831 2321 927 2389 Οἷς
957 2327 1056 2395 μέν
1086 2326 1420 2396 βασκαίνων,
1453 2331 1703 2401 ἀνδρείας
1725 2331 1820 2384 καὶ

244 2415 452 2487 ἀρετῆς
489 2412 547 2470 εὖ
582 2416 792 2488 ἔχουσιν
814 2433 828 2448 ο
863 2413 944 2480 οἷς
994 2419 1050 2495 δέ
1102 2419 1198 2471 τού
1250 2422 1564 2490 ἐκπρεποῦς
1605 2423 1697 2475 καὶ
1725 2424 1819 2474 ἐπὶ

244 2509 416 2560 ποσὸν
468 2510 838 2578 προηγμένοις
890 2511 985 2562 ἐπὶ
1021 2512 1084 2565 τὸ
1141 2510 1487 2581 εὐχρηστονσ
1535 2513 1666 2582 περὶ
1710 2512 1818 2583 γὰρ

244 2596 357 2649 τῶν
383 2597 480 2666 τῆς
499 2597 781 2661 εὐσεϐείας
813 2599 1020 2653 εἵνεκεν
1067 2601 1296 2654 τοιαῦτα
1327 2602 1422 2654 καὶ
1464 2603 1672 2656 τούτων
1703 2604 1817 2674 χεί-

247 2701 381 2754 ρονα
407 2687 740 2756 πασχόντων,
768 2689 962 2759 ἐτέρας
995 2689 1178 2759 δεήσει
1210 2692 1539 2761 συγγραφῆς
1569 2693 1662 2746 καὶ
1713 2692 1818 2762 τῆς

247 2777 561 2845 κρείττονος
589 2777 688 2846 (It).

317 2872 424 2919 oa'.
476 2862 612 2921 Εἶτα
643 2866 782 2938 πρὸς
829 2867 906 2939 τῷ
946 2869 1090 2923 τέλει
1141 2871 1252 2924 τῶν
1290 2873 1476 2927 κακῶν
1505 2875 1816 2945 γενόμενος,

251 2957 350 3010 καὶ
377 2957 629 3027 πυρετῶν
653 2956 878 3028 ὀξύτησι
908 2960 1000 3012 καὶ
1022 2959 1324 3027 φλογώσεσι
1348 2965 1820 3035 καταπιμπράμε-

251 3065 368 3112 νος,
399 3050 495 3118 τῆς
530 3048 888 3119 ἐκδεξομένης
936 3050 1098 3103 αὐτὸν
1125 3051 1351 3121 γεέννης
1379 3053 1478 3123 τὴν
1515 3055 1692 3122 φλόγα
1718 3057 1820 3125 ἐμ-

250 3136 440 3207 φανῶς
457 3137 837 3207 προορώμενος
856 3136 1288 3208 κατωπτρίζετο,
1305 3139 1396 3191 καὶ
1417 3139 1510 3192 τοῦ
1540 3140 1818 3211 σκώληκος

245 3231 342 3284 τοῦ
377 3231 678 3301 ἀκοιμήτου
702 3231 768 3284 τὰ
791 3230 1070 3301 δήγματα,
1101 3230 1356 3284 σύντονόν
1382 3249 1438 3284 τε
1465 3234 1558 3285 καὶ
1579 3234 1820 3302 γεγωνὸς

246 3322 459 3377 ἐκϐοῶν
485 3323 902 3393 ἐνδελεχέστατα
927 3339 939 3353 ·
970 3324 1067 3392 τῆς
1085 3323 1313 3393 γεέννης
1336 3322 1508 3377 ταῦτα
1531 3322 1820 3395 προαύλιαι

247 3415 506 3470 ἐντεῦθεν
537 3417 708 3487 μικρὰ
727 3417 825 3486 τῆς
853 3415 1112 3479 ἀσεϐείας
1152 3416 1597 3485 συναισθόμενος,
1630 3419 1727 3487 τῆς
1760 3419 1824 3470 ἐκ

248 3507 352 3576 τῆς
385 3509 516 3577 παρ’
539 3507 699 3576 ήμῶν
730 3508 967 3569 πίστεως
1023 3507 1195 3560 ἐδεῖτο
1256 3506 1574 3575 ἐπικουρίας
1599 3509 1694 3576 (i)°
1723 3509 1822 3559 ἐπ-

251 3596 456 3665 έτρεπὲ
485 3613 544 3648 τε
595 3599 707 3658 τοῖς
734 3596 1142 3666 παρεπομένοις
1175 3596 1282 3648 τῶν
1325 3598 1541 3666 ίερέων,
1600 3599 1668 3649 τά
1710 3599 1820 3655 τῶν

251 3687 601 3758 Χριστιανῶν
667 3682 958 3757 προσᾴδειν
1015 3688 1134 3756 ίερά
1192 3687 1598 3758 μελῳδήματα·
1654 3688 1704 3739 οί
1763 3687 1822 3740 δὲ

252 3778 526 3850 πρόθυμοι
555 3775 975 3837 ἀπαναίνεσθαι,
1013 3775 1086 3836 ώς
1121 3777 1262 3844 μήτε
1289 3776 1489 3828 ειδέναι
1519 3777 1662 3846 μήτε
1694 3771 1824 3846 ᾆσαι

253 3865 625 3930 πώποτε,εῐτε
653 3868 771 3928 ταῖς
804 3864 1087 3935 ἀληθείαις
1114 3863 1288 3926 οὕτως
1314 3864 1556 3933 ἔχοντες,
1595 3866 1704 3917 εἴτε
1725 3864 1823 3935 τὴν

251 3959 460 4012 ἐκείνου
484 3956 950 4028 κατοῤῥωδοῦντες
965 3956 1222 4026 ὠμότητα
1240 3957 1329 4009 καὶ
1345 3955 1683 4025 δυσμένειαν.
1701 3955 1824 4008 Τοι-

253 4051 446 4112 αύταις
478 4048 821 4120 εὐημερίαις,
844 4047 1123 4110 τοιαύταις
1157 4046 1471 4108 εὐπαθείαις
1492 4046 1826 4100 ἐναναπαυό-

257 4157 437 4211 μενος,
467 4141 556 4210 ὑφ’
585 4135 660 4193 ὧν
689 4141 753 4208 δὴ
799 4139 1179 4206 Διοκλητιανόν
1225 4155 1285 4190 τε
1346 4138 1439 4190 καὶ
1483 4137 1826 4208 Μαξιμιανὸν

257 4231 704 4294 συντελεσθέντας
743 4229 1037 4299 ἀκούομεν,
1079 4228 1222 4282 οὕτω
1265 4229 1431 4292 κακὸς
1505 4229 1688 4292 κακῶς
1733 4231 1827 4283 καὶ

257 4321 459 4383 ἀθλίως
486 4321 875 4390 ἀπολλύμενος,
908 4319 1166 4372 καταλύει
1191 4319 1282 4372 τὸν
1313 4319 1425 4388 βίον
1447 4335 1460 4348 ’
1486 4319 1741 4391 τεθνήκει
1768 4320 1825 4373 δέ

259 4410 609 4480 πλοῖζόμενος
641 4410 887 4480 σημείοις
928 4409 1069 4462 τισὶν
1129 4408 1281 4472 ἐκτὸς
1316 4408 1417 4478 τῆς
1449 4408 1716 4478 βασιλίδος
1743 4409 1825 4462 δι-

1919 626 2025 683 tus,
2077 621 2374 689 cujusmodi
2411 623 2654 676 ulcerosa
2689 638 2914 691 corpora
2960 624 3162 691 perpeti
3194 635 3484 678 consenta-

1919 724 2076 763 neum
2103 721 2206 777 est,
2241 713 2380 766 male
2410 729 2819 782 :erumuoseque
2841 724 2959 767 erat
2979 713 3221 770 affectus.
3260 715 3476 769 Etenim

1918 801 2172 855 nonnulla
2207 804 2442 858 membra
2479 805 2749 859 ulceribus
2781 808 2942 860 adesa
2975 817 3150 868 erant,
3184 804 3483 860 difﬂuenti-

1916 892 2016 945 bus
2047 895 2289 948 carnium
2327 897 2590 964 partibus.
2626 897 2730 951 Sed
2758 906 2814 951 et
2857 910 3114 968 perpetuo
3158 899 3312 954 furiis
3358 915 3483 968 per-

1920 985 2169 1048 territus,
2229 987 2456 1043 moleste
2514 997 2838 1042 nocturnum
2907 999 3116 1058 tempus
3177 990 3483 1059 misereque

1919 1076 2268 1140 traducebat,
2311 1077 2603 1132 deliberata
2637 1079 2862 1134 fortasse
2903 1080 3128 1134 consilia
3161 1081 3476 1146 demoratus,

1911 1166 2044 1220 dum
2099 1167 2148 1220 ei
2211 1177 2398 1222 vexata
2463 1169 2648 1238 religio
2708 1185 2775 1225 ex
2838 1171 3064 1226 adverso
3123 1172 3476 1228 consisteret.

1919 1255 2121 1311 Omitto
2151 1259 2324 1312 victus
2355 1259 2726 1315 insuavitatem
2759 1276 2821 1316 ac
2865 1263 3248 1330 turpitudinem
3275 1281 3288 1317 :
3315 1264 3478 1332 quid-

1918 1349 2044 1418 quid
2077 1350 2219 1403 enim
2251 1351 2356 1406 cibi
2390 1365 2486 1420 per
2522 1353 2703 1406 fauces
2733 1353 3042 1420 traiecerat,
3076 1356 3126 1408 id
3159 1356 3343 1410 statim
3380 1370 3482 1409 vo-

1919 1439 2136 1494 mitibus
2183 1442 2529 1495 excernebat.
2568 1441 2808 1512 Namque
2841 1444 2983 1498 illam
3017 1446 3068 1497 in
3114 1444 3344 1499 famulos
3380 1460 3484 1499 ste-

1920 1528 2104 1583 vitiam
2139 1543 2203 1583 ac
2251 1529 2543 1596 feritatem,
2575 1542 2736 1600 atque
2783 1533 2836 1586 in
2883 1534 3160 1602 exigendis
3205 1535 3482 1603 obsequiis

1919 1620 2298 1684 acerbitatem,
2361 1635 2606 1688 quaenam
2679 1636 2936 1690 oppressa
3001 1637 3231 1690 corpora
3299 1623 3482 1676 dicere

1919 1709 2154 1776 queant?
2184 1707 2542 1763 Caadebantur
2568 1711 2808 1780 quotidie
2844 1711 3014 1780 plagis
3049 1711 3226 1764 multis
3263 1712 3479 1766 illorunt
3521 1711 3528 1716 ’

1922 1808 2068 1868 terga
2115 1801 2358 1868 ulna'que
2394 1817 2408 1854 :
2451 1815 2622 1868 neque
2667 1802 2798 1857 feris
2851 1803 3153 1858 carnivoris
3189 1803 3480 1858 humanius

1921 1889 1974 1943 in
2021 1903 2114 1944 eos
2147 1889 2329 1944 fiebat.
2369 1889 2486 1945 Jam
2530 1894 2898 1948 membrorum
2945 1887 3330 1960 mutilationes,
3355 1909 3484 1948 ocu-

1921 1977 2094 2032 lorum
2127 1979 2519 2034 exczecationes
2542 2020 2556 2045 ,
2587 1995 2650 2035 ac
2686 1981 2892 2049 reliqua
2924 1981 2974 2034 id
3015 1998 3184 2052 genus
3212 1983 3480 2038 horrenda

1920 2068 2200 2138 supplicia,
2230 2071 2548 2140 iniquasque
2569 2071 2963 2125 immerentium
2985 2073 3260 2126 hominum
3287 2075 3480 2137 cades,

1919 2169 1974 2212 et
2021 2160 2400 2214 acerbissimas
2455 2161 2505 2214 in
2555 2160 2786 2215 ﬂammis
2823 2170 3052 2223 mortes,
3099 2163 3228 2232 quid
3288 2166 3483 2217 attinet

1919 2251 2214 2304 enarrare?
2238 2266 2464 2320 quorum
2501 2251 2696 2318 partim
2741 2251 3042 2305 fortitudini
3074 2252 3365 2320 virtutique
3398 2253 3482 2305 in-

1920 2341 2154 2404 videbat,
2185 2343 2375 2410 partim
2408 2342 2592 2412 gloria:
2622 2357 2685 2397 ac
2721 2342 3036 2397 dexteritati
3071 2342 3205 2412 (79).
3236 2341 3479 2410 Namque

1922 2431 1958 2484 ii
1993 2431 2104 2500 qui,
2153 2433 2428 2504 religionis
2460 2450 2656 2499 causa,
2699 2435 2814 2489 haec
2849 2444 2904 2488 et
2934 2434 3117 2503 pejora
3150 2434 3292 2502 passi
3333 2443 3481 2500 sunt,

1921 2522 2082 2576 aliam
2115 2525 2402 2593 ‘postulant
2447 2532 2502 2581 et
2549 2526 2766 2596 quidem
2804 2527 3118 2597 ampliorem
3167 2527 3485 2596 descriptio-

1921 2627 2041 2668 nem
2075 2613 2208 2684 (se).

1991 2886 2082 2940 7i.
2121 2885 2404 2942 Postremo
2468 2903 2591 2943 cum
2639 2890 2900 2943 scelerum
2925 2905 3144 2944 suorum
3190 2888 3480 2944 terminum

1921 2976 2206 3045 attigisset,
2229 2986 2508 3032 acutarum
2547 2976 2775 3034 febrium
2807 2980 3092 3034 ardoribus
3151 2989 3478 3044 estestuans,

1921 3066 2177 3134 gehennae
2223 3065 2487 3130 ﬂammas,
2523 3083 2643 3136 qua:
2691 3083 2750 3122 se
2788 3083 2906 3122 mox
2962 3078 3266 3137 exceptura?
3304 3079 3480 3133 erant,

1927 3157 2243 3224 prtevisione
2269 3158 2756 3224 contemplabatur,
2786 3174 2849 3212 ac
2874 3156 3150 3226 pervigilis
3177 3159 3319 3214 illius
3354 3174 3476 3212 ver—

1924 3249 2026 3301 mis
2067 3261 2280 3301 morsus
2319 3250 2720 3316 prassentiebat,
2769 3264 2960 3318 graves
3001 3251 3118 3304 sine
3156 3251 3343 3318 requie
3369 3250 3484 3303 cla-

1923 3353 2101 3394 mores
2132 3339 2326 3404 edens;
2365 3355 2484 3408 ane
2537 3350 2689 3393 erant
2724 3342 2981 3409 gehennae
3025 3343 3268 3410 qu:edam
3306 3343 3482 3396 initia.

1923 3427 2055 3482 Tum
2086 3431 2296 3484 demum
2328 3431 2618 3498 impietatis
2648 3446 2758 3485 suae
2786 3447 2946 3487 sensu
2971 3434 3245 3502 paulisper
3277 3441 3479 3496 tactus,

1922 3519 2198 3588 religienis
2228 3529 2422 3573 nostra;
2459 3520 2764 3591 adjumeuta
2805 3524 3060 3589 petebat;
3095 3536 3146 3576 et
3172 3522 3486 3577 comitanti-

1927 3610 2026 3663 bus
2052 3626 2109 3664 se
2138 3610 2511 3665 sacerdotibus
2559 3625 2752 3664 sacros
2785 3611 3218 3665 Christianorum
3257 3613 3489 3683 hymnos

1925 3714 2121 3753 canere
2174 3701 2512 3754 mandabat:
2559 3701 2650 3769 qui
2699 3710 2878 3754 tamen
2933 3701 3080 3754 illico
3136 3707 3484 3765 recusabant,

1925 3801 2197 3854 nunquam
2234 3803 2291 3840 se
2316 3801 2511 3840 canere
2540 3788 2732 3841 solitos
2771 3789 3004 3848 aientes.
3052 3787 3166 3841 sive
3196 3803 3280 3841 res
3308 3789 3378 3841 ita
3428 3804 3489 3843 se

1926 3878 2166 3942 haberet,
2201 3878 2313 3931 sive
2366 3879 2490 3945 quia
2530 3879 2672 3933 illius
2713 3879 3167 3931 exborrescerent
3194 3878 3485 3932 crudelita-

1928 3977 2034 4022 tem
2071 3977 2125 4022 et
2173 3969 2530 4024 iracundiam.
2587 3969 2642 4022 ιη
2681 3970 2765 4022 bis
2795 3984 2924 4037 ergo
2954 3969 3226 4038 tantisque
3281 3970 3488 4023 deliciis

1926 4060 2273 4128 constitutus,
2328 4059 2528 4127 quibus
2559 4060 2722 4112 etiam
2779 4057 3167 4112 Diocletianum
3207 4075 3268 4112 ac
3318 4059 3489 4112 Illuxi-

1929 4151 2170 4203 mianum
2228 4150 2550 4204 immortuos
2579 4149 2909 4218 accepimus,
2945 4149 3116 4203 malus
3157 4152 3316 4204 homo
3349 4151 3489 4204 male

1926 4248 2088 4308 atque
2135 4238 2427 4292 infeliciter
2459 4239 2695 4308 periens,
2741 4237 2864 4292 vita:
2917 4237 3076 4290 linem
3141 4249 3332 4292 nactus
3380 4248 3484 4292 est.

1925 4329 2167 4384 Mortuus
2195 4339 2278 4385 est
2314 4338 2494 4383 autem
2554 4329 2817 4399 navigans
2869 4329 3073 4394 aliquot
3111 4338 3265 4382 extra
3299 4331 3484 4383 urbem

1928 4437 2181 4491 passuum
2234 4420 2490 4486 millibus,
2524 4421 2649 4474 dum
2695 4437 2727 4476 e
2780 4420 3027 4474 Thraciae
3060 4421 3368 4488 regionibus
3399 4437 3487 4475 re-

258 4503 464 4572 ἑχουσι,
485 4503 592 4556 τῶν
609 4505 672 4556 ἐκ
692 4503 791 4569 τῆς
817 4503 1036 4573 Θρᾴκης
1059 4502 1272 4572 χωρίων
1295 4501 1649 4564 παλινοστῶν,
1666 4506 1722 4555 ἐν
1746 4497 1821 4564 οἷς

1933 4518 2256 4571 verteretur,
2307 4509 2358 4562 in
2417 4508 2762 4576 quibuscum
2806 4509 3048 4562 exercitu
3107 4507 3297 4561 fuerat.
3355 4506 3488 4561 Nam

259 4593 636 4662 ἐκστρατεύων
659 4594 920 4663 ἐτύγχανε
941 4608 955 4622 ⁸
981 4594 1050 4663 γῆ
1090 4593 1198 4661 γὰρ
1223 4595 1254 4662 ή
1284 4593 1501 4645 πάντων
1525 4593 1709 4664 μήτηρ
1730 4591 1824 4644 τὸν

264 4687 564 4756 μιαιφόνον,
608 4685 834 4755 αἴμασιν
881 4684 1052 4750 αὐτὴν
1092 4681 1288 4743 ἀθώοις
1326 4682 1681 4751 ἐκπλήσαντα
1730 4681 1826 4734 καὶ

267 4777 606 4844 μολύναντα,
669 4776 752 4844 ἐφ’
803 4777 1003 4843 ἐαυτῆς
1051 4772 1306 4842 θνήσκειν
1355 4771 1415 4823 οὐ
1473 4771 1823 4841 παρεδέξατο.

260 4865 424 4929 Ποίας
455 4861 548 4919 οὖν
573 4866 682 4935 ἄρα
707 4864 1041 4934 κατηγορίας
1065 4863 1160 4915 καὶ
1201 4861 1538 4931 ταλανισμοῦ
1582 4863 1681 4915 οὐκ
1712 4859 1823 4916 εἷεν

257 4955 418 5020 ἄξιοι,
450 4957 498 5008 oi.
535 4958 745 5008 ἐκεῖνον
803 4951 1128 5024 μακαρίζειν
1158 4951 1401 5021 ἀνοήτως
1439 4952 1539 5004 οὐκ
1572 4952 1820 5028 αἰσχυνό-

263 5047 454 5112 μενοιί
499 5043 558 5097 '0
585 5045 641 5098 δέ
671 5045 770 5114 τῆς
829 5043 974 5111 ζωῆς
1024 5041 1191 5094 αὐτοῦ
1225 5042 1333 5103 πᾶς
1388 5041 1575 5111 χρόνος
1614 5043 1714 5094 οὐκ
1744 5042 1823 5104 είς

263 5136 472 5207 μακρόν
509 5153 562 5188 τι
601 5126 743 5190 πάνυ
779 5136 1064 5204 διήλασεν
1110 5136 1169 5186 οὐ
1204 5133 1415 5186 πλείοσι
1450 5133 1559 5204 γὰρ
1605 5133 1637 5204 ἢ
1681 5133 1824 5186 ὀκτὼ

261 5227 394 5292 πρὸς
431 5228 541 5289 τοῖς
571 5229 909 5296 πεντήκοντα
949 5223 1094 5277 ἔτεσι
1142 5223 1291 5293 βιοὺς
1310 5222 1398 5295 (ἰ),
1434 5223 1581 5294 ψυχῇ
1623 5240 1682 5275 τε
1730 5224 1824 5277 καὶ

329 5405 405 5477 (Ιι)
440 5407 641 5461 Morum
673 5407 994 5478 Copronymi
1028 5417 1392 5475 portentosam
1432 5411 1816 5476 impuritatcm,

260 5472 492 5547 itemque
531 5472 812 5540 saevitiat'n,
844 5472 1069 5530 narrant
1098 5478 1298 5546 passim
1342 5472 1621 5547 Byzantini
1654 5472 1820 5535 Iusto;

264 5542 378 5608 rici,
406 5542 569 5608 atque
604 5547 655 5598 in
690 5547 773 5599 bis
796 5547 1075 5600 Cedrenus
1098 5542 1238 5602 tom.
1270 5549 1366 5600 cit.

333 5615 405 5684 (ἱ)
442 5613 623 5667 Dirum
663 5615 991 5684 Copronymi
1043 5617 1292 5675 obitum,
1346 5630 1487 5668 anno
1511 5615 1718 5683 imperii
1752 5618 1820 5670 55

262 5680 605 5756 ejusdemque
647 5680 924 5738 morientis
973 5697 1146 5756 seram
1184 5680 1606 5756 paenitentiam,
1645 5688 1820 5756 legere

263 5745 384 5806 llcet
406 5745 542 5822 apud
567 5753 886 5816 Cedrenum,
916 5768 967 5822 p.
1002 5745 1258 5808 46746—8.

1930 4609 2073 4653 terra
2107 4598 2348 4652 omnium
2385 4608 2560 4652 mater
2610 4598 2938 4653 homicidam
2994 4598 3159 4660 hunc,
3197 4598 3286 4665 qui
3315 4599 3486 4666 ipsam

1926 4689 2172 4743 innocuis
2229 4689 2585 4758 sanguinibus
2661 4690 3018 4743 inundaverat
3079 4706 3144 4744 ac
3206 4690 3487 4759 polluerat,

1925 4775 2065 4845 apud
2094 4791 2152 4831 se
2175 4780 2307 4831 mori
2329 4794 2433 4831 non
2465 4790 2548 4832 est
2570 4794 2750 4848 passa.
2778 4779 2946 4845 Quam
2980 4791 3106 4835 sunt
3145 4797 3274 4850 ergo
3307 4799 3488 4851 repre-

1932 4867 2202 4923 hendendi
2231 4884 2295 4923 ac
2337 4870 2545 4934 miseri,
2568 4871 2656 4938 qui
2681 4871 2994 4941 insipienter
3020 4873 3166 4926 illum
3198 4875 3492 4940 przedicare

1924 4959 2140 5012 beatum
2175 4974 2278 5015 non
2311 4961 2674 5016 erubescunt!
2711 4961 2777 5016 Et
2811 4964 3028 5031 quidem
3061 4966 3182 5019 vitae
3219 4965 3333 5034 ejus
3354 4976 3492 5022 tem-

1927 5065 2025 5118 pus
2068 5065 2174 5104 non
2223 5053 2508 5106 admodum
2563 5053 2830 5122 prolixum
2886 5057 3022 5125 fuit;
3076 5069 3276 5113 etenun
3317 5073 3490 5112 annos

1929 5141 2070 5194 haud
2098 5140 2218 5209 plus
2248 5158 2376 5196 Lvm
2413 5154 2594 5210 natus,
2622 5147 2857 5200 animam
2886 5149 3046 5202 simul
3068 5159 3117 5202 ct
3149 5165 3345 5218 corpus
3374 5166 3494 5217 per.

1926 5230 2100 5297 didit;
2139 5240 2193 5286 et
2225 5232 2324 5286 bos
2360 5234 2526 5302 ipsos,
2585 5237 2695 5291 Deo
2733 5219 2893 5308 138
2940 5243 3306 5308 permittente,
3343 5240 3486 5292 baud

1927 5483 1940 5496 .
1999 5415 2063 5484 (j)
2105 5415 2366 5497 plpl-tuus
2416 5413 2788 5487 Copronymns
2850 5431 2990 5471 anno
3035 5416 3209 5470 relatis
3255 5430 3365 5469 sum
3399 5415 3488 5476 58.

1926 5485 2139 5551 imperii
2167 5485 2255 5540 '55.
2638 5485 2647 5487 _

2000 5553 2112 5622 (79)
2167 5556 2238 5624 De
2299 5554 2486 5608 aulicis
2536 5556 2852 5624 proceribus
2903 5573 2928 5608 a
2984 5558 3323 5624 (Inprmnymo
3375 5555 3491 5609 neci

1927 5623 2155 5676 addictis
2185 5623 2528 5683 Nicephorus-
2553 5627 2602 5676 in
2634 5623 2909 5678 Breviario
2947 5629 3011 5677 ad
3045 5623 3134 5678 an.
3164 5623 3288 5680 766.

1999 5691 2108 5760 (80)
2145 5692 2286 5748 ldcnt
2325 5692 2654 5762 Niceplturus
2685 5710 2768 5762 op.
2803 5695 2895 5748 cit.
2928 5701 2994 5748 ad
3030 5710 3114 5748 an.
3153 5694 3278 5749 765.
