4072 6324
540 388 644 452 507

1562 396 1623 455 S.
1665 396 2088 459 NICEPIIORI
2121 398 2630 459 ΡΑΤΒΙΑΒΟΗΕ
2667 400 2778 461 CP.

3703 406 3809 472 508

545 502 779 557 feliciter
796 501 998 571 exegit,
1024 502 1148 572 quia
1179 501 1378 557 divinis
1407 501 1688 559 beneficiis
1712 505 1813 559 fuit
1842 507 2115 578 indignus.

2232 508 2437 580 σώματι
2468 508 2697 580 τέθνηκε
2744 526 2759 541 ο
2797 507 2893 562 καὶ
2930 505 3072 564 αὐτά
3123 523 3193 577 γε
3248 508 3423 562 ταῦτα
3480 509 3619 564 Θεοῦ
3670 529 3808 585 συγ.

544 594 665 662 νει,
704 603 761 648 ut
791 594 964 664 magis
1011 594 1229 663 proprie
1277 596 1544 658 dicamus,
1603 596 1714 650 Deo
1747 607 1958 668 tempus
1988 617 2117 670 pro-

545 688 779 751 ferente,
804 687 1060 756 justeque
1110 687 1453 751 consulente,
1501 698 1560 742 ut
1590 687 1677 742 hic
1707 689 1871 742 etiam
1894 708 2117 747 suorum

547 778 847 833 facinormn
877 792 1065 845 pinnas
1110 778 1307 846 partim
1365 779 1695 846 degustaret,
1754 795 1987 851 moxque
2013 798 2119 837 non

546 875 668 926 sine
699 872 955 940 gravibus
984 871 1261 928 doloribus
1297 873 1667 940 turpissimam
1703 873 1869 927 vitam
1897 877 2120 931 abrum-

549 972 720 1030 peret.
773 971 962 1029 parata
1021 963 1124 1019 sibi
1175 980 1205 1018 a
1258 966 1437 1020 divina
1486 968 1694 1023 ultione
1757 970 2026 1038 supplicia
2068 970 2121 1024 in

547 1061 824 1122 posterum
857 1054 1182 1108 immortalia
1211 1065 1268 1110 et
1291 1057 1407 1111 sine
1437 1059 1543 1113 line
1579 1061 1745 1116 miser
1780 1072 2117 1131 recepturus,

547 1144 857 1201 acerbiores
886 1146 1098 1200 scilicet
1147 1162 1212 1203 ac
1243 1150 1637 1217 diuturniores,
1672 1168 1795 1209 eum
1825 1165 1978 1223 patre
2018 1171 2120 1209 suo

548 1248 825 1304 prunaeque
863 1237 1167 1305 cohaerede,
1203 1239 1255 1292 in
1282 1240 1525 1308 gehenna
1574 1247 1851 1301 cruciatus
1902 1260 2123 1314 perpes-

547 1340 726 1382 SUI‘US.

623 1610 710 1665 72.
746 1609 894 1676 Quae
922 1627 1054 1667 vero
1078 1614 1395 1686 confingunt
1441 1616 1557 1685 ejus
1588 1620 1870 1688 victorias,
1907 1639 1985 1680 ea:
2016 1625 2118 1679 hu-

544 1702 785 1771 justuodi
848 1714 995 1770 sunt,
1045 1715 1100 1761 et
1154 1722 1314 1762 unam
1347 1725 1379 1764 e
1422 1714 1677 1767 maximis
1735 1728 2119 1772 memoremus.

550 1796 842 1865 Postquam
874 1799 1274 1866 espeditionem
1309 1804 1548 1871 suscepit
1580 1805 1841 1861 adversus
1862 1809 2122 1863 occiden-

550 1887 714 1941 talem
764 1888 921 1942 nonis
957 1887 1274 1959 Scythicum
1327 1895 1580 1961 populum
1616 1896 1752 1965 (81),
1807 1898 2120 1953 universum

546 1993 705 2032 suum
744 1982 1016 2034 contrain
1048 1983 1149 2035 sub
1175 1981 1326 2050 signa
1355 1985 1683 2050 exercitum,
1717 1990 2121 2057 commissaque

544 2083 671 2122 eum
713 2069 960 2123 hostibus
992 2070 1202 2139 praelia,
1228 2087 1389 2141 quam
1419 2073 1546 2127 felix
1575 2076 1736 2132 fuerit
1769 2078 1888 2133 belli
1921 2081 2121 2146 exitus,

546 2158 760 2227 publica
796 2170 919 2213 sunt
964 2162 1297 2219 testimonia.
1336 2164 1468 2219 Nam
1494 2182 1665 2236 usque
1706 2171 1773 2223 ad
1810 2171 1949 2227 hanc
1978 2173 2118 2228 diem

544 2251 692 2305 circa
720 2252 1038 2307 Anchialum
1058 2255 1173 2324 (82)
1207 2256 1422 2323 urbem,
1451 2257 1621 2313 valles
1641 2262 1928 2331 campique
1952 2265 2125 2320 inter-

550 2342 814 2397 fectorum
871 2348 1110 2400 membra
1182 2347 1583 2405 demonstrant.
1654 2351 1787 2407 Nam
1854 2353 2125 2426 Scythicis

548 2434 742 2504 gladiis
777 2446 1006 2490 cunctus
1037 2453 1173 2505 pene
1231 2439 1595 2495 Romanorum
1627 2444 1899 2500 exercitus
1937 2448 2126 2502 conci-

551 2538 644 2577 sus
670 2523 791 2577 fuit.
845 2523 1002 2590 Quod
1037 2528 1082 2581 si
1137 2528 1394 2596 exiguum
1450 2532 1670 2600 aliquod
1727 2549 1826 2590 nec
1860 2538 2125 2606 gravioris

554 2614 713 2681 plane
747 2617 1006 2670 momenti
1041 2618 1172 2685 egit,
1207 2620 1258 2672 id
1281 2620 1501 2688 quidem
1543 2624 1773 2693 legimus
1803 2627 1855 2680 in
1887 2629 2007 2696 ejus
2032 2606 2128 2683 \lit-

555 2706 684 2761 teris
716 2707 783 2761 ad
845 2708 1007 2776 regia:
1041 2710 1193 2763 urbis
1251 2711 1455 2766 incolas
1500 2715 1761 2783 scriptis;
1810 2717 1863 2771 in
1928 2720 2127 2787 quibus

554 2797 707 2851 valde
734 2812 795 2852 se
838 2799 1009 2867 jactat
1050 2799 1137 2852 hic
1179 2802 1450 2856 mendacii
1508 2805 1745 2859 famulus
1792 2817 1848 2861 et
1904 2809 2124 2874 sodalis,

555 2888 781 2941 multum
815 2904 1030 2957 quoque
1063 2889 1156 2943 Dei
1209 2891 1395 2947 odium
1441 2895 1669 2949 inlinitis
1703 2896 2030 2965 jurameutis
2062 2901 2128 2954 ad

556 2977 837 3033 Creatoris
869 2981 1281 3049 contumeliam,
1312 2983 1564 3051 prolatis,
1598 2967 1712 3054 prae
1739 3002 1799 3041 se
1833 2988 1969 3054 fert;
2004 3005 2127 3044 cum

554 3069 809 3123 videlicet
838 3081 1049 3141 gentem
1080 3072 1227 3127 illam
1276 3074 1538 3130 adversus
1592 3078 1758 3133 duces
1791 3094 1921 3135 suos
1955 3083 2130 3135 rebel-

2223 604 2595 673 χωρήσαντος,
2645 602 2747 654 οὐκ
2795 600 3190 672 εύδοκήσαντος
3221 617 3236 634 ·
3284 602 3506 667 ἀνάξιος
3548 605 3658 677 γὰρ
3708 610 3807 680 τῆς

2222 690 2379 760 παρὰ
2405 689 2541 743 Θεοῦ
2574 688 2893 761 εὐεργεσίας
2920 706 2933 720 ⁸
2961 689 2993 759 ἢ
3027 690 3362 759 οἰκειότερον
3404 693 3601 757 εἰπεῖν,
3671 697 3807 751 ἀνα-

2223 781 2555 851 ϐαλλομένου
2612 782 2704 835 τὸν
2749 782 2942 852 χρόνον
2994 782 3090 835 καὶ
3143 782 3310 845 ἀξίως
3340 783 3685 855 δικάζοντος,
3714 788 3808 843 ἵνα

2222 872 2504 928 κάνταῦθα
2555 872 2664 925 τῶν
2708 873 3130 944 τετολμημένων
3179 875 3304 927 ὅσον
3375 876 3798 945 ἀπογεύσασθαι

2222 963 2378 1027 δίκας
2422 964 2911 1034 εἰσπραττόμενος,
2962 964 3181 1033 πικρῶς
3241 965 3337 1017 καλ⁸
3392 966 3673 1039 ὀδυνηρῶς
3707 971 3809 1041 τὴν

2224 1055 2510 1125 αἰσχίστην
2533 1053 2816 1127 ἀπορρήξῃ
2844 1054 3009 1125 ζωὴν,
3039 1055 3108 1108 τὰ
3133 1054 3614 1128 τεθησαυρισμένα
3651 1061 3806 1131 αύτῷ

2225 1146 2377 1214 παρά
2402 1147 2499 1216 τῆς
2529 1146 2675 1209 θείας
2700 1146 2858 1217 δίκης
2886 1146 3304 1216 ἀποληψόμενος
3333 1149 3393 1200 ὲν
3425 1148 3501 1218 τῷ
3549 1150 3801 1217 μέλλοντι

2223 1235 2465 1288 ἀθάνατα
2489 1234 2585 1287 καὶ
2607 1235 2886 1305 ἀπέραντα
2923 1237 2951 1287 ὁ
2977 1234 3240 1305 δύστηνος
3275 1236 3755 1307 κολασθησόμενος
3786 1254 3801 1269 ’

2226 1326 2553 1396 πικροτέρας
2581 1324 2733 1395 αὐτῷ
2757 1324 2850 1378 καὶ
2877 1326 3220 1395 μακροτέρας
3253 1324 3370 1394 ἅμα
3393 1326 3473 1397 τῷ
3508 1328 3675 1398 πατρὶ
3708 1329 3805 1382 καὶ

2227 1416 2650 1487 συγκληρονόμῳ
2677 1416 2864 1480 αὑτοῦ,
2918 1415 3215 1488 θεοκρίτως
3264 1419 3321 1470 ὲν
3351 1419 3415 1490 τῇ
3447 1419 3639 1490 γεέννῃ
3698 1420 3802 1490 τῆς

2223 1508 2494 1578 τιμωρίας
2528 1506 2965 1578 έτοιμασθείσης.

2294 1616 2393 1688 οβ’.
2435 1619 2533 1681 ’Δς
2569 1616 2625 1670 δὲ
2685 1616 3109 1671 ἑπιπλάττουσιν
3152 1619 3302 1690 αύτῷ
3335 1619 3514 1684 νίκας,
3552 1619 3803 1674 τοιαῦταί

2223 1708 2368 1773 τινές
2404 1710 2565 1770 εἰσιν,
2599 1706 2688 1760 ἴνα
2730 1708 2867 1782 ,μιᾶς
2921 1707 3030 1761 τῶν
3082 1709 3392 1778 κρατίστων
3440 1710 3799 1782 ἐπιμνησθῶ-

2230 1816 2330 1870 μεν
2348 1799 2444 1870 (k).
2475 1798 2693 1870 Ἐπειδὴ
2724 1781 3141 1871 παρεσκεύαστο
3161 1800 3223 1854 τδ
3250 1800 3390 1871 πρὸς
3412 1781 3647 1871 δυσμαῖς
3673 1803 3805 1871 ἡμῖν

2225 1886 2533 1958 ᾠκισμένον
2560 1888 2823 1941 Σκυθικὸν
2854 1888 3009 1953 ἔθνος
3057 1890 3393 1961 ἀμύνασθαι,
3458 1893 3804 1964 συναθροίζει

2226 1977 2291 2050 δὴ
2322 1979 2468 2031 ἅπαν
2496 1977 2558 2032 τὺ
2585 1978 2675 2034 ὑπ’
2697 1978 2847 2049 αὐτῷ
2879 1979 3194 2051 στράτευμα
3215 1998 3231 2015 ο
3260 1983 3341 2046 είς
3370 1984 3561 2053 χεῖράς
3597 2000 3655 2037 τε
3689 1986 3806 2046 τοῖς

2225 2069 2508 2140 πολεμίοις
2539 2068 2653 2137 ίὼν,
2701 2071 2884 2124 ὁποῖον
2922 2071 3072 2143 αὐτῷ
3118 2072 3181 2125 τὸ
3224 2073 3320 2127 τοῦ
3353 2073 3595 2145 πολέμου
3641 2073 3802 2139 τέλος

2225 2158 2580 2230 κατώρθωτο,
2616 2162 2888 2230 μαρτυρεῖ
2918 2159 2987 2213 τὰ
3008 2160 3308 2232 φαινόμενα
3329 2178 3343 2193 ο
3377 2162 3539 2234 μέχρι
3568 2162 3680 2234 γὰρ
3708 2164 3804 2217 καὶ

2227 2254 2468 2324 σήμερον
2499 2250 2568 2304 τὰ
2595 2251 2740 2305 κατά
2772 2253 2870 2322 τὴν
2910 2252 3197 2322 Ἀγχίαλον
3225 2254 3575 2325 καλουμένην
3622 2254 3802 2321 πόλιν,

2227 2342 2381 2396 κοῖλα
2404 2342 2499 2394 καὶ
2524 2341 2823 2410 πεδιάσιμα
2848 2343 3046 2412 χωρία,
3085 2342 3121 2396 ἃ
3177 2344 3287 2397 τῶν
3340 2345 3706 2416 ἀνῃρημένων
3736 2345 3806 2399 τὰ

2227 2432 2376 2487 κῶλα
2406 2430 2623 2496 ἐδέξατο
2641 2430 3021 2485 ὑποδείκνυσιν
3042 2448 3055 2463 ’
3083 2431 3245 2503 ἔργον
3270 2433 3379 2503 γὰρ
3402 2433 3503 2504 τῆς
3530 2433 3806 2504 Σκυθικῆς

2230 2521 2526 2593 μαχαίρας,
2579 2520 2725 2573 ἅπαν
2758 2520 2946 2590 σχεδὸν
2996 2521 3059 2574 τὸ
3104 2522 3215 2576 τῶν
3257 2521 3547 2594 Ῥωμαίων
3577 2523 3802 2593 ἐγένετο

2230 2615 2571 2684 στράτευμα.
2599 2613 2663 2669 Ei
2693 2614 2748 2667 δέ
2786 2630 2840 2666 τι
2876 2614 3073 2685 μικρὸν
3101 2614 3196 2668 καὶ
3227 2615 3290 2667 ού
3329 2617 3469 2670 πάνυ
3520 2617 3802 2686 ἀξιόλογον

2228 2705 2443 2776 ἑδρασε,
2481 2704 2625 2758 καθά
2652 2722 2717 2773 γε
2759 2707 2891 2775 ἡμῖν
2927 2706 2992 2759 ὲκ
3039 2705 3150 2760 τῶν
3199 2708 3604 2779 γεγραμμένων
3654 2707 3806 2779 αὐτῷ

2228 2797 2367 2866 πρὸς
2408 2796 2537 2858 τοὺς
2592 2795 3011 2867 ὲνηυλισμένους
3058 2797 3200 2851 κατά
3229 2797 3328 2870 τὴν
3389 2798 3804 2869 βασιλεύουσαν,

2230 2888 2657 2957 ἀναλεξαμὲνοις
2686 2887 2957 2956 ἔγνωσται
2979 2906 2993 2920 °
3024 2890 3083 2942 ὲν
3112 2885 3194 2954 οἷς
3237 2890 3407 2944 πολλά
3441 2892 3809 2961 κατακομπά-

2233 2997 2327 3044 σας
2361 2983 2389 3035 ό
2422 2980 2515 3033 τοῦ
2548 2979 2776 3049 ψεύδους
2806 2979 3087 3051 ὑπηρέτης
3123 2981 3216 3034 καὶ
3254 2980 3573 3053 σύντροφος,
3605 2982 3808 3053 πολλὴν

2229 3072 2417 3143 δὲτὴν
2465 3071 2765 3142 θεομαχίαν
2816 3072 2881 3125 ὲκ
2934 3074 3032 3142 τῆς
3076 3073 3306 3144 ἀπείρου
3353 3074 3682 3145 πολυορκίας
3723 3077 3808 3145 ἐφ’

556 3158 756 3213 lantem
814 3162 1172 3230 deprehendit
1223 3166 1498 3237 (namque
1538 3168 1642 3224 hoc
1716 3184 1859 3240 saepe
1923 3174 2129 3228 faciunt

2234 3164 2389 3235 ὕϐρει
2420 3163 2514 3217 τοῦ
2539 3164 2841 3227 Κτίσαντος
2889 3162 3322 3236 προϐαλόμενος,
3349 3165 3513 3234 ἡνίκα
3553 3166 3615 3219 τὸ
3659 3166 3811 3230 ἔθνος

556 3249 796 3321 Scythae,
830 3262 1016 3321 utpote
1038 3255 1326 3312 barbarico
1362 3274 1513 3314 more
1572 3260 1787 3327 imbuti,
1816 3274 1873 3318 et
1909 3266 2043 3319 duas
2075 3266 2126 3320 in

2234 3255 2362 3324 περὶ
2390 3256 2518 3319 τοὺς
2539 3255 2774 3317 οἰκείους
2809 3254 3085 3325 ἡγεμόνας
3111 3255 3495 3317 διαστασιάζον
3517 3256 3805 3310 κατέλαϐε

558 3352 742 3409 purtes
790 3341 1110 3413 plerumque
1133 3345 1315 3412 divisi,
1350 3347 1395 3401 si
1431 3348 1570 3403 forte
1611 3348 1732 3405 illos
1765 3352 2132 3410 voluntatibus

555 3432 672 3487 suis
727 3433 1060 3489 obsistentes
1103 3439 1523 3509 cognoverint).
1578 3442 1709 3507 Qua:
1764 3444 1960 3499 seditio
2004 3457 2133 3502 tunc

553 3522 754 3578 accidit
808 3541 929 3579 cum
987 3527 1242 3582 dominus
1309 3529 1529 3585 illorum
1584 3530 1842 3600 Sabinus,
1898 3535 1965 3589 ad
2022 3536 2130 3590 Ro-

556 3626 747 3667 manos
781 3614 1042 3683 profugus
1103 3617 1301 3673 defecit
1328 3618 1462 3690 (8‘5).
1523 3620 1677 3676 Tunc
1726 3623 1891 3691 igitur
1955 3627 2132 3695 gentis

554 3704 716 3760 civile
749 3705 1036 3761 dissidium
1074 3717 1128 3763 et
1182 3709 1400 3777 seditio,
1455 3712 1672 3767 brevem
1724 3714 1989 3772 Mamouaa
2055 3720 2130 3773 rei

558 3797 694 3852 bene
764 3799 1015 3867 gerenda!
1084 3802 1426 3857 occasionem
1489 3805 1658 3860 dedit.
1726 3807 1948 3862 Interim
2007 3824 2136 3864 vero

552 3889 914 3947 Orientalium
955 3892 1319 3948 Bnrbarorum
1351 3895 1433 3949 vel
1457 3897 1628 3950 solam
1665 3899 2001 3953 mentionem
2052 3914 2137 3953 re-

558 3981 917 4049 formidabat;
981 3984 1055 4038 ita
1117 3995 1176 4037 ut
1229 3985 1282 4039 in
1338 3987 1606 4041 concione
1658 3986 1883 4050 dixerit,
1940 4003 1999 4041 se
2031 4003 2135 4040 non

556 4073 760 4127 audere
810 4072 897 4127 vel
956 4083 1146 4128 contra
1180 4090 1382 4143 paucos
1430 4076 1648 4131 illorum
1698 4092 1821 4131 cum
1881 4079 2136 4134 universo

550 4163 795 4216 exercitu
855 4178 955 4218 suo
1002 4179 1232 4233 pugnam
1270 4179 1584 4221 conserere.
1644 4163 1753 4221 Sed
1812 4183 1933 4221 cum
1995 4169 2137 4236 apud

553 4253 706 4323 ipsos
755 4269 908 4308 more
965 4256 1130 4310 solito
1182 4255 1359 4311 civilis
1404 4267 1711 4311 commotos
1768 4264 1852 4311 est
1901 4257 2134 4326 gladius,

564 4347 880 4415 ferrumque
906 4346 973 4401 de
990 4347 1225 4415 partium
1265 4348 1578 4401 diversitate
1601 4348 1945 4413 decernebat,
1978 4357 2140 4418 atque

561 4439 614 4492 in
653 4447 897 4493 mutuum
952 4439 1183 4493 ruebant
1257 4439 1511 4504 exitium,
1580 4439 1889 4493 latrocinali
1949 4442 2133 4510 potius

2230 3348 2327 3400 καὶ
2356 3346 2463 3418 γὰρ
2501 3347 2662 3400 τοῦτο
2715 3346 2982 3410 πολλάκις
3010 3348 3187 3400 ποιεῖν
3219 3348 3403 3410 αὐτοῖς
3441 3347 3687 3413 εὐπετὲς.
3716 3348 3812 3402 ἇτε

2234 3439 2589 3511 βαρϐαρικοῖς
2646 3439 2834 3510 ἤθεσιν
2880 3438 3321 3509 ὲντρεφομένοις,
3375 3440 3473 3492 καὶ
3527 3438 3649 3509 διχῆ
3698 3441 3813 3502 τοῖς

2236 3531 2461 3600 μέρεσιν
2486 3530 2561 3593 ὡς
2593 3529 2661 3582 τὰ
2694 3528 2864 3583 πολλά
2887 3529 3310 3599 διαιρουμένοις,
3333 3530 3460 3583 ὅταν
3481 3529 3660 3584 αὐτῶν
3691 3532 3813 3592 ταῖς

2236 3619 2452 3690 βουλαῖς
2502 3618 3067 3688 ἀντικαθισταμένους
3095 3618 3278 3672 ίδωσιν
3299 3635 3312 3650 ο
3343 3619 3372 3673 ὃ
3420 3620 3485 3690 δὴ
3538 3618 3634 3672 καὶ
3659 3636 3813 3689 τηνι-

2235 3712 2412 3765 καῦτα
2462 3713 2492 3764 ὁ
2523 3711 2732 3765 τούτων
2760 3710 2952 3782 κύριος
3004 3710 3494 3781 ἐπιϐουλευόμενος
3546 3710 3807 3774 πέπονθε,

2233 3800 2461 3863 Σαϐῖνος
2489 3801 2551 3870 (ί)
2579 3800 2750 3871 ὄνομα
2786 3797 2855 3871 ἦν
2905 3799 3074 3871 αὐτῷ,
3127 3801 3224 3857 xui.
3270 3800 3448 3868 φυγὰς
3494 3800 3631 3871 πρὸς
3680 3800 3813 3853 Ῥω-

2238 3891 2430 3961 μαίους
2463 3889 2733 3961 ἀπῴχετο.
2782 3892 2918 3944 Τότε
2965 3890 3060 3945 οὖν
3100 3889 3250 3962 αὐτῷ
3281 3893 3313 3963 ἡ
3346 3890 3443 3944 τοῦ
3467 3892 3653 3955 ἔθνους
3687 3890 3811 3945 καθ’

2236 3983 2397 4036 ἑαυτὸ
2426 3982 2662 4053 διαφορὰ
2688 3982 2783 4036 καὶ⁸
2813 3983 3026 4047 στάσις,
3062 3982 3206 4036 κατὰ
3232 3982 3405 4054 βραχὺ
3438 3980 3571 4050 γοῦν
3602 3982 3816 4034 εὐδοκι-

2240 4073 2413 4143 μῆσαι
2450 4074 2794 4143 παρέσχετο·
2847 4074 2974 4135 τοὺς
3027 4071 3084 4125 δὲ
3136 4074 3273 4143 πρὸς
3325 4073 3478 4144 ἥλιον
3525 4072 3817 4144 ἀνίσχοντα

2239 4164 2551 4236 βαρϐάρους
2594 4165 2690 4218 καὶ
2733 4166 2813 4227 είς
2842 4165 3067 4235 μνήμην
3107 4164 3288 4228 ίόντας
3319 4164 3508 4218 ἐδεδίει
3543 4165 3815 4234 μάλιστα·

2239 4256 2316 4319 ὡς
2354 4257 2451 4309 καὶ
2474 4256 2561 4309 ἐπ’
2595 4255 2898 4325 ἐκκλησίας
2952 4256 3274 4327 κηρύσσειν,
3310 4255 3388 4328 μὴ
3434 4256 3662 4328 θαρρεῖν
3695 4260 3819 4312 κατ’

2239 4348 2454 4417 ὀλίγους
2483 4348 2688 4410 αὐτῶν,
2717 4347 2795 4418 τῷ
2827 4348 2919 4401 ὑπ’
2965 4348 3115 4419 αὐτῷ
3160 4348 3276 4419 ἅμα
3321 4349 3485 4402 παντὶ
3526 4348 3818 4419 ὁπλιτικῷ,

2242 4441 2322 4503 εἰς
2343 4439 2539 4492 ταυτὸν
2571 4439 2751 4509 μάχης
2796 4438 2932 4491 ἰέναι
2962 4436 3182 4491 πώποτε
3204 4453 3219 4468 ο
3260 4438 3465 4492 ὁπόταν
3490 4437 3548 4490 δὲ
3590 4438 3820 4502 αὐτοὺς,

557 4546 722 4599 quam
759 4530 982 4584 militari
1031 4544 1183 4584 more
1234 4546 1332 4586 ceu
1367 4530 1677 4602 incognitus
1722 4532 1972 4587 Armenae
2012 4547 2131 4601 pro-

2241 4530 2383 4584 οὖτω
2408 4530 2748 4600 συνενεχθὲν,
2768 4529 3034 4600 ἐμφύλιος
3060 4529 3277 4584 διέλαϐε
3322 4530 3586 4601 μάχαιρα,
3624 4530 3720 4583 καὶ
3746 4529 3822 4583 σί-

562 4621 773 4674 viueias
816 4621 1098 4685 invadens,
1148 4622 1367 4674 castella
1424 4622 1533 4676 illic
1569 4623 1714 4690 cepit
1742 4623 2141 4678 consentienti-

564 4712 664 4764 bus
684 4711 894 4765 incolis.
915 4711 1158 4767 Armenii
1178 4724 1357 4766 autem
1382 4712 1610 4786 Syrique
1629 4712 1924 4768 Christiani
1942 4724 2098 4768 erant
2121 4732 2137 4781 ;

567 4817 743 4871 neque
779 4803 924 4857 enim
980 4804 1120 4858 hosti
1173 4819 1381 4875 pagano
1434 4821 1669 4875 unquam
1720 4806 1834 4875 ipse
1860 4807 2137 4862 occurris-

565 4903 689 4957 set;
730 4907 866 4960 quos
893 4892 1059 4947 etiam
1081 4894 1217 4965 (84),
1246 4904 1437 4948 contra
1471 4895 1650 4948 datam
1683 4894 2038 4963 jurejurando
2074 4895 2141 4948 li-

566 4984 711 5051 dem,
736 4983 953 5040 exsules
1008 4987 1287 5041 transtulit
1333 4986 1400 5040 ad
1436 4984 1685 5042 Thraciae
1742 4986 1918 5042 fines:
1982 4986 2140 5057 cujus

639 5142 755 5267 (3ίέ
784 5141 1046 5225 Bulgaros
1071 5153 1125 5198 et
1158 5142 1399 5210 Hunnos,
1434 5153 1493 5199 ut
1528 5144 1603 5200 ait
1626 5144 1768 5200 idem
1813 5143 2148 5215 Nicephorus

565 5213 622 5268 in
699 5229 724 5265 r
761 5229 951 5268 vuario.
1715 5250 1719 5259 ι

592 5229 622 5267 11
656 5229 951 5268 ῢτενιιιτιο.
1715 5250 1719 5259 .

642 5284 754 5352 (82)
792 5283 944 5351 Apud
982 5276 1261 5337 Petavium
1292 5284 1346 5337 in
1383 5284 1529 5338 dicto
1561 5284 1863 5352 Nicephoro
1889 5292 2147 5347 excerplo

568 5352 759 5408 Graece
777 5352 1031 5424 Ἀχελὼν,
1062 5356 1337 5424 mendose,
1361 5353 1605 5424 itemque
1629 5354 1850 5406 omnino
1871 5353 2009 5424 apud
2040 5352 2147 5405 Ha-

574 5421 871 5477 tunrtolutn
923 5434 977 5476 et
1030 5423 1297 5477 Siculum.
1358 5421 1613 5477 Petavius
1672 5424 1892 5486 scripsit
1954 5421 2145 5477 Latine

574 5491 880 5554 Acheloum,
907 5492 1228 5547 existimans
1250 5493 1323 5546 ita
1350 5494 1677 5556 emendare;
1704 5492 1796 5545 sed
1828 5506 1950 5545 vera
1986 5493 2145 5545 lectio

574 5572 659 5633 est
705 5562 911 5619 codicis
955 5563 1137 5633 nostri
1165 5562 1412 5617 Vaticani
1476 5561 2143 5633 'Ayxiakov,Anchia_lum.

580 5631 646 5685 Et
672 5632 888 5698 quidem
920 5631 1161 5686 vocabuli
1202 5644 1404 5686 rectam
1440 5630 1761 5698 scripturam
1798 5632 1961 5684 habet
1996 5630 2148 5684 Nice-

577 5702 784 5768 phorns
812 5704 863 5756 in
905 5702 1189 5755 Breviario
1231 5703 1296 5756 ad
1324 5716 1412 5753 an.
1453 5700 1577 5761 705,
1608 5703 1695 5753 ubi
1736 5701 2002 5753 infelicent
2040 5699 2147 5753 Co-

577 5773 825 5842 pronyuti
879 5772 945 5826 ad
998 5772 1318 5825 Anchialum
1368 5786 1598 5841 pugnant
1665 5770 1953 5837 describit;
2012 5785 2146 5839 pra:-

2246 4622 2408 4693 δηρος
2439 4616 2506 4692 ἦν
2538 4622 2565 4673 ό
2584 4620 2822 4685 δικάζων
2843 4620 2952 4674 τῶν
2974 4619 3206 4691 γνωμῶν
3223 4622 3283 4673 τὸ
3310 4622 3682 4691 ἀμφήριστον,
3715 4621 3817 4672 καὶ

2246 4712 2345 4782 τὴν
2365 4713 2450 4765 ἐπ’
2472 4712 2722 4782 ἀλλήλοις
2750 4711 3136 4782 ὲχειρούργουν
3163 4711 3567 4781 πανωλεθρίαν,
3596 4711 3822 4783 λῃστρι-

2247 4800 2486 4871 κώτερόν
2514 4817 2630 4863 πως
2663 4799 2916 4871 μᾶλλονῆ
2950 4800 3463 4871 στρατηγικώτερον
3520 4801 3597 4864 ὡς
3641 4801 3822 4871 λησων

2249 4892 2421 4949 ἐπιὼν
2483 4892 2596 4955 τοῖς
2620 4892 2720 4960 τῆς
2762 4890 3054 4962 Ἀρμενίας
3117 4890 3371 4962 χωρίοις,
3423 4893 3533 4945 τῶν
3605 4890 3822 4957 ἐκείνης

2237 4985 2526 5059 ,φρουρίων
2584 4985 2733 5056 αἱρεῖ
2800 4982 3065 5053 ὁμολογίᾳ
3146 4982 3254 5036 τῶν
3340 4984 3817 5054 προσοικούντων·

2256 5154 2337 5197 ter
2386 5141 2546 5195 aliam
2604 5140 2964 5196 calamitatem
3023 5140 3162 5209 apud
3208 5141 3454 5195 eamdem
3503 5140 3822 5195 Anchialum

2253 5229 2341 5266 an.
2378 5212 2501 5266 766.

2324 5282 2435 5351 (85)
2464 5280 2652 5335 Sabini
2682 5278 3034 5351 Bulgarornm
3062 5280 3215 5333 duris
3240 5279 3598 5351 defectionem
3625 5294 3652 5331 a
3684 5279 3820 5341 Suis,

2253 5359 2307 5405 et
2335 5349 2412 5403 ‘atl
2444 5349 2844 5417 COpronymuin
2882 5349 3182 5418 perfugium
3211 5388 3226 5411 ,
3259 5361 3443 5418 narrat
3489 5349 3630 5400 inter
3661 5362 3823 5418 cune-

2254 5436 2376 5479 ros.
2409 5414 2592 5473 uoster
2618 5414 2952 5488 Nicephorus
2986 5414 3051 5472 in
3076 5414 3373 5481 Breviario,
3407 5419 3471 5472 ad
3499 5431 3590 5473 an.
3625 5417 3751 5473 763.

2323 5488 2434 5557 (84)
2472 5489 2670 5543 Noster
2703 5490 2754 5543 in
2792 5489 3093 5549 Breviario,
3125 5489 3190 5541 ad
3226 5505 3315 5542 an.
3348 5490 3473 5543 755.

2323 5557 2394 5629 (Is)
2433 5557 2508 5612 De
2540 5557 2865 5629 Copronymi
2901 5558 3062 5611 modo
3097 5559 3364 5623 victoriis,
3401 5560 3559 5615 modo
3587 5557 3823 5614 \‘iCiSsitn

2250 5628 2494 5682 cladibus
2527 5628 2806 5682 Cedt'eutts
2833 5639 2963 5682 tom.
2995 5629 3086 5680 cit.

2322 5698 2384 5764 il)
2420 5698 2492 5750 De
2527 5698 2628 5751 hoc
2659 5698 2863 5752 Sabino
2911 5698 3120 5764 legatur
3150 5694 3511 5764 TheOphanes
3543 5699 3595 5753 in
3628 5696 3821 5753 Chron.

2252 5767 2318 5822 ad
2353 5766 2684 5837 Copronymi
2741 5782 2939 5821 annum
2988 5766 3079 5832 2i,
3107 5767 3307 5821 Christi
3341 5769 3461 5823 756.
