4072 6324
231 426 343 492 509
935 424 1563 489 ANTIRRHETICUS
1599 426 1696 486 IlI
1735 424 1902 485 ADV.
1944 416 2542 482 CONSTANTINUM
2573 413 2790 475 COPR.
3394 402 3500 469 5Ῑο

245 529 734 633 ’ἀρμένιοιῆδῖκαι
947 533 1269 604 Χριστιανοὶ
1297 534 1452 599 ὄντες
1479 534 1777 602 ἐτύγχανον
1807 551 1822 568 ·
1853 582 1855 590 ι

1958 547 2170 602 erfidiae
2201 546 2467 601 ultionem
2499 541 2799 597 Thracicus
2843 548 3069 605 campus
3104 540 3162 587 ut
3207 545 3331 587 reor
3357 546 3502 587 nunc
3575 556 3583 563 -

235 624 301 677 οὐ
328 624 447 724 γὰρ
463 620 646 692 ἐχθρῷ
680 620 964 724 ἀλλοφύλῳ
992 622 1300 693 ὐπηντήκει
1330 623 1577 690 πώποτε,
1609 624 1701 686 οὓς
1724 625 1821 679 καὶ

1958 640 2153 694 laniat.
2199 638 2459 694 Saraceni
2516 647 2648 689 vero
2698 645 2821 686 cum
2889 625 3258 683 incursionem
3299 637 3504 690 cogno-

240 712 611 784 μετανάστας,
638 712 748 765 τῶν
784 714 1163 783 συγκειμένων
1217 715 1513 784 ἐνωμότων
1559 716 1737 784 λόγων
1762 716 1825 769 τὸ

1958 733 2157 797 νὶθδθιιῐ,
2177 732 2467 801 quamdam
2484 727 2665 797 gravis
2684 729 2976 779 armaturae
2991 715 3276 789 phalangis
3287 714 3505 770 obviam

228 805 486 874 ἀσφαλὲς
543 803 851 899 ήθετηκὼς,
910 804 1053 899 κατά
1102 804 1174 858 τά
1217 805 1312 858 ἐπὶ
1362 805 1588 876 Θρᾴκης
1649 804 1828 876 χωρία

1958 824 2223 886 niseruut,
2284 836 2405 892 qua:
2461 820 2702 888 quinque
2761 812 2993 867 millium
3051 821 3335 863 numerum
3396 819 3504 859 non

240 900 576 970 πεποίηκεν·
614 890 690 952 ὧν
718 897 817 963 τῆς
865 891 1219 967 παραδασίας
1252 896 1408 959 δίκας
1451 895 1514 949 τὸ
1541 894 1820 968 Θρᾳκικδν

1958 913 2250 967 excedebat.
2280 890 2524 976 Quorum
2552 907 2788 959 adventu
2817 900 3059 969 cognito,
3103 897 3285 966 fugam
3319 894 3505 951 statim

241 989 430 1054 πέδον,
460 990 536 1055 ὡς
565 987 972 1060 οἴμαι,τιννύει
1015 988 1080 1041 τὸ
1120 988 1382 1059 σήμερον.
1421 988 1734 1059 Σαρακηνοὶ
1772 989 1831 1043 δέ

1961 1016 2048 1056 um
2077 1010 2344 1072 sequente
2372 995 2718 1053 multitudine
2741 992 2992 1059 arripuit,
3040 995 3096 1043 et
3125 1002 3191 1041 ne
3212 984 3507 1055 appropin-

240 1081 367 1133 ἐπεὶ
402 1080 503 1150 τὴν
523 1081 738 1135 ἐκείνου
765 1079 953 1148 ἔφοδον
981 1080 1339 1150 ⁴ἠκηκόεισαν,
1370 1080 1680 1151 ἀπόμοιράν
1710 1098 1830 1135 τινα

1958 1106 2098 1155 nare
2150 1090 2370 1161 quidem
2433 1086 2541 1143 illis
2593 1092 2680 1139 est
2738 1094 2924 1136 ausus.
2960 1077 3085 1133 llaec
3140 1078 3304 1147 igitur
3347 1073 3507 1127 fortia

238 1170 533 1241 ὁπλιτικῆς
558 1171 839 1239 φάλαγγος
884 1171 1170 1225 ἐπιθέσθαι
1219 1170 1371 1240 αὐτῷ
1424 1172 1821 1243 ἐκπέμπουσιν.

1958 1183 2075 1237 llius
2105 1181 2371 1245 facinora,
2409 1187 2464 1233 et
2494 1180 2559 1231 de
2591 1174 2843 1230 hostibus
2878 1172 3049 1226 relata
3084 1170 3324 1237 tropiuea
3357 1171 3505 1219 sunt.

243 1265 323 1325 είς
340 1262 818 1333 πεντακισχιλίους
843 1262 1040 1332 ἄνδρας
1062 1260 1216 1316 οὔπω
1237 1262 1821 1341 πλέονήριθμημένην·
1859 1265 1935 1325 ὧν
1966 1274 2065 1344 τῆς
2086 1272 2264 1343 ὁρμῆς
2327 1268 2746 1338 ἐπαισθόμενος,
2816 1262 2996 1333 φυγὰς
3042 1260 3240 1315 αὐτίκα
3284 1257 3399 1326 ἄμα
3430 1252 3509 1323 τῷ

243 1355 504 1424 ἑπομένῳ
560 1352 757 1423 πλήθει
792 1351 985 1423 ᾤχετο.
1022 1354 1158 1423 μηδὲ
1217 1353 1292 1418 ὡς
1339 1355 1707 1423 πλησιαίτατα
1782 1362 1991 1427 τούτοις
2025 1364 2279 1431 γενέσθαι
2342 1356 2453 1424 οἶός
2479 1378 2539 1413 τε
2565 1357 2663 1412 ῶν.
2710 1355 2950 1410 Τοιαῦτα
3000 1353 3100 1423 μέν
3129 1352 3226 1405 οῦν
3262 1350 3329 1403 τά
3362 1345 3507 1403 ἐκεί-

244 1463 340 1502 νου
371 1444 862 1515 ἀνδραγαθήματα,
889 1443 987 1498 καὶ
1031 1445 1102 1498 τά
1131 1444 1254 1500 κατ’
1297 1444 1508 1517 ἐχθρῶν
1537 1448 1935 1522 σχεδιαξόμενα
1963 1454 2220 1523 τρόπαια.

317 1587 421 1649 ογ’.
458 1579 521 1632 Εί
560 1577 618 1632 δέ
669 1575 776 1648 χρὴ
820 1576 1018 1641 νίκαις,
1079 1577 1172 1631 καὶ
1221 1578 1694 1652 ἀνδραγαθήμασι,
1740 1584 1837 1637 καὶ

248 1672 461 1744 χρόνων
489 1669 718 1741 μακρῶν
745 1668 1038 1739 περιόδοις,
1072 1670 1168 1722 καὶ
1200 1672 1313 1733 τοῖς
1339 1670 1522 1733 άλλοις
1555 1665 1637 1735 οἷς
1664 1673 1706 1744 ᾗ
1736 1672 1831 1728 τοῦ

2012 1589 2098 1644 75.
2131 1588 2295 1656 Quasi
2316 1602 2444 1641 vero
2470 1583 2667 1654 alioqui
2702 1575 3212 1655 oporteatvictoriis
3245 1571 3514 1628 strenuis-

1942 1696 2046 1749 que
2092 1680 2277 1751 gestis,
2327 1687 2382 1732 et
2440 1677 2599 1746 longo
2634 1672 2849 1742 imperii
2887 1668 3134 1741 periodo,
3178 1664 3407 1732 aliisque
3433 1677 3517 1717 re-

248 1762 522 1860 παρόντος
557 1759 672 1831 βίου
702 1760 1018 1830 εὐδαιμονία
1049 1761 1144 1813 καλ⁸
1177 1761 1456 1831 εὐπραγία
1480 1756 1831 1833 γνωρίξέται,

1958 1787 2041 1827 )Its
2094 1770 2293 1841 quibus
2352 1769 2514 1838 hujus
2570 1766 2695 1820 vitae
2755 1762 2994 1819 felicitas
3065 1756 3518 1829 prosperitasque

250 1853 445 1907 πίστιν
474 1853 716 1922 μετρεῖν,
755 1850 891 1905 ἀλλά
936 1851 1011 1921 μή
1045 1850 1124 1920 τῷ
1175 1850 1304 1922 θείῳ
1353 1852 1446 1905 καὶ
1492 1853 1837 1927 ἀποστολικῷ

250 1943 551 2016 προσέχειν
576 1941 897 2011 κηρύγματι
920 1958 934 1972 ο
958 1942 1143 1995 ἐκεῖνα
1175 1941 1231 1995 δέ
1264 1946 1376 2006 τοῖς
1421 1943 1514 1996 τοῦ
1560 1944 1696 1998 Θεοῦ
1729 1963 1837 2000 πα-

256 2036 529 2109 ραχῶρεῖν
559 2036 847 2107 κρίμασιν,
880 2034 940 2099 ὃς
971 2035 1032 2087 οὐ
1057 2035 1239 2087 πίστιν
1274 2035 1432 2105 μόνον
1458 2035 1646 2108 ὀρθὴν,
1702 2038 1840 2093 ἀλλά

252 2120 348 2183 καὶ
374 2128 495 2198 βίον
524 2128 675 2199 ἡμᾶς
703 2128 798 2180 καὶ
824 2126 1103 2191 πολιτείαν
1140 2127 1372 2198 ἀρίστην
1405 2130 1500 2182 καὶ⁵
1551 2130 1840 2199 εὐαγγελι-

253 2220 360 2290 κὴν
391 2217 805 2271 ἐπιδείκνυσθαι
854 2217 1137 2288 βούλεται·
1186 2219 1445 2290 ἑκάτερον
1479 2218 1586 2292 γὰρ
1635 2221 1842 2275 τούτων

255 2310 499 2381 θατέρου
531 2310 661 2364 ἄνευ
687 2309 903 2381 νεκρὸν.
940 2309 1037 2364 καὶ¹
1059 2310 1087 2363 ὀ
1115 2308 1191 2379 τῷ
1216 2310 1297 2362 ἐνὶ
1321 2309 1605 2376 ἐλλείπων,
1643 2314 1739 2366 καὶ
1782 2314 1842 2366 τὺ

254 2401 450 2472 ιτερον
499 2400 950 2471 ζημιωθήσεται*
999 2393 1074 2458 ὧν
1133 2401 1388 2472 οὐδαμῶς
1444 2404 1558 2465 τοῖς
1591 2404 1832 2469 ἀνοσίοις

168 2515 178 2524 ο
257 2494 502 2565 ἐμέλησε
536 2494 757 2548 πώποτε
778 2510 790 2523 ·
821 2494 948 2549 ὅτου
983 2492 1047 2563 δὴ
1072 2492 1234 2563 χάριν
1277 2494 1353 2565 μὴ
1381 2492 1574 2546 τοῦτον
1604 2495 1839 2563 ἀφέντες

258 2584 602 2657 ἐρριμμένον
632 2584 727 2636 καὶ
756 2583 1224 2653 κατεπτυσμένον,
1249 2584 1347 2636 καὶ⁵
1379 2582 1505 2652 μηδ’
1536 2583 1619 2637 ὃτι
1651 2583 1845 2638 ἐόασί-

256 2676 447 2740 λευσε,
483 2675 608 2746 μηδ’
634 2675 714 2727 ὅτι
775 2674 1103 2746 ἐστράτευσε
1127 2714 1141 2737 ,
1171 2674 1294 2746 μηδ’
1324 2677 1408 2729 ὅτι
1453 2676 1589 2739 ὅλως
1617 2676 1809 2745 γέγονε
1828 2693 1843 2707 ·

260 2766 357 2820 καὶ
389 2765 471 2828 ὡς
508 2764 681 2834 μικρὰ
733 2764 800 2817 τι
832 2767 960 2834 παρ’
990 2763 1170 2819 αὐτῶν
1228 2765 1574 2835 ἐπαιρόμενα
1623 2764 1843 2833 λογιζό-

263 2872 447 2927 μενοι,
468 2856 561 2909 ἐπὶ
588 2855 715 2918 τοὺς
745 2855 814 2908 τά
867 2854 1078 2925 μεγάλα
1106 2856 1163 2909 ἐν
1184 2855 1262 2924 τῷ
1288 2854 1386 2926 βίῳ
1415 2856 1849 2927 κατωρθωκότας

262 2948 655 3017 ἀποτρέχοιεν,
690 2947 784 3002 καὶ
833 2947 991 3010 νίκας
1014 2936 1137 2999 ἀνάν
1165 2948 1348 3000 πᾶσαν
1375 2946 1473 3017 τὴν
1523 2948 1850 3017 οἰκουμένην

266 3043 415 3096 κατὰ
447 3042 667 3095 πάντων
707 3041 895 3111 σχεδὸν
929 3040 1098 3094 ἐθνῶν
1129 3042 1464 3112 ἀραμένους,
1489 3042 1582 3094 καὶ
1610 3043 1851 3112 τρόπαια

1941 1864 2233 1927 indicatur,
2266 1861 2425 1916 fidem
2454 1858 2760 1929 religiOSam
2792 1853 3010 1919 metiri;
3039 1862 3223 1906 etnon
3257 1846 3518 1917 apostoli-

1940 1970 2017 2010 cae
2047 1953 2223 2023 potius
2266 1951 2526 2006 doctrinae
2556 1946 2857 2008 attendere,
2888 1943 2976 1995 illa
3027 1951 3208 1993 autem
3244 1938 3337 1991 Dei
3369 1934 3515 2003 judi-

1941 2048 2042 2101 ciis
2059 2044 2218 2118 139
2239 2042 2575 2115 permittere,
2609 2038 2700 2107 qui
2723 2050 2826 2090 non
2850 2033 3008 2087 fidem
3034 2039 3243 2083 rectam
3273 2036 3518 2079 tantum-

1943 2139 2105 2192 modo
2125 2115 2231 2189 sed
2269 2141 2323 2188 et
2358 2131 2527 2185 vitam
2583 2143 2612 2181 a
2668 2124 2828 2181 nobis
2863 2132 3155 2188 moresque
3202 2115 3440 2185 optimos
3464 2120 3521 2166 et

1942 2226 2288 2297 evangelicos
2341 2219 2590 2293 praestari
2652 2216 2786 2269 vult.
2833 2213 3034 2268 llorum
3082 2208 3227 2264 enim
3284 2206 3517 2257 alterum

1944 2327 2065 2374 sine
2088 2296 2264 2372 altero
2316 2320 2588 2370 mortuum
2637 2316 2750 2372 est;
2801 2314 2856 2360 et
2891 2302 2983 2373 qui
3017 2317 3126 2355 uno
3178 2296 3517 2355 destituitur,

1946 2411 2172 2466 alterum
2200 2419 2415 2478 quoque
2460 2398 2792 2458 desiderabit
2827 2413 2841 2450 :
2879 2407 3108 2465 quarum
3162 2404 3341 2444 rerum
3376 2401 3518 2439 nuu-

1947 2516 2113 2572 quam
2164 2496 2430 2569 improbis
2484 2507 2615 2548 cura
2659 2489 2780 2546 fuit.
2824 2483 3192 2553 Quamobrem
3230 2494 3328 2534 cur
3384 2492 3516 2539 non,

1950 2594 2051 2648 hoc
2080 2590 2286 2646 omisso
2316 2588 2704 2655 despectoque,
2742 2580 2895 2649 quasi
2930 2590 3029 2631 uec
3067 2569 3392 2641 regnaverit,
3424 2581 3524 2621 ue-

1946 2699 2052 2755 que
2079 2681 2216 2737 bella
2249 2678 2505 2750 gesserit,
2537 2688 2712 2743 neque
2754 2669 2978 2725 omnino
3008 2664 3228 2728 vixerit,
3259 2671 3425 2729 atque
3458 2666 3519 2712 ut

1948 2747 2140 2846 exigua
2180 2747 2496 2840 reputantes
2544 2780 2606 2821 ea
2644 2776 2765 2833 quae
2817 2760 2907 2815 isti
2938 2756 3228 2819 extollunt,
3280 2749 3346 2804 ad
3401 2747 3526 2801 illos

1951 2839 2255 2920 transeant,
2276 2861 2372 2930 qui
2427 2873 2512 2913 res
2575 2868 2803 2925 magnas
2848 2851 2903 2906 in
2958 2849 3067 2904 vita
3115 2860 3211 2901 sua
3264 2839 3527 2912 praeclare

1951 2963 2258 3027 gesserunt,
2296 2929 2684 3017 ivictoriasque
2717 2959 2814 3014 per
2848 2942 3165 2995 universum
3212 2934 3400 2989 orbein
3451 2929 3520 2982 de

1954 3021 2166 3101 cunctis
2190 3041 2581 3113 propemodum
2614 3035 2825 3106 populis
2848 3031 3172 3088 retulerant,
3197 3033 3251 3078 et
3283 3021 3528 3090 tropluea

268 3134 392 3185 κατ’
436 3129 652 3201 ἐχθρῶν
703 3129 1101 3200 στησαμένους,
1139 3129 1393 3182 πλεῖστόν
1423 3146 1484 3182 τε
1520 3130 1643 3182 ὅσον
1670 3130 1855 3200 διαζή-

1961 3112 2222 3191 adversus
2251 3134 2439 3187 hostes
2468 3135 2813 3207 erexerunt;
2848 3124 3050 3190 diuque
3083 3119 3349 3181 Viventes,
3390 3121 3445 3166 et
3473 3112 3526 3164 in

274 3238 483 3284 σαντας
511 3221 723 3291 χρόνον,
745 3222 838 3275 καὶ
867 3220 1161 3284 εὐπαθείας
1192 3223 1269 3283 είς
1295 3222 1441 3291 μέγα
1467 3222 1726 3292 ἥκοντας,
1762 3223 1856 3275 καὶ

275 3312 421 3364 κατά
484 3311 584 3381 τὴν
641 3310 815 3383 ἀρχὴν
876 3310 1280 3381 ἐνεγκαμένους
1337 3310 1397 3363 τὸ
1451 3310 1703 3374 ἐπικλεὲς
1761 3311 1856 3364 καὶ

278 3398 646 3468 μεγάλαυχον,
694 3400 771 3462 ὡς
816 3398 915 3468 τὴν
952 3398 1178 3452 ἐκείνων
1217 3398 1520 3472 θρησκείαν
1554 3401 1649 3453 καί
1677 3398 1857 3470 ζηλῶ-

276 3507 369 3544 σαι
404 3490 501 3543 καὶ
531 3491 860 3561 μεγαλῦναι·
897 3489 1201 3560 θαυμάζειν
1239 3507 1298 3542 τε
1325 3490 1393 3542 τὰ
1424 3490 1855 3561 κατορθούμενα,

276 3580 375 3633 καὶ
417 3580 838 3649 ἐκπλήττεσθαι,
869 3580 966 3633 καὶ
994 3579 1093 3632 τὸν
1135 3579 1250 3649 βίον
1308 3578 1583 3650 αἱρεῖσθαι
1621 3580 1717 3633 καὶ
1766 3580 1858 3633 τὸν

275 3670 483 3742 τρόπον
508 3684 523 3698 ο
563 3668 706 3721 ὥστε
736 3670 839 3722 κάν
872 3671 985 3731 τοῖς
1018 3669 1306 3738 μέλλουσιν
1343 3668 1528 3731 αίῶσι,
1573 3671 1685 3732 τοῖς
1726 3669 1861 3721 ἀπο-

275 3760 725 3829 κεκληρωμένοις
758 3761 941 3823 αὐτοῖς
975 3760 1070 3812 καὶ
1123 3761 1551 3830 ἡτοιμασμένοις
1600 3777 1859 3831 συμπαρ-

276 3849 597 3904 απολαῦσαι
660 3848 982 3902 δικαιότατα
1008 3866 1023 3880 ο
1062 3849 1157 3902 καὶ
1217 3849 1308 3903 ἵνα
1358 3849 1466 3902 τῶν
1502 3849 1716 3903 πολλῶν
1752 3853 1860 3920 ἀφ-

279 3941 494 4012 έμενοι,
541 3938 742 4008 ὀλίγων
819 3937 1274 4009 ἐπιμνησθῶμεν,
1348 3939 1440 3991 τὸν
1512 3938 1862 4009 Ἀλέξανδρον

281 4031 524 4088 ἐνταῦθά
574 4048 666 4101 μοι
707 4031 842 4093 νόει,
887 4030 979 4083 τὸν
1030 4029 1327 4096 Φιλίππου,
1387 4028 1480 4082 τὸν
1532 4029 1857 4084 Μακεδόνα·

287 4123 488 4197 μικροῦ
511 4125 694 4178 πᾶσαν
726 4123 827 4193 τὴν
856 4123 1190 4192 οἰκουμένην
1219 4123 1734 4195 παραστησάμενον,
1770 4123 1865 4176 καὶ

287 4216 470 4270 πάντα
521 4215 814 4287 Ἐλληνικά
849 4216 945 4267 καὶ⁸
986 4213 1241 4285 βάρσαρα
1268 4214 1396 4284 ἐθνη
1448 4214 1864 4287 χειρωσιάμενόν

287 4325 349 4362 τε
378 4306 474 4361 καὶ
510 4284 921 4378 δουλωσάμενον
943 4322 956 4336 ·
987 4284 1069 4369 ὃς
1101 4307 1159 4359 ἐν
1202 4304 1302 4377 ἴσῳ
1355 4284 1579 4377 πτηνοίς
1611 4284 1862 4373 siuei-5m,

289 4398 366 4469 τῷ
401 4400 557 4469 τάχει
608 4398 830 4470 περιῄει
877 4397 977 4468 τὴν
1024 4396 1352 4467 σύμπασαν,
1403 4397 1586 4449 καὶτὸ
1635 4396 1864 4468 σφοδρὸν

1961 3242 2209 3298 magnam
2282 3205 2599 3279 felicitatem
2652 3218 2806 3279 elati,
2872 3212 3201 3283 imperiique
3262 3205 3531 3261 illustrem

1958 3296 2184 3388 gloriam
2248 3314 2561 3381 famamque
2610 3306 2891 3363 consecuti
2944 3300 3110 3358 sunt?
3141 3300 3295 3353 itaut
3336 3296 3534 3350 horum

1959 3410 2276 3478 religionem
2316 3415 2368 3459 et
2414 3402 2734 3458 aemulemur
2762 3408 2815 3453 et
2868 3393 3320 3465 tnaguilicemus;
3368 3387 3536 3441 mire-

1962 3513 2192 3566 nturque
2241 3495 2477 3550 feliciter
2513 3500 2689 3561 gesta,
2731 3498 2786 3544 et
2835 3497 3056 3554 stupore
3114 3490 3533 3549 prosequamur,

1961 3604 2261 3657 eorumque
2296 3586 2461 3639 vitam
2493 3597 2557 3639 ac
2603 3594 2783 3633 mores
2834 3577 3140 3638 imitemur;
3180 3582 3237 3623 ut
3267 3570 3318 3622 iu
3354 3566 3537 3619 futuro

1960 3694 2179 3751 quoque
2210 3675 2410 3731 saeculo
2437 3683 2683 3749 paratam
2715 3670 2823 3724 illis
2850 3661 3378 3730 sortemjustissime
3402 3673 3534 3711 con-

1961 3784 2261 3841 sequamur
2291 3766 2428 3835 (85).
2484 3765 2660 3832 Atque
2718 3769 2777 3814 ut
2827 3757 3013 3812 multis
3049 3751 3293 3817 omissis,
3336 3761 3539 3817 paucos

1965 3871 2354 3918 memoremus,
2389 3852 2760 3909 Alexandrum
2793 3848 2882 3902 hic
2914 3841 3145 3911 Philippi
3192 3838 3324 3892 milii
3362 3836 3539 3903 t-Ogita

1964 3948 2338 4010 Macedonem,
2370 3943 2462 4012 qui
2494 3940 2680 3995 orbem
2718 3952 2888 4006 pr0pe
2932 3933 3243 3999 uuiyersum
3278 3924 3539 3987 obtinuit,

1964 4051 2301 4109 cunctosque
2351 4037 2575 4093 Graecos
2624 4046 2690 4087 ac
2736 4029 3008 4085 Barbaros
3059 4023 3284 4095 populos
3333 4016 3543 4073 domuit

1966 4132 2179 4202 sibique
2212 4108 2481 4198 subjecit;
2510 4125 2601 4195 qui
2633 4124 2813 4177 instar
2862 4118 2978 4172 avis
3022 4115 3241 4177 volans,
3288 4108 3544 4166 celeriter

1967 4200 2230 4284 mundum
2278 4218 2557 4283 discurrit,
2615 4223 2672 4271 et
2743 4208 3089 4267 vehementia
3131 4221 3197 4260 ac
3249 4200 3544 4257 velocitate

1969 4317 2257 4388 pardaleos
2284 4314 2518 4386 speciem
2566 4324 2680 4379 pra:
2724 4322 2783 4362 se
2830 4302 3065 4359 ferebat.
3096 4297 3188 4352 Sic
3233 4295 3377 4388 enim
3411 4306 3545 4388 uou-

1971 4381 2107 4464 nulli
2161 4381 2491 4477 interpretes
2563 4402 2742 4457 locum
2786 4397 2935 4453 illum
2973 4389 3237 4464 (llanielis
3261 4384 3331 4459 δ’)
3372 4381 3546 4451 expli-

291 4491 387 4543 καὶ⁵
417 4489 743 4560 ὀξύρροπον,
775 4487 855 4559 τῷ
893 4489 990 4558 τῆς
1016 4487 1337 4557 παρδάλεως
1369 4486 1498 4539 εἴδει
1546 4486 1624 4559 τῷ
1665 4486 1855 4559 ὁρῶντι

1972 4508 2187 4565 carunt,
2221 4498 2351 4569 quia
2396 4494 2671 4551 etiicacius
2713 4503 2875 4559 quam
2910 4485 3148 4539 humana
3199 4492 3326 4547 spes
3386 4482 3547 4527 autu-

293 4584 752 4653 προῦπεγράφετο
774 4598 789 4613 ο
830 4580 975 4633 οὕτω
1014 4580 1124 4650 γάρ
1151 4596 1260 4632 τισι
1292 4579 1402 4631 τῶν
1432 4580 1771 4634 διδασκάλων
1797 4581 1867 4635 τά
1900 4608 1903 4613 -

294 4673 438 4725 κατά
462 4673 555 4726 τὸν
587 4672 749 4725 τόπον
773 4669 1132 4740 τεθεώρηται,
1152 4668 1275 4722 ἐπεὶ
1305 4668 1402 4721 καὶ
1430 4667 1868 4739 δραστικώτερον

296 4764 484 4835 ἥκατ⁹
526 4763 750 4828 ἐλπίδας
798 4760 1172 4832 ἀνθρωπίνας,
1212 4760 1281 4813 τά
1342 4759 1485 4813 κατά
1536 4759 1663 4813 νοῦν
1710 4758 1864 4830 αὐτῷ

298 4857 652 4929 ἐπεραίνετω
701 4855 760 4907 οὐ
801 4854 912 4924 γὰρ
951 4853 1202 4922 σχολαῖον
1231 4846 1346 4921 εἶχε
1382 4849 1445 4903 τὸ
1470 4852 1725 4923 ὅρμημα,
1749 4851 1867 4904 ἀλλ’

297 4948 371 5014 ὥς
395 4948 456 5014 ἐξ
484 4945 783 5017 ἐπιδρομῆς
809 4945 903 4997 ίὼν
942 4936 1087 4995 εἷλεν
1108 4943 1384 5006 ἅπαντας·
1425 4943 1605 5012 ἕτεροι
1636 4942 1747 5013 γὰρ
1776 4942 1871 4996 ἐπὶ

300 5041 395 5113 τῆς
430 5040 658 5112 Περσῶν
686 5037 1008 5101 δυναστείας
1038 5035 1198 5089 τοῦτο
1225 5034 1599 5105 ἐξειλήφασιν.

373 5135 444 5187 Ἥ
497 5132 589 5185 τὸν
637 5128 901 5201 Καίσαρά
934 5146 1023 5199 μοι
1072 5125 1250 5198 φράζε
1299 5126 1388 5180 τὸν
1437 5126 1773 5195 Αὖγουστον,
1809 5125 1870 5190 ὃς

309 5224 490 5295 μεῖζον
540 5221 659 5294 μετ’
686 5223 894 5275 ἐκεῖνον
924 5220 994 5273 τὰ
1025 5218 1236 5272 ἐκείνου
1287 5218 1692 5289 διαδεξάμενος,
1728 5217 1870 5272 κατά

306 5322 403 5392 τήν
431 5319 607 5392 ἀρχὴν
638 5317 701 5371 τὸ
731 5317 891 5380 κλέος
917 5315 1208 5386 ἐκέκτητο,
1239 5313 1471 5385 ἐπείπερ
1514 5314 1583 5367 τά
1623 5313 1874 5367 Μακεδό-

344 5493 389 5525 "
404 5494 549 5566 .Dan.
584 5509 685 5560 vn,
712 5494 766 5548 6.

383 5676 493 5745 (85)
520 5671 723 5745 Nempe
765 5670 930 5745 etiam
965 5666 1246 5745 Zuiuglius
1273 5664 1325 5719 in
1358 5648 1479 5717 lidei
1521 5678 1630 5717 suae
1661 5660 1877 5745 confes-

316 5733 566 5799 sio‘ne'ad
614 5733 964 5795 Franciscum
1007 5738 1024 5790 Ι
1060 5733 1248 5791 Galliae
1281 5749 1486 5801 regem,
1519 5747 1641 5787 cum
1671 5733 1876 5785 sanctis

1966 4605 2099 4661 mat,
2134 4566 2333 4647 mentis
2363 4602 2475 4644 suae
2512 4584 2793 4657 cogitatus
2845 4574 3182 4646 perﬁciebat.
3238 4570 3356 4623 Non
3389 4566 3540 4620 enim

1963 4686 2175 4742 tardum
2208 4681 2442 4737 habebat
2486 4679 2768 4745 impetum,
2805 4670 2901 4726 sed
2934 4677 3189 4736 tanquam
3227 4674 3335 4717 uno
3369 4670 3542 4714 cursu

1964 4779 2180 4832 irruens
2207 4783 2435 4829 cunctos
2474 4767 2697 4822 devicit.
2726 4762 2831 4818 Alii
2878 4770 3057 4815 tamen
3091 4756 3268 4810 locum
3306 4751 3451 4806 hunc
3473 4746 3543 4801 de

1968 4867 2257 4921 Persarum
2290 4858 2538 4933 dynastia
2568 4852 2973 4909 intellexerunt.

2050 5132 2144 5186 Vel
2177 5131 2446 5186 Caesarem
2479 5126 2608 5180 mihi
2652 5137 2813 5178 narra
2850 5122 3170 5189 Augustum,
3213 5111 3302 5181 qui
3344 5104 3557 5173 majore

1978 5224 2152 5294 spatio
2199 5230 2321 5289 post
2351 5220 2520 5281 illum,
2554 5217 2812 5272 ditionem
2856 5212 2975 5283 ejus
3013 5220 3307 5276 occupans,
3337 5199 3540 5269 glorio-

1981 5287 2100 5368 sum
2129 5287 2416 5379 itu—periurii
2441 5306 2541 5363 sibi
2565 5304 2848 5360 constituit
2872 5318 2887 5367 ;
2908 5294 3345 5370 quandoquidem
3376 5287 3557 5340 Mace-

1984 5660 2039 5713 in
2068 5658 2301 5728 paradisi
2335 5655 2553 5710 sedibus
2582 5651 2891 5728 l'lercnlem,
2917 5647 3211 5728 l’l‘lieseuuii,
3246 5638 3555 5728 Socratem,

1986 5708 2573 5791 ﬁuiiiﬁiitvlatonem,
2608 5724 2848 5790 aliosque
2881 5708 3084 5787 aliquot
3114 5712 3361 5767 ethnicos
3394 5708 3565 5762 rebus

319 5797 591 5886 utriusque
620 5808 951 5869 Testameuti
983 5804 1284 5864 hominibus
1318 5797 1538 5858 cblloctt
1576 5811 1883 5873 portentosa
1991 5799 2154 5869 gestis
2181 5797 2441 5853 celebres.
