4072 6324
493 367 595 433 hil

1521 378 1581 437 S.
1621 376 2039 440 NICEPHORI
2077 378 2583 440 PATRIARCHJE
2618 378 2726 439 CP.

3653 369 3763 433 {-12

493 471 696 538 donum
755 483 1000 553 potentia
1057 485 1235 542 minor
1273 503 1438 559 quam
1506 490 1875 547 Romanorum
1929 493 2063 556 fuit;

2184 512 2278 547 Ιοων
2327 496 2442 556 τοῖς
2486 491 2775 562 Ῥωμαίων
2821 489 3141 558 ήλάττωτο’
3190 486 3284 543 καὶ
3314 487 3383 541 τά
3425 487 3526 558 τῆς
3577 489 3761 560 ἀρχῆς

495 575 1006 642 τεειιίίιυθιιθηιρυε
1035 584 1139 630 tam
1163 577 1213 632 ei
1247 579 1513 646 prolixum
1548 581 1670 646 fuit,
1706 599 1869 653 quam
1903 599 2071 653 prope

497 665 814 720 universum
894 666 994 720 fuit
1045 667 1286 724 ~vivendi
1366 673 1706 727 intervallum
1785 675 2068 732 Mamonae.

498 755 626 811 Scio
657 758 907 824 equidem
970 757 1173 814 Christi
1225 762 1620 829 professionem
1665 767 1757 821 tibi
1819 769 2070 823 ruborem

498 862 606 900 non
662 862 785 902 esse
862 848 1158 915 illaturam,
1218 853 1513 921 quominus
1584 867 1796 924 gratum
1869 858 2072 915 habeas

498 934 730 991 Herodis
803 952 1021 1006 quoque
1093 938 1498 997 infanticidium
1577 944 1823 1012 laudari;
1910 949 2074 1018 idque

501 1040 662 1079 unum
721 1026 946 1093 dolere,
1028 1031 1172 1098 quod
1245 1033 1506 1101 quaesitus
1571 1035 1699 1101 ille,
1768 1040 2071 1096 occisorum

497 1132 726 1171 numero
797 1133 902 1172 non
936 1120 1008 1174 sit
1047 1124 1494 1192 comprehensus,
1528 1130 1623 1182 sed
1662 1127 1786 1198 fuga
1827 1130 1880 1183 in
1906 1130 2075 1202 Egy-

499 1214 647 1272 ptum
699 1210 957 1262 evaserit.
1007 1209 1146 1265 Ecce
1189 1214 1334 1268 enim
1376 1225 1584 1282 septem
1643 1232 1807 1286 supra
1851 1221 2071 1289 triginta

499 1297 658 1352 annis
690 1314 916 1369 regnum
939 1301 1193 1368 lierodis,
1230 1315 1286 1359 ut
1311 1308 1487 1371 aiunt,
1515 1309 1850 1376 perduravit.
1881 1312 2075 1368 Mirare

503 1387 632 1440 mihi
663 1391 826 1442 etiam
855 1393 1246 1449 Atheniensem
1275 1394 1620 1452 Timotheum
1659 1399 1774 1470 (86)
1807 1403 1898 1470 qui
1940 1404 2073 1457 bea-

503 1486 590 1532 tus
629 1478 900 1536 fortunam
973 1483 1162 1538 habuit
1213 1485 1266 1539 in
1313 1488 1422 1541 vita
1468 1493 1827 1559 gerendarum
1893 1511 2072 1551 rerum

503 1569 779 1624 comitem.
799 1571 912 1628 Cur
945 1573 1070 1628 item
1095 1573 1540 1631 Senacherimum
1573 1594 1677 1634 non
1695 1581 1874 1650 jactas
1905 1585 2066 1641 alios-

504 1675 610 1728 que
661 1659 1009 1732 Assyriorum
1073 1667 1292 1733 reges?
1346 1675 1406 1720 ut
1448 1668 1612 1722 etiam
1659 1673 1724 1722 ad
1777 1673 2075 1728 vetustiora

505 1751 634 1808 hinc
672 1768 1092 1824 convertamur;
1116 1769 1171 1812 et
1199 1769 1319 1830 post
1368 1761 1489 1817 illos
1515 1764 1598 1818 vel
1623 1774 1752 1822 ante
1780 1767 1940 1834 illos;
1971 1767 2078 1823 Na-

505 1842 1018 1900 buchodonosorum
1047 1825 1273 1918 ejusque
1306 1865 1529 1922 regnum
1553 1869 1730 1909 nonne
1765 1825 2076 1916 admirabe-
2109 1825 2152 1880 Β

508 1933 630 1986 ris?
661 1937 1012 2002 quamobrem
1045 1939 1209 1992 etiam
1237 1940 1464 1996 malleus
1498 1944 1769 2000 universze
1797 1956 1956 2003 terrae
2011 1951 2080 2004 ab

503 2024 743 2078 oraculis
767 2024 1004 2092 Spiritus
1030 2029 1411 2086 denominatus
1435 2033 1539 2088 fuit
1559 2035 1626 2100 ⁸³,
1660 2038 1726 2090 ad
1747 2042 2078 2096 conterenda

505 2114 888 2184 perdendaque
923 2118 1103 2172 omnia
1146 2122 1346 2189 quibus
1374 2122 1672 2204 ingrueret.
1697 2125 1836 2182 Medi
1870 2143 1996 2182 vero
2027 2139 2081 2182 et

505 2204 708 2269 Persae,
780 2220 1050 2275 quatenus
1084 2225 1112 2263 a
1154 2212 1264 2266 Deo
1319 2214 1711 2272 sanctificati“
1738 2227 1792 2272 et
1835 2220 2078 2286 deducti,

502 2294 862 2365 gigantesque
895 2298 1252 2356 advenientes
1288 2318 1410 2357 cum
1445 2307 1644 2373 gaudio
1667 2307 1827 2362 simul
1858 2319 1914 2364 et
1941 2325 2074 2363 con-

506 2387 748 2449 tumelia,
773 2401 966 2456 nempe
982 2399 1037 2442 ut
1055 2390 1191 2444 iram
1206 2396 1594 2450 sanctiticantis
1613 2412 1706 2451 eos
1723 2400 2075 2468 complerent.

503 2471 571 2527 Et
600 2475 845 2531 christus
885 2477 975 2532 Dei
995 2477 1194 2548 Cyrus,
1231 2483 1321 2551 qui
1343 2483 1558 2538 illorum
1583 2487 1691 2540 dux
1720 2497 1859 2551 erat,
1894 2491 2072 2558 appel-

504 2563 647 2618 latur
670 2566 753 2632 ⁶⁸;
790 2567 897 2633 hic,
956 2568 1204 2639 inquam,
1241 2589 1418 2628 nonne
1455 2585 1507 2630 te
1554 2576 1784 2632 celerius
1813 2581 1880 2632 ad
1918 2582 2075 2636 fidem

505 2658 805 2725 perducet?
837 2657 990 2713 Mitto
1014 2661 1194 2730 plura,
1240 2679 1307 2717 ne
1346 2666 1636 2720 verborum
1679 2671 1929 2725 cumulus
1959 2671 2074 2725 fiat.

508 2746 617 2802 Sed
649 2748 815 2812 dices,
850 2749 1154 2806 Mamonam
1187 2751 1433 2807 Thracia?
1462 2757 1680 2810 castella
1712 2759 1884 2813 inuris
1925 2777 2076 2814 com-

504 2840 748 2894 munisse
780 2839 916 2910 (87).
951 2843 1021 2896 At
1065 2844 1320 2911 quoniam
1344 2831 1460 2899 'tibi
1510 2848 1612 2902 hoc
1655 2849 1722 2902 ad
1759 2850 1917 2905 fidem
1960 2853 2079 2908 reli-

503 2933 710 2999 giosam
771 2933 949 3000 magni
987 2937 1244 2989 momenti
1288 2948 1392 3000 est,
1426 2938 1604 2992 tribue
1645 2939 1872 3009 gloriam
1919 2943 2078 3011 hujus

507 3020 630 3076 ﬁdei
661 3021 906 3088 Romulis
926 3033 1089 3094 atque
1115 3026 1317 3090 Remis,
1357 3027 1515 3099 ιω
1538 3040 1590 3083 et
1619 3029 1801 3086 Roma:
1826 3036 2079 3090 maxima:

503 3114 681 3183 cogita
718 3117 1114 3184 celebritatem,
1170 3127 1227 3173 et
1261 3121 1532 3175 excelsum
1577 3113 1912 3180 fundationis
1962 3127 2078 3197 ejus

506 3204 696 3258 decus.
755 3205 1039 3262 IEmulare
1097 3209 1414 3279 religionem
1453 3212 1622 3277 illius,
1683 3216 1774 3284 qui
1828 3233 2078 3288 magnam

510 3296 1178 3368 condiditAlexandriam,
1208 3302 1311 3356 loci
1345 3305 1674 3372 obstupesce
1702 3311 2084 3378 opportunita-

509 3395 641 3449 tem,
690 3385 906 3455 Nilique
963 3405 1092 3444 arva
1151 3392 1434 3461 irrigantis
1491 3392 1827 3450 incrementa
1879 3415 2082 3464 annua,

507 3493 743 3547 eumque
771 3489 828 3531 ut
868 3478 1206 3536 fructiferum
1269 3485 1475 3540 honore
1519 3501 1870 3558 prosequere,
1923 3498 2086 3559 atque

511 3570 583 3624 ita
618 3586 646 3622 a
671 3573 874 3626 veteris
903 3571 1286 3643 Egyptiorum
1317 3579 1728 3646 superstitionis
1754 3596 1944 3637 errore
1976 3597 2082 3638 non

515 3661 717 3715 aberis.
771 3661 941 3716 Ninus
977 3667 1069 3719 tibi
1100 3677 1264 3736 caput
1308 3670 1669 3738 professionis
1695 3683 1834 3739 esto,
1866 3675 1958 3744 qui
1987 3691 2088 3730 suo

513 3752 726 3806 nomine
747 3755 930 3809 urbem
980 3755 1208 3812 Niniven
1262 3761 1543 3825 excitavit,
1606 3763 1762 3832 cujus
1821 3768 2088 3823 transitus

515 3846 674 3897 trium
700 3847 910 3901 dierum
952 3847 1150 3904 itinere
1183 3850 1398 3906 demum
1431 3853 1842 3924 perficiebatur.

585 4104 673 4159 74.
710 4105 906 4162 Transi
939 4109 1091 4174 hinc,
1139 4111 1185 4166 si
1223 4111 1318 4167 tibi
1359 4112 1562 4168 volenti
1603 4122 1710 4179 est,
1753 4115 1821 4169 ad
1868 4115 2083 4171 lsraeli-

515 4195 636 4250 ticae
666 4198 842 4265 gentis
866 4215 1040 4269 reges,
1072 4215 1372 4269 eorumque
1396 4201 1711 4259 felicitatem
1742 4214 1796 4259 et
1829 4207 2088 4274 regnandi

513 4287 746 4355 spatium
822 4292 1128 4345 considera.
1201 4292 1351 4348 Unus
1417 4296 1515 4349 tibi
1583 4297 1758 4351 instar
1837 4299 2088 4352 omnium

515 4377 768 4446 suiliciet,
833 4381 1000 4435 decus
1035 4383 1314 4438 enimvero
1355 4385 1550 4454 ingens
1585 4397 1639 4442 et
1668 4389 1900 4458 gloriam
1951 4391 2086 4447 reli-

2173 583 2322 652 αὐτῷ
2351 582 2710 653 παρετέτατο,
2741 582 2820 644 είς
2841 581 2965 634 ὅσον
2981 581 3042 634 τὸ
3065 582 3174 634 πᾶν
3194 580 3295 650 τῆς
3329 580 3585 648 Μαμωνᾶ
3611 578 3761 649 ζωῆς

2174 675 2383 744 σχεδὸν,
2415 672 2998 743 συμπαρατεινόμενον
3023 671 3151 742 ἔσχε
3187 671 3248 724 τδ
3279 671 3560 740 διάστημα
3584 686 3598 701 ⁸
3637 666 3761 722 οἶδα

2171 763 2281 833 γὰρ
2314 762 2389 826 ὡς
2415 762 2516 815 ούκ
2546 763 2611 817 ἀν
2648 777 2706 814 σε
2744 761 2836 815 τὸν
2859 761 3123 832 ὑϐριστὴν
3153 763 3188 831 ή
3217 759 3311 814 τοῦ
3355 761 3594 831 Χριστοῦ
3627 761 3764 814 ἀπο-

2171 853 2358 924 γραφὴ
2385 854 2761 923 δυσωπήσειεν
2779 869 2794 883 ⁶
2824 852 2900 916 ὡς
2925 852 3120 923 χάριέν
3144 869 3225 904 σοι
3257 853 3352 904 καὶ
3380 851 3480 922 τήν
3516 850 3761 922 Ἡρώδου

2175 943 2558 997 παιδοκτονίαν
2583 941 2932 1006 ἀσπάζεσθαι
2956 959 2970 974 ο
3004 942 3092 1011 ἐφ’
3117 942 3200 996 ἐνὶ⁹
3222 942 3279 995 δέ
3311 959 3370 994 σε
3403 944 3566 1012 μόνον
3599 942 3762 1012 χαλε-

2174 1036 2388 1107 παίνειν
2415 1035 2510 1089 καὶ
2555 1034 2822 1104 ἄχθεσθαι
2849 1075 2864 1099 ,
2898 1035 2982 1088 ὄτι
3019 1035 3094 1106 μὴ
3132 1035 3226 1089 καὶ
3259 1037 3287 1088 ὁ
3318 1035 3659 1105 ζητούμενος
3702 1035 3764 1087 ἐν

2172 1129 2287 1190 τοῖς
2316 1126 2688 1197 ἀνῃρημένοις
2709 1126 3205 1196 συμπεριείληπτο,
3227 1128 3407 1194 φυγάς
3431 1126 3487 1178 δὲ
3506 1125 3764 1195 ἀπῴχετο

2175 1217 2311 1290 πρὸς
2337 1218 2436 1284 τὴν
2464 1203 2761 1284 Αίγυπτοίν,
2788 1217 2979 1288 ἐπειδὴ
3000 1219 3142 1271 ἐπτά
3168 1219 3308 1288 πρὸς
3327 1220 3441 1281 τοῖς
3457 1219 3762 1290 τριάκοντα

2175 1309 2320 1360 ἔτεσι
2347 1308 2493 1361 κατὰ
2524 1307 2623 1377 τὴν
2652 1306 2818 1360 αὑτοῦ
2853 1307 3152 1377 βασιλείαν,
3173 1306 3249 1370 ὦς
3277 1324 3464 1376 φασιν,
3510 1306 3724 1378 Ἡρώδη
3731 1323 3763 1370 ς

2174 1399 2454 1469 διήρκεσε.
2489 1397 2752 1468 Θαύμαζέ
2777 1415 2867 1467 μοι
2895 1398 2990 1452 καὶ
3016 1399 3110 1460 τὸν
3144 1398 3436 1468 Ἀθηναῖον
3470 1397 3760 1467 Τιμόθεον,

2176 1490 2238 1554 δς
2271 1490 2371 1561 τὴν
2399 1490 2569 1560 τύχην
2600 1489 2856 1543 εὑπαθῶν
2878 1492 2936 1543 ἐν
2959 1489 3038 1558 τῷ
3073 1489 3176 1560 βίῳ
3199 1489 3324 1559 ἔσχε
3363 1489 3758 1560 συμπράττου-

2179 1598 2304 1634 σανο
2338 1582 2390 1634 τί
2442 1581 2499 1634 δέ
2538 1582 2660 1650 ούχὶ
2711 1580 2789 1651 τῷ
2821 1581 3167 1651 Σεναχηρεὶμ
3205 1579 3594 1650 ἐγκαλλωπίζῃ
3618 1618 3633 1642 ,
3665 1580 3762 1633 καὶ

2177 1674 2290 1734 τοῖς
2319 1671 2499 1734 ἄλλοις
2537 1671 2586 1724 οἳ
2620 1672 2728 1724 τῶν
2777 1671 3080 1741 Ἀσσυρίων
3127 1670 3587 1740 βεϐασιλεύκασιν
3621 1687 3636 1735 ;
3669 1672 3762 1725 ἵνα

2179 1763 2317 1834 πρὸς
2362 1763 2433 1816 τά
2481 1763 2816 1832 παλαιότερα
2848 1761 3100 1815 ἐντεῦθεν
3149 1762 3589 1832 ἀναδράμωμεν·
3637 1765 3760 1832 μετ’

2180 1855 2424 1918 ἐκείνους
2472 1855 2528 1908 δὲ
2566 1855 2658 1907 καὶ
2689 1856 2830 1922 ὑπὲρ
2857 1853 3100 1915 ἐκείνους
3121 1895 3134 1918 ,
3164 1853 3256 1907 τὸν
3283 1853 3768 1924 Ναϐουχοδονόσορ.

2182 1946 2274 1998 καὶ
2326 1946 2426 2014 τὴν
2478 1945 2690 1998 ἐκείνου
2744 1945 3066 1998 δυναστείαν
3119 1944 3218 2014 οὐχ
3289 1943 3770 2014 ὑπερεκπλήττῃ;

2179 2034 2430 2088 ὅθεν-καὶ
2473 2033 2655 2104 σφύρα
2697 2033 2878 2103 πάσης
2913 2035 3012 2102 τῆς
3065 2032 3168 2101 γῆς
3200 2033 3355 2103 παρά
3404 2032 3512 2084 τῶν
3547 2031 3757 2100 λογίων

2179 2123 2271 2176 τοῦ
2321 2124 2643 2191 [Ινεύματος
2686 2123 3076 2193 ἐπωνόμασται
3103 2161 3117 2185 .
3147 2123 3225 2191 τῷ
3273 2123 3614 2193 διαφθείρειν
3666 2123 3764 2176 καὶ

2180 2213 2472 2267 ἀπολλύειν
2505 2213 2752 2276 ἅπαντας
2781 2212 2907 2265 καθ’
2939 2207 3014 2265 ὧν
3045 2214 3111 2265 ἂν
3161 2213 3467 2266 ἐπετίθετο.
3503 2213 3678 2281 Μῆδοι
3702 2213 3761 2266 δὲ

2179 2303 2275 2356 καὶ
2319 2303 2566 2372 Πέρσαι,
2596 2304 2720 2355 ἐπεὶ
2758 2303 2854 2354 καὶ
2903 2303 3230 2372 ἡγιασμένοι
3282 2303 3435 2372 παρά
3483 2302 3621 2355 Θεοῦ
3666 2303 3763 2356 καὶ

2179 2393 2478 2460 ἀγόμενοι,
2521 2393 2616 2446 καὶ
2664 2393 2925 2460 γίγαντες
2973 2393 3260 2464 ἐρχόμενοι
3310 2392 3592 2462 χαίροντες
3642 2393 3760 2462 ἅμα

2181 2485 2272 2538 καὶ
2304 2483 2639 2556 ὑϐρίζοντες,
2673 2483 2748 2547 ὡς
2784 2484 2876 2537 τὸν
2921 2483 3095 2551 θυμὸν
3142 2483 3238 2536 τοῦ
3268 2483 3587 2550 άγιὰζοντος
3621 2484 3760 2536 ἀπο-

2179 2577 2500 2647 πλήσοντες,
2532 2577 2628 2628 καί
2655 2575 2837 2645 Κύρος
2867 2575 3089 2645 χριστὸς
3119 2576 3146 2628 ό
3169 2574 3262 2627 τοῦ
3293 2573 3452 2638 Θεοῦ,
3474 2575 3533 2635 δς
3555 2573 3760 2627 τούτων

2177 2660 2281 2736 ἦγε
2309 2665 2369 2718 τὸ
2398 2665 2627 2735 ὅρμημα
2658 2665 3120 2734 προσηγόρευται,
3153 2665 3252 2717 ούκ
3279 2665 3344 2717 άν
3381 2681 3440 2716 σε
3463 2663 3654 2716 θᾶττον
3681 2666 3760 2728 εἰς

2180 2759 2368 2810 πίστιν
2400 2757 2809 2824 ἐπαγάγοιντο;
2860 2751 3108 2827 Πα”ρίημι
3149 2755 3205 2809 δὲ
3238 2755 3306 2808 τὰ
3346 2755 3518 2808 πολλὰ
3548 2756 3637 2809 διά
3669 2756 3760 2808 τὸν

2178 2845 2334 2915 ὄχλον
2363 2847 2470 2899 τῶν
2501 2847 2782 2916 ῥημάτων.
2819 2846 2982 2899 Ἀλλά
3023 2849 3238 2916 φήσεις,
3272 2846 3352 2900 ὅτι
3397 2847 3464 2899 τά
3494 2847 3588 2899 ἐπὶ
3616 2847 3762 2918 Θρᾴο

2179 2955 2282 3006 κης
2303 2937 2605 3008 ἐπετείχισε
2632 2937 2887 3009 φρούρια,
2910 2936 3008 2990 καὶ
3029 2939 3077 2990 εί
3114 2938 3255 3008 μέγα
3285 2956 3366 2991 σοι
3383 2936 3541 2992 τοῦτο
3561 2940 3640 3002 είς
3670 2939 3760 2992 πί-

2183 3043 2320 3091 στιν,
2343 3027 2488 3080 δίδου
2513 3029 2573 3082 τὸ
2594 3029 2750 3090 κλέος
2780 3027 2880 3098 τῆς
2903 3027 3142 3090 πίστεως
3177 3026 3411 3097 Ῥὠμοις
3441 3027 3551 3080 τισί
3574 3044 3633 3080 τε
3663 3029 3760 3082 καὶ

2195 3120 2437 3188 Ῥήμοις,
2470 3122 2564 3173 καὶ
2595 3121 2695 3190 τῆς
2737 3119 3004 3190 μεγίστης
3046 3117 3265 3190 Ῥώμης
3300 3120 3472 3173 ἐννόει
3507 3121 3569 3174 τὸ
3598 3138 3759 3192 περι-

2187 3209 2354 3277 φανὲς
2383 3211 2479 3263 καὶ
2508 3210 2819 3280 ἐπῃρμένον
2849 3209 2948 3279 τῆς
2983 3213 3247 3272 κτίσεωςο
3295 3209 3457 3280 ζήλου
3493 3211 3592 3281 τὴν
3624 3211 3758 3283 θρηο

2188 3301 2377 3353 σκείαν
2409 3300 2618 3353 ἐκείνου
2641 3342 2656 3367 ,
2686 3301 2744 3364 ὃς
2776 3301 2876 3369 τήν
2927 3299 3176 3369 μεγάλην
3208 3300 3462 3371 ἐδείματο
3507 3302 3761 3370 Ἀλεξάν-

2185 3391 2396 3461 δρειαν,
2428 3392 2526 3444 καὶ
2561 3392 2623 3444 τὸ
2653 3391 2748 3444 τοῦ
2798 3391 3001 3462 χωρίου
3037 3391 3335 3462 θαυμάζων
3377 3393 3620 3459 εὔθετον,
3667 3395 3762 3449 καὶ

2184 3482 2278 3535 τοῦ
2308 3483 2696 3548 ἐπικλύζοντος
2748 3483 2945 3537 Νείλου
2988 3483 3098 3537 τῶν
3134 3485 3319 3556 ἐκείνῃ
3349 3485 3417 3538 τά
3461 3487 3584 3556 ὅρια
3615 3526 3629 3548 ,
3661 3486 3762 3550 τάς

2187 3575 2426 3630 ἀναϐἀσε
2436 3592 2484 3638 ις
2500 3575 2598 3638 τὰς
2622 3573 2894 3644 ἐτησίους,
2920 3575 3014 3628 καὶ
3033 3575 3108 3638 ὡς
3137 3576 3481 3647 καρποδότην
3499 3575 3760 3644 δοξάζων,

2187 3667 2286 3738 τῆς
2314 3667 2554 3728 παλαιᾶς
2585 3666 2679 3718 καὶ
2708 3665 3108 3735 δεισιδαίμονος
3149 3665 3258 3718 τῶν
3288 3665 3606 3734 Δίγυπτίων
3659 3667 3763 3720 οὐκ

2188 3758 2488 3828 ἀποσταίης
2548 3757 2780 3825 πλάνης.
2851 3756 2908 3808 '0
2936 3799 2947 3810 .
2977 3757 3139 3820 Νἰνός
3193 3773 3280 3810 σοι
3317 3757 3420 3826 τῆς
3477 3757 3764 3828 ὁμολογίας

2186 3847 2457 3916 ήγείσθω,
2489 3847 2547 3910 ὃς
2578 3846 2872 3917 ἐπώνυμον
2901 3846 3082 3915 ἐαυτῷ
3108 3846 3209 3918 τὴν
3239 3846 3396 3902 πόλιν
3441 3848 3634 3918 ήγειρε
3665 3847 3764 3918 τὴν

2187 3938 2416 4008 Νινευῆ.
2440 3933 2508 4008 ἧς
2537 3938 2571 4007 ή
2592 3937 2710 4000 ὁδὸς
2739 3936 2965 4008 ἡμερῶν
2993 3937 3162 4006 τριῶν
3182 3936 3258 4008 τῷ
3285 3938 3553 4010 περιιόντι
3577 3939 3765 3995 διανυ-

2191 4027 2473 4097 σθήσεται.
3643 4051 3646 4053 λ

2261 4119 2350 4172 οδ’.
2382 4117 2670 4184 Μετάϐηθι
2698 4117 2969 4182 ἐντεῦθεν,
2989 4117 3042 4172 εῐ
3067 4135 3150 4173 σοι
3167 4119 3337 4187 δοκεῖ,
3363 4121 3457 4174 ἐπὶ
3473 4122 3602 4185 τοὺς
3627 4121 3767 4174 κατά

2189 4208 2282 4261 τὸν
2323 4208 2664 4280 Ἰσραηλίτην
2696 4207 2824 4261 λαὸν
2851 4209 3197 4280 ὑπάρξαντας
3221 4211 3475 4282 βασιλέας
3493 4254 3508 4279 ,
3538 4214 3632 4266 καὶ
3668 4214 3767 4282 τὴν

2194 4299 2280 4351 ἐπ’
2310 4299 2495 4362 αὐτοῖς
2540 4299 2843 4370 εὐημερίαν
2875 4303 2968 4352 καὶ
2996 4301 3088 4354 τὸν
3119 4303 3310 4373 χρόνον
3353 4301 3727 4374 περιεργάζου
3747 4319 3762 4336 ο

2193 4383 2273 4453 εἷς
2294 4389 2350 4442 δέ
2387 4407 2469 4443 σοι
2501 4391 2623 4443 ἀντὶ
2654 4391 2872 4444 πάντων
2901 4392 3210 4463 ἀποχρήσει
3242 4435 3257 4458 ,
3293 4395 3450 4456 κλέος
3485 4396 3625 4464 μέγα
3672 4395 3766 4447 καὶ

514 4470 692 4537 gionis
723 4473 964 4526 habens!
1006 4473 1097 4527 Est
1131 4474 1217 4528 hic
1269 4473 1629 4532 Jeroboamus
1678 4494 1872 4537 servus
1915 4493 1970 4536 et
2005 4500 2083 4538 re-

2192 4482 2418 4553 αύχημα
2451 4483 2814 4552 προκείμενος
2849 4483 3412 4556 πίστεως.”1εροϐοὰμ
3433 4480 3587 4548 οὗτός
3619 4487 3764 4539 ἐστιν

517 4559 687 4614 bellis.
721 4559 1013 4630 Postquam
1045 4563 1188 4617 enim
1243 4565 1500 4621 Salomon
1557 4571 1835 4639 propheta:
1870 4573 2088 4632 Davidis

518 4647 660 4703 Illius
683 4665 747 4702 ex
783 4651 882 4704 hac
923 4651 1030 4704 vita
1069 4653 1343 4722 migravit,
1397 4655 1485 4710 ille
1527 4671 1589 4710 ex
1621 4656 1858 4729 Egypto
1900 4663 2080 4729 rediit,

517 4740 606 4794 ubi
644 4741 903 4812 profugus
928 4755 1083 4798 antea
1127 4745 1382 4801 latuerat.
1424 4749 1596 4805 Tanta
1623 4767 1753 4807 vero
1776 4751 1991 4808 fortuna
2025 4770 2091 4812 ac

516 4834 778 4889 felicitate
813 4851 942 4890 usus
979 4845 1080 4906 est,
1111 4847 1168 4892 ut
1191 4849 1406 4908 gentem
1442 4843 1493 4896 in
1525 4844 1660 4898 duas
1691 4856 1875 4913 partes
1897 4862 2090 4904 secare

515 4927 776 4994 potuerit,
801 4937 853 4981 et
877 4928 1170 4996 plurimum
1203 4933 1437 4985 tribuum
1475 4949 1763 4989 numerum
1791 4923 2087 5006 abducere,

516 5016 906 5086 propriamque
939 5019 1198 5075 ditionem
1221 5037 1285 5076 ac
1313 5039 1537 5093 regnum
1567 5025 1672 5080 sibi
1697 5041 2007 5098 segregare,
2037 5038 2093 5084 et

474 5125 482 5132 ·
522 5107 664 5177 regia
688 5112 938 5184 przetoria
981 5120 1243 5179 statuere,
1278 5123 1438 5184 atque
1462 5131 1490 5168 a
1522 5115 1616 5172 Dei
1649 5118 1793 5172 cultu
1829 5121 2088 5190 populum

519 5199 859 5266 abstrahere,
928 5203 1375 5274 damonibusque
1443 5207 1692 5262 exitiosis
1773 5212 2090 5275 admovere,

521 5305 714 5346 aureas
772 5291 989 5360 vitulas,
1047 5293 1166 5352 loco
1216 5311 1389 5352 sacrae
1443 5298 1744 5368 religionis,
1800 5301 2091 5355 stultorum

589 5443 860 5502 ὀισι-ειη.
891 5466 942 5515 ι,
975 5449 1066 5503 ‘25.
1142 5451 1188 5482 “
1211 5448 1414 5506 Jerem.
1455 5467 1590 5517 χιιι,
1621 5453 1676 5507 7.
1752 5453 1797 5484 "
1829 5451 1931 5509 lsa.
1960 5469 2080 5519 τιν,
2121 5453 2172 5507 ί.

596 5604 709 5672 (86)
749 5605 824 5660 De
888 5606 1088 5674 celebri
1138 5606 1239 5660 hoc
1278 5603 1914 5674 Timotlteoadiscipulo
1957 5622 2089 5668 suo,

524 5671 617 5727 diu
646 5671 882 5742 loquitur
925 5673 1190 5729 lsocrates
1232 5677 1285 5728 in
1311 5674 1571 5728 orationis
1602 5673 1678 5727 De
1703 5671 2089 5741 permutatione

529 5756 681 5813 parte
706 5761 871 5809 nova,
894 5761 1053 5814 quam
1088 5761 1184 5801 nos
1214 5742 1496 5800 Mediolani
1525 5745 1652 5800 olim
1687 5745 1928 5802 Latinam
1956 5747 2059 5803 feci
2079 5778 2091 5786 ο

2193 4581 2220 4632 ὁ
2248 4577 2434 4642 δοῦλος
2473 4578 2567 4630 καὶ
2595 4576 2939 4646 ἀποστάτηςο
2967 4576 3158 4646 ἐπειδὴ
3192 4578 3302 4649 γὰρ
3328 4577 3582 4648 Σολομὼν
3613 4579 3642 4630 ό
3672 4576 3762 4631 τοῦ

2195 4673 2476 4742 προφήτου
2505 4670 2670 4724 Δαϐὶδ
2716 4671 2842 4732 παῖς
2881 4672 2981 4740 τῆς
3032 4668 3268 4725 ἐνταῦθα
3307 4669 3456 4739 ζωῆς
3485 4670 3777 4736 ἀπαλλάτο·

2194 4779 2352 4816 τεται
2377 4803 2392 4827 ,
2423 4761 2482 4828 ἐξ
2523 4761 2797 4829 Αἰγύπτου
2827 4759 3098 4825 ἐπάνεισι,
3129 4760 3306 4830 φυγάς
3335 4762 3513 4814 ἐκεῖσε
3542 4761 3607 4814 τὸ
3633 4760 3764 4830 πρὶν

2195 4852 2436 4923 ἀποδράς
2467 4869 2479 4882 ·
2510 4853 2591 4913 είς
2621 4849 2877 4904 τοσοῦτον
2899 4849 2956 4903 δὲ
2987 4853 3058 4904 τά
3090 4851 3188 4920 τῆς
3218 4849 3389 4920 τύχης
3413 4851 3508 4902 καὶ
3534 4851 3641 4920 τῆς
3681 4851 3768 4903 εύ-

2196 4941 2434 5012 ημερίας
2467 4939 2618 5010 αύτῷ
2657 4939 2978 5003 ἐπιδέδοται,
3007 4939 3082 5002 ὡς
3124 4940 3324 5004 ίκανῶς
3355 4939 3502 5010 ἐχειν
3531 4941 3621 4993 τὸν
3642 4942 3768 4993 λαὸν

2206 5031 2477 5084 διελέσθαι
2515 5031 2681 5102 διχῆ,
2710 5031 2804 5085 καὶ
2866 5031 2966 5091 τάς
3019 5030 3278 5094 πλείστας
3307 5031 3417 5083 τῶν
3459 5031 3642 5098 φυλῶν
3674 5035 3770 5084 ἔπ-

2199 5122 2542 5190 αγαγέσθαι,
2575 5122 2669 5176 καὶ
2705 5121 2880 5191 ἀρχὴν
2907 5120 3118 5174 οίκείαν
3161 5121 3256 5174 καὶ
3309 5119 3590 5190 βασιλείαν
3631 5122 3768 5174 ἀπο-

2199 5209 2502 5279 τεμέσθαι,
2543 5211 2633 5264 καὶ
2669 5209 2920 5279 βασίλεια
2978 5207 3462 5280 καταστήσασθαι,
3518 5211 3614 5263 καὶ
3669 5212 3767 5280 τῆς

2203 5302 2334 5372 περὶ
2399 5302 2533 5354 Θεὸν
2584 5301 2838 5370 λατρείας
2901 5299 2994 5354 τὸν
3046 5299 3174 5352 λαὸν
3239 5301 3551 5369 ἀπαγαγεῖν
3585 5341 3600 5367 ,
3672 5300 3769 5354 καὶ

2199 5623 2320 5660 ntus
2365 5616 2528 5676 atque
2578 5607 3005 5668 illustravimus,
3059 5624 3168 5676 quo
3223 5619 3467 5678 tempore
3521 5608 3767 5664 litterarii

2199 5693 2393 5729 cursus
2429 5679 2595 5731 nostri
2625 5677 2932 5732 tirocinium
2969 5681 3267 5744 posuimus.

2274 5748 2387 5817 (87)
2422 5745 2750 5818 Nicephorus
2783 5749 2834 5802 in
2873 5747 3168 5812 Breviariu,
3203 5750 3266 5803 ad
3301 5766 3388 5802 an.
3427 5749 3549 5803 753.
