4072 6324
272 394 376 462 513

980 393 1606 457 ANTIRRHETICUS
1646 393 1738 452 ΙΙΙ
1778 393 1946 455 ADV.
1987 391 2577 453 CONSTANTINUM
2612 392 2806 452 COPR

3423 385 3528 451 514

272 511 532 581 δαίμοσιν
581 507 850 580 ὀλεθρίοις
899 509 1296 579 προσαγαγεῖν,
1343 508 1442 570 τὰς
1495 509 1704 579 χρυσᾶς
1759 507 1852 560 δα-

1966 504 2259 558 idorationi
2340 518 2672 574 proponens.
2727 501 2932 570 Quibus
2995 500 3153 571 longe
3209 499 3526 564 antistabat,

279 602 474 674 μάλεις
548 601 658 654 τῶν
737 600 899 671 ίερῶν
971 599 1338 669 σεϐασμάτων
1391 600 1470 662 είς
1534 596 1845 668 προσκύνη-

262 712 360 749 -σιν
396 694 507 748 τῶν
553 690 803 764 ματαίων
847 691 1304 761 ἀντιτεχνώμενος
1333 730 1348 754 ,
1382 683 1458 743 ὧν
1501 690 1647 760 μέγα
1681 690 1848 761 ὑπερ-

280 786 453 856 έσχε,
510 783 890 854 καλλιεργίαις
961 800 1021 836 τε
1080 783 1177 835 καὶ
1238 779 1540 851 εὐφωνίαις
1583 780 1680 833 καὶ
1731 782 1845 842 τοῖς

275 876 540 947 φθόγγοις
572 873 885 945 ὑπερηχοῦν
914 871 1262 942 εύσημότερα
1283 866 1316 900 οῖ
1334 871 1516 936 ἐκεῖνο
1550 867 1607 920 δὲ
1636 867 1696 920 τὸ
1717 866 1847 937 περὶ.

276 966 334 1018 σὲ
359 964 546 1036 θαῦμα
574 964 634 1016 τὸ
664 967 723 1017 ὲν
753 962 975 1016 σκεύεσι
1013 964 1124 1024 τοῖς
1157 959 1529 1032 χρυσηλάτοις
1556 958 1844 1028 ὑπεράγαν

273 1055 694 1128 θαυμαζόμενον
722 1096 736 1121 ,
789 1055 884 1108 καὶ
930 1053 1068 1124 πρὸς
1108 1053 1269 1106 ἑαυτὸ
1300 1054 1430 1114 τοὺς
1461 1048 1849 1120 πλανωμένους

273 1147 537 1200 ἀνθέλκον
565 1147 635 1217 τῇ
679 1142 926 1204 ποικιλίᾳ
975 1144 1070 1196 καὶ⁹
1115 1142 1195 1212 τῷ
1229 1140 1448 1212 μεγέθει
1473 1178 1488 1204 ,
1520 1141 1588 1209 τῇ
1625 1139 1718 1193 ἐπὶ
1747 1138 1850 1208 τῆς

275 1237 626 1300 Βαϐυλωνίας
655 1236 824 1290 εἰκόνι
854 1236 1006 1304 παρά
1035 1233 1141 1286 τῶν
1169 1231 1589 1303 τεκτηναμένων
1620 1232 1850 1283 ἀντιπα-

280 1318 668 1402 ρατιθέμενονο
694 1327 748 1379 τί
775 1327 831 1380 δέ
863 1343 946 1378 σοι
964 1325 1024 1378 ού
1055 1325 1231 1396 μέγας
1259 1324 1442 1389 Ὀζίας
1469 1326 1498 1376 6
1529 1321 1848 1392 τολμητίας,

279 1419 306 1472 6
350 1417 460 1470 τῶν
487 1415 629 1486 ὑπὲρ
659 1415 816 1480 ἀξίαν
846 1414 1155 1484 ἁπτόμενος
1185 1413 1282 1467 καὶ
1311 1413 1400 1466 διὰ
1426 1411 1586 1465 τοῦτο
1613 1409 1850 1482 λεπρού-

281 1525 470 1578 μενος;
497 1506 768 1575 Μανασσῆ
793 1505 848 1558 δέ
886 1523 993 1568 σοι,
1027 1506 1129 1558 οὐκ
1156 1504 1306 1557 ἐστιν
1342 1505 1492 1566 ὅστις
1542 1502 1652 1556 τῶν
1677 1501 1852 1555 ἄλλων

277 1597 819 1668 παρεξετασθήσεται
841 1614 854 1629 °
884 1597 1090 1660 πάντας
1118 1595 1227 1667 γὰρ
1248 1597 1374 1659 τοὺς
1403 1597 1488 1649 ἐπ’
1513 1593 1740 1664 ἀσεϐείᾳ
1760 1593 1854 1647 καὶ

278 1690 535 1761 ἀθεότητι
565 1686 1004 1757 γνωριζομένους
1036 1686 1442 1758 ὑπερϐαλέσθαι
1476 1685 1851 1756 ἀνιστόρηται,

280 1782 497 1835 πάντων
543 1777 1037 1848 προσοχθισμάτων
1080 1781 1176 1832 καὶ⁵
1225 1777 1618 1848 βδελυγμάτων
1662 1776 1854 1832 ἑαυτόν

1953 596 2355 666 pulchritudine
2399 597 2604 665 operis,
2635 593 3138 657 acclamationibus,
3165 601 3220 648 et
3249 575 3554 646 harmonia

1957 688 2160 742 musica
2227 688 2592 750 resonantius,
2655 685 2956 756 prodigium
3015 683 3143 740 illud
3209 693 3356 737 tuum
3415 683 3528 752 (88)

1953 780 2136 835 aureis
2162 781 2500 832 ornamentis
2527 780 2848 848 permirum,
2881 786 2932 832 et
2967 777 3312 831 incautorum
3344 773 3531 829 oculos

1956 872 2221 924 varietate
2285 885 2348 925 ac
2382 869 3088 939 magnitudineattrahens,
3133 866 3264 920 illud
3309 867 3530 936 inquam

1954 961 2302 1032 Babylonica:
2336 970 2532 1015 statuae
2572 963 2640 1014 ab
2687 959 2990 1014 artiﬁcibus
3017 957 3338 1013 acnmlanter
3365 970 3534 1025 oppo-

1955 1053 2145 1108 situm.
2184 1051 2319 1118 Quis
2369 1051 2464 1105 tibi
2497 1051 2711 1106 videtur
2745 1066 2974 1120 magnus
3003 1050 3092 1105 ille
3119 1051 3297 1103 audax
3338 1048 3530 1111 Ozias,

1956 1145 2047 1211 qui
2083 1158 2196 1196 rem
2226 1157 2388 1210 supra
2429 1157 2583 1195 suam
2619 1142 2939 1211 dignitatem
2971 1142 3278 1204 attentavit,
3303 1141 3532 1208 ideoque

1957 1233 2103 1303 lepra
2140 1233 2471 1302 percussus?
2497 1232 2770 1286 Mauasses
2799 1242 3002 1296 autem,
3043 1240 3098 1288 te
3128 1232 3334 1300 judice,
3375 1245 3536 1286 nemo

1957 1338 2142 1394 parem
2201 1317 2462 1388 habebit;
2534 1323 2622 1378 hic
2683 1322 2827 1376 enim
2883 1338 3074 1378 omnes
3140 1325 3420 1393 impietate
3477 1330 3534 1376 et

1959 1414 2226 1469 atheismo
2266 1414 2512 1470 celebres
2571 1429 2862 1483 superasse
2911 1425 3189 1477 narratur,
3242 1415 3332 1484 qui
3380 1415 3526 1468 omni

1959 1504 2341 1560 scandalorum
2360 1513 2523 1574 atque
2551 1506 3012 1560 aboruiuationum
3037 1520 3234 1574 genere
3251 1518 3309 1558 se
3337 1504 3528 1558 subdi-

1962 1606 2155 1664 tosque
2176 1611 2306 1652 suos
2329 1597 2533 1652 obruit.
2557 1596 2717 1666 Atqui
2753 1597 2971 1662 horum,
3005 1596 3144 1650 alter
3172 1609 3344 1650 annos
3379 1595 3537 1666 quin-

1961 1687 2242 1757 quaginta,
2303 1686 2440 1741 alter
2476 1701 2604 1742 vero
2651 1689 2890 1756 quinque
2931 1702 3096 1756 supra
3141 1687 3535 1756 quinquaginta

1959 1775 2172 1832 Judaici
2201 1777 2381 1846 populi
2421 1778 2590 1831 tenuit
2619 1777 2928 1847 imperium.
2954 1777 3215 1833 Irridebis
3257 1786 3438 1832 autem
3472 1791 3538 1831 ac

279 1889 336 1925 τε
373 1873 469 1924 καὶ
514 1871 574 1924 τὸ
619 1871 858 1939 ὑπήκοον
908 1869 1058 1923 ἅπαν
1090 1871 1419 1940 ἀποπλήσας
1446 1886 1460 1900 ⁸
1502 1867 1711 1922 τούτων
1744 1868 1802 1921 δὲ
1834 1869 1859 1920 6

1966 1870 2194 1939 despues
2221 1868 2530 1938 religiosum
2557 1867 2787 1931 Josiam,
2815 1868 2906 1937 qui
2937 1868 3156 1938 pietatis
3193 1883 3308 1922 suae
3346 1877 3538 1922 testem

281 1965 380 2034 μὲν
414 1963 537 2016 δυσὶ
570 1962 708 2034 πρὸς
742 1965 855 2022 τοῖς
908 1962 1253 2032 πεντήκοντα
1288 1961 1489 2024 ἐτεσιν,
1522 1960 1551 2012 ό
1597 1959 1651 2012 δὲ
1695 1958 1859 2012 πέντε

279 2054 418 2125 πρὸς
451 2056 566 2117 τοῖς
601 2055 942 2125 πεντήκοντα
989 2051 1134 2106 κατὰ
1161 2051 1261 2122 τὴν
1304 2052 1478 2121 ἀρχὴν
1507 2051 1598 2102 ἐπὶ
1626 2049 1687 2102 τὸ
1725 2049 1860 2102 Ἰου-

277 2145 464 2198 δαϊκὸν
490 2143 678 2213 φῦλον,
702 2143 998 2216 διήρκεσαν
1023 2141 1425 2212 βασιλεύοντες·
1449 2141 1859 2210 καταμωμήσῃ,

280 2232 337 2288 εὖ
356 2231 500 2300 οἶδα,
521 2235 616 2287 καὶ
635 2233 952 2297 διαπτύσεις
973 2233 1065 2287 τὸν
1084 2233 1306 2303 θεοφιλῆ
1336 2233 1570 2295 Ἰωσίαν,
1590 2232 1682 2284 τὸν
1713 2229 1865 2300 παρὰ

280 2325 404 2398 Θεῷ
447 2326 536 2379 ἐπ’
583 2325 839 2397 εὐσεϐείᾳ
896 2325 1377 2397 μαρτυρούμενον,
1431 2325 1526 2376 καὶ
1567 2325 1749 2376 πίστει
1793 2324 1861 2393 τῇ

279 2417 418 2486 ὀρθῇ
452 2417 576 2480 τοὺς
603 2416 798 2479 ἄλλους
832 2415 1199 2485 ὑπερίσχοντα
1225 2456 1240 2479 ,
1269 2414 1353 2467 ὅτι
1381 2413 1590 2476 ἀκλεῶς
1623 2413 1714 2466 τὸν
1746 2411 1862 2482 βίον

281 2508 609 2572 κατέλυσεν,
652 2507 760 2560 ὑπὸ
801 2505 912 2559 τῶν
943 2505 1004 2557 ού
1038 2503 1420 2574 πολεμούντων
1462 2503 1681 2574 βληθεὶς
1707 2542 1723 2567 ,
1770 2503 1864 2556 καὶ

281 2598 380 2652 τοῦ
420 2597 662 2667 πολέμου
704 2595 766 2647 τὸ
807 2594 1038 2648 ἄπιστον
1079 2595 1140 2647 ού
1179 2592 1590 2665 προορώμενος·
1641 2593 1864 2648 ἐκείνων

282 2688 544 2740 ἁπάντων
597 2683 686 2738 διά
735 2700 793 2736 τε
835 2683 966 2744 τοὺς
1015 2681 1244 2753 χρόνους
1304 2683 1397 2734 καὶ
1450 2681 1548 2752 τὴν
1581 2680 1864 2751 παροῦσαν

282 2775 589 2845 εὐημερίαν
612 2773 1032 2846 ὑπεραγάμενος
1052 2771 1206 2841 δέχου
1224 2771 1299 2824 ’τά
1325 2770 1441 2840 ἔθη,
1467 2771 1557 2822 τόν
1584 2786 1642 2822 τε
1666 2769 1866 2839 τρόπον

282 2867 379 2919 καὶ
404 2866 503 2936 τὴν
516 2863 816 2935 θρησκείαν
843 2863 1002 2932 τίμα·
1035 2862 1367 2932 κατακρότει
1396 2864 1516 2924 ταῖς
1545 2860 1864 2930 εὐφημίαις,

282 2954 554 3023 στεφανοῦ
582 2955 700 3016 ταῖς
731 2951 1161 3021 ύπερκειμέναις
1183 2951 1380 3018 δόξαις·
1412 2949 1582 3021 μιμοῦ
1605 2951 1696 3003 τὸν
1729 2949 1865 3020 βίον,

281 3043 538 3108 ἀσπάζου
571 3045 671 3108 τὰς
698 3044 953 3114 πράξεις,
987 3043 1224 3106 σπονδάς
1259 3043 1548 3114 προσχέων
1584 3042 1732 3094 τέλει
1771 3041 1867 3095 καὶ

1962 1953 2131 2010 Deum
2154 1955 2360 2018 habuit,
2388 1957 2712 2024 caeterisqne
2740 1968 2884 2008 recta
2919 1956 3022 2010 ﬁde
3045 1956 3382 2020 autecelluit,
3410 1956 3538 2025 quia

1964 2044 2226 2116 inglorius
2250 2044 2414 2100 vitam
2438 2045 2610 2098 ﬁnivit
2630 2060 2659 2096 a
2683 2046 2869 2100 nescio
2891 2060 2998 2114 quo
3027 2055 3326 2115 pugnatore
3351 2047 3527 2101 vulne-

1964 2147 2138 2203 ratus,
2189 2138 2315 2191 dum
2353 2136 2524 2207 praelii
2581 2137 2823 2206 pericula
2880 2147 2988 2191 uort‘
3025 2139 3160 2191 satis
3205 2145 3378 2191 cavet.
3417 2136 3543 2192 Illo-

1965 2244 2084 2283 rum
2142 2223 2408 2292 omnium,
2463 2229 2614 2298 regni
2669 2229 2903 2296 spatium
2969 2229 3367 2298 praiseutisque
3417 2230 3540 2282 vitze

1965 2318 2282 2375 felicitatem
2313 2319 2613 2382 admirans,
2649 2334 2829 2374 mores
2853 2319 3091 2382 imitare,
3124 2329 3175 2372 et
3210 2319 3335 2372 vitae
3365 2333 3540 2388 genus

1965 2426 2029 2466 ac
2085 2410 2400 2480 religionem
2432 2412 2667 2479 ambito;
2721 2412 2936 2480 plaude,
2977 2411 3243 2475 acclama,
3289 2411 3542 2465 laudibus

1965 2503 2184 2557 eximiis
2207 2517 2340 2556 orna
2374 2520 2386 2556 :
2441 2502 2605 2556 vitam
2642 2513 2872 2563 sectare.
2915 2501 3057 2557 facta
3101 2502 3380 2564 aerriulare,
3404 2501 3542 2556 liba-

1967 2595 2142 2649 tioues
2175 2594 2390 2648 demum
2449 2607 2512 2647 ac
2550 2593 2801 2648 victimas
2842 2591 2952 2646 illis
2999 2591 3154 2656 affer,
3205 2592 3380 2660 gaude
3459 2592 3542 2646 eis

1966 2685 2302 2750 sacriﬁcans,
2359 2693 2520 2753 atque
2566 2693 2623 2738 ut
2673 2685 2781 2738 tuis
2839 2684 2954 2738 hac
3001 2669 3227 2747 adhibe,
3259 2684 3304 2737 si
3339 2680 3539 2751 placet.

1966 2774 2155 2838 adora,
2192 2774 2416 2844 hymnis
2450 2774 2689 2841 celebra,
2720 2774 2892 2828 sacris
2926 2774 3122 2829 ritibus
3147 2773 3284 2837 cole,
3317 2788 3542 2842 respon-

1966 2865 2152 2920 siones
2203 2864 2551 2920 fatidicorum
2617 2865 2764 2929 audi,
2820 2865 3091 2932 interroga
3146 2867 3537 2934 geomanticos,

1967 2956 2432 3028 engastrimythos
2466 2957 2711 3011 consule.
2762 2956 2902 3022 Quid
2946 2957 3090 3010 aliud
3132 2956 3350 3011 dicam?
3379 2972 3542 3011 curre

1967 3049 2033 3103 ad
2073 3049 2368 3114 damones,
2405 3064 2432 3102 a
2462 3050 2659 3119 quibus
2695 3051 2953 3120 magister
2998 3059 3121 3104 tuus
3151 3049 3433 3118 agebatur,
3479 3056 3538 3101 ut

279 3138 384 3200 τὰς
414 3136 629 3200 θυσίας,
668 3137 1028 3207 ὲνευφραίνου
1057 3137 1177 3198 ταῖς
1197 3134 1460 3201 τελεταῖς,
1489 3135 1582 3188 καὶ
1613 3137 1722 3198 τοῖς
1756 3136 1859 3197 σοῖς

1971 3136 2185 3192 facilius
2211 3141 2288 3193 sis
2329 3138 2482 3205 felix,
2518 3150 2576 3194 ut
2611 3155 2748 3210 pane
2775 3141 3009 3210 vinoque
3040 3140 3342 3210 implearis,
3369 3155 3536 3210 reque

279 3227 458 3282 ταῦτα
480 3228 755 3299 πρόσφερέ
782 3245 863 3294 τε,
882 3227 935 3280 εῖ
958 3243 1044 3280 σοι
1071 3227 1306 3298 αἱρετὸν,
1336 3226 1429 3280 καὶ
1452 3227 1744 3298 προσκύνει
1774 3227 1859 3280 καὶ

1970 3230 2118 3284 omni
2147 3245 2306 3300 quam
2341 3239 2488 3285 terra
2513 3232 2845 3300 suppeditat,
2872 3248 3101 3302 quinque
3126 3248 3155 3286 a
3182 3233 3417 3287 terrenis
3445 3246 3541 3300 ap-

276 3318 477 3382 δόξαζε
503 3336 516 3349 °
554 3319 713 3373 τελοῦ
757 3322 870 3383 τοῖς
918 3317 1278 3390 μυστηρίοις,
1325 3318 1482 3388 δέχου
1525 3318 1622 3381 τάς
1679 3319 1859 3388 ῥήσεις

1969 3321 2198 3390 petitur.
2257 3319 2388 3375 Filii
2443 3323 2709 3376 hominum
2765 3324 3015 3394 (magnus
3067 3325 3220 3378 vobis
3277 3323 3538 3378 inclamat

286 3410 398 3463 τῶν
428 3410 823 3481 χρησμολόγων
843 3449 858 3475 ,
892 3410 1071 3479 πόθου
1099 3409 1206 3462 τῶν
1249 3409 1358 3462 ἀπὸ
1381 3410 1486 3478 γῆς
1518 3408 1859 3477 φωνούντων,

1971 3410 2164 3475 David,
2201 3426 2300 3466 ceu
2331 3413 2670 3468 vocalissima
2719 3416 2865 3479 tuba,
2921 3423 3176 3482 tanquam
3221 3413 3288 3468 de
3323 3413 3541 3484 specula

289 3504 414 3564 ταῖς
447 3502 908 3573 ὲγγαστριμύθοις
947 3500 1317 3574 προσέδρευε·
1356 3499 1409 3551 τί
1439 3499 1608 3552 τᾶλλα
1645 3498 1859 3565 λέγειν;

1967 3501 2218 3570 celsoque
2256 3502 2375 3556 loco
2429 3503 2774 3574 praedicans),
2821 3519 3083 3572 usquequo
3141 3504 3287 3571 gravi
3339 3503 3542 3557 corde?

285 3594 597 3665 πρόστρεχε
625 3594 740 3656 τοῖς
770 3590 1024 3664 δαίμοσιν
1043 3589 1131 3657 οἷς
1162 3594 1189 3644 6
1216 3590 1306 3653 σὸς
1333 3589 1654 3652 διδάσκαλος
1676 3590 1859 3658 ἤγετο·

1974 3607 2069 3645 cur
2096 3592 2320 3660 diligitis
2347 3594 2649 3658 vanitatem,
2677 3602 2727 3646 et
2758 3594 3092 3647 mendacium
3115 3593 3354 3661 quwritis
3371 3589 3452 3643 “?

284 3686 376 3738 ἴνα
411 3687 508 3738 καὶ
540 3688 669 3757 ῥᾷον
702 3686 1054 3757 εύημερήσῃς
1083 3725 1100 3750 ,
1129 3683 1232 3738 καὶ
1265 3681 1512 3752 πλησθῇς
1563 3680 1742 3750 ἀρτων
1773 3681 1867 3735 καὶ¹
1903 3681 2074 3748 οἴνου,
2103 3683 2198 3736 καὶ
2226 3684 2444 3736 πάντων
2473 3685 2574 3736 ὅσα
2643 3682 2796 3755 παρά
2863 3682 2964 3751 τῆς
2995 3682 3100 3752 γῆς
3137 3681 3404 3734 ἐκδίδοται
3447 3677 3542 3731 καὶ

283 3782 400 3842 τοῖς
431 3779 638 3847 γηΐνοις
673 3779 1056 3843 σπουδάζεται.
1110 3777 1234 3832 Υἱοὶ
1264 3775 1591 3844 ἀνθρώπων
1615 3816 1629 3840 ,
1660 3779 1688 3830 ό
1732 3778 1905 3848 μέγας
1961 3781 2088 3850 ὑμῖν
2154 3779 2408 3850 ὲμϐοάτω
2447 3781 2614 3834 Δαϐὶδ
2637 3823 2652 3845 ,
2721 3775 2810 3835 οἷά
2865 3797 2948 3844 τις
3013 3778 3250 3846 σάλπιγξ
3310 3775 3546 3847 μεγαλό-

285 3885 509 3938 φωνος,
537 3867 613 3931 ὡς
663 3869 727 3922 ὲκ
771 3867 1058 3939 περιωπῆς
1109 3871 1211 3922 και
1257 3863 1464 3935 ὑψηλοῦ
1513 3866 1738 3935 ὑπηχῶν
1767 3867 1862 3921 τοῦ
1903 3867 2260 3939 κηρύγματος
2291 3907 2304 3932 ,
2357 3867 2468 3933 ἕως
2529 3869 2675 3922 πότε
2733 3865 3169 3937 ,ϐαρυκάρδιοι;
3198 3866 3296 3918 ἵνα
3323 3863 3380 3916 τί
3400 3862 3546 3932 ἀτα-

283 3959 442 4017 πᾶτε
471 3964 838 4032 ματαιότητα
871 3964 970 4018 καὶ
1011 3951 1230 4031 ζητεῖτε
1263 3959 1531 4029 ψεῦδος

359 4097 456 4154 οε’.
512 4099 670 4167 Μέγα
702 4115 756 4151 τι
797 4097 864 4152 τά
908 4100 1156 4170 παρόντα
1209 4098 1695 4170 ὑπολαμϐάνοντες
1720 4143 1734 4169 ,
1775 4103 1859 4158 καί

2047 4106 2135 4161 75.
2165 4105 2378 4162 Grande
2407 4104 2609 4174 aliquid
2659 4105 2748 4161 isti
2793 4103 3110 4159 existimant
3144 4113 3266 4155 esse
3296 4111 3385 4152 res
3409 4111 3548 4166 prae-

289 4193 409 4252 τοῖς
441 4188 700 4260 φθαρτοῖς
729 4191 826 4242 καὶ
855 4191 1143 4260 ὲπικήροις
1171 4191 1233 4244 τὸ
1264 4191 1381 4244 πᾶν
1407 4191 1506 4261 τῆς
1533 4193 1678 4264 ζωῆς
1715 4210 1859 4266 περι·

1975 4207 2177 4264 sentes,
2206 4208 2260 4252 et
2290 4197 2728 4268 corruptibilibus
2755 4207 2920 4266 atque
2946 4191 3167 4247 caducis
3214 4197 3384 4244 totum
3420 4187 3544 4240 vita-

288 4280 603 4342 κλείοντες,
654 4279 818 4333 πόθεν
870 4297 952 4333 σοι
996 4282 1028 4350 ἡ
1067 4282 1240 4352 μικρά
1287 4282 1472 4352 εκείνη
1515 4282 1602 4351 ἐφ’
1729 4285 1859 4356 μέγα

1975 4288 2248 4358 negotium
2273 4287 2728 4341 circumcludunt.
2761 4285 2939 4350 Unde,
2964 4284 3211 4352 inquam,
3245 4279 3340 4333 tibi
3379 4292 3545 4346 parva

292 4373 515 4443 φρονεῖς
547 4372 851 4442 εύημερία,
887 4373 982 4424 καὶ
1015 4372 1136 4425 ὅθεν
1171 4389 1250 4425 σοι
1284 4372 1356 4426 τὰ
1394 4371 1531 4426 ὥνια
1570 4375 1859 4445 ὲπηύξετος

1981 4379 2092 4444 illa,
2133 4393 2296 4447 quam
2347 4387 2630 4447 tantopere
2667 4376 2862 4444 jactas,
2901 4373 3169 4429 felicitas?
3207 4371 3369 4434 unde,
3400 4383 3545 4439 qua:-

290 4461 348 4514 εί
375 4479 458 4516 σοι
496 4462 557 4515 ού
592 4465 796 4533 τραχὺς
818 4463 846 4514 6
883 4462 1076 4532 λόγος,
1105 4463 1322 4518 ἀκούων
1360 4465 1642 4533 ὲπίγνωθι.
1687 4468 1746 4521 '0
1780 4487 1859 4539 μι-

1981 4481 2060 4532 so,
2087 4467 2350 4536 stipendia
2387 4482 2509 4522 eum
2548 4482 2892 4538 comparasse
2919 4465 3116 4535 putas?
3147 4462 3261 4518 Nisi
3297 4463 3393 4518 tibi
3426 4477 3544 4518 mo-

294 4555 708 4625 σοχριστότατος
743 4556 839 4609 καὶ
859 4556 1318 4627 φιλοχρυσότατος
1348 4557 1619 4630 τύραννος
1641 4600 1657 4625 ,
1689 4561 1750 4613 τὸ
1778 4560 1859 4614 τοί

1981 4558 2148 4614 lestus
2173 4569 2254 4613 est
2283 4574 2483 4625 sermo,
2510 4559 2632 4614 audi
2659 4568 2713 4613 et
2741 4574 3030 4631 cognosce.
3058 4559 3258 4614 Christi
3285 4559 3547 4615 inimicis-

293 4646 498 4716 χρυσοῦ
530 4648 866 4717 ἀνδράποδον
895 4688 909 4710 ,
943 4651 972 4701 ό
1018 4648 1112 4701 τὸν
1145 4649 1339 4703 Λύδιον
1369 4651 1580 4704 ἐκεῖνον
1619 4653 1685 4721 τῇ
1729 4651 1859 4722 φιλο

1981 4648 2174 4713 simus,
2206 4650 2324 4703 auri
2355 4649 2762 4704 amantissimus
2794 4659 3080 4720 tyrannus,
3123 4651 3366 4719 pecunia:
3393 4665 3548 4704 man-

174 4796 177 4799 _
291 4737 486 4807 χρύσῳ
547 4741 716 4810 μανίᾳ
781 4742 1246 4813 ὑπερϐαλόμενος,
1297 4744 1392 4796 καὶ
1447 4743 1568 4795 θεὸν
1610 4743 1704 4795 τὸν
1747 4760 1879 4815 χρυ-

296 4824 391 4878 σὸν
455 4827 594 4894 μετά
655 4830 757 4894 τῆς
821 4828 1034 4892 κοιλίας
1085 4831 1431 4901 ἡγούμενος·
1491 4829 1518 4880 6
1571 4827 1876 4898 βαρύτατος

296 4915 596 4985 φορολόγος
617 4957 631 4981 ,
685 4917 780 4970 καὶ
816 4919 1189 4989 ἀπαραίτητος
1211 4962 1225 4984 ,
1256 4921 1347 4972 τὸν
1382 4920 1564 4973 κλοιὸν
1595 4917 1707 4969 τῶν
1740 4919 1878 4972 ὑπο-

295 5005 482 5077 φόρων
531 5009 612 5069 είς
656 5009 738 5061 ὅτι
786 5009 1019 5078 μάλιστα
1079 5011 1458 5082 κατεϐάρυνε,
1513 5012 1736 5080 συχναῖς
1781 5012 1878 5064 καὶ

297 5095 540 5164 ἐτησίοις
578 5099 924 5171 προσθήκαις
980 5101 1088 5154 τῶν
1134 5102 1488 5172 τελεσμάτων
1517 5139 1536 5163 ,
1585 5102 1712 5164 τοὺς
1774 5101 1874 5172 τῆς

298 5192 574 5263 γεωργίας
603 5191 852 5256 ἅπαντας
899 5195 1100 5260 πιέζων
1137 5197 1231 5250 καὶ
1269 5196 1586 5253 ἀποθλίϐων
1626 5211 1876 5265 παρανο-

370 5364 423 5400 ⁸⁶
459 5369 604 5424 Psal.
633 5387 706 5435 tv,
734 5373 787 5427 3.

376 5543 489 5615 (88)
517 5545 740 5621 Videtur
777 5548 918 5621 loqui
957 5549 1298 5618 Nicephorus
1336 5551 1407 5605 de
1445 5552 1628 5621 aliqua
1666 5549 1874 5620 Capro-

209 5647 216 5654 -
304 5627 470 5685 nymo
500 5628 679 5671 erecta
713 5618 906 5685 insigni
941 5630 1139 5674 statua.

380 5682 492 5754 (89)
521 5685 713 5761 Midam
748 5682 968 5761 scilicet,
1001 5691 1141 5761 quod
1173 5705 1367 5761 nomen
1410 5690 1642 5761 imponit
1667 5690 1877 5758 Coprn-

311 5753 481 5824 nynto’
518 5753 847 5826 Nicephorns
900 5753 1062 5813 etiam
1093 5760 1145 5813 in
1187 5753 1580 5828 Breviario,'ad
1624 5779 1717 5815 nu.
1748 5753 1875 5824 '767,

1983 4741 2205 4810 cipium,
2240 4742 2329 4808 qui
2366 4741 2570 4812 Lydum
2607 4741 2755 4795 illum
2795 4741 2906 4813 (89)
2951 4741 3069 4796 auri
3119 4743 3308 4798 insana
3345 4743 3552 4814 cupidi-

1986 4843 2094 4887 tate
2123 4833 2394 4900 vincebat,
2441 4833 2594 4904 14],
2644 4848 2949 4904 aurumque
3011 4851 3074 4890 ac
3149 4845 3396 4892 ventrem
3430 4841 3554 4891 loco

1981 4922 2074 4976 Dei
2110 4923 2364 4988 habebat,
2409 4935 2633 4980 exactor
2661 4928 3021 4994 gravissimus
3073 4936 3128 4982 et
3169 4927 3549 4988 inexorabilis,

1983 5015 2392 5068 tributariorum
2443 5015 2654 5070 clavum
2699 5018 2872 5088 magis
2913 5020 3194 5088 magisque
3221 5019 3554 5088 aggravabat

1982 5105 2357 5172 frequentibus
2425 5109 2731 5178 annuisque
2784 5109 3114 5163 tributorum
3169 5108 3549 5172 incrementis,

1982 5195 2249 5263 agricolas
2270 5209 2458 5252 omnes
2481 5212 2732 5267 premens
2757 5209 2813 5254 et
2837 5199 3148 5269 opprimens
3173 5197 3551 5268 iniustissime,

1980 5567 2088 5634 quo
2119 5553 2247 5634 loco
2285 5566 2472 5610 narrat
2501 5564 2671 5611 totum
2714 5572 2853 5624 pene
2894 5559 3104 5634 imperii
3135 5573 3326 5634 aurum
3373 5559 3560 5634 abillo

1985 5627 2035 5675 in
2061 5627 2343 5700 "aerarium
2368 5643 2547 5700 suum
2591 5639 2902 5700 congestum
2939 5630 3143 5700 fuisse1
3173 5631 3418 5698 spoliatis
3465 5646 3562 5700 po-

1984 5693 2144 5772 pulis.
2175 5691 2535 5772 Theophanes
2575 5691 2738 5751 etiam
2773 5696 2969 5751 Chron.
3000 5700 3084 5753 ed.
3119 5691 3293 5755 Paris.
3332 5717 3385 5772 p.
3421 5691 3555 5766 375,

1984 5759 2380 5836 Cuprouymuin
2435 5764 2586 5820 Midae
2644 5776 2945 5836 comparat.
