4072 6324
548 422 652 488 515

1573 415 1633 472 s.
1677 409 2094 473 NICEPHORI
2128 405 2632 468 mmmam;
2667 405 2778 467 cp.
2849 375 2852 378 ’

3702 399 3808 464 516

545 528 681 581 adeo
711 534 768 578 ut
809 539 915 578 uno
962 535 1183 576 nummo
1232 534 1398 573 aureo
1447 517 1698 571 universa
1736 516 1838 569 viri
1869 514 2120 585 agricola:

2241 511 2487 584 μὼτατα,
2521 509 2596 572 ὼς
2640 510 2758 571 ἐνὸς
2801 507 3061 577 χρυσίνου
3104 509 3204 580 τὴν
3244 507 3570 580 περιουσίαν
3609 507 3802 577 ἀνδρὸς

547 619 853 674 substantia
885 617 988 669 emi
1037 615 1196 668 facile
1225 622 1432 682 posset.
1475 610 1605 664 Novi
1662 625 1761 678 ego
1793 610 2119 662 tributorum

545 725 707 763 causa
749 706 990 762 infelices
1019 706 1269 759 homines
1320 703 1488 756 celsis
1540 703 1890 768 procerisque
1919 699 2124 752 arbori-

544 795 645 850 bus
681 797 933 849 manibus
959 794 1179 864 illigatis
1215 805 1534 860 suspensos,
1569 791 1640 843 ita
1687 799 1745 843 ut
1780 792 1832 842 itt
1868 803 1993 841 aere
2029 788 2118 840 diu

545 886 653 939 alte
683 887 1014 954 penderent;
1057 893 1218 952 atque
1257 882 1399 936 hanc
1424 884 1677 936 acerbam
1721 882 2124 950 violentamth

547 982 832 1050 pertulisse
888 995 1130 1048 pmuam,
1175 979 1301 1048 quia
1345 977 1567 1044 publica
1623 977 1824 1030 tributa
1863 975 2122 1028 solvendo

546 1086 649 1122 non
684 1081 865 1123 erant.
893 1068 970 1122 Tu
1014 1083 1142 1121 vero
1173 1083 1278 1121 non
1324 1067 1604 1120 erubescis
1643 1080 1817 1134 neque
1851 1063 1988 1118 infra
2023 1065 2120 1118 ltu-

548 1176 692 1212 mum
721 1169 772 1213 te
798 1159 973 1220 abdis,
1006 1160 1096 1227 qui
1127 1160 1498 1228 proximorum
1523 1168 1739 1211 tuorum
1763 1157 1928 1210 vitam
1961 1157 2122 1209 devo-

548 1267 657 1314 ras,
689 1261 744 1304 et
780 1251 1121 1319 pupularium
1153 1265 1348 1303 earnes
1375 1250 1484 1302 imo
1510 1249 1690 1318 potius
1722 1249 1868 1316 ipsas
1889 1246 2118 1310 animas,

549 1343 649 1396 levi
676 1342 794 1394 auri
819 1342 1060 1410 pondere
1080 1341 1265 1394 vendis
1291 1357 1306 1406 ;
1339 1354 1402 1393 ac
1421 1352 1538 1394 tuas
1557 1340 1780 1394 delicias
1806 1339 2123 1405 lucrumque

544 1435 838 1488 exitiosum
874 1435 1082 1488 alienas
1113 1433 1459 1488 calamitates
1487 1431 1664 1487 facis?

618 1632 708 1686 76.
745 1630 873 1685 ideo
906 1641 958 1685 tu
1003 1630 1218 1700 imperii
1258 1628 1616 1685 diuturnitate
1641 1636 1692 1681 et
1722 1625 1983 1681 felicitate
2011 1623 2122 1693 glo-

546 1723 751 1777 riaris‘!
782 1721 985 1791 Magna:
1021 1722 1115 1775 tibi
1141 1720 1393 1773 videntur
1418 1734 1503 1772 res
1539 1728 1852 1786 praesentes,
1893 1726 1946 1772 et
1974 1719 2120 1772 omni

546 1812 911 1884 admiratione
978 1809 1188 1880 dignae?
1253 1809 1547 1864 Cornmove
1607 1808 1872 1880 deinceps
1933 1819 2119 1862 contra

2223 600 2470 670 γεωργοῦ
2510 600 2758 668 ἃπασαν,
2789 598 3028 670 εὐχερῶς
3060 600 3125 654 ἀν
3155 618 3240 662 τις
3276 599 3584 671 ἐξωνήσατο
3605 613 3623 630 ⁸
3659 595 3800 652 εἶδον

2222 693 2399 760 ἔγωγε
2439 691 2550 744 τῶν
2580 690 2930 760 τελεσμάτων
2978 691 3140 761 χάριν
3179 689 3506 762 ἀνθρώπους
3539 691 3761 755 ἀθλίους
3788 732 3803 754 .,

2221 783 2501 853 δένδρεσιν
2542 783 2768 852 ὑψηλοῖς
2811 799 2868 835 τε
2911 783 3005 835 καὶ
3037 784 3310 854 εύμήκεσι
3335 823 3350 847 ,
3381 782 3584 855 χειρῶν
3631 783 3804 855 ἐξημ-

2227 875 2425 945 μένους
2467 875 2760 943 ἐκκρεμεῖς
2788 913 2803 936 ,
2839 872 2914 935 ὡς
2958 873 3051 925 ἐπὶ
3095 874 3188 928 τὸν
3221 875 3362 944 ἀέρα
3405 875 3500 927 ἐπὶ
3534 874 3670 928 πολὺ
3707 891 3804 943 με·

2221 964 2581 1035 τεωρίζεσθαι
2603 1002 2618 1028 ,
2649 965 2746 1017 καὶ
2786 963 2993 1033 ταύτην
3026 966 3232 1035 πικρὰν
3262 967 3356 1020 καὶ
3387 967 3572 1036 βιαίαν
3620 966 3806 1036 διαφέ-

2227 1072 2419 1124 ροντας
2459 1055 2751 1126 τιμωρίαν,
2783 1055 2992 1125 ἀπορίᾳ
3017 1054 3125 1108 τῶν
3154 1055 3436 1125 δημοσίων
3476 1057 3659 1128 φόρων
3686 1076 3698 1088 ·
3739 1058 3804 1110 σὺ

2221 1142 2279 1196 δὲ
2314 1144 2414 1196 οὐκ
2457 1144 2692 1216 αίσχύνῃ
2739 1144 2834 1196 καὶ
2882 1144 3128 1214 καταδύῃ
3170 1145 3280 1198 τῶν
3317 1145 3490 1210 πέλας
3527 1146 3628 1216 τὴν
3659 1145 3806 1218 ζωὴν

2222 1233 2711 1304 ἐκκαρπούμενος,
2765 1236 2864 1288 καὶ⁹
2915 1235 3011 1299 τὰς
3059 1236 3269 1307 σάρκας
3324 1237 3434 1290 τῶν
3487 1237 3800 1307 ὁμοφύλων,

2225 1324 2426 1394 μᾶλλον
2473 1326 2529 1378 δὲ
2564 1326 2742 1396 ψυχὰς
2778 1325 2988 1389 αὑτὰς,
3024 1331 3243 1398 μικροῖς
3285 1330 3574 1398 σταθμίοις
3623 1332 3798 1400 ἐμπο-

2225 1416 2549 1486 ρευόμενος·
2605 1419 2703 1470 καὶ
2740 1418 2957 1488 τρυφὴν
2997 1419 3171 1487 ίδίαν,
3222 1421 3316 1473 καὶ
3363 1420 3556 1491 κέρδος
3607 1422 3802 1492 ἐπιζή-

2226 1520 2367 1573 μιον,
2398 1507 2498 1570 τὰς
2529 1507 2820 1578 ἀλλοτρίας
2851 1509 3141 1581 συμφορὰς
3193 1510 3561 1580 ἐργαζόμενος
3600 1513 3798 1584 (ﬁl-ﬂ);

2291 1623 2399 1682 og'.
2441 1616 2541 1670 Διά
2587 1617 2746 1672 τοῦτο
2789 1619 3077 1693 ἐπαγάλλῃ
3127 1624 3240 1684 τοῖς
3269 1622 3483 1692 χρόνοις
3535 1624 3632 1678 καὶ
3681 1628 3804 1688 ταῖς

2223 1708 2546 1778 εὐημερίαις
2573 1725 2587 1774 ;
2624 1711 2837 1781 μεγάλα
2870 1728 2952 1764 σοι
2974 1714 3042 1764 τὰ
3073 1713 3321 1786 παρόντα
3347 1715 3444 1767 καὶ
3476 1714 3570 1768 τοῦ
3603 1717 3805 1780 παντὸς

2225 1799 2503 1870 θαύματος
2531 1799 2657 1866 ἀξια
2685 1820 2700 1866 ;
2734 1802 2888 1856 Κίνει
2910 1803 3097 1857 λοιπὸν
3131 1805 3274 1859 κατὰ
3312 1806 3407 1860 τοῦ
3435 1809 3673 1862 Κτίστου
3703 1809 3804 1880 τὴν

543 1899 860 1953 Creatorem
895 1900 1128 1968 linguam
1165 1914 1180 1952 :
1208 1909 1449 1952 armatas
1479 1897 1744 1950 adversus
1771 1894 2116 1966 Uuigenitum

2222 1891 2513 1961 γλῶσσανο
2554 1893 2744 1958 ὃπλιζε
2786 1895 2929 1947 κατὰ
2975 1895 3077 1965 τῆς
3121 1896 3216 1950 τοῦ
3251 1898 3596 1966 Μονογενοῦς
3645 1899 3805 1972 δόξης

544 2005 736 2044 exsere
771 2006 999 2044 u'tanus;
1037 1999 1323 2042 contemne
1346 1987 1648 2051 Christum,
1670 1987 1798 2056 quia
1839 1987 1892 2040 in
1920 1997 2120 2042 terram

544 2077 858 2140 adveniens,
918 2076 1105 2129 humili
1153 2074 1352 2143 vilique
1406 2075 1587 2142 specie
1638 2075 1914 2144 apparuit,
1961 2085 2122 2144 atque

543 2165 785 2216 omnium
813 2163 1214 2232 pauperrimus,
1243 2178 1418 2231 neque
1444 2163 1648 2216 balteus
1701 2164 1789 2216 ubi
1830 2173 1991 2232 caput
2030 2178 2122 2218 re-

546 2252 802 2317 clinaret,
852 2252 1104 2320 vulpibus
1131 2251 1430 2319 avibusque
1466 2253 1732 2321 egentior,
1763 2252 1981 2306 brevem
2017 2253 2124 2307 dis-

543 2345 846 2412 cipulorum
880 2357 1166 2397 numerum
1208 2345 1455 2408 trahens,
1513 2353 1676 2411 atque
1710 2343 1810 2396 hos
1837 2358 2034 2412 egenos
2058 2361 2122 2400 ac

545 2450 814 2504 pauperes
866 2452 880 2488 :
929 2435 1088 2487 morti
1130 2435 1458 2501 turpissima:
1512 2449 1611 2488 ceu
1649 2433 1954 2487 malelicum
1994 2449 2122 2488 son~

544 2534 764 2592 temque
806 2526 1044 2578 addicito
1079 2543 1092 2577 :
1127 2526 1295 2578 irride
1327 2540 1548 2578 crucem
1581 2535 1744 2592 atque
1783 2526 2118 2594 passionem,

544 2633 706 2686 quam
751 2617 826 2670 tui
853 2631 1016 2670 causa
1061 2617 1226 2670 subiit
1267 2632 1282 2670 :
1337 2615 1600 2684 prodigiis
1637 2615 1906 2679 tliscrede,
1953 2617 2119 2668 mira-

545 2709 668 2762 cula
703 2710 930 2777 despue,
974 2709 1206 2761 ludibrio
1263 2707 1398 2760 habe
1439 2722 1562 2759 cum
1609 2705 1814 2761 Judmis
1868 2721 2117 2760 resurre-

543 2805 802 2865 ctionem,
832 2804 1055 2872 objurga
1090 2802 1480 2872 discipulorum
1515 2802 1769 2870 inopiam,
1810 2803 1928 2856 sine
1959 2818 2123 2873 pecu-

544 2896 658 2959 nia,
718 2896 836 2949 sine
886 2895 1108 2957 baculo,
1169 2910 1272 2947 una
1305 2910 1426 2948 cum
1491 2895 1675 2947 tunica
1713 2909 2122 2963 quaquaversus

547 2995 740 3040 etmtes
776 3001 1109 3054 aspernare;
1141 2995 1194 3038 et
1227 2985 1482 3052 pulchros
1507 2984 1995 3053 evangelizantium
2029 3000 2122 3053 pe-

546 3079 663 3138 des,
692 3077 957 3130 infaustos
1013 3077 1266 3130 existima
1312 3091 1326 3129 :
1358 3076 1545 3130 deride
1577 3085 1747 3131 testes
1785 3076 2034 3132 veritatis
2065 3078 2118 3131 itt

545 3168 825 3223 doloribus
879 3180 932 3223 et
998 3169 1325 3222 adversitate
1399 3167 1726 3236 patientes:
1800 3165 2116 3221 facultatum

2224 1985 2324 2047 τὰς
2359 1987 2578 2054 χεῖρας·
2629 1985 2908 2050 ἐξουδένου
2939 1986 3176 2056 Χριστὸν
3203 2029 3216 2053 ,
3245 1989 3327 2042 ὅτι
3357 1989 3450 2042 ἐπὶ
3481 1990 3586 2060 γῆς
3635 1991 3806 2046 ἐλθὼν

2225 2075 2486 2138 ταπεινὸς
2526 2074 2684 2145 ὤφθη
2715 2077 2811 2130 καὶ
2838 2076 3066 2147 εὐτελὴς
3091 2077 3149 2130 τὸ
3171 2078 3523 2149 φαινόμενον,
3550 2080 3648 2134 καὶ
3671 2082 3808 2135 πάν-

2222 2181 2332 2218 των
2368 2166 2694 2237 πενέστερος
2720 2209 2734 2232 ,
2781 2169 2876 2221 καὶ
2916 2169 3018 2223 οὐκ
3066 2169 3207 2240 ἔχων
3251 2171 3374 2224 ὅποι
3414 2174 3516 2243 τὴν
3559 2174 3806 2245 κεφαλὴν
3845 2193 3852 2201 ·

2222 2256 2401 2329 κλίνῃ,
2431 2257 2734 2312 ἀλωπέκων
2757 2260 2850 2312 καὶ
2885 2261 3150 2314 πετεινῶν
3175 2261 3550 2334 ἀπορώτερος,
3584 2264 3806 2335 ἀριθμῷ

2225 2347 2446 2418 βραχεῖς
2486 2349 2734 2418 μαθητάς
2772 2352 3141 2422 ἐπαγόμενος,
3176 2353 3272 2405 καὶ
3297 2354 3527 2418 τούτους
3555 2356 3800 2426 ἀπόρους

2223 2439 2318 2490 καὶ¹
2346 2438 2588 2508 πένητας
2609 2457 2624 2473 ο
2659 2440 2877 2512 θανάτῳ
2905 2460 2965 2495 τε
2999 2443 3267 2514 αίσχίστῳ
3295 2441 3382 2500 οἷά
3409 2463 3530 2500 τινα
3562 2447 3802 2520 κακοῦρ-

2221 2544 2318 2596 γον
2352 2531 2446 2582 xxi.
2481 2531 2782 2584 ὑπεύθυνον
2811 2533 3171 2599 καταδίκαζε’
3202 2535 3431 2606 χλεύαζε
3458 2539 3548 2591 τὸν
3573 2541 3802 2610 σταυρὸν
3895 2583 3898 2586 -

2222 2619 2318 2670 καὶ
2354 2618 2413 2671 τὸ
2443 2619 2614 2682 πάθος
2637 2660 2650 2685 ,
2689 2621 2717 2672 δ
2763 2621 2856 2674 σοῦ
2903 2639 2968 2689 γε
3006 2622 3216 2676 εἵνεκεν
3263 2626 3588 2693 κατεδέξατο
3615 2643 3628 2656 ·
3676 2631 3802 2692 ταῖς

2223 2705 2542 2776 θεοσημίαις
2577 2709 2797 2762 ἀπίστει
2826 2749 2840 2772 ,
2882 2711 3111 2765 διάπτυε
3135 2712 3202 2764 τὰ
3241 2712 3518 2782 θαύματα,
3548 2717 3800 2787 κωμῲδει

2225 2797 2363 2866 μετά
2403 2799 2674 2852 Ἰουδαίων
2714 2801 2812 2870 τὴν
2858 2803 3159 2856 ἀνάστασιν
3193 2803 3290 2874 (ο),
3326 2805 3517 2874 ὕϐριζε
3559 2810 3668 2862 τῶν
3697 2828 3800 2880 μα-

2221 2887 2401 2957 θητῶν
2430 2888 2526 2960 τὴν
2557 2890 2846 2959 ἀκτησίαν,
2871 2891 2947 2955 ὡς
2977 2893 3247 2962 ἀχάλκους
3280 2896 3372 2948 καὶ
3404 2897 3675 2966 ἀράϐδους
3703 2901 3799 2953 καὶ

2224 2978 2591 3048 μονοχίτωνας
2619 2982 2870 3051 πανταχῆ
2904 2985 3226 3054 περιιόντας
3246 2987 3508 3051 εὐτέλιζε,
3540 2989 3636 3042 καὶ
3674 2992 3802 3054 τοὺς

2222 3069 2459 3140 ὡραίους
2489 3071 2596 3124 τῶν
2638 3073 3146 3144 εὐαγγελιζομένων
3195 3077 3362 3141 πόδας
3395 3079 3800 3151 ἀποτροπαίους

2220 3159 2358 3229 ἡγοῦ
2384 3177 2398 3192 ο
2437 3162 2772 3216 ἀπόσκωπτε
2804 3165 2920 3218 τῶν
2963 3167 3260 3238 μαρτύρων
3291 3170 3390 3232 τῆς
3427 3170 3691 3240 ἀληθείας
3740 3176 3800 3226 τὸ

543 3264 787 3316 omnium
820 3261 1088 3328 iacturam
1115 3259 1303 3314 saunis
1359 3274 1708 3328 prosequere,
1742 3271 1796 3313 et
1831 3259 1897 3312 ad
1929 3276 2120 3329 quam-

2222 3249 2649 3315 δυσπαθὲς’καὶ
2707 3233 3059 3327 δυσήμερδνί
3117 3233 3215 3329 τὴν
3279 3260 3388 3312 τῶν
3441 3233 3799 3333 ὑπαρχόντων

549 3355 678 3408 libet
705 3353 1086 3422 perferendam
1121 3351 1425 3406 molestiam
1478 3351 1845 3416 alacritatem,
1879 3351 2119 3420 pericula

548 3449 831 3516 ipsamque
900 3455 1127 3498 mortem
1195 3443 1461 3498 tolerandi
1523 3442 1770 3496 fiduciam
1851 3442 2118 3511 vitupera.

547 3537 755 3591 Idcirco
775 3536 881 3608 tibi
905 3535 1112 3587 vitandi
1132 3535 1389 3588 videntur
1418 3532 1616 3597 sancti,
1647 3531 1909 3585 amabiles
1938 3541 2116 3584 autem

548 3637 964 3698 persecutores;
1001 3626 1127 3692 quia
1150 3625 1223 3678 illi
1253 3623 1472 3696 quidem
1507 3624 1932 3689 succubuerunt,
1962 3621 2122 3675 nihil-

547 3736 653 3790 que
688 3735 865 3774 rerum
914 3719 1260 3787 praesentium
1298 3717 1488 3772 lucrati
1537 3725 1694 3783 sunt;
1722 3724 1778 3768 at
1810 3715 1865 3769 hi
1900 3729 2119 3785 posses-

547 3814 700 3867 sione
730 3812 913 3882 gloriae
941 3827 1043 3864 non
1071 3812 1410 3865 exciderunt.
1439 3807 1657 3880 Ignoras
1687 3809 1832 3862 eniut
1869 3808 1972 3863 alia
1997 3822 2122 3862 esse

549 3914 862 3958 sanctorum
900 3914 1049 3957 recte
1085 3903 1350 3964 facinora,
1395 3917 1520 3955 vera
1571 3900 1675 3955 lide
1708 3915 1911 3970 Speque
1959 3909 2123 3965 prout

550 3997 649 4063 ipsi
698 3995 945 4064 judicant
1010 3995 1191 4063 digna,
1250 3985 1641 4061 sempiternam
1699 4005 1828 4045 vere
1891 3989 2131 4059 gloriam

549 4085 1003 4154 splendoremque
1053 4095 1372 4153 perpetuum
1407 4082 1810 4151 comparantia.
1843 4081 1912 4135 At
1940 4095 2125 4149 perse-

549 4187 795 4230 cutorum
826 4192 988 4246 prava
1049 4187 1175 4230 sunt
1204 4191 1368 4244 opera
1401 4185 1456 4230 et
1499 4173 1754 4237 scelesta,
1789 4181 1844 4226 et
1885 4172 2122 4240 ipsorum

550 4269 815 4322 atheismo
856 4269 1014 4335 digna
1077 4285 1090 4321 :
1145 4282 1265 4336 quae
1305 4281 1431 4320 cum
1483 4264 1798 4318 earumdem
1860 4266 2125 4318 memoria

547 4359 735 4412 statim
780 4359 1223 4426 exstinguuntur,
1286 4355 1451 4408 veluti
1483 4353 1664 4408 fumus
1699 4369 1729 4406 a
1777 4353 1996 4407 turbine
2027 4368 2122 4406 ce-

549 4449 772 4503 lerrime
808 4447 1170 4516 dispergitur;
1197 4460 1508 4514 quanquam
1551 4458 1612 4498 ea
1651 4443 1746 4499 tibi
1787 4444 1839 4498 in
1880 4445 2120 4498 admira-

2222 3338 2480 3392 ἁπάντων
2530 3343 2810 3414 ἀποὸολὴν
2857 3344 3168 3410 ἐπιτώθαζε
3191 3385 3206 3411 ,
3237 3347 3331 3399 καὶ
3369 3346 3432 3399 τὸ
3466 3348 3606 3418 πρὸς
3650 3350 3799 3403 ἅπαν

2221 3429 2394 3501 δεινὸν
2437 3432 2735 3502 αὐτόμολον
2763 3472 2778 3498 ,
2813 3433 2915 3502 τὴν
2946 3437 3087 3490 κατά
3124 3437 3232 3488 τῶν
3277 3438 3541 3492 κινδύνων
3571 3441 3666 3494 καὶ
3702 3440 3797 3494 τοῦ

2223 3521 2458 3576 θανάτου
2488 3524 2654 3579 αὑτοῦ
2679 3525 2886 3596 τόλμαν
2914 3526 3142 3591 ὀνείδιζε
3165 3545 3179 3560 ο
3215 3528 3304 3582 διά
3345 3529 3504 3584 τοῦτό
3541 3548 3622 3584 σοι
3668 3549 3800 3600 φευ-

2220 3618 2341 3670 κτοὶ
2387 3619 2438 3670 οί
2477 3618 2625 3687 ἅγιοι
2649 3659 2663 3684 ,
2697 3621 2954 3673 ἐπευκτοὶ
2980 3621 3037 3675 δέ
3066 3622 3114 3674 οί
3145 3621 3436 3688 διώκοντες
3461 3665 3476 3691 ,
3507 3625 3587 3678 ὅτι
3610 3627 3659 3678 οἱ
3697 3627 3798 3696 μὲν

2222 3712 2564 3783 ἡττήθησαν,
2592 3715 2688 3766 καὶ
2722 3713 2877 3767 οὐδέν
2907 3731 2958 3768 τι
2997 3715 3108 3768 τῶν
3139 3715 3427 3786 παρόντων
3476 3717 3795 3771 ἀττιῖυναντο⁹

2225 3805 2275 3856 οἱ
2346 3803 2403 3858 δὲ
2460 3804 2562 3874 τῆς
2625 3805 3044 3877 ἐνυπαρχούσης
3120 3807 3279 3878 δόξης
3328 3808 3390 3862 οὐ
3445 3808 3745 3881 διήμαρτον
3780 3828 3795 3843 ο

2225 3898 2442 3965 ἀγνοεῖς
2488 3898 2596 3968 γὰρ
2626 3899 2708 3952 ὅτι
2735 3898 2904 3969 ἐτερα
2937 3901 3037 3969 μὲν
3067 3899 3177 3953 τῶν
3202 3899 3377 3968 ἀγίων
3410 3900 3479 3954 τά
3516 3903 3798 3972 κατορθώ-

2226 4005 2372 4058 ματα
2391 4029 2404 4053 ,
2439 3989 2539 4058 τῆς
2566 3988 2736 4053 ὄντως
2764 3991 3000 4054 πίστεως
3043 3992 3134 4044 καὶ
3178 3991 3278 4060 τῆς
3306 3991 3518 4055 ἐλπίδος
3547 3993 3646 4062 τῆς
3678 3994 3800 4046 κατ’

2223 4079 2420 4142 αὐτοὺς
2446 4080 2570 4144 ἄξια
2591 4121 2608 4146 ,
2649 4081 2821 4135 ἀΐδιον
2853 4081 2929 4145 ὡς
2953 4082 3177 4152 ἀληθῶς
3208 4084 3308 4153 τὴν
3348 4083 3510 4149 δόξαν
3562 4085 3656 4138 καὶ
3699 4086 3803 4156 τὴν

2222 4171 2587 4242 λαμπρότητα
2653 4176 2970 4245 κεκτημένα
3030 4176 3126 4228 καὶ
3187 4175 3639 4241 διαιωνίζουσαν·
3695 4180 3804 4234 τῶν

2221 4263 2525 4317 διωκόντων
2565 4264 2623 4316 δὲ
2659 4265 2841 4333 φαῦλα
2870 4266 2938 4320 τὰ
2965 4265 3105 4336 ἔργα
3159 4269 3254 4320 καὶ
3293 4270 3484 4323 ἀνόσια
3512 4311 3527 4335 ,
3563 4274 3660 4324 καὶ
3702 4273 3805 4342 τῆς

2199 4354 2444 4435 ἐκείνων
2475 4355 2762 4426 ἀθεότητος
2801 4356 2937 4410 ίδιαο
2967 4357 3003 4411 ἀ
3044 4358 3184 4428 μετά
3214 4359 3314 4428 τῆς
3348 4363 3570 4432 μνήμης
3621 4363 3804 4418 αὐτῶν

2223 4446 2384 4510 εὐθὺς
2429 4448 2680 4518 ἀπέσϐη,
2727 4448 2916 4521 ὥσπερ
2978 4451 3184 4514 καπνὸς
3247 4453 3351 4506 ὑπὸ
3391 4453 3656 4519 λαίλαπος
3705 4456 3804 4510 τά-

547 4541 696 4595 tione
746 4552 896 4604 sunt,
944 4539 1032 4606 qui
1067 4538 1430 4607 praesentinus
1479 4542 1687 4589 tantum
1735 4550 1795 4590 es
1850 4537 2118 4600 addictus,

2231 4557 2394 4609 χιστα
2437 4540 2880 4610 σκεδαννύμενα,
2922 4544 3020 4595 καὶ
3069 4544 3151 4596 σοί
3181 4560 3245 4611 γε
3297 4545 3640 4616 θαυμάζεται
3688 4550 3804 4612 τοῖς

550 4632 862 4698 nullamque
897 4629 1260 4696 repositorum
1314 4627 1492 4699 dignis
1554 4627 1817 4682 bonorum
1851 4627 1902 4681 in
1940 4625 2124 4680 futuro

538 4736 833 4789 mvospem
862 4723 1032 4778 foves.

613 4927 706 4980 '77.
753 4926 903 4982 Risui
937 4925 1030 4980 tibi
1059 4936 1180 4981 esto
1203 4935 1518 4982 sanctorum
1539 4935 1595 4982 et
1619 4936 1928 4982 aseetarum
1963 4927 2115 4980 viro-

545 5034 667 5072 rum
700 5018 834 5080 vita,
857 5017 950 5086 qui
1005 5019 1058 5071 in
1099 5033 1327 5086 corpore
1361 5019 1636 5089 angelicas
1687 5028 1744 5073 et
1802 5017 1920 5072 sine
1951 5031 2118 5070 carne

542 5123 727 5163 mores
772 5109 1172 5164 demonstrant.
1209 5109 1438 5165 Maledie
1479 5109 1849 5170 continentiae,
1893 5107 2116 5160 humili-

541 5201 670 5266 tati,
702 5203 1128 5266 mansuetudini,
1155 5202 1396 5268 silentio,
1444 5201 1738 5270 patientiae,
1763 5200 2117 5262 chameuniae,

543 5291 877 5359 paupertati,
909 5290 1212 5354 solitudini,
1262 5292 1445 5345 tnundi
1483 5291 1992 5358 mundauarumque
2027 5303 2114 5343 re-

542 5397 662 5434 rum
699 5382 857 5451 fugae.
891 5392 946 5438 et
978 5383 1101 5438 aliis
1131 5382 1330 5452 quibus
1368 5383 1507 5438 Deus
1551 5381 1859 5436 delectatur
1898 5389 1952 5434 et
1983 5394 2118 5449 gau-

609 5578 772 5643 (m-n)
791 5577 1118 5647 Copronymi
1148 5576 1430 5629 avaritiam
1448 5575 1884 5648 etsubditorum
1909 5576 2112 5648 spolia-

537 5647 717 5700 tiones
750 5645 1025 5700 memorat
1045 5648 1325 5701 tledreuus
1358 5661 1408 5713 p.
1435 5645 1564 5699 462.

613 5717 687 5785 (ο)
743 5717 977 5772 (ἶωειιτίε
1031 5717 1189 5784 hujus
1231 5718 1560 5783 impietatem
1598 5729 1661 5769 ac
1703 5730 1867 5784 prope
1899 5716 2102 5771 atlteis-

541 5802 685 5838 tnmn
726 5802 829 5841 non
854 5796 1144 5855 exaggerat
1182 5790 1270 5840 hic
1309 5787 1666 5855 Niccpltorus,
1701 5790 1794 5841 sed
1829 5802 1952 5843 cum
1984 5788 2106 5842 aliis

2233 4631 2473 4702 παροῦσι
2537 4632 2698 4701 μόνον
2740 4633 3192 4706 προσηλωμένῳ,
3242 4637 3337 4692 καὶ
3382 4639 3638 4708 οὐδαμῶς
3697 4640 3804 4692 τῶν

2224 4722 2608 4792 ἀποκειμένων
2653 4724 2711 4775 ἐν
2734 4725 2810 4794 τῷ
2848 4725 3096 4795 μέλλοντι
3129 4731 3244 4791 τοῖς
3276 4727 3449 4793 ἀξίοις
3491 4731 3716 4799 ἀγαθῶν
3743 4732 3803 4784 ἐν

2222 4812 2436 4865 ἐλπίσιν
2463 4813 2784 4884 ὑπάρχοντι.

2290 4925 2384 4989 οζ’.
2431 4927 2607 4989 Γέλως
2645 4944 2729 4980 σοι
2755 4930 3070 4999 προκείσθω
3096 4933 3207 4986 τῶν
3230 4936 3394 4988 ὁσίων
3424 4936 3520 4988 καὶ
3543 4937 3800 5006 ἀσκητῶν

2220 5017 2430 5090 ἀνδρῶν
2454 5019 2482 5071 ὁ
2502 5018 2614 5088 βίος
2631 5020 2729 5088 (ρ),
2745 5017 2824 5083 οἷς
2839 5024 2895 5074 ὲν
2913 5021 3126 5092 σώματι
3139 5025 3202 5077 τὸ
3217 5027 3508 5094 ἀγγελικδν
3529 5029 3623 5081 καὶ
3636 5030 3803 5099 ἀσαρ-

2221 5125 2317 5161 κον
2330 5107 2720 5163 ἐπιδείκνυται·
2740 5111 2962 5183 διάσυρε
2978 5114 3080 5184 τὴν
3104 5116 3455 5188 ἐγκράτειαν,
3483 5117 3581 5189 τὴν
3604 5135 3797 5171 ταπει-

2223 5199 2584 5270 νοφροσύνην,
2602 5201 2663 5254 τὸ
2678 5204 2875 5273 πρᾶον,
2897 5205 3194 5276 τὸῆσυχον,
3219 5207 3280 5260 τὸ
3307 5209 3550 5278 μακρόθυ
3560 5226 3681 5280 μον,
3701 5209 3801 5278 τὴν

2222 5292 2549 5362 χαμευνίαν,
2579 5293 2681 5353 τὴν
2711 5295 2980 5365 ἀκτησίαν
3001 5337 3016 5362 ,
3048 5298 3147 5367 τὴν
3177 5299 3417 5369 ἐρημίαν
3443 5339 3456 5362 ,
3496 5300 3558 5354 τὸ
3588 5300 3796 5370 κόσμου

2223 5381 2318 5433 καὶ
2345 5379 2454 5433 τῶν
2499 5382 2558 5432 ἐν
2599 5381 2788 5452 κόσμῳ
2821 5384 3187 5454 χωρίζεσθαι,
3219 5388 3314 5440 καὶ
3351 5386 3522 5442 τᾶλλα
3555 5382 3638 5449 οἷς
3665 5386 3796 5450 Θεὸς

2223 5575 2502 5631 historicis
2529 5591 2658 5631 vere
2689 5576 2938 5634 afﬁrmat.

2289 5647 2365 5728 .(p)
2443 5646 3116 5730 SingulareJCopronymi
3169 5652 3432 5730 adversus
3502 5657 3794 5730 monachos

2213 5717 2402 5841 ρειὶριιι
2425 5727 2478 5797 et
2515 5717 2948 5784 persecutionem
3005 5717 3235 5776 narrant
3266 5725 3466 5792 passim
3511 5724 3793 5795 Byzantini

2233 5802 2296 5842 ns
2325 5801 2478 5841 OI‘ICI.
