4072 6324
514 412 618 480 519

1537 417 1596 476 S.
1639 417 2056 477 NICEPHORI
2096 417 2602 477 PATRIARCI-LE
2642 417 2751 476 CP.

3660 422 3771 486 520

514 528 598 579 cia
651 523 862 578 illorum
900 533 954 578 et
987 522 1318 577 imitationes
1383 520 1610 573 omnino
1675 521 2085 586 exterminavit,

2194 537 2249 572 τε
2289 515 2355 574 αὗ
2391 521 2487 573 καὶ
2538 521 2764 590 τεμένη,
2801 521 2858 572 ἐν
2893 513 2974 583 οἷς
3009 521 3116 572 τῶν
3159 521 3430 593 βδελυρῶν
3471 523 3766 595 δαιμονίων

519 613 722 680 Deique
755 614 1016 666 roborans
1035 613 1458 675 confessionem,
1485 626 1643 664 sacra
1676 610 1875 679 templa
1902 621 2088 665 nostra

513 705 760 759 condidit
839 715 893 757 et
952 705 1209 768 ornavit,
1255 703 1640 757 liberalitatem
1694 702 1986 771 plurimam
2037 712 2093 757 et

515 793 1017 863 magnanimitatem
1051 807 1177 861 erga
1232 805 1296 845 ea
1377 805 1723 858 expromens,
1753 788 2088 842 libertatem-

513 901 620 956 que
642 896 697 937 et
720 884 971 938 ﬁduciam
1002 882 1333 937 Christianis
1372 881 1602 951 largitus
1627 889 1731 934 est.
1757 878 1899 945 Quin
1925 880 2089 933 etiam

517 979 569 1032 in
604 978 876 1046 religiosis
924 994 954 1031 a
993 991 1052 1031 se
1088 975 1336 1030 funditus
1368 975 1660 1029 aediﬁcatis
1706 974 1814 1028 Deo
1877 974 2092 1041 templis

513 1087 664 1126 sacra
685 1070 926 1140 symbola
953 1086 1159 1139 magnae
1187 1069 1276 1122 Dei
1302 1069 1640 1132 ceconomiaa,
1662 1067 2018 1138 prodigiaque
2035 1075 2091 1121 et

497 1161 694 1213 «livida
730 1162 884 1230 signa
920 1170 976 1214 et
1027 1159 1231 1214 Christi
1275 1169 1702 1226 sanctorumque
1739 1157 1854 1226 ejus
1881 1157 2088 1226 passio-

512 1267 608 1307 nes
636 1256 915 1322 perspicue
947 1252 1270 1320 magnisque
1301 1253 1566 1318 impensis
1598 1250 1969 1320 depingendas
1994 1265 2091 1304 cu-

512 1345 672 1403 ravit,
707 1346 866 1412 idque
896 1345 1058 1400 etiam
1092 1345 1142 1395 in
1184 1342 1362 1396 sacris
1391 1341 1536 1395 vasis
1574 1341 1816 1410 alibique
1855 1342 2091 1395 honora-

512 1436 696 1490 biliter
725 1435 924 1490 eﬁecit.
957 1435 1133 1502 Atque
1168 1435 1295 1488 hinc
1322 1435 1496 1488 sacris
1520 1434 1730 1487 :edihus
1759 1443 2010 1487 ornatum
2037 1442 2092 1486 et

513 1528 980 1595 pulchritudinem
1036 1525 1373 1586 conciliavit,
1411 1525 1578 1577 divini
1633 1522 1795 1577 simul
1844 1523 2088 1592 mysterii

513 1620 791 1688 explicans
821 1620 1235 1686 edisserensque
1267 1618 1396 1681 vim,
1432 1625 1486 1672 et
1531 1625 1865 1685 spectatores
1900 1615 1967 1670 ad
2000 1631 2090 1669 re—

516 1711 733 1780 ligionis
779 1713 1099 1767 memoriam
1145 1712 1413 1772 excitans,
1457 1724 1522 1763 eo
1573 1709 1732 1778 plane
1772 1708 1932 1762 modo
1984 1721 2091 1775 quo

516 1812 805 1856 narrantur
831 1805 899 1858 ab
950 1803 1279 1871 Evangeliis,
1307 1816 1426 1871 quae
1462 1810 1590 1854 sunt
1653 1799 1846 1853 harum
1905 1813 2089 1853 rermn

2191 610 2500 664 ἑπετελείτο
2527 612 2560 680 ἡ
2585 610 2873 681 θεραπεία,
2911 612 2974 663 ἐκ
3005 610 3224 682 βάθρων
3254 610 3437 665 αὐτῶν
3469 629 3773 686 καταστρε-

2191 700 2454 770 ψάμενος,
2493 701 2690 764 Θυσίας
2716 719 2774 754 τε
2817 702 2996 755 αὐτῶν
3044 703 3142 755 καὶ
3179 702 3405 766 τελετὰς
3438 705 3671 775 πάμπαν
3709 709 3774 760 ὲκ

2197 792 2376 845 ποδῶν
2426 793 2823 863 ἐργαζόμενος,
2871 793 2972 856 τὰς
3015 793 3073 846 δὲ
3121 794 3260 864 πρὸς
3300 795 3433 848 Θεὸν
3485 798 3774 868 κρατύνων

2191 883 2509 952 ὁμολογίας,
2543 885 2673 948 τοὺς
2704 883 2826 937 καθ’
2851 885 3003 954 ἡμᾶς
3043 887 3225 956 ίερούς
3253 888 3414 950 ναοὺς
3435 889 3774 961 ἀνεστήσατο

2191 975 2288 1026 καὶ
2323 975 2618 1045 ὲφαίδρυνε
2642 1015 2656 1040 ,
2691 976 3028 1046 φιλοτιμίαις
3059 978 3134 1041 ὼς
3165 977 3450 1044 πλείσταις
3475 983 3570 1033 καὶ
3601 998 3772 1050 μεγα-

2191 1062 2476 1132 λοψυχίαις
2505 1065 2585 1128 είς
2619 1065 2817 1125 αὐτοὺς
2840 1067 2922 1118 ὅτι
2955 1066 3189 1135 μάλιστα
3210 1067 3516 1137 χρώμενος,
3548 1070 3642 1122 καὶ
3670 1072 3772 1140 τήν

2190 1173 2249 1209 τε
2277 1155 2594 1226 ἐλευθερίαν
2615 1157 2710 1210 καὶ
2735 1158 3044 1228 παρρησίαν
3071 1160 3419 1227 Χριστιανοῖς
3443 1160 3768 1231 ἐχαρίσατο·

2191 1249 2252 1300 οὐ
2301 1248 2408 1318 μὴν
2438 1247 2494 1300 δὲ
2525 1248 2661 1303 ἀλλά
2691 1249 2786 1300 καὶ
2838 1249 2982 1301 κατὰ
3010 1250 3138 1312 τοὺς
3187 1250 3522 1319 σεϐασμίους
3561 1251 3767 1317 οἴκους,

2191 1337 2283 1402 οὓς
2338 1338 2501 1402 αὐτὸς
2536 1336 2612 1407 τῷ
2656 1337 2774 1406 Θεῷ
2819 1338 2882 1390 ἐκ
2930 1336 3198 1406 θεμελίων
3246 1337 3474 1406 ἀνίστη·
3523 1337 3592 1390 τὰ
3650 1339 3771 1409 ίερὰ

2195 1429 2443 1499 σύμϐολα
2491 1429 2592 1498 τῆς
2635 1429 2881 1499 μεγάλης
2919 1429 3009 1482 τοῦ
3045 1428 3180 1482 Θεοῦ
3228 1429 3580 1500 οίκονομίας,
3632 1430 3770 1483 θαύ-

2195 1521 2344 1591 ματά
2365 1538 2425 1574 τε
2477 1522 2571 1574 καὶ
2601 1521 2904 1590 θεοσημίας
2937 1521 3033 1573 καὶ
3063 1520 3399 1591 παθήματα,
3432 1521 3573 1592 πρὸς
3608 1521 3668 1574 δέ
3702 1537 3769 1588 γε

2193 1613 2289 1666 καὶ
2317 1613 2383 1666 τὰ
2407 1615 2516 1666 τῶν
2544 1613 2714 1680 ἁγίων
2738 1613 2928 1675 αὐτοῦ,
2960 1612 3146 1678 σαφῶς
3173 1615 3267 1666 καὶ
3293 1613 3600 1676 πολυτελῶς
3625 1613 3770 1677 ἐξει-

2193 1703 2423 1768 κονίζων
2470 1704 2785 1774 διέγραφεν,
2835 1705 2892 1757 ἐν
2936 1721 2996 1756 τε
3043 1706 3155 1766 τοῖς
3197 1707 3364 1773 ίεροίς
3411 1703 3631 1757 σκεύεσι
3675 1706 3770 1758 καὶ

2194 1793 2420 1863 ἑτέρωθι
2454 1795 2707 1864 πράττων
2738 1793 3056 1864 τετίμηκεν,
3091 1793 3345 1848 ἐντεῦθέν
3375 1812 3435 1848 τε
3478 1797 3644 1850 οίκων
3677 1797 3769 1850 τὸν

522 1896 837 1950 testimonia
883 1895 1208 1949 indelebilia.
1258 1894 1376 1963 Ipsa
1423 1894 1606 1962 itaque
1649 1891 1844 1960 templa
1896 1904 2088 1960 magna

2195 1883 2583 1954 καλλωπισμὸν
2614 1885 2710 1938 καὶ
2735 1885 2833 1955 τὴν
2860 1885 3178 1956 ὡραιότητα
3201 1885 3594 1956 ἐργαζόμενος,
3629 1887 3768 1958 ὁμοῦ

515 1989 890 2055 immensaque
930 2001 1063 2041 voce
1111 1985 1492 2040 ortliodoxiam
1535 1984 1653 2053 ejus
1677 1983 1916 2038 clamant
1947 1981 2086 2054 (94).

517 2074 705 2142 Neque
752 2090 942 2138 secus,
993 2075 1087 2143 qui
1137 2081 1532 2128 conservantur
1611 2073 1788 2127 adlmc
1834 2087 2088 2127 cusorum

518 2167 674 2238 143
709 2169 774 2218 ab
809 2181 873 2221 eo
929 2167 1320 2219 nuinisinatum
1359 2165 1468 2235 typi
1512 2165 1650 2235 (95).
1675 2161 1813 2217 Hinc
1852 2179 1938 2218 res
1968 2163 2088 2216 feli-

515 2269 650 2312 citer
702 2269 884 2326 gestas
933 2271 1244 2325 cognosce,
1310 2257 1612 2325 qualesque
1655 2265 1711 2310 et
1759 2265 1994 2324 quantas
2025 2253 2090 2308 de

515 2352 788 2404 extraneis
821 2349 1078 2403 victorias
1113 2349 1382 2414 retulerit,
1414 2358 1470 2402 et
1505 2348 1775 2419 quomodo
1803 2347 1874 2402 illi
1919 2348 2091 2415 impe-

517 2442 655 2492 rium
686 2440 1011 2507 excreverit,
1043 2450 1097 2493 et
1143 2440 1251 2492 vita
1290 2454 1545 2508 prospera
1597 2437 1780 2503 fuerit,
1826 2447 1881 2492 et
1914 2437 2091 2493 aetatis

517 2535 745 2598 spatium
782 2541 1042 2598 quantum
1092 2531 1341 2585 humana:
1393 2533 1518 2584 vitae
1551 2531 1761 2585 abunde
1810 2529 2088 2596 convenit,

518 2623 834 2690 expleverit.
856 2621 995 2686 Quid
1024 2637 1159 2690 Opus
1181 2631 1265 2676 est
1285 2624 1467 2677 dicere
1483 2637 1643 2690 quam
1674 2621 1906 2676 illustris
1929 2630 2092 2689 atque

519 2714 789 2783 gloriosus
831 2715 1006 2782 quoad
1057 2714 1192 2766 vixit
1242 2715 1561 2767 exstiterit?
1594 2714 1746 2778 Quod
1779 2713 1823 2768 si
1851 2713 2090 2768 aediﬁca-

521 2805 725 2856 tionum
756 2817 919 2870 opera
943 2801 1199 2856 admirari
1227 2803 1322 2856 tibi
1350 2802 1546 2870 placet,
1583 2816 1746 2856 cerne
1771 2802 1822 2856 in
1856 2803 2090 2857 transitu

521 2894 840 2965 Byzantium
901 2895 952 2948 in
992 2903 1251 2962 quantam
1310 2893 1536 2962 gloriam
1585 2907 1948 2963 ornatumque
1993 2909 2091 2950 ex-

523 2986 744 3049 tulerit,
779 2979 1076 3055 tantopere
1114 2999 1338 3054 augens,
1386 2985 1630 3054 pulchris
1682 2985 1954 3040 nitentibus
2001 3001 2090 3040 se-

521 3083 754 3150 ptisque,
794 3089 953 3148 prout
997 3079 1248 3132 idoneum
1276 3087 1396 3133 erat
1432 3079 1760 3148 recipiendae
1792 3080 1952 3149 regia:
1978 3079 2090 3134 Ro-

521 3185 804 3224 manorum
875 3167 1116 3222 stationi.
1189 3167 1300 3221 Cur
1359 3183 1669 3223 enumerem
1735 3170 2084 3224 aediﬁciorum

523 3258 922 3312 multitudinem
971 3271 1034 3311 ac
1080 3257 1530 3326 magnitudinem,
1565 3257 1762 3325 quibus
1812 3271 1878 3311 ex
1909 3259 2087 3313 omni—

523 3349 624 3404 bus
659 3363 927 3402 summam
967 3357 1051 3400 est
1085 3347 1314 3416 gloriam
1345 3348 1593 3416 adeptus,
1629 3363 1749 3416 qua:
1807 3361 1981 3416 neque
2013 3349 2095 3402 vi—

524 3439 773 3494 sentibus
809 3437 967 3490 facile
993 3448 1078 3491 est
1124 3435 1606 3507 comprehendere,
1639 3451 1814 3506 neque
1853 3438 2088 3492 scriben-

529 3529 670 3581 tibus
721 3527 983 3595 possibile
1030 3537 1118 3580 est
1171 3542 1465 3596 exponere.
1513 3525 1683 3596 Perge
1711 3540 1895 3594 porro,
1938 3536 1993 3580 et
2030 3526 2096 3580 ad

525 3619 780 3687 sequiora
830 3627 1072 3686 tempora
1112 3617 1370 3684 veniens,
1404 3617 1554 3672 disce
1605 3632 1727 3686 quae
1779 3626 1900 3686 post
1947 3617 2096 3672 illum

529 3725 683 3781 reges
747 3710 1071 3764 rectitudine
1138 3711 1446 3778 doginatum
1519 3709 1727 3777 praediti
1791 3708 2094 3763 eﬁecerint.

528 3802 722 3871 Specta
759 3803 912 3867 mihi,
969 3803 1014 3854 si
1069 3801 1172 3868 vis,
1226 3799 1612 3865 Theodosium,
1661 3809 1719 3853 ut
1747 3800 1814 3854 de
1852 3799 2097 3855 aediﬁciis

528 3909 836 3948 sermonem
866 3894 1200 3956 continuem,
1238 3902 1496 3960 quantum
1545 3891 1794 3945 eamdem
1831 3892 2099 3946 Constan-

529 3988 626 4040 tini
663 3987 850 4039 urbem
887 3984 1228 4054 ainpliaverit
1253 3999 1315 4037 ac
1339 3982 1789 4052 magniﬁcaverit,
1823 3992 1876 4036 et
1911 3983 2097 4053 qualia

531 4073 751 4142 templa,
789 4082 972 4141 utpote
996 4073 1241 4126 eamdem
1265 4085 1330 4125 ac
1361 4070 1594 4138 majores
1631 4073 1713 4126 sui
1749 4073 2091 4128 orthodoxiaa

529 4165 791 4218 rationem
827 4163 1087 4225 retinens,
1118 4162 1397 4217 struxerit.
1443 4159 1651 4229 Repnta
1685 4175 1949 4215 annorum
1996 4179 2098 4216 nu-

527 4269 759 4318 merum,
814 4255 904 4324 qui
969 4253 1063 4306 tibi
1124 4253 1360 4306 maxime
1409 4253 1556 4305 cordi
1597 4260 1677 4305 est
1714 4260 1768 4305 et
1816 4254 2093 4321 optabilis,

527 4347 679 4418 regni
713 4347 830 4416 ejus
855 4345 1248 4416 prolixitatem,
1276 4355 1326 4397 tu
1354 4345 1443 4413 qui
1471 4345 1881 4399 diuturnitatem
1913 4346 1966 4399 in
1992 4347 2095 4402 hoc

529 4439 727 4492 mundo
749 4448 995 4507 exoptas,
1022 4445 1076 4489 et
1101 4433 1274 4489 ﬂuxas
1299 4450 1386 4489 res
1425 4433 1816 4489 absurdissime
1852 4436 2093 4490 adamas.

2193 1976 2284 2028 καὶ
2316 1974 2414 2045 τὴν
2453 1975 2546 2028 τοῦ
2584 1975 2730 2028 θείου
2767 1976 3074 2046 μυστηρίου
3125 1975 3376 2041 ἑξαπλῶν
3419 1979 3515 2032 καὶ
3543 1979 3770 2050 διατρα-

2194 2065 2300 2117 νῶν
2343 2066 2575 2135 δύναμιν
2599 2106 2613 2130 ,
2646 2066 2740 2120 καὶ
2788 2067 2916 2130 τοὺς
2953 2067 3264 2137 θεωμένους
3312 2068 3450 2142 πρὸς
3487 2068 3771 2133 εὐσεϐείας

2192 2157 2406 2224 ἐνάγων
2444 2156 2793 2226 ὑπόμνησιν*
2826 2157 3080 2228 καθάπερ
3116 2157 3452 2228 ὑπαγορεύει
3476 2158 3546 2212 τὰ
3593 2159 3773 2227 Εὐαγ-

2191 2246 2372 2315 γέλια,
2401 2247 2494 2300 καὶ
2529 2248 2805 2318 μάρτυρες
2841 2247 3046 2302 τούτων
3088 2249 3525 2320 ἀπαράγραπτοι
3557 2291 3572 2316 ,
3613 2252 3768 2304 αὐτοί

2189 2355 2247 2391 τε
2275 2341 2325 2392 οἱ
2351 2341 2470 2392 ναοὶ
2498 2341 2639 2409 μέγα
2671 2342 2765 2394 καὶ
2801 2341 3128 2412 διαπρύσιον
3151 2343 3253 2412 τὴν
3279 2342 3493 2408 ἐκείνου
3525 2343 3770 2412 βοῶντες

2189 2431 2502 2502 όρθοδοξίαν
2527 2473 2542 2499 ,
2582 2433 2737 2487 οὐδὲν
2770 2434 2828 2488 δὲ
2867 2429 3031 2506 ἦττον
3056 2435 3150 2488 καὶ
3201 2437 3369 2488 εἰσέτι
3411 2436 3509 2490 καὶ
3533 2436 3628 2490 νῦν
3655 2437 3772 2492 δια-

2194 2525 2512 2592 σωζόμενοι,
2539 2524 2632 2578 τὸν
2664 2525 2801 2595 πρὸς
2840 2525 3003 2579 αὐτοῦ
3036 2527 3468 2596 κεχαραγμένων
3500 2529 3768 2598 νομισμά-

2191 2633 2298 2670 των
2319 2619 2368 2669 οί
2402 2617 2564 2670 τύποι
2603 2619 2707 2687 (r)°
2755 2616 3006 2670 ἐντεῦθεν
3055 2613 3147 2670 οὖν
3185 2617 3342 2687 δέχου
3386 2619 3456 2672 τὰ
3486 2617 3770 2689 κατορθώ-

2197 2726 2343 2778 ματα
2375 2704 2464 2764 οἶα
2499 2711 2598 2763 καὶ⁵
2629 2711 2760 2774 ὅσας
2781 2709 2932 2763 κατὰ
2973 2710 3174 2772 παντὸς
3213 2709 3422 2762 όθνείου
3467 2709 3772 2782 ἀνεδήσατο

2194 2802 2349 2864 νίκας
2370 2818 2383 2833 ο
2420 2802 2568 2865 ὅπως
2597 2819 2658 2854 τε
2685 2802 2836 2872 αὐτῷ
2860 2802 2929 2855 τὰ
2957 2804 3057 2872 τῆς
3086 2803 3260 2874 ἀρχῆς
3291 2802 3644 2872 ἑπευρύνετο,
3672 2803 3771 2857 καὶ

2191 2895 2262 2947 τὰ
2291 2897 2391 2966 τῆς
2421 2894 2565 2963 ζωῆς
2593 2890 2650 2947 εὖ
2683 2894 2832 2963 ἔσχε,
2871 2895 2964 2948 καὶ
3004 2897 3033 2947 ό
3062 2895 3253 2964 χρόνος
3283 2896 3408 2948 ὅσον
3439 2898 3522 2958 είς
3557 2895 3771 2968 ἀνθρω-

2195 2982 2360 3052 πίνης
2403 2981 2549 3052 ζωῆς
2587 2983 2784 3053 μέτρον
2823 2982 3191 3047 ἱκανώτατοςο
3225 2984 3319 3036 καὶ
3352 2983 3406 3036 τί
3439 2985 3545 3056 χρὴ
3587 2985 3772 3055 λέγειν

2195 3067 2306 3136 οἷος
2334 3073 2584 3144 λαμπρὸς
2619 3075 2712 3126 καὶ
2743 3074 3104 3144 περίϐλεπτος
3132 3076 3191 3126 ὲν
3226 3074 3304 3144 τῷ
3340 3074 3442 3146 βίῳ
3466 3077 3773 3148 ἐχρημάτι-

2199 3182 2325 3232 σεν;
2371 3167 2432 3218 Εί
2474 3166 2530 3218 δὲ
2576 3166 2806 3219 κτίσεων
2847 3165 2984 3236 ἔργα
3015 3165 3318 3237 θαυμάζειν
3367 3184 3450 3220 σοι
3482 3168 3770 3240 πάρεστιν,

2197 3257 2300 3328 ὅρα
2343 3256 2631 3328 παρελθὼν
2685 3257 2746 3310 τὸ
2780 3258 3075 3321 Βυζάντιον
3139 3260 3222 3321 είς
3269 3259 3394 3312 ὅσον
3426 3261 3560 3314 αὐτὸ
3595 3262 3770 3332 ἐπῆρε

2203 3349 2362 3418 δόξης
2392 3352 2486 3403 καὶ
2520 3348 2819 3418 εὐκοσμίας
2843 3389 2857 3414 ,
2901 3349 3160 3402 τοσοῦτον
3198 3349 3441 3421 αὐξήσας
3485 3356 3580 3406 καὶ
3641 3353 3774 3406 καλ-

2196 3439 2444 3502 λωπίσας
2487 3440 2693 3509 τείχεσί
2731 3457 2789 3493 τε
2824 3441 2920 3494 καὶ
2949 3441 3291 3509 περιϐόλοις,
3315 3445 3441 3497 ὅσον
3467 3445 3775 3515 ἐπιτήδειον

2197 3527 2451 3592 δέξασθαι
2479 3528 2548 3580 τὰ
2591 3528 2879 3597 Ῥωμαίων
2913 3529 3160 3598 βασίλεια
3182 3547 3196 3560 ο
3228 3532 3282 3583 τί
3317 3532 3402 3586 δεῖ
3427 3533 3769 3604 ἀπαριθμεῖ-

2201 3619 2324 3672 σθαι
2352 3621 2672 3688 κτισμάτων
2706 3621 2912 3691 πλῆθος
2947 3625 3039 3675 καὶ
3066 3623 3321 3693 μέγεθος,
3355 3626 3413 3691 ἐξ
3445 3623 3520 3680 ὧν
3551 3626 3773 3681 πάντων

2199 3709 2610 3779 ὐπερήνεγκεν,
2661 3710 2698 3765 θ.
2743 3713 2880 3781 μήτε
2947 3716 3060 3776 τοῖς
3132 3714 3302 3784 ὁρῶσι
3361 3715 3772 3786 καταλήψεσθαι

2201 3801 2359 3872 ῥᾴδια
2381 3841 2396 3865 ,
2427 3802 2562 3870 μηδὲ
2596 3803 2872 3873 γράφουσι
2901 3804 3125 3857 δυνατὸν
3146 3805 3549 3872 ἀνατάξασθαις
3580 3808 3775 3862 Καίτοι

2197 3893 2304 3964 ὀδῷ
2335 3893 2564 3963 βαδίζων
2597 3895 2690 3947 ἐπὶ
2735 3896 2804 3946 τὰ
2833 3895 3004 3958 κάτω,
3042 3897 3136 3948 καὶ
3170 3896 3406 3966 μάνθανε
3449 3892 3537 3951 οἷα
3576 3898 3627 3951 οἱ
3658 3900 3774 3970 μετ’

2198 3985 2405 4038 ἐκεῖνον
2454 3985 2711 4055 εὐθύτητι
2752 3986 3039 4055 δογμάτων
3073 3987 3452 4058 ἐμπρέψαντες
3496 3989 3774 4060 ἔδρασαν·

2199 4075 2297 4128 θέα
2320 4093 2432 4145 μοι,
2451 4079 2499 4130 εί
2535 4075 2733 4146 βούλει,
2759 4075 2852 4130 τὸν
2887 4077 3187 4144 Θεοδόσιον,
3227 4078 3312 4131 ἵνα
3345 4079 3406 4132 τὺ
3429 4081 3653 4150 συνεχὲς
3677 4080 3775 4135 τοῦ

2197 4167 2357 4235 λόγου
2390 4167 2804 4238 συμφυλαχθείη
2837 4170 2937 4238 τῆς
2978 4169 3212 4232 κτίσεως
3235 4209 3251 4234 ,
3275 4170 3362 4239 ἐφ’
3392 4171 3516 4225 ὅσον
3553 4171 3653 4242 τὴν
3678 4173 3782 4225 αὐο

2196 4261 2297 4332 τὴν
2350 4261 2505 4313 πόλιν
2547 4259 2961 4312 Κωνσταντίνου
3007 4258 3258 4323 ὲξαπλῶν
3309 4261 3406 4314 καὶ
3445 4261 3770 4334 ἀπευρύνων

2197 4352 2470 4423 διάστημα
2493 4353 2820 4423 ὲμεγάλυνε,
2843 4353 2939 4406 καὶ
2960 4348 3047 4406 οἷα
3069 4353 3136 4406 τὰ
3168 4351 3311 4424 ίερὰ,
3329 4354 3474 4422 άπερ
3496 4354 3587 4407 τὸν
3610 4353 3774 4408 αὐτὸν

2198 4449 2313 4510 τοῖς
2382 4445 2719 4518 προλαϐοῦσι
2765 4445 2863 4515 τῆς
2917 4444 3229 4515 όρθοδοξίας
3269 4444 3520 4517 ζηλώσας
3570 4446 3776 4516 τρόπον

524 4530 738 4584 Etenim
772 4531 983 4582 duobus
1039 4542 1202 4595 supra
1254 4525 1614 4595 quadraginta
1645 4526 1804 4581 annis
1842 4527 1906 4581 .in
1943 4528 2090 4599 regio

2195 4537 2477 4606 ἐδείματο·
2509 4535 2725 4604 λογίζου
2769 4534 2859 4587 τὸν
2877 4534 3124 4604 ,ἀριθμὸν
3174 4534 3284 4587 τῶν
3325 4535 3534 4604 χρόνων
3556 4574 3572 4598 ,
3601 4534 3660 4597 ὃς
3689 4550 3774 4586 σοι.

527 4624 721 4674 throno
756 4619 989 4674 refulsit.

2203 4625 2355 4693 φίλος
2386 4625 2482 4678 καὶ
2505 4623 2994 4695 περισπούδαστος,
3029 4624 3129 4691 τῆς
3160 4623 3372 4676 ἐκείνου
3403 4622 3682 4692 βασιλείας
3711 4623 3772 4674 τὸ

527 4713 816 4781 μήκιστον,
864 4705 909 4764 ὧ
947 4711 1228 4781 φιλόχρονε
1253 4712 1318 4765 σύ
1358 4713 1452 4766 καὶ
1491 4711 1818 4784 φιλόκοσμε,
1863 4713 2092 4766 καὶτῶν
2134 4716 2368 4785 ῥεόντων
2392 4717 2532 4788 ὲρῶν
2593 4717 2951 4771 ὲκτοπὼτατα
2975 4733 2988 4746 °
3013 4716 3136 4770 δυσὶ
3199 4715 3307 4787 γὰρ
3339 4716 3477 4787 πρὸς
3505 4717 3618 4779 τοῖς
3644 4730 3770 4768 τεσ-

525 4802 834 4874 σαράκοντα
862 4802 1040 4855 ἐτεσιν
1080 4804 1160 4865 είς
1189 4801 1281 4855 τὸν
1315 4802 1504 4873 θρόνον
1533 4803 1794 4875 διέπρεψε
1821 4803 1911 4858 τὸν
1937 4804 2207 4874 βασίλειον
2237 4807 2326 4876 (3).

595 4940 684 4995 79.
720 4940 824 4994 Sed
848 4955 947 4996 cur
971 4940 1083 5010 jam
1117 4941 1268 4996 haec?
1314 4940 1532 5005 Mirar‘e,
1575 4941 1619 4996 si
1645 4951 1797 4997 certe
1844 4943 2090 4998 melioris

523 5031 959 5087 reidiscretione
1012 5033 1202 5102 polles,
1253 5035 1337 5088 avi
1403 5034 1522 5101 ejus
1572 5032 1864 5090 Theodosii
1915 5033 2092 5104 Magni

519 5138 646 5192 erga
677 5123 840 5176 Deum
872 5123 1072 5192 Deique
1096 5121 1334 5179 famulos
1358 5124 1737 5178 reverentiam.
1765 5124 1916 5191 Quod
1950 5126 2094 5178 enim

521 5216 666 5269 circa
732 5213 1044 5271 Servatoris
1116 5217 1285 5270 nostri
1352 5215 1786 5269 incarnationem
1852 5215 2092 5268 studium

521 5309 788 5379 iidemque
816 5309 1074 5378 habebat,
1111 5320 1222 5364 tum
1257 5324 1427 5366 sacrae
1454 5310 1592 5378 apud
1630 5324 1725 5364 nos
1763 5311 1904 5364 aedes
1932 5310 1999 5364 ab
2024 5326 2088 5364 eo

585 5517 700 5590 (94)
735 5516 808 5590 ρο
832 5514 1172 5590 Constantini
1205 5511 1381 5584 Magni
1411 5509 1586 5566 sacris
1615 5508 1860 5564 aediﬁciis
1914 5511 2091 5568 recole

517 5587 702 5643 adnot'.
739 5587 829 5653 74,
856 5601 886 5653 p
945 5587 1034 5642 66.

588 5660 658 5726 (r)
688 5651 823 5712 l‘uta’
846 5651 1018 5727 Magni
1047 5653 1695 5727 Constantini__nununos
1727 5668 1848 5706 cum
1881 5651 2090 5727 Labaro

517 5721 612 5781 seu
639 5721 853 5796 'Christi
884 5721 1366 5796 monogrammate.
1401 5721 1660 5796 Nummos
1697 5734 1806 5777 toto
1829 5726 1959 5796 orbe
1985 5723 2092 5775 llo-

517 5813 679 5852 tuano
704 5795 952 5863 dill'usos,
1006 5793 1072 5850 iu'
1090 5796 1286 5866 quibus
1328 5808 1554 5865 magnus
1577 5793 1966 5848 Constantinus
1999 5796 2094 5848 lia-

2261 4945 2358 4999 οϐ’.
2401 4945 2468 4997 Τί
2497 4944 2702 5011 ταῦτα;
2753 4943 3024 5015 θαύμαζε,
3061 4945 3115 4997 εί
3144 4960 3225 4996 σοι
3271 4943 3630 4996 πεπίστευται
3662 4941 3770 4993 τῶν

2191 5039 2494 5107 ἀμεινόνων
2527 5039 2560 5107 ἡ
2595 5038 2776 5108 κρίσις
2797 5076 2811 5100 ,
2840 5037 2939 5108 τὴν
2968 5035 3062 5089 τοῦ
3098 5037 3324 5090 πάππου
3351 5034 3541 5088 τούτου
3574 5033 3768 5087 Θεοδο-

2195 5130 2309 5183 σίου
2349 5129 2441 5182 τοῦ
2477 5129 2733 5198 Μεγάλου
2756 5171 2770 5194 ,
2813 5129 2940 5197 περί
2967 5145 3027 5180 τε
3063 5128 3126 5181 τὸ
3163 5129 3316 5181 Θείον
3360 5126 3454 5180 καὶ
3503 5127 3629 5188 τοὺς
3673 5123 3768 5177 τοῦ

2196 5222 2350 5275 Θείού
2386 5221 2725 5290 θεράποντας
2758 5221 3064 5274 εὐλάϐειαν
3109 5221 3176 5291 ἢν
3223 5219 3331 5290 γάρ
3367 5219 3496 5289 περὶ
3526 5219 3626 5288 τὴν
3674 5215 3768 5270 τοῦ

2197 5311 2448 5383 Σωτῆρος
2475 5313 2507 5382 ἠ
2518 5312 2632 5382 μῶν
2659 5311 2991 5381 οἰκονομίαν,
3024 5309 3262 5381 σπουδὴν
3303 5310 3399 5363 καὶ
3431 5308 3614 5361 πίστιν
3645 5305 3771 5359 ὲκέο

2193 5513 2306 5568 bitu
2338 5515 2545 5569 orantis
2592 5515 2713 5569 cudi
2751 5529 2809 5570 se
2844 5514 3118 5582 iusserat,
3172 5523 3440 5570 memorat
3479 5509 3764 5567 Eusebius.

2204 5583 2309 5638 Vit.
2338 5585 2520 5639 Const.
2554 5586 2645 5640 lib.
2680 5601 2752 5646 tv,
2789 5585 2869 5639 l5.

2267 5655 2331 5724 (ε)
2385 5655 2648 5724 Loquitur
2687 5659 2752 5708 de
2787 5653 3094 5724 Theodosio
3153 5653 3383 5724 Mitiore,
3429 5651 3522 5720 qul
3577 5665 3771 5721 reapse

2198 5723 2356 5778 annis
2384 5725 2453 5778 42
2501 5725 2803 5792 imperavit,
2846 5733 2900 5778 et
2926 5723 3452 5793 Constantinopolim
3495 5726 3770 5776 mmuibus

2199 5794 2547 5865 aediﬁciisque
2575 5796 2821 5864 plurimis
2854 5795 3225 5866 ampliﬁcavit.
