4072 6324
340 397 444 464 5ἓ1

1023 398 1646 458 ANTIRBI-IETICUS
1686 399 1776 457 III
1819 399 1984 458 ADV-
2027 393 2625 456 CONSTANTINUM
2661 391 2875 454 COPR.

3489 391 3600 456 δεδι

343 528 538 580 κτητο,
573 509 626 563 οἵ
659 527 714 563 τε
753 508 986 560 Ξντ.ιῦθα
1017 509 1153 576 ἱεροὶ
1195 503 1334 562 οἶκοι
1383 510 1512 579 παρ’
1545 509 1710 561 αὸτοῦ
1739 497 1914 562 κατα-

2022 507 2318 572 :editicataa,
2347 513 2457 558 tum
2485 505 2650 574 etiam
2683 502 2786 556 illae
2817 503 2870 556 in
2895 499 3186 562 Occidente
3208 501 3442 558 fundatae
3477 507 3592 577 (97‘,

343 599 767 661 σκευασθέντες,
803 599 853 650 οἵ
885 614 942 648 τε
970 597 1112 649 κατὰ
1148 598 1244 665 τὴν
1281 597 1574 666 Ἑσπερίαν
1599 598 1663 670 (ι)
1701 599 1920 668 ἱδρυμέ-

344 709 422 744 νοι
460 688 818 760 κηρύσσουσισ
859 687 928 738 τά
957 704 1016 740 τε
1047 687 1190 739 κατὰ
1223 686 1524 756 Βαρϐάρων
1553 687 1628 748 ὡς
1668 687 1914 752 πλεῖστα,

341 779 690 853 δεδωρημένα
721 777 926 831 ἄνωθεν
957 777 1270 846 νικητήρια,
1301 777 1360 829 αἱ
1386 775 1558 846 βίϐλοι
1588 777 1919 846 περιαγγέλο

345 873 545 926 λουσιν·
587 865 661 922 ὧν
710 871 824 932 ἐνὶς
853 867 1143 930 διακούσας
1167 909 1181 933 ,
1213 869 1261 920 εἰ
1297 869 1372 936 μή
1407 885 1486 920 σοι
1521 868 1590 920 τὰ
1616 870 1713 938 τῆς
1739 869 1920 940 ψυχῆς

346 963 674 1033 πεπώρωται
713 963 805 1016 καὶ
836 961 1210 1031 ἁπηχρείωται
1245 962 1575 1032 αἰσθητήρια
1595 1001 1610 1022 ,
1639 963 1920 1032 εὐγνωμο-

345 1057 534 1122 νήσαις
568 1053 633 1106 ἂν
684 1053 812 1119 περὶ
859 1053 1030 1105 τάλλα
1067 1049 1163 1104 τοῦ
1195 1051 1390 1120 ἀνδρὸς
1423 1051 1914 1122 άνδραγαθὴματαο

343 1143 512 1196 ἐθνῶν
547 1144 655 1216 γάρ
691 1159 818 1195 ποτε
841 1143 1121 1211 πολεμίων
1149 1144 1227 1206 είς
1253 1142 1456 1212 πλῆθος
1490 1141 1918 1212 ἀξιολογώτατον

346 1233 844 1305 συμφραξαμένων,
873 1235 988 1290 ,καὶ
1028 1233 1264 1303 πόλεμον
1299 1235 1386 1286 ἐπ’
1428 1231 1578 1304 αὖτῷ
1627 1234 1919 1289 κινούντων

346 1329 436 1381 καὶ
466 1311 982 1394 ἐπανατεινομένων
1019 1324 1110 1378 τόν
1154 1326 1617 1396 φρικωδέστατον,
1658 1329 1686 1380 ὁ
1732 1327 1790 1381 δὲ
1832 1323 1920 1382 οῗα

343 1420 433 1472 τὸν
454 1420 654 1490 τρόπον
683 1416 951 1488 φιλόθεος,
977 1419 1071 1470 καὶ
1099 1418 1198 1487 τὴν
1231 1419 1312 1480 εἰς
1337 1420 1470 1470 Θεὸν
1504 1419 1688 1471 πίστιν
1717 1419 1919 1489 θερμό-

343 1527 523 1572 τατος,
556 1511 693 1578 ὅπερ
721 1505 787 1580 ἦν
819 1507 970 1578 αὐτῴ
999 1507 1107 1560 τῶν
1141 1507 1527 1578 βουλευμάτων
1576 1510 1799 1580 ἄριστον
1829 1511 1920 1564 ἐπὶ

345 1605 466 1664 ταῖς
515 1599 792 1662 τοιαύταις
843 1599 1178 1669 συμϐάσεσι.
1229 1601 1294 1670 τῇ
1337 1599 1436 1667 μὲν
1484 1603 1548 1654 ἐκ
1595 1600 1703 1652 τῶν
1740 1601 1920 1653 ὃπλων

349 1694 663 1762 παρασκευῇ
691 1691 890 1762 ἥκιστα
917 1691 1160 1762 θαρρεῖν,
1195 1692 1287 1742 καὶ
1318 1693 1384 1760 τῇ
1419 1693 1484 1742 ἐκ
1517 1689 1625 1744 τῶν
1659 1708 1920 1767 ςτρατευ-

349 1783 534 1851 μάτων
566 1781 640 1851 μὴ
666 1783 925 1850 ἐπαυχεῖν
954 1779 1324 1850 πολυπληθείξι
1349 1819 1362 1840 ,
1388 1781 1465 1850 τῷ
1499 1781 1574 1852 μὴ
1604 1783 1747 1834 πάνυ
1775 1799 1831 1836 τι
1863 1783 1922 1836 τὸ

345 1871 583 1940 ἀσφαλὲς
610 1871 690 1934 εἰς
715 1869 777 1922 τὸ
807 1869 1298 1938 ἀνδραγαθίζεσθαι
1326 1870 1491 1940 ἔχειν,
1525 1873 1618 1925 ἐπὶ
1646 1873 1746 1942 τὴν
1769 1871 1920 1926 θείαν

345 1964 402 2018 δὲ
430 1961 746 2032 συμμαχίαν
776 1959 1146 2030 καταφεύγειν
1171 1961 1280 2022 ἀεὶ,
1311 1965 1472 2014 τοῦτο
1498 1964 1592 2015 καὶ
1617 1963 1921 2033 τηνικαῦτα

349 2058 510 2116 ποιεῖ,
543 2055 756 2123 ἄμαχον
803 2045 949 2117 ἕξειν
981 2053 1186 2122 ταύτην
1218 2054 1571 2124 ἐπικούρημα
1619 2055 1916 2120 πεποιθώς

349 2147 670 2202 ἀποστέλλει
697 2145 870 2200 τοίνυν
901 2145 1036 2214 πρός
1065 2161 1186 2197 τινα
1213 2133 1321 2196 τῶν
1351 2145 1470 2198 κατ’
1500 2147 1770 2214 Αἴγυπτον
1800 2147 1922 2201 θεο-

348 2241 530 2312 φόρων
563 2237 792 2308 ἀνδρῶν,
834 2235 920 2289 ἐπ’
960 2237 1142 2307 ἔργοις
1177 2235 1498 2306 παραδόξοις
1541 2237 1924 2307 τεθαυμασμέ-

347 2351 458 2394 νον,
490 2331 564 2395 ὡς
594 2329 758 2383 αὐτὸν
785 2329 948 2405 ἣκειν
977 2325 1324 2398 προτρέπων,
1354 2327 1430 2389 ὡς
1459 2326 1524 2380 ἂν
1549 2331 1668 2392 ταῖς
1708 2329 1922 2384 ἐκείνου

348 2427 538 2496 εὐχαῖς
590 2423 1048 2494 ἐφοδιαζόμενος,
1096 2421 1195 2491 τῆς
1237 2419 1374 2490 πρὸς
1423 2421 1548 2484 τοὺς
1596 2422 1924 2486 ἀντιπάλους

348 2517 638 2588 κατάρξειε
678 2515 876 2585 μάχης·
906 2516 934 2566 ό
959 2513 1014 2564 δὲ
1039 2512 1135 2580 τὴν
1166 2512 1263 2581 μὲν
1294 2512 1733 2581 παρουσίαντὺπὸ
1761 2515 1950 2568 εὐλαο·

347 2611 502 2672 ϐείας
530 2607 826 2663 ἀνεϐάλετο
845 2646 859 2670 ,
895 2605 1062 2674 εὐχὴν
1093 2604 1150 2656 δὲ
1179 2604 1271 2656 ἐπὶ
1298 2605 1365 2674 τῇ
1398 2603 1674 2676 βακτηρίᾳ
1713 2605 1832 2658 καθ’
1860 2609 1926 2678 ἣν

349 2701 748 2770 ἐπεστήρικτο,
781 2697 876 2750 καὶ
910 2695 988 2765 τῷ
1024 2693 1358 2764 περιϐολαίῳ
1393 2695 1422 2748 ὂ
1449 2695 1513 2765 δὴ
1548 2698 1926 2768 περιαυχένιον

349 2792 509 2862 ἔφερε
540 2789 930 2859 ποιησάμενος,
951 2785 1127 2839 ταῦτα
1149 2785 1425 2852 ἐκπέμπει
1453 2785 1592 2855 πρὸς
1620 2787 1921 2840 Θεοδόσιον

350 2883 496 2935 καὶὸ
533 2896 593 2948 γε
631 2879 838 2941 πιστῶς
880 2893 943 2930 τε
991 2877 1086 2931 καὶ
1141 2876 1386 2941 εὐλαϐῶς
1422 2876 1750 2948 δεξάμενος,
1794 2881 1928 2948 619a-

354 2976 522 3042 σήσας
555 2989 614 3023 τε
645 2973 731 3024 ἐπ’
776 2970 984 3033 αὐτοῖς,
1019 2969 1082 3022 τὸ
1123 2967 1223 3039 μὲν
1269 2967 1639 3038 περιϐόλαιον,
1671 2971 1793 3023 ἀντὶ
1834 2973 1926 3026 κόσ-

355 3063 513 3134 ρυθος
560 3065 654 3115 ἐπὶ
704 3063 804 3132 τῆς
831 3060 1114 3132 κεφαλῆς,
1149 3060 1402 3132 καθάπερ
1447 3060 1596 3132 αὐτῷ
1641 3061 1928 3114 ἐντέταλτο

354 3155 765 3225 περιϐάλλεται,
791 3153 872 3224 τῷ
896 3153 953 3207 δὲ
979 3152 1200 3224 βάκτρῳ
1228 3153 1351 3208 ἀντὶ
1377 3153 1602 3224 δόρατος
1625 3152 1723 3224 τὴν
1743 3153 1923 3216 δεξιὰν

355 3241 772 3310 καθοπλίζεται,
827 3243 1135 3314 πρώτιστος
1172 3243 1236 3314 δὴ
1280 3239 1374 3298 οὖν
1423 3242 1518 3296 τοῦ
1583 3241 1702 3296 κατ’
1764 3246 1924 3298 αὐτὸν

357 3335 742 3406 στρατιωτικοῦ
801 3334 1007 3398 παντὸς
1063 3335 1498 3407 προαφορμήσας
1524 3374 1539 3398 ,
1601 3333 1739 3404 πρὸς
1797 3337 1923 3396 τοὺς

351 3427 627 3490 ἐναντίους
658 3428 846 3498 χωρεῖ·
881 3427 1004 3480 ἐπεὶ
1032 3421 1126 3480 οὖν
1150 3423 1343 3479 τοῦτον
1367 3427 1417 3478 οἱ
1455 3424 1728 3494 Βάρϐαροι
1763 3425 1922 3478 ἐθεά-

353 3535 514 3572 σαντο
538 3558 554 3584 ,
587 3519 785 3572 αὐτίκα
818 3517 882 3588 δὴ
911 3518 1057 3588 μάλα
1083 3518 1222 3584 οἰῪε
1253 3517 1389 3588 πρρς
1417 3516 1595 3586 φυγὴν
1621 3517 1920 3584 ἐτράποντο

353 3611 592 3672 ἅπαντες
617 3648 634 3674 ,
663 3611 756 3662 ὑπ’
789 3609 1036 3679 ἀλλήλων
1066 3625 1128 3662 τε
1165 3609 1488 3678 βαλλόμενοι
1519 3611 1601 3668 εἰς
1631 3607 1773 3676 μέγα
1821 3623 1921 3660 κα-

353 3698 448 3752 κὸν
485 3699 707 3767 ὀλέθρου
737 3693 894 3770 ἧκον,
930 3699 1023 3750 καὶ
1051 3697 1228 3750 ταῦτα
1262 3697 1488 3766 μηδενὸς
1539 3695 1646 3748 τῶν
1676 3696 1920 3748 ἀντιπα-

357 3787 798 3858 ρατεταγμένων,
845 3787 984 3856 μήτε
1013 3786 1414 3856 πλησιάσαντος
1445 3786 1583 3856 μήτε
1623 3783 1876 3854 βαλόντος
1903 3801 1917 3814 ο

350 3877 523 3942 οὕτως
547 3874 638 3934 οὖν
666 3878 918 3948 λαμπρὸν
947 3877 1204 3948 τρόπαιον
1234 3878 1292 3929 ἐν
1319 3876 1396 3946 τῷ
1429 3876 1548 3928 τότε
1577 3874 1752 3946 καιρῷ
1780 3875 1920 3929 κατὰ

349 3969 460 4023 τῶν
487 3969 766 4038 δυσμενῶν
806 3969 1095 4038 ἐστήσατο*
1125 3968 1185 4034 ἐξ
1214 3968 1424 4022 ἐκείνου
1472 3967 1650 4020 τοίνυν
1697 3967 1790 4020 καὶ
1826 3968 1923 4038 μέ·-

351 4076 443 4130 χρι
483 4059 598 4130 βίου
652 4059 886 4121 παντὸς,
923 4060 1016 4113 ἐπὶ
1051 4063 1163 4122 τοῖς
1213 4061 1544 4128 θαυμαστοῖς
1590 4058 1778 4122 ὅπλοις
1825 4061 1921 4114 καὶ

352 4152 644 4214 νικοποιοῖς
677 4151 1010 4220 στεφόμενος
1052 4152 1192 4222 ὑπὲρ
1224 4151 1464 4220 διάδημα
1495 4149 1770 4221 βασιλικὸν
1802 4151 1920 4203 ἐσε-

354 4243 583 4312 μνύνετο
606 4281 622 4307 ,
653 4243 777 4298 ἀντὶ
815 4243 1017 4308 παντὸς
1055 4244 1220 4297 ὅπλου
1253 4243 1463 4306 τούτοις
1499 4243 1589 4298 ἀεὶ
1617 4242 1922 4312 κοσμούμε-

351 4334 441 4399 νός
482 4352 542 4388 τε
571 4336 665 4388 καὶ
695 4333 1235 4406 χρώμενος”ταύτης
1278 4336 1380 4403 τῆς
1423 4334 1730 4405 παραδόξου
1763 4335 1921 4402 νίκης

353 4425 686 4496 ἁπανταχόθι
718 4425 1078 4496 βεϐοημένης,
1106 4428 1155 4479 oi
1181 4426 1282 4498 τὴν
1319 4425 1667 4495 Ἀλεξάνδρου
1704 4443 1922 4494 «pose:-

2021 598 2385 668 deprzedirant
2417 615 2430 650 :
2465 604 2576 650 tum
2619 608 2672 648 et
2726 595 2800 650 illi
2833 595 3096 648 adversus
3134 593 3404 651 Barbaros
3459 615 3596 652 cou-

2020 701 2204 740 cessas
2253 685 2508 738 victorias
2552 684 2814 752 plurimas
2879 683 3003 738 libri
3063 694 3306 741 narrant.
3348 686 3588 752 Quarum

2022 792 2200 830 rerum
2252 775 2294 828 si
2333 775 2418 829 vel
2465 791 2625 828 unam
2659 776 2866 837 audies,
2904 775 3008 828 nisi
3047 776 3140 828 tibi
3193 779 3360 832 animi
3397 795 3592 835 senSos

2022 883 2245 936 prorsus
2283 866 2461 920 obtusi
2507 873 2635 919 sunt
2659 875 2716 918 rt
2749 867 3033 930 debilitati,
3077 882 3204 940 erga
3239 883 3453 940 quoque
3486 888 3594 926 ρει..

2023 972 2137 1013 tera
2198 959 2298 1012 viri
2356 959 2501 1012 clara
2558 957 2797 1018 facinora
2834 961 3188 1027 propensiore
3219 963 3401 1016 animo
3460 968 3591 1019 eris.

2024 1049 2320 1106 Ilostilibus
2361 1049 2658 1118 aliquando
2705 1051 2920 1118 populis
2982 1066 3178 1120 magno
3225 1069 3452 1110 numero
3484 1057 3596 1110 ci...

2021 1139 2498 1206 cumsepientibus,
2529 1138 2837 1209 bellumque
2865 1143 3266 1196 atrocissimum
3309 1145 3595 1200 intenden—

2023 1235 2186 1298 tibus,
2221 1232 2310 1286 ille
2341 1239 2402 1287 ut.
2425 1245 2575 1292 more
2609 1232 2864 1300 religioso
2908 1235 3194 1302 praeditus,
3231 1246 3282 1287 et
3325 1237 3427 1292 tide
3465 1253 3592 1298 ergo

2022 1324 2594 1396 Deumpraefervidus,
2619 1327 2760 1394 quod
2811 1325 2858 1379 ei
2903 1327 3165 1396 optimum
3195 1331 3480 1391 consilium
3512 1333 3541 1386 b
3571 1350 3596 1384 s

2020 1415 2463 1486 contingentibus
2485 1430 2608 1470 esse
2633 1417 2858 1482 solebat,
2895 1432 3087 1486 nempe
3113 1428 3170 1474 ιιι
3196 1437 3474 1477 annorum
3501 1441 3619 1489 ap-~

2020 1507 2229 1572 paratui
2305 1507 2525 1560 minime
2564 1507 2882 1570 confideret,
2931 1525 3108 1578 neque
3139 1512 3206 1563 de
3253 1514 3593 1568 exercituum

2024 1596 2369 1652 multitudine
2417 1611 2538 1652 sese
2567 1596 2825 1665 jactaret,
2855 1614 2956 1654 nec
3003 1601 3230 1656 multant
3280 1605 3599 1658 securitatis

2021 1683 2075 1736 itt
2119 1683 2358 1736 virorum
2389 1685 2713 1752 strenttitate
2758 1687 3071 1754 collocaret,
3124 1691 3216 1743 sed
3249 1692 3315 1744 ad
3351 1693 3590 1748 divinam

2023 1775 2200 1840 potius
2230 1790 2386 1844 opem
2439 1791 2654 1846 semper
2713 1777 3051 1848 confugeret,
3107 1790 3235 1836 tunc
3286 1786 3429 1838 enim
3465 1801 3597 1838 veto

1953 1853 1994 1910 Β
2025 1864 2097 1920 ita
2127 1877 2188 1920 se
2218 1868 2407 1936 gessit,
2444 1877 2610 1936 atque
2639 1868 2840 1924 invicto
2871 1871 2996 1926 huic
3047 1873 3315 1941 adiutorio
3352 1877 3593 1932 confisus

2023 1965 2128 2010 est.
2164 1955 2308 2012 Misit
2341 1972 2472 2025 ergo
2491 1960 2558 2012 ad
2585 1962 2870 2030 quemdam
2901 1963 2954 2016 in
2978 1962 3210 2035 zEgypto
3245 1966 3352 2022 Deo
3376 1969 3592 2037 plenum

2025 2049 2223 2114 virum,
2275 2050 2365 2120 qui
2415 2051 2760 2108 mirabilibus
2827 2058 3088 2124 operibus
3149 2058 3385 2129 inclytus
3443 2076 3594 2124 erat,

2025 2140 2322 2194 adhortans
2356 2156 2478 2195 eum
2507 2144 2651 2196 tttad
2675 2158 2734 2196 se
2766 2147 2998 2212 veniret,
3027 2163 3136 2216 quo
3169 2149 3308 2203 illius
3341 2153 3598 2220 precibus

2027 2233 2386 2287 ntanuductns
2410 2233 2652 2301 praelium
2690 2247 2878 2289 contra
2914 2237 3097 2292 hostes
3127 2253 3458 2307 capesseret.
3503 2243 3597 2296 Ille

2026 2331 2203 2375 autem
2237 2325 2526 2379 adventum
2559 2340 2714 2378 suum
2756 2327 2989 2395 religiosi
3026 2329 3191 2383 animi
3224 2347 3387 2387 causa
3421 2335 3592 2388 distu—

2029 2409 2111 2469 lit.
2153 2411 2246 2464 sed
2287 2421 2568 2481 postquam
2609 2425 2820 2468 orasset
2844 2429 3008 2484 super
3047 2419 3296 2473 baculum
3330 2423 3414 2476 Cui
3459 2425 3596 2476 inui-

2028 2501 2264 2566 tebatur,
2325 2517 2594 2572 superque
2639 2507 2976 2574 maphorium
3018 2510 3162 2579 quod
3208 2515 3354 2566 circa
3392 2517 3590 2568 collum

2025 2595 2292 2663 gestabat,
2317 2596 2544 2650 misitea
2575 2598 2641 2651 ad
2670 2596 3034 2655 Theodosium
3062 2617 3077 2656 :
3125 2605 3321 2670 quibus
3345 2605 3434 2660 hic
3468 2621 3591 2660 cum

2027 2686 2132 2740 fide
2153 2697 2208 2740 et
2243 2687 2501 2755 religione
2528 2690 2815 2758 susceptis.
2852 2691 3028 2760 iisque
3059 2695 3318 2762 conlisus,
3354 2699 3594 2767 mapltm-

2028 2780 2110 2832 rio
2149 2780 2368 2848 quidem
2410 2795 2509 2850 pro
2537 2780 2689 2850 galea
2709 2792 2871 2852 caput
2903 2785 3200 2856 ceujnssus
3229 2788 3403 2843 fuerat
3423 2791 3599 2845 invol-

2028 2872 2122 2933 vit,
2153 2871 2344 2926 baculo
2371 2881 2552 2926 autent
2614 2871 2814 2928 lanceae
2850 2874 2970 2930 loco
3009 2879 3290 2933 dexteram
3339 2884 3592 2938 armavit.

2029 2960 2106 3018 Ac
2142 2964 2348 3032 primus
2377 2965 2492 3032 ipse
2534 2980 2600 3018 ex
2636 2967 2895 3024 universa
2936 2969 3052 3024 acie
3099 2986 3195 3026 sua
3240 2988 3594 3042 procurrens,

2032 3055 2084 3107 in
2113 3056 2294 3108 hostes
2333 3055 2510 3110 irruit.
2572 3055 2726 3122 Quod
2771 3071 2896 3112 cum
2943 3059 3166 3116 Barbari
3212 3065 3490 3131 vidissent,
3541 3067 3594 3118 in

2032 3145 2208 3216 fugant
2245 3147 2427 3202 statim
2457 3159 2586 3202 sunt
2618 3149 2758 3202 versi
2785 3163 2998 3215 omnes,
3026 3166 3194 3223 seque
3233 3164 3424 3208 mutuo
3469 3171 3598 3224 pre.

1977 3251 1996 3271 ο
2030 3247 2239 3293 mentes
2288 3255 2534 3309 magnam
2599 3240 3019 3296 internecionem
3065 3252 3188 3298 sunt
3242 3247 3506 3313 perpessi,
3541 3257 3600 3300 ct

2029 3331 2245 3398 quidem
2309 3331 2524 3388 nemine
2563 3332 2874 3386 adversario
2929 3335 3328 3403 propinquante
3375 3347 3472 3392 aut
3525 3339 3601 3390 fr-

2031 3423 2221 3476 riente.
2250 3421 2341 3476 Sic
2375 3435 2505 3492 ergo
2537 3434 2666 3480 tunc
2697 3426 2907 3480 illustre
2930 3435 3189 3497 troptcum
3231 3431 3298 3482 de
3344 3429 3596 3485 hostibus

2029 3514 2344 3578 reportavit.
2375 3513 2450 3567 Ex
2481 3513 2574 3567 illo
2606 3516 2768 3584 igitur
2792 3526 3034 3585 tempore
3059 3535 3156 3589 per
3177 3536 3393 3576 omnem
3421 3523 3594 3576 vitam

2027 3601 2112 3654 bis
2137 3601 2474 3656 mirabilibus
2512 3617 2576 3656 ac
2611 3603 2770 3676 144
2793 3607 3112 3663 victricibus
3159 3612 3328 3664 armis
3373 3612 3601 3680 proiciu-

2026 3704 2148 3745 ctus
2176 3693 2347 3762 magis
2373 3708 2532 3760 quant
2561 3695 2870 3750 diademate
2903 3700 3052 3767 regio
3083 3699 3445 3770 gloriabatur,
3475 3701 3596 3756 loco

2025 3783 2264 3852 cujusvis
2285 3793 2576 3838 armaturae
2599 3785 2684 3839 bis
2709 3801 2924 3854 semper
2941 3803 3190 3854 ornatus,
3208 3793 3396 3862 eisque
3415 3802 3596 3848 utens.

2023 3873 2138 3930 Hae
2171 3874 2404 3928 mirabili
2469 3876 2696 3930 victoria
2748 3878 2948 3947 ubique
2992 3880 3333 3950 famigerata,
3387 3901 3598 3956 magum

2024 3966 2316 4019 Alexandri
2345 3965 2496 4022 urbis
2521 3967 2712 4023 incolze
2753 3971 3028 4038 publicum
3079 3973 3272 4028 festum
3307 3987 3468 4046 atque
3501 3995 3600 4045 pa-

2026 4057 2525 4129 negyrinrsingulis
2557 4062 2722 4116 annis
2755 4063 2911 4132 hujus
2937 4081 3097 4119 causa
3129 4070 3426 4136 agitabant,
3456 4073 3606 4139 quod

2029 4147 2264 4202 Iconium
2305 4149 2686 4218 appellabant;
2721 4165 2844 4206 nam
2883 4156 3023 4222 regis
3081 4157 3290 4212 iconeut
3331 4160 3594 4229 depinxe-

2031 4249 2170 4302 rant,
2207 4253 2329 4294 cum
2365 4240 2498 4308 ipsis
2531 4243 2700 4295 armis
2725 4243 2922 4310 quibus
2948 4245 3072 4298 olim
3119 4247 3390 4303 incinctus
3423 4249 3599 4304 fuerat

2025 4329 2360 4400 effigiantes;
2391 4345 2520 4410 quae.
2542 4347 2628 4386 res
2662 4335 2860 4388 mirum
2886 4334 3014 4388 illud
3045 4339 3186 4406 quod
3217 4340 3344 4392 oliui
3377 4342 3596 4394 accide-

2027 4435 2110 4476 rat
2146 4425 2496 4492 praedicabat.

353 4519 574 4581 κοῢντες
647 4517 1024 4588 μεγαλόπολιν,
1072 4517 1356 4588 πάνδημον
1401 4519 1596 4589 ἑορτὴν
1671 4522 1762 4570 καὶ
1811 4517 2120 4588 πανήγυριν
2170 4518 2273 4570 ἀνὰ
2323 4519 2432 4569 πᾶν
2482 4517 2600 4580 ἔτος
2640 4517 2732 4570 ἐπὶ
2773 4520 2944 4590 ταύτῃ
2995 4516 3151 4592 ἦγον,
3205 4525 3300 4576 καλ⁸
3351 4526 3598 4579 Εἰκόνιον

349 4607 773 4680 προσηγόρευον’
802 4611 897 4662 καὶ
919 4610 1032 4679 γάρ
1057 4607 1152 4660 τοῦ
1180 4609 1448 4676 βασιλέως
1477 4611 1658 4662 εἰκόνα
1689 4610 2010 4678 διέγραψαν,
2053 4611 2238 4672 αὐτοῖς
2295 4610 2478 4673 ὅπλοις
2543 4608 2624 4674 οἷς
2695 4611 3046 4666 καθώπλιστο
3108 4617 3593 4690 άνιστορήσαντες,

346 4704 412 4758 δι’
457 4695 526 4774 ἦς
551 4702 610 4756 τὸ
635 4703 856 4770 γεγονὸς
889 4706 1012 4773 περὶ
1035 4703 1198 4774 αύτὸν
1230 4703 1570 4774 ἐκηρύσσετο
1597 4705 1784 4774 θαῦμα
1813 4705 1914 4773 (ιι).

415 4885 493 4932 π’.
533 4877 677 4932 Ἀλλ’
707 4878 805 4946 οὐχ
831 4879 858 4928 ὁ
888 4878 978 4942 σὸς
1021 4878 1339 4942 διδάσκαλος
1363 4882 1647 4951 Μαμωνᾶς
1676 4883 1920 4946 τοιαῦτα,

2099 4883 2187 4938 80.
2233 4882 2338 4937 Sed
2366 4899 2470 4936 non
2502 4885 2572 4938 ita
2621 4899 2680 4940 se
2722 4887 2888 4956 gessit
2951 4891 3210 4959 magister
3239 4901 3364 4949 tuus
3393 4896 3598 4950 Manto-

343 4971 464 5024 οὐδὲ
495 4970 751 5024 εὐλάϐεια
793 4971 886 5024 καὶ
928 4973 1112 5034 πίστις
1143 4965 1210 5044 ἦν
1243 4975 1300 5024 ἐν
1327 4975 1495 5042 αὐτῷ.
1545 4977 1916 5045 ἀπηναισχύν-

345 5077 476 5130 τησε
519 5061 578 5114 δὲ
627 5061 769 5114 κατά
811 5077 872 5113 τε
909 5061 1000 5114 τοῦ
1040 5062 1182 5115 θεοῦ
1218 5065 1412 5131 μανεὶς
1452 5064 1547 5116 καὶ
1596 5066 1704 5118 τῶν
1753 5067 1911 5135 ἱερῶν

344 5151 573 5221 ἀνδρῶν,
601 5152 710 5204 τῶν
759 5153 949 5223 ὥσπερ
998 5152 1150 5222 αὐτῷ
1195 5153 1453 5223 ἀνάθημα
1501 5157 1910 5225 προσηκόντων·

343 5244 434 5296 καὶ
461 5244 524 5296 τὸ
549 5245 907 5299 ἁποστολικὺν
938 5245 1002 5316 δὴ
1034 5245 1192 5298 τοῦτο
1240 5249 1332 5300 καὶ
1356 5247 1648 5314 ἁγγελικὸν
1678 5247 1772 5300 τοῦ
1817 5265 1912 5318 μο-

415 5485 480 5555 (t)
538 5483 778 5554 lntellige
828 5487 1072 5560 apprime
1101 5489 1209 5544 divi
1262 5491 1412 5544 Pauli
1461 5495 1717 5560 templum
1760 5506 1908 5550 extra

346 5554 526 5676 itqqpe
579 5571 762 5609 nutros
811 5559 1027 5610 decreto
1062 5573 1154 5614 seu
1193 5561 1310 5632 lege
1336 5554 1624 5618 Theodosii
1664 5563 1912 5620 Senioris

346 5640 436 5676 ιιςίι
483 5634 688 5676 catum.
934 5674 942 5676 _

341 5634 688 5678 KStIIlicallllll.

414 5695 488 5762 (tt)
521 5695 772 5748 Eanulem
803 5696 940 5754 hanc
975 5699 1339 5754 narrationem
1389 5701 1654 5758 habemus
1685 5703 1914 5759 diversis

339 5765 520 5818 Verbis
598 5768 737 5832 apud
807 5779 1053 5824 sanctum
1103 5771 1465 5838 Sopltroniutn
1530 5771 1621 5842 (in
1678 5771 1914 5829 llistoria

653 5884 926 5944 PATROL.
975 5884 1095 5943 Gn.
1137 5884 1210 5942 C.

2025 4991 2148 5038 nas,
2178 4975 2262 5028 cui
2294 4991 2392 5030 nec
2425 4976 2612 5046 religio
2649 4993 2748 5032 nec
2781 4981 2915 5034 fides
2952 4980 3150 5049 inerat,
3185 4987 3279 5038 sed
3313 4989 3601 5056 impuden-

2025 5080 2106 5122 ter
2157 5079 2319 5136 atque
2373 5070 2574 5136 furiose
2626 5082 2814 5127 contra
2871 5074 3036 5129 Deutn
3081 5087 3412 5148 sanctosque
3449 5087 3595 5135 viros

2021 5159 2234 5227 agebat,
2292 5161 2383 5228 qui
2439 5163 2724 5216 anathema
2786 5167 2927 5233 apud
2986 5169 3160 5236 ipsum
3201 5145 3394 5225 erant:
3433 5187 3599 5243 atque.

2023 5251 2164 5304 hunc
2210 5251 3028 5327 apostolicum'angelicumque
3103 5264 3417 5316 monasticae
3475 5271 3596 5319 vitat

2021 5505 2524 5587 satlglllr’l‘tm‘Cer
2557 5517 2652 5587 et_
2675 5509 2903 5587 Joannis
2963 5515 3153 5583 Spicil.
3207 5517 3358 5570 Rom.
3411 5529 3450 5572 t.
3505 5521 3590 5587 IV,

2023 5570 2436 5657 p.257-210Let'
2457 5576 2594 5632 alios
2614 5570 3032 5657 Byzantinoruu't
3075 5570 3250 5639 rerum
3275 5570 3593 5657 script-ores:

2023 5655 2158 5706 quos
2183 5643 2322 5696 ittter
2346 5643 2694 5704 Hantartoln's
2721 5663 2772 5704 ct
2811 5653 3046 5708 Siculus.

2095 5710 2206 5792 (97)
2235 5713 2683 5792 Puta_basilican_t
2717 5719 3049 5788 Ostiensem,
3086 5725 3150 5778 de
3186 5742 3290 5792 qua
3319 5743 3418 5783 nos
3451 5731 3595 5788 disi-

2025 5794 2143 5836 mtts
2174 5783 2226 5834 in
2263 5784 2578 5851 prwfatione
2610 5789 2673 5842 ad
2703 5783 3083 5860 Symmachum
3121 5783 3416 5856 oratorem.

3209 5914 3289 5976 17
