  <div class='ocr_page' id='page_1' title='image "/cluster/home/n/w/nwhite01/storage/ocr_20150623/100/hvd.32044010574994/296.png"; bbox 0 0 4130 6332; ppageno 0'>
   <div class='ocr_carea' id='block_1_1' title="bbox 410 393 513 462">
    <p class='ocr_par' dir='ltr' id='par_1_1' title="bbox 410 393 513 462">
     <span class='ocr_line' id='line_1_1' title="bbox 410 393 513 462; baseline 0.019 -7"><span class='ocrx_word' id='word_1_1' title='bbox 410 393 513 462; x_wconf 72' lang='grc'><strong>537</strong></span> 
     </span>
    </p>
   </div>
   <div class='ocr_carea' id='block_1_2' title="bbox 1261 366 2846 455">
    <p class='ocr_par' dir='ltr' id='par_1_2' title="bbox 1261 366 2846 455">
     <span class='ocr_line' id='line_1_2' title="bbox 1261 366 2846 455; baseline -0.002 -3"><span class='ocrx_word' id='word_1_2' title='bbox 1261 389 1830 455; x_wconf 83' lang='lat' dir='ltr'><strong>APOLOGETICUS</strong></span> <span class='ocrx_word' id='word_1_3' title='bbox 1871 394 2016 454; x_wconf 76' lang='lat' dir='ltr'><strong>PRO</strong></span> <span class='ocrx_word' id='word_1_4' title='bbox 2059 366 2323 453; x_wconf 68' lang='lat' dir='ltr'><strong>SACliIS</strong></span> <span class='ocrx_word' id='word_1_5' title='bbox 2365 392 2846 453; x_wconf 72' lang='lat' dir='ltr'><strong>IMAGINIBUS.</strong></span> 
     </span>
    </p>
   </div>
   <div class='ocr_carea' id='block_1_3' title="bbox 3557 385 3661 449">
    <p class='ocr_par' dir='ltr' id='par_1_3' title="bbox 3557 385 3661 449">
     <span class='ocr_line' id='line_1_3' title="bbox 3557 385 3661 449; baseline 0 0"><span class='ocrx_word' id='word_1_6' title='bbox 3557 385 3661 449; x_wconf 73' lang='lat'><strong>538</strong></span> 
     </span>
    </p>
   </div>
   <div class='ocr_carea' id='block_1_4' title="bbox 411 495 2015 575">
    <p class='ocr_par' dir='ltr' id='par_1_4' title="bbox 411 502 1989 575">
     <span class='ocr_line' id='line_1_4' title="bbox 411 502 1989 575; baseline -0.001 -18"><span class='ocrx_word' id='word_1_7' title='bbox 411 503 504 557; x_wconf 70' lang='grc' dir='ltr'><strong>τὸν</strong></span> <span class='ocrx_word' id='word_1_8' title='bbox 559 502 817 557; x_wconf 81' lang='grc' dir='ltr'>ἁπάντων</span> <span class='ocrx_word' id='word_1_9' title='bbox 860 503 1073 575; x_wconf 72' lang='grc' dir='ltr'>Κριτὴν</span> <span class='ocrx_word' id='word_1_10' title='bbox 1106 504 1198 555; x_wconf 77' lang='grc' dir='ltr'>καὶ</span> <span class='ocrx_word' id='word_1_11' title='bbox 1239 504 1517 571; x_wconf 80' lang='grc' dir='ltr'>Δεσπότην</span> <span class='ocrx_word' id='word_1_12' title='bbox 1560 506 1652 556; x_wconf 72' lang='grc' dir='ltr'><strong>καὶ</strong></span> <span class='ocrx_word' id='word_1_13' title='bbox 1697 505 1805 556; x_wconf 87' lang='grc' dir='ltr'><strong>τῶν</strong></span> <span class='ocrx_word' id='word_1_14' title='bbox 1855 505 1989 556; x_wconf 72' lang='grc' dir='ltr'>ὅλων</span> 
     </span>
    </p>
   </div>
   <div class='ocr_carea' id='block_1_5' title="bbox 2102 495 3657 575">
    <p class='ocr_par' dir='ltr' id='par_1_5' title="bbox 2102 495 3657 574">
     <span class='ocr_line' id='line_1_5' title="bbox 2102 495 3657 574; baseline -0.005 -17"><span class='ocrx_word' id='word_1_15' title='bbox 2102 516 2377 574; x_wconf 80' lang='lat' dir='ltr'><strong>postquam</strong></span> <span class='ocrx_word' id='word_1_16' title='bbox 2425 505 2663 557; x_wconf 87' lang='lat' dir='ltr'><strong>omnium</strong></span> <span class='ocrx_word' id='word_1_17' title='bbox 2703 502 2876 555; x_wconf 78' lang='lat' dir='ltr'><strong>Judex</strong></span> <span class='ocrx_word' id='word_1_18' title='bbox 2929 498 3297 566; x_wconf 87' lang='lat' dir='ltr'><strong>Dominusque</strong></span> <span class='ocrx_word' id='word_1_19' title='bbox 3340 504 3394 551; x_wconf 86' lang='lat' dir='ltr'><strong>et</strong></span> <span class='ocrx_word' id='word_1_20' title='bbox 3435 495 3657 549; x_wconf 83' lang='lat' dir='ltr'><strong>univer-</strong></span> 
     </span>
    </p>
   </div>
   <div class='ocr_carea' id='block_1_6' title="bbox 411 590 1984 662">
    <p class='ocr_par' dir='ltr' id='par_1_6' title="bbox 411 590 1984 662">
     <span class='ocr_line' id='line_1_6' title="bbox 411 590 1984 662; baseline 0.001 -18"><span class='ocrx_word' id='word_1_21' title='bbox 411 590 548 645; x_wconf 75' lang='grc' dir='ltr'>Θεὸν</span> <span class='ocrx_word' id='word_1_22' title='bbox 575 591 999 661; x_wconf 86' lang='grc' dir='ltr'>ἀπεκδέχεσθαι,</span> <span class='ocrx_word' id='word_1_23' title='bbox 1039 592 1156 661; x_wconf 71' lang='grc' dir='ltr'><strong>ἅμα</strong></span> <span class='ocrx_word' id='word_1_24' title='bbox 1208 595 1272 661; x_wconf 84' lang='grc' dir='ltr'>τῇ</span> <span class='ocrx_word' id='word_1_25' title='bbox 1307 593 1512 660; x_wconf 62' lang='grc' dir='ltr'>πληθᾶῖ</span> <span class='ocrx_word' id='word_1_26' title='bbox 1544 594 1651 644; x_wconf 84' lang='grc' dir='ltr'><strong>τῶν</strong></span> <span class='ocrx_word' id='word_1_27' title='bbox 1693 596 1984 662; x_wconf 77' lang='grc' dir='ltr'>μακαρίων</span> 
     </span>
    </p>
   </div>
   <div class='ocr_carea' id='block_1_7' title="bbox 414 666 1983 754">
    <p class='ocr_par' dir='ltr' id='par_1_7' title="bbox 414 677 1983 754">
     <span class='ocr_line' id='line_1_7' title="bbox 414 677 1983 754; baseline -0.001 -19"><span class='ocrx_word' id='word_1_28' title='bbox 414 685 512 735; x_wconf 75' lang='grc' dir='ltr'><strong>καὶ</strong></span> <span class='ocrx_word' id='word_1_29' title='bbox 534 682 842 752; x_wconf 82' lang='grc' dir='ltr'><strong>ἀσωμάτων</strong></span> <span class='ocrx_word' id='word_1_30' title='bbox 870 683 1177 752; x_wconf 77' lang='grc' dir='ltr'>δυνάμεων,</span> <span class='ocrx_word' id='word_1_31' title='bbox 1222 685 1359 753; x_wconf 62' lang='grc' dir='ltr'>μετὰ</span> <span class='ocrx_word' id='word_1_32' title='bbox 1384 684 1542 746; x_wconf 73' lang='grc' dir='ltr'>δόξης</span> <span class='ocrx_word' id='word_1_33' title='bbox 1571 688 1667 752; x_wconf 73' lang='grc' dir='ltr'>τῆς</span> <span class='ocrx_word' id='word_1_34' title='bbox 1718 677 1983 754; x_wconf 71' lang='grc' dir='ltr'>πατρικῆς</span> 
     </span>
    </p>
   </div>
   <div class='ocr_carea' id='block_1_8' title="bbox 418 773 1986 844">
    <p class='ocr_par' dir='ltr' id='par_1_8' title="bbox 418 773 1986 844">
     <span class='ocr_line' id='line_1_8' title="bbox 418 773 1986 844; baseline 0.001 -19"><span class='ocrx_word' id='word_1_35' title='bbox 418 773 480 837; x_wconf 78' lang='grc' dir='ltr'><strong>ἐξ</strong></span> <span class='ocrx_word' id='word_1_36' title='bbox 519 773 765 844; x_wconf 73' lang='grc' dir='ltr'>οὐρανῶν</span> <span class='ocrx_word' id='word_1_37' title='bbox 821 774 895 834; x_wconf 86' lang='grc' dir='ltr'>ὡς</span> <span class='ocrx_word' id='word_1_38' title='bbox 927 774 991 844; x_wconf 83' lang='grc' dir='ltr'>δὴ</span> <span class='ocrx_word' id='word_1_39' title='bbox 1022 774 1361 843; x_wconf 71' lang='grc' dir='ltr'><strong>κηρύσσεται</strong></span> <span class='ocrx_word' id='word_1_40' title='bbox 1400 776 1820 843; x_wconf 69' lang='grc' dir='ltr'>κατερχόμενον,</span> <span class='ocrx_word' id='word_1_41' title='bbox 1892 779 1986 829; x_wconf 73' lang='grc' dir='ltr'><strong>καὶ</strong></span> 
     </span>
    </p>
   </div>
   <div class='ocr_carea' id='block_1_9' title="bbox 419 864 1985 933">
    <p class='ocr_par' dir='ltr' id='par_1_9' title="bbox 419 864 1985 933">
     <span class='ocr_line' id='line_1_9' title="bbox 419 864 1985 933; baseline -0.001 -15"><span class='ocrx_word' id='word_1_42' title='bbox 419 864 619 927; x_wconf 76' lang='grc' dir='ltr'>ἄξοντα</span> <span class='ocrx_word' id='word_1_43' title='bbox 668 866 749 927; x_wconf 81' lang='grc' dir='ltr'><strong>είς</strong></span> <span class='ocrx_word' id='word_1_44' title='bbox 782 864 965 933; x_wconf 77' lang='grc' dir='ltr'><strong>κρίσιν</strong></span> <span class='ocrx_word' id='word_1_45' title='bbox 1016 865 1239 932; x_wconf 74' lang='grc' dir='ltr'>σύμπαν</span> <span class='ocrx_word' id='word_1_46' title='bbox 1274 865 1331 916; x_wconf 82' lang='grc' dir='ltr'><strong>τὸ</strong></span> <span class='ocrx_word' id='word_1_47' title='bbox 1372 864 1608 933; x_wconf 73' lang='grc' dir='ltr'>ποίημα,</span> <span class='ocrx_word' id='word_1_48' title='bbox 1646 867 1738 915; x_wconf 73' lang='grc' dir='ltr'><strong>καὶ</strong></span> <span class='ocrx_word' id='word_1_49' title='bbox 1771 864 1985 916; x_wconf 77' lang='grc' dir='ltr'>ἀποδώ-</span> 
     </span>
    </p>
   </div>
   <div class='ocr_carea' id='block_1_10' title="bbox 421 953 1990 1022">
    <p class='ocr_par' dir='ltr' id='par_1_10' title="bbox 421 953 1990 1022">
     <span class='ocr_line' id='line_1_10' title="bbox 421 953 1990 1022; baseline 0 -17"><span class='ocrx_word' id='word_1_50' title='bbox 421 969 582 1006; x_wconf 92' lang='grc' dir='ltr'>σοντα</span> <span class='ocrx_word' id='word_1_51' title='bbox 618 954 833 1022; x_wconf 76' lang='grc' dir='ltr'>ἑκάστῳ</span> <span class='ocrx_word' id='word_1_52' title='bbox 866 955 1009 1007; x_wconf 68' lang='grc' dir='ltr'>καθὰ</span> <span class='ocrx_word' id='word_1_53' title='bbox 1047 953 1361 1005; x_wconf 80' lang='grc' dir='ltr'>ἑϐιότευσεν</span> <span class='ocrx_word' id='word_1_54' title='bbox 1386 971 1399 984; x_wconf 83' lang='grc'><em>’</em></span> <span class='ocrx_word' id='word_1_55' title='bbox 1442 954 1558 1005; x_wconf 76' lang='grc' dir='ltr'>εἴτε</span> <span class='ocrx_word' id='word_1_56' title='bbox 1594 954 1797 1022; x_wconf 75' lang='grc' dir='ltr'>σαρκὸς</span> <span class='ocrx_word' id='word_1_57' title='bbox 1826 954 1990 1021; x_wconf 88' lang='grc' dir='ltr'>μόνον</span> 
     </span>
    </p>
   </div>
   <div class='ocr_carea' id='block_1_11' title="bbox 420 1044 1990 1115">
    <p class='ocr_par' dir='ltr' id='par_1_11' title="bbox 420 1044 1990 1115">
     <span class='ocr_line' id='line_1_11' title="bbox 420 1044 1990 1115; baseline 0.001 -20"><span class='ocrx_word' id='word_1_58' title='bbox 420 1044 617 1097; x_wconf 80' lang='grc' dir='ltr'>πάθεσι</span> <span class='ocrx_word' id='word_1_59' title='bbox 641 1044 1000 1114; x_wconf 80' lang='grc' dir='ltr'>δουλούμενός</span> <span class='ocrx_word' id='word_1_60' title='bbox 1028 1063 1112 1107; x_wconf 89' lang='grc' dir='ltr'><strong>τις</strong></span> <span class='ocrx_word' id='word_1_61' title='bbox 1144 1046 1530 1114; x_wconf 77' lang='grc' dir='ltr'>ὕπενήνεκται,</span> <span class='ocrx_word' id='word_1_62' title='bbox 1558 1047 1651 1097; x_wconf 77' lang='grc' dir='ltr'><strong>καὶ</strong></span> <span class='ocrx_word' id='word_1_63' title='bbox 1689 1045 1853 1115; x_wconf 76' lang='grc' dir='ltr'>μηδὲν</span> <span class='ocrx_word' id='word_1_64' title='bbox 1880 1044 1990 1097; x_wconf 91' lang='grc' dir='ltr'><strong>τῶν</strong></span> 
     </span>
    </p>
   </div>
   <div class='ocr_carea' id='block_1_12' title="bbox 416 1127 1991 1203">
    <p class='ocr_par' dir='ltr' id='par_1_12' title="bbox 416 1127 1991 1203">
     <span class='ocr_line' id='line_1_12' title="bbox 416 1127 1991 1203; baseline 0.001 -19"><span class='ocrx_word' id='word_1_65' title='bbox 416 1127 714 1202; x_wconf 81' lang='grc' dir='ltr'>ὁρωμένων</span> <span class='ocrx_word' id='word_1_66' title='bbox 734 1133 1094 1203; x_wconf 81' lang='grc' dir='ltr'><strong>λογισάμενος</strong></span> <span class='ocrx_word' id='word_1_67' title='bbox 1120 1132 1453 1203; x_wconf 59' lang='grc' dir='ltr'>ὑψηλότερον</span> <span class='ocrx_word' id='word_1_68' title='bbox 1476 1136 1554 1196; x_wconf 90' lang='grc' dir='ltr'><strong>είς</strong></span> <span class='ocrx_word' id='word_1_69' title='bbox 1572 1134 1676 1203; x_wconf 69' lang='grc' dir='ltr'>γῆν</span> <span class='ocrx_word' id='word_1_70' title='bbox 1700 1134 1991 1186; x_wconf 85' lang='grc' dir='ltr'>ἀπονένευ-</span> 
     </span>
    </p>
   </div>
   <div class='ocr_carea' id='block_1_13' title="bbox 415 1206 1990 1296">
    <p class='ocr_par' dir='ltr' id='par_1_13' title="bbox 415 1224 1990 1296">
     <span class='ocr_line' id='line_1_13' title="bbox 415 1224 1990 1296; baseline 0.002 -21"><span class='ocrx_word' id='word_1_71' title='bbox 415 1240 530 1286; x_wconf 87' lang='grc' dir='ltr'>κεν,</span> <span class='ocrx_word' id='word_1_72' title='bbox 555 1224 665 1277; x_wconf 80' lang='grc' dir='ltr'>εἴτε</span> <span class='ocrx_word' id='word_1_73' title='bbox 688 1226 766 1295; x_wconf 84' lang='grc' dir='ltr'><strong>τῷ</strong></span> <span class='ocrx_word' id='word_1_74' title='bbox 788 1226 1059 1295; x_wconf 61' lang='grc' dir='ltr'>πνεύματι</span> <span class='ocrx_word' id='word_1_75' title='bbox 1092 1226 1579 1296; x_wconf 71' lang='grc' dir='ltr'>συνεπαιρόμενος,</span> <span class='ocrx_word' id='word_1_76' title='bbox 1603 1229 1713 1290; x_wconf 80' lang='grc' dir='ltr'>τοῖς</span> <span class='ocrx_word' id='word_1_77' title='bbox 1734 1226 1990 1295; x_wconf 86' lang='grc' dir='ltr'>μέλλουσι</span> 
     </span>
    </p>
   </div>
   <div class='ocr_carea' id='block_1_14' title="bbox 418 1314 1987 1387">
    <p class='ocr_par' dir='ltr' id='par_1_14' title="bbox 418 1314 1987 1387">
     <span class='ocr_line' id='line_1_14' title="bbox 418 1314 1987 1387; baseline 0.003 -22"><span class='ocrx_word' id='word_1_78' title='bbox 418 1314 511 1365; x_wconf 73' lang='grc' dir='ltr'><strong>καὶ</strong></span> <span class='ocrx_word' id='word_1_79' title='bbox 556 1315 686 1383; x_wconf 77' lang='grc' dir='ltr'>πρὶν</span> <span class='ocrx_word' id='word_1_80' title='bbox 728 1315 938 1368; x_wconf 79' lang='grc' dir='ltr'>ἐνθένδε</span> <span class='ocrx_word' id='word_1_81' title='bbox 990 1317 1418 1385; x_wconf 70' lang='grc' dir='ltr'>μεταναστῆναι,</span> <span class='ocrx_word' id='word_1_82' title='bbox 1464 1317 1540 1379; x_wconf 81' lang='grc' dir='ltr'>ὡς</span> <span class='ocrx_word' id='word_1_83' title='bbox 1580 1318 1679 1384; x_wconf 66' lang='grc' dir='ltr'>ἤδη</span> <span class='ocrx_word' id='word_1_84' title='bbox 1731 1316 1987 1387; x_wconf 87' lang='grc' dir='ltr'>παροῦσι,</span> 
     </span>
    </p>
   </div>
   <div class='ocr_carea' id='block_1_15' title="bbox 420 1404 1989 1477">
    <p class='ocr_par' dir='ltr' id='par_1_15' title="bbox 420 1404 1989 1477">
     <span class='ocr_line' id='line_1_15' title="bbox 420 1404 1989 1477; baseline 0.003 -22"><span class='ocrx_word' id='word_1_85' title='bbox 420 1404 752 1471; x_wconf 79' lang='grc' dir='ltr'>συνεγένετο,</span> <span class='ocrx_word' id='word_1_86' title='bbox 802 1406 898 1457; x_wconf 74' lang='grc' dir='ltr'>καὶ</span> <span class='ocrx_word' id='word_1_87' title='bbox 949 1406 1026 1475; x_wconf 76' lang='grc' dir='ltr'><strong>τῷ</strong></span> <span class='ocrx_word' id='word_1_88' title='bbox 1058 1405 1188 1476; x_wconf 80' lang='grc' dir='ltr'>θείῳ</span> <span class='ocrx_word' id='word_1_89' title='bbox 1236 1406 1387 1476; x_wconf 77' lang='grc' dir='ltr'>πόοῳ</span> <span class='ocrx_word' id='word_1_90' title='bbox 1437 1407 1830 1477; x_wconf 80' lang='grc' dir='ltr'>πτερούμενος,</span> <span class='ocrx_word' id='word_1_91' title='bbox 1880 1407 1989 1459; x_wconf 89' lang='grc' dir='ltr'><strong>τῶν</strong></span> 
     </span>
    </p>
   </div>
   <div class='ocr_carea' id='block_1_16' title="bbox 416 1496 1990 1569">
    <p class='ocr_par' dir='ltr' id='par_1_16' title="bbox 416 1496 1990 1569">
     <span class='ocr_line' id='line_1_16' title="bbox 416 1496 1990 1569; baseline 0.001 -21"><span class='ocrx_word' id='word_1_92' title='bbox 416 1496 529 1548; x_wconf 79' lang='grc' dir='ltr'>ἄνω</span> <span class='ocrx_word' id='word_1_93' title='bbox 559 1496 764 1564; x_wconf 67' lang='grc' dir='ltr'>λήξεων</span> <span class='ocrx_word' id='word_1_94' title='bbox 786 1496 849 1548; x_wconf 78' lang='grc' dir='ltr'>τὺ</span> <span class='ocrx_word' id='word_1_95' title='bbox 878 1498 1147 1567; x_wconf 74' lang='grc' dir='ltr'>μακάριον</span> <span class='ocrx_word' id='word_1_96' title='bbox 1173 1499 1609 1566; x_wconf 76' lang='grc' dir='ltr'>κατοπτρίζεται</span> <span class='ocrx_word' id='word_1_97' title='bbox 1641 1516 1653 1528; x_wconf 91' lang='grc'><strong>·</strong></span> <span class='ocrx_word' id='word_1_98' title='bbox 1696 1500 1990 1569; x_wconf 67' lang='grc' dir='ltr'>προσέχειν</span> 
     </span>
    </p>
   </div>
   <div class='ocr_carea' id='block_1_17' title="bbox 418 1589 1988 1660">
    <p class='ocr_par' dir='ltr' id='par_1_17' title="bbox 418 1589 1988 1660">
     <span class='ocr_line' id='line_1_17' title="bbox 418 1589 1988 1660; baseline 0.003 -20"><span class='ocrx_word' id='word_1_99' title='bbox 418 1606 474 1640; x_wconf 87' lang='grc' dir='ltr'><strong>τε</strong></span> <span class='ocrx_word' id='word_1_100' title='bbox 501 1589 709 1652; x_wconf 75' lang='grc' dir='ltr'>ἑαυτοῖς</span> <span class='ocrx_word' id='word_1_101' title='bbox 752 1590 1015 1658; x_wconf 77' lang='grc' dir='ltr'>μάλιστα,</span> <span class='ocrx_word' id='word_1_102' title='bbox 1048 1591 1143 1643; x_wconf 75' lang='grc' dir='ltr'><strong>καὶ</strong></span> <span class='ocrx_word' id='word_1_103' title='bbox 1202 1592 1311 1643; x_wconf 89' lang='grc' dir='ltr'><strong>τῶν</strong></span> <span class='ocrx_word' id='word_1_104' title='bbox 1359 1593 1415 1642; x_wconf 80' lang='grc' dir='ltr'>ἐν</span> <span class='ocrx_word' id='word_1_105' title='bbox 1474 1594 1604 1659; x_wconf 74' lang='grc' dir='ltr'>ἡμῖν</span> <span class='ocrx_word' id='word_1_106' title='bbox 1644 1592 1988 1660; x_wconf 79' lang='grc' dir='ltr'>ὀρμημάτων</span> 
     </span>
    </p>
   </div>
   <div class='ocr_carea' id='block_1_18' title="bbox 419 1682 1987 1752">
    <p class='ocr_par' dir='ltr' id='par_1_18' title="bbox 419 1682 1987 1752">
     <span class='ocr_line' id='line_1_18' title="bbox 419 1682 1987 1752; baseline 0.001 -19"><span class='ocrx_word' id='word_1_107' title='bbox 419 1682 512 1735; x_wconf 74' lang='grc' dir='ltr'><strong>καὶ</strong></span> <span class='ocrx_word' id='word_1_108' title='bbox 542 1682 859 1751; x_wconf 75' lang='grc' dir='ltr'>κινημάτων</span> <span class='ocrx_word' id='word_1_109' title='bbox 905 1682 1180 1750; x_wconf 74' lang='grc' dir='ltr'>αἱρεῖσθαι</span> <span class='ocrx_word' id='word_1_110' title='bbox 1212 1684 1279 1735; x_wconf 77' lang='grc' dir='ltr'>τὰ</span> <span class='ocrx_word' id='word_1_111' title='bbox 1327 1683 1524 1752; x_wconf 77' lang='grc' dir='ltr'>βελτίω</span> <span class='ocrx_word' id='word_1_112' title='bbox 1556 1700 1615 1735; x_wconf 87' lang='grc' dir='ltr'><strong>τε</strong></span> <span class='ocrx_word' id='word_1_113' title='bbox 1651 1684 1745 1734; x_wconf 72' lang='grc' dir='ltr'>καὶ</span> <span class='ocrx_word' id='word_1_114' title='bbox 1772 1683 1987 1751; x_wconf 86' lang='grc' dir='ltr'>συμφέ-</span> 
     </span>
    </p>
   </div>
   <div class='ocr_carea' id='block_1_19' title="bbox 422 1768 1989 1841">
    <p class='ocr_par' dir='ltr' id='par_1_19' title="bbox 422 1768 1989 1841">
     <span class='ocr_line' id='line_1_19' title="bbox 422 1768 1989 1841; baseline 0.003 -23"><span class='ocrx_word' id='word_1_115' title='bbox 422 1784 612 1837; x_wconf 79' lang='grc' dir='ltr'>ροντα·</span> <span class='ocrx_word' id='word_1_116' title='bbox 638 1768 797 1838; x_wconf 53' lang='grc' dir='ltr'>νήφει</span> <span class='ocrx_word' id='word_1_117' title='bbox 822 1770 874 1821; x_wconf 73' lang='grc' dir='ltr'>δὲ</span> <span class='ocrx_word' id='word_1_118' title='bbox 902 1770 1040 1832; x_wconf 67' lang='grc' dir='ltr'>νοὸς,</span> <span class='ocrx_word' id='word_1_119' title='bbox 1074 1771 1170 1822; x_wconf 73' lang='grc' dir='ltr'><strong>καὶ</strong></span> <span class='ocrx_word' id='word_1_120' title='bbox 1196 1770 1476 1839; x_wconf 79' lang='grc' dir='ltr'>λογισμῶν</span> <span class='ocrx_word' id='word_1_121' title='bbox 1505 1771 1862 1841; x_wconf 77' lang='grc' dir='ltr'>καθαρότητι,</span> <span class='ocrx_word' id='word_1_122' title='bbox 1893 1771 1989 1823; x_wconf 74' lang='grc' dir='ltr'><strong>καὶ</strong></span> 
     </span>
    </p>
   </div>
   <div class='ocr_carea' id='block_1_20' title="bbox 415 1851 2063 1929">
    <p class='ocr_par' dir='ltr' id='par_1_20' title="bbox 415 1851 2063 1929">
     <span class='ocr_line' id='line_1_20' title="bbox 415 1851 2063 1929; baseline 0.005 -24"><span class='ocrx_word' id='word_1_123' title='bbox 415 1854 524 1906; x_wconf 86' lang='grc' dir='ltr'><strong>τῶν</strong></span> <span class='ocrx_word' id='word_1_124' title='bbox 563 1855 664 1923; x_wconf 74' lang='grc' dir='ltr'>τῆς</span> <span class='ocrx_word' id='word_1_125' title='bbox 690 1856 868 1928; x_wconf 69' lang='grc' dir='ltr'>ψυχῆς</span> <span class='ocrx_word' id='word_1_126' title='bbox 892 1858 1159 1926; x_wconf 77' lang='grc' dir='ltr'>ὀμμάτων</span> <span class='ocrx_word' id='word_1_127' title='bbox 1194 1861 1527 1929; x_wconf 77' lang='grc' dir='ltr'>ὲγρηγόρσει</span> <span class='ocrx_word' id='word_1_128' title='bbox 1560 1862 1668 1912; x_wconf 81' lang='grc' dir='ltr'>πᾶν</span> <span class='ocrx_word' id='word_1_129' title='bbox 1701 1859 1883 1913; x_wconf 81' lang='grc' dir='ltr'>ὁτιοῦν</span> <span class='ocrx_word' id='word_1_130' title='bbox 1910 1863 1989 1922; x_wconf 81' lang='grc' dir='ltr'>εἰς</span> <span class='ocrx_word' id='word_1_131' title='bbox 2024 1851 2063 1904; x_wconf 68' lang='grc' dir='ltr'><strong>Β</strong></span> 
     </span>
    </p>
   </div>
   <div class='ocr_carea' id='block_1_21' title="bbox 415 1946 1992 2020">
    <p class='ocr_par' dir='ltr' id='par_1_21' title="bbox 415 1946 1992 2020">
     <span class='ocr_line' id='line_1_21' title="bbox 415 1946 1992 2020; baseline 0.004 -23"><span class='ocrx_word' id='word_1_132' title='bbox 415 1946 574 2009; x_wconf 80' lang='grc' dir='ltr'>δόξαν</span> <span class='ocrx_word' id='word_1_133' title='bbox 623 1947 760 1999; x_wconf 80' lang='grc' dir='ltr'>Θεοῦ</span> <span class='ocrx_word' id='word_1_134' title='bbox 804 1949 898 1999; x_wconf 80' lang='grc' dir='ltr'><strong>καὶ</strong></span> <span class='ocrx_word' id='word_1_135' title='bbox 939 1950 1300 2020; x_wconf 73' lang='grc' dir='ltr'>εὐαρέστησιν</span> <span class='ocrx_word' id='word_1_136' title='bbox 1353 1949 1827 2020; x_wconf 72' lang='grc' dir='ltr'>κατεργάζεσθαι·</span> <span class='ocrx_word' id='word_1_137' title='bbox 1895 1954 1992 2004; x_wconf 77' lang='grc' dir='ltr'><strong>καὶ</strong></span> 
     </span>
    </p>
   </div>
   <div class='ocr_carea' id='block_1_22' title="bbox 419 2038 1993 2115">
    <p class='ocr_par' dir='ltr' id='par_1_22' title="bbox 419 2038 1993 2115">
     <span class='ocr_line' id='line_1_22' title="bbox 419 2038 1993 2115; baseline 0.005 -27"><span class='ocrx_word' id='word_1_138' title='bbox 419 2038 706 2091; x_wconf 79' lang='grc' dir='ltr'>συνελόντα</span> <span class='ocrx_word' id='word_1_139' title='bbox 750 2043 928 2092; x_wconf 79' lang='grc' dir='ltr'>εἰπεῖν</span> <span class='ocrx_word' id='word_1_140' title='bbox 961 2042 1063 2094; x_wconf 78' lang='grc' dir='ltr'><strong>ὅσα</strong></span> <span class='ocrx_word' id='word_1_141' title='bbox 1098 2044 1176 2103; x_wconf 84' lang='grc' dir='ltr'>εἰς</span> <span class='ocrx_word' id='word_1_142' title='bbox 1208 2044 1485 2111; x_wconf 75' lang='grc' dir='ltr'>σωτηρίαν</span> <span class='ocrx_word' id='word_1_143' title='bbox 1516 2044 1697 2113; x_wconf 60' lang='grc' dir='ltr'>ψυχῆς</span> <span class='ocrx_word' id='word_1_144' title='bbox 1728 2039 1855 2115; x_wconf 81' lang='grc' dir='ltr'>ἧκε,</span> <span class='ocrx_word' id='word_1_145' title='bbox 1889 2046 1993 2095; x_wconf 80' lang='grc' dir='ltr'><strong>πᾶ-</strong></span> 
     </span>
    </p>
   </div>
   <div class='ocr_carea' id='block_1_23' title="bbox 419 2130 1990 2204">
    <p class='ocr_par' dir='ltr' id='par_1_23' title="bbox 419 2130 1990 2204">
     <span class='ocr_line' id='line_1_23' title="bbox 419 2130 1990 2204; baseline 0.005 -24"><span class='ocrx_word' id='word_1_146' title='bbox 419 2146 518 2191; x_wconf 87' lang='grc' dir='ltr'><strong>σαν</strong></span> <span class='ocrx_word' id='word_1_147' title='bbox 547 2130 786 2202; x_wconf 79' lang='grc' dir='ltr'>σπουδὴν</span> <span class='ocrx_word' id='word_1_148' title='bbox 812 2130 1151 2199; x_wconf 81' lang='grc' dir='ltr'>τιθεμένους,</span> <span class='ocrx_word' id='word_1_149' title='bbox 1174 2132 1260 2184; x_wconf 79' lang='grc' dir='ltr'>διὰ</span> <span class='ocrx_word' id='word_1_150' title='bbox 1287 2136 1386 2204; x_wconf 78' lang='grc' dir='ltr'><strong>τῆς</strong></span> <span class='ocrx_word' id='word_1_151' title='bbox 1411 2134 1520 2186; x_wconf 89' lang='grc' dir='ltr'><strong>τῶν</strong></span> <span class='ocrx_word' id='word_1_152' title='bbox 1553 2132 1785 2186; x_wconf 75' lang='grc' dir='ltr'>ἐντολῶν</span> <span class='ocrx_word' id='word_1_153' title='bbox 1819 2133 1990 2202; x_wconf 82' lang='grc' dir='ltr'>τηρή-</span> 
     </span>
    </p>
   </div>
   <div class='ocr_carea' id='block_1_24' title="bbox 419 2217 1993 2294">
    <p class='ocr_par' dir='ltr' id='par_1_24' title="bbox 419 2217 1993 2294">
     <span class='ocr_line' id='line_1_24' title="bbox 419 2217 1993 2294; baseline 0.002 -23"><span class='ocrx_word' id='word_1_154' title='bbox 419 2236 559 2282; x_wconf 81' lang='grc' dir='ltr'>σεως</span> <span class='ocrx_word' id='word_1_155' title='bbox 606 2221 1074 2289; x_wconf 75' lang='grc' dir='ltr'>διαπράττεσθαι·</span> <span class='ocrx_word' id='word_1_156' title='bbox 1129 2223 1195 2275; x_wconf 87' lang='grc' dir='ltr'>δι’</span> <span class='ocrx_word' id='word_1_157' title='bbox 1232 2217 1307 2278; x_wconf 80' lang='grc' dir='ltr'>ὧν</span> <span class='ocrx_word' id='word_1_158' title='bbox 1352 2223 1729 2294; x_wconf 88' lang='grc' dir='ltr'>προσάγεσθαί</span> <span class='ocrx_word' id='word_1_159' title='bbox 1762 2240 1822 2275; x_wconf 90' lang='grc' dir='ltr'><strong>τε</strong></span> <span class='ocrx_word' id='word_1_160' title='bbox 1844 2221 1993 2292; x_wconf 67' lang='grc' dir='ltr'>αὐτῷ</span> 
     </span>
    </p>
   </div>
   <div class='ocr_carea' id='block_1_25' title="bbox 418 2312 1992 2389">
    <p class='ocr_par' dir='ltr' id='par_1_25' title="bbox 418 2312 1992 2389">
     <span class='ocr_line' id='line_1_25' title="bbox 418 2312 1992 2389; baseline 0.001 -23"><span class='ocrx_word' id='word_1_161' title='bbox 418 2312 515 2366; x_wconf 74' lang='grc' dir='ltr'><strong>καὶ</strong></span> <span class='ocrx_word' id='word_1_162' title='bbox 546 2313 898 2377; x_wconf 74' lang='grc' dir='ltr'>οἰκειοῦσθαι,</span> <span class='ocrx_word' id='word_1_163' title='bbox 945 2318 1055 2379; x_wconf 85' lang='grc' dir='ltr'>τοῖς</span> <span class='ocrx_word' id='word_1_164' title='bbox 1094 2316 1267 2369; x_wconf 82' lang='grc' dir='ltr'>ταῦτα</span> <span class='ocrx_word' id='word_1_165' title='bbox 1293 2318 1709 2389; x_wconf 88' lang='grc' dir='ltr'>κατορθωκόσιν</span> <span class='ocrx_word' id='word_1_166' title='bbox 1735 2317 1992 2388; x_wconf 82' lang='grc' dir='ltr'>ἀξιοπρε-</span> 
     </span>
    </p>
   </div>
   <div class='ocr_carea' id='block_1_26' title="bbox 420 2404 1994 2480">
    <p class='ocr_par' dir='ltr' id='par_1_26' title="bbox 420 2404 1994 2480">
     <span class='ocr_line' id='line_1_26' title="bbox 420 2404 1994 2480; baseline 0.004 -26"><span class='ocrx_word' id='word_1_167' title='bbox 420 2404 541 2467; x_wconf 86' lang='grc' dir='ltr'>πῶς</span> <span class='ocrx_word' id='word_1_168' title='bbox 569 2407 915 2475; x_wconf 81' lang='grc' dir='ltr'>περιγίνεται</span> <span class='ocrx_word' id='word_1_169' title='bbox 940 2424 954 2439; x_wconf 86' lang='grc'><strong>·</strong></span> <span class='ocrx_word' id='word_1_170' title='bbox 1020 2410 1393 2480; x_wconf 81' lang='grc' dir='ltr'>μιμουμένους</span> <span class='ocrx_word' id='word_1_171' title='bbox 1429 2410 1529 2472; x_wconf 80' lang='grc' dir='ltr'>τὰς</span> <span class='ocrx_word' id='word_1_172' title='bbox 1558 2410 1856 2480; x_wconf 81' lang='grc' dir='ltr'>φρονίμους</span> <span class='ocrx_word' id='word_1_173' title='bbox 1885 2408 1994 2462; x_wconf 90' lang='grc' dir='ltr'><strong>τῶν</strong></span> 
     </span>
    </p>
   </div>
   <div class='ocr_carea' id='block_1_27' title="bbox 422 2495 1994 2572">
    <p class='ocr_par' dir='ltr' id='par_1_27' title="bbox 422 2495 1994 2572">
     <span class='ocr_line' id='line_1_27' title="bbox 422 2495 1994 2572; baseline 0.004 -26"><span class='ocrx_word' id='word_1_174' title='bbox 422 2495 709 2564; x_wconf 72' lang='grc' dir='ltr'>παρθένιον</span> <span class='ocrx_word' id='word_1_175' title='bbox 768 2500 1007 2564; x_wconf 82' lang='grc' dir='ltr'>ὲκείνας,</span> <span class='ocrx_word' id='word_1_176' title='bbox 1048 2500 1272 2564; x_wconf 78' lang='grc' dir='ltr'>καὶτὰς</span> <span class='ocrx_word' id='word_1_177' title='bbox 1317 2502 1612 2572; x_wconf 78' lang='grc' dir='ltr'>λαμπάδας</span> <span class='ocrx_word' id='word_1_178' title='bbox 1645 2500 1862 2572; x_wconf 70' lang='grc' dir='ltr'>δαψιλεῖ</span> <span class='ocrx_word' id='word_1_179' title='bbox 1916 2500 1994 2570; x_wconf 80' lang='grc' dir='ltr'>τῷ</span> 
     </span>
    </p>
   </div>
   <div class='ocr_carea' id='block_1_28' title="bbox 418 2583 1994 2662">
    <p class='ocr_par' dir='ltr' id='par_1_28' title="bbox 418 2583 1994 2662">
     <span class='ocr_line' id='line_1_28' title="bbox 418 2583 1994 2662; baseline 0.006 -27"><span class='ocrx_word' id='word_1_180' title='bbox 418 2583 583 2653; x_wconf 80' lang='grc' dir='ltr'>ἐλαίῳ</span> <span class='ocrx_word' id='word_1_181' title='bbox 604 2588 989 2657; x_wconf 80' lang='grc' dir='ltr'>κοσμουμένας</span> <span class='ocrx_word' id='word_1_182' title='bbox 1006 2590 1373 2654; x_wconf 80' lang='grc' dir='ltr'>ἀνάπτοντας,</span> <span class='ocrx_word' id='word_1_183' title='bbox 1393 2591 1469 2653; x_wconf 85' lang='grc' dir='ltr'>ὡς</span> <span class='ocrx_word' id='word_1_184' title='bbox 1501 2592 1565 2662; x_wconf 85' lang='grc' dir='ltr'>δὴ</span> <span class='ocrx_word' id='word_1_185' title='bbox 1585 2593 1994 2659; x_wconf 82' lang='grc' dir='ltr'>ὑπαντήσοντας</span> 
     </span>
    </p>
   </div>
   <div class='ocr_carea' id='block_1_29' title="bbox 417 2674 1991 2751">
    <p class='ocr_par' dir='ltr' id='par_1_29' title="bbox 417 2674 1991 2751">
     <span class='ocr_line' id='line_1_29' title="bbox 417 2674 1991 2751; baseline 0.006 -26"><span class='ocrx_word' id='word_1_186' title='bbox 417 2674 687 2745; x_wconf 77' lang='grc' dir='ltr'>ηὑτρεπισ</span> <span class='ocrx_word' id='word_1_187' title='bbox 697 2677 893 2746; x_wconf 90' lang='grc' dir='ltr'>μένους</span> <span class='ocrx_word' id='word_1_188' title='bbox 915 2679 992 2749; x_wconf 82' lang='grc' dir='ltr'>τῷ</span> <span class='ocrx_word' id='word_1_189' title='bbox 1014 2681 1231 2751; x_wconf 77' lang='grc' dir='ltr'>νυμφίῳ</span> <span class='ocrx_word' id='word_1_190' title='bbox 1253 2682 1394 2749; x_wconf 78' lang='grc' dir='ltr'>ἀωρὶ</span> <span class='ocrx_word' id='word_1_191' title='bbox 1413 2682 1522 2734; x_wconf 91' lang='grc' dir='ltr'><strong>τῶν</strong></span> <span class='ocrx_word' id='word_1_192' title='bbox 1547 2681 1759 2735; x_wconf 89' lang='grc' dir='ltr'>νυκτῶν</span> <span class='ocrx_word' id='word_1_193' title='bbox 1778 2682 1991 2751; x_wconf 77' lang='grc' dir='ltr'>ἥκοντι,</span> 
     </span>
    </p>
   </div>
   <div class='ocr_carea' id='block_1_30' title="bbox 420 2762 1993 2840">
    <p class='ocr_par' dir='ltr' id='par_1_30' title="bbox 420 2762 1993 2840">
     <span class='ocr_line' id='line_1_30' title="bbox 420 2762 1993 2840; baseline 0.006 -25"><span class='ocrx_word' id='word_1_194' title='bbox 420 2762 719 2816; x_wconf 80' lang='grc' dir='ltr'>κάντεῦθεν</span> <span class='ocrx_word' id='word_1_195' title='bbox 771 2766 1132 2821; x_wconf 78' lang='grc' dir='ltr'>ἀνενδῦαστον</span> <span class='ocrx_word' id='word_1_196' title='bbox 1165 2771 1542 2840; x_wconf 78' lang='grc' dir='ltr'>κεκτημένους</span> <span class='ocrx_word' id='word_1_197' title='bbox 1574 2770 1636 2823; x_wconf 75' lang='grc' dir='ltr'><strong>τὸ</strong></span> <span class='ocrx_word' id='word_1_198' title='bbox 1667 2769 1880 2837; x_wconf 77' lang='grc' dir='ltr'>εῦελπι,</span> <span class='ocrx_word' id='word_1_199' title='bbox 1912 2773 1993 2835; x_wconf 79' lang='grc' dir='ltr'><strong>εἰς</strong></span> 
     </span>
    </p>
   </div>
   <div class='ocr_carea' id='block_1_31' title="bbox 417 2856 1994 2930">
    <p class='ocr_par' dir='ltr' id='par_1_31' title="bbox 417 2856 1994 2930">
     <span class='ocr_line' id='line_1_31' title="bbox 417 2856 1994 2930; baseline 0.004 -24"><span class='ocrx_word' id='word_1_200' title='bbox 417 2856 543 2919; x_wconf 73' lang='grc' dir='ltr'>τοὺς</span> <span class='ocrx_word' id='word_1_201' title='bbox 571 2859 834 2926; x_wconf 77' lang='grc' dir='ltr'>ὀρεκτοὺς</span> <span class='ocrx_word' id='word_1_202' title='bbox 861 2857 1102 2923; x_wconf 76' lang='grc' dir='ltr'>ἐκείνους</span> <span class='ocrx_word' id='word_1_203' title='bbox 1121 2860 1216 2912; x_wconf 74' lang='grc' dir='ltr'><strong>καὶ</strong></span> <span class='ocrx_word' id='word_1_204' title='bbox 1230 2862 1724 2930; x_wconf 81' lang='grc' dir='ltr'>ἀναπεπταμένους</span> <span class='ocrx_word' id='word_1_205' title='bbox 1747 2860 1856 2916; x_wconf 90' lang='grc' dir='ltr'><strong>τῶν</strong></span> <span class='ocrx_word' id='word_1_206' title='bbox 1884 2878 1994 2913; x_wconf 84' lang='grc' dir='ltr'>πα-</span> 
     </span>
    </p>
   </div>
   <div class='ocr_carea' id='block_1_32' title="bbox 419 2947 1994 3021">
    <p class='ocr_par' dir='ltr' id='par_1_32' title="bbox 419 2947 1994 3021">
     <span class='ocr_line' id='line_1_32' title="bbox 419 2947 1994 3021; baseline 0.004 -24"><span class='ocrx_word' id='word_1_207' title='bbox 419 2947 699 3017; x_wconf 85' lang='grc' dir='ltr'>τριαρχῶν</span> <span class='ocrx_word' id='word_1_208' title='bbox 721 2948 978 3013; x_wconf 78' lang='grc' dir='ltr'>κόλπους,</span> <span class='ocrx_word' id='word_1_209' title='bbox 1003 2950 1102 3013; x_wconf 66' lang='grc' dir='ltr'><strong>τὰς</strong></span> <span class='ocrx_word' id='word_1_210' title='bbox 1130 2951 1409 3021; x_wconf 84' lang='grc' dir='ltr'>μακαρίας</span> <span class='ocrx_word' id='word_1_211' title='bbox 1436 2952 1652 3013; x_wconf 85' lang='grc' dir='ltr'>ὲκείνας</span> <span class='ocrx_word' id='word_1_212' title='bbox 1693 2950 1864 3021; x_wconf 76' lang='grc' dir='ltr'>μονὰς</span> <span class='ocrx_word' id='word_1_213' title='bbox 1899 2951 1994 3003; x_wconf 82' lang='grc' dir='ltr'>καὶ</span> 
     </span>
    </p>
   </div>
   <div class='ocr_carea' id='block_1_33' title="bbox 422 3024 1989 3109">
    <p class='ocr_par' dir='ltr' id='par_1_33' title="bbox 422 3038 1989 3109">
     <span class='ocr_line' id='line_1_33' title="bbox 422 3038 1989 3109; baseline 0.002 -20"><span class='ocrx_word' id='word_1_214' title='bbox 422 3038 866 3109; x_wconf 63' lang='grc' dir='ltr'>ἀποκληρώσεις,</span> <span class='ocrx_word' id='word_1_215' title='bbox 923 3039 1127 3104; x_wconf 79' lang='grc' dir='ltr'>αἵτινές</span> <span class='ocrx_word' id='word_1_216' title='bbox 1152 3040 1285 3094; x_wconf 82' lang='grc' dir='ltr'>ποτέ</span> <span class='ocrx_word' id='word_1_217' title='bbox 1313 3043 1472 3103; x_wconf 82' lang='grc' dir='ltr'>εἰσιν,</span> <span class='ocrx_word' id='word_1_218' title='bbox 1502 3040 1989 3109; x_wconf 79' lang='grc' dir='ltr'>ἀνακλιθήσεσθαι·</span> 
     </span>
    </p>
   </div>
   <div class='ocr_carea' id='block_1_34' title="bbox 2090 587 3662 662">
    <p class='ocr_par' dir='ltr' id='par_1_34' title="bbox 2090 587 3662 662">
     <span class='ocr_line' id='line_1_34' title="bbox 2090 587 3662 662; baseline -0.008 -12"><span class='ocrx_word' id='word_1_219' title='bbox 2090 597 2219 651; x_wconf 70' lang='lat' dir='ltr'><strong>salis</strong></span> <span class='ocrx_word' id='word_1_220' title='bbox 2248 599 2401 655; x_wconf 84' lang='lat' dir='ltr'><strong>Deus,</strong></span> <span class='ocrx_word' id='word_1_221' title='bbox 2428 612 2546 648; x_wconf 72' lang='lat' dir='ltr'><strong>cum</strong></span> <span class='ocrx_word' id='word_1_222' title='bbox 2577 596 2856 649; x_wconf 83' lang='lat' dir='ltr'><strong>beatarum</strong></span> <span class='ocrx_word' id='word_1_223' title='bbox 2886 592 3208 662; x_wconf 77' lang='lat' dir='ltr'><strong>spiritalium</strong></span> <span class='ocrx_word' id='word_1_224' title='bbox 3238 593 3496 642; x_wconf 85' lang='lat' dir='ltr'><strong>virtutum</strong></span> <span class='ocrx_word' id='word_1_225' title='bbox 3524 587 3662 639; x_wconf 85' lang='lat' dir='ltr'><strong>mul-</strong></span> 
     </span>
    </p>
   </div>
   <div class='ocr_carea' id='block_1_35' title="bbox 2095 677 3663 754">
    <p class='ocr_par' dir='ltr' id='par_1_35' title="bbox 2095 677 3663 754">
     <span class='ocr_line' id='line_1_35' title="bbox 2095 677 3663 754; baseline -0.008 -14"><span class='ocrx_word' id='word_1_226' title='bbox 2095 689 2361 751; x_wconf 84' lang='lat' dir='ltr'><strong>titudine,</strong></span> <span class='ocrx_word' id='word_1_227' title='bbox 2421 703 2652 754; x_wconf 83' lang='lat' dir='ltr'><strong>cumque</strong></span> <span class='ocrx_word' id='word_1_228' title='bbox 2702 697 2921 753; x_wconf 87' lang='lat' dir='ltr'><strong>paterna</strong></span> <span class='ocrx_word' id='word_1_229' title='bbox 2970 683 3173 752; x_wconf 79' lang='lat' dir='ltr'><strong>gloria,</strong></span> <span class='ocrx_word' id='word_1_230' title='bbox 3227 690 3293 735; x_wconf 87' lang='lat' dir='ltr'><strong>de</strong></span> <span class='ocrx_word' id='word_1_231' title='bbox 3340 677 3479 733; x_wconf 78' lang='lat' dir='ltr'><strong>etelo</strong></span> <span class='ocrx_word' id='word_1_232' title='bbox 3523 680 3663 731; x_wconf 85' lang='lat' dir='ltr'><strong>sicut</strong></span> 
     </span>
    </p>
   </div>
   <div class='ocr_carea' id='block_1_36' title="bbox 2093 768 3660 840">
    <p class='ocr_par' dir='ltr' id='par_1_36' title="bbox 2093 768 3660 840">
     <span class='ocr_line' id='line_1_36' title="bbox 2093 768 3660 840; baseline -0.007 -8"><span class='ocrx_word' id='word_1_233' title='bbox 2093 781 2376 832; x_wconf 80' lang='lat' dir='ltr'><strong>classicum</strong></span> <span class='ocrx_word' id='word_1_234' title='bbox 2421 779 2849 839; x_wconf 87' lang='lat' dir='ltr'><strong>cecinitaderit,</strong></span> <span class='ocrx_word' id='word_1_235' title='bbox 2892 786 3309 840; x_wconf 87' lang='lat' dir='ltr'><strong>creaturamque</strong></span> <span class='ocrx_word' id='word_1_236' title='bbox 3348 786 3566 824; x_wconf 90' lang='lat' dir='ltr'><strong>omnem</strong></span> <span class='ocrx_word' id='word_1_237' title='bbox 3605 768 3660 822; x_wconf 92' lang='lat' dir='ltr'><strong>in</strong></span> 
     </span>
    </p>
   </div>
   <div class='ocr_carea' id='block_1_37' title="bbox 2085 862 3658 938">
    <p class='ocr_par' dir='ltr' id='par_1_37' title="bbox 2085 862 3658 938">
     <span class='ocr_line' id='line_1_37' title="bbox 2085 862 3658 938; baseline -0.007 -17"><span class='ocrx_word' id='word_1_238' title='bbox 2085 870 2347 938; x_wconf 78' lang='lat' dir='ltr'><strong>judicium</strong></span> <span class='ocrx_word' id='word_1_239' title='bbox 2374 871 2637 935; x_wconf 86' lang='lat' dir='ltr'><strong>adducet;</strong></span> <span class='ocrx_word' id='word_1_240' title='bbox 2664 867 3010 937; x_wconf 80' lang='lat' dir='ltr'><strong>singulosque</strong></span> <span class='ocrx_word' id='word_1_241' title='bbox 3036 876 3197 934; x_wconf 91' lang='lat' dir='ltr'><strong>prout</strong></span> <span class='ocrx_word' id='word_1_242' title='bbox 3216 862 3453 916; x_wconf 76' lang='lat' dir='ltr'><strong>vixerint</strong></span> <span class='ocrx_word' id='word_1_243' title='bbox 3474 874 3658 914; x_wconf 89' lang='lat' dir='ltr'><strong>remu-</strong></span> 
     </span>
    </p>
   </div>
   <div class='ocr_carea' id='block_1_38' title="bbox 2094 952 3660 1023">
    <p class='ocr_par' dir='ltr' id='par_1_38' title="bbox 2094 952 3660 1023">
     <span class='ocr_line' id='line_1_38' title="bbox 2094 952 3660 1023; baseline -0.008 -10"><span class='ocrx_word' id='word_1_244' title='bbox 2094 960 2410 1023; x_wconf 83' lang='lat' dir='ltr'><strong>ncrabitur;</strong></span> <span class='ocrx_word' id='word_1_245' title='bbox 2447 971 2557 1012; x_wconf 89' lang='lat' dir='ltr'><strong>tum</strong></span> <span class='ocrx_word' id='word_1_246' title='bbox 2601 975 2724 1013; x_wconf 89' lang='lat' dir='ltr'><strong>eum</strong></span> <span class='ocrx_word' id='word_1_247' title='bbox 2759 957 3043 1019; x_wconf 82' lang='lat' dir='ltr'><strong>videlicet,</strong></span> <span class='ocrx_word' id='word_1_248' title='bbox 3089 954 3179 1023; x_wconf 92' lang='lat' dir='ltr'><strong>qui</strong></span> <span class='ocrx_word' id='word_1_249' title='bbox 3214 952 3400 1007; x_wconf 85' lang='lat' dir='ltr'><strong>carnis</strong></span> <span class='ocrx_word' id='word_1_250' title='bbox 3450 958 3660 1004; x_wconf 88' lang='lat' dir='ltr'><strong>tantum</strong></span> 
     </span>
    </p>
   </div>
   <div class='ocr_carea' id='block_1_39' title="bbox 2093 1046 3661 1118">
    <p class='ocr_par' dir='ltr' id='par_1_39' title="bbox 2093 1046 3661 1118">
     <span class='ocr_line' id='line_1_39' title="bbox 2093 1046 3661 1118; baseline -0.008 -13"><span class='ocrx_word' id='word_1_251' title='bbox 2093 1052 2481 1118; x_wconf 86' lang='lat' dir='ltr'><strong>cupiditatibus</strong></span> <span class='ocrx_word' id='word_1_252' title='bbox 2513 1051 2782 1105; x_wconf 90' lang='lat' dir='ltr'><strong>serviliter</strong></span> <span class='ocrx_word' id='word_1_253' title='bbox 2811 1050 3045 1113; x_wconf 87' lang='lat' dir='ltr'><strong>deditus,</strong></span> <span class='ocrx_word' id='word_1_254' title='bbox 3088 1046 3332 1112; x_wconf 85' lang='lat' dir='ltr'><strong>nihilque</strong></span> <span class='ocrx_word' id='word_1_255' title='bbox 3365 1058 3530 1111; x_wconf 80' lang='lat' dir='ltr'><strong>supra</strong></span> <span class='ocrx_word' id='word_1_256' title='bbox 3572 1055 3661 1093; x_wconf 76' lang='lat' dir='ltr'><strong>res</strong></span> 
     </span>
    </p>
   </div>
   <div class='ocr_carea' id='block_1_40' title="bbox 2092 1137 3658 1210">
    <p class='ocr_par' dir='ltr' id='par_1_40' title="bbox 2092 1137 3658 1210">
     <span class='ocr_line' id='line_1_40' title="bbox 2092 1137 3658 1210; baseline -0.008 -16"><span class='ocrx_word' id='word_1_257' title='bbox 2092 1144 2332 1197; x_wconf 89' lang='lat' dir='ltr'><strong>visibiles</strong></span> <span class='ocrx_word' id='word_1_258' title='bbox 2360 1147 2603 1210; x_wconf 78' lang='lat' dir='ltr'><strong>cogitans</strong></span> <span class='ocrx_word' id='word_1_259' title='bbox 2623 1185 2637 1207; x_wconf 88' lang='lat'><strong>,</strong></span> <span class='ocrx_word' id='word_1_260' title='bbox 2667 1143 2732 1194; x_wconf 87' lang='lat' dir='ltr'><strong>ad</strong></span> <span class='ocrx_word' id='word_1_261' title='bbox 2769 1152 2968 1194; x_wconf 86' lang='lat' dir='ltr'><strong>terram</strong></span> <span class='ocrx_word' id='word_1_262' title='bbox 2998 1154 3202 1208; x_wconf 89' lang='lat' dir='ltr'><strong>pronus</strong></span> <span class='ocrx_word' id='word_1_263' title='bbox 3224 1137 3511 1199; x_wconf 88' lang='lat' dir='ltr'><strong>incubuit;</strong></span> <span class='ocrx_word' id='word_1_264' title='bbox 3544 1143 3658 1185; x_wconf 90' lang='lat' dir='ltr'><strong>tum</strong></span> 
     </span>
    </p>
   </div>
   <div class='ocr_carea' id='block_1_41' title="bbox 2093 1226 3661 1302">
    <p class='ocr_par' dir='ltr' id='par_1_41' title="bbox 2093 1226 3661 1302">
     <span class='ocr_line' id='line_1_41' title="bbox 2093 1226 3661 1302; baseline -0.009 -14"><span class='ocrx_word' id='word_1_265' title='bbox 2093 1235 2240 1288; x_wconf 92' lang='lat' dir='ltr'><strong>illum</strong></span> <span class='ocrx_word' id='word_1_266' title='bbox 2279 1234 2369 1302; x_wconf 87' lang='lat' dir='ltr'><strong>qui</strong></span> <span class='ocrx_word' id='word_1_267' title='bbox 2404 1234 2593 1302; x_wconf 79' lang='lat' dir='ltr'><strong>Spiritu</strong></span> <span class='ocrx_word' id='word_1_268' title='bbox 2632 1247 2848 1286; x_wconf 81' lang='lat' dir='ltr'><strong>sursum</strong></span> <span class='ocrx_word' id='word_1_269' title='bbox 2877 1231 3054 1291; x_wconf 88' lang='lat' dir='ltr'><strong>elato,</strong></span> <span class='ocrx_word' id='word_1_270' title='bbox 3088 1229 3290 1282; x_wconf 88' lang='lat' dir='ltr'><strong>futuris</strong></span> <span class='ocrx_word' id='word_1_271' title='bbox 3327 1226 3490 1280; x_wconf 90' lang='lat' dir='ltr'><strong>rebus</strong></span> <span class='ocrx_word' id='word_1_272' title='bbox 3532 1231 3661 1276; x_wconf 87' lang='lat' dir='ltr'><strong>ante</strong></span> 
     </span>
    </p>
   </div>
   <div class='ocr_carea' id='block_1_42' title="bbox 2092 1316 3658 1392">
    <p class='ocr_par' dir='ltr' id='par_1_42' title="bbox 2092 1316 3658 1392">
     <span class='ocr_line' id='line_1_42' title="bbox 2092 1316 3658 1392; baseline -0.01 -15"><span class='ocrx_word' id='word_1_273' title='bbox 2092 1326 2252 1377; x_wconf 89' lang='lat' dir='ltr'><strong>etiam</strong></span> <span class='ocrx_word' id='word_1_274' title='bbox 2276 1339 2434 1392; x_wconf 89' lang='lat' dir='ltr'><strong>quam</strong></span> <span class='ocrx_word' id='word_1_275' title='bbox 2462 1324 2588 1376; x_wconf 76' lang='lat' dir='ltr'><strong>hinc</strong></span> <span class='ocrx_word' id='word_1_276' title='bbox 2614 1323 2892 1391; x_wconf 77' lang='lat' dir='ltr'><strong>migraret,</strong></span> <span class='ocrx_word' id='word_1_277' title='bbox 2915 1334 3014 1373; x_wconf 89' lang='lat' dir='ltr'><strong>ceu</strong></span> <span class='ocrx_word' id='word_1_278' title='bbox 3038 1316 3392 1388; x_wconf 67' lang='lat' dir='ltr'><strong>prwsentibus</strong></span> <span class='ocrx_word' id='word_1_279' title='bbox 3419 1322 3658 1366; x_wconf 92' lang='lat' dir='ltr'><strong>mentem</strong></span> 
     </span>
    </p>
   </div>
   <div class='ocr_carea' id='block_1_43' title="bbox 2094 1409 3662 1481">
    <p class='ocr_par' dir='ltr' id='par_1_43' title="bbox 2094 1409 3662 1481">
     <span class='ocr_line' id='line_1_43' title="bbox 2094 1409 3662 1481; baseline -0.008 -15"><span class='ocrx_word' id='word_1_280' title='bbox 2094 1415 2345 1478; x_wconf 75' lang='lat' dir='ltr'><strong>intendit,</strong></span> <span class='ocrx_word' id='word_1_281' title='bbox 2376 1414 2648 1481; x_wconf 82' lang='lat' dir='ltr'><strong>divinique</strong></span> <span class='ocrx_word' id='word_1_282' title='bbox 2675 1412 2877 1465; x_wconf 88' lang='lat' dir='ltr'><strong>amoris</strong></span> <span class='ocrx_word' id='word_1_283' title='bbox 2910 1412 3010 1465; x_wconf 89' lang='lat' dir='ltr'><strong>alis</strong></span> <span class='ocrx_word' id='word_1_284' title='bbox 3042 1409 3356 1471; x_wconf 90' lang='lat' dir='ltr'><strong>subvectus,</strong></span> <span class='ocrx_word' id='word_1_285' title='bbox 3391 1417 3662 1470; x_wconf 86' lang='lat' dir='ltr'><strong>superna-</strong></span> 
     </span>
    </p>
   </div>
   <div class='ocr_carea' id='block_1_44' title="bbox 2094 1493 3663 1569">
    <p class='ocr_par' dir='ltr' id='par_1_44' title="bbox 2094 1493 3663 1569">
     <span class='ocr_line' id='line_1_44' title="bbox 2094 1493 3663 1569; baseline -0.01 -11"><span class='ocrx_word' id='word_1_286' title='bbox 2094 1524 2209 1558; x_wconf 92' lang='lat' dir='ltr'><strong>rum</strong></span> <span class='ocrx_word' id='word_1_287' title='bbox 2238 1507 2529 1559; x_wconf 75' lang='lat' dir='ltr'><strong>stationum</strong></span> <span class='ocrx_word' id='word_1_288' title='bbox 2564 1505 2950 1558; x_wconf 78' lang='lat' dir='ltr'><strong>beatitudinem</strong></span> <span class='ocrx_word' id='word_1_289' title='bbox 2978 1500 3375 1569; x_wconf 74' lang='lat' dir='ltr'><strong>contemplatus</strong></span> <span class='ocrx_word' id='word_1_290' title='bbox 3407 1504 3513 1549; x_wconf 87' lang='lat' dir='ltr'><strong>est.</strong></span> <span class='ocrx_word' id='word_1_291' title='bbox 3542 1493 3663 1556; x_wconf 89' lang='lat' dir='ltr'><strong>llis,</strong></span> 
     </span>
    </p>
   </div>
   <div class='ocr_carea' id='block_1_45' title="bbox 2092 1583 3668 1666">
    <p class='ocr_par' dir='ltr' id='par_1_45' title="bbox 2092 1583 3668 1666">
     <span class='ocr_line' id='line_1_45' title="bbox 2092 1583 3668 1666; baseline -0.011 -15"><span class='ocrx_word' id='word_1_292' title='bbox 2092 1598 2336 1666; x_wconf 87' lang='lat' dir='ltr'><strong>inquam,</strong></span> <span class='ocrx_word' id='word_1_293' title='bbox 2376 1599 2547 1665; x_wconf 80' lang='lat' dir='ltr'><strong>magis</strong></span> <span class='ocrx_word' id='word_1_294' title='bbox 2579 1597 2879 1658; x_wconf 72' lang='lat' dir='ltr'><strong>adhaerere,</strong></span> <span class='ocrx_word' id='word_1_295' title='bbox 2914 1601 3203 1658; x_wconf 88' lang='lat' dir='ltr'><strong>motusque</strong></span> <span class='ocrx_word' id='word_1_296' title='bbox 3243 1597 3461 1642; x_wconf 86' lang='lat' dir='ltr'><strong>nostros</strong></span> <span class='ocrx_word' id='word_1_297' title='bbox 3504 1594 3557 1636; x_wconf 91' lang='lat' dir='ltr'><strong>et</strong></span> <span class='ocrx_word' id='word_1_298' title='bbox 3585 1583 3668 1635; x_wconf 84' lang='lat' dir='ltr'><strong>in-</strong></span> 
     </span>
    </p>
   </div>
   <div class='ocr_carea' id='block_1_46' title="bbox 2092 1673 3667 1753">
    <p class='ocr_par' dir='ltr' id='par_1_46' title="bbox 2092 1673 3667 1753">
     <span class='ocr_line' id='line_1_46' title="bbox 2092 1673 3667 1753; baseline -0.012 -12"><span class='ocrx_word' id='word_1_299' title='bbox 2092 1690 2409 1742; x_wconf 87' lang='lat' dir='ltr'><strong>clinationes</strong></span> <span class='ocrx_word' id='word_1_300' title='bbox 2440 1688 2508 1740; x_wconf 90' lang='lat' dir='ltr'><strong>ad</strong></span> <span class='ocrx_word' id='word_1_301' title='bbox 2555 1686 2777 1740; x_wconf 84' lang='lat' dir='ltr'><strong>meliora</strong></span> <span class='ocrx_word' id='word_1_302' title='bbox 2825 1694 2989 1753; x_wconf 90' lang='lat' dir='ltr'><strong>atque</strong></span> <span class='ocrx_word' id='word_1_303' title='bbox 3022 1681 3240 1736; x_wconf 85' lang='lat' dir='ltr'><strong>utiliora</strong></span> <span class='ocrx_word' id='word_1_304' title='bbox 3273 1684 3550 1746; x_wconf 90' lang='lat' dir='ltr'><strong>oporteret</strong></span> <span class='ocrx_word' id='word_1_305' title='bbox 3582 1673 3667 1724; x_wconf 79' lang='lat' dir='ltr'><strong>tli-</strong></span> 
     </span>
    </p>
   </div>
   <div class='ocr_carea' id='block_1_47' title="bbox 2096 1766 3664 1847">
    <p class='ocr_par' dir='ltr' id='par_1_47' title="bbox 2096 1766 3664 1847">
     <span class='ocr_line' id='line_1_47' title="bbox 2096 1766 3664 1847; baseline -0.016 -11"><span class='ocrx_word' id='word_1_306' title='bbox 2096 1779 2299 1847; x_wconf 75' lang='lat' dir='ltr'><strong>rigere;</strong></span> <span class='ocrx_word' id='word_1_307' title='bbox 2380 1778 2683 1845; x_wconf 84' lang='lat' dir='ltr'><strong>mentisque</strong></span> <span class='ocrx_word' id='word_1_308' title='bbox 2754 1774 3083 1838; x_wconf 78' lang='lat' dir='ltr'><strong>sobrietate,</strong></span> <span class='ocrx_word' id='word_1_309' title='bbox 3159 1780 3212 1823; x_wconf 87' lang='lat' dir='ltr'><strong>et</strong></span> <span class='ocrx_word' id='word_1_310' title='bbox 3272 1766 3664 1833; x_wconf 64' lang='lat' dir='ltr'><strong>cogitationum</strong></span> 
     </span>
    </p>
   </div>
   <div class='ocr_carea' id='block_1_48' title="bbox 2095 1850 3666 1936">
    <p class='ocr_par' dir='ltr' id='par_1_48' title="bbox 2095 1850 3666 1936">
     <span class='ocr_line' id='line_1_48' title="bbox 2095 1850 3666 1936; baseline -0.011 -16"><span class='ocrx_word' id='word_1_311' title='bbox 2095 1867 2349 1936; x_wconf 78' lang='lat' dir='ltr'><strong>puritate,</strong></span> <span class='ocrx_word' id='word_1_312' title='bbox 2394 1882 2493 1921; x_wconf 89' lang='lat' dir='ltr'><strong>nec</strong></span> <span class='ocrx_word' id='word_1_313' title='bbox 2534 1882 2639 1920; x_wconf 87' lang='lat' dir='ltr'><strong>non</strong></span> <span class='ocrx_word' id='word_1_314' title='bbox 2681 1866 2936 1934; x_wconf 74' lang='lat' dir='ltr'><strong>vigilante</strong></span> <span class='ocrx_word' id='word_1_315' title='bbox 2974 1863 3167 1916; x_wconf 71' lang='lat' dir='ltr'><strong>anima:</strong></span> <span class='ocrx_word' id='word_1_316' title='bbox 3208 1850 3666 1924; x_wconf 71' lang='lat' dir='ltr'><strong>oculo,quidtpiid</strong></span> 
     </span>
    </p>
   </div>
   <div class='ocr_carea' id='block_1_49' title="bbox 2098 1948 3666 2026">
    <p class='ocr_par' dir='ltr' id='par_1_49' title="bbox 2098 1948 3666 2026">
     <span class='ocr_line' id='line_1_49' title="bbox 2098 1948 3666 2026; baseline -0.003 -14"><span class='ocrx_word' id='word_1_317' title='bbox 2098 1959 2205 2012; x_wconf 85' lang='lat' dir='ltr'><strong>Deo</strong></span> <span class='ocrx_word' id='word_1_318' title='bbox 2240 1960 2597 2013; x_wconf 79' lang='lat' dir='ltr'><strong>honorificum</strong></span> <span class='ocrx_word' id='word_1_319' title='bbox 2638 1957 3002 2026; x_wconf 71' lang='lat' dir='ltr'><strong>placitumque</strong></span> <span class='ocrx_word' id='word_1_320' title='bbox 3040 1964 3164 2017; x_wconf 91' lang='lat' dir='ltr'><strong>est,</strong></span> <span class='ocrx_word' id='word_1_321' title='bbox 3198 1948 3412 2018; x_wconf 84' lang='lat' dir='ltr'><strong>Operari</strong></span> <span class='ocrx_word' id='word_1_322' title='bbox 3456 1960 3469 1999; x_wconf 83' lang='lat'><strong>:</strong></span> <span class='ocrx_word' id='word_1_323' title='bbox 3503 1956 3666 2008; x_wconf 69' lang='grc' dir='ltr'>ιιιειιιο</span> 
     </span>
    </p>
   </div>
   <div class='ocr_carea' id='block_1_50' title="bbox 2095 2032 3663 2115">
    <p class='ocr_par' dir='ltr' id='par_1_50' title="bbox 2095 2032 3663 2115">
     <span class='ocr_line' id='line_1_50' title="bbox 2095 2032 3663 2115; baseline -0.011 -16"><span class='ocrx_word' id='word_1_324' title='bbox 2095 2060 2153 2099; x_wconf 93' lang='lat' dir='ltr'><strong>ut</strong></span> <span class='ocrx_word' id='word_1_325' title='bbox 2171 2048 2493 2115; x_wconf 89' lang='lat' dir='ltr'><strong>compendio</strong></span> <span class='ocrx_word' id='word_1_326' title='bbox 2518 2048 2717 2106; x_wconf 87' lang='lat' dir='ltr'><strong>dicam,</strong></span> <span class='ocrx_word' id='word_1_327' title='bbox 2743 2042 3001 2110; x_wconf 84' lang='lat' dir='ltr'><strong>quidquid</strong></span> <span class='ocrx_word' id='word_1_328' title='bbox 3027 2041 3187 2094; x_wconf 88' lang='lat' dir='ltr'><strong>saluti</strong></span> <span class='ocrx_word' id='word_1_329' title='bbox 3217 2039 3411 2091; x_wconf 72' lang='lat' dir='ltr'><strong>anima:</strong></span> <span class='ocrx_word' id='word_1_330' title='bbox 3432 2032 3663 2091; x_wconf 80' lang='lat' dir='ltr'><strong>confert,</strong></span> 
     </span>
    </p>
   </div>
   <div class='ocr_carea' id='block_1_51' title="bbox 2094 2124 3668 2202">
    <p class='ocr_par' dir='ltr' id='par_1_51' title="bbox 2094 2124 3668 2202">
     <span class='ocr_line' id='line_1_51' title="bbox 2094 2124 3668 2202; baseline -0.011 -13"><span class='ocrx_word' id='word_1_331' title='bbox 2094 2136 2146 2189; x_wconf 89' lang='lat' dir='ltr'><strong>id</strong></span> <span class='ocrx_word' id='word_1_332' title='bbox 2174 2136 2318 2189; x_wconf 91' lang='lat' dir='ltr'><strong>omni</strong></span> <span class='ocrx_word' id='word_1_333' title='bbox 2346 2136 2526 2190; x_wconf 88' lang='lat' dir='ltr'><strong>studio</strong></span> <span class='ocrx_word' id='word_1_334' title='bbox 2556 2140 2651 2202; x_wconf 78' lang='lat' dir='ltr'><strong>per</strong></span> <span class='ocrx_word' id='word_1_335' title='bbox 2680 2130 3044 2199; x_wconf 59' lang='lat' dir='ltr'><strong>divintedegis</strong></span> <span class='ocrx_word' id='word_1_336' title='bbox 3076 2124 3475 2182; x_wconf 84' lang='lat' dir='ltr'><strong>observantiam</strong></span> <span class='ocrx_word' id='word_1_337' title='bbox 3511 2136 3668 2174; x_wconf 76' lang='lat' dir='ltr'><strong>exse-</strong></span> 
     </span>
    </p>
   </div>
   <div class='ocr_carea' id='block_1_52' title="bbox 2096 2211 3662 2294">
    <p class='ocr_par' dir='ltr' id='par_1_52' title="bbox 2096 2211 3662 2294">
     <span class='ocr_line' id='line_1_52' title="bbox 2096 2211 3662 2294; baseline -0.013 -15"><span class='ocrx_word' id='word_1_338' title='bbox 2096 2229 2185 2294; x_wconf 88' lang='lat' dir='ltr'><strong>qui</strong></span> <span class='ocrx_word' id='word_1_339' title='bbox 2220 2245 2237 2282; x_wconf 77' lang='lat'><strong>:</strong></span> <span class='ocrx_word' id='word_1_340' title='bbox 2270 2243 2392 2280; x_wconf 90' lang='lat' dir='ltr'><strong>nam</strong></span> <span class='ocrx_word' id='word_1_341' title='bbox 2435 2227 2516 2281; x_wconf 87' lang='lat' dir='ltr'><strong>sic</strong></span> <span class='ocrx_word' id='word_1_342' title='bbox 2548 2223 2845 2293; x_wconf 80' lang='lat' dir='ltr'><strong>contingit,</strong></span> <span class='ocrx_word' id='word_1_343' title='bbox 2876 2231 2935 2274; x_wconf 92' lang='lat' dir='ltr'><strong>ut</strong></span> <span class='ocrx_word' id='word_1_344' title='bbox 2965 2220 3032 2273; x_wconf 90' lang='lat' dir='ltr'><strong>ad</strong></span> <span class='ocrx_word' id='word_1_345' title='bbox 3064 2217 3156 2272; x_wconf 87' lang='lat' dir='ltr'><strong>Dei</strong></span> <span class='ocrx_word' id='word_1_346' title='bbox 3195 2211 3662 2270; x_wconf 78' lang='lat' dir='ltr'><strong>familiaritatem,</strong></span> 
     </span>
    </p>
   </div>
   <div class='ocr_carea' id='block_1_53' title="bbox 2097 2297 3666 2386">
    <p class='ocr_par' dir='ltr' id='par_1_53' title="bbox 2097 2297 3666 2386">
     <span class='ocr_line' id='line_1_53' title="bbox 2097 2297 3666 2386; baseline -0.013 -17"><span class='ocrx_word' id='word_1_347' title='bbox 2097 2318 2149 2369; x_wconf 78' lang='lat' dir='ltr'><strong>hi</strong></span> <span class='ocrx_word' id='word_1_348' title='bbox 2203 2318 2293 2386; x_wconf 87' lang='lat' dir='ltr'><strong>qui</strong></span> <span class='ocrx_word' id='word_1_349' title='bbox 2343 2317 2414 2369; x_wconf 92' lang='lat' dir='ltr'><strong>ita</strong></span> <span class='ocrx_word' id='word_1_350' title='bbox 2467 2329 2527 2368; x_wconf 89' lang='lat' dir='ltr'><strong>se</strong></span> <span class='ocrx_word' id='word_1_351' title='bbox 2573 2323 2803 2384; x_wconf 78' lang='lat' dir='ltr'><strong>gerunt,</strong></span> <span class='ocrx_word' id='word_1_352' title='bbox 2844 2308 3203 2380; x_wconf 86' lang='lat' dir='ltr'><strong>perveniant,</strong></span> <span class='ocrx_word' id='word_1_353' title='bbox 3243 2303 3515 2372; x_wconf 84' lang='lat' dir='ltr'><strong>sapientes</strong></span> <span class='ocrx_word' id='word_1_354' title='bbox 3548 2297 3666 2351; x_wconf 77' lang='lat' dir='ltr'><strong>illas</strong></span> 
     </span>
    </p>
   </div>
   <div class='ocr_carea' id='block_1_54' title="bbox 2096 2394 3669 2474">
    <p class='ocr_par' dir='ltr' id='par_1_54' title="bbox 2096 2394 3669 2474">
     <span class='ocr_line' id='line_1_54' title="bbox 2096 2394 3669 2474; baseline -0.012 -12"><span class='ocrx_word' id='word_1_355' title='bbox 2096 2408 2353 2462; x_wconf 88' lang='lat' dir='ltr'><strong>nimirum</strong></span> <span class='ocrx_word' id='word_1_356' title='bbox 2417 2406 2696 2463; x_wconf 77' lang='lat' dir='ltr'><strong>imitantes</strong></span> <span class='ocrx_word' id='word_1_357' title='bbox 2750 2404 3031 2474; x_wconf 77' lang='lat' dir='ltr'><strong>virgines,</strong></span> <span class='ocrx_word' id='word_1_358' title='bbox 3090 2411 3327 2466; x_wconf 88' lang='lat' dir='ltr'><strong>suasque</strong></span> <span class='ocrx_word' id='word_1_359' title='bbox 3392 2394 3669 2459; x_wconf 83' lang='lat' dir='ltr'><strong>lampades</strong></span> 
     </span>
    </p>
   </div>
   <div class='ocr_carea' id='block_1_55' title="bbox 2098 2486 3667 2571">
    <p class='ocr_par' dir='ltr' id='par_1_55' title="bbox 2098 2486 3667 2571">
     <span class='ocr_line' id='line_1_55' title="bbox 2098 2486 3667 2571; baseline -0.014 -17"><span class='ocrx_word' id='word_1_360' title='bbox 2098 2500 2319 2571; x_wconf 81' lang='lat' dir='ltr'><strong>cepioso</strong></span> <span class='ocrx_word' id='word_1_361' title='bbox 2352 2499 2473 2553; x_wconf 90' lang='lat' dir='ltr'><strong>oleo</strong></span> <span class='ocrx_word' id='word_1_362' title='bbox 2500 2497 2795 2551; x_wconf 86' lang='lat' dir='ltr'><strong>instructas</strong></span> <span class='ocrx_word' id='word_1_363' title='bbox 2832 2494 3213 2550; x_wconf 85' lang='lat' dir='ltr'><strong>accendentes,</strong></span> <span class='ocrx_word' id='word_1_364' title='bbox 3248 2495 3304 2539; x_wconf 87' lang='lat' dir='ltr'><strong>ut</strong></span> <span class='ocrx_word' id='word_1_365' title='bbox 3340 2486 3479 2538; x_wconf 81' lang='lat' dir='ltr'><strong>bene</strong></span> <span class='ocrx_word' id='word_1_366' title='bbox 3516 2499 3667 2535; x_wconf 84' lang='lat' dir='ltr'><strong>cutu-</strong></span> 
     </span>
    </p>
   </div>
   <div class='ocr_carea' id='block_1_56' title="bbox 2095 2574 3664 2663">
    <p class='ocr_par' dir='ltr' id='par_1_56' title="bbox 2095 2574 3664 2663">
     <span class='ocr_line' id='line_1_56' title="bbox 2095 2574 3664 2663; baseline -0.014 -18"><span class='ocrx_word' id='word_1_367' title='bbox 2095 2592 2267 2663; x_wconf 78' lang='lat' dir='ltr'><strong>parati</strong></span> <span class='ocrx_word' id='word_1_368' title='bbox 2326 2604 2524 2658; x_wconf 84' lang='lat' dir='ltr'><strong>sponso</strong></span> <span class='ocrx_word' id='word_1_369' title='bbox 2581 2594 2873 2642; x_wconf 84' lang='lat' dir='ltr'><strong>occurrant</strong></span> <span class='ocrx_word' id='word_1_370' title='bbox 2925 2584 3248 2649; x_wconf 87' lang='lat' dir='ltr'><strong>intempesta</strong></span> <span class='ocrx_word' id='word_1_371' title='bbox 3308 2576 3480 2630; x_wconf 88' lang='lat' dir='ltr'><strong>noctis</strong></span> <span class='ocrx_word' id='word_1_372' title='bbox 3531 2574 3664 2628; x_wconf 82' lang='lat' dir='ltr'><strong>hora</strong></span> 
     </span>
    </p>
   </div>
   <div class='ocr_carea' id='block_1_57' title="bbox 2095 2668 3665 2753">
    <p class='ocr_par' dir='ltr' id='par_1_57' title="bbox 2095 2668 3665 2753">
     <span class='ocr_line' id='line_1_57' title="bbox 2095 2668 3665 2753; baseline -0.015 -15"><span class='ocrx_word' id='word_1_373' title='bbox 2095 2680 2496 2753; x_wconf 88' lang='lat' dir='ltr'><strong>supervenienti</strong></span> <span class='ocrx_word' id='word_1_374' title='bbox 2527 2698 2541 2735; x_wconf 89' lang='lat'><strong>:</strong></span> <span class='ocrx_word' id='word_1_375' title='bbox 2576 2679 2656 2733; x_wconf 90' lang='lat' dir='ltr'><strong>sic</strong></span> <span class='ocrx_word' id='word_1_376' title='bbox 2689 2691 2884 2744; x_wconf 89' lang='lat' dir='ltr'><strong>nempe</strong></span> <span class='ocrx_word' id='word_1_377' title='bbox 2916 2672 3193 2728; x_wconf 83' lang='lat' dir='ltr'><strong>indubiam</strong></span> <span class='ocrx_word' id='word_1_378' title='bbox 3226 2684 3373 2741; x_wconf 78' lang='lat' dir='ltr'><strong>spent</strong></span> <span class='ocrx_word' id='word_1_379' title='bbox 3400 2668 3665 2727; x_wconf 86' lang='lat' dir='ltr'><strong>foventes,</strong></span> 
     </span>
    </p>
   </div>
   <div class='ocr_carea' id='block_1_58' title="bbox 2095 2756 3666 2842">
    <p class='ocr_par' dir='ltr' id='par_1_58' title="bbox 2095 2756 3666 2842">
     <span class='ocr_line' id='line_1_58' title="bbox 2095 2756 3666 2842; baseline -0.017 -11"><span class='ocrx_word' id='word_1_380' title='bbox 2095 2776 2212 2831; x_wconf 88' lang='lat' dir='ltr'><strong>fore</strong></span> <span class='ocrx_word' id='word_1_381' title='bbox 2238 2785 2295 2828; x_wconf 92' lang='lat' dir='ltr'><strong>ut</strong></span> <span class='ocrx_word' id='word_1_382' title='bbox 2324 2776 2375 2828; x_wconf 90' lang='lat' dir='ltr'><strong>in</strong></span> <span class='ocrx_word' id='word_1_383' title='bbox 2410 2770 2611 2842; x_wconf 90' lang='lat' dir='ltr'><strong>optatis</strong></span> <span class='ocrx_word' id='word_1_384' title='bbox 2640 2767 2747 2823; x_wconf 85' lang='lat' dir='ltr'><strong>illis</strong></span> <span class='ocrx_word' id='word_1_385' title='bbox 2782 2765 3201 2835; x_wconf 88' lang='lat' dir='ltr'><strong>patentibusque</strong></span> <span class='ocrx_word' id='word_1_386' title='bbox 3234 2756 3666 2828; x_wconf 67' lang='lat' dir='ltr'><strong>patriarcharum</strong></span> 
     </span>
    </p>
   </div>
   <div class='ocr_carea' id='block_1_59' title="bbox 2098 2848 3663 2931">
    <p class='ocr_par' dir='ltr' id='par_1_59' title="bbox 2098 2848 3663 2931">
     <span class='ocr_line' id='line_1_59' title="bbox 2098 2848 3663 2931; baseline -0.015 -11"><span class='ocrx_word' id='word_1_387' title='bbox 2098 2866 2343 2928; x_wconf 85' lang='lat' dir='ltr'><strong>sinibus,</strong></span> <span class='ocrx_word' id='word_1_388' title='bbox 2389 2863 2673 2931; x_wconf 85' lang='lat' dir='ltr'><strong>beatisque</strong></span> <span class='ocrx_word' id='word_1_389' title='bbox 2705 2857 2812 2917; x_wconf 80' lang='lat' dir='ltr'><strong>illis</strong></span> <span class='ocrx_word' id='word_1_390' title='bbox 2863 2855 3086 2911; x_wconf 84' lang='lat' dir='ltr'><strong>sedibus</strong></span> <span class='ocrx_word' id='word_1_391' title='bbox 3131 2860 3184 2904; x_wconf 89' lang='lat' dir='ltr'><strong>et</strong></span> <span class='ocrx_word' id='word_1_392' title='bbox 3222 2848 3663 2906; x_wconf 78' lang='lat' dir='ltr'><strong>luereditatitms,</strong></span> 
     </span>
    </p>
   </div>
   <div class='ocr_carea' id='block_1_60' title="bbox 2098 2936 3665 3027">
    <p class='ocr_par' dir='ltr' id='par_1_60' title="bbox 2098 2936 3665 3027">
     <span class='ocr_line' id='line_1_60' title="bbox 2098 2936 3665 3027; baseline -0.015 -17"><span class='ocrx_word' id='word_1_393' title='bbox 2098 2970 2451 3027; x_wconf 73' lang='lat' dir='ltr'><strong>quaecumque</strong></span> <span class='ocrx_word' id='word_1_394' title='bbox 2500 2954 2718 3007; x_wconf 87' lang='lat' dir='ltr'><strong>demum</strong></span> <span class='ocrx_word' id='word_1_395' title='bbox 2774 2965 2853 3005; x_wconf 69' lang='grc' dir='ltr'>θαι</span> <span class='ocrx_word' id='word_1_396' title='bbox 2902 2952 3061 3011; x_wconf 88' lang='lat' dir='ltr'><strong>sunt,</strong></span> <span class='ocrx_word' id='word_1_397' title='bbox 3115 2943 3453 2998; x_wconf 88' lang='lat' dir='ltr'><strong>recumhaut.</strong></span> <span class='ocrx_word' id='word_1_398' title='bbox 3507 2936 3665 2997; x_wconf 70' lang='lat' dir='ltr'><strong>lla-c,</strong></span> 
     </span>
    </p>
   </div>
   <div class='ocr_carea' id='block_1_61' title="bbox 2098 3030 3669 3119">
    <p class='ocr_par' dir='ltr' id='par_1_61' title="bbox 2098 3030 3669 3119">
     <span class='ocr_line' id='line_1_61' title="bbox 2098 3030 3669 3119; baseline -0.015 -15"><span class='ocrx_word' id='word_1_399' title='bbox 2098 3052 2337 3119; x_wconf 84' lang='lat' dir='ltr'><strong>inquam,</strong></span> <span class='ocrx_word' id='word_1_400' title='bbox 2389 3049 2530 3103; x_wconf 89' lang='lat' dir='ltr'><strong>bona</strong></span> <span class='ocrx_word' id='word_1_401' title='bbox 2579 3044 2847 3114; x_wconf 77' lang='lat' dir='ltr'><strong>diligenda</strong></span> <span class='ocrx_word' id='word_1_402' title='bbox 2909 3049 3055 3103; x_wconf 88' lang='lat' dir='ltr'><strong>sunt,</strong></span> <span class='ocrx_word' id='word_1_403' title='bbox 3100 3038 3151 3092; x_wconf 92' lang='lat' dir='ltr'><strong>in</strong></span> <span class='ocrx_word' id='word_1_404' title='bbox 3206 3036 3292 3089; x_wconf 90' lang='lat' dir='ltr'><strong>his</strong></span> <span class='ocrx_word' id='word_1_405' title='bbox 3343 3047 3493 3087; x_wconf 86' lang='lat' dir='ltr'><strong>mens</strong></span> <span class='ocrx_word' id='word_1_406' title='bbox 3536 3030 3669 3084; x_wconf 81' lang='lat' dir='ltr'><strong>deli-</strong></span> 
     </span>
    </p>
   </div>
   <div class='ocr_carea' id='block_1_62' title="bbox 422 3120 2015 3227">
    <p class='ocr_par' dir='ltr' id='par_1_62' title="bbox 422 3128 1991 3203">
     <span class='ocr_line' id='line_1_62' title="bbox 422 3128 1991 3203; baseline 0.003 -22"><span class='ocrx_word' id='word_1_407' title='bbox 422 3128 598 3183; x_wconf 80' lang='grc' dir='ltr'>ταῦτα</span> <span class='ocrx_word' id='word_1_408' title='bbox 625 3133 896 3203; x_wconf 82' lang='grc' dir='ltr'>στέργειν,</span> <span class='ocrx_word' id='word_1_409' title='bbox 933 3133 991 3186; x_wconf 84' lang='grc' dir='ltr'>ὲν</span> <span class='ocrx_word' id='word_1_410' title='bbox 1016 3133 1231 3196; x_wconf 80' lang='grc' dir='ltr'>τούτοις</span> <span class='ocrx_word' id='word_1_411' title='bbox 1262 3134 1690 3202; x_wconf 79' lang='grc' dir='ltr'>ἀπασχολεῖσθαι</span> <span class='ocrx_word' id='word_1_412' title='bbox 1722 3134 1815 3187; x_wconf 72' lang='grc' dir='ltr'><strong>τὸν</strong></span> <span class='ocrx_word' id='word_1_413' title='bbox 1845 3132 1991 3196; x_wconf 82' lang='grc' dir='ltr'>νοῦν,</span> 
     </span>
    </p>
   </div>
   <div class='ocr_carea' id='block_1_63' title="bbox 2102 3120 3672 3227">
    <p class='ocr_par' dir='ltr' id='par_1_63' title="bbox 2102 3120 3672 3212">
     <span class='ocr_line' id='line_1_63' title="bbox 2102 3120 3672 3212; baseline -0.016 -14"><span class='ocrx_word' id='word_1_414' title='bbox 2102 3144 2270 3212; x_wconf 77' lang='lat' dir='ltr'><strong>genda</strong></span> <span class='ocrx_word' id='word_1_415' title='bbox 2294 3180 2310 3205; x_wconf 93' lang='lat'><strong>,</strong></span> <span class='ocrx_word' id='word_1_416' title='bbox 2353 3156 2440 3195; x_wconf 85' lang='lat' dir='ltr'><strong>res</strong></span> <span class='ocrx_word' id='word_1_417' title='bbox 2476 3138 2618 3193; x_wconf 88' lang='lat' dir='ltr'><strong>nulla</strong></span> <span class='ocrx_word' id='word_1_418' title='bbox 2653 3137 2885 3204; x_wconf 88' lang='lat' dir='ltr'><strong>denique</strong></span> <span class='ocrx_word' id='word_1_419' title='bbox 2919 3147 3037 3201; x_wconf 78' lang='lat' dir='ltr'><strong>qua:</strong></span> <span class='ocrx_word' id='word_1_420' title='bbox 3070 3128 3270 3182; x_wconf 85' lang='lat' dir='ltr'><strong>caduca</strong></span> <span class='ocrx_word' id='word_1_421' title='bbox 3305 3134 3359 3179; x_wconf 89' lang='lat' dir='ltr'><strong>et</strong></span> <span class='ocrx_word' id='word_1_422' title='bbox 3407 3123 3562 3177; x_wconf 83' lang='lat' dir='ltr'><strong>noxia</strong></span> <span class='ocrx_word' id='word_1_423' title='bbox 3600 3120 3672 3175; x_wconf 86' lang='lat' dir='ltr'><strong>sit</strong></span> 
     </span>
    </p>
   </div>
   <div class='ocr_carea' id='block_1_64' title="bbox 424 3222 1992 3296">
    <p class='ocr_par' dir='ltr' id='par_1_64' title="bbox 424 3222 1992 3296">
     <span class='ocr_line' id='line_1_64' title="bbox 424 3222 1992 3296; baseline 0.003 -22"><span class='ocrx_word' id='word_1_424' title='bbox 424 3222 519 3275; x_wconf 73' lang='grc' dir='ltr'><strong>καὶ</strong></span> <span class='ocrx_word' id='word_1_425' title='bbox 558 3224 729 3291; x_wconf 82' lang='grc' dir='ltr'>μηδὲν</span> <span class='ocrx_word' id='word_1_426' title='bbox 751 3224 862 3277; x_wconf 90' lang='grc' dir='ltr'><strong>τῶν</strong></span> <span class='ocrx_word' id='word_1_427' title='bbox 897 3226 1215 3293; x_wconf 81' lang='grc' dir='ltr'>ὲπισφαλῶν</span> <span class='ocrx_word' id='word_1_428' title='bbox 1264 3227 1359 3278; x_wconf 72' lang='grc' dir='ltr'><strong>καὶ</strong></span> <span class='ocrx_word' id='word_1_429' title='bbox 1395 3227 1745 3296; x_wconf 75' lang='grc' dir='ltr'>βλαπτόντων</span> <span class='ocrx_word' id='word_1_430' title='bbox 1784 3244 1992 3296; x_wconf 72' lang='grc' dir='ltr'>περιερσ</span> 
     </span>
    </p>
   </div>
   <div class='ocr_carea' id='block_1_65' title="bbox 425 3313 1997 3386">
    <p class='ocr_par' dir='ltr' id='par_1_65' title="bbox 425 3313 1997 3386">
     <span class='ocr_line' id='line_1_65' title="bbox 425 3313 1997 3386; baseline 0.003 -21"><span class='ocrx_word' id='word_1_431' title='bbox 425 3313 734 3381; x_wconf 75' lang='grc' dir='ltr'>γάζεσθαι’</span> <span class='ocrx_word' id='word_1_432' title='bbox 785 3315 852 3369; x_wconf 79' lang='grc' dir='ltr'><strong>ἀν</strong></span> <span class='ocrx_word' id='word_1_433' title='bbox 893 3314 1038 3369; x_wconf 85' lang='grc' dir='ltr'>οῦτω</span> <span class='ocrx_word' id='word_1_434' title='bbox 1087 3317 1469 3386; x_wconf 74' lang='grc' dir='ltr'>φιλοσοφῶμεν</span> <span class='ocrx_word' id='word_1_435' title='bbox 1508 3318 1604 3370; x_wconf 75' lang='grc' dir='ltr'><strong>καὶ</strong></span> <span class='ocrx_word' id='word_1_436' title='bbox 1652 3317 1794 3369; x_wconf 78' lang='grc' dir='ltr'>οὕτω</span> <span class='ocrx_word' id='word_1_437' title='bbox 1849 3317 1997 3386; x_wconf 77' lang='grc' dir='ltr'>βιοῦν</span> 
     </span>
    </p>
   </div>
   <div class='ocr_carea' id='block_1_66' title="bbox 426 3405 1997 3479">
    <p class='ocr_par' dir='ltr' id='par_1_66' title="bbox 426 3405 1997 3479">
     <span class='ocr_line' id='line_1_66' title="bbox 426 3405 1997 3479; baseline 0.002 -22"><span class='ocrx_word' id='word_1_438' title='bbox 426 3405 705 3475; x_wconf 77' lang='grc' dir='ltr'>ἑλοίμεθα,</span> <span class='ocrx_word' id='word_1_439' title='bbox 737 3407 834 3459; x_wconf 76' lang='grc' dir='ltr'><strong>καὶ</strong></span> <span class='ocrx_word' id='word_1_440' title='bbox 875 3406 1105 3477; x_wconf 79' lang='grc' dir='ltr'>μελέτην</span> <span class='ocrx_word' id='word_1_441' title='bbox 1128 3408 1361 3461; x_wconf 70' lang='grc' dir='ltr'>θανάτου</span> <span class='ocrx_word' id='word_1_442' title='bbox 1393 3408 1492 3477; x_wconf 77' lang='grc' dir='ltr'>τὴν</span> <span class='ocrx_word' id='word_1_443' title='bbox 1528 3408 1807 3478; x_wconf 84' lang='grc' dir='ltr'>παροῦσαν</span> <span class='ocrx_word' id='word_1_444' title='bbox 1851 3408 1997 3479; x_wconf 78' lang='grc' dir='ltr'>ζωὴν</span> 
     </span>
    </p>
   </div>
   <div class='ocr_carea' id='block_1_67' title="bbox 426 3496 1999 3568">
    <p class='ocr_par' dir='ltr' id='par_1_67' title="bbox 426 3496 1999 3568">
     <span class='ocr_line' id='line_1_67' title="bbox 426 3496 1999 3568; baseline 0.002 -20"><span class='ocrx_word' id='word_1_445' title='bbox 426 3496 711 3567; x_wconf 75' lang='grc' dir='ltr'>ἡγώμεθα,</span> <span class='ocrx_word' id='word_1_446' title='bbox 747 3497 1049 3567; x_wconf 75' lang='grc' dir='ltr'>τευξόμεθα</span> <span class='ocrx_word' id='word_1_447' title='bbox 1085 3498 1194 3550; x_wconf 90' lang='grc' dir='ltr'><strong>τῶν</strong></span> <span class='ocrx_word' id='word_1_448' title='bbox 1219 3499 1366 3568; x_wconf 81' lang='grc' dir='ltr'><strong>παρά</strong></span> <span class='ocrx_word' id='word_1_449' title='bbox 1406 3499 1499 3551; x_wconf 84' lang='grc' dir='ltr'><strong>τοῦ</strong></span> <span class='ocrx_word' id='word_1_450' title='bbox 1534 3498 1799 3566; x_wconf 61' lang='grc' dir='ltr'>ἀψευδοῦς</span> <span class='ocrx_word' id='word_1_451' title='bbox 1828 3501 1999 3567; x_wconf 76' lang='grc' dir='ltr'>ἐπηγ·</span> 
     </span>
    </p>
   </div>
   <div class='ocr_carea' id='block_1_68' title="bbox 428 3589 1999 3658">
    <p class='ocr_par' dir='ltr' id='par_1_68' title="bbox 428 3589 1999 3658">
     <span class='ocr_line' id='line_1_68' title="bbox 428 3589 1999 3658; baseline -0.001 -17"><span class='ocrx_word' id='word_1_452' title='bbox 428 3590 726 3657; x_wconf 88' lang='grc' dir='ltr'>γελμένων,</span> <span class='ocrx_word' id='word_1_453' title='bbox 786 3589 883 3641; x_wconf 78' lang='grc' dir='ltr'>καὶ</span> <span class='ocrx_word' id='word_1_454' title='bbox 948 3589 1049 3656; x_wconf 74' lang='grc' dir='ltr'>τῆς</span> <span class='ocrx_word' id='word_1_455' title='bbox 1106 3590 1475 3658; x_wconf 80' lang='grc' dir='ltr'>ἀποκειμένης</span> <span class='ocrx_word' id='word_1_456' title='bbox 1527 3592 1639 3651; x_wconf 83' lang='grc' dir='ltr'>τοῖς</span> <span class='ocrx_word' id='word_1_457' title='bbox 1695 3590 1999 3657; x_wconf 74' lang='grc' dir='ltr'>τηρήσασιν</span> 
     </span>
    </p>
   </div>
   <div class='ocr_carea' id='block_1_69' title="bbox 432 3676 1674 3749">
    <p class='ocr_par' dir='ltr' id='par_1_69' title="bbox 432 3676 1674 3749">
     <span class='ocr_line' id='line_1_69' title="bbox 432 3676 1674 3749; baseline 0 -18"><span class='ocrx_word' id='word_1_458' title='bbox 432 3680 605 3741; x_wconf 65' lang='grc' dir='ltr'>αὐτοῦ</span> <span class='ocrx_word' id='word_1_459' title='bbox 628 3681 720 3732; x_wconf 80' lang='grc' dir='ltr'><strong>τὸν</strong></span> <span class='ocrx_word' id='word_1_460' title='bbox 749 3680 929 3747; x_wconf 88' lang='grc' dir='ltr'>λόγον,</span> <span class='ocrx_word' id='word_1_461' title='bbox 960 3676 1018 3732; x_wconf 83' lang='grc' dir='ltr'><strong>εῦ</strong></span> <span class='ocrx_word' id='word_1_462' title='bbox 1048 3676 1187 3740; x_wconf 75' lang='grc' dir='ltr'>οἶδα,</span> <span class='ocrx_word' id='word_1_463' title='bbox 1236 3680 1638 3749; x_wconf 79' lang='grc' dir='ltr'>μακαριότητος</span> <span class='ocrx_word' id='word_1_464' title='bbox 1662 3696 1674 3709; x_wconf 94' lang='grc'><strong>·</strong></span> 
     </span>
    </p>
   </div>
   <div class='ocr_carea' id='block_1_70' title="bbox 431 3772 2001 3844">
    <p class='ocr_par' dir='ltr' id='par_1_70' title="bbox 431 3772 2001 3844">
     <span class='ocr_line' id='line_1_70' title="bbox 431 3772 2001 3844; baseline -0.001 -21"><span class='ocrx_word' id='word_1_465' title='bbox 431 3772 495 3841; x_wconf 81' lang='grc' dir='ltr'>δὴ</span> <span class='ocrx_word' id='word_1_466' title='bbox 529 3772 731 3825; x_wconf 84' lang='grc' dir='ltr'>τούτων</span> <span class='ocrx_word' id='word_1_467' title='bbox 764 3775 812 3826; x_wconf 79' lang='grc' dir='ltr'>εἰ</span> <span class='ocrx_word' id='word_1_468' title='bbox 861 3773 960 3826; x_wconf 70' lang='grc' dir='ltr'><strong>καὶ</strong></span> <span class='ocrx_word' id='word_1_469' title='bbox 995 3772 1201 3844; x_wconf 80' lang='grc' dir='ltr'>βραχὺς</span> <span class='ocrx_word' id='word_1_470' title='bbox 1230 3774 1259 3824; x_wconf 83' lang='grc' dir='ltr'><strong>ό</strong></span> <span class='ocrx_word' id='word_1_471' title='bbox 1287 3773 1465 3835; x_wconf 77' lang='grc' dir='ltr'>λόγος,</span> <span class='ocrx_word' id='word_1_472' title='bbox 1502 3773 1650 3841; x_wconf 79' lang='grc' dir='ltr'>ὅμως</span> <span class='ocrx_word' id='word_1_473' title='bbox 1676 3773 1877 3833; x_wconf 77' lang='grc' dir='ltr'>ἱκανῶς</span> <span class='ocrx_word' id='word_1_474' title='bbox 1908 3772 2001 3822; x_wconf 67' lang='grc' dir='ltr'>καὶ</span> 
     </span>
    </p>
   </div>
   <div class='ocr_carea' id='block_1_71' title="bbox 433 3861 1999 3934">
    <p class='ocr_par' dir='ltr' id='par_1_71' title="bbox 433 3861 1999 3934">
     <span class='ocr_line' id='line_1_71' title="bbox 433 3861 1999 3934; baseline -0.001 -20"><span class='ocrx_word' id='word_1_475' title='bbox 433 3864 801 3934; x_wconf 84' lang='grc' dir='ltr'>ἀποχρώντως</span> <span class='ocrx_word' id='word_1_476' title='bbox 842 3864 983 3934; x_wconf 77' lang='grc' dir='ltr'>ἔχων</span> <span class='ocrx_word' id='word_1_477' title='bbox 1006 3881 1018 3895; x_wconf 89' lang='lat'><strong>&#39;</strong></span> <span class='ocrx_word' id='word_1_478' title='bbox 1056 3865 1118 3918; x_wconf 86' lang='grc' dir='ltr'><strong>οὐ</strong></span> <span class='ocrx_word' id='word_1_479' title='bbox 1148 3867 1256 3933; x_wconf 71' lang='grc' dir='ltr'>γὰρ</span> <span class='ocrx_word' id='word_1_480' title='bbox 1287 3864 1382 3915; x_wconf 74' lang='grc' dir='ltr'><strong>ἐπὶ</strong></span> <span class='ocrx_word' id='word_1_481' title='bbox 1409 3863 1569 3916; x_wconf 80' lang='grc' dir='ltr'>πλέον</span> <span class='ocrx_word' id='word_1_482' title='bbox 1593 3862 1849 3927; x_wconf 80' lang='grc' dir='ltr'>διεξιέναι</span> <span class='ocrx_word' id='word_1_483' title='bbox 1874 3861 1999 3932; x_wconf 79' lang='grc' dir='ltr'>χρὴ,</span> 
     </span>
    </p>
   </div>
   <div class='ocr_carea' id='block_1_72' title="bbox 432 3948 2002 4025">
    <p class='ocr_par' dir='ltr' id='par_1_72' title="bbox 432 3948 2002 4025">
     <span class='ocr_line' id='line_1_72' title="bbox 432 3948 2002 4025; baseline -0.004 -20"><span class='ocrx_word' id='word_1_484' title='bbox 432 3954 657 4025; x_wconf 69' lang='grc' dir='ltr'>ἐπεὶομὴ</span> <span class='ocrx_word' id='word_1_485' title='bbox 691 3954 853 4007; x_wconf 90' lang='grc' dir='ltr'>τοῦτο</span> <span class='ocrx_word' id='word_1_486' title='bbox 898 3954 1010 4007; x_wconf 89' lang='grc' dir='ltr'><strong>τῶν</strong></span> <span class='ocrx_word' id='word_1_487' title='bbox 1059 3955 1201 4007; x_wconf 82' lang='grc' dir='ltr'>πάνυ</span> <span class='ocrx_word' id='word_1_488' title='bbox 1240 3951 1682 4019; x_wconf 85' lang='grc' dir='ltr'>κατεπειγόντων</span> <span class='ocrx_word' id='word_1_489' title='bbox 1711 3949 1788 4020; x_wconf 79' lang='grc' dir='ltr'><strong>τῷ</strong></span> <span class='ocrx_word' id='word_1_490' title='bbox 1824 3948 2002 4019; x_wconf 82' lang='grc' dir='ltr'>καιρῷ</span> 
     </span>
    </p>
   </div>
   <div class='ocr_carea' id='block_1_73' title="bbox 432 4038 2002 4115">
    <p class='ocr_par' dir='ltr' id='par_1_73' title="bbox 432 4038 2002 4115">
     <span class='ocr_line' id='line_1_73' title="bbox 432 4038 2002 4115; baseline -0.003 -20"><span class='ocrx_word' id='word_1_491' title='bbox 432 4046 697 4115; x_wconf 80' lang='grc' dir='ltr'>πρόσεστι</span> <span class='ocrx_word' id='word_1_492' title='bbox 718 4060 733 4074; x_wconf 91' lang='grc'><strong>·</strong></span> <span class='ocrx_word' id='word_1_493' title='bbox 784 4043 919 4115; x_wconf 75' lang='grc' dir='ltr'>περὶ</span> <span class='ocrx_word' id='word_1_494' title='bbox 945 4042 1002 4094; x_wconf 90' lang='grc' dir='ltr'><strong>δέ</strong></span> <span class='ocrx_word' id='word_1_495' title='bbox 1032 4058 1096 4109; x_wconf 86' lang='grc' dir='ltr'><strong>γε</strong></span> <span class='ocrx_word' id='word_1_496' title='bbox 1130 4039 1241 4095; x_wconf 90' lang='grc' dir='ltr'><strong>τῶν</strong></span> <span class='ocrx_word' id='word_1_497' title='bbox 1275 4041 1372 4093; x_wconf 83' lang='grc' dir='ltr'><strong>νῦν</strong></span> <span class='ocrx_word' id='word_1_498' title='bbox 1408 4039 1810 4109; x_wconf 69' lang='grc' dir='ltr'>ἐπιφυομένων,</span> <span class='ocrx_word' id='word_1_499' title='bbox 1853 4038 2002 4106; x_wconf 88' lang='grc' dir='ltr'><strong>παρά</strong></span> 
     </span>
    </p>
   </div>
   <div class='ocr_carea' id='block_1_74' title="bbox 432 4127 2000 4202">
    <p class='ocr_par' dir='ltr' id='par_1_74' title="bbox 432 4127 2000 4202">
     <span class='ocr_line' id='line_1_74' title="bbox 432 4127 2000 4202; baseline -0.003 -18"><span class='ocrx_word' id='word_1_500' title='bbox 432 4133 523 4184; x_wconf 83' lang='grc' dir='ltr'><strong>τοῦ</strong></span> <span class='ocrx_word' id='word_1_501' title='bbox 556 4132 852 4202; x_wconf 85' lang='grc' dir='ltr'>μισοκάλου</span> <span class='ocrx_word' id='word_1_502' title='bbox 882 4132 1080 4202; x_wconf 76' lang='grc' dir='ltr'>ἐχθροῦ</span> <span class='ocrx_word' id='word_1_503' title='bbox 1103 4132 1194 4183; x_wconf 75' lang='grc' dir='ltr'><strong>καὶ</strong></span> <span class='ocrx_word' id='word_1_504' title='bbox 1220 4129 1310 4183; x_wconf 75' lang='grc' dir='ltr'>ἀεὶ</span> <span class='ocrx_word' id='word_1_505' title='bbox 1340 4131 1405 4182; x_wconf 84' lang='grc' dir='ltr'>τὰ</span> <span class='ocrx_word' id='word_1_506' title='bbox 1432 4129 1573 4182; x_wconf 85' lang='grc' dir='ltr'><strong>καλά</strong></span> <span class='ocrx_word' id='word_1_507' title='bbox 1597 4127 2000 4198; x_wconf 81' lang='grc' dir='ltr'>βασκαίνοντος,</span> 
     </span>
    </p>
   </div>
   <div class='ocr_carea' id='block_1_75' title="bbox 434 4223 2000 4296">
    <p class='ocr_par' dir='ltr' id='par_1_75' title="bbox 434 4223 2000 4296">
     <span class='ocr_line' id='line_1_75' title="bbox 434 4223 2000 4296; baseline -0.001 -20"><span class='ocrx_word' id='word_1_508' title='bbox 434 4225 529 4278; x_wconf 73' lang='grc' dir='ltr'><strong>καὶ</strong></span> <span class='ocrx_word' id='word_1_509' title='bbox 555 4229 653 4293; x_wconf 70' lang='grc' dir='ltr'><strong>τὴν</strong></span> <span class='ocrx_word' id='word_1_510' title='bbox 680 4228 905 4296; x_wconf 76' lang='grc' dir='ltr'>εἰρήνην</span> <span class='ocrx_word' id='word_1_511' title='bbox 936 4227 1036 4295; x_wconf 82' lang='grc' dir='ltr'><strong>τῆς</strong></span> <span class='ocrx_word' id='word_1_512' title='bbox 1065 4223 1304 4295; x_wconf 84' lang='grc' dir='ltr'>Χριστοῦ</span> <span class='ocrx_word' id='word_1_513' title='bbox 1342 4224 1580 4293; x_wconf 83' lang='grc' dir='ltr'>ποίμνης</span> <span class='ocrx_word' id='word_1_514' title='bbox 1612 4223 1688 4292; x_wconf 84' lang='grc' dir='ltr'>μὴ</span> <span class='ocrx_word' id='word_1_515' title='bbox 1722 4223 2000 4293; x_wconf 86' lang='grc' dir='ltr'>φέροντος,</span> 
     </span>
    </p>
   </div>
   <div class='ocr_carea' id='block_1_76' title="bbox 436 4313 2002 4384">
    <p class='ocr_par' dir='ltr' id='par_1_76' title="bbox 436 4313 2002 4384">
     <span class='ocr_line' id='line_1_76' title="bbox 436 4313 2002 4384; baseline -0.001 -17"><span class='ocrx_word' id='word_1_516' title='bbox 436 4316 531 4369; x_wconf 73' lang='grc' dir='ltr'><strong>καὶ</strong></span> <span class='ocrx_word' id='word_1_517' title='bbox 552 4315 631 4384; x_wconf 82' lang='grc' dir='ltr'>τῷ</span> <span class='ocrx_word' id='word_1_518' title='bbox 671 4314 895 4384; x_wconf 85' lang='grc' dir='ltr'>καθαρῷ</span> <span class='ocrx_word' id='word_1_519' title='bbox 926 4315 1027 4384; x_wconf 84' lang='grc' dir='ltr'><strong>τῆς</strong></span> <span class='ocrx_word' id='word_1_520' title='bbox 1077 4314 1540 4383; x_wconf 80' lang='grc' dir='ltr'>ὲκκλησιαστικῆς</span> <span class='ocrx_word' id='word_1_521' title='bbox 1558 4313 1817 4383; x_wconf 75' lang='grc' dir='ltr'>ἀρούρας</span> <span class='ocrx_word' id='word_1_522' title='bbox 1850 4314 2002 4384; x_wconf 84' lang='grc' dir='ltr'>σίτῳ,</span> 
     </span>
    </p>
   </div>
   <div class='ocr_carea' id='block_1_77' title="bbox 435 4404 2006 4475">
    <p class='ocr_par' dir='ltr' id='par_1_77' title="bbox 435 4404 2006 4475">
     <span class='ocr_line' id='line_1_77' title="bbox 435 4404 2006 4475; baseline 0.001 -18"><span class='ocrx_word' id='word_1_523' title='bbox 435 4407 494 4458; x_wconf 78' lang='grc' dir='ltr'>ὃν</span> <span class='ocrx_word' id='word_1_524' title='bbox 515 4406 673 4475; x_wconf 82' lang='grc' dir='ltr'>λόγος</span> <span class='ocrx_word' id='word_1_525' title='bbox 705 4406 1060 4473; x_wconf 76' lang='grc' dir='ltr'>εὐαγγελικὸς</span> <span class='ocrx_word' id='word_1_526' title='bbox 1086 4406 1181 4459; x_wconf 74' lang='grc' dir='ltr'><strong>καὶ</strong></span> <span class='ocrx_word' id='word_1_527' title='bbox 1212 4404 1479 4475; x_wconf 77' lang='grc' dir='ltr'>πατρικὸς</span> <span class='ocrx_word' id='word_1_528' title='bbox 1519 4405 1777 4474; x_wconf 71' lang='grc' dir='ltr'>ἐξέθρεψέ</span> <span class='ocrx_word' id='word_1_529' title='bbox 1814 4423 1873 4471; x_wconf 80' lang='grc' dir='ltr'><strong>τε</strong></span> <span class='ocrx_word' id='word_1_530' title='bbox 1910 4407 2006 4459; x_wconf 77' lang='grc' dir='ltr'><strong>καὶ</strong></span> 
     </span>
    </p>
   </div>
   <div class='ocr_carea' id='block_1_78' title="bbox 1716 3680 1998 3748">
    <p class='ocr_par' dir='ltr' id='par_1_78' title="bbox 1716 3680 1998 3748">
     <span class='ocr_line' id='line_1_78' title="bbox 1716 3680 1998 3748; baseline -0.004 -18"><span class='ocrx_word' id='word_1_531' title='bbox 1716 3680 1845 3748; x_wconf 78' lang='grc' dir='ltr'><strong>περὶ</strong></span> <span class='ocrx_word' id='word_1_532' title='bbox 1898 3680 1998 3746; x_wconf 75' lang='grc' dir='ltr'><strong>μὲν</strong></span> 
     </span>
    </p>
   </div>
   <div class='ocr_carea' id='block_1_79' title="bbox 2099 3215 3671 3295">
    <p class='ocr_par' dir='ltr' id='par_1_79' title="bbox 2099 3215 3671 3295">
     <span class='ocr_line' id='line_1_79' title="bbox 2099 3215 3671 3295; baseline -0.016 -6"><span class='ocrx_word' id='word_1_533' title='bbox 2099 3234 2364 3288; x_wconf 83' lang='lat' dir='ltr'><strong>curanda.</strong></span> <span class='ocrx_word' id='word_1_534' title='bbox 2400 3230 2511 3284; x_wconf 85' lang='lat' dir='ltr'><strong>liae</strong></span> <span class='ocrx_word' id='word_1_535' title='bbox 2540 3230 2583 3284; x_wconf 89' lang='lat' dir='ltr'><strong>si</strong></span> <span class='ocrx_word' id='word_1_536' title='bbox 2620 3244 2719 3283; x_wconf 90' lang='lat' dir='ltr'><strong>nos</strong></span> <span class='ocrx_word' id='word_1_537' title='bbox 2755 3223 3019 3295; x_wconf 81' lang='lat' dir='ltr'><strong>sapientia</strong></span> <span class='ocrx_word' id='word_1_538' title='bbox 3056 3220 3259 3291; x_wconf 70' lang='lat' dir='ltr'><strong>prmditi</strong></span> <span class='ocrx_word' id='word_1_539' title='bbox 3296 3215 3586 3277; x_wconf 76' lang='lat' dir='ltr'><strong>fuerimus,</strong></span> <span class='ocrx_word' id='word_1_540' title='bbox 3615 3222 3671 3266; x_wconf 88' lang='lat' dir='ltr'><strong>et</strong></span> 
     </span>
    </p>
   </div>
   <div class='ocr_carea' id='block_1_80' title="bbox 2098 3302 3667 3378">
    <p class='ocr_par' dir='ltr' id='par_1_80' title="bbox 2098 3302 3667 3378">
     <span class='ocr_line' id='line_1_80' title="bbox 2098 3302 3667 3378; baseline -0.017 0"><span class='ocrx_word' id='word_1_541' title='bbox 2098 3324 2176 3378; x_wconf 90' lang='lat' dir='ltr'><strong>sic</strong></span> <span class='ocrx_word' id='word_1_542' title='bbox 2223 3323 2405 3375; x_wconf 87' lang='lat' dir='ltr'><strong>vivere</strong></span> <span class='ocrx_word' id='word_1_543' title='bbox 2470 3318 2903 3377; x_wconf 84' lang='lat' dir='ltr'><strong>decreverimus,</strong></span> <span class='ocrx_word' id='word_1_544' title='bbox 2969 3321 3363 3377; x_wconf 79' lang='lat' dir='ltr'><strong>consequemur</strong></span> <span class='ocrx_word' id='word_1_545' title='bbox 3416 3302 3667 3371; x_wconf 87' lang='lat' dir='ltr'><strong>equidem</strong></span> 
     </span>
    </p>
   </div>
   <div class='ocr_carea' id='block_1_81' title="bbox 2100 3396 3671 3483">
    <p class='ocr_par' dir='ltr' id='par_1_81' title="bbox 2100 3396 3671 3483">
     <span class='ocr_line' id='line_1_81' title="bbox 2100 3396 3671 3483; baseline -0.017 -17"><span class='ocrx_word' id='word_1_546' title='bbox 2100 3413 2367 3483; x_wconf 84' lang='lat' dir='ltr'><strong>promissa</strong></span> <span class='ocrx_word' id='word_1_547' title='bbox 2394 3410 2461 3462; x_wconf 90' lang='lat' dir='ltr'><strong>ab</strong></span> <span class='ocrx_word' id='word_1_548' title='bbox 2485 3424 2549 3463; x_wconf 88' lang='lat' dir='ltr'><strong>et)</strong></span> <span class='ocrx_word' id='word_1_549' title='bbox 2579 3409 2671 3476; x_wconf 88' lang='lat' dir='ltr'><strong>qui</strong></span> <span class='ocrx_word' id='word_1_550' title='bbox 2707 3424 2811 3460; x_wconf 86' lang='lat' dir='ltr'><strong>non</strong></span> <span class='ocrx_word' id='word_1_551' title='bbox 2840 3403 3105 3458; x_wconf 89' lang='lat' dir='ltr'><strong>mentitur</strong></span> <span class='ocrx_word' id='word_1_552' title='bbox 3129 3396 3371 3466; x_wconf 76' lang='lat' dir='ltr'><strong>przemia,</strong></span> <span class='ocrx_word' id='word_1_553' title='bbox 3400 3401 3671 3460; x_wconf 81' lang='lat' dir='ltr'><strong>paratam-</strong></span> 
     </span>
    </p>
   </div>
   <div class='ocr_carea' id='block_1_82' title="bbox 2099 3484 3664 3568">
    <p class='ocr_par' dir='ltr' id='par_1_82' title="bbox 2099 3484 3664 3568">
     <span class='ocr_line' id='line_1_82' title="bbox 2099 3484 3664 3568; baseline -0.013 -15"><span class='ocrx_word' id='word_1_554' title='bbox 2099 3518 2207 3568; x_wconf 89' lang='lat' dir='ltr'><strong>que</strong></span> <span class='ocrx_word' id='word_1_555' title='bbox 2256 3502 2319 3555; x_wconf 87' lang='lat' dir='ltr'><strong>iis</strong></span> <span class='ocrx_word' id='word_1_556' title='bbox 2348 3500 2440 3568; x_wconf 88' lang='lat' dir='ltr'><strong>qui</strong></span> <span class='ocrx_word' id='word_1_557' title='bbox 2490 3500 2661 3567; x_wconf 74' lang='lat' dir='ltr'><strong>legem</strong></span> <span class='ocrx_word' id='word_1_558' title='bbox 2706 3495 2875 3564; x_wconf 88' lang='lat' dir='ltr'><strong>ipsius</strong></span> <span class='ocrx_word' id='word_1_559' title='bbox 2917 3495 3215 3546; x_wconf 85' lang='lat' dir='ltr'><strong>observant</strong></span> <span class='ocrx_word' id='word_1_560' title='bbox 3257 3484 3664 3539; x_wconf 81' lang='lat' dir='ltr'><strong>beatitudinem.</strong></span> 
     </span>
    </p>
   </div>
   <div class='ocr_carea' id='block_1_83' title="bbox 2103 3571 3671 3658">
    <p class='ocr_par' dir='ltr' id='par_1_83' title="bbox 2103 3571 3671 3658">
     <span class='ocr_line' id='line_1_83' title="bbox 2103 3571 3671 3658; baseline -0.015 -13"><span class='ocrx_word' id='word_1_561' title='bbox 2103 3593 2205 3645; x_wconf 82' lang='lat' dir='ltr'><strong>Sed</strong></span> <span class='ocrx_word' id='word_1_562' title='bbox 2235 3571 2300 3645; x_wconf 76' lang='lat' dir='ltr'><strong>tle</strong></span> <span class='ocrx_word' id='word_1_563' title='bbox 2328 3591 2435 3653; x_wconf 88' lang='lat' dir='ltr'><strong>his,</strong></span> <span class='ocrx_word' id='word_1_564' title='bbox 2467 3603 2777 3658; x_wconf 88' lang='lat' dir='ltr'><strong>quanquam</strong></span> <span class='ocrx_word' id='word_1_565' title='bbox 2803 3583 3062 3644; x_wconf 86' lang='lat' dir='ltr'><strong>breviter,</strong></span> <span class='ocrx_word' id='word_1_566' title='bbox 3092 3577 3351 3644; x_wconf 85' lang='lat' dir='ltr'><strong>satisjam</strong></span> <span class='ocrx_word' id='word_1_567' title='bbox 3384 3573 3671 3626; x_wconf 84' lang='lat' dir='ltr'><strong>verborum</strong></span> 
     </span>
    </p>
   </div>
   <div class='ocr_carea' id='block_1_84' title="bbox 2103 3661 3669 3747">
    <p class='ocr_par' dir='ltr' id='par_1_84' title="bbox 2103 3661 3669 3747">
     <span class='ocr_line' id='line_1_84' title="bbox 2103 3661 3669 3747; baseline -0.017 -13"><span class='ocrx_word' id='word_1_568' title='bbox 2103 3680 2310 3734; x_wconf 75' lang='lat' dir='ltr'><strong>efﬂuxit</strong></span> <span class='ocrx_word' id='word_1_569' title='bbox 2354 3695 2370 3730; x_wconf 88' lang='lat'><strong>:</strong></span> <span class='ocrx_word' id='word_1_570' title='bbox 2412 3692 2589 3747; x_wconf 87' lang='lat' dir='ltr'><strong>neque</strong></span> <span class='ocrx_word' id='word_1_571' title='bbox 2634 3675 2780 3728; x_wconf 87' lang='lat' dir='ltr'><strong>enim</strong></span> <span class='ocrx_word' id='word_1_572' title='bbox 2826 3669 3089 3743; x_wconf 74' lang='lat' dir='ltr'><strong>prolixius</strong></span> <span class='ocrx_word' id='word_1_573' title='bbox 3140 3661 3519 3716; x_wconf 85' lang='lat' dir='ltr'><strong>disserendum</strong></span> <span class='ocrx_word' id='word_1_574' title='bbox 3556 3666 3669 3716; x_wconf 85' lang='lat' dir='ltr'><strong>est,</strong></span> 
     </span>
    </p>
   </div>
   <div class='ocr_carea' id='block_1_85' title="bbox 2101 3753 3671 3838">
    <p class='ocr_par' dir='ltr' id='par_1_85' title="bbox 2101 3753 3671 3838">
     <span class='ocr_line' id='line_1_85' title="bbox 2101 3753 3671 3838; baseline -0.015 -19"><span class='ocrx_word' id='word_1_575' title='bbox 2101 3768 2535 3838; x_wconf 77' lang='lat' dir='ltr'><strong>quandoquidem</strong></span> <span class='ocrx_word' id='word_1_576' title='bbox 2574 3776 2880 3818; x_wconf 87' lang='lat' dir='ltr'><strong>sermonem</strong></span> <span class='ocrx_word' id='word_1_577' title='bbox 2918 3753 3221 3825; x_wconf 70' lang='lat' dir='ltr'><strong>huiusmodi</strong></span> <span class='ocrx_word' id='word_1_578' title='bbox 3255 3763 3494 3820; x_wconf 65' lang='lat' dir='ltr'><strong>przesens</strong></span> <span class='ocrx_word' id='word_1_579' title='bbox 3531 3755 3671 3799; x_wconf 89' lang='lat' dir='ltr'><strong>tem-</strong></span> 
     </span>
    </p>
   </div>
   <div class='ocr_carea' id='block_1_86' title="bbox 2106 3835 3674 3930">
    <p class='ocr_par' dir='ltr' id='par_1_86' title="bbox 2106 3835 3674 3930">
     <span class='ocr_line' id='line_1_86' title="bbox 2106 3835 3674 3930; baseline -0.017 -18"><span class='ocrx_word' id='word_1_580' title='bbox 2106 3835 2206 3930; x_wconf 80' lang='lat' dir='ltr'><strong>pus</strong></span> <span class='ocrx_word' id='word_1_581' title='bbox 2255 3835 2359 3912; x_wconf 91' lang='lat' dir='ltr'><strong>non</strong></span> <span class='ocrx_word' id='word_1_582' title='bbox 2414 3871 2741 3927; x_wconf 72' lang='lat' dir='ltr'><strong>ntagquere</strong></span> <span class='ocrx_word' id='word_1_583' title='bbox 2792 3851 3018 3921; x_wconf 74' lang='lat' dir='ltr'><strong>flagitat.</strong></span> <span class='ocrx_word' id='word_1_584' title='bbox 3065 3845 3265 3900; x_wconf 76' lang='lat' dir='ltr'><strong>Verum</strong></span> <span class='ocrx_word' id='word_1_585' title='bbox 3316 3841 3382 3894; x_wconf 81' lang='lat' dir='ltr'><strong>tle</strong></span> <span class='ocrx_word' id='word_1_586' title='bbox 3430 3835 3674 3930; x_wconf 80' lang='lat' dir='ltr'><strong>subnatis</strong></span> 
     </span>
    </p>
   </div>
   <div class='ocr_carea' id='block_1_87' title="bbox 2106 3924 3675 4017">
    <p class='ocr_par' dir='ltr' id='par_1_87' title="bbox 2106 3924 3675 4017">
     <span class='ocr_line' id='line_1_87' title="bbox 2106 3924 3675 4017; baseline -0.018 -12"><span class='ocrx_word' id='word_1_587' title='bbox 2106 3951 2331 4005; x_wconf 82' lang='lat' dir='ltr'><strong>zizaniis</strong></span> <span class='ocrx_word' id='word_1_588' title='bbox 2354 3965 2418 4003; x_wconf 88' lang='lat' dir='ltr'><strong>ac</strong></span> <span class='ocrx_word' id='word_1_589' title='bbox 2445 3948 2637 4017; x_wconf 82' lang='lat' dir='ltr'><strong>spinis,</strong></span> <span class='ocrx_word' id='word_1_590' title='bbox 2664 3963 2799 4016; x_wconf 87' lang='lat' dir='ltr'><strong>quas</strong></span> <span class='ocrx_word' id='word_1_591' title='bbox 2822 3941 3039 3997; x_wconf 86' lang='lat' dir='ltr'><strong>virtutis</strong></span> <span class='ocrx_word' id='word_1_592' title='bbox 3068 3953 3213 4001; x_wconf 87' lang='lat' dir='ltr'><strong>osor,</strong></span> <span class='ocrx_word' id='word_1_593' title='bbox 3247 3946 3568 4001; x_wconf 87' lang='lat' dir='ltr'><strong>semperque</strong></span> <span class='ocrx_word' id='word_1_594' title='bbox 3596 3924 3675 3979; x_wconf 88' lang='lat' dir='ltr'><strong>rei</strong></span> 
     </span>
    </p>
   </div>
   <div class='ocr_carea' id='block_1_88' title="bbox 2103 4018 3669 4107">
    <p class='ocr_par' dir='ltr' id='par_1_88' title="bbox 2103 4018 3669 4107">
     <span class='ocr_line' id='line_1_88' title="bbox 2103 4018 3669 4107; baseline -0.02 -9"><span class='ocrx_word' id='word_1_595' title='bbox 2103 4045 2259 4098; x_wconf 74' lang='lat' dir='ltr'><strong>home</strong></span> <span class='ocrx_word' id='word_1_596' title='bbox 2297 4043 2561 4104; x_wconf 89' lang='lat' dir='ltr'><strong>invidens,</strong></span> <span class='ocrx_word' id='word_1_597' title='bbox 2599 4051 2653 4094; x_wconf 90' lang='lat' dir='ltr'><strong>et</strong></span> <span class='ocrx_word' id='word_1_598' title='bbox 2684 4052 2872 4107; x_wconf 88' lang='lat' dir='ltr'><strong>pacem</strong></span> <span class='ocrx_word' id='word_1_599' title='bbox 2904 4028 3196 4088; x_wconf 88' lang='lat' dir='ltr'><strong>Christiani</strong></span> <span class='ocrx_word' id='word_1_600' title='bbox 3228 4024 3409 4096; x_wconf 77' lang='lat' dir='ltr'><strong>gregis</strong></span> <span class='ocrx_word' id='word_1_601' title='bbox 3446 4018 3669 4107; x_wconf 88' lang='lat' dir='ltr'><strong>minime</strong></span> 
     </span>
    </p>
   </div>
   <div class='ocr_carea' id='block_1_89' title="bbox 2107 4106 3676 4202">
    <p class='ocr_par' dir='ltr' id='par_1_89' title="bbox 2107 4106 3676 4202">
     <span class='ocr_line' id='line_1_89' title="bbox 2107 4106 3676 4202; baseline -0.02 -12"><span class='ocrx_word' id='word_1_602' title='bbox 2107 4134 2308 4201; x_wconf 85' lang='lat' dir='ltr'><strong>ferens,</strong></span> <span class='ocrx_word' id='word_1_603' title='bbox 2340 4135 2481 4187; x_wconf 89' lang='lat' dir='ltr'><strong>inter</strong></span> <span class='ocrx_word' id='word_1_604' title='bbox 2520 4147 2714 4202; x_wconf 91' lang='lat' dir='ltr'><strong>purum</strong></span> <span class='ocrx_word' id='word_1_605' title='bbox 2749 4123 3109 4183; x_wconf 85' lang='lat' dir='ltr'><strong>ecclesiastici</strong></span> <span class='ocrx_word' id='word_1_606' title='bbox 3148 4118 3265 4189; x_wconf 80' lang='lat' dir='ltr'><strong>agri</strong></span> <span class='ocrx_word' id='word_1_607' title='bbox 3304 4113 3566 4171; x_wconf 86' lang='lat' dir='ltr'><strong>triticum,</strong></span> <span class='ocrx_word' id='word_1_608' title='bbox 3608 4106 3676 4160; x_wconf 86' lang='lat' dir='ltr'><strong>ab</strong></span> 
     </span>
    </p>
   </div>
   <div class='ocr_carea' id='block_1_90' title="bbox 2107 4213 3673 4298">
    <p class='ocr_par' dir='ltr' id='par_1_90' title="bbox 2107 4213 3673 4298">
     <span class='ocr_line' id='line_1_90' title="bbox 2107 4213 3673 4298; baseline -0.02 -16"><span class='ocrx_word' id='word_1_609' title='bbox 2107 4226 2416 4298; x_wconf 77' lang='lat' dir='ltr'><strong>evangelico</strong></span> <span class='ocrx_word' id='word_1_610' title='bbox 2448 4237 2503 4280; x_wconf 87' lang='lat' dir='ltr'><strong>et</strong></span> <span class='ocrx_word' id='word_1_611' title='bbox 2553 4234 2777 4294; x_wconf 86' lang='lat' dir='ltr'><strong>paterno</strong></span> <span class='ocrx_word' id='word_1_612' title='bbox 2808 4220 2975 4272; x_wconf 82' lang='lat' dir='ltr'><strong>verbo</strong></span> <span class='ocrx_word' id='word_1_613' title='bbox 3013 4214 3276 4269; x_wconf 90' lang='lat' dir='ltr'><strong>nutritum</strong></span> <span class='ocrx_word' id='word_1_614' title='bbox 3310 4216 3369 4263; x_wconf 85' lang='lat' dir='ltr'><strong>et</strong></span> <span class='ocrx_word' id='word_1_615' title='bbox 3417 4213 3633 4295; x_wconf 45' lang='lat' dir='ltr'><strong>tiu/ctum</strong></span> <span class='ocrx_word' id='word_1_616' title='bbox 3657 4238 3673 4263; x_wconf 94' lang='lat'><strong>,</strong></span> 
     </span>
    </p>
   </div>
   <div class='ocr_carea' id='block_1_91' title="bbox 2108 4296 3677 4386">
    <p class='ocr_par' dir='ltr' id='par_1_91' title="bbox 2108 4296 3677 4386">
     <span class='ocr_line' id='line_1_91' title="bbox 2108 4296 3677 4386; baseline -0.02 -14"><span class='ocrx_word' id='word_1_617' title='bbox 2108 4296 2279 4381; x_wconf 68' lang='lat' dir='ltr'><strong>sevit;</strong></span> <span class='ocrx_word' id='word_1_618' title='bbox 2305 4331 2424 4386; x_wconf 68' lang='lat' dir='ltr'><strong>quae</strong></span> <span class='ocrx_word' id='word_1_619' title='bbox 2457 4328 2649 4383; x_wconf 88' lang='lat' dir='ltr'><strong>nempe</strong></span> <span class='ocrx_word' id='word_1_620' title='bbox 2683 4311 2850 4379; x_wconf 71' lang='lat' dir='ltr'><strong>spinae</strong></span> <span class='ocrx_word' id='word_1_621' title='bbox 2878 4308 3017 4361; x_wconf 83' lang='lat' dir='ltr'><strong>viam</strong></span> <span class='ocrx_word' id='word_1_622' title='bbox 3056 4296 3515 4357; x_wconf 67' lang='lat' dir='ltr'><strong>vitieterentihus</strong></span> <span class='ocrx_word' id='word_1_623' title='bbox 3548 4306 3677 4344; x_wconf 87' lang='lat' dir='ltr'><strong>cru-</strong></span> 
     </span>
    </p>
   </div>
   <div class='ocr_carea' id='block_1_92' title="bbox 2109 4384 3677 4483">
    <p class='ocr_par' dir='ltr' id='par_1_92' title="bbox 2109 4384 3677 4483">
     <span class='ocr_line' id='line_1_92' title="bbox 2109 4384 3677 4483; baseline -0.015 -20"><span class='ocrx_word' id='word_1_624' title='bbox 2109 4410 2256 4483; x_wconf 84' lang='lat' dir='ltr'><strong>deles</strong></span> <span class='ocrx_word' id='word_1_625' title='bbox 2309 4384 2605 4483; x_wconf 76' lang='lat' dir='ltr'><strong>impietatis</strong></span> <span class='ocrx_word' id='word_1_626' title='bbox 2659 4402 2876 4458; x_wconf 80' lang='lat' dir='ltr'><strong>aculeos</strong></span> <span class='ocrx_word' id='word_1_627' title='bbox 2934 4398 3197 4467; x_wconf 81' lang='lat' dir='ltr'><strong>infigunt,</strong></span> <span class='ocrx_word' id='word_1_628' title='bbox 3252 4384 3677 4457; x_wconf 78' lang='lat' dir='ltr'><strong>disputationch</strong></span> 
     </span>
    </p>
   </div>
   <div class='ocr_carea' id='block_1_93' title="bbox 438 4496 2015 4570">
    <p class='ocr_par' dir='ltr' id='par_1_93' title="bbox 438 4496 2008 4570">
     <span class='ocr_line' id='line_1_93' title="bbox 438 4496 2008 4570; baseline 0.001 -19"><span class='ocrx_word' id='word_1_629' title='bbox 438 4496 665 4570; x_wconf 75' lang='grc' dir='ltr'>ηὔξησε,</span> <span class='ocrx_word' id='word_1_630' title='bbox 720 4499 1205 4570; x_wconf 81' lang='grc' dir='ltr'>παρεσπαρμένων</span> <span class='ocrx_word' id='word_1_631' title='bbox 1262 4497 1517 4560; x_wconf 77' lang='grc' dir='ltr'>ζιζανίων</span> <span class='ocrx_word' id='word_1_632' title='bbox 1552 4498 1648 4549; x_wconf 67' lang='grc' dir='ltr'><strong>κά).</strong></span> <span class='ocrx_word' id='word_1_633' title='bbox 1703 4498 2008 4568; x_wconf 83' lang='grc' dir='ltr'>ἀκανθοφο-</span> 
     </span>
    </p>
   </div>
   <div class='ocr_carea' id='block_1_94' title="bbox 2102 4496 2533 4570">
    <p class='ocr_par' dir='ltr' id='par_1_94' title="bbox 2113 4500 2533 4570">
     <span class='ocr_line' id='line_1_94' title="bbox 2113 4500 2533 4570; baseline -0.005 -16"><span class='ocrx_word' id='word_1_634' title='bbox 2113 4500 2533 4570; x_wconf 87' lang='lat' dir='ltr'><strong>auspicabimur.</strong></span> 
     </span>
    </p>
   </div>
   <div class='ocr_carea' id='block_1_95' title="bbox 394 4566 3683 4665">
    <p class='ocr_par' dir='ltr' id='par_1_95' title="bbox 394 4566 3683 4665">
     <span class='ocr_line' id='line_1_95' title="bbox 394 4566 3683 4665; baseline -0.009 -18"><span class='ocrx_word' id='word_1_635' title='bbox 394 4618 407 4633; x_wconf 73' lang='grc' dir='ltr'><strong>ι</strong></span> <span class='ocrx_word' id='word_1_636' title='bbox 441 4593 679 4665; x_wconf 84' lang='grc' dir='ltr'>ρούντων</span> <span class='ocrx_word' id='word_1_637' title='bbox 699 4593 824 4662; x_wconf 70' lang='grc' dir='ltr'>ἤδη,</span> <span class='ocrx_word' id='word_1_638' title='bbox 856 4591 954 4644; x_wconf 80' lang='grc' dir='ltr'>καὶ</span> <span class='ocrx_word' id='word_1_639' title='bbox 983 4591 1112 4653; x_wconf 82' lang='grc' dir='ltr'>τοὺς</span> <span class='ocrx_word' id='word_1_640' title='bbox 1135 4592 1193 4642; x_wconf 77' lang='grc' dir='ltr'><strong>ἐν</strong></span> <span class='ocrx_word' id='word_1_641' title='bbox 1212 4592 1277 4659; x_wconf 81' lang='grc' dir='ltr'>τῇ</span> <span class='ocrx_word' id='word_1_642' title='bbox 1302 4589 1404 4658; x_wconf 81' lang='grc' dir='ltr'><strong>ὁδῷ</strong></span> <span class='ocrx_word' id='word_1_643' title='bbox 1423 4588 1516 4641; x_wconf 91' lang='grc' dir='ltr'><strong>τοῦ</strong></span> <span class='ocrx_word' id='word_1_644' title='bbox 1545 4588 1659 4658; x_wconf 84' lang='grc' dir='ltr'>βίου</span> <span class='ocrx_word' id='word_1_645' title='bbox 1713 4591 2033 4661; x_wconf 88' lang='grc' dir='ltr'>παριόντας,</span> <span class='ocrx_word' id='word_1_646' title='bbox 2072 4595 2185 4656; x_wconf 85' lang='grc' dir='ltr'>τοῖς</span> <span class='ocrx_word' id='word_1_647' title='bbox 2216 4593 2465 4662; x_wconf 79' lang='grc' dir='ltr'>κέντροις</span> <span class='ocrx_word' id='word_1_648' title='bbox 2522 4590 2621 4660; x_wconf 81' lang='grc' dir='ltr'>τῆς</span> <span class='ocrx_word' id='word_1_649' title='bbox 2648 4580 2969 4647; x_wconf 82' lang='grc' dir='ltr'>δυσσέδείας</span> <span class='ocrx_word' id='word_1_650' title='bbox 3045 4575 3291 4649; x_wconf 84' lang='grc' dir='ltr'>ἀνηλεῶς</span> <span class='ocrx_word' id='word_1_651' title='bbox 3343 4566 3683 4639; x_wconf 63' lang='grc' dir='ltr'>κατατιτρὼα</span> 
     </span>
    </p>
   </div>
   <div class='ocr_carea' id='block_1_96' title="bbox 441 4679 1429 4754">
    <p class='ocr_par' dir='ltr' id='par_1_96' title="bbox 441 4679 1429 4754">
     <span class='ocr_line' id='line_1_96' title="bbox 441 4679 1429 4754; baseline -0.005 -15"><span class='ocrx_word' id='word_1_652' title='bbox 441 4701 589 4749; x_wconf 74' lang='grc' dir='ltr'>σκειν</span> <span class='ocrx_word' id='word_1_653' title='bbox 624 4681 1028 4754; x_wconf 81' lang='grc' dir='ltr'>ὑπαρξαμένων</span> <span class='ocrx_word' id='word_1_654' title='bbox 1053 4679 1429 4749; x_wconf 75' lang='grc' dir='ltr'>διαλεξόμεθα.</span> 
     </span>
    </p>
   </div>
   <div class='ocr_carea' id='block_1_97' title="bbox 510 4860 2006 4933">
    <p class='ocr_par' dir='ltr' id='par_1_97' title="bbox 510 4860 2006 4933">
     <span class='ocr_line' id='line_1_97' title="bbox 510 4860 2006 4933; baseline -0.004 -15"><span class='ocrx_word' id='word_1_655' title='bbox 510 4871 579 4933; x_wconf 76' lang='grc' dir='ltr'><strong>γ’.</strong></span> <span class='ocrx_word' id='word_1_656' title='bbox 615 4866 681 4917; x_wconf 84' lang='grc' dir='ltr'>ὐ</span> <span class='ocrx_word' id='word_1_657' title='bbox 705 4860 806 4931; x_wconf 79' lang='grc' dir='ltr'><strong>τῆς</strong></span> <span class='ocrx_word' id='word_1_658' title='bbox 842 4860 1075 4927; x_wconf 79' lang='grc' dir='ltr'>εὐαγοῦς</span> <span class='ocrx_word' id='word_1_659' title='bbox 1100 4862 1195 4913; x_wconf 76' lang='grc' dir='ltr'>καὶ</span> <span class='ocrx_word' id='word_1_660' title='bbox 1225 4862 1392 4931; x_wconf 87' lang='grc' dir='ltr'>μόνης</span> <span class='ocrx_word' id='word_1_661' title='bbox 1418 4860 1677 4929; x_wconf 75' lang='grc' dir='ltr'>ἀληθινῆς</span> <span class='ocrx_word' id='word_1_662' title='bbox 1710 4861 1868 4930; x_wconf 80' lang='grc' dir='ltr'>ἡμῶν</span> <span class='ocrx_word' id='word_1_663' title='bbox 1897 4861 2006 4914; x_wconf 90' lang='grc' dir='ltr'><strong>τῶν</strong></span> 
     </span>
    </p>
   </div>
   <div class='ocr_carea' id='block_1_98' title="bbox 444 4948 2005 5026">
    <p class='ocr_par' dir='ltr' id='par_1_98' title="bbox 444 4948 2005 5026">
     <span class='ocr_line' id='line_1_98' title="bbox 444 4948 2005 5026; baseline -0.004 -19"><span class='ocrx_word' id='word_1_664' title='bbox 444 4951 781 5026; x_wconf 83' lang='grc' dir='ltr'>Χριστιανῶν</span> <span class='ocrx_word' id='word_1_665' title='bbox 808 4950 1106 5022; x_wconf 87' lang='grc' dir='ltr'>θρησκείας</span> <span class='ocrx_word' id='word_1_666' title='bbox 1133 4950 1289 5017; x_wconf 82' lang='grc' dir='ltr'>λόγος</span> <span class='ocrx_word' id='word_1_667' title='bbox 1320 4950 1423 5020; x_wconf 73' lang='grc' dir='ltr'>ἤδη</span> <span class='ocrx_word' id='word_1_668' title='bbox 1454 4950 1621 5002; x_wconf 82' lang='grc' dir='ltr'>πάλαι</span> <span class='ocrx_word' id='word_1_669' title='bbox 1653 4948 2005 5019; x_wconf 87' lang='grc' dir='ltr'>κατώρθωτο·</span> 
     </span>
    </p>
   </div>
   <div class='ocr_carea' id='block_1_99' title="bbox 444 5039 2013 5114">
    <p class='ocr_par' dir='ltr' id='par_1_99' title="bbox 444 5039 2013 5114">
     <span class='ocr_line' id='line_1_99' title="bbox 444 5039 2013 5114; baseline -0.004 -17"><span class='ocrx_word' id='word_1_670' title='bbox 444 5046 538 5097; x_wconf 74' lang='grc' dir='ltr'><strong>καὶ</strong></span> <span class='ocrx_word' id='word_1_671' title='bbox 567 5043 715 5114; x_wconf 86' lang='grc' dir='ltr'><strong>παρά</strong></span> <span class='ocrx_word' id='word_1_672' title='bbox 758 5042 856 5112; x_wconf 81' lang='grc' dir='ltr'><strong>μὲν</strong></span> <span class='ocrx_word' id='word_1_673' title='bbox 904 5044 1016 5104; x_wconf 89' lang='grc' dir='ltr'>τοῖς</span> <span class='ocrx_word' id='word_1_674' title='bbox 1060 5043 1242 5108; x_wconf 85' lang='grc' dir='ltr'>σοφοῖς</span> <span class='ocrx_word' id='word_1_675' title='bbox 1266 5040 1367 5109; x_wconf 76' lang='grc' dir='ltr'>τῆς</span> <span class='ocrx_word' id='word_1_676' title='bbox 1403 5041 1639 5101; x_wconf 85' lang='grc' dir='ltr'>πίστεως</span> <span class='ocrx_word' id='word_1_677' title='bbox 1667 5039 1823 5109; x_wconf 80' lang='grc' dir='ltr'>ἡμῶν</span> <span class='ocrx_word' id='word_1_678' title='bbox 1855 5041 2013 5109; x_wconf 87' lang='grc' dir='ltr'>ἀρχι-</span> 
     </span>
    </p>
   </div>
   <div class='ocr_carea' id='block_1_100' title="bbox 444 5130 2015 5203">
    <p class='ocr_par' dir='ltr' id='par_1_100' title="bbox 444 5130 2015 5203">
     <span class='ocr_line' id='line_1_100' title="bbox 444 5130 2015 5203; baseline -0.004 -14"><span class='ocrx_word' id='word_1_679' title='bbox 444 5138 656 5190; x_wconf 76' lang='grc' dir='ltr'>τέκτοσι</span> <span class='ocrx_word' id='word_1_680' title='bbox 714 5136 808 5187; x_wconf 58' lang='grc' dir='ltr'><strong>καὶ⁹</strong></span> <span class='ocrx_word' id='word_1_681' title='bbox 864 5133 965 5203; x_wconf 79' lang='grc' dir='ltr'>τῆς</span> <span class='ocrx_word' id='word_1_682' title='bbox 1014 5132 1273 5202; x_wconf 78' lang='grc' dir='ltr'>ἀληθείας</span> <span class='ocrx_word' id='word_1_683' title='bbox 1330 5132 1551 5202; x_wconf 76' lang='grc' dir='ltr'>κήρυξι,</span> <span class='ocrx_word' id='word_1_684' title='bbox 1576 5134 1702 5193; x_wconf 67' lang='grc' dir='ltr'>τοὺς</span> <span class='ocrx_word' id='word_1_685' title='bbox 1743 5130 1919 5194; x_wconf 84' lang='grc' dir='ltr'>θείους</span> <span class='ocrx_word' id='word_1_686' title='bbox 1952 5130 2015 5200; x_wconf 82' lang='grc' dir='ltr'>δὴ</span> 
     </span>
    </p>
   </div>
   <div class='ocr_carea' id='block_1_101' title="bbox 444 5224 2018 5296">
    <p class='ocr_par' dir='ltr' id='par_1_101' title="bbox 444 5224 2018 5296">
     <span class='ocr_line' id='line_1_101' title="bbox 444 5224 2018 5296; baseline -0.004 -15"><span class='ocrx_word' id='word_1_687' title='bbox 444 5230 589 5296; x_wconf 88' lang='grc' dir='ltr'>λέγω</span> <span class='ocrx_word' id='word_1_688' title='bbox 633 5229 727 5281; x_wconf 66' lang='grc' dir='ltr'><strong>καλ⁵</strong></span> <span class='ocrx_word' id='word_1_689' title='bbox 762 5226 1085 5287; x_wconf 81' lang='grc' dir='ltr'>θεσπεσίους</span> <span class='ocrx_word' id='word_1_690' title='bbox 1119 5226 1472 5287; x_wconf 84' lang='grc' dir='ltr'>ἀποστόλους,</span> <span class='ocrx_word' id='word_1_691' title='bbox 1509 5224 2018 5293; x_wconf 77' lang='grc' dir='ltr'>προκαταϐέεληται</span> 
     </span>
    </p>
   </div>
   <div class='ocr_carea' id='block_1_102' title="bbox 444 5314 2018 5391">
    <p class='ocr_par' dir='ltr' id='par_1_102' title="bbox 444 5314 2018 5391">
     <span class='ocr_line' id='line_1_102' title="bbox 444 5314 2018 5391; baseline -0.006 -16"><span class='ocrx_word' id='word_1_692' title='bbox 444 5324 473 5375; x_wconf 83' lang='grc' dir='ltr'>ὁ</span> <span class='ocrx_word' id='word_1_693' title='bbox 498 5319 747 5391; x_wconf 86' lang='grc' dir='ltr'>θεμέλιος</span> <span class='ocrx_word' id='word_1_694' title='bbox 777 5336 795 5353; x_wconf 79' lang='grc' dir='ltr'><strong><em>ο</em></strong></span> <span class='ocrx_word' id='word_1_695' title='bbox 831 5314 1030 5389; x_wconf 76' lang='grc' dir='ltr'>οἷάπερ</span> <span class='ocrx_word' id='word_1_696' title='bbox 1063 5317 1219 5388; x_wconf 78' lang='grc' dir='ltr'>ἐντῷ</span> <span class='ocrx_word' id='word_1_697' title='bbox 1252 5318 1401 5387; x_wconf 86' lang='grc' dir='ltr'>νόμῳ</span> <span class='ocrx_word' id='word_1_698' title='bbox 1432 5318 1526 5369; x_wconf 75' lang='grc' dir='ltr'><strong>καὶ</strong></span> <span class='ocrx_word' id='word_1_699' title='bbox 1552 5320 1665 5378; x_wconf 87' lang='grc' dir='ltr'>τοῖς</span> <span class='ocrx_word' id='word_1_700' title='bbox 1709 5317 2018 5386; x_wconf 84' lang='grc' dir='ltr'>προφήταις</span> 
     </span>
    </p>
   </div>
   <div class='ocr_carea' id='block_1_103' title="bbox 449 5398 2017 5485">
    <p class='ocr_par' dir='ltr' id='par_1_103' title="bbox 449 5398 2017 5485">
     <span class='ocr_line' id='line_1_103' title="bbox 449 5398 2017 5485; baseline -0.004 -19"><span class='ocrx_word' id='word_1_701' title='bbox 449 5412 726 5485; x_wconf 82' lang='grc' dir='ltr'>πρόπαλαι</span> <span class='ocrx_word' id='word_1_702' title='bbox 772 5410 1286 5481; x_wconf 82' lang='grc' dir='ltr'>σκιαγραφούμενος</span> <span class='ocrx_word' id='word_1_703' title='bbox 1318 5412 1411 5464; x_wconf 73' lang='grc' dir='ltr'>καὶ</span> <span class='ocrx_word' id='word_1_704' title='bbox 1457 5398 2017 5480; x_wconf 75' lang='grc' dir='ltr'>προχαρασσόμενος,</span> 
     </span>
    </p>
   </div>
   <div class='ocr_carea' id='block_1_104' title="bbox 445 5499 2017 5575">
    <p class='ocr_par' dir='ltr' id='par_1_104' title="bbox 445 5499 2017 5575">
     <span class='ocr_line' id='line_1_104' title="bbox 445 5499 2017 5575; baseline -0.006 -17"><span class='ocrx_word' id='word_1_705' title='bbox 445 5503 600 5568; x_wconf 72' lang='grc' dir='ltr'>ὄντος</span> <span class='ocrx_word' id='word_1_706' title='bbox 636 5503 1035 5575; x_wconf 84' lang='grc' dir='ltr'>ἀκρογωνιαίου</span> <span class='ocrx_word' id='word_1_707' title='bbox 1078 5502 1228 5555; x_wconf 90' lang='grc' dir='ltr'>λίθου</span> <span class='ocrx_word' id='word_1_708' title='bbox 1262 5500 1503 5572; x_wconf 86' lang='grc' dir='ltr'>Χριστοῦ</span> <span class='ocrx_word' id='word_1_709' title='bbox 1534 5501 1627 5553; x_wconf 84' lang='grc' dir='ltr'><strong>τοῦ</strong></span> <span class='ocrx_word' id='word_1_710' title='bbox 1662 5500 1795 5553; x_wconf 81' lang='grc' dir='ltr'>Θεοῦ</span> <span class='ocrx_word' id='word_1_711' title='bbox 1838 5499 2017 5569; x_wconf 82' lang='grc' dir='ltr'>ήμῶν,</span> 
     </span>
    </p>
   </div>
   <div class='ocr_carea' id='block_1_105' title="bbox 447 5593 2012 5665">
    <p class='ocr_par' dir='ltr' id='par_1_105' title="bbox 447 5593 2012 5665">
     <span class='ocr_line' id='line_1_105' title="bbox 447 5593 2012 5665; baseline -0.004 -16"><span class='ocrx_word' id='word_1_712' title='bbox 447 5595 553 5649; x_wconf 81' lang='grc' dir='ltr'>κᾶν</span> <span class='ocrx_word' id='word_1_713' title='bbox 606 5596 753 5658; x_wconf 90' lang='grc' dir='ltr'>λίθος</span> <span class='ocrx_word' id='word_1_714' title='bbox 803 5594 1229 5665; x_wconf 84' lang='grc' dir='ltr'>προσκόμματος</span> <span class='ocrx_word' id='word_1_715' title='bbox 1290 5595 1384 5647; x_wconf 77' lang='grc' dir='ltr'><strong>καὶ</strong></span> <span class='ocrx_word' id='word_1_716' title='bbox 1434 5594 1609 5663; x_wconf 84' lang='grc' dir='ltr'>πέτρα</span> <span class='ocrx_word' id='word_1_717' title='bbox 1674 5593 2012 5656; x_wconf 78' lang='grc' dir='ltr'>σκανδάλου,</span> 
     </span>
    </p>
   </div>
   <div class='ocr_carea' id='block_1_106' title="bbox 443 5684 2015 5754">
    <p class='ocr_par' dir='ltr' id='par_1_106' title="bbox 443 5684 2015 5754">
     <span class='ocr_line' id='line_1_106' title="bbox 443 5684 2015 5754; baseline -0.006 -11"><span class='ocrx_word' id='word_1_718' title='bbox 443 5690 560 5752; x_wconf 68' lang='grc' dir='ltr'>τοῖς</span> <span class='ocrx_word' id='word_1_719' title='bbox 599 5686 694 5741; x_wconf 92' lang='grc' dir='ltr'><strong>νῦν</strong></span> <span class='ocrx_word' id='word_1_720' title='bbox 724 5684 1033 5739; x_wconf 79' lang='grc' dir='ltr'>κατασείειν</span> <span class='ocrx_word' id='word_1_721' title='bbox 1068 5686 1231 5737; x_wconf 82' lang='grc' dir='ltr'>αὐτὸν</span> <span class='ocrx_word' id='word_1_722' title='bbox 1279 5686 1641 5754; x_wconf 84' lang='grc' dir='ltr'>πειρωμένοις</span> <span class='ocrx_word' id='word_1_723' title='bbox 1675 5686 1977 5753; x_wconf 80' lang='grc' dir='ltr'>προκέηται</span> <span class='ocrx_word' id='word_1_724' title='bbox 2003 5700 2015 5712; x_wconf 91' lang='grc'><strong>·</strong></span> 
     </span>
    </p>
   </div>
   <div class='ocr_carea' id='block_1_107' title="bbox 449 5776 2022 5852">
    <p class='ocr_par' dir='ltr' id='par_1_107' title="bbox 449 5776 2022 5852">
     <span class='ocr_line' id='line_1_107' title="bbox 449 5776 2022 5852; baseline -0.004 -18"><span class='ocrx_word' id='word_1_725' title='bbox 449 5782 581 5852; x_wconf 74' lang='grc' dir='ltr'>ἡμῖν</span> <span class='ocrx_word' id='word_1_726' title='bbox 610 5779 665 5831; x_wconf 82' lang='grc' dir='ltr'>δὲ</span> <span class='ocrx_word' id='word_1_727' title='bbox 694 5779 805 5841; x_wconf 81' lang='grc' dir='ltr'>τοῖς</span> <span class='ocrx_word' id='word_1_728' title='bbox 830 5778 924 5830; x_wconf 74' lang='grc' dir='ltr'><strong>επὶ</strong></span> <span class='ocrx_word' id='word_1_729' title='bbox 948 5776 1120 5847; x_wconf 77' lang='grc' dir='ltr'>ταύτῃ</span> <span class='ocrx_word' id='word_1_730' title='bbox 1149 5779 1215 5848; x_wconf 80' lang='grc' dir='ltr'>τῇ</span> <span class='ocrx_word' id='word_1_731' title='bbox 1246 5777 1420 5848; x_wconf 70' lang='grc' dir='ltr'>πέτρᾳ</span> <span class='ocrx_word' id='word_1_732' title='bbox 1446 5776 1911 5845; x_wconf 59' lang='grc' dir='ltr'>ιξαοδομημένοις,</span> <span class='ocrx_word' id='word_1_733' title='bbox 1948 5776 2022 5839; x_wconf 79' lang='grc' dir='ltr'>ὡς</span> 
     </span>
    </p>
   </div>
   <div class='ocr_carea' id='block_1_108' title="bbox 2188 4835 3685 4919">
    <p class='ocr_par' dir='ltr' id='par_1_108' title="bbox 2188 4835 3685 4919">
     <span class='ocr_line' id='line_1_108' title="bbox 2188 4835 3685 4919; baseline -0.017 -10"><span class='ocrx_word' id='word_1_734' title='bbox 2188 4857 2240 4909; x_wconf 79' lang='lat'><strong>3.</strong></span> <span class='ocrx_word' id='word_1_735' title='bbox 2268 4853 2478 4908; x_wconf 73' lang='lat' dir='ltr'><strong>Sancta:</strong></span> <span class='ocrx_word' id='word_1_736' title='bbox 2511 4861 2730 4914; x_wconf 70' lang='lat' dir='ltr'><strong>nostrae,</strong></span> <span class='ocrx_word' id='word_1_737' title='bbox 2759 4864 2878 4919; x_wconf 75' lang='lat' dir='ltr'><strong>qua:</strong></span> <span class='ocrx_word' id='word_1_738' title='bbox 2913 4846 3025 4901; x_wconf 87' lang='lat' dir='ltr'><strong>sola</strong></span> <span class='ocrx_word' id='word_1_739' title='bbox 3053 4858 3179 4897; x_wconf 86' lang='lat' dir='ltr'><strong>vera</strong></span> <span class='ocrx_word' id='word_1_740' title='bbox 3210 4850 3313 4901; x_wconf 86' lang='lat' dir='ltr'><strong>est,</strong></span> <span class='ocrx_word' id='word_1_741' title='bbox 3345 4835 3685 4891; x_wconf 81' lang='lat' dir='ltr'><strong>Christiano-</strong></span> 
     </span>
    </p>
   </div>
   <div class='ocr_carea' id='block_1_109' title="bbox 2118 4924 3686 5015">
    <p class='ocr_par' dir='ltr' id='par_1_109' title="bbox 2118 4924 3686 5015">
     <span class='ocr_line' id='line_1_109' title="bbox 2118 4924 3686 5015; baseline -0.017 -15"><span class='ocrx_word' id='word_1_742' title='bbox 2118 4962 2236 5000; x_wconf 90' lang='lat' dir='ltr'><strong>rum</strong></span> <span class='ocrx_word' id='word_1_743' title='bbox 2285 4942 2558 5015; x_wconf 72' lang='lat' dir='ltr'><strong>religionis</strong></span> <span class='ocrx_word' id='word_1_744' title='bbox 2607 4941 2812 5012; x_wconf 87' lang='lat' dir='ltr'><strong>jamdiu</strong></span> <span class='ocrx_word' id='word_1_745' title='bbox 2873 4948 3017 4993; x_wconf 88' lang='lat' dir='ltr'><strong>recte</strong></span> <span class='ocrx_word' id='word_1_746' title='bbox 3049 4935 3224 4989; x_wconf 83' lang='lat' dir='ltr'><strong>fuerat</strong></span> <span class='ocrx_word' id='word_1_747' title='bbox 3253 4932 3543 4987; x_wconf 87' lang='lat' dir='ltr'><strong>constituta</strong></span> <span class='ocrx_word' id='word_1_748' title='bbox 3586 4924 3686 4976; x_wconf 88' lang='lat' dir='ltr'><strong>do-</strong></span> 
     </span>
    </p>
   </div>
   <div class='ocr_carea' id='block_1_110' title="bbox 2117 5014 3686 5103">
    <p class='ocr_par' dir='ltr' id='par_1_110' title="bbox 2117 5014 3686 5103">
     <span class='ocr_line' id='line_1_110' title="bbox 2117 5014 3686 5103; baseline -0.019 -10"><span class='ocrx_word' id='word_1_749' title='bbox 2117 5038 2326 5093; x_wconf 86' lang='lat' dir='ltr'><strong>ctrina:</strong></span> <span class='ocrx_word' id='word_1_750' title='bbox 2370 5035 2602 5103; x_wconf 78' lang='lat' dir='ltr'><strong>namque</strong></span> <span class='ocrx_word' id='word_1_751' title='bbox 2644 5050 2672 5087; x_wconf 88' lang='lat' dir='ltr'><strong>a</strong></span> <span class='ocrx_word' id='word_1_752' title='bbox 2724 5032 3059 5101; x_wconf 85' lang='lat' dir='ltr'><strong>sapientibus</strong></span> <span class='ocrx_word' id='word_1_753' title='bbox 3092 5025 3215 5080; x_wconf 81' lang='lat' dir='ltr'><strong>fidei</strong></span> <span class='ocrx_word' id='word_1_754' title='bbox 3266 5033 3463 5076; x_wconf 72' lang='lat' dir='ltr'><strong>nostra:</strong></span> <span class='ocrx_word' id='word_1_755' title='bbox 3508 5014 3686 5069; x_wconf 58' lang='lat' dir='ltr'><strong>arclzic</strong></span> 
     </span>
    </p>
   </div>
   <div class='ocr_carea' id='block_1_111' title="bbox 2119 5114 3689 5197">
    <p class='ocr_par' dir='ltr' id='par_1_111' title="bbox 2119 5114 3689 5197">
     <span class='ocr_line' id='line_1_111' title="bbox 2119 5114 3689 5197; baseline -0.017 -13"><span class='ocrx_word' id='word_1_756' title='bbox 2119 5131 2295 5193; x_wconf 83' lang='lat' dir='ltr'><strong>tectis,</strong></span> <span class='ocrx_word' id='word_1_757' title='bbox 2333 5130 2690 5197; x_wconf 86' lang='lat' dir='ltr'><strong>veritatisque</strong></span> <span class='ocrx_word' id='word_1_758' title='bbox 2744 5122 3105 5194; x_wconf 68' lang='lat' dir='ltr'><strong>przeconibus,</strong></span> <span class='ocrx_word' id='word_1_759' title='bbox 3149 5118 3311 5177; x_wconf 89' lang='lat' dir='ltr'><strong>divis,</strong></span> <span class='ocrx_word' id='word_1_760' title='bbox 3348 5114 3592 5180; x_wconf 83' lang='lat' dir='ltr'><strong>inquam,</strong></span> <span class='ocrx_word' id='word_1_761' title='bbox 3634 5114 3689 5158; x_wconf 90' lang='lat' dir='ltr'><strong>et</strong></span> 
     </span>
    </p>
   </div>
   <div class='ocr_carea' id='block_1_112' title="bbox 2116 5204 3686 5289">
    <p class='ocr_par' dir='ltr' id='par_1_112' title="bbox 2116 5204 3686 5289">
     <span class='ocr_line' id='line_1_112' title="bbox 2116 5204 3686 5289; baseline -0.018 -15"><span class='ocrx_word' id='word_1_762' title='bbox 2116 5222 2336 5275; x_wconf 80' lang='lat' dir='ltr'><strong>eximiis</strong></span> <span class='ocrx_word' id='word_1_763' title='bbox 2386 5221 2671 5289; x_wconf 87' lang='lat' dir='ltr'><strong>apostolis,</strong></span> <span class='ocrx_word' id='word_1_764' title='bbox 2705 5215 3017 5287; x_wconf 50' lang='lat' dir='ltr'><strong>pra’jactum</strong></span> <span class='ocrx_word' id='word_1_765' title='bbox 3066 5209 3480 5263; x_wconf 81' lang='lat' dir='ltr'><strong>fundamentum</strong></span> <span class='ocrx_word' id='word_1_766' title='bbox 3521 5204 3638 5289; x_wconf 77' lang='lat' dir='ltr'><strong>erat</strong></span> <span class='ocrx_word' id='word_1_767' title='bbox 3673 5212 3686 5248; x_wconf 90' lang='lat'><strong>:</strong></span> 
     </span>
    </p>
   </div>
   <div class='ocr_carea' id='block_1_113' title="bbox 2119 5285 3692 5381">
    <p class='ocr_par' dir='ltr' id='par_1_113' title="bbox 2119 5285 3692 5381">
     <span class='ocr_line' id='line_1_113' title="bbox 2119 5285 3692 5381; baseline -0.02 -16"><span class='ocrx_word' id='word_1_768' title='bbox 2119 5328 2280 5381; x_wconf 84' lang='lat' dir='ltr'><strong>quam</strong></span> <span class='ocrx_word' id='word_1_769' title='bbox 2338 5285 2589 5365; x_wconf 79' lang='lat' dir='ltr'><strong>videlicet</strong></span> <span class='ocrx_word' id='word_1_770' title='bbox 2643 5285 2907 5362; x_wconf 83' lang='lat' dir='ltr'><strong>fabricam</strong></span> <span class='ocrx_word' id='word_1_771' title='bbox 2970 5302 3054 5356; x_wconf 84' lang='lat' dir='ltr'><strong>lex</strong></span> <span class='ocrx_word' id='word_1_772' title='bbox 3114 5297 3241 5351; x_wconf 88' lang='lat' dir='ltr'><strong>olim</strong></span> <span class='ocrx_word' id='word_1_773' title='bbox 3296 5285 3692 5381; x_wconf 6' lang='lat' dir='ltr'><strong>etpproPhetae</strong></span> 
     </span>
    </p>
   </div>
   <div class='ocr_carea' id='block_1_114' title="bbox 2129 5373 3695 5459">
    <p class='ocr_par' dir='ltr' id='par_1_114' title="bbox 2129 5373 3695 5459">
     <span class='ocr_line' id='line_1_114' title="bbox 2129 5373 3695 5459; baseline -0.019 -4"><span class='ocrx_word' id='word_1_774' title='bbox 2129 5373 2503 5456; x_wconf 74' lang='lat' dir='ltr'><strong>adumbratam</strong></span> <span class='ocrx_word' id='word_1_775' title='bbox 2552 5399 2988 5457; x_wconf 82' lang='lat' dir='ltr'><strong>deliueaverant,</strong></span> <span class='ocrx_word' id='word_1_776' title='bbox 3026 5385 3269 5459; x_wconf 77' lang='lat' dir='ltr'><strong>angulari</strong></span> <span class='ocrx_word' id='word_1_777' title='bbox 3316 5379 3471 5450; x_wconf 79' lang='lat'><strong>151</strong></span> <span class='ocrx_word' id='word_1_778' title='bbox 3511 5373 3695 5428; x_wconf 87' lang='lat' dir='ltr'><strong>futuro</strong></span> 
     </span>
    </p>
   </div>
   <div class='ocr_carea' id='block_1_115' title="bbox 2129 5465 3693 5562">
    <p class='ocr_par' dir='ltr' id='par_1_115' title="bbox 2129 5465 3693 5562">
     <span class='ocr_line' id='line_1_115' title="bbox 2129 5465 3693 5562; baseline -0.024 -9"><span class='ocrx_word' id='word_1_779' title='bbox 2129 5494 2303 5562; x_wconf 71' lang='lat' dir='ltr'><strong>lapide</strong></span> <span class='ocrx_word' id='word_1_780' title='bbox 2354 5493 2464 5547; x_wconf 88' lang='lat' dir='ltr'><strong>Deo</strong></span> <span class='ocrx_word' id='word_1_781' title='bbox 2510 5500 2696 5545; x_wconf 90' lang='lat' dir='ltr'><strong>nostro</strong></span> <span class='ocrx_word' id='word_1_782' title='bbox 2729 5488 2948 5544; x_wconf 89' lang='lat' dir='ltr'><strong>Christo</strong></span> <span class='ocrx_word' id='word_1_783' title='bbox 2981 5502 2995 5537; x_wconf 88' lang='lat'>:</span> <span class='ocrx_word' id='word_1_784' title='bbox 3034 5483 3126 5551; x_wconf 91' lang='lat' dir='ltr'><strong>qui</strong></span> <span class='ocrx_word' id='word_1_785' title='bbox 3164 5479 3263 5533; x_wconf 85' lang='lat' dir='ltr'><strong>etsi</strong></span> <span class='ocrx_word' id='word_1_786' title='bbox 3301 5474 3436 5543; x_wconf 80' lang='lat' dir='ltr'><strong>lapis</strong></span> <span class='ocrx_word' id='word_1_787' title='bbox 3465 5465 3693 5523; x_wconf 78' lang='lat' dir='ltr'><strong>offendi--</strong></span> 
     </span>
    </p>
   </div>
   <div class='ocr_carea' id='block_1_116' title="bbox 2121 5568 3693 5655">
    <p class='ocr_par' dir='ltr' id='par_1_116' title="bbox 2121 5568 3693 5655">
     <span class='ocr_line' id='line_1_116' title="bbox 2121 5568 3693 5655; baseline -0.024 -12"><span class='ocrx_word' id='word_1_788' title='bbox 2121 5589 2225 5643; x_wconf 87' lang='lat' dir='ltr'><strong>Culi</strong></span> <span class='ocrx_word' id='word_1_789' title='bbox 2268 5596 2322 5640; x_wconf 92' lang='lat' dir='ltr'><strong>et</strong></span> <span class='ocrx_word' id='word_1_790' title='bbox 2372 5594 2522 5655; x_wconf 87' lang='lat' dir='ltr'><strong>petra</strong></span> <span class='ocrx_word' id='word_1_791' title='bbox 2578 5580 2821 5637; x_wconf 88' lang='lat' dir='ltr'><strong>scandali</strong></span> <span class='ocrx_word' id='word_1_792' title='bbox 2867 5577 2953 5632; x_wconf 90' lang='lat' dir='ltr'><strong>his</strong></span> <span class='ocrx_word' id='word_1_793' title='bbox 2994 5576 3083 5645; x_wconf 89' lang='lat' dir='ltr'><strong>qui</strong></span> <span class='ocrx_word' id='word_1_794' title='bbox 3118 5585 3261 5627; x_wconf 87' lang='lat' dir='ltr'><strong>nunc</strong></span> <span class='ocrx_word' id='word_1_795' title='bbox 3298 5581 3417 5621; x_wconf 87' lang='lat' dir='ltr'><strong>eam</strong></span> <span class='ocrx_word' id='word_1_796' title='bbox 3466 5568 3693 5631; x_wconf 80' lang='lat' dir='ltr'><strong>quatere</strong></span> 
     </span>
    </p>
   </div>
   <div class='ocr_carea' id='block_1_117' title="bbox 2130 5660 3695 5742">
    <p class='ocr_par' dir='ltr' id='par_1_117' title="bbox 2130 5660 3695 5742">
     <span class='ocr_line' id='line_1_117' title="bbox 2130 5660 3695 5742; baseline -0.019 -9"><span class='ocrx_word' id='word_1_797' title='bbox 2130 5686 2419 5740; x_wconf 84' lang='lat' dir='ltr'><strong>attentam,</strong></span> <span class='ocrx_word' id='word_1_798' title='bbox 2457 5681 2696 5742; x_wconf 87' lang='lat' dir='ltr'><strong>prostat,</strong></span> <span class='ocrx_word' id='word_1_799' title='bbox 2736 5671 2891 5726; x_wconf 87' lang='lat' dir='ltr'><strong>nobis</strong></span> <span class='ocrx_word' id='word_1_800' title='bbox 2923 5679 3100 5722; x_wconf 90' lang='lat' dir='ltr'><strong>tamen</strong></span> <span class='ocrx_word' id='word_1_801' title='bbox 3129 5676 3292 5729; x_wconf 88' lang='lat' dir='ltr'><strong>super</strong></span> <span class='ocrx_word' id='word_1_802' title='bbox 3319 5660 3457 5711; x_wconf 88' lang='lat' dir='ltr'><strong>hanc</strong></span> <span class='ocrx_word' id='word_1_803' title='bbox 3486 5662 3695 5722; x_wconf 88' lang='lat' dir='ltr'><strong>petram</strong></span> 
     </span>
    </p>
   </div>
   <div class='ocr_carea' id='block_1_118' title="bbox 2132 5747 3696 5835">
    <p class='ocr_par' dir='ltr' id='par_1_118' title="bbox 2132 5747 3696 5835">
     <span class='ocr_line' id='line_1_118' title="bbox 2132 5747 3696 5835; baseline -0.018 -9"><span class='ocrx_word' id='word_1_804' title='bbox 2132 5769 2437 5835; x_wconf 70' lang='lat' dir='ltr'><strong>Ludificalis,</strong></span> <span class='ocrx_word' id='word_1_805' title='bbox 2492 5777 2548 5821; x_wconf 90' lang='lat' dir='ltr'><strong>ut</strong></span> <span class='ocrx_word' id='word_1_806' title='bbox 2580 5765 2897 5834; x_wconf 74' lang='lat' dir='ltr'><strong>corypttceus</strong></span> <span class='ocrx_word' id='word_1_807' title='bbox 2936 5755 3322 5827; x_wconf 82' lang='lat' dir='ltr'><strong>discipulorum</strong></span> <span class='ocrx_word' id='word_1_808' title='bbox 3345 5747 3541 5811; x_wconf 83' lang='lat' dir='ltr'><strong>Verbi,</strong></span> <span class='ocrx_word' id='word_1_809' title='bbox 3573 5758 3696 5797; x_wconf 85' lang='lat' dir='ltr'><strong>cum</strong></span> 
     </span>
    </p>
   </div>
  </div>
