4130 6332
467 359 571 428 537

1317 364 1887 434 APOLOGETICUS
1927 376 2073 436 PRO
2116 349 2380 439 SACilIS
2422 382 2904 442 IMAGINIBUS.

3614 384 3720 449 533

467 469 561 522 τὸν
615 469 872 526 ἁπάντων
916 473 1129 546 Κριτὴν
1161 477 1255 529 καὶ
1295 480 1574 548 Δεσπότην
1616 484 1708 534 καὶ
1753 484 1861 536 τῶν
1911 487 2043 537 ὅλων

2151 500 2434 558 postquam
2480 493 2718 544 onmiutu
2758 492 2932 546 Jutlex
2984 491 3354 562 Dominusque
3395 501 3450 548 et
3491 494 3714 548 univer-

467 555 604 612 Θεὸν
631 559 1054 630 ἀπεκδέχεσθαι,
1094 563 1211 634 ἅμα
1263 569 1328 642 τῇ
1362 568 1568 636 πληθόῖ
1599 571 1706 622 τῶν
1747 577 2039 642 μακαρίων

469 651 567 702 καὶ
589 650 896 720 ἀσωμάτων
923 653 1231 723 δυνάμεων,
1276 639 1413 726 μετὰ
1437 659 1596 724 δόξης
1625 667 1721 730 τῆς
1772 658 2036 736 πατρικῆς

472 739 534 804 ἐξ
573 741 818 812 οῦρανῶν
874 743 948 804 ὡς
981 744 1044 815 δὴ
1075 747 1414 815 κηρύσσεται
1453 753 1872 822 κατερχόμενον,
1945 761 2039 810 καὶ

472 830 671 894 ἄξοντα
720 833 802 895 είς
834 833 1017 902 κρίσιν
1068 837 1292 904 σύμπαν
1325 839 1384 891 τὸ
1425 840 1660 910 ποίημα,
1697 845 1790 895 καὶ
1823 845 2038 898 ἀποδώ-

473 935 634 973 σοντα
669 921 884 991 ἑκάστῳ
916 925 1060 978 καθὰ
1098 925 1412 980 ἐϐιότευσεν
1437 946 1450 960 ο
1493 931 1611 982 εἴτε
1645 933 1849 1001 σαρκὸς
1877 935 2041 1002 μόνον

470 1009 667 1064 πάθεσι
691 1013 1050 1084 δουλούμενός
1077 1035 1162 1080 τις
1195 1019 1580 1089 ὑπενήνεκται,
1608 1025 1701 1074 καὶ
1739 1025 1904 1094 μηδὲν
1929 1025 2040 1079 τῶν

465 1095 764 1168 δρωμένων
784 1101 1144 1174 λογισάμενος
1169 1106 1503 1178 ὑψηλότερον
1524 1112 1604 1173 είς
1621 1111 1726 1185 γῆν
1748 1114 2041 1168 απονένευ·

464 1205 578 1253 κεν,
603 1191 714 1246 εἴτε
737 1193 815 1264 τῷ
837 1196 1107 1266 πνεύματι
1140 1201 1441 1272 συνεπαιρό
1449 1220 1628 1270 μενος,
1651 1207 1761 1268 τοῖς
1782 1207 2039 1274 μέλλουσι

466 1280 559 1331 καὶ
603 1283 734 1350 πρὶν
775 1284 986 1338 ἐνθένδε
1037 1291 1466 1358 μεταναστῆναι,
1511 1293 1586 1355 ὡς
1627 1295 1726 1362 ἥδη
1778 1296 2034 1366 παροῦσι,

466 1371 799 1438 συνεγένετο,
849 1375 944 1428 καὶ
995 1377 1072 1446 τῷ
1103 1377 1234 1450 θείῳ
1281 1381 1434 1452 πόθῳ
1483 1377 1877 1454 πτερούμενος,
1927 1389 2036 1440 τῶν

461 1460 575 1514 ἅνω
605 1463 810 1531 λήξεων
831 1465 894 1518 τὸ
923 1469 1193 1539 μακάριον
1218 1474 1655 1542 κατοπτρίζεται
1685 1494 1700 1507 ο
1741 1480 2034 1550 προσέχειν

463 1570 519 1606 τε
545 1555 754 1620 ἑαυτοῖς
796 1559 1060 1627 μάλιστα,
1093 1563 1188 1616 καὶ
1246 1565 1356 1617 τῶν
1403 1568 1460 1618 ἐν
1518 1570 1649 1636 ἡμῖν
1688 1570 2033 1640 ὀρμημόιτων

461 1648 556 1702 καὶ
585 1651 902 1718 κινημάτων
949 1654 1224 1721 αἱρεῖσθαι
1255 1657 1322 1709 τὰ
1369 1657 1568 1727 βελτίω
1599 1678 1658 1712 τε
1694 1662 1788 1713 καὶ
1816 1664 2030 1732 συμφέ-

464 1749 654 1802 ροντα·
680 1735 841 1806 viri/et
864 1739 916 1791 δὲ
944 1741 1082 1804 νοὸς,
1116 1743 1213 1796 καὶ
1239 1743 1518 1814 λογισμῶν
1547 1749 1904 1819 καθαρότητι,
1935 1753 2032 1805 καὶ

2145 581 2274 636 salis
2303 583 2456 642 Deus,
2483 600 2600 636 cum
2631 585 2911 638 beatarum
2941 585 3263 654 spiritalium
3293 589 3552 640 virtutum
3579 587 3717 639 mul-

2149 673 2414 738 titudine,
2474 691 2706 743 rumque
2755 687 2975 744 paterna
3023 676 3227 744 gloria,
3281 685 3347 731 de
3394 675 3533 730 ctelo
3577 679 3718 730 sicut

2145 765 2429 817 classicum
2473 767 2902 831 cecinitaderit,
2944 779 3362 836 creaturamque
3401 784 3620 822 omnem
3659 767 3713 822 in

2136 853 2398 920 judicium
2425 858 2688 924 adducet;
2715 859 3062 928 singulosque
3089 870 3248 928 prout
3268 859 3505 912 vixerint
3525 873 3710 912 remu-

2144 945 2461 1010 nerabitur;
2497 958 2608 1000 tum
2652 964 2775 1002 eum
2809 949 3094 1012 videlicet,
3139 949 3230 1017 qui
3265 949 3451 1003 carnis
3501 957 3710 1002 tantum

2142 1037 2531 1103 cupiditatibus
2562 1040 2832 1096 serviliter
2860 1041 3096 1106 deditus,
3139 1041 3382 1108 nihilque
3415 1055 3580 1109 supra
3623 1054 3712 1092 res

2141 1127 2381 1181 visibiles
2409 1134 2652 1198 cogitans
2671 1174 2686 1197 ,
2716 1133 2781 1184 ad
2817 1142 3018 1186 terram
3047 1148 3251 1201 pronus
3272 1133 3519 1187 incubuit
3545 1148 3560 1197 ;
3593 1142 3710 1184 tum

2141 1218 2288 1272 illtnn
2327 1220 2416 1288 qui
2452 1221 2641 1290 Spiritu
2679 1237 2896 1276 sursum
2925 1223 3102 1284 elato,
3137 1223 3338 1278 futuris
3374 1223 3538 1277 rebus
3579 1230 3708 1275 ante

2139 1309 2300 1362 etiam
2323 1325 2482 1377 quam
2508 1311 2636 1364 hinc
2661 1312 2940 1380 migraret,
2961 1325 3060 1366 ceu
3085 1312 3440 1380 praesentibus
3466 1321 3706 1365 mentem

2140 1397 2392 1464 intendit,
2421 1401 2694 1470 divinique
2720 1403 2922 1456 amoris
2956 1405 3056 1458 alis
3088 1403 3403 1469 subvectus,
3437 1416 3708 1468 superna-

2138 1507 2254 1542 rum
2283 1493 2574 1546 stationum
2608 1495 2995 1550 beatitudinem
3023 1494 3420 1564 contemplatus
3451 1502 3557 1546 est.
3586 1491 3708 1556 llis,

2137 1581 2380 1649 inquam,
2420 1585 2591 1651 magis
2622 1585 2923 1649 adhaarere,
2958 1594 3247 1652 motusque
3287 1593 3505 1638 nostros
3549 1592 3601 1635 et
3630 1581 3712 1634 in-

2135 1672 2453 1728 clinationes
2483 1675 2550 1727 ad
2597 1674 2820 1730 meliora
2868 1685 3032 1744 atque
3065 1675 3283 1728 utiliora
3316 1682 3593 1742 oporteret
3625 1671 3712 1724 di-

2138 1762 2341 1831 rigere;
2421 1766 2725 1834 mentisque
2795 1765 3125 1832 sobrietate,
3201 1774 3254 1818 et
3314 1763 3706 1831 cogitationum

417 1855 419 1857 ι
457 1819 566 1872 τῶν
605 1821 707 1891 τῆς
731 1824 910 1897 ψυχῆς
933 1827 1200 1896 ὀμμάτων
1235 1835 1569 1904 ὲγρηγόρσει
1602 1839 1710 1890 πᾶν
1743 1839 1924 1892 ὁτιοῦν
1951 1844 2030 1903 εἰς

2137 1851 2390 1919 puritate,
2435 1868 2534 1908 nec
2575 1870 2680 1908 non
2722 1856 2978 1924 vigilante
3015 1857 3208 1910 animae
3249 1849 3707 1920 oculo,quidquid

455 1910 614 1975 δόξαν
663 1915 801 1968 Θεοῦ
845 1918 939 1970 καὶ
979 1922 1340 1992 εὐαρέστησιν
1393 1928 1867 1997 κατεργάζεσθαι·
1935 1935 2032 1985 καὶ

459 2003 746 2058 συνελόντα
789 2012 968 2062 εἰπεῖν
1000 2013 1102 2066 ὅσα
1137 2015 1216 2076 είς
1247 2019 1524 2087 σωτηρίαν
1555 2021 1737 2091 ψυχῆς
1767 2018 1894 2094 ἧκε,
1929 2027 2032 2078 πᾶ-

457 2110 557 2156 σαν
585 2097 826 2170 σπουδὴν
851 2100 1190 2170 τιθεμένους,
1212 2105 1298 2158 διὰ
1325 2111 1424 2178 τῆς
1449 2110 1559 2162 τῶν
1591 2111 1824 2166 ἐντολῶν
1857 2115 2029 2183 τηρή-

456 2201 596 2248 σεως
643 2188 1112 2258 διαπράττεσθαι·
1165 2195 1233 2248 δι’
1269 2191 1344 2252 ὧν
1389 2201 1768 2270 προσάγεσθαι
1799 2219 1859 2256 τε
1881 2203 2031 2274 αὐτῷ

454 2278 552 2332 καὶ
583 2280 934 2346 οἰκειοῦσθαι,
981 2289 1092 2350 τοῖς
1130 2289 1304 2343 ταῦτα
1329 2294 1746 2366 κατορθωκόσιν
1771 2296 2029 2370 ἀξιοπρε-

455 2370 577 2434 πῶς
605 2375 951 2442 περιγίνεται
976 2395 990 2409 ο
1055 2383 1429 2454 μιμουμένους
1463 2386 1564 2449 τὰς
1593 2389 1892 2458 φρονίμους
1921 2390 2030 2443 τῶν

455 2461 742 2552 παρθένων
803 2469 1042 2535 ὲκείνας,
1082 2473 1307 2538 καὶτὰς
1351 2475 1648 2547 λαμπάδας
1679 2480 1897 2550 διίιίνιλτεῐ
1951 2482 2028 2552 τῷ

451 2547 617 2640 ἐλαίῳ
638 2557 1023 2626 κοσμουμένας
1039 2562 1406 2629 ἀνάπτοντας,
1427 2567 1502 2629 ώς
1533 2568 1598 2640 δὴ
1618 2547 2028 2639 ὑπαντήσοντας

449 2639 926 2714 ηὐτρεπισμένους
947 2650 1024 2720 τῷ
1046 2654 1264 2724 νυμφίῳ
1285 2650 1426 2724 ἀωρὶ
1445 2657 1554 2710 τῶν
1579 2659 1792 2713 νυκτῶν
1811 2661 2024 2731 ἥκοντι,

451 2727 750 2784 κάντεῦθεν
802 2735 1164 2794 ἁνενδῦαστον
1196 2746 1574 2815 κεκτημένους
1605 2749 1668 2801 τὸ
1699 2748 1912 2818 εὔελπι,
1943 2755 2024 2818 είς

447 2821 574 2885 τοὺς
601 2825 865 2893 ὁρεκτοὺς
890 2828 1133 2895 ἐκείνους
1151 2833 1247 2886 καὶ
1261 2835 1755 2907 ἀναπεπταμένους
1777 2840 1887 2896 τῶν
1914 2859 2025 2894 πα-

449 2915 732 2999 τριαρχῶν
751 2917 1008 2983 κόλπους,
1032 2921 1132 2986 τὰς
1158 2926 1439 2995 μακαρίας
1465 2929 1682 2992 ὲκείνας
1722 2929 1894 3000 μονὰς
1928 2933 2024 2986 καὶ

450 3003 894 3076 ἀπσκληρώσεις,
951 3010 1156 3076 αἵτινές
1180 3014 1313 3069 ποτέ
1341 3018 1500 3080 εἰσιν,
1531 3019 2018 3089 ἁνακλιθὴσεσθαιο

2139 1941 2245 1996 Deo
2279 1945 2637 2000 honoriﬁcum
2678 1947 3042 2016 placitumque
3079 1958 3166 2000 est
3189 1986 3204 2012 ,
3239 1945 3452 2014 operari
3495 1958 3510 1996 ι
3543 1955 3706 2007 al‘lue

2134 2035 2533 2100 utcontpendio
2557 2035 2756 2096 dicam,
2781 2034 3040 2102 quidquid
3066 2034 3226 2088 saluti
3256 2035 3450 2086 animae
3471 2031 3703 2091 confert,

2132 2119 2184 2172 id
2211 2121 2356 2175 omni
2384 2123 2564 2176 studio
2593 2127 2690 2190 per
2718 2122 3082 2192 divina:_|egis
3113 2120 3513 2176 observantiam
3549 2135 3707 2172 exse-

2133 2213 2222 2278 qui
2257 2229 2274 2266 :
2307 2228 2430 2266 nam
2472 2213 2553 2268 sic
2585 2213 2883 2282 contingit,
2913 2222 2972 2266 ut
3002 2213 3070 2266 ad
3101 2211 3194 2266 Dei
3231 2209 3700 2270 familiaritatem,

2133 2301 2186 2353 bl
2239 2302 2329 2370 qui
2378 2302 2450 2356 ita
2503 2316 2564 2356 se
2609 2313 2840 2372 gerunt,
2881 2302 3239 2372 perveniant,
3279 2300 3551 2368 sapientes
3584 2297 3703 2350 illas

2131 2393 2389 2447 nimirum
2451 2393 2731 2452 imitantes
2785 2395 3067 2466 virgines,
3125 2407 3362 2462 suasque
3427 2391 3705 2458 lampades

2131 2485 2354 2555 copioso
2386 2485 2508 2540 oleo
2534 2485 2830 2540 instructas
2866 2487 3338 2552 accendentes,_ut
3373 2482 3513 2535 bene
3549 2497 3702 2534 COIII-

2127 2577 2301 2646 parati
2359 2591 2558 2645 sponso
2614 2585 2906 2631 occurrant
2959 2577 3281 2643 intempesta
3341 2573 3513 2626 noctis
3564 2573 3698 2626 hora

2127 2667 2529 2737 supervenienti
2559 2686 2573 2723 :
2607 2668 2688 2722 sic
2721 2681 2916 2736 nempe
2949 2665 3226 2720 indubiam
3259 2681 3406 2734 spent
3431 2664 3698 2727 foventes,
3736 2709 3744 2716 .

2125 2759 2243 2814 fore
2269 2769 2326 2814 ut
2354 2761 2406 2814 in
2441 2757 2643 2828 optatis
2671 2757 2778 2812 illis
2814 2757 3233 2828 patentibusque
3265 2753 3698 2824 patriarcharum

2128 2850 2373 2913 sinibus,
2419 2851 2704 2919 beatisque
2737 2847 2842 2906 illis
2893 2847 3116 2902 sedibus
3161 2855 3214 2899 et
3251 2845 3694 2906 lncreditatibus,

2127 2956 2480 3010 quaecumque
2529 2942 2748 2996 demum
2804 2955 2882 2996 ea:
2930 2946 3090 3004 sunt,
3144 2939 3482 2992 recumbam.
3537 2934 3696 2998 l-lzcc,

2127 3035 2366 3103 inquam,
2417 3035 2558 3090 bona
2607 3035 2876 3104 diligenda
2937 3042 3083 3097 sunt,
3127 3032 3180 3085 in
3235 3032 3320 3086 his
3371 3045 3521 3084 tuens
3563 3029 3698 3084 deli-

449 3094 626 3150 ταῦτα
651 3101 924 3170 στέργειν,
961 3104 1019 3156 ὲν
1043 3105 1258 3170 τούτοις
1289 3109 1718 3178 ἀπασχολεῖσθαι
1749 3113 1842 3166 τὸν
1873 3113 2018 3179 νοῦν,

450 3187 541 3210 ..-ἱ
587 3190 715 3210 _-._5\
821 3192 847 3206 ³⁸
928 3196 940 3210 I
1137 3201 1149 3210 ι
1178 3199 1200 3210 α.
1362 3202 1374 3210 ι
1424 3201 1466 3210 Α.
1616 3205 1626 3210 -

2130 3094 2298 3196 gentia
2321 3094 2467 3190 {res
2503 3126 2645 3182 nulla
2680 3094 2912 3196 denique
2946 3141 3065 3193 qua:
3097 3123 3298 3176 caduca
3332 3131 3386 3176 et
3433 3121 3590 3175 noxia
3627 3119 3700 3174 sit

449 3187 546 3240 καὶ
585 3190 755 3258 μηδὲν
778 3192 888 3246 τῶν
923 3196 1242 3266 ὲπισφαλῶν
1290 3202 1385 3253 καὶ
1421 3201 1772 3272 βλαπτόντων
1810 3224 2019 3278 περιερ-

450 3279 760 3346 γάζεσθαι’
811 3284 878 3338 ἂν
919 3284 1063 3340 οὕτω
1112 3289 1495 3362 φιλοσοφῶμεν
1533 3295 1630 3347 καὶ
1677 3295 1820 3350 οὕτω
1873 3298 2024 3367 βιοῦν

450 3369 730 3462 ἑλοίμεθα,
762 3375 859 3428 καὶ
899 3377 1130 3448 μελέτην
1153 3380 1386 3435 θανάτου
1417 3385 1518 3452 τὴν
1553 3386 1832 3455 παροῦσαν
1875 3388 2022 3462 ζωὴν

449 3461 734 3534 ἡγώμεθα,
771 3467 1072 3537 τευξόμεθα
1109 3470 1218 3522 τῶν
1242 3474 1390 3543 παρὰ
1429 3475 1524 3528 τοῦ
1558 3475 1823 3544 ἀψευδοῦς
1852 3481 2023 3549 ἐπηγ-

451 3555 749 3624 γελμένων,
808 3558 906 3610 καὶ
971 3559 1072 3627 τῆς
1127 3563 1498 3634 ἀποκειμένης
1549 3569 1662 3629 τοῖς
1717 3570 2022 3636 τηρήσασιν

452 3646 618 3708 αὑτοῦ
648 3647 742 3700 τὸν
771 3649 950 3717 λόγον,
981 3647 1040 3704 εὖ
1069 3647 1209 3714 οἶδα,
1257 3655 1660 3724 μακαριότητος
1683 3673 1696 3687 ·
1737 3659 1868 3728 περὶ
1920 3661 2020 3728 μὲν

450 3737 515 3807 δὴ
549 3737 750 3792 τούτων
785 3743 833 3796 εί
882 3743 980 3796 καὶ
1015 3743 1222 3816 βραχὺς
1251 3747 1280 3798 ό
1307 3747 1485 3811 λόγος,
1522 3750 1671 3818 ὅμως
1697 3751 1897 3814 ἱκανῶς
1928 3754 2022 3804 καὶ

452 3830 820 3900 ἀποχρώντως
861 3834 1002 3903 ἔχων
1025 3851 1038 3866 ·
1075 3837 1138 3890 οὐ
1168 3840 1276 3908 γὰρ
1306 3839 1402 3890 ἐπὶ
1428 3839 1590 3894 πλέον
1613 3840 1868 3906 διεξιέναι
1894 3843 2020 3913 χρὴ,

451 3920 676 3992 ἐπεὶ-μὴ
710 3921 872 3976 τοῦτο
917 3925 1028 3978 τῶν
1077 3927 1220 3980 πάνυ
1259 3928 1701 3996 κατεπειγόντων
1730 3929 1808 4000 τῷ
1844 3929 2021 4000 καιρῷ

451 4011 714 4080 πρόσεστι
736 4027 751 4042 υ
801 4013 936 4084 περὶ
963 4012 1020 4064 δέ
1049 4030 1114 4081 γε
1148 4013 1260 4068 τῶν
1293 4015 1389 4068 νῦν
1426 4017 1828 4086 ἐπιφυομένων,
1871 4019 2020 4088 παρά

450 4098 540 4150 τοῦ
573 4101 869 4168 μισοκόιλου
899 4103 1097 4173 ἐχθροῦ
1119 4104 1211 4156 καὶ
1237 4103 1326 4156 ἀεὶ
1356 4105 1422 4158 τὰ
1449 4105 1590 4158 καλὰ
1613 4105 2018 4176 βασκαίνοντος,

451 4190 545 4244 καὶ
571 4195 669 4260 τὴν
695 4196 922 4264 εἰρήνην
951 4197 1052 4266 τῆς
1081 4197 1320 4268 Χριστοῦ
1357 4199 1596 4270 ποίμνης
1628 4202 1704 4270 μὴ
1738 4203 2016 4273 φέροντος,

451 4281 547 4335 καὶ
566 4281 646 4350 τῷ
686 4283 910 4354 καθαρῷ
941 4285 1042 4355 τῆς
1091 4287 1833 4362 ὲκκλησιαστικῆς-ἁροόρας
1865 4294 2017 4366 σίτῳ,

449 4371 508 4424 ὃν
529 4371 688 4442 λόγος
718 4376 1074 4442 εὐαγγελικὸς
1100 4379 1196 4432 καὶ
1226 4380 1494 4450 πατρικὸς
1533 4382 1792 4453 ἐξέθρεψέ
1827 4403 1888 4452 τε
1924 4389 2020 4441 καὶ

2125 3219 2390 3272 curanda.
2426 3216 2538 3271 llac
2565 3218 2609 3272 si
2647 3232 2746 3273 nos
2781 3215 3045 3286 sapientia
3082 3215 3286 3284 prmditi
3322 3211 3612 3277 fuerimus,
3641 3222 3697 3266 et

2123 3307 2202 3361 sic
2248 3308 2431 3361 vivere
2495 3308 2928 3369 decreverimus,
2995 3317 3388 3372 consequemur
3441 3301 3692 3370 equidem

2124 3398 2391 3466 promissa
2417 3397 2486 3449 ab
2509 3411 2574 3451 eo
2603 3398 2696 3466 qui
2731 3413 2836 3450 non
2864 3395 3130 3448 mentitur
3153 3392 3395 3462 pnemia,
3423 3398 3696 3458 paratam-

2123 3501 2230 3552 que
2279 3487 2343 3541 iis
2370 3487 2464 3555 qui
2513 3487 2684 3555 legem
2729 3485 2898 3554 ipsius
2940 3487 3239 3539 observant
3280 3482 3688 3534 beatitudinem.

2125 3576 2228 3628 Sed
2257 3555 2323 3630 de
2350 3577 2458 3640 his,
2489 3593 2800 3646 quanquam
2825 3575 3084 3638 breviter,
3113 3573 3373 3640 satisjam
3405 3571 3694 3624 verborum

2125 3663 2332 3718 efﬂuxit
2375 3681 2392 3717 :
2434 3681 2610 3734 neque
2655 3664 2802 3717 enim
2847 3661 3110 3733 prolixius
3161 3659 3540 3712 disserendum
3577 3665 3690 3716 est,

2122 3735 2556 3822 quamloquidem
2595 3767 2902 3807 sermonem
2939 3748 3242 3818 hujusmodi
3276 3761 3514 3816 prtesens
3552 3753 3692 3798 tem-

2125 3861 2226 3914 pus
2275 3861 2378 3898 non
2434 3861 2761 3916 magnOpere
2811 3843 3038 3912 ﬂagitat.
3084 3838 3284 3895 Verum
3335 3837 3402 3892 de
3449 3835 3694 3890 subnatis

2125 3935 2350 3990 zizaniis
2373 3951 2436 3990 ac
2463 3936 2656 4005 spinis,
2682 3953 2818 4006 quas
2840 3933 3058 3989 virtutis
3086 3948 3232 3996 osor,
3265 3943 3586 3998 semperque
3616 3924 3693 3978 rei

2121 4027 2276 4082 home
2315 4029 2579 4092 invidens,
2616 4040 2670 4082 et
2701 4043 2890 4096 pacem
2921 4023 3214 4080 Christiani
3245 4021 3426 4092 gregis
3463 4017 3686 4072 minime

2123 4118 2325 4187 ferens,
2357 4121 2498 4174 inter
2536 4135 2730 4190 purum
2765 4115 3126 4174 ecclesiastici
3165 4113 3281 4184 agri
3321 4111 3583 4170 triticum,
3625 4106 3692 4160 ab

2122 4212 2432 4283 evangelica
2463 4223 2518 4267 et
2568 4222 2793 4282 paterno
2822 4211 2990 4263 verbo
3028 4209 3292 4262 nutritmn
3324 4213 3384 4260 et
3432 4211 3649 4294 auctum
3673 4237 3689 4264 ,

2123 4303 2294 4367 sevit;
2319 4318 2439 4372 qua:
2471 4317 2664 4371 nempe
2697 4301 2864 4369 spinae
2893 4300 3032 4353 viam
3070 4299 3192 4352 vitae
3229 4293 3530 4351 terentibus
3561 4306 3692 4342 cru-

2123 4393 2619 4472 deleslimpietatis
2672 4392 2890 4448 aculeos
2948 4391 3211 4460 infigunt,
3265 4382 3691 4456 disputationem

451 4461 678 4536 ηὔξησε,
733 4471 1218 4542 παρεσπαρμένων
1274 4470 1531 4535 ζιζανίων
1565 4475 1662 4528 κάι
1716 4477 2022 4550 ἀκανθοφοο

2130 4486 2546 4554 auspicabimur.

405 4581 420 4598 ο
452 4559 691 4630 ρούντων
711 4561 836 4631 ἠδη,
868 4561 966 4614 acti.
995 4562 1124 4626 τοὺς
1147 4565 1205 4614 ὲν
1224 4565 1288 4633 τῇ
1313 4564 1416 4633 ὁδῷ
1435 4565 1528 4618 τοῦ
1557 4565 1672 4635 βίου
1725 4572 2046 4641 παριόντας,
2083 4578 2197 4640 τοῖς
2228 4577 2477 4648 κέντροις
2533 4578 2633 4648 τῆς
2659 4569 2981 4640 δυσσεϐείας
3055 4571 3302 4644 ἀνηλεῶς
3354 4565 3694 4638 κατατιτρώ·

451 4665 599 4718 σκειν
635 4651 1039 4723 ὑπαρξαμένων
1063 4651 1440 4723 διαλεξόμεθα.

517 4837 588 4899 ιγ’.
624 4833 690 4884 ὐ
714 4828 816 4900 τῆς
851 4831 1084 4898 εὐαγοῦς
1109 4834 1204 4886 καὶ
1234 4835 1402 4906 μόνης
1427 4835 1688 4908 ἀληθινῆς
1719 4841 1752 4908 ἡ
1763 4841 1877 4910 μῶν
1905 4842 2015 4896 τῶν

452 4919 789 4991 Χριστιανῶν
815 4920 1114 4992 θρησκείας
1141 4921 1298 4990 λόγος
1328 4925 1432 4995 ἤδη
1461 4926 1630 4979 πάλαι
1660 4927 2013 5000 κατώρθωτοο

451 5011 546 5063 καὶ
575 5011 722 5081 παρὰ
765 5010 863 5081 μὲν
911 5014 1023 5075 τοῖς
1067 5016 1249 5080 σοφοῖς
1273 5013 1374 5084 τῆς
1410 5016 1646 5080 πίστεως
1674 5019 1831 5088 ἡμῶν
1862 5021 2020 5090 ἀρχι-

449 5103 662 5156 τέκτοσι
719 5104 814 5155 καὶ
869 5103 971 5172 τῆς
1020 5103 1280 5174 ἀληθείας
1337 5107 1557 5177 κήρυξι,
1583 5111 1709 5172 τοὺς
1749 5109 1925 5175 θείους
1958 5112 2021 5182 δὴ

449 5195 594 5262 λέγω
637 5195 732 5248 καὶ
767 5195 1091 5258 θεσπεσίους
1124 5198 1477 5264 ἀποστόλους,
1514 5203 2024 5271 προκαταὸέεληται

449 5289 477 5340 ὁ
502 5285 752 5357 θεμέλιος
780 5304 800 5321 ο
835 5283 1034 5360 οἷάπερ
1067 5291 1124 5342 ἐν
1143 5290 1223 5360 τῷ
1255 5292 1406 5362 νόμῳ
1435 5295 1530 5345 καὶ
1556 5297 1669 5356 τοῖς
1713 5297 2022 5366 προφήταις

452 5378 729 5450 πρόπαλαι
775 5382 1290 5452 σκιαγραφούμενος
1321 5386 1414 5438 καὶ
1460 5377 1985 5458 προχαρασσόμενος
2007 5428 2020 5450 ,

447 5469 603 5534 δντος
638 5473 1036 5543 ἀκρογωνιαίου
1079 5473 1230 5528 λίθου
1265 5476 1505 5547 Χριστοῦ
1535 5477 1630 5530 τοῦ
1664 5479 1798 5532 Θεοῦ
1839 5480 2020 5549 ἡμῶν,

448 5561 554 5614 κᾶν
607 5562 754 5626 λίθος
804 5565 1232 5637 προσκόμματος
1291 5570 1386 5622 καὶ
1436 5571 1611 5640 πέτρα
1675 5573 2014 5638 σκανδάλου,

443 5655 560 5718 τοῖς
598 5653 694 5708 νῦν
724 5654 1034 5708 κατασείειν
1067 5658 1232 5710 αὑτὸν
1279 5662 1641 5730 πειρωμένοις
1675 5666 1977 5734 προκέηται
2003 5681 2016 5694 ·

449 5747 581 5817 ἡμῖν
609 5745 665 5798 δὲ
693 5747 804 5810 τοῖς
829 5748 923 5800 ἐπὶ
947 5747 1119 5819 ταύτῃ
1148 5752 1214 5821 τῇ
1245 5745 1420 5823 πέτρᾳ
1445 5751 1910 5824 ᾠκοδομημένος,
1947 5757 2022 5821 ὡς

2197 4840 2250 4892 3.
2277 4837 2488 4894 Sancta:
2519 4849 2739 4904 nostra),
2768 4854 2887 4910 quae
2921 4839 3034 4893 sola
3061 4852 3188 4890 vera
3219 4847 3322 4897 est,
3353 4833 3694 4888 Christiano-

2125 4945 2244 4984 rum
2293 4930 2566 5001 religionis
2615 4931 2820 5001 jamdiu
2881 4940 3024 4985 recte
3057 4928 3232 4983 fuerat
3260 4929 3551 4984 constituta
3593 4923 3693 4976 do-

2125 5022 2334 5076 ctrina:
2379 5023 2610 5091 namqu'e
2651 5039 2679 5075 ιι
2731 5024 3066 5092 sapientibus
3099 5019 3220 5074 fidei
3273 5030 3470 5073 nostra:
3515 5013 3693 5067 archi-

2125 5115 2302 5179 tectis,
2339 5116 2696 5185 veritatisque
2750 5114 3111 5184 praeconibus,
3155 5113 3316 5174 divis,
3354 5111 3598 5178 inquam,
3639 5113 3695 5158 et

2121 5207 2342 5260 eximiis
2391 5209 2676 5276 apostolis,
2709 5205 3022 5276 pra'jactum
3072 5203 3485 5256 fundamentum
3526 5204 3642 5249 erat
3677 5212 3691 5248 :

2123 5312 2284 5364 quam
2343 5297 2593 5352 videlicet
2647 5297 2911 5351 fabricam
2974 5294 3058 5349 lex
3117 5292 3246 5345 olim
3299 5298 3354 5344 et
3419 5283 3696 5354 prOpbetae

2132 5387 2506 5442 adumbratam
2555 5387 2992 5451 delineaverant,
3029 5380 3272 5453 angulari
3319 5377 3474 5447 151
3513 5371 3697 5427 futuro

2131 5479 2305 5545 lapide
2357 5478 2467 5533 Deo
2512 5489 2698 5534 nostro
2731 5477 2950 5534 Christo
2983 5494 2998 5530 :
3036 5477 3128 5544 qui
3166 5474 3266 5528 etsi
3304 5471 3438 5538 lapis
3466 5465 3695 5522 offendi--

2121 5572 2226 5626 Culi
2269 5581 2324 5626 ct
2374 5581 2524 5641 petra
2579 5569 2822 5626 scantlali
2869 5569 2954 5624 his
2995 5568 3084 5638 qui
3119 5581 3262 5621 nunc
3299 5577 3418 5618 eam
3466 5567 3694 5629 quatere

2129 5671 2419 5728 attentant,
2457 5669 2696 5730 prostat,
2735 5661 2892 5716 nobis
2923 5670 3100 5714 tamen
3129 5671 3292 5723 super
3319 5655 3458 5707 hanc
3485 5660 3694 5720 petram

2131 5755 2436 5822 aedificantis,
2491 5765 2548 5810 ut
2579 5755 2897 5824 corypbtcus
2935 5749 3321 5820 discipulorum
3344 5744 3539 5808 Verbi,
3572 5757 3694 5797 cum
