4130 6332
511 413 616 478 539

1540 409 1602 468 S.
1641 407 2062 468 NICEPIIORI
2103 404 2610 469 PATRIARCILE
2647 401 2757 465 CI’.

3667 397 3772 461 5ίῦ

513 523 919 580 beatificaretur
955 519 1216 584 audiit",
1253 518 1387 588 lapis
1418 528 1499 573 est
1533 518 1831 587 angularis,
1881 520 2085 590 pretio-

2194 520 2296 573 τῶν
2333 517 2590 588 μαθητῶν
2632 516 2726 569 τοῦ
2757 514 2915 582 λόγου
2950 515 2978 568 ὁ
3003 513 3300 584 κορυφαῖος
3329 513 3772 584 μακαριζόμενος

512 631 642 678 sus,
674 614 728 670 in
761 627 919 683 quem
961 611 1248 666 credentes
1289 625 1561 680 nunquam
1599 610 2081 666 coufundemur”.

511 702 805 771 JEdilicata
869 710 954 756 est
1003 711 1183 754 autem
1235 699 1518 769 sapientia:
1577 700 1772 754 domus
1826 710 2083 768 tanquam

513 811 646 849 auro
677 804 734 848 et
781 792 1050 864 lapidibus
1092 791 1370 861 pretiosis,
1404 791 1580 846 sacris
1607 791 1918 860 divinisque
1953 795 2084 859 dog-

514 885 787 952 matibns,
852 899 972 953 quae
1031 884 1098 938 ab
1157 882 1372 954 inclytis
1431 881 1759 952 coelitusque
1807 882 2086 950 iuspiratis

512 973 765 1030 Patribus
807 973 1011 1028 nostris
1053 973 1331 1028 elaborata
1382 971 1606 1050 fuerunt
1653 983 1707 1027 et
1751 974 2085 1040 praedicata,

513 1065 632 1118 sive
655 1065 745 1132 qui
775 1063 826 1116 in
855 1065 1031 1118 sacris
1059 1063 1164 1118 illis
1191 1079 1221 1117 a
1249 1063 1508 1119 divinitus
1540 1066 1883 1134 congregatis
1922 1079 2090 1134 syno-

511 1154 597 1208 dis
626 1153 932 1206 admirandi
992 1153 1209 1222 Deoque
1259 1154 1411 1207 cliari
1447 1154 1730 1218 homines,
1765 1155 1948 1208 divino
1979 1155 2088 1208 acti

510 1250 566 1296 et
598 1241 880 1295 convocati
915 1240 1119 1310 Spiritu
1156 1241 1564 1308 inclaruerunt;
1605 1243 1721 1298 sive
1755 1244 1848 1313 qui
1881 1244 2088 1310 sigilla-

512 1331 608 1385 tim
643 1333 796 1401 puris
834 1332 1244 1402 splendidisque
1285 1333 1558 1399 moribus,
1595 1333 1996 1404 verborumque
2035 1346 2088 1390 et

511 1423 711 1477 ruentis
743 1424 1064 1478 excelsitate
1093 1424 1343 1493 praediti,
1377 1440 1567 1480 sacras
1597 1425 1754 1480 sedes
1784 1441 2089 1495 occupave-

513 1521 673 1577 runt,
709 1524 765 1568 et
806 1523 1014 1568 rectum
1045 1516 1296 1570 veritatis
1323 1516 1519 1585 dogma
1553 1521 1796 1586 apprime
1848 1528 2092 1572 tenentes

517 1602 741 1672 gloriosi
789 1607 1121 1660 exstiterunt
1181 1606 1448 1676 simulque
1502 1606 1622 1662 falsi
1678 1609 1856 1662 cultus
1906 1609 2092 1676 spinas

519 1692 1148 1760 radicitns'evulserunt,
1173 1705 1338 1764 atque
1366 1696 1741 1749 luereticorum
1765 1709 1886 1758 ora,
1906 1703 2092 1764 utpote

514 1781 701 1849 inique
731 1791 920 1837 contra
961 1783 1158 1837 caelum
1194 1782 1527 1852 loquentium
1570 1801 1632 1839 ac
1673 1786 2050 1853 meditantium
2075 1823 2090 1848 ,

516 1879 744 1924 consula
816 1871 986 1926 veluti
1050 1872 1461 1928 obstruxerunt.
1535 1874 1672 1929 lliuc
1739 1890 1846 1928 una
1915 1863 2164 1937 fides,B

514 1960 820 2030 eademque
863 1965 1006 2032 apud
1044 1979 1237 2018 omnes
1287 1965 1633 2038 Christianos
1659 1966 1930 2022 confessio
1961 1982 2094 2021 con-

515 2051 759 2106 corditer
804 2054 1168 2110 retinebatur.
1209 2056 1346 2122 Quid
1396 2058 1542 2111 enim
1587 2073 1688 2124 per
1737 2068 2089 2114 consecutum

514 2155 674 2196 omne
709 2141 876 2212 elapsi
905 2147 1166 2214 temporis
1192 2148 1450 2216 spatium,
1481 2159 1744 2217 quantum
1778 2151 1996 2220 quidem
2025 2151 2094 2204 ad

514 2230 719 2286 bonum
756 2233 1082 2306 firmumque
1110 2239 1364 2294 humana:
1398 2241 1522 2294 vitae
1545 2249 1771 2306 statum,
1811 2243 1926 2297 sive
1959 2241 2094 2312 dog-

516 2333 662 2381 mata
693 2335 903 2394 spectes
935 2328 1052 2383 sive
1081 2339 1270 2398 actus,
1301 2330 1457 2400 quid,
1505 2331 1749 2400 inquam,
1789 2333 2096 2401 inexplora-

516 2423 630 2469 tum
659 2427 755 2471 aut
802 2417 1171 2475 indiscussum
1232 2423 1552 2490 supererat?
1603 2423 1682 2478 lta
1727 2425 2005 2495 sapienter
2042 2433 2097 2478 et

513 2506 765 2590 benivole
804 2520 990 2566 nostra
1037 2512 1223 2567 omnia
1269 2513 1531 2582 disposita
1565 2512 1783 2570 fuerant
1813 2531 1911 2586 per
1957 2525 2096 2571 tem-

518 2611 652 2666 pora
679 2601 996 2668 providente
1027 2601 1172 2668 Deo;
1201 2603 1276 2658 ita
1309 2604 1395 2658 lex
1426 2605 1623 2674 priscis
1661 2607 1771 2662 illis
1805 2609 1928 2662 data
1966 2609 2096 2664 olim

517 2687 761 2742 subsidio
811 2687 1028 2757 fuerat,
1059 2706 1160 2746 ceu
1191 2693 1412 2762 quidam
1450 2698 1691 2765 Optimus
1732 2699 2094 2768 pardagogus,

515 2790 617 2846 per
655 2779 962 2836 rudimenta
1005 2786 1252 2852 quasdam
1305 2784 1608 2862 informatus
1650 2787 1888 2856 pueriles
1921 2790 2098 2846 adhuc

517 2875 568 2921 et
603 2867 808 2924 viribus
837 2871 1290 2942 imperfectiores,
1319 2884 1482 2946 atque
1507 2877 1575 2931 ad
1603 2877 1698 2932 Dei
1727 2879 2096 2949 cognitionem

517 2958 826 3027 deducens;
862 2965 988 3033 quia
1027 2965 1324 3037 perfectior
1349 2967 1598 3024 doctrina
1637 2970 1956 3026 hominibus
1982 2971 2099 3040 ejus

516 3049 616 3104 aevi
664 3053 904 3107 nondum
952 3065 1074 3110 erat
1120 3055 1335 3113 idonea.
1386 3058 1524 3114 Tum
1580 3075 1713 3116 vero
1755 3073 1877 3131 post
1923 3061 2096 3132 legem

517 3141 720 3206 datam,
763 3155 955 3202 sancto
991 3145 1200 3216 Spiritu
1235 3149 1377 3219 pleni
1413 3151 1693 3221 prophetae
1728 3154 1941 3224 virique
1985 3154 2096 3209 Deo

516 3232 683 3288 alllati
725 3237 894 3291 multa
928 3253 994 3294 ac
1026 3239 1175 3294 varia
1216 3257 1428 3298 morum
1473 3255 1742 3314 praecepta
1786 3246 2088 3314 dederant,

513 3337 674 3394 prout
697 3328 933 3398 Spiritus
971 3334 1105 3402 ipsis
1139 3336 1439 3402 revelabat,
1485 3338 1552 3392 ad
1587 3340 1922 3395 audientium
1963 3357 2088 3409 pro-

512 3415 740 3473 fectum.
780 3421 884 3476 Sed
915 3425 1042 3493 quia
1077 3425 1190 3482 haec
1221 3427 1484 3495 perficere
1513 3429 1674 3484 homo
1711 3445 1818 3484 non
1857 3441 2088 3500 poterat,

513 3518 569 3559 et
606 3508 810 3576 majore
840 3515 1044 3569 auxilio
1083 3516 1380 3587 indigebat,
1424 3519 1733 3588 impetravit
1763 3533 1820 3576 ut
1864 3523 1997 3594 legis
2029 3539 2090 3578 ac

512 3601 898 3666 prophetarum
929 3605 1184 3675 princeps
1221 3609 1455 3664 veniret.
1490 3611 1644 3674 Quod
1672 3611 1812 3664 enim
1848 3614 2091 3681 impossi-

513 3690 616 3743 bile
637 3701 753 3744 erat
787 3694 844 3746 in
876 3695 1014 3764 lege,
1046 3697 1220 3765 inquit
1255 3700 1584 3768 ApOstolns,
1625 3703 1678 3754 in
1703 3719 1806 3772 quo
1840 3721 1933 3772 per
1972 3721 2092 3757 car-

513 3797 627 3834 nem
681 3783 1076 3853 inﬁrmabtuur,
1113 3787 1256 3844 Deus
1314 3789 1520 3846 Filium
1573 3810 1727 3847 suum
1774 3799 1986 3850 mittens
2036 3796 2089 3849 in

510 3872 909 3930 similitudinem
943 3880 1121 3932 carnis
1169 3882 1408 3949 peccati,
1446 3894 1493 3937 et
1534 3901 1630 3953 pro
1658 3896 1871 3953 peccato
1892 3927 1908 3951 ,
1939 3888 2090 3940 dam-

511 3964 654 4016 navit
685 3965 739 4017 in
767 3981 929 4020 carne
959 3980 1252 4038 peceatum,
1284 3983 1340 4025 ut
1377 3973 1508 4043 legis
1549 3975 1870 4044 justiﬁcatio
1905 3978 2092 4046 imple-

511 4057 724 4109 returin
747 4059 918 4126 nobis,
940 4062 1028 4130 qui
1053 4079 1157 4115 non
1173 4067 1461 4118 secundum
1483 4081 1695 4121 carnem
1723 4071 2078 4136 ambulamus,

509 4148 602 4234 sed
618 4155 906 4204 secundum
929 4152 1176 4220 spiritum
1193 4155 1561 4212 "-".Peccati
1586 4170 1763 4234 autem
1787 4162 1958 4230 prima
1981 4179 2094 4216 ma-

509 4228 670 4300 laque
716 4237 896 4302 proles
940 4240 1242 4295 idololatria
1269 4242 1408 4310 fuit,
1450 4255 1506 4300 et
1542 4228 1720 4305 cultus
1767 4228 1796 4304 a
1833 4252 2094 4307 Creatore

511 4323 582 4378 ad
608 4335 888 4382 creaturas
917 4331 1222 4389 translatio.

2186 612 2374 681 ἧκουε,
2401 609 2549 670 λίθος
2581 609 2979 677 ἀκρογωνιαῖος
3006 604 3248 673 ἔντιμος,
3279 604 3367 672 ἐφ’
3402 597 3447 673 ᾧ
3475 601 3768 659 πιστεῦον-

2187 717 2308 762 τες,
2350 698 2547 751 οὔποτε
2599 693 3215 766 καταισχυνθησόμεθα·
3256 695 3675 767 ἐπῳκοδόμηται
3707 694 3765 749 at

2186 791 2288 859 τῆς
2337 788 2526 857 σοφίας
2577 791 2607 842 ό
2649 783 2833 854 οἷκος,
2880 786 3072 857 ὥσπερ
3121 787 3187 839 ὲκ
3229 785 3434 857 χρυσοῦ
3469 787 3566 840 καὶ
3604 787 3770 841 λίθων

2187 881 2406 950 τιμίων,
2432 879 2540 932 τῶν
2573 862 2735 950 ἱερῶν
2760 878 2857 931 καὶ
2891 877 3052 930 θείων
3075 877 3388 946 δογμάτων,
3416 877 3452 932 ἃ
3482 878 3633 950 παρά
3661 878 3770 931 τῶν

2190 971 2450 1042 ἀοιδίμων
2475 971 2568 1023 καὶ
2602 969 2878 1040 θεοφόρων
2909 967 3066 1038 ήμῶν
3109 967 3370 1039 Πατέρων
3399 967 3772 1035 ἐκπεπόνηται

2189 1082 2249 1118 τε
2283 1063 2377 1116 καὶ
2411 1062 2829 1132 ὲκπεφὼνηται,
2855 1060 2970 1112 ὅσοι
2999 1076 3058 1112 τε
3091 1058 3235 1112 κατά
3256 1060 3385 1121 τοὺς
3418 1060 3597 1128 ἱεροὺς
3621 1057 3770 1110 ἐκεί-
3844 1081 3853 1087 -

2191 1173 2314 1218 νους
2344 1154 2440 1208 καὶ
2475 1152 2794 1214 θεολέκτους
2839 1149 3153 1218 συλλόγους,
3196 1149 3494 1218 θαυμάσιοι
3525 1149 3617 1201 καὶ
3645 1148 3768 1201 θεο-

2192 1247 2364 1314 φιλεῖς
2410 1244 2623 1315 ἄνδρες,
2670 1241 2800 1313 θείῳ
2837 1242 3108 1312 ,ἀγόμενοι
3149 1239 3430 1310 Πνεῦματι
3479 1240 3771 1308 συναθροιι-

2194 1335 2415 1396 σθέντες
2457 1333 2780 1402 διέλαμψαν,
2811 1333 2929 1386 ὅσοι
2967 1349 3026 1384 τε
3063 1322 3184 1384 καθ’
3211 1333 3443 1395 ἑαυτοὺς
3485 1332 3771 1400 κεκαθαρ-

2195 1428 2366 1497 μένοι,
2406 1427 2502 1480 καὶ
2543 1425 2788 1496 λαμπρώ⁵
2825 1424 2916 1478 τὸν
2961 1423 3096 1494 βίον,
3137 1423 3231 1477 καὶ
3260 1422 3457 1493 ὑψηλοὶ
3484 1423 3577 1503 τὸν
3610 1423 3770 1488 λόγον

2193 1518 2287 1570 καὶ⁵
2337 1516 2434 1586 τὴν
2477 1515 2736 1579 διάνοιαν,
2790 1513 2992 1584 θρόνων
3041 1503 3202 1582 ἱερῶν
3267 1509 3768 1581 προκαθεζόμενοι,

2195 1610 2290 1663 καὶ
2327 1607 2422 1660 τοῦ
2458 1607 2618 1678 ὀρθοῦ
2646 1607 2808 1674 λόγου
2835 1605 2938 1674 τῆς
2972 1603 3255 1674 ἀληθείας,
3287 1603 3362 1665 ὡς
3388 1602 3490 1665 ἔνι,
3533 1601 3773 1672 μάλιστα

2196 1701 2544 1770 ἀντεχόμενοι
2571 1698 2888 1769 ὲπέπρεψάν
2913 1714 2994 1762 τε,
3023 1697 3120 1749 καί⁸
3159 1694 3437 1764 πανταχοῦ
3467 1695 3564 1763 τῆς
3591 1695 3777 1746 oixou—

2198 1791 2366 1862 μένης
2396 1791 2494 1858 τῆς
2541 1789 2829 1853 εὐσεϐείας
2871 1788 2944 1840 τὰ
2977 1787 3284 1855 διδάγματα
3335 1782 3773 1852 ὲγκατέσπειράν

2193 1899 2252 1934 τε
2297 1881 2392 1932 καὶ
2422 1879 2812 1948 διετρὰνωσαν,
2849 1879 2950 1948 τῆς
2984 1875 3240 1936 ἀσεϐείας
3283 1873 3339 1926 δὲ
3381 1876 3482 1936 τὰς
3531 1872 3776 1932 ἀκάνθας

2195 1970 2525 2042 προρῤίζους
2565 1969 2842 2038 ἐξέτεμον,
2886 1969 2981 2020 καὶ
3011 1965 3118 2019 τῶν
3142 1961 3528 2035 αίρετιζόντων
3554 1964 3622 2016 τὰ
3651 1961 3772 2015 στά.

2199 2079 2365 2134 ματα,
2393 2063 2468 2125 ὼς
2489 2061 2702 2114 ἀδικίαν
2723 2059 2864 2112 κατά
2889 2057 2983 2111 τοῦ
3021 2056 3188 2126 ὕψους
3217 2056 3524 2109 λαλούντων
3554 2056 3646 2109 καὶ
3682 2073 3779 2124 με-

2195 2145 2494 2217 λετώντων,
2519 2151 2846 2222 ἀπέφραξαν
2876 2151 2970 2204 καὶ
2997 2147 3326 2220 ἀπέρῤασζκαν
3349 2165 3361 2178 ·
3394 2145 3647 2200 ἐντεῦθεν
3675 2147 3778 2216 μία

2197 2247 2380 2308 πίστις
2411 2245 2506 2298 καὶ
2543 2243 2804 2316 ὁμολογία
2830 2245 2864 2312 ή
2895 2240 3036 2312 αὑτὴ
3063 2239 3218 2312 παρά
3255 2239 3391 2292 πᾶσι
3421 2239 3777 2307 Χριστιανοῖς

2200 2341 2581 2410 συνεκροτεῖτο
2633 2337 2728 2391 καὶ
2771 2335 3148 2405 ἐφυλάσσετο·
3201 2334 3296 2387 καὶ
3339 2333 3390 2384 τί
3445 2331 3554 2402 γὰρ
3591 2333 3647 2381 ἐν
3701 2327 3778 2398 τῷ

2201 2427 2399 2506 μακρῷ
2440 2427 2537 2482 καὶ
2584 2426 2799 2496 ἀπείρῳ
2851 2425 2944 2477 τοῦ
2996 2422 3346 2484 διελάσαντος
3399 2419 3622 2506 χρόνον)
3652 2420 3777 2471 ὅσον

2197 2498 2332 2593 ἧκεν
2363 2522 2441 2581 εἰς
2465 2518 2785 2590 εὐεργεσίαν
2805 2517 2900 2570 καὶ
2932 2517 3262 2587 συντήρησιν
3295 2514 3394 2583 τῆς
3425 2511 3776 2582 ἀνθρωπίνης

2198 2612 2367 2682 ζωῆς,
2414 2611 2472 2663 ἐν
2510 2627 2568 2662 τε
2598 2610 2868 2678 δόγμασιν
2917 2608 2976 2661 ἔν
3000 2625 3058 2661 τε
3091 2605 3376 2675 πράξεσιν,
3418 2602 3774 2667 ἀνεξέταστον

2197 2700 2292 2754 καὶ
2321 2699 2682 2768 ἀδοκίμαστον
2709 2696 3092 2750 ὑπολέλειπται
3113 2711 3126 2760 ;
3145 2693 3286 2748 οὕτω
3310 2693 3488 2762 σοφῶς
3519 2692 3616 2745 καὶ
3647 2690 3775 2759 φιλ-

2199 2790 2500 2863 ανθρώπως
2560 2789 2632 2844 τὰ
2677 2789 2806 2860 περὶ
2833 2789 2983 2858 ἡμᾶς
3004 2827 3022 2852 ,
3053 2785 3196 2840 κατά
3227 2785 3452 2856 καιροὺς
3500 2785 3600 2853 τῆς
3629 2782 3780 2844 θείας

2199 2879 2592 2952 οίκονομούσης
2625 2880 2907 2952 προνοίας,
2937 2877 3110 2940 οὕτως
3147 2879 3175 2930 ὁ
3219 2875 3381 2946 νόμος
3409 2876 3488 2938 είς
3529 2873 3782 2944 βοήθειαν

2201 2973 2370 3028 πάλαι
2392 2976 2504 3036 τοῖς
2535 2972 2913 3043 ἀρχαιοτέροις
2947 2969 3177 3031 ἐδίδοτο,
3205 2963 3294 3022 οἴά
3332 2985 3416 3031 τις
3451 2966 3780 3034 παιδοκόμος

2199 3066 2442 3138 ἀριστος,
2471 3065 2548 3128 ὡς
2574 3064 2666 3118 διὰ
2701 3063 2982 3132 στοιχείων
3009 3060 3174 3113 τινῶν
3209 3060 3504 3130 προσάγων
3535 3059 3662 3122 τοὺς
3688 3073 3783 3126 νη·

2201 3153 2422 3218 πιώδεις
2452 3155 2536 3208 ἔτι
2565 3154 2662 3208 καὶ
2690 3153 2788 3223 τὴν
2820 3149 2934 3216 ’ἐξιν
2965 3149 3380 3221 ἀτελεστέρους,
3413 3151 3504 3214 καὶ
3529 3147 3782 3219 ποδηγῶν

2198 3247 2336 3318 πρὸς
2363 3245 2460 3316 τὴν
2489 3244 2641 3304 θείαν
2671 3242 2990 3312 ἐπίγνωσιν,
3027 3240 3102 3304 ὡς
3129 3240 3226 3293 τοῦ
3255 3239 3588 3310 τελεωτέρου
3620 3236 3778 3304 λόγου

2196 3340 2308 3398 τοῖς
2341 3337 2404 3388 τὸ
2430 3335 2683 3406 τηνικάδε
2714 3334 2774 3386 τὸ
2799 3333 3214 3403 εὐπαράδεκτον
3239 3334 3376 3396 τέως
3403 3333 3502 3384 οὐκ
3527 3332 3741 3402 ἔχοντος
3762 3348 3776 3362 ⁸

2196 3431 2368 3494 οὕτως
2392 3431 2441 3482 οί
2475 3429 2610 3498 μετά
2643 3428 2734 3488 τὸν
2761 3428 2925 3498 νόμον
2955 3425 3048 3480 τοῦ
3082 3427 3228 3480 θείου
3297 3424 3616 3494 Πνεῦμα-τος
3646 3423 3780 3478 κάτ-

2195 3540 2310 3592 οχοι
2342 3521 2730 3591 προφῆταικαὶ
2760 3519 2951 3588 ἄνδρες
2978 3518 3287 3588 θεόληπτοι,
3320 3517 3654 3586 πολυμερεῖς
3686 3518 3782 3570 καί⁵

2197 3613 2570 3683 πολυτρόπους
2607 3611 2716 3664 τῶν
2749 3610 3036 3680 πρακτέων
3087 3607 3371 3660 ἐποιοῦντο
3415 3609 3515 3670 τας
3546 3607 3780 3691 είσηγή-

2199 3726 2335 3772 σεις,
2357 3707 2502 3766 καθά
2528 3707 2590 3760 τὸ
2610 3706 2834 3778 Πνεῦμα
2859 3705 3114 3779 ἐνεργοῦν
3139 3705 3494 3758 ἀπεκάλυπτε
3526 3703 3660 3773 πρὶς
3683 3701 3781 3772 τὴν

2196 3801 2304 3854 τῶν
2334 3799 2637 3853 ἀκουόντων
2677 3799 2993 3869 βελτίωσιν·
3042 3798 3155 3852 ἀλλ’
3207 3797 3443 3868 ἐπείπερ
3471 3797 3571 3848 οὐκ
3623 3794 3779 3864 ἴσχυε

2196 3890 2367 3944 ταῦτα
2404 3890 2687 3944 τελειῶσαι
2721 3890 2810 3966 τὸν
2863 3889 3170 3959 ἄνθρωπον,
3204 3888 3376 3940 ἐδεῖτο
3419 3888 3476 3939 δὲ
3522 3885 3780 3956 βοηθείας

2195 3984 2294 4051 τῆς
2331 3980 2602 4051 μείζονος,
2651 3983 2842 4049 ἔτυχεν
2885 3980 3118 4048 ἀφῖχθαι
3180 3979 3274 4031 τοῦ
3323 3980 3492 4049 νόμου
3528 3979 3626 4030 καὶ
3669 3977 3780 4029 τῶν

2197 4073 2494 4142 προφητῶν
2523 4073 2582 4125 τὸ
2625 4071 2938 4138 κεφάλαιον.
2983 4069 3059 4122 Τὸ
3101 4071 3210 4138 γὰρ
3242 4070 3568 4136 ἀδύνατον,
3603 4069 3776 4139 φησὶ,

2196 4162 2300 4216 τοῦ
2331 4164 2518 4228 νόμου
2545 4162 2615 4214 ἐν
2640 4154 2688 4226 ᾧ
2735 4159 2976 4228 ἠσθένει
3022 4159 3118 4212 διὰ
3149 4159 3260 4225 τῆς
3292 4159 3542 4226 σαρκὸς,
3575 4163 3606 4212 ό
3639 4160 3782 4224 Θεὸς

2194 4253 2304 4306 τὸν
2347 4252 2565 4309 ἑαυτοῦ
2599 4252 2733 4305 Υἰὸν
2785 4253 3043 4320 πέμψας*
3071 4251 3142 4303 ἐν
3179 4249 3498 4320 ὁμοιώματι
3551 4249 3781 4316 σαρκὸς

2195 4344 2487 4414 ἁμαρτίας
2543 4344 2641 4396 καὶ
2706 4344 2841 4411 περὶ
2907 4342 3232 4412 ἁμαρτίας,
3299 4342 3609 4410 κατέκρινε
3666 4341 3782 4406 τὴν
3878 4385 3888 4395 .

507 4417 802 4484 ἁμαρτίαν
825 4421 894 4472 ὲν
911 4420 990 4488 τῇ
1010 4424 1212 4492 σαρκί,
1236 4427 1336 4480 ἵνα
1359 4427 1426 4482 τὸ
1451 4429 1742 4503 δικαίωμα
1799 4435 1907 4490 τοῦ
1933 4437 2122 4504 νόμου
2164 4435 2453 4504 πληρωθῇ
2497 4436 2566 4490 ἐν
2597 4437 2744 4504 ἡμῖν
2801 4436 2918 4503 τοῖς
2959 4437 3046 4506 μὴ
3095 4437 3249 4491 κατά
3297 4434 3497 4503 σάρκα
3531 4453 3781 4504 περιπα-

509 4509 746 4577 τοῦσιν,
776 4513 940 4566 ἀλλὰ
965 4516 1118 4570 κατὰ
1145 4520 1400 4591 πνεῦμα.
1449 4523 1749 4595 Ἀμαρτίας
1805 4527 1862 4581 δὲ
1920 4521 2152 4597 ’ἔκγονον
2192 4529 2408 4600 πρῶτον
2451 4529 2622 4584 κακον
2676 4531 2770 4583 καὶ
2819 4529 3048 4600 ἔσχατον
3088 4529 3505 4600 εἰδωλολατρία,
3549 4532 3644 4582 καὶ
3677 4531 3781 4602 τῆς

511 4605 939 4673 προσκυνήσεως
967 4609 998 4678 ἡ
1039 4609 1330 4677 μετάθεσις
1353 4615 1460 4668 ἀπὸ
1481 4617 1572 4670 τοῦ
1608 4621 1976 4692 πεποιηκότος
2000 4623 2094 4674 ἐπὶ
2125 4621 2193 4675 τὰ
2222 4622 2520 4691 κτίσματα.
3401 4603 3414 4620 I

583 4692 680 4747 Sic
711 4693 804 4786 Dei
843 4694 1104 4767 Verbum,
1136 4713 1378 4771 paterna:
1413 4707 1598 4776 gloria:
1629 4711 1910 4778 splendor,
1951 4727 2087 4766 con-

2267 4711 2454 4775 υῦτως
2477 4715 2504 4766 ὁ
2545 4712 2640 4766 τοῦ
2686 4711 2822 4766 Θεοῦ
2857 4713 3029 4780 Λόγος
3062 4713 3122 4765 τ’)
3157 4715 3254 4784 τῆς
3306 4715 3584 4784 πατρικῆς
3619 4715 3781 4786 δόξης

511 4783 866 4840 descensione
920 4804 1088 4856 usus,
1133 4794 1478 4866 beneplacito
1535 4800 1751 4867 Patris,
1787 4813 1843 4858 et
1888 4805 2089 4860 vivifici

514 4874 751 4943 Spiritus
801 4883 1224 4950 cooperatioue,
1263 4902 1584 4958 paupertate
1639 4905 1844 4959 ηοω-ιι,
1872 4876 2091 4952 indutus

511 4967 710 5037 (neque
738 4971 883 5025 enim
917 4975 986 5029 ob
1011 4975 1338 5034 ineffabilem
1366 4981 1668 5038 bonitatem
1704 4988 1812 5055 pati
1841 5000 2088 5056 poterat,

511 5067 571 5110 ut
597 5075 785 5114 manus
812 5079 923 5118 suae
949 5063 1159 5120 factura
1201 5070 1590 5128 detrimentum
1625 5078 1891 5148 caperet),
1927 5093 2088 5134 verus

508 5147 672 5204 homo
711 5151 910 5220 factus,
941 5159 1042 5212 etsi
1073 5158 1278 5214 Christi
1310 5163 1496 5236 hostes
1537 5167 1758 5222 minime
1786 5147 1854 5222 id
1879 5169 2086 5236 volunt,

507 5255 777 5314 verasque
829 5248 966 5302 idem
1012 5249 1156 5306 Dens
1194 5253 1544 5322 plenissime,
1587 5259 1790 5328 absque
1813 5267 2085 5331 'peccato,

511 5348 605 5399 per
641 5352 882 5403 crucem,
921 5335 1250 5411 pasSionem,
1283 5354 1337 5400 et
1372 5351 1858 5418 resurrectionem,
1900 5355 2090 5409 mortis

510 5441 610 5481 nos
643 5428 870 5485 vinculis
911 5433 1184 5500 liberavit,
1223 5446 1279 5490 et
1303 5451 1331 5489 a
1377 5441 1580 5505 peccati
1617 5443 1964 5508 passiouibus
1998 5461 2088 5500 ex-

509 5514 754 5587 pedivit,
793 5521 1122 5580 invisibilem
1155 5543 1183 5580 ιι
1233 5529 1517 5585 dominatu
1569 5545 1757 5588 nostro
1799 5548 2089 5608 tyrannum

511 5607 753 5676 pellens,
793 5629 999 5684 nosque
1049 5617 1098 5671 in
1141 5619 1420 5688 antiquam
1475 5607 1889 5694 prosperitatein
1929 5629 2089 5683 resti-

2190 4801 2571 4872 ἀπαύγασμα,
2612 4803 3023 4871 συγκαταϐἀσει
3057 4803 3427 4874 χρησάμενος,
3463 4807 3685 4877 εὐδοκία
3717 4825 3804 4879 τε-

2189 4898 2432 4965 πατρικῇ
2481 4895 2578 4948 καὶ
2621 4895 2883 4968 συνεργίᾳ.
2921 4895 3016 4949 τοῦ
3065 4895 3382 4968 ξωαρχικοῦ
3417 4899 3778 4968 Πνεῦμα-τος,

2186 4984 2287 5056 τὴν
2331 4983 2454 5037 καθ’
2498 4985 2648 5053 ἡμᾶς
2667 4986 2945 5055 πτωχείαν
2973 4987 3176 5048 ὑποδὺς
3199 5028 3215 5050 ,
3254 4988 3336 5056 (οὗ
3369 4986 3481 5057 γὰρ
3514 4987 3678 5057 ἔφερε
3709 4988 3779 5043 δι’

2193 5077 2402 5144 ἄφατον
2445 5077 2791 5150 ἀγαθότητα,
2827 5080 3010 5149 χειρὸς
3063 5079 3275 5143 οἰκείας
3318 5079 3779 5150 ζημιωθήσεσθαι

2196 5170 2257 5222 τὸ
2293 5170 2550 5240 ποίημα),
2571 5172 2666 5223 καὶ
2696 5171 2988 5241 ἄνθρωπος
3017 5171 3163 5225 κατά
3192 5172 3393 5237 πάντα,
3427 5173 3534 5226 κᾶν
3561 5174 3611 5226 oi
3639 5174 3781 5243 Χρι-

2199 5263 2460 5334 στομάχοι
2509 5264 2584 5334 μὴ
2621 5253 2946 5334 βούλωνται,
2996 5265 3186 5336 ῶσπερ
3235 5265 3301 5335 δὴ
3335 5266 3433 5318 καὶ
3480 5265 3612 5329 Θεὸς
3643 5265 3718 5318 ῶν
3751 5266 3782 5318 ό

2197 5355 2360 5420 αὐτὸς
2411 5355 2822 5427 πληρέστατος,
2865 5359 3146 5430 ἁμαρτίας
3189 5360 3361 5430 χωρὶς
3402 5360 3778 5430 ἐχρημάτισε,

2196 5449 2291 5501 καὶ
2323 5447 2411 5502 διὰ
2454 5451 2688 5522 σταυροῦ
2737 5451 2832 5504 καὶ
2879 5450 3084 5514 πάθους
3123 5452 3220 5504 καὶ
3269 5447 3622 5513 ἀναστάσεως
3669 5449 3781 5502 τῶν

2195 5539 2412 5610 δεσμῶν
2437 5541 2538 5612 τῆς
2563 5541 2942 5614 κατακρίσεως
2965 5543 3112 5612 ἡμᾶς
3141 5543 3510 5613 ἠλευθέρωσε,
3541 5543 3636 5595 καὶ
3667 5540 3778 5594 τῶν

3007 5591 3018 5610 ε

2197 5631 2386 5687 παθῶν
2435 5633 2536 5704 τῆς
2586 5634 2866 5706 ἁμαρτίας
2913 5633 3225 5705 ἀπήλλαξε’
3281 5635 3379 5704 τῆς
3439 5632 3563 5689 καθ’
3621 5631 3780 5704 ἡμῶν

583 5763 630 5796 ⁸³
665 5766 849 5821 Manli.
887 5785 993 5830 im,
1025 5772 1103 5828 17.
1141 5776 1184 5804 ~‘°
1219 5774 1373 5830 Rom.
1422 5795 1497 5844 ix,
1541 5779 1631 5836 55.
1709 5785 1829 5815 τηου
1867 5783 2024 5840 Rom.
2059 5801 2177 5854 νιιι,
2213 5786 2267 5856 3,
2302 5787 2354 5841 4.
