4130 6332
523 408 622 474 511

1376 419 1942 485 APOLOGETICUS
1975 424 2124 484 PRO
2164 425 2427 487 SACRIS
2466 426 2941 490 IMAGINIBUS.

2378 314 2403 340 ὀ

3662 428 3772 497 542

519 520 835 585 πλεονεξίας
882 518 1236 597 ἐκϐεϐληκὼς
1284 528 1640 601 τὺνηὰόρατον
1688 537 1971 607 τύραννον,
2002 538 2087 590 καὶ

2199 550 2355 593 tuens
2392 558 2404 593 :
2440 556 2631 608 nempe
2672 550 2729 594 ut
2763 541 2852 609 qui
2889 543 3178 595 humanam
3213 547 3461 594 naturam
3495 539 3560 596 ad
3586 542 3763 595 exsis-

523 610 602 673 είς
628 613 689 663 τὸ
719 611 945 682 ἀρχαῖον
963 616 1064 686 τῆς
1092 617 1390 689 εὐκληρίας
1414 621 1761 694 ἐπανήγαγεν
1783 645 1796 659 ο
1827 628 1911 680 ἴνα
1942 633 1969 681 ὁ
1998 628 2095 697 τὴν

524 699 685 768 φύσιν
709 702 788 765 εἰς
809 703 870 755 τὸ
893 699 1034 758 εἶναι
1072 708 1430 778 παραγαγὼν,
1461 713 1553 765 καὶ
1579 714 1638 766 τὸ
1669 715 1730 768 εὖ
1757 710 1896 770 εἶναι
1924 719 2094 788 ὑπερέ

523 791 708 844 ϐλύσει
744 793 1156 864 φιλανθρωπίας
1199 800 1371 870 ταύτῃ
1404 803 1719 875 χαρίσηται,
1768 808 1862 863 καὶ
1890 809 2095 872 τέλειος

522 879 678 953 ᾗκαὶ
722 884 912 952 ἄρτιος
962 888 991 938 ὀ
1031 890 1173 941 κατὰ
1215 889 1349 944 Θεὸν
1396 893 1718 965 κτιζόμενος
1771 898 2090 969 ἄνθρωπος.

520 973 693 1025 ταῦτα
747 978 1025 1046 προφῆται
1070 978 1278 1033 ἄνωθεν
1327 986 1908 1055 προανακεκράγεσαν,
1957 989 2090 1042 ἀπό-

520 1061 698 1114 στολοι
728 1064 1177 1132 εὐηγγελίσαντο,
1207 1069 1485 1141 μάρτυρες
1503 1073 1888 1145 ἀνδρισάμενοι
1916 1078 2090 1147 ἐπαρ-

520 1153 878 1220 ρησιάσαντο,
937 1156 988 1207 οί
1039 1157 1247 1212 τούτων
1286 1161 1478 1214 ὀπαδοὶ
1525 1165 1620 1217 καὶ
1678 1167 1935 1238 συνεργοὶ
1989 1169 2090 1239 τῆς

530 1243 859 1315 Ἐκκλησίας
887 1248 1198 1304 διδάσκαλοι
1225 1254 1303 1315 είς
1334 1255 1475 1323 μέγα
1505 1259 1930 1328 κατευρύνοντες
1962 1279 2089 1314 συν-

514 1335 909 1407 διηγωνίσαντο
928 1357 942 1369 -
973 1341 1062 1395 διὰ
1088 1344 1296 1397 τούτων
1330 1346 1551 1400 πάντων
1583 1348 1678 1413 οὓς
1710 1352 1739 1404 ό
1769 1351 1902 1416 Θεὸς
1939 1353 1996 1406 ἐν
2018 1358 2084 1425 τῇ

527 1426 823 1498 Ἐκκλησία
852 1430 1047 1483 ἐαυτοῦ
1076 1431 1252 1498 ἔθετο,
1283 1434 1351 1488 τὰ
1376 1436 1480 1506 τῆς
1506 1439 1653 1509 ζωῆς
1681 1441 1838 1510 ήμῶν
1861 1443 1921 1496 ἐν
1950 1447 2085 1498 πᾶσι

515 1517 1081 1587 πραγματευσάμενος
1108 1521 1467 1592 ἠσφαλίσατο,
1502 1526 1590 1581 ἵνα
1615 1522 1696 1591 οἷς
1722 1546 1776 1581 τι
1808 1531 1962 1600 μέλει
1984 1534 2085 1603 τῆς

515 1609 791 1676 σωτηρίας
821 1610 920 1679 τῆς
961 1611 1196 1679 ἑαυτῶν,
1250 1614 1500 1669 ἐντεῦθεν
1542 1618 1973 1691 ἐπιγινώσκηται
2018 1624 2088 1676 τὰ

513 1697 709 1764 βελτίω
759 1715 818 1751 τε
871 1701 969 1753 καὶ
1018 1704 1400 1773 συμφέρονταο
1456 1706 1510 1759 τί
1552 1707 1662 1778 γὰρ
1690 1708 1757 1761 ἂν
1795 1708 2082 1780 ζητήσαις,

509 1787 800 1857 ἄνθρωπε,
853 1792 956 1844 κᾶν
1012 1793 1121 1845 τῶν
1178 1794 1299 1849 λίαν
1345 1792 1412 1870 ᾖς
1471 1798 1835 1864 ἐξεταστικῶν
1889 1819 1948 1855 τε
1987 1806 2083 1857 καὶ

509 1875 862 1947 θεωρητικῶν
911 1882 1010 1951 τὴν
1055 1884 1314 1952 διάνοιαν,
1364 1889 1458 1940 καὶ
1491 1889 1590 1941 οὐκ
1618 1889 1779 1952 εὐθὺς
1815 1892 1880 1944 ἂν
1906 1909 2076 1945 κατα·
2112 1875 2154 1928 Β

458 2046 465 2053 ⁸
507 1964 691 2030 λάϐοις
715 1972 1043 2042 κεκριμένον
1080 1975 1174 2025 καὶ
1198 1976 1545 2045 πεφασμένον
1584 1977 1643 2031 ἐν
1673 1978 1981 2047 πνεύματι;
2014 1981 2075 2033 οὐ

507 2055 781 2124 θεολογίας
807 2060 868 2110 τὸ
900 2061 1102 2131 ὑψηλὸν
1135 2065 1231 2116 καὶ
1260 2065 1572 2135 ἐπηρμένον
1605 2068 1663 2119 ἐν
1696 2068 1989 2137 δόγμασινς
2014 2073 2074 2124 οῦ

505 2150 607 2214 τῆς
639 2149 789 2212 Θείας
824 2153 1139 2221 οἰκονομίας
1163 2155 1256 2208 τὸν
1287 2155 1518 2235 πλοῦτον
1544 2160 1643 2227 τῆς
1672 2161 2074 2231 χρηστότητος;

444 2286 451 2290 .
508 2240 645 2293 ἀλλά
693 2241 801 2293 τῶν
857 2244 952 2296 τοῦ
1002 2245 1136 2296 Θεοῦ
1178 2248 1462 2316 κριμάτων
1511 2247 1573 2301 τὸ
1622 2250 2075 2321 ἀνεξερεύνητον;

506 2330 644 2382 ἀλλά
679 2331 787 2384 τῶν
824 2334 1084 2402 αίρετέων
1128 2336 1225 2398 τὰς
1284 2336 1596 2406 ὑποθήκας;
1650 2339 1770 2409 οὐχὶ
1820 2340 1919 2404 τὰς
1967 2342 2077 2395 τῶν

507 2421 782 2486 φευκτέων
815 2423 1246 2492 ἀπαγορεύσεις;
1289 2425 1322 2496 ἦ
1355 2425 1465 2478 τῶν
1496 2429 1610 2487 τοῖς
1642 2426 1816 2491 ἀξίοις
1846 2429 2074 2500 ἡτοιμα-

505 2512 721 2578 σμένων
783 2513 1006 2580 ἀγαθῶν
1067 2516 1166 2578 τὰς
1224 2517 1623 2584 ἐπαγγέλσεις;
1683 2520 1778 2572 καὶ
1839 2520 1947 2573 τῶν
2014 2516 2073 2575 εὖ

503 2599 764 2672 βιούντων
805 2603 899 2655 καὶ
951 2606 1011 2656 ἐν
1058 2605 1208 2675 φόϐῳ
1239 2605 1374 2658 Θεοῦ
1420 2607 1518 2659 καὶ
1567 2608 1804 2661 ἐντολῶν
1842 2610 2070 2679 τηρήσει

500 2692 599 2763 τὴν
640 2694 942 2762 μέλλουσαν
985 2695 1143 2760 δόξαν
1170 2698 1692 2765 ἀποκαλύπτεσθαι;
1727 2700 1834 2753 τῶν
1889 2717 1948 2753 τε
1979 2702 2068 2755 al-

502 2783 680 2854 σχρῶς
748 2786 843 2837 καὶ
880 2787 1110 2850 ἀνοσίως
1171 2787 1505 2857 διαζὼντων,
1553 2790 1652 2859 τὴν
1695 2792 2069 2863 ἠπειλημένην

498 2876 769 2943 τιμωρίαν
787 2876 880 2928 καὶ
907 2877 1131 2929 κόλασιν
1153 2894 1167 2939 ς
1195 2879 1309 2931 Καὶ
1333 2879 1423 2932 ἵνα
1447 2854 1521 2950 μη
1549 2854 1662 2944 soi;
1686 2854 1810 2934 κέιν
1832 2854 2065 2936 eiecto}

499 2966 843 3032 ἐπεξιόντες,
902 2969 981 3040 τῷ
1041 2969 1187 3040 λόγῳ
1250 2971 1705 3042 ἐνδιατρίϐοιμεν,
1767 2974 1829 3026 οὐ
1882 2976 2065 3047 πάσης

2199 632 2412 682 tendum
2448 633 2789 699 produxerat,
2825 631 2963 685 idem
3006 632 3055 687 ei
3105 630 3315 686 felicem
3348 640 3551 684 statum
3598 632 3765 684 bene-

2194 720 2443 773 volentia:
2476 736 2589 775 suae
2637 720 2993 776 exuberantia
3041 722 3353 790 largiretur,
3382 730 3437 774 et
3471 728 3690 774 creatus
3728 736 3761 775 a

2196 810 2305 863 Deo
2354 809 2512 863 homo
2563 809 2803 879 perfecta
2863 811 3234 865 incolumitate
3284 811 3577 863 frueretur.
3635 807 3763 864 Haec

2193 901 2322 955 olim
2389 901 2663 968 propheta:
2721 902 3223 969 proclamaverant,
3284 902 3508 968 apostoli
3569 910 3760 967 postea

2191 994 2720 1063 evangelizavertmt,
2753 1003 3020 1063 martyres
3071 991 3286 1045 fortiter
3317 991 3547 1060 professi
3598 998 3758 1056 sunt,

2192 1093 2354 1150 atque
2385 1085 2574 1137 herum
2610 1083 2827 1138 assecla:
2854 1093 2909 1136 et
2937 1091 3316 1149 cooperatores
3352 1082 3604 1135 Ecclesiae
3639 1095 3758 1133 ma-

2190 1173 2345 1242 gistri
2406 1189 2728 1241 magnopere
2782 1174 3174 1243 adampliantes
3226 1173 3391 1226 simul
3445 1173 3560 1225 tuiti
3606 1181 3752 1226 sunt.

2190 1265 2295 1319 Per
2331 1266 2428 1319 bos
2463 1280 2653 1319 omnes
2695 1263 2872 1331 Deus,
2907 1279 3044 1333 quos
3092 1264 3147 1317 in
3186 1263 3426 1317 Ecclesia
3456 1278 3552 1315 sua
3584 1262 3757 1316 collo-

2189 1355 2367 1420 cavit,
2403 1353 2523 1407 vitze
2553 1354 2709 1408 nobis
2751 1352 3058 1420 adiumenta
3090 1353 3271 1406 omnia
3312 1352 3543 1403 firmiter
3588 1350 3760 1403 stabi-

2189 1445 2324 1506 livit,
2357 1456 2416 1498 ut
2437 1445 2683 1513 quisquis
2712 1444 2903 1499 salutis
2931 1459 3043 1499 suae
3068 1457 3358 1513 parumper
3379 1457 3563 1495 curam
3592 1440 3755 1509 gerit,

2189 1536 2315 1588 hinc
2373 1535 2500 1602 quid
2559 1534 2751 1589 melius
2803 1533 3096 1603 utiliusque
3138 1533 3209 1603 sit
3252 1538 3566 1599 cognoscat.
3617 1529 3757 1592 Quid

2186 1626 2333 1680 enim
2381 1640 2626 1693 quaeras,
2671 1641 2706 1680 o
2755 1627 2934 1689 homo,
2973 1624 3189 1677 etiamsi
3228 1622 3464 1676 maxime
3502 1622 3754 1674 curiosus

2186 1728 2485 1783 acutnsque
2522 1718 2589 1769 ad
2621 1716 2984 1771 meditandum
3021 1714 3223 1779 fueris,
3253 1713 3399 1783 quod
3446 1726 3551 1764 non
3596 1709 3758 1779 152

2186 1808 2329 1861 illico
2360 1808 2603 1862 invenias
2637 1808 2831 1876 spiritu
2876 1806 3237 1875 dijudicatum
3285 1814 3340 1859 et
3385 1799 3758 1872 patefactum?

2183 1913 2363 1953 nonne
2406 1897 2572 1951 habes
2628 1897 2908 1965 theologiae
2946 1898 3287 1951 altitudinem
3340 1903 3395 1947 et
3438 1893 3753 1959 dogmatum

2183 1988 2609 2044 sublimitatem?
2650 2001 2828 2041 nonne
2869 1987 3065 2040 divina:
3114 1984 3429 2039 (economia:
3484 1994 3752 2037 summam

2154 2078 2516 2143 ‘bonitatem,
2543 2067 2871 2143 iudiciorum
2915 2074 3009 2129 Dei
3045 2072 3499 2144 profunditatem,
3532 2068 3611 2123 rei
3654 2080 3753 2137 ge-

2180 2172 2364 2224 renda;
2390 2176 2679 2237 praecepta,
2718 2164 2986 2235 fugiendae
3024 2165 3214 2228 vetita,
3247 2172 3563 2233 paratorum
3623 2175 3751 2214 san-

2181 2254 2285 2309 ctis
2320 2254 2630 2309 hominibus
2651 2254 2913 2307 bonorum
2945 2252 3355 2321 promissiones,
3384 2250 3449 2305 iis
3476 2252 3566 2317 qui
3600 2256 3750 2303 recte

2178 2358 2299 2397 cum
2333 2344 2531 2399 timore
2573 2342 2667 2397 Dei
2706 2357 2770 2396 ac
2802 2343 3178 2395 mandatorum
3216 2341 3563 2396 observantia
3593 2337 3746 2391 vixe-

2177 2434 2290 2488 rint
2319 2433 2545 2504 gloriam
2575 2435 2630 2488 in
2669 2444 2946 2503 posterum
2974 2431 3342 2497 revelandam,
3379 2442 3569 2488 contra
3614 2444 3745 2483 vero

2179 2524 2409 2593 turpiter
2436 2525 2772 2594 scelesteque
2804 2524 3109 2580 viventibus
3141 2537 3315 2593 poena:
3345 2532 3507 2591 atque
3537 2520 3743 2590 suppli-

2176 2615 2384 2669 ciorum
2422 2615 2659 2672 intenlas
2688 2616 2897 2670 minas?
2923 2615 2990 2669 Et
3020 2630 3089 2670 ne
3123 2614 3334 2683 singula
3373 2620 3743 2678 recensentes,

2177 2706 2360 2761 verbis
2397 2706 2600 2762 diutius
2631 2707 3025 2778 indulgeamus,
3063 2723 3242 2764 nonne
3269 2706 3568 2776 quamlibet
3597 2703 3736 2759 alio-

2175 2810 2295 2849 rum
2348 2798 2752 2856 meditationem
2796 2801 2881 2855 vel
2916 2815 3138 2870 operam
3161 2839 3177 2865 ,
3212 2798 3609 2868 inspiratorum
3654 2809 3743 2849 sa-

2172 2888 2435 2956 pientium
2473 2906 2755 2948 sermones
2775 2932 2791 2958 ,
2824 2893 3004 2947 divina
3037 2890 3380 2963 philosophia
3422 2886 3736 2944 redundau-

2170 2986 2252 3033 tes
2271 3019 2286 3045 ,
2317 2991 2574 3048 superant
2595 2982 2619 3036 τ

499 3060 733 3131 θεωρίας
782 3064 877 3118 καὶ
917 3064 1169 3135 πράξεως
1210 3066 1280 3119 τὰ
1331 3068 1440 3121 τῶν
1481 3066 1755 3138 θεοσόρων
1794 3069 1989 3139 λόγια,
2053 3071 2139 3126 eo
2168 3073 2464 3144 φιλόσοφόν
2534 3094 2595 3130 τε
2662 3079 2763 3141 καὶ
2819 3077 3002 3132 ἔνθεον
3070 3073 3329 3147 κομῶντα
3391 3069 3743 3144 ὑπεραστρά-

500 3171 694 3208 πτουσι
713 3172 729 3222 ;

565 3248 628 3304 δ’.
675 3250 771 3313 Τίς
822 3246 915 3304 οὖν
941 3250 1022 3304 ἔτι
1060 3238 1221 3322 χρεία
1250 3255 1342 3306 ἐπὶ
1377 3256 1734 3324 κενοφωνίαις
1778 3257 1875 3310 καὶ
1903 3258 2064 3327 ζητή-
2090 3264 2133 3321 c

498 3357 657 3394 σεσιν
686 3341 939 3405 ἐκτόποις
972 3344 1197 3407 ἑαυτοὺς
1228 3345 1597 3415 ἐπιρῤίπτειν,
1622 3347 1728 3399 καὶ
1760 3346 1919 3411 δόξας
1943 3348 2067 3402 ἀνα-

497 3436 673 3487 κινεῖν
716 3432 1046 3501 τερατώδεις
1080 3473 1095 3496 ,
1133 3436 1230 3488 καὶ
1260 3436 1395 3488 πολὺ
1424 3437 1486 3489 τὸ
1518 3437 1782 3508 βλαϐερὸν
1807 3437 2069 3502 νοσούσας

494 3527 589 3580 καί
635 3528 860 3596 μάταιον
906 3527 1215 3597 ἀνθρώποις
1263 3529 1637 3600 ἐξευρημένας
1660 3533 1772 3593 τοῖς
1800 3530 1951 3598 σφῶν
1969 3533 2067 3583 αὑ-

495 3615 604 3667 τῶν
646 3616 1023 3687 δουλουμένοις
1054 3618 1250 3671 πάθεσι
1294 3620 1388 3671 καὶ
1429 3620 1718 3688 θελήμασι,
1759 3619 2068 3691 κατεφθαρ-

503 3707 682 3775 μένοις
704 3711 766 3761 τὸ
797 3710 957 3781 σῶμα
992 3712 1086 3764 καὶ
1110 3711 1207 3782 τὴν
1231 3711 1407 3782 ψυχὴν
1427 3752 1442 3776 ,
1493 3714 1586 3765 καὶ
1617 3713 2065 3782 διεστραμμένοις

495 3795 592 3865 τὴν
643 3797 1013 3868 γνώμηνκαὶ
1064 3799 1167 3870 τὴν
1218 3799 1480 3864 διάνοιαν,
1532 3799 1627 3853 καὶ
1675 3799 1763 3852 διά
1814 3801 1973 3852 τοῦτο
2001 3802 2065 3853 ἐκ

493 3887 737 3951 πλείονος
771 3888 951 3952 καλῶς
994 3893 1392 3960 σεσιγημένας,
1432 3890 1527 3945 καὶ
1554 3893 1669 3952 τοῖς
1690 3890 1935 3960 δοκίμοις
1962 3890 2063 3960 τῆς

505 3979 835 4050 Ἐκκλησίας
874 3981 1099 4041 ἐνδίκως
1138 3981 1579 4052 ἀπεληλαμένας,
1626 3983 1721 4036 καὶ
1748 3982 1823 4045 ὡς
1860 3999 2063 4053 κονιορ-

490 4068 583 4121 τὸν
627 4070 732 4122 ὑπὸ
778 4069 1041 4132 λαίλαπος
1069 4071 1269 4143 ῥᾳδίως
1313 4071 1771 4141 σκεδαννυμένας,
1800 4071 2063 4143 καὶσλήθῃ

488 4162 603 4223 τοῖς
646 4163 906 4230 ἐρασταῖς
955 4162 1049 4214 τοῦ
1103 4162 1267 4215 καλοῦ
1303 4163 1397 4214 καὶ¹
1444 4164 1542 4231 τῆς
1584 4163 1845 4227 ἀληθείας
1885 4180 2062 4234 παρα-

491 4252 854 4320 πεμφθείσας,
881 4254 955 4315 ὡς
978 4252 1147 4323 λήθης
1174 4254 1343 4316 ὅντως
1367 4255 1719 4323 ὑπαρχούσας
1755 4255 1909 4318 ἀξίας
1932 4272 1948 4320 ;
1984 4254 2059 4307 Οὐ

489 4344 572 4397 δεῖ
606 4345 783 4397 τοίνυν
840 4344 1019 4410 ξέναις
1069 4344 1162 4397 καὶ
1212 4345 1523 4414 ἀλλοτρίαις
1554 4348 1759 4412 φωναῖς
1807 4344 2060 4416 παρασύ-

492 4434 705 4504 ρεσθαι,
753 4434 847 4486 καὶ
876 4434 1089 4504 ἀνδρῶν
1116 4435 1328 4487 ἀσεϐῶν
1364 4434 1757 4499 διδασκαλίαις,
1792 4435 1900 4487 τῶν
1934 4437 2058 4505 χρό-

487 4543 599 4587 νοις
639 4526 855 4589 πολλοῖς
902 4528 1168 4597 πρότερον
1208 4526 1313 4579 ὑπὸ
1361 4526 1593 4580 συνόδων
1624 4526 1733 4579 τῶν
1763 4526 2058 4596 ἐκκλησια-

2239 3259 2294 3314 4'.
2351 3260 2490 3326 Quid
2545 3276 2676 3331 ergo
2706 3259 2818 3329 jam
2865 3276 3000 3331 opus
3025 3268 3144 3314 erat
3171 3257 3327 3312 vanis
3369 3254 3645 3310 vocabulis
3682 3263 3739 3310 et

2168 3348 2420 3403 absurdis
2451 3349 2840 3418 quaestionibus
2882 3359 3055 3404 semet
3094 3347 3332 3413 tradere,
3363 3354 3737 3414 portentosas-

2166 3453 2272 3507 que
2302 3439 2583 3507 opiniones
2619 3455 2682 3494 ac
2711 3440 2868 3493 valde
2894 3439 3087 3493 noxias
3117 3439 3261 3493 ciere
3280 3476 3296 3503 ,
3324 3439 3391 3491 ab
3427 3436 3737 3492 hominibus

2165 3528 2497 3597 excogitatas
2530 3530 2788 3583 vitiorum
2822 3530 3294 3599 cupiditatumque
3329 3542 3548 3583 suarum
3582 3541 3739 3579 man-

2165 3618 2340 3685 cipiis,
2368 3619 2548 3672 animo
2577 3629 2632 3672 et
2653 3633 2881 3687 corpore
2907 3618 3202 3687 corruptis,
3231 3627 3286 3671 et
3321 3632 3539 3672 sensum
3571 3631 3731 3672 suum

2166 3708 2603 3778 intellectmnque
2647 3710 2907 3763 distortos
2952 3707 3316 3763 habentibus?
3345 3705 3439 3760 liae
3473 3706 3730 3760 nimirum

2167 3798 2368 3853 idcirco
2389 3799 2674 3867 opiniones
2695 3799 2901 3867 jamdiu
2937 3799 3156 3853 silentio
3191 3813 3421 3866 pressae,
3446 3806 3501 3851 et
3536 3812 3564 3850 a
3599 3810 3732 3864 pro-

2167 3890 2310 3944 batis
2355 3889 2615 3945 Ecclesiae
2660 3890 2935 3960 magistris
2978 3889 3172 3943 merito
3206 3888 3440 3956 esplosae
3483 3887 3730 3952 fuerant,

2162 3992 2326 4050 atque
2367 3993 2426 4036 ut
2464 3980 2649 4036 fenum
2701 3998 2730 4035 a
2773 3981 2990 4035 turbine
3030 3979 3193 4034 facile
3228 3980 3525 4049 dissipatae,
3565 3987 3622 4032 et
3660 3979 3729 4032 ab

2164 4072 2371 4126 liniiesti
2412 4072 2635 4140 verique
2684 4070 3019 4124 amatoribus
3048 4068 3308 4123 oblivioni
3352 4068 3600 4131 traditae,
3628 4080 3731 4121 ceu

2165 4177 2353 4231 reapse
2386 4163 2658 4217 oblivione
2702 4163 2897 4231 dignae.
2935 4161 3050 4215 Non
3092 4168 3175 4214 est
3214 4173 3345 4229 ergo
3386 4157 3735 4213 committen-

2161 4253 2308 4317 dum,
2336 4261 2395 4307 ut
2417 4252 2720 4321 peregrinis
2747 4251 3045 4320 alienisque
3070 4249 3349 4305 vocabulis
3369 4248 3727 4311 abducantur,

2158 4356 2213 4400 et
2270 4346 2530 4400 doctrinis
2574 4345 2863 4414 impiorum
2896 4342 3175 4396 hominum
3228 4340 3594 4409 decipiamur,
3633 4340 3729 4409 qui

2156 4430 2356 4490 (intuitus
2383 4437 2493 4503 jam
2525 4444 2650 4490 ante
2679 4449 2851 4489 annos
2874 4433 2943 4487 ab
2982 4431 3366 4487 ecclesiasticis
3404 4429 3625 4499 synodis
3669 4436 3728 4483 ut

2160 4527 2398 4581 haeretici
2431 4535 2485 4580 et
2534 4535 2696 4580 recta:
2737 4524 2858 4578 lidei
2891 4524 3075 4578 hostes
3109 4522 3567 4576 excummunicati
3598 4529 3727 4574 sunt

490 4618 690 4671 σιτικῶν
730 4618 806 4681 ὡς
844 4618 1136 4688 αἱρετικῶν
1176 4618 1271 4670 καὶ
1300 4618 1612 4671 ἀντιπάλων
1636 4616 1737 4687 τῆς
1781 4618 1948 4688 ὀρθῆς
1970 4618 2060 4670 πί-

2172 4629 2217 4672 et
2243 4616 2679 4671 anathematibus
2723 4614 2921 4669 subditi
2956 4631 2971 4669 :
3013 4628 3193 4681 neque
3227 4612 3314 4666 his
3346 4612 3724 4678 attendamus,

489 4728 662 4773 στεως
700 4710 1138 4779 ἐκϐεϐλημένων,
1191 4711 1424 4772 καὶτοῖς
1448 4710 1754 4778 ἀναθέμασι
1794 4710 1923 4780 παρ’
1968 4709 2059 4763 αῦ-

484 4805 599 4864 τοϊς
643 4801 1159 4870 παραπεμφθέντων
1209 4800 1547 4877 ὑπάγεσθαιο
1596 4800 1719 4852 οὑδέ
1765 4800 2057 4870 προσέχειν

377 4949 390 4956 ,
484 4892 578 4947 τὸν
610 4894 735 4946 νοῦν
763 4894 876 4955 τοῖς
902 4890 1223 4959 στρεϐλοῦσι
1264 4890 1356 4955 τὰς
1388 4892 1537 4954 θείας
1566 4891 1791 4960 Γραφὰς
1828 4890 1966 4961 πρὸς
1997 4891 2058 4942 τὸ

479 4984 695 5037 ἑαυτῶν
734 4983 1028 5051 θεοστυγὲς
1072 4982 1359 5052 φρόνημα·
1416 4982 1556 5036 ἀλλά
1584 4983 1795 5052 χαίρειν
1821 4984 2058 5053 φράσαν-

482 5093 579 5138 τας
630 5077 752 5137 ταῖς
802 5075 1012 5127 τούτων
1043 5073 1357 5153 τερθρείαις
1399 5074 1800 5143 ἐκτρέπεσθαιο
1865 5073 2054 5144 μακρά

481 5164 591 5235 γὰρ
658 5164 921 5235 ληροῦσι,
971 5166 1124 5233 ’σφᾶς
1166 5181 1227 5217 τε
1273 5165 1502 5227 ἑαυτοὺς
1555 5164 2053 5235 παραλογιζόμενοι

488 5255 711 5324 μᾶλλον,
768 5256 925 5326 ἢόὒς
986 5255 1304 5323 φενακίζειν
1357 5255 1597 5318 οἴονται,
1652 5256 1746 5307 καὶ
1794 5255 1892 5318 τὰς
1945 5254 2055 5309 τῶν

483 5348 861 5417 προσεχόντων
893 5347 1061 5410 ἀκοὰς
1088 5349 1168 5410 εἰς
1207 5347 1386 5416 μάτην
1420 5348 1846 5409 ἀποκναίοντεςο
1880 5347 2052 5411 ὅντως

480 5437 827 5504 κενολογοῦσι
874 5440 967 5492 καὶ
1011 5437 1449 5504 ἀποσφάλλονται
1504 5439 1584 5500 εἰς
1633 5438 1702 5490 τὰ
1754 5439 1945 5507 καίρια
2000 5442 2051 5492 οἱ

479 5528 653 5581 ταῦτα
696 5528 1252 5597 ὲκζητοῦντεςοοὺδὲ
1302 5527 1413 5597 γὰρ
1450 5528 1590 5597 ὑπὲρ
1628 5529 1727 5599 τῆς
1761 5528 1921 5598 δόξης
1953 5529 2049 5582 τοῦ

478 5618 614 5673 Θεοῦ
641 5619 1097 5688 κατεργάζονται,
1136 5618 1290 5672 αὐτοί
1324 5635 1382 5671 τε
1418 5619 1510 5671 καὶ
1539 5620 1587 5670 οἱ
1620 5620 1825 5671 τούτων
1857 5618 2049 5683 ἐξακο-

478 5705 795 5771 λουθοῦντες
850 5712 917 5779 τῇ
951 5709 1126 5779 πλάνῃ
1149 5726 1163 5740 ·
1213 5709 1312 5778 τὴν
1342 5707 1498 5772 δόξαν
1538 5708 1595 5759 δὲ
1631 5710 1727 5777 τὴν
1756 5709 1889 5761 ἰδίαν
1921 5728 2048 5762 συν-

477 5798 717 5852 ιστάνειν
741 5798 925 5863 κακῶς
977 5798 1069 5852 καὶ
1112 5799 1352 5868 ἀνοήτως
1398 5799 1452 5848 ὲν
1486 5800 1552 5866 τῇ
1579 5798 1785 5850 ἑαυτῶν
1818 5802 2042 5871 αξςχύνῃ

2157 4710 2246 4777 qui
2275 4709 2485 4761 divinas
2523 4706 2834 4775 Seripturas
2873 4706 2937 4759 ad
2968 4720 3121 4759 suam
3159 4703 3269 4759 Deo
3294 4703 3552 4757 odibilem
3597 4718 3725 4758 sen-

2159 4800 2379 4853 tentiam
2423 4799 2473 4852 vi
2517 4799 2838 4866 pertrahunt
2870 4798 2964 4851 sed
3023 4796 3349 4865 repellamus
3394 4795 3724 4850 insulsorum

2155 4892 2346 4946 horum
2404 4882 2705 4958 praestigia;
2763 4888 2853 4941 diu
2899 4889 3045 4941 enim
3097 4887 3407 4956 unguntur,
3445 4887 3507 4942 Se
3576 4886 3724 4954 ipsos

2156 4981 2326 5048 magis
2350 4979 2701 5049 decipieutes,
2734 4993 2894 5047 quam
2931 4978 3053 5031 illos
3091 4979 3290 5047 quibus
3329 4976 3510 5030 lucum
3540 4975 3725 5028 facere

2162 5082 2379 5142 putant,
2418 5082 2473 5124 et
2503 5068 2916 5123 auscultantium
2959 5052 3118 5122 aures
3160 5066 3359 5121 frustra
3391 5064 3719 5120 obtundunt.

2163 5164 2270 5220 Sed
2302 5178 2486 5218 revera
2528 5162 2795 5215 vanitates
2822 5160 3074 5213 ell‘utiunt
3096 5198 3110 5223 ,
3146 5170 3201 5211 ct
3234 5158 3285 5209 in
3314 5172 3374 5209 re
3398 5155 3721 5224 gravissima

2162 5266 2347 5311 errant
2401 5256 2494 5325 qui
2553 5255 2637 5309 his
2690 5252 3078 5322 quaestionibus
3128 5249 3474 5317 implicantur
3524 5265 3537 5300 :
3587 5245 3723 5299 nihil

2155 5347 2297 5401 enim
2322 5360 2417 5415 pro
2448 5343 2612 5413 gloria
2646 5341 2739 5397 Dei
2772 5351 2957 5410 agunt,
2990 5342 3102 5395 sive
3130 5340 3249 5409 ipsi,
3279 5338 3392 5391 sive
3414 5337 3592 5391 ca-teri
3627 5335 3721 5405 qui

2160 5442 2348 5494 horum
2383 5451 2620 5490 errorem
2669 5443 2986 5502 sequuntur,
3027 5433 3118 5485 sed
3145 5430 3455 5500 Opinionem
3509 5437 3718 5482 tantum

2158 5529 2422 5600 propriam
2484 5528 2723 5595 improbe
2774 5524 3197 5591 insipienterque
3248 5536 3370 5572 cum
3422 5518 3719 5588 ignominia

2158 5639 2252 5675 sua
2280 5619 2629 5687 comprobare
2657 5616 2921 5669 nituntur.
2963 5612 3208 5677 Quandiu
3256 5612 3437 5679 itaque
3471 5609 3719 5678 impietas

2158 5715 2293 5765 intra
2326 5725 2448 5763 suas
2481 5721 2674 5760 caveas
2699 5720 2756 5759 se
2793 5705 3080 5766 continuit,
3119 5703 3222 5757 alta
3254 5719 3358 5772 pax
3384 5702 3437 5756 in
3474 5700 3716 5755 Ecclesia

2154 5805 2243 5858 Dci
2283 5803 2628 5865 versabatur;
2684 5792 3032 5864 etquidquitl'
3067 5796 3426 5851 orthodoxam
3485 5796 3537 5849 in
3586 5793 3718 5848 orbe
