4130 6332
428 376 542 439 543

426 504 566 560 erat,
622 493 858 550 feliciter
894 502 1321 561 constanterque
1369 493 1646 560 perstabat

426 588 479 640 in
524 587 626 641 hoc
662 601 838 640 rerum
886 593 1029 639 statu
1084 583 1199 636 ﬁeri
1222 583 1384 645 solet,
1426 582 1613 649 religio
1643 591 1820 649 utpar
1855 588 1995 646 erat,

424 684 475 728 et
508 692 719 730 uterum
742 676 1022 740 sanctitas,
1061 684 1266 741 eterga
1296 687 1480 726 sacras
1506 673 1649 725 ardes
1676 688 1803 725 cura
1836 682 1998 739 atque

424 759 757 831 frequentia,
800 761 1068 829 simulque
1115 760 1312 825 cultus,
1349 760 1548 825 ultique
1586 761 1637 811 in
1684 761 1797 811 dies
1834 774 1998 826 auge-

426 853 644 905 bantur.
688 852 794 906 Sed
829 868 936 905 non
975 861 1187 921 poterat
1226 852 1339 904 lucc
1377 866 1531 918 aequo
1566 850 1745 902 animo
1777 866 2000 903 cernere

425 942 604 1011 abyssi
649 945 846 1005 draco,
882 944 1187 997 communis
1236 943 1408 996 hostis
1451 951 1655 994 natura:
1700 952 1898 994 nostra:
1946 951 2001 995 et

425 1042 759 1100 oppugnator
803 1032 1080 1096 diabolus,
1114 1033 1209 1101 qui
1242 1033 1397 1087 bonae
1431 1034 1624 1100 cuique
1672 1034 1748 1085 rei
1796 1032 2000 1086 invidet

424 1132 587 1190 atque
629 1124 970 1177 adversatur.
1019 1123 1230 1179 Idcirco
1270 1124 1322 1177 in
1362 1135 1547 1191 parata
1579 1122 1680 1176 sibi
1713 1137 1838 1174 vasa
1884 1139 2001 1173 tua-

427 1213 661 1283 litiaaque
701 1229 903 1283 organa
944 1230 1005 1269 se
1052 1214 1381 1279 insinuavit,
1433 1229 1527 1281 per
1572 1228 1690 1280 quae
1739 1213 2003 1267 subruere

425 1304 650 1359 sincera:
678 1316 880 1359 nostra:
916 1305 1038 1359 ﬁdei
1071 1320 1254 1359 arcem
1295 1304 1635 1358 machinatus
1674 1315 1759 1357 est
1796 1321 1810 1356 :
1860 1304 2001 1372 quod

425 1395 601 1463 ipsum
644 1395 771 1450 olim
814 1396 1058 1451 immisso
1088 1403 1338 1464 serpente
1368 1398 1432 1449 ad
1463 1395 1839 1463 progenitricis
1874 1410 2004 1448 nos-

427 1493 526 1537 tra:
579 1482 951 1555 deceptionem
1007 1484 1371 1538 factitaverat.
1420 1483 1555 1551 Quid
1604 1500 1731 1551 ergo
1767 1483 2005 1537 accidit?

426 1571 622 1625 Malum
659 1573 967 1639 invalescit,
996 1583 1051 1629 et
1086 1576 1381 1644 impietatis
1413 1577 1570 1629 turbo
1598 1576 1866 1628 excitatus
1900 1590 2001 1628 ex-

426 1665 635 1720 tollitur
665 1678 828 1737 atque
850 1668 1240 1736 inﬂammatur,
1279 1681 1333 1726 et
1369 1671 1517 1739 impii
1555 1672 1800 1742 lmmiqes
1831 1670 1998 1722 auda-

428 1756 568 1810 ciam
601 1769 858 1826 sumunt;
897 1763 1046 1826 mali,
1086 1763 1327 1832 inquam,
1370 1763 1627 1831 Operarii,
1665 1762 2003 1828 vitandacque

1453 381 1513 442 S.
1552 382 1967 441 NICEPHORI
2006 379 2510 439 PATRIABCHE
2548 378 2634 437 CP

3589 374 3693 439 5M

1693 509 1706 543 :
1750 492 2000 559 quodque
2031 498 2076 551 Α
2104 488 2552 554 διαγωνίζονταιο
2612 489 2716 550 ἓως
2763 488 2861 558 μὲν
2909 484 3002 543 οὖν
3049 491 3084 562 ὴ
3144 492 3371 546 ἀσέϐεια
3432 492 3511 552 εἰς
3561 490 3689 551 τοὺς

2107 579 2305 647 ἑαυτῆς
2325 576 2518 630 ἐνδῦσα
2549 576 2791 646 φωλεοὺς
2818 578 3229 650 ἀπεκέκρυπτο,
3269 581 3465 650 εἰρήνη
3500 576 3690 647 βαθεῖα

2105 672 2171 740 τῇ
2208 670 2505 742 Ἐκκλησία
2530 670 2623 723 τοῦ
2656 672 2790 724 Θεοῦ
2819 672 3241 735 ὲνεπολιτεύετο,
3277 674 3374 728 καὶ¹
3424 675 3534 726 πᾶν
3566 673 3689 725 ὅσον

2107 759 2387 829 ὀρθόδοξον
2440 763 2497 813 ἐν
2528 760 2766 832 εὐθυμία
2813 762 2909 815 καὶ
2950 764 3248 834 εὐσταθείᾳ
3293 764 3688 832 καθιστάμενον

2108 849 2362 902 διετέλει’
2406 851 2499 904 καὶ
2527 850 2555 902 ὃ
2591 850 2739 919 φιλεῖ
2779 852 2837 906 ὲν
2866 856 2980 916 τοῖς
3002 854 3269 917 τοιούτοις
3309 854 3560 914 ἕπεσθαι,
3601 853 3693 904 εῦ-

2107 938 2321 1003 λάὸεια,
2360 939 2435 1001 ὡς
2463 939 2526 991 τὸ
2566 940 2845 1004 είκδς,καὶ
2882 943 3152 1012 σεμνότης
3184 944 3332 1012 βίου,
3370 943 3465 996 καὶ
3498 945 3531 1011 ἡ
3563 942 3690 1011 περὶ

2108 1028 2237 1090 τοὺς
2303 1030 2479 1099 ἱεροὺς
2535 1031 2720 1094 οἴκους
2775 1033 2983 1103 σπουδὴ
3046 1035 3145 1087 καὶ
3203 1034 3555 1105 προσεδρείαο
3607 1028 3689 1095 οἷς

2110 1119 2423 1185 ἀκόλουθον,
2457 1121 2551 1175 καὶ
2583 1123 2616 1191 ἠ
2656 1123 2786 1193 περὶ
2818 1126 2879 1177 τὸ
2908 1126 3063 1179 θεῖον
3099 1126 3388 1195 Θεραπεία,
3425 1127 3689 1179 ἑκάστοτε

2110 1211 2494 1279 προσετίθεντο
2545 1214 2926 1283 ὲπαυξόμενα’
2964 1218 3081 1271 ἀλλ’
3133 1218 3235 1271 οὐκ
3279 1218 3463 1269 ἔσθενε
3516 1215 3690 1269 ταῦτα

2111 1306 2295 1374 φέρειν
2321 1305 2462 1375 ὁρῶν
2497 1306 2526 1357 ό
2552 1305 2770 1375 δράκων
2797 1309 2826 1360 ό
2857 1308 3063 1378 βύθιος,
3092 1312 3120 1362 ὁ
3152 1310 3249 1379 τῆς
3278 1309 3493 1377 φύσεως
3532 1307 3689 1377 ἡμῶν

2110 1393 2289 1455 κοινὸς
2317 1393 2514 1462 ἐχθρὸς
2539 1396 2634 1447 καλ⁸
2659 1394 2916 1466 πολέμιος
2944 1398 3208 1463 διάϐολος,
3232 1400 3268 1450 ό
3298 1398 3564 1466 βάσκανος
3580 1394 3689 1446 τῶν

2112 1484 2293 1536 καλῶν
2351 1485 2443 1537 καὶ
2502 1486 2807 1550 ἀντίθετος·
2864 1487 2953 1539 διὰ
3007 1488 3167 1541 τοῦτο
3208 1492 3289 1551 εἰς
3339 1488 3509 1556 σκεύη
3541 1487 3691 1553 αὐτῷ

2113 1578 2488 1645 ἡτοιμασμένα
2540 1580 2635 1629 καὶ
2681 1577 2760 1640 εἰς
2792 1580 2992 1642 κακίας
3021 1581 3227 1650 όργανα
3270 1582 3692 1650 χρηματίσαντα

2112 1664 2479 1734 παραδύεται,
2515 1666 2582 1718 δι’
2629 1661 2705 1720 ὧν
2752 1670 3045 1738 ἐκπορθεῖν
3094 1671 3552 1740 ὲκμεμηχάνηται
3592 1670 3690 1735 τῆς

2113 1755 2404 1824 ἀκιὸδήλου
2441 1755 2598 1825 ήμῶν
2638 1758 2877 1821 πίστεως
2930 1760 3029 1827 τὴν
3075 1760 3409 1829 ἀκρόπολιν’
3459 1760 3595 1827 ὅπερ
3626 1760 3690 1827 δὴ

429 1855 595 1901 secta:
635 1851 894 1914 asseclae,
942 1860 1200 1921 tauquam
1251 1870 1316 1907 ex
1362 1853 1537 1921 adytis
1579 1851 1761 1905 nescio
1808 1851 2002 1917 quibus

2117 1849 2202 1899 καὶ
2243 1848 2412 1900 πάλαι
2440 1848 2530 1900 διὰ
2575 1847 2674 1900 τοῦ
2721 1850 2934 1917 ὄφεως,
2973 1851 3111 1919 πρὸς
3144 1850 3243 1920 τὴν
3280 1851 3560 1918 eiuncith
3590 1851 3692 1916 τῆς

426 1937 825 1997 incredulitatis
864 1955 1221 2013 emergentes,
1259 1944 1456 1997 nudata
1490 1952 1548 1996 ut
1583 1943 1783 1997 dicitur
1820 1942 1997 1995 fronte

429 2030 689 2085 adversus
717 2034 967 2101 dogmata
991 2044 1177 2089 nostra
1204 2035 1256 2088 in
1285 2034 1404 2088 acie
1430 2042 1734 2099 steterunt;
1759 2043 1813 2087 et
1840 2048 2001 2100 quam

423 2118 627 2189 jamdiu
651 2121 705 2176 in
737 2125 851 2179 suis
877 2125 1074 2179 animis
1094 2125 1369 2180 conditam
1398 2125 1690 2193 impietatis
1710 2123 2005 2178 scintillam

430 2212 849 2279 continuerant,
916 2214 1113 2270 idoneo
1168 2224 1330 2283 capto
1384 2227 1659 2284 tempore,
1717 2229 1816 2268 ceu
1871 2213 2007 2267 solet

430 2300 571 2370 ignis
605 2304 656 2356 in
687 2306 895 2359 aridam
926 2307 1210 2363 materiem
1242 2307 1521 2372 incidens,
1559 2320 1702 2360 nunc
1734 2306 1785 2359 in
1818 2305 2008 2375 ingen-

434 2400 539 2444 tem
569 2394 839 2448 ﬂammam
873 2397 1223 2452 incendentes
1252 2398 1579 2451 extulerunt.

2106 1939 2455 2008 προμήτορος
2494 1939 2859 2007 ἐτεχνάσατο·
2892 1939 2945 1992 τί
2970 1936 3093 2007 οὖν;
3135 1940 3368 1994 ἀναπνεῖ
3399 1941 3459 1994 τδ
3495 1939 3688 2000 κακον,

2111 2029 2343 2098 καὶτῆς
2401 2030 2723 2102 ἀσεϐείαςή
2772 2031 2974 2101 λαῖλαψ
2996 2032 3371 2102 »ἐπαιγρζουσα
3419 2036 3497 2096 είς
3550 2033 3693 2101 μέγα

2112 2121 2328 2189 αἴρεται
2356 2122 2453 2173 καὶ
2500 2122 2835 2187 ἀνάπτεται,
2874 2127 2971 2178 καὶ
3023 2118 3073 2178 ὁὶ
3108 2127 3337 2197 πονηροὶ
3379 2127 3691 2197 παρρησιάο

2114 2213 2335 2275 ζονται·
2389 2213 2440 2264 oi
2487 2216 2654 2266 κακοὶ
2703 2218 2970 2285 ἐργάται.
3016 2218 3065 2271 οἳ
3095 2218 3194 2287 τῆς
3233 2218 3548 2286 κατατομῆς
3590 2217 3692 2285 τῆς

2116 2302 2424 2372 φευκτέας,
2481 2304 2670 2376 ὥσπερ
2722 2306 2783 2371 ἐξ
2837 2308 3051 2386 ἀδύτων
3089 2309 3252 2362 τινῶν
3294 2308 3395 2378 τῆς
3436 2307 3691 2367 ἀπιστίας

2116 2393 2627 2462 προανακύψαντες,
2674 2397 2703 2450 ὃ
2740 2398 2804 2468 δὴ
2847 2398 3088 2466 λέγεται,
3144 2404 3325 2469 γυμνῇ
3368 2401 3432 2468 τῇ
3476 2395 3685 2464 κεφαλῇ

430 2484 574 2536 κατά
601 2485 711 2538 τῶν
740 2486 903 2557 ἱερῶν
934 2489 1095 2557 ἡμῶν
1126 2490 1414 2559 δογμάτων
1448 2487 1685 2559 χωροῦσι
1718 2484 2223 2557 παραταττόμενοι·
2254 2485 2349 2537 καὶ
2408 2486 2545 2555 ὅπερ
2594 2488 2761 2541 πάλαι
2799 2490 2857 2541 ἐν
2888 2491 3011 2551 ταῖς
3074 2490 3284 2542 ἑαυτῶν
3350 2488 3549 2556 ψυχαῖς
3576 2488 3675 2551 τῆς

432 2572 689 2636 ἀσεϐείας
724 2572 871 2645 εἶχον
952 2578 1275 2648 ὲμφωλεῦον
1320 2579 1690 2649 ὲμπύρευμα,
1761 2575 1957 2648 καιροῦ
2024 2574 2351 2643 λαϐόμενοι,
2404 2577 2659 2646 καθάπερ
2711 2578 2823 2648 πῦρ
2872 2579 3328 2649 εὐκαταπρήστου
3382 2577 3513 2647 ὕλης
3566 2579 3685 2630 ἐπι-

432 2668 794 2740 δραξάμενον,
842 2671 936 2725 νῦν
982 2675 1063 2736 εἰς
1112 2674 1287 2744 φλόγα
1337 2673 1580 2744 μεγάλην
1631 2673 2001 2732 ἐκκαύσαντες
2040 2670 2427 2741 ἀνερῤίπισαν.

506 2760 560 2815 5.
608 2760 740 2826 Quis
783 2778 913 2818 vero
945 2763 1059 2833 jam
1101 2768 1262 2834 digne
1308 2767 1390 2821 vel
1444 2767 1569 2822 ﬁdei
1624 2778 2003 2837 corruptorum

436 2850 1060 2922 spiritaleanerniciem
1093 2855 1354 2925 deploret,
1382 2856 1465 2911 vel
1498 2871 1595 2926 pro
1631 2856 1860 2911 veritate
1885 2842 2010 2924 per-

436 2941 772 2997 secutionem
831 2944 1151 3013 patientium
1208 2946 1547 3003 calamitates
1610 2948 1746 3004 satis
1808 2946 2013 3015 tragice

435 3032 707 3097 exponat?
749 3032 919 3088 Porro
950 3050 1126 3104 opera:
1168 3037 1400 3104 pretium
1434 3045 1537 3103 est,
1578 3048 1637 3092 ut
1675 3052 1776 3108 ego
1804 3038 2008 3107 judico,

2182 2768 2244 2818 ε’.
2289 2762 2451 2816 Ἀλλά
2480 2764 2564 2826 τίς
2585 2762 2652 2816 ἂν
2674 2765 2923 2818 ἐντεῦθεν
2950 2766 3135 2831 ἀξίως,
3158 2767 3191 2835 ἢ
3219 2766 3328 2819 τῶν
3350 2766 3688 2820 ἀθετούντων

2113 2853 2209 2921 τὴν
2250 2851 2434 2904 πίστιν
2470 2852 2563 2905 τὸν
2591 2851 2821 2922 ψυχικὸν
2854 2853 3077 2925 ὄλεθρον
3113 2855 3446 2925 ἀποδύραιτο
3467 2894 3479 2915 ,
3510 2856 3542 2925 ἢ
3576 2854 3686 2906 τῶν

2112 2941 2253 3011 ὑπὲρ
2301 2942 2398 3011 τῆς
2440 2941 2697 3012 ἀληθείας
2749 2943 3121 3014 διωκομένων,
3153 2947 3252 3009 τας
3284 2948 3568 3019 συμφορὰς
3601 2950 3692 3000 ὲκ-

2111 3034 2550 3103 τραγῳδὴσειεν;
2594 3035 2780 3100 ’Λειον
2832 3036 2920 3101 δὲ,
2972 3040 3048 3101 ὼς
3089 3038 3267 3106 ἔγωγε
3329 3035 3510 3109 οἶμαι,
3557 3040 3692 3108 μηδὲ

437 3137 505 3175 ne
532 3121 582 3174 id
613 3123 830 3191 quidem
870 3124 1087 3179 silentio
1120 3128 1511 3191 transmittere,
1547 3137 1605 3182 ut
1630 3129 1808 3183 cuncti
1853 3127 2008 3197 153

2117 3123 2271 3176 τοῦτο
2304 3126 2484 3193 σιωπῇ
2520 3124 2910 3193 παρατρέχειν,
2961 3127 3038 3190 ὡς
3092 3128 3282 3179 είδεῖεν
3336 3128 3573 3190 ἅπαντες
3626 3129 3685 3194 ἐξ

439 3221 738 3277 agnoscant
788 3212 934 3280 quali
967 3213 1033 3267 de
1082 3215 1260 3268 radice
1297 3216 1432 3271 tales
1472 3218 1576 3271 orti
1631 3217 1741 3271 sint
1782 3219 2007 3272 surculi.

436 3298 527 3350 Isti
557 3298 723 3365 enim,
752 3302 819 3355 de
850 3303 1046 3369 quibus
1069 3305 1359 3373 loquimur.
1395 3317 1661 3377 quotquot
1685 3323 1877 3377 nempe
1902 3310 2010 3363 vita

441 3391 582 3457 turpi
620 3390 939 3462 abiectaque
974 3405 1123 3460 sunt,
1162 3396 1347 3452 lascivi
1382 3408 1433 3452 et
1480 3409 1736 3469 corrupto
1785 3401 1966 3452 animo
1992 3440 2006 3463 ,

440 3490 784 3551 mentemque
832 3500 1138 3553 perversam
1201 3501 1364 3558 atque
1414 3490 1484 3542 ad
1534 3491 1731 3544 malum
1786 3504 2009 3559 pr0nant

438 3583 723 3641 gerentes,
786 3576 838 3631 bi
883 3578 1101 3648 inquam
1162 3582 1422 3634 hactenus
1477 3581 1706 3647 multos,
1762 3581 1906 3650 quod
1958 3582 2011 3636 in

437 3656 563 3717 aliis
607 3680 747 3733 saepe
776 3670 1007 3737 negotiis
1044 3672 1275 3735 accidit,
1315 3671 1584 3726 latuerant
1628 3691 1641 3727 :
1678 3672 1837 3743 fraus
1869 3675 2012 3728 enim

437 3755 792 3826 occultusque
835 3759 990 3815 dolus
1021 3777 1218 3830 pravos
1257 3761 1437 3817 adhuc
1466 3763 1680 3818 illorum
1722 3779 1902 3819 mores
1934 3776 2010 3822 te-

439 3844 633 3912 gebant
665 3862 678 3898 :
716 3848 1005 3903 nonnullos
1037 3861 1239 3914 tamen,
1274 3851 1366 3920 qui
1401 3851 1559 3923 longa
1596 3854 2010 3909 conversatione

440 3944 589 4001 gesta
639 3951 829 3991 eorum
865 3953 1168 4009 noverant,
1214 3960 1303 3997 res
1347 3944 1465 3998 haec
1509 3944 1730 3999 mininte
1776 3944 2011 4016 fugerat.

440 4023 718 4083 Mittamus
767 4029 869 4084 alia
914 4046 1341 4089 commemorare
1423 4049 1545 4104 quae
1599 4035 1667 4090 ab
1718 4038 2014 4094 scientibus

440 4126 496 4171 et
530 4119 880 4176 narrantibus
937 4125 1127 4179 audire
1185 4126 1344 4190 licet;
1398 4138 1564 4196 atque
1610 4129 1774 4193 unde.
1828 4143 1884 4186 et
1941 4148 2006 4186 ex

441 4208 765 4276 quibusnam
814 4214 998 4280 pravis
1042 4217 1311 4286 saevisque
1349 4220 1604 4286 Operibus
1647 4222 1702 4276 iu
1752 4226 2015 4279 monasti-

375 4328 385 4335 -
442 4315 563 4354 eum
608 4301 852 4356 habitum
900 4315 1073 4359 semet
1109 4308 1642 4377 transfiguraverinl,
1699 4328 1821 4366 euut
1856 4326 2015 4369 antea

441 4393 565 4448 laici
602 4392 864 4461 fuissent,
900 4403 961 4450 ut
996 4397 1065 4452 ad
1097 4399 1464 4455 sacerdotium
1510 4415 1565 4457 et
1611 4403 2012 4460 ecclesiasticos

441 4485 663 4541 ordines
721 4487 954 4542 latenter
1007 4488 1332 4557 irreperent.
1384 4491 1619 4548 Necesse
1659 4495 1824 4564 igitur
1866 4505 2017 4561 erat,

444 4576 538 4645 qui
601 4577 848 4631 moribus
913 4578 1214 4635 inhonestis
1271 4584 1621 4653 vitandisque
1680 4595 1870 4649 erant,
1927 4600 2021 4641 eos

440 4674 843 4722 consentaneas
891 4682 1106 4737 quoque
1150 4669 1293 4725 circa
1343 4672 1502 4749 (idem
1557 4674 1857 4729 sententias
1921 4677 2017 4729 ha-

442 4759 575 4814 bere
594 4756 741 4827 (16-1
755 4758 832 4826 7).
862 4758 1010 4814 Solet
1032 4761 1177 4815 enim
1201 4762 1385 4832 lingua
1408 4780 1529 4817 cum
1554 4765 1765 4817 actibus
1786 4779 2020 4819 consen-

444 4851 577 4916 tire,
611 4859 671 4904 ut
701 4849 1019 4905 alterutrum
1052 4868 1117 4907 ex
1154 4854 1324 4909 altero
1351 4855 1655 4908 denotetur.
1700 4854 1925 4924 Insuper
1960 4867 2015 4912 et

444 4955 600 4995 vanae
647 4940 836 5012 gloria:
865 4945 1045 5012 cupidi
1077 4957 1254 5011 erant,
1282 4960 1510 5014 eamque
1542 4946 1709 5000 multo
1728 4958 1855 5002 ante
1885 4947 2017 5004 all'e-

444 5031 688 5086 ctabant.
722 5031 887 5088 Certe
920 5034 1136 5089 illorum
1166 5037 1391 5090 consilia
1440 5035 1709 5091 nonnullis
1739 5038 2022 5096 manifeste

443 5122 724 5191 explorata
759 5123 1015 5192 fuerunt;
1055 5128 1180 5196 quia
1212 5137 1267 5181 et
1296 5127 1436 5181 hanc
1462 5141 1646 5180 vocem
1679 5128 1893 5186 misisse
1927 5146 2022 5187 eos

445 5223 783 5282 compertum
825 5225 945 5280 est,
981 5218 1121 5285 quod
1159 5217 1320 5270 etiam
1353 5216 1587 5268 animam
1643 5218 1876 5273 vendere
1920 5236 2019 5291 pa-

446 5306 549 5360 rati
594 5317 798 5375 essent,
858 5311 1151 5363 dummodo
1209 5309 1431 5362 licenter
1491 5313 1902 5369 comessabundi
1966 5316 2017 5368 in

519 5490 635 5561 (l7)
668 5488 1001 5563 Porphyrius
1024 5490 1140 5563 ipse
1170 5488 1606 5563 ethnicushujus
1634 5491 1707 5545 rei
1742 5494 2020 5547 veritatem

454 5559 704 5631 agnoscit
749 5563 802 5614 itt
854 5559 956 5615 suo
1010 5561 1075 5611 ad
1117 5573 1348 5631 uxorem
1404 5559 1708 5631 Mart-ellum
1764 5564 2023 5631 praeclaro

456 5629 826 5701 gravibusque
892 5629 1182 5701 sententiis
1233 5630 1564 5701 redundante
1611 5629 1882 5699 opusculo.
1936 5633 2025 5685 Sic

458 5699 779 5774 enintapud
815 5714 912 5754 nos
1088 5699 1261 5774 class.‘
1299 5710 1335 5753 t.
1382 5699 1472 5761 IV,
1512 5718 1561 5769 μ.
1597 5704 1720 5757 369.
1759 5705 1836 5755 Τὰ
1866 5704 2023 5774 ἔργα,

456 5771 567 5825 τῶν
598 5771 884 5840 δογμάτων
932 5771 1163 5825 ἑκάστου
1200 5769 1383 5841 φέρειν
1421 5774 1627 5840 πέφυκε
1676 5775 1769 5837 τὰς
1814 5769 2027 5827 ἀποδεί-

2116 3215 2237 3277 οἵας
2264 3214 2452 3284 ῥίζης,
2480 3210 2567 3268 οἷα
2598 3216 2763 3284 ἐξέφυ
2797 3216 3154 3286 βλαστήματα
3174 3234 3187 3248 ’
3219 3212 3364 3270 οὗτοι
3399 3218 3531 3288 γὰρ,
3562 3220 3691 3287 περὶ

2116 3299 2191 3358 ὦν
2240 3306 2268 3356 ὀ
2309 3305 2497 3372 λόγος,
2529 3307 2706 3358 όποῖοι
2746 3309 2859 3375 μὲν.
2884 3307 2976 3359 τὸν
3008 3306 3121 3375 βίον
3155 3308 3371 3376 αἰσχροὶ
3398 3310 3491 3361 καὶ
3522 3310 3698 3361 κατά-

2121 3410 2376 3455 πτυστοι,
2426 3394 2696 3462 ἐμπαθεῖς
2726 3411 2784 3446 τε
2810 3396 2904 3449 καὶ
2936 3394 3319 3465 διεφθαρμένοι
3353 3395 3451 3465 τὴν
3484 3396 3685 3464 ψυχὴν,

2120 3485 2216 3537 καὶ
2239 3484 2331 3537 τὸν
2381 3483 2505 3537 νοῦν
2538 3484 2918 3555 ενδιάστροφον
2948 3486 3164 3555 ἔχοντες
3196 3491 3291 3539 καὶ
3319 3486 3456 3555 πρὸς
3482 3488 3684 3540 κακίαν

2119 3576 2619 3646 εὐπαρακόμιστον,
2647 3576 2897 3641 πλείονας
2934 3579 3032 3648 μὲν
3057 3578 3185 3648 ἄχρι
3213 3578 3307 3631 τοῦ
3336 3578 3516 3649 δεῦρο,
3550 3578 3688 3648 ὅπερ

2120 3668 2179 3719 ἐν
2212 3668 2425 3730 πολλοῖς
2453 3668 2714 3733 πολλάκις
2759 3670 3061 3741 συμϐαῖνον
3107 3670 3289 3740 εὑρεῖν
3338 3668 3507 3732 ἔστιν,
3539 3669 3697 3721 ἐλάν-

2121 3756 2281 3811 θανον
2302 3773 2314 3787 ·
2353 3758 2414 3811 τὸ
2441 3761 2550 3830 γαρ
2595 3760 2813 3831 δυλερόν
2842 3778 2901 3814 τε
2929 3762 3024 3814 καὶ
3053 3758 3292 3813 ὓπουλον
3324 3758 3691 3824 κατεσκίαζεν

2119 3850 2299 3903 αὐτῶν
2343 3851 2423 3904 ἔτι
2454 3851 2551 3920 τὴν
2594 3852 2923 3923 κακοήθειαν
2946 3869 2960 3882 ο
3006 3852 3115 3904 είσὶ
3139 3852 3195 3904 δὲ
3224 3850 3318 3914 οὒς
3362 3853 3458 3904 καὶ
3485 3854 3549 3905 ἐκ
3585 3869 3689 3921 μα-

2121 3940 2259 4007 κρᾶς
2302 3939 2401 4008 τῆς
2450 3939 2669 4008 ὁμιλίας
2702 3944 2782 4002 είς
2826 3942 3021 4009 πεῖραν
3055 3940 3161 3991 τῶν
3211 3939 3691 4009 πεπολιτευμένων

2122 4028 2305 4093 αὐτοῖς
2349 4026 2713 4095 ἀφιγμένους,
2744 4027 2948 4096 ἥκιστα
2979 4027 3152 4079 ταῦτα
3190 4026 3449 4095 διέφυγεν
3470 4044 3482 4057 ’
3516 4030 3698 4099 ἐῶμεν

2122 4117 2288 4170 τᾶλλα
2336 4117 2547 4185 λέγειν,
2600 4117 2635 4171 ἃ
2683 4116 2782 4169 καὶ
2827 4116 3046 4170 εἰδότων
3093 4118 3189 4170 καὶ
3234 4119 3500 4187 λεγόντων
3552 4120 3700 4173 ἐστιν

2122 4208 2343 4261 ἀκούειν
2400 4206 2524 4260 ὅθεν
2588 4222 2648 4258 τε
2708 4206 2802 4259 κα)⁵
2862 4206 2922 4271 ἐξ
2982 4207 3111 4261 οἴων
3200 4209 3422 4277 φαύλων
3494 4228 3555 4263 τε
3608 4213 3703 4264 καὶ

2126 4299 2330 4352 σκαιῶν
2361 4299 2560 4368 ἔργων,
2604 4298 2699 4351 ἐπὶ
2724 4300 2785 4353 τὸ
2830 4300 3017 4369 σχῆμα
3045 4301 3105 4353 τὸ
3141 4302 3454 4371 μοναχικὸν,
3491 4304 3550 4355 ἐν
3580 4304 3701 4357 λαῖ·

2125 4393 2243 4453 κοῖς
2271 4391 2332 4442 τὸ
2360 4392 2487 4460 πρὶν
2518 4390 2823 4454 τελοῦντες,
2862 4391 3182 4463 μετέθεντοξ
3215 4392 3363 4456 ὅπως
3395 4410 3453 4445 τε
3488 4396 3569 4457 εἰς
3599 4396 3700 4465 τὴν

2052 4510 2097 4564 ι)
2130 4478 2430 4551 ἱερωσύνην
2474 4479 2569 4531 καὶ
2610 4478 2738 4541 τοὺς
2779 4479 3272 4551 ἐκκλησιαστικοὺς
3330 4482 3699 4551 καταλόγους,

2125 4573 2479 4634 λανθάνοντες
2508 4572 2946 4643 είσεφθάρησαν·
2974 4573 3082 4626 ἔδει
3107 4575 3291 4627 τοίνυν
3320 4576 3429 4644 ἄρα
3456 4577 3545 4628 τὸν
3578 4578 3703 4645 =95-

2126 4681 2226 4717 πον
2258 4663 2497 4733 ἄσεμνον
2551 4665 2646 4718 καὶ
2691 4666 2926 4731 φευκτὸν
2976 4666 3241 4735 σχόντας,
3279 4668 3577 4734 ἀναλόγους
3610 4669 3705 4720 καὶ

2124 4758 2223 4819 τὰς
2258 4757 2385 4826 περὶ
2421 4756 2658 4819 πίστεως
2698 4756 2997 4827 κεκτῆσθαι
3032 4758 3364 4827 ὑπολήψειςο
3407 4759 3564 4811 εἴωθε
3594 4760 3704 4827 γάρ

2127 4864 2244 4911 πως
2294 4847 2588 4902 ἀκόλουθον
2630 4842 2769 4900 εἶναι
2820 4847 2914 4902 τὸν
2958 4848 3117 4915 λόγον
3147 4851 3267 4911 ταῖς
3298 4849 3583 4919 πράξεσιν,
3620 4851 3705 4902 ἵνα

2125 4938 2191 4991 δι’
2223 4939 2490 5008 ἐκατέρου
2520 4939 3002 5008 χαρακτηρίζηται
3032 4940 3262 5011 θάτερον
3282 4958 3295 4972 ’
3332 4942 3612 5010 ἑπομένως
3649 4942 3706 4995 δὲ

2125 5031 2358 5094 τούτοις,
2385 5032 2481 5084 καὶ
2507 5028 2667 5100 δόξης
2707 5031 2868 5100 κενῆς
2908 5031 3040 5101 ὲρᾷν
3059 5047 3074 5061 ·
3108 5030 3267 5083 τοῦτο
3297 5031 3405 5102 γὰρ
3432 5026 3499 5101 ἦν
3523 5032 3707 5096 αὐτοῖς

2126 5127 2192 5177 ὲκ
2226 5123 2469 5184 πλείονος
2504 5121 2975 5192 σπουδαζόμενον·
3018 5122 3114 5174 καὶ
3145 5122 3256 5191 γὰρ
3286 5122 3577 5191 εὐφώρατα
3612 5123 3707 5174 καὶ

2129 5216 2334 5285 ἔκδηλά
2375 5232 2487 5268 τισι
2529 5216 2600 5266 τὰ
2649 5214 2749 5283 τῆς
2803 5212 3030 5282 γνώμης
3062 5211 3242 5266 αὐτῶν
3288 5212 3541 5281 γέγονεν·
3575 5213 3632 5264 ἐν

2133 5308 2390 5378 τοιαύτην
2422 5304 2675 5375 ἀφιέντες
2720 5304 2904 5376 φωνὴν
2940 5302 3206 5368 ἑάλωσαν,
3260 5303 3338 5365 ὡς
3393 5304 3554 5373 εἴπερ
3600 5302 3709 5356 δέοι

2134 5493 2285 5559 ξεις·
2345 5501 2535 5542 natura
2583 5496 2948 5559 comparatum
2993 5496 3105 5559 est,
3145 5493 3202 5539 ut
3252 5486 3503 5554 cuiusque
3553 5503 3710 5559 opera

2135 5554 2603 5616 demonstrationes
2635 5558 2981 5625 'propriorum
3033 5556 3336 5625 dogmatum
3389 5560 3514 5611 sint.
3564 5554 3707 5609 Vaut

2139 5635 2300 5699 igitur
2343 5631 2582 5699 jttctattt,
2618 5641 2788 5699 seque
2817 5627 2961 5699 ipsos
3011 5626 3239 5689 fallunt,
3274 5642 3363 5693 qui
3399 5630 3514 5699 sine
3543 5628 3711 5680 certis

2139 5698 2406 5768 tectisque
2444 5698 2789 5766 dogmatibus
2819 5698 3043 5751 honeste
3096 5712 3153 5750 se
3202 5712 3360 5765 posse
3404 5698 3584 5751 vivere
3616 5713 3713 5764 pu-

2140 5784 2254 5827 lunt
2284 5780 2375 5826 aut
2405 5769 2671 5825 dictitant.
