4130 6332
478 327 581 392 547

1499 329 1560 387 S.
1603 325 2018 387 NICEPIIORI
2061 323 2564 384 PATRIARCHE
2601 325 2711 385 (ΖΡ.
2851 329 2882 348 '

476 437 927 496 constitutionem
977 452 1004 491 a
1044 437 1359 492 doctoribus
1385 445 1533 492 recte
1561 451 1683 492 cum
1709 445 1898 491 sancto
1933 433 2056 502 Spi-

2169 433 2253 485 τδν
2285 432 2388 501 μὲν
2417 433 2513 485 τού
2549 433 2684 485 Θεοῦ
2729 431 2892 500 φόϐον
2922 431 3235 496 ἀπώσαντο,
3273 433 3454 485 πᾶσαν
3494 431 3553 484 δὲ
3581 448 3742 486 κανο-

475 532 584 585 ritu
617 530 816 584 editam
851 537 1234 596 aspernantur,
1271 537 1326 582 et
1360 525 1580 580 foederis
1609 542 1732 581 cum
1779 525 1887 580 Deo
1913 527 2053 594 apud

478 628 730 674 sanctum
765 619 934 672 altare
959 618 1076 670 initi
1103 616 1516 681 obliviscuntur,
1549 615 2057 684 confessionemque

478 711 626 764 illam
649 709 884 779 ejurant,
917 724 1020 775 qua
1051 709 1278 762 recitata
1301 707 1460 777 (17‘).
1488 722 1698 762 sacram
1723 707 2053 770 unctionem,

477 800 590 855 Deo
610 801 904 884 uescio’cur
931 799 1296 867 permittente,
1320 807 1660 866 receperunt,
1689 807 1744 852 et
1766 799 2056 852 sacerdotii

479 893 715 962 dignitas
743 893 872 958 ipsis
890 907 1008 942 cum
1029 891 1296 957 praeconio
1313 889 1425 957 (υἱ)
1443 891 1638 943 collata
1661 889 1778 946 fuit.
1804 889 1978 958 Atque
2000 899 2059 943 ut.

476 983 786 1035 summatim
833 983 1045 1042 dicam,
1092 981 1380 1050 gloriosam
1432 991 1672 1034 nostram
1701 981 2059 1050 iuciilpatam-

477 1086 583 1142 que
621 1071 775 1123 fidem
802 1069 1120 1137 abjicieutes
1139 1108 1154 1133 ,
1188 1086 1216 1122 a
1248 1085 1444 1138 magno
1471 1085 1530 1124 se
1556 1080 1718 1138 atque
1747 1069 2057 1124 indivisibili

479 1161 734 1216 Ecclesiae
787 1176 1056 1230 corpore,
1112 1170 1368 1230 tanquam
1426 1162 1641 1230 putrida
1691 1171 1747 1214 et
1801 1171 2059 1228 corrupta

481 1254 724 1306 membra
763 1253 1125 1318 abscindunt,
1160 1263 1215 1306 et
1263 1253 1314 1306 in
1353 1264 1537 1321 partes
1568 1254 2057 1317 heterodoxorum,

477 1343 568 1412 qui
593 1342 800 1412 jamdiu
834 1344 1098 1396 adversus
1128 1353 1330 1396 rectam
1363 1342 1677 1395 doctrinam.
1718 1344 2055 1412 praeliantur,

479 1442 798 1488 transeunt:
827 1448 1056 1502 quorum
1087 1443 1370 1502 postquam
1398 1434 1734 1504 impietatem
1763 1433 2060 1487 damnave-

481 1533 604 1576 raut
640 1524 777 1594 (l9);
817 1539 958 1592 smpe
985 1525 1148 1577 etiam
1179 1525 1554 1578 crudelitatem
1589 1533 1645 1577 et
1675 1523 1948 1576 lasciviam
1980 1524 2060 1576 vi-

483 1623 868 1677 tuperaverant
897 1654 910 1674 ,
945 1627 1221 1681 postremo
1254 1615 1306 1668 in
1345 1616 1486 1668 idem
1527 1629 1591 1668 ac
1623 1615 1696 1668 illi
1739 1615 2060 1685 perditionis

483 1705 801 1758 barathrum
859 1707 1168 1760 inciderunt
1205 1723 1221 1760 :
1267 1722 1336 1762 ne
1367 1707 1510 1760 illam
1543 1707 1791 1777 quidem}.
1835 1709 1881 1762 si
1922 1708 2058 1763 nihil

2159 523 2316 593 νικὴν
2359 525 2454 576 καὶ
2487 523 2674 576 ἔνθεον
2708 523 3071 593 θεσμοθεσίαν
3106 523 3444 576 διδασκάλων
3479 519 3536 576 εὖ
3567 523 3744 578 τεθει-

2166 615 2336 685 μένην
2385 616 2475 668 διὰ
2511 614 2607 668 τοῦ
2639 616 2962 686 Πνεύματος
3015 617 3425 686 ἀτιμάσαντες,
3496 618 3587 670 καὶ
3631 617 3741 669 τῶν

2163 701 2449 771 συνθηκῶν
2484 703 2552 768 ἃς
2583 706 2640 757 ὲν
2666 703 2744 775 τῷ
2775 704 2906 775 θείῳ
2940 705 3314 776 θυσιαστηρίῳ
3344 706 3740 776 καθωμολόγη-

2164 812 2266 848 σαν
2319 797 2814 866 ἀμνημονήσαντες
2839 811 2854 826 ·
2904 797 3008 864 τῆς
3040 814 3099 850 τε
3142 798 3462 868 ὁμολογίας,
3501 800 3620 869 μεθ’
3648 794 3740 870 ἦς,

2161 888 2260 940 οὐκ
2279 883 2395 940 οἶδα
2425 889 2594 952 ὅπως,
2637 888 2798 940 τοῦτο
2825 887 2920 940 τοῦ
2965 888 3102 941 θεοῦ
3134 891 3611 960 παραδλέῲαντος,
3648 895 3744 945 άν-

2162 977 2328 1042 αξίως
2350 978 2708 1047 ἐχρίσθησαν,
2735 980 2829 1032 καὶ
2859 979 2922 1032 τὸ
2940 979 3042 1049 τῆς
3073 981 3378 1049 ἱερωσύνης
3404 985 3588 1046 αὐτοῖς
3618 986 3743 1050 ἐπιτ

2163 1069 2508 1136 κεκήρυκται
2560 1069 2779 1136 ἀξίωμα
2810 1068 3048 1139 ἆπαρνοι
3097 1071 3416 1140 γενόμενοι⁸
3471 1073 3566 1125 καὶ
3617 1073 3745 1126 συλη

2163 1156 2366 1228 λήεῖδην
2431 1161 2630 1224 εἰπεῖν,
2679 1161 2778 1230 τὴν
2837 1159 3022 1212 πίστιν
3054 1161 3214 1230 ἡμῶν
3259 1161 3356 1232 τὴν
3394 1163 3597 1216 εὐκλεᾶ
3649 1164 3744 1217 καὶ

2164 1246 2468 1317 ἀμώμητον
2492 1249 2959 1317 καταπροέμενοι,
2990 1249 3086 1301 τοῦ
3122 1251 3360 1317 μεγάλου
3380 1253 3472 1304 καὶ
3493 1253 3741 1322 ἀτμήτου

2161 1341 2260 1409 τῆς
2297 1341 2626 1414 Ἐκκλησίας
2655 1338 2934 1410 σώματος,
2961 1340 3038 1402 ὡς
3061 1342 3343 1411 σεσηπότα
3363 1341 3458 1394 καὶ
3478 1343 3742 1412 διεφθαρ-

2167 1431 2308 1500 μένα
2357 1431 2493 1501 μέλη
2551 1431 2782 1492 ἑαυτοὺς
2833 1417 3322 1502 ἀπορρηγνύουσι,
3363 1433 3460 1485 καὶ
3511 1436 3578 1502 τῇ
3633 1433 3744 1486 τῶν

2165 1523 2626 1595 ὲτεροδοξούντων
2685 1523 2880 1595 μοίρᾳ,
2917 1524 3013 1576 καὶ
3068 1525 3238 1578 πάλαι
3295 1525 3428 1577 ποτὲ
3477 1525 3614 1594 πρὸς
3651 1523 3746 1579 τὸν

2163 1612 2326 1684 ὀρθὸν
2370 1613 2530 1682 λόγον
2589 1611 2869 1676 ἀσυνέτως
2917 1612 3326 1683 μεμαχημένων
3375 1599 3744 1684 πρὸσέθεντο·

2163 1696 2240 1756 ὧν
2265 1703 2436 1756 πολλὰ
2455 1702 2554 1773 μὲν
2573 1701 2841 1772 πρότερον
2863 1703 3273 1770 κατεγνωκότες
3285 1705 3383 1774 τῆς
3401 1702 3740 1768 δυσσεϐείας,

484 1795 656 1856 aliud,
677 1805 924 1851 verentes
949 1811 1190 1851 sanctam
1215 1813 1278 1852 ac
1301 1800 1662 1851 venerandam
1689 1799 1868 1852 divina
1894 1799 2061 1867 inspi-

2169 1793 2338 1848 πολλὰ
2369 1794 2426 1848 δὲ
2455 1765 2571 1864 ’τῆς
2610 1765 3024 1865 ἀπανθρωπίας⁷
3063 1792 3264 1857 αὐτοὺς
3306 1765 3404 1846 καὶ
3455 1765 3746 1864 ἀσελγείας

487 1887 698 1936 ratione
765 1899 1143 1956 Cougregatam
1199 1887 1435 1940 secundo
1494 1888 1759 1958 synodum
1819 1887 1874 1942 in
1927 1891 2062 1943 urbe

483 1974 663 2030 Nicaea
723 1975 985 2047 Bithynia:
1038 1979 1357 2046 metropoli;
1415 1994 1590 2048 neque
1629 1982 1829 2033 editam
1880 1981 1948 2034 ab
1997 1996 2062 2035 ea

485 2079 735 2122 recenter
768 2082 974 2120 sacram
1007 2069 1373 2122 deﬁnitionem
1396 2109 1410 2122 .
1441 2068 1770 2141 rectitudine
1801 2079 1854 2123 et
1876 2074 2037 2122 ortho

486 2158 648 2210 doxia
681 2160 930 2226 plenam,
969 2174 1086 2226 quae
1130 2160 1374 2228 ipsorum
1425 2162 1650 2213 auribus
1685 2161 1862 2216 adlmc
1906 2177 2059 2214 asso-

486 2261 579 2304 nat
614 2270 627 2305 :
656 2253 784 2318 quin
816 2253 979 2308 etiam
1012 2255 1368 2326 chirographa
1407 2271 1501 2309 sua
1537 2265 1588 2308 et
1621 2256 1850 2310 viviﬂcm
1884 2257 2062 2310 crucis

489 2353 662 2412 typus,
695 2345 890 2412 quibus
923 2347 970 2398 ei
1007 2348 1220 2400 decreto
1253 2348 1693 2414 subscripscrmt
1727 2347 1862 2418 (‘20),
1897 2348 2065 2400 alme-

488 2445 695 2500 gantcs.
734 2437 813 2488 lia:
841 2438 987 2489 nobis
1014 2427 1344 2502 proditarum,
1374 2438 1462 2490 sed
1487 2455 1582 2490 non
1608 2446 1756 2490 erant
1784 2454 1848 2490 ea:
1880 2439 2063 2500 nobis;

492 2540 614 2576 nam
643 2527 689 2576 si
720 2526 941 2592 fuissent
971 2543 1036 2580 ea:
1076 2527 1222 2580 nobis
1249 2565 1263 2588 ,
1306 2528 1570 2579 nobiscum
1605 2528 1784 2594 utique
1822 2543 2067 2592 permou-

491 2619 683 2671 sisseut
713 2615 847 2686 (98),
876 2620 1135 2668 clamaret
1165 2617 1267 2670 hoc
1295 2618 1411 2670 loco
1436 2617 1690 2669 divinitus
1722 2634 1854 2684 grau
1879 2618 1911 2670 li
1937 2631 2067 2671 vove

495 2711 622 2764 tuba
656 2709 956 2777 tlteoingize.
984 2706 1120 2772 Quid
1157 2709 1323 2776 ergo?
1349 2705 1582 2762 Necesse
1617 2707 1717 2760 fuit
1752 2711 1888 2772 illos,
1923 2719 2067 2777 post-

493 2817 652 2870 quam
681 2799 1073 2854 confessionem
1100 2800 1428 2868 abiecerant,
1452 2781 1642 2869 spiritu
1665 2816 1880 2869 quoque
1902 2816 2068 2854 sacra:

493 2891 768 2943 unctionis
797 2889 1053 2966 deinceps
1090 2888 1314 2956 privari,
1349 2889 1473 2958 quia
1517 2905 1622 2943 non
1667 2889 1867 2942 licebat
1898 2891 2065 2966 alme-

492 2983 744 3047 gantihus
771 2981 953 3040 (idem,
987 2996 1110 3033 cum
1144 2995 1250 3050 qua
1282 2980 1427 3034 uncti
1463 2979 1708 3045 fuerant,
1752 2969 2066 3034 lllllnt'riblls

2164 1885 2690 1956 καταμεμψάμενοι,
2724 1886 2803 1947 είς
2846 1883 3045 1938 ταυτὸν
3077 1885 3311 1948 ἐκείνοις
3336 1885 3436 1956 τῆς
3467 1885 3744 1950 ἀπωλείας

2168 1976 2627 2049 περιπεπτώκασι
2665 1975 2978 2047 βάραθρον·
3009 1977 3131 2028 οὐδὲ
3181 1975 3281 2047 τὴν
3322 1979 3386 2031 ἐκ
3443 1977 3591 2041 θείας
3621 1979 3744 2032 ὲπι-

2168 2067 2359 2129 πνοίας
2407 2066 2787 2134 κεκινημένην
2822 2065 2988 2133 ἁγίαν
3037 2065 3133 2118 καὶ
3174 2067 3378 2136 σεπτὴν
3431 2067 3490 2119 ὲν
3536 2068 3745 2139 Νικαια

2165 2157 2227 2211 τὸ
2255 2157 2513 2225 δεύτερον
2556 2156 2798 2222 σύνοδον,
2832 2158 2866 2226 ἢ
2911 2155 2971 2208 τὸ
3011 2153 3250 2227 προῦχον
3289 2159 3433 2211 κατὰ
3477 2159 3745 2226 Βιθυνοὺς

2167 2247 2384 2316 ἔλαχεν,
2421 2248 2469 2299 εἱ
2501 2247 2576 2316 μή
2617 2264 2670 2298 τι
2701 2247 2832 2301 ἄλλο
2866 2247 2976 2300 τῶν
3003 2248 3223 2301 πάντων
3253 2248 3617 2313 αἰδεσθέντες,
3650 2252 3746 2305 καὶ

2165 2339 2260 2391 τὸν
2287 2339 2418 2412 παρ’
2445 2339 2586 2409 αὐτῇ
2611 2341 2905 2410 ὲκπεφωνη
2917 2338 3073 2410 μένον
3100 2339 3240 2392 θεῖον
3261 2341 3410 2412 ὅρον,
3437 2344 3531 2397 καὶ
3563 2345 3746 2414 πάσης

2167 2431 2466 2501 εὐθύτητος
2517 2432 2613 2484 καὶ
2681 2430 2996 2499 ὀρθοδοξίας
3069 2432 3312 2506 γέμοντα
3359 2433 3584 2487 ἔναυλον
3643 2434 3744 2506 ήδη

2170 2524 2410 2594 ἔχοντες,
2445 2524 2541 2576 καὶ
2571 2523 2715 2575 οὕτω
2752 2523 2935 2576 πυκνά
2962 2525 3076 2585 τοῖς
3102 2523 3238 2576 ὠσὶν
3264 2525 3649 2595 ὲνηχούμενον,
3677 2526 3748 2579 τά

2170 2633 2228 2668 τε
2263 2618 2442 2668 οἰκεῖα
2473 2615 2822 2685 χειρόγραφα
2845 2614 3094 2678 καὶτοὺς
3124 2615 3332 2680 τύπους
3354 2617 3445 2670 τοῦ
3477 2616 3743 2682 ζωοποιοῦ

2172 2706 2433 2776 σταυροῦ,
2470 2705 2563 2768 οὒς
2591 2709 2647 2757 ἐν
2693 2705 2842 2776 αὐτῷ
2869 2708 3326 2778 κατεσημήναντο
3360 2709 3742 2778 ἐξομνύμενοι.

2182 2799 2278 2862 Ἐξ
2314 2797 2480 2866 ἡμῶν
2515 2797 2800 2864 ἐξῆλθον,
2833 2799 2974 2852 ἀλλ’
3006 2801 3118 2852 οὐκ
3152 2795 3314 2868 ἦσαν
3340 2800 3408 2863 ἐξ
3441 2798 3646 2868 ήμῶν-⁸
3691 2801 3746 2855 ει

2168 2893 2278 2959 γὰρ
2309 2886 2472 2956 ἦσαν
2499 2889 2566 2952 ἐξ
2599 2889 2787 2958 ἡμῶν,
2811 2890 3259 2959 μεμενήκεισαν
3285 2891 3364 2947 ἂν
3386 2891 3518 2960 μεθ’
3553 2891 3746 2960 ἡμῶν,

2170 2981 2316 3031 εἴποι
2351 2979 2415 3031 ἂν
2441 2979 2642 3041 ὲνθέως
2703 2979 3071 3048 ύποφωνοῦσα
3105 2982 3136 3049 ή
3168 2980 3407 3048 σάλπιγξ
3435 2982 3534 3052 τῆς
3559 2982 3748 3035 θεολο-

495 3072 766 3124 unctionis
799 3068 972 3140 fungi.
1019 3070 1521 3138 Quapropterjuste
1565 3069 1855 3122 admodum
1881 3109 1895 3132 ,
1929 3084 2064 3138 quo-

2171 3072 2297 3136 γίας
2346 3073 2378 3138 ἡ
2421 3069 2830 3138 μεγαλόφωνος.
2861 3071 2924 3123 Ti
2953 3067 3084 3136 05v;
3137 3071 3249 3124 ἔδει
3300 3071 3488 3126 λοιπὸν
3523 3073 3741 3136 αὐτοὺς,

497 3166 639 3216 uiam
675 3165 912 3231 ipsorum
957 3164 1310 3230 pertinaciam
1351 3173 1513 3231 atque
1538 3163 1895 3216 insanabilem
1931 3178 2066 3214 mor-

494 3255 619 3306 bum
656 3268 808 3306 sacra
839 3252 1090 3305 Ecclrsize
1112 3264 1434 3321 cognoverat
1464 3256 1698 3324 synodus
1727 3254 1900 3324 (same
1923 3255 2062 3305 enim

495 3345 569 3398 illi
608 3345 840 3412 obligata
879 3343 1002 3407 fide,
1045 3345 1203 3397 toties
1235 3352 1480 3397 sanctum
1521 3345 1781 3414 Spiritum
1812 3343 2068 3398 fefellisse

497 3436 730 3488 convicti
759 3438 916 3502 sunt)
938 3434 1101 3502 jusle,
1128 3435 1367 3502 inquam,
1396 3436 1702 3488 sacerdotio
1725 3449 1818 3487 eos
1839 3435 2066 3502 expulit,

496 3537 661 3596 atque
689 3526 837 3579 omni
868 3525 1186 3579 sacerdotali
1217 3525 1394 3579 oillcio
1427 3527 1728 3590 interdixit,
1763 3526 2069 3594 scriptoque

497 3617 889 3684 depositiouem
939 3617 1151 3670 illorqu
1182 3617 1481 3670 declaravit
1510 3657 1524 3680 ,
1574 3619 1769 3686 quippe
1800 3621 1888 3687 qui
1922 3633 1950 3670 a
1981 3633 2070 3670 ca-

497 3709 728 3763 uouibus
776 3710 944 3762 sacris
973 3709 1356 3762 discesserant.
1391 3709 1530 3776 Ergo
1565 3709 1710 3778 fungi
1745 3726 1868 3776 erga
1905 3711 2068 3762 Drnm

496 3801 801 3854 sacerdotio
832 3801 1124 3868 prohibiti,
1153 3801 1295 3854 circa
1346 3802 1521 3852 aulam
1567 3805 1768 3868 regiam
1817 3813 2070 3868 perpetuo

497 3903 809 3956 versantur,
862 3892 1042 3960 ibique
1093 3895 1362 3944 theatrum
1413 3892 1514 3944 sibi
1573 3903 1829 3960 tauquam
1887 3907 2072 3960 reapse

497 3982 696 4036 scenici
719 3994 1068 4050 paraverunt.
1086 3982 1158 4036 lhi
1176 3983 1468 4050 sacrilegos
1484 3997 1758 4050 vanosque
1776 3993 2072 4036 conventus

495 4074 810 4143 celebranti,
841 4075 912 4128 ibi
948 4076 1194 4128 dramata
1248 4075 1540 4144 impietatis
1577 4075 1732 4143 quasi
1764 4077 2070 4144 spectacula

497 4169 684 4233 edunt,
719 4178 772 4220 et
805 4181 890 4220 res
936 4168 1147 4220 divinas
1179 4166 1290 4220 lmli
1325 4168 1441 4219 loco
1471 4167 1708 4227 habent;
1737 4176 1790 4220 et
1819 4165 2073 4220 Servato-

498 4260 573 4311 ris
601 4259 844 4312 omnium
879 4257 1078 4310 Christi
1115 4260 1404 4309 httmanam
1441 4258 1638 4322 vitam,
1671 4258 1950 4310 commdim
1995 4258 2076 4310 ill-

496 4360 610 4404 star
643 4367 704 4403 ac
739 4351 844 4402 rittt
889 4349 1138 4402 theatrali
1174 4357 1565 4415 reprtesentare
1600 4363 1706 4401 non
1748 4349 2072 4414 exhorrent;

2171 3160 2364 3230 ὥσπερ
2394 3159 2492 3228 τὴν
2513 3161 2806 3229 ὁμολογίαν
2836 3161 3220 3224 ἁπεσείσαντο,
3247 3161 3424 3224 οὕτως
3440 3164 3748 3234 ἀμοιρῆσαι

2172 3253 2269 3304 καὶ
2314 3255 2414 3320 τῆς
2447 3251 2556 3311 ,τοῦ
2603 3251 2922 3320 Πνεύματος
2966 3251 3226 3320 χρίσεως,
3261 3251 3335 3314 ὡς
3369 3253 3470 3304 οὐκ
3494 3253 3615 3305 ἐνὸν
3644 3254 3744 3323 τὴν

2176 3345 2274 3412 μὲν
2338 3343 2526 3395 πίστιν
2585 3343 2703 3413 μεθ’
2747 3337 2814 3415 ἧς
2869 3342 3204 3413 ὲχρίσθησαν
3253 3343 3744 3412 παραγράφεσθαι,

2173 3438 2420 3505 ἐνεργεῖν
2467 3433 2523 3487 δὲ
2556 3437 2621 3486 τὰ
2649 3435 2749 3504 τῆς
2801 3434 3068 3504 χρίσεως·
3127 3432 3418 3503 τοιγαροῦν
3447 3434 3542 3486 καὶ¹
3596 3433 3748 3504 μάλα.

2172 3527 2477 3595 ὲνθέσμως,
2513 3526 2744 3595 ἐπείπερ
2768 3527 2828 3578 τὸ
2854 3525 3254 3596 ἁνεπίστροφον
3277 3526 3370 3578 καὶ
3392 3525 3746 3596 ἀνιάτρευτον

2174 3617 2354 3670 αὐτῶν
2402 3618 2500 3688 τῆς
2535 3617 2718 3680 νόσου,
2772 3619 2801 3670 ό
2848 3618 2994 3688 ίερδς
3041 3620 3140 3687 τῆς
3183 3616 3507 3683 Ἐκκλησίας
3534 3615 3745 3688 ἑώρακε

2176 3709 2434 3776 σύλλογος
2492 3708 2777 3777 (πολλάκις
2826 3709 2936 3782 γάρ
2965 3709 3027 3761 τὸ
3072 3708 3262 3762 πιστὸν
3319 3710 3524 3761 ἐκεῖνοι
3566 3725 3750 3778 παρα-

2177 3799 2396 3868 σχόντες
2431 3802 2498 3869 τῇ
2544 3799 2863 3870 Ἐκκλησία,
2896 3802 3229 3862 τοσαυτάκις
3257 3797 3336 3870 τῷ
3363 3800 3643 3870 Πνεύματι
3673 3798 3752 3870 τῷ

2177 3892 2318 3960 ἁγίῳ
2366 3890 2691 3959 ψευδόμενοι
2744 3889 3121 3960 διηλέγχοντο)
3169 3890 3596 3960 ἀποκηρύκτους
3652 3890 3753 3959 τῆς

2177 3984 2478 4054 ἱερωσύνης
2510 3983 2798 4051 πεποίηκε,
2823 3983 3002 4052 πάσης
3035 3983 3240 4044 αὐτοὺς
3266 3984 3572 4053 ἀπρακτεῖν
3606 3983 3754 4052 ἱερα-

2175 4076 2338 4145 τικῆς
2373 4075 2668 4146 καθορίσας
2713 4076 3117 4144 ἐγχειρήσεωςο
3158 4074 3442 4145 ἔγγραφόν
3469 4092 3527 4128 τε
3569 4073 3752 4128 αὐτῶν

2176 4169 2277 4238 τὴν
2305 4167 2634 4236 καθαίρεσιν
2655 4166 3166 4237 καταστησάμενος,
3189 4166 3265 4229 ὡς
3287 4167 3350 4236 δὴ
3374 4169 3439 4220 ἐκ
3456 4166 3566 4220 τῶν
3589 4165 3752 4238 ιερῶν

2177 4263 2420 4316 κανόνων
2446 4261 2790 4331 ὁρμώμενοι·
2822 4261 2945 4312 ἐπεὶ
2973 4258 3155 4312 τοίνυν
3179 4259 3272 4334 τοῦ
3309 4258 3610 4330 ἱερατεύειν
3633 4258 3754 4330 Θεῷ

2137 4348 2523 4418 ’ἐξώσθησαιη
2575 4348 2718 4402 κατὰ
2761 4347 2826 4418 δὴ
2877 4349 2948 4400 τὰ
3003 4347 3250 4418 βασίλεια
3300 4351 3752 4418 περιαγεὶρονται

498 4447 732 4514 novique
789 4443 1100 4498 testamenti
1151 4442 1504 4510 sanguinem,
1555 4457 1662 4510 quo
1716 4441 1934 4496 fuerunt
1985 4458 2064 4496 re-

2179 4442 2578 4510 συνεχέστατα,
2637 4440 2734 4492 καὶ
2792 4440 3000 4511 σκηνὴν
3069 4441 3285 4504 ἑαυτοῖς
3349 4437 3438 4495 οἷα
3501 4445 3754 4513 σκηνικοὶ

497 4535 724 4602 dempti,
744 4531 1029 4601 profanum
1051 4531 1404 4595 existimant;
1429 4539 1482 4584 et
1499 4532 1669 4585 sacris
1685 4532 2071 4588 incarnationis

437 4691 442 4694 _
496 4627 791 4694 symbolis,
843 4635 1013 4676 (nstro
1055 4624 1218 4676 veluti
1254 4625 1460 4678 erroris
1495 4625 1576 4678 sui
1610 4635 1662 4677 et
1700 4625 2068 4689 inﬁdelitatis,

498 4714 714 4783 perciti,
739 4713 942 4767 furiose
975 4715 1256 4768 insultant.

2177 4531 2678 4602 ἀποσχεδιάσαντες
2717 4531 3088 4602 ἀπετέμοντο·
3139 4533 3374 4586 ἐνταῦθα
3409 4533 3477 4586 τά
3516 4536 3616 4603 τῆς
3650 4551 3749 4587 πα·

2182 4624 2447 4696 ρανομίας
2487 4623 2584 4677 καὶ
2630 4624 2993 4694 ματαιότητος
3043 4624 3410 4694 συγκροτοῦσι
3471 4626 3752 4696 συνέδρια,

2181 4718 2308 4770 ἔνθα
2363 4717 2428 4786 δὴ
2479 4716 2550 4769 τὰ
2604 4717 2856 4786 δράματα
2907 4716 3007 4786 τῆς
3065 4715 3321 4778 ἀσεϐείας
3373 4716 3754 4779 ἐπιδεικτικῶς

496 4806 937 4876 ὲκπομπεύοιισι,
967 4809 1062 4860 καὶ
1090 4809 1158 4862 τά
1189 4823 1247 4858 τε
1281 4805 1399 4860 θεῖα
1431 4807 1712 4871 παίζουσι,
1741 4811 1839 4860 καὶ
1881 4808 1980 4878 τὴν
2025 4810 2119 4862 τοῦ
2161 4812 2380 4864 πάντων
2440 4811 2596 4880 ἡμῶν
2657 4810 2908 4880 Σωτῆρος
2951 4809 3192 4880 Χριστοῦ
3227 4809 3561 4880 οἰκονομίαν,
3595 4827 3755 4880 κωμ-

567 4963 612 4995 "
645 4963 662 5016 1
693 4961 852 5016 Joan.
886 4977 946 5023 tt,
983 4962 1063 5015 l9.

568 5142 701 5212 (IT)
727 5139 931 5194 Morem
967 5141 1130 5203 hunc,
1167 5149 1225 5194 ut
1261 5139 1381 5194 fidei
1425 5140 1709 5194 formulam
1748 5141 1798 5194 in
1847 5142 2065 5196 ordina-

499 5211 643 5268 tione
679 5229 774 5264 sua
808 5213 1102 5264 recitarent
1135 5211 1238 5282 (ut
1273 5226 1415 5264 nunc
1443 5213 1604 5264 etiam
1656 5212 1747 5281 lit)
1781 5214 1901 5264 novi
1957 5215 2074 5281 epi-

495 5285 668 5350 scopi,
723 5282 892 5336 habes
943 5285 1106 5336 etiam
1143 5286 1194 5335 in
1235 5296 1297 5332 ea
1345 5295 1516 5350 quam
1547 5282 1788 5334 recitavit
1822 5282 2077 5336 Nicolans

495 5348 696 5475 e'ec‘ttts
737 5355 1068 5476 p8atriarcha,
1114 5363 1173 5404 ut
1215 5351 1451 5404 diximus
1485 5348 1668 5418 Spicil.
1705 5351 1883 5414 liom.,
1931 5364 1970 5408 ι.
2007 5351 2071 5417 Χ,

495 5442 512 5476 ι
533 5441 601 5476 ne
629 5461 644 5476 .
672 5440 723 5476 n.
791 5463 805 5476 .

533 5426 644 5479 τινί.
672 5440 723 5479 n.
750 5426 805 5476 8.

495 5441 1044 5564 ιΓῗίίῖίἸ³ἰὶοοηίιιιιι
1087 5505 1196 5564 quo
1245 5505 1418 5564 novus
1461 5489 1852 5564 episcopnsab
1882 5492 2063 5564 archi-

495 5560 722 5619 dia'cnim
752 5566 962 5630 publice
996 5563 1370 5626 nuntiabatur,
1407 5560 1606 5630 legitur
1641 5563 1779 5629 apud
1809 5560 2065 5614 Goarium

497 5639 550 5689 in
579 5638 670 5687 Gr.
709 5629 816 5688 tlit.
837 5649 887 5702 p.
915 5632 1178 5688 302—504.
1203 5631 1307 5686 l'ar
1334 5633 1446 5684 fere
1483 5629 1596 5682 fieri
1631 5633 1848 5684 solitum
1878 5633 1929 5683 in
1967 5631 2068 5684 Ec-

496 5709 656 5761 clesia
685 5703 958 5759 Gallicana
987 5705 1234 5760 dedimus
1265 5717 1362 5756 nos
1398 5703 1451 5754 in
1501 5703 1776 5769 opusculis
1809 5715 1904 5754 \‘lll
1937 5715 1988 5757 et
2017 5718 2066 5755 Ix

2182 5147 2430 5199 monachi
2465 5145 2780 5206 Odoramni,
2813 5143 3024 5212 Spicil.,
3058 5151 3098 5200 t.
3128 5143 3220 5210 IX,
3249 5161 3303 5215 p.
3329 5146 3420 5209 87,
3451 5144 3540 5200 89.

2255 5216 2366 5285 (l9)
2413 5216 2678 5270 Nimirum
2712 5215 2766 5268 in
2803 5216 3239 5284 praecedentibus
3279 5217 3530 5286 synodis,
3559 5216 3756 5286 quibus

2184 5289 2642 5354 Slll)S('l'ipS€ralll.

2255 5356 2368 5424 (20)
2416 5358 2487 5409 De
2519 5357 2621 5410 hoc
2666 5367 2820 5407 more
2869 5354 3214 5422 przeponendi
3260 5370 3477 5409 crucem
3519 5355 3574 5409 in
3623 5357 3757 5411 suha

2184 5427 2576 5492 scriptionihus
2615 5438 2996 5491 episcoporum
3045 5425 3280 5479 diximus
3325 5441 3377 5493 p.
3425 5424 3482 5488 6,
3520 5427 3576 5478 in
3626 5431 3754 5478 adn.

2175 5496 2286 5549 Nos
2318 5512 2445 5548 vero
2479 5498 2644 5548 etiam
2676 5495 3103 5562 chirographas.
3140 5497 3192 5549 id
3227 5505 3308 5549 est
3347 5497 3710 5563 autographas
3736 5533 3754 5559 ,

2177 5565 2698 5688 synodilq’ujusdam
2746 5563 3061 5632 Byzantina:
3106 5581 3214 5622 tere
3257 5565 3506 5620 cudimus
3558 5565 3752 5632 Script.

2179 5649 2275 5688 ret.
2313 5648 2348 5688 t.
2459 5677 2474 5688 .

2179 5649 2275 5690 t'el.
2313 5648 2348 5691 ι.
2389 5648 2474 5690 IV.

3636 317 3810 382 ΜΒ.
