4130 6332
311 379 417 445 549

1158 380 1731 446 AFOLOGETICUS
1770 357 1919 446 PRD
1958 388 2230 448 SACRIS
2272 389 2754 448 IMAGINIBUS.

3469 393 3572 458 550

310 497 474 572 ῳδίαν
508 493 1062 566 δραματουργοῦντες
1103 495 1412 565 θεατρικῶς
1466 499 1527 550 ού
1583 503 2054 571 καταπεφρίκασι,
2119 503 2182 556 τό
2203 520 2264 556 τε
2299 499 2440 574 αἷμα
2481 505 2583 574 τῆς
2622 507 2818 576 καινῆς
2878 505 3146 576 διαθήκης
3187 507 3254 560 δι’
3285 502 3345 563 οῦ
3379 508 3570 578 ἐξηγο-

317 588 600 663 ράσθησαν
624 587 806 684 κοινὸν
838 587 1208 684 ἡγησάμενοι,
1233 591 1329 684 καὶ
1355 591 1467 645 τῶν
1502 593 1666 664 ίερῶν
1683 593 1890 665 ταύτης
1932 596 2241 684 συμϐόλων,
2275 592 2362 652 οἷα
2415 599 2774 669 βακχεύοντες
2800 602 2876 664 ὡς
2943 604 3007 654 ἐκ
3042 602 3213 672 μέθης
3228 604 3327 674 τῆς
3353 604 3570 674 ἀπάτης

313 684 409 737 καὶ
440 681 726 745 ἀπιστίας,
774 681 1022 752 μανικῶς
1043 683 1492 753 κατορχούμενοι.

383 774 452 838 ζ’.
500 773 653 825 Ἐπεὶ
699 767 793 826 οὖν
843 771 1064 826 ἀσεϐεῖν
1093 773 1295 836 αὐτοὺς
1337 773 1446 826 ἔδει
1491 777 1586 829 καὶ
1617 775 1762 847 λόγῳ
1803 779 1888 831 καὶ

2074 781 2231 861 155
2265 783 2318 836 7.
2363 781 2499 848 Quia
2551 785 2716 854 igitur
2759 785 2926 839 v’elbo
2961 794 3012 838 et
3039 800 3201 854 Opere
3248 789 3392 854 ipsos
3439 804 3568 858 pee-

315 865 630 936 πράγματι,
676 865 777 917 ὅσα
831 863 934 934 μὲν
984 865 1169 930 αὐτοῖς
1223 864 1416 934 αίρετά
1463 866 1534 918 τὰ
1565 868 1702 936 πρὸς
1753 868 1887 922 Θεδν
1931 935 1933 939 ι

315 955 594 1016 ἁθετοῦσι,
635 957 701 1024 τῇ
735 953 962 1026 γλώσσῃ
991 955 1440 1020 ἀσελγαίνουσιν·
1469 958 1570 1010 ὅσα
1593 957 1650 1010 δὲ
1688 957 1889 1012 δυνατά

315 1047 566 1118 βεϐήλοις
595 1047 756 1117 χερσὶ
777 1047 846 1101 τά
869 1049 1004 1116 ἀγια
1029 1047 1372 1118 χραίνουσιψ
1400 1047 1545 1101 οὕτω
1573 1048 1680 1121 γάρ
1701 1051 1887 1114 αὐτοῖς

309 1139 630 1212 ῆέοτέρωθεν
651 1139 684 1210 ἢ
710 1137 1131 1209 ἐκατέρωθεν,ῆ
1153 1139 1234 1191 ἑνί
1263 1156 1328 1207 γε
1355 1139 1435 1210 τῷ
1461 1142 1647 1212 τρόπῳ
1663 1143 1886 1206 πάντως

313 1230 377 1283 τὸ
400 1230 808 1300 ἐξαμαρτάνειν
839 1229 1314 1300 περισπούδαστον
1331 1247 1344 1262 ·
1363 1230 1455 1284 διὰ
1475 1231 1653 1288 ταῦτα
1673 1233 1767 1286 ἐπὶ⁵
1786 1231 1885 1304 τὴν

321 1318 654 1388 Ἐκκλησίαν
689 1318 783 1372 τοῦ
813 1319 1052 1388 Χριστοῦ
1088 1321 1712 1390 κατεπανουργεύσαντο
1736 1321 1880 1390 γνώ-

313 1425 442 1480 μην,
457 1411 552 1462 καὶ
564 1410 978 1474 ἐϐουλεύσαντο,
996 1409 1200 1481 μᾶλλον
1216 1409 1273 1463 δὲ
1287 1428 1418 1464 κατε
1426 1411 1720 1482 πράξαντο,
1737 1414 1878 1467 κατά

307 1501 418 1554 τῶν
448 1501 622 1570 ἁγίων
645 1503 815 1556 αὐτοῦ
839 1519 852 1532 ·
887 1503 962 1566 ὡς
996 1503 1132 1558 πολὺ
1159 1503 1219 1556 τὸ
1249 1504 1450 1576 πλῆθος
1477 1505 1577 1574 τῆς
1608 1505 1702 1558 τοῦ
1741 1505 1880 1559 Θεοῦ

311 1592 701 1662 μακροθυμίας
721 1593 818 1646 καί⁵
843 1593 946 1662 τῆς
976 1594 1182 1663 ἀνοχῆς
1205 1597 1300 1648 καὶ
1333 1595 1731 1666 χρηστότητος’
1763 1594 1880 1658 πῶς

307 1683 406 1754 τὴν
427 1683 620 1736 κτίσιν
652 1683 950 1752 μαιμῶσαν
973 1686 1066 1738 καὶ
1092 1685 1402 1756 βρέμουσαν
1426 1686 1536 1740 τῶν
1566 1687 1881 1757 Χριστομα-

309 1773 554 1846 χούντων
597 1773 878 1839 ἐπεξιέναι
935 1774 1034 1845 τὴν
1085 1776 1316 1844 τόλμαν,
1371 1776 1612 1846 πεδήσας
1644 1777 1746 1829 οὐκ
1789 1779 1880 1844 ἡν-

309 1868 542 1936 έσχετος
584 1866 704 1930 πῶς
734 1865 929 1918 παθεῖν
954 1864 990 1918 ἃ.
1024 1863 1219 1926 παθεῖν
1267 1866 1508 1927 δίκαιον,
1539 1867 1608 1920 τὰ
1639 1868 1878 1936 στοιχεῖα

303 1955 374 2009 τά
429 1957 772 2026 περικόσμια
843 1955 1110 2025 οὐδαμῶς.
1163 1955 1543 2026 συνεχώρησες
1597 1956 1658 2009 τὸ
1725 1956 1876 2019 τόξον

306 2047 626 2109 ἐντείνεται,
645 2047 740 2099 καὶ
758 2046 1073 2114 κατέχεται,
1095 2045 1127 2098 ὃ
1149 2048 1261 2108 τοῖς
1289 2045 1384 2098 τοῦ
1421 2045 1654 2099 θανάτου
1685 2045 1877 2098 σκεύε-

305 2155 392 2192 σιν
449 2140 838 2210 ἐτοιμάζεται;
874 2141 908 2208 ἡ
959 2137 1278 2208 τεθηγμένη
1348 2138 1444 2190 καὶ
1490 2139 1876 2206 ἀστράπτουσα

307 2231 574 2300 μάχαιρα,
610 2231 706 2282 καὶ
753 2229 823 2280 τά
865 2229 1177 2300 ἠκονημένα
1215 2229 1343 2298 βέλη
1384 2229 1460 2292 ὡς
1509 2230 1602 2298 ἀφ’
1647 2230 1876 2299 αἵματος

302 2323 412 2375 τῶν
442 2322 656 2374 ἀσεϐῶν
687 2320 1144 2390 μιθυσθησόμενα
1172 2321 1268 2373 καὶ
1301 2319 1747 2388 πλησθησόμενα,
1777 2320 1876 2371 οὐκ

304 2409 634 2476 ἐπαφίεταις
673 2404 739 2460 οῖ’
767 2407 1058 2478 φωστῆρες
1100 2407 1161 2460 τὸ
1205 2407 1322 2476 φῶς
1369 2409 1429 2460 ού
1471 2407 1873 2467 συστέλλονται,

255 2538 265 2546 ,
303 2496 426 2548 οὐδὲ
456 2496 550 2548 τὸν
582 2496 785 2566 δρόμον
833 2497 1146 2565 ἐπέχονται,
1177 2497 1295 2550 ἀλλ’
1327 2498 1431 2551 ὑπὸ
1474 2499 1572 2566 τῆς
1605 2497 1700 2550 τοῦ
1739 2497 1874 2550 Θεοῦ

303 2588 719 2658 φιλανθρωπίας
753 2587 848 2658 καὶ
895 2589 1265 2665 χρηστότητος
1311 2591 1706 2659 ταμιευόμενα,
1749 2591 1874 2643 οὔτε

303 2677 547 2748 βελτίους
569 2678 696 2740 τοὺς
714 2677 958 2747 ἠλιθίους
989 2681 1305 2749 ἐργάζεται,
1327 2680 1460 2734 ὀὔτε
1482 2683 1562 2744 είς
1587 2684 1876 2752 συναίσθη⁹

303 2784 388 2820 σιν
417 2767 527 2819 τῶν
573 2767 944 2838 τολμωμένων
981 2769 1128 2837 ἄγει,
1175 2771 1400 2842 ἀφορμὴ
1437 2773 1494 2826 δέ
1542 2773 1744 2844 μᾶλλον
1777 2775 1873 2827 καὶ⁸

303 2855 564 2920 ὑπόθεσις
587 2856 680 2910 τοῦ
705 2857 839 2928 δρᾷν
871 2859 1104 2922 ἀνοσίως
1129 2861 1411 2928 ἐγγίνεται
1428 2875 1443 2891 ⁸
1465 2863 1517 2915 τί
1539 2863 1634 2916 οῦν
1651 2880 1735 2926 τις
1763 2863 1871 2916 τῶν

299 2947 613 3018 ἐχεφρόνων
659 2950 752 3000 καὶ
800 2950 925 3002 νοῦν
973 2949 1230 3027 ἐχόντων,
1285 2952 1346 3004 τὸ
1391 2951 1552 3006 ἄθεον
1587 2955 1873 3024 σύνταγμα

299 3042 462 3094 τοῦτο
490 3041 780 3105 καλέσειε;
817 3041 870 3094 τί
915 3041 972 3094 δὲ
1007 3043 1140 3096 ἀλλο
1181 3059 1270 3111 γε,
1303 3044 1334 3114 ἢ
1366 3044 1428 3097 τὸ
1475 3046 1699 3114 Καῖάφα
1741 3065 1869 3100 συν-

301 3131 360 3184 ιδ
367 3148 501 3200 ριον.
527 3132 624 3184 κοιλ⁵
647 3130 736 3182 τὸν
756 3130 928 3185 πάλαι
945 3133 1092 3186 κατὰ
1113 3133 1351 3203 Χριστοῦ
1389 3135 1678 3190 Ἰουδαϊκὸν
1697 3137 1869 3208 δῆμον

303 3223 665 3292 μαινόμενον;
725 3224 820 3275 καὶ
854 3223 950 3276 νῦν
992 3223 1102 3294 γὰρ
1151 3226 1477 3292 ’Ἄρχοντες
1515 3227 1680 3280 λαῶν
1715 3243 1868 3282 συν-

298 3311 600 3380 ήχθησαν,
620 3314 769 3368 κατὰ
795 3313 899 3366 τοῦ
919 3315 1140 3382 Κυρίου
1167 3314 1266 3369 καὶ
1296 3317 1447 3370 κατὰ
1476 3317 1584 3370 τοῦ
1606 3319 1868 3386 Χριστοῦ

1874 3393 1890 3412 ι

300 3404 506 3458 αὐτοῦ.
538 3405 708 3459 Πάλιν
743 3407 908 3475 ίερεῖς
942 3409 1038 3460 καὶ⁹
1072 3409 1430 3478 Γραμματεῖς
1460 3411 1560 3463 καὶ
1580 3412 1866 3482 Φαρισαῖοι

230 3505 240 3514 ’
301 3497 396 3548 καὶ
431 3496 565 3551 ἄλλα
597 3496 904 3566 συμϐούλια
956 3499 1042 3567 ἐφ’
1073 3499 1290 3570 ὁμοίαις
1329 3503 1451 3564 ταῖς
1479 3502 1864 3572 ἐγχειρήσεσι·

300 3585 462 3640 πάλιν
490 3589 730 3660 Χριστὸς
753 3588 1147 3660 καθυϐρίζεται
1176 3592 1269 3645 καὶ
1298 3593 1620 3662 μαστίζεται
1639 3604 1656 3621 ⁶
1679 3593 1867 3665 ὥσπερ

297 3677 360 3732 τὸ
391 3679 740 3751 πρότερονέν
766 3682 932 3752 σαρκὶ
957 3682 1217 3752 πεφηνὼς
1244 3685 1274 3746 ό
1295 3683 1704 3752 φιλάνθρωπος,
1725 3684 1869 3738 οὕτω

297 3771 395 3824 καὶ
416 3770 513 3824 νῦν
545 3775 610 3825 ἐν
636 3774 806 3826 εικόνι
839 3775 1248 3846 τυπούμενος“ό
1272 3775 1650 3846 ιμακρόθυμος.

367 3863 437 3930 η’.
471 3861 788 3914 Σκοπείσθω
813 3843 926 3934 γάρ
961 3843 1208 3934 ἀκριϐῶς
1243 3843 1302 3917 τε
1327 3843 1426 3918 ’καὶ
1446 3843 1863 3934 ἐμμελέστατα,

293 3948 378 4004 ὅτι
403 3947 635 4003 καθόσον
667 3950 762 4004 νῦν
785 3952 852 4004 τά
878 3953 1213 4024 ὑϐριζόμενά
1240 3969 1301 4005 τε
1332 3953 1428 4007 καὶ
1454 3947 1865 4024 καθαιρούμενα

292 4042 695 4111 χαρακτηρίζει
735 4045 828 4096 τὸν
862 4045 1089 4116 Κύριον,
1125 4045 1550 4098 κατά·τοσοῦτον
1579 4046 1674 4098 καὶ
1710 4045 1864 4099 αὐτοὶ

289 4133 418 4194 τοὺς
485 4135 915 4204 σταυρώσαντας
965 4136 1289 4200 Ἰουδαίους,
1346 4137 1440 4189 καὶ
1487 4135 1586 4207 τὴν
1639 4137 1863 4190 ἐκείνων

295 4225 610 4292 μιαιφονίαν
651 4241 714 4277 πε
728 4227 966 4296 ριφανῶς
997 4229 1354 4292 εἰκονίζουσιν
1373 4244 1388 4258 ·
1421 4228 1497 4290 ὡς
1526 4229 1636 4298 γάρ
1663 4229 1860 4281 ἐκεῖνοι

288 4317 384 4368 τὸν
427 4319 776 4386 Δημιουργὺν
809 4319 1019 4372 ἀνελεῖν
1065 4321 1245 4373 πάντα.
1278 4321 1476 4390 τρόπον
1506 4321 1863 4391 ἐκμηχανῶν-

288 4423 402 4473 ται,
434 4407 580 4461 οὕτω
611 4410 707 4462 καὶ
759 4407 906 4464 οὗτοι
942 4413 1009 4465 τὰ
1047 4415 1262 4466 ἐκείνου
1295 4414 1735 4484 ἀπεικονίσμοιτα
1769 4413 1859 4478 ἐξ·

287 4495 600 4564 ἀφανίζειν,
633 4499 814 4550 πᾶσαν
845 4502 1086 4571 σπουδὴν
1123 4503 1402 4557 τίθενται’
1437 4505 1633 4574 ἐπίσης
1669 4522 1860 4573 τοιγα-

290 4584 420 4656 ροῦν
449 4589 535 4638 ἐπ’
581 4588 786 4658 ἀμφοῖν
835 4591 906 4644 τά
939 4592 1039 4661 τῆς
1073 4595 1358 4664 μιμήσεως
1388 4595 1710 4662 ἀκραιφνῶς
1743 4595 1860 4650 δια-

285 4675 596 4730 δείκνυταιο
663 4679 740 4741 ὡς
809 4679 944 4748 γοῦν
1001 4682 1095 4734 ἐπὶ
1155 4685 1269 4746 τοῖς
1332 4685 1554 4753 ἀνόμοις
1629 4686 1858 4749 ἐκείνοις

1991 886 2116 928 care
2165 871 2487 939 oportebat,
2537 889 2870 940 quaecunque
2929 875 3011 928 his
3058 877 3336 945 sacrilegis
3393 877 3560 931 libera

1990 971 2150 1025 sunt,
2185 961 2365 1031 lingua
2414 961 2685 1027 illudunt;
2731 978 3065 1030 qumcunque
3114 980 3242 1017 vero
3284 967 3382 1017 sub
3415 976 3567 1033 pote-

1986 1061 2185 1107 statem
2232 1053 2432 1104 cadunt
2455 1091 2470 1115 ,
2500 1049 2740 1117 profanis
2771 1051 3024 1104 manibus
3054 1063 3243 1105 sancta
3296 1053 3562 1120 polluunt.

1989 1143 2080 1196 Sic
2111 1143 2256 1196 enim
2311 1142 2394 1195 vel
2443 1143 2704 1196 alterutro
2736 1141 2819 1194 vel
2852 1151 3082 1210 utroque
3103 1185 3118 1208 ,
3163 1145 3565 1198 studiosissime

1985 1242 2232 1302 peccant.
2267 1233 2556 1302 Propterea
2587 1233 2846 1284 adversus
2870 1233 3072 1285 Christi
3103 1231 3400 1288 Ecclesium
3431 1251 3563 1288 con-

1985 1325 2164 1378 silium
2223 1325 2528 1393 improbum
2582 1324 2856 1386 inierunt,
2918 1334 2972 1377 ct
3029 1323 3422 1388 coniurarunt,
3479 1326 3564 1377 vel

1985 1415 2163 1483 potius
2203 1413 2463 1482 impetum
2511 1415 2772 1468 adversus
2805 1425 3023 1468 sanctos
3065 1415 3182 1481 ejus
3216 1415 3479 1470 fecerunt.
3517 1417 3562 1468 0

1984 1503 2414 1574 longanimitatis
2443 1504 2878 1567 exuberantiam,
2921 1514 2975 1558 et
3004 1505 3278 1573 patientia:
3311 1520 3374 1558 ac
3411 1505 3564 1558 beni-

1982 1595 2205 1665 gnitatis
2253 1595 2380 1648 Dei!
2439 1593 2550 1648 Cur
2598 1606 2904 1648 creaturam
2965 1594 3284 1650 frementem
3335 1597 3559 1666 jamque

1984 1693 2230 1740 ruentem
2297 1685 2560 1738 adversus
2626 1683 3166 1740 Christomachornm
3237 1687 3556 1748 audaciam,

1980 1777 2136 1832 freno
2195 1777 2454 1832 retinnit?
2507 1776 2616 1829 Cur
2673 1778 2892 1846 dignum
2947 1787 3134 1830 contra
3191 1779 3290 1831 hos
3339 1794 3556 1832 sensum

1979 1868 2269 1923 mundanis
2301 1867 2582 1920 clementis
2631 1883 2848 1922 sumere
2907 1884 3014 1921 non
3055 1869 3338 1939 permisit?
3385 1871 3558 1946 Arcus

1981 1959 2296 2022 intenditur,
2329 1967 2383 2012 et
2418 1972 2542 2010 mox
2576 1957 2895 2020 remittitur,
2949 1960 3039 2026 qui
3077 1961 3335 2012 adversus
3365 1975 3555 2014 necem

1981 2060 2249 2105 merentes
2283 2059 2506 2118 paratus
2535 2049 2651 2102 cst!
2691 2047 2823 2102 llem
2873 2047 3153 2117 fulgurans
3181 2049 3340 2118 gladii
3377 2051 3554 2113 acies.

1979 2154 2034 2198 et
2073 2151 2319 2196 exacutte
2368 2140 2581 2204 sagittae
2625 2141 2910 2208 impiorum
2965 2142 3229 2210 sanguine
3277 2157 3398 2194 mox
3441 2143 3556 2196 ine-

1979 2234 2220 2288 briauda:
2245 2247 2306 2286 ac
2334 2231 2638 2300 replendte,
2670 2246 2774 2284 non
2805 2231 3088 2284 vibrantur
3114 2234 3126 2284 ί
3167 2231 3344 2285 Stelhe
3374 2233 3551 2285 lumen

1979 2340 2135 2380 suum
2179 2339 2286 2377 non
2343 2322 2706 2383 subtrahunt,
2766 2337 2940 2389 neque
2985 2337 3204 2376 cursum
3261 2323 3550 2376 cohibenti

1980 2414 2179 2469 Verum
2216 2415 2332 2468 haec
2361 2414 2543 2468 omnia
2596 2429 2624 2466 a
2678 2412 2768 2468 Dei
2809 2428 2935 2480 erga
2991 2413 3238 2466 homines
3283 2413 3552 2466 charitate

1977 2523 2042 2562 ac
2067 2505 2404 2574 benignitate
2433 2505 2524 2559 ditt
2560 2505 2750 2572 dilata,
2785 2519 2960 2572 neque
2989 2504 3214 2558 stolidos
3241 2504 3340 2556 hos
3369 2517 3553 2557 emen-

1975 2597 2126 2658 dant,
2155 2609 2326 2662 neque
2351 2596 2418 2648 ad
2447 2594 2713 2648 scelerum
2745 2609 2967 2647 suorum
2995 2609 3212 2648 sensum
3241 2593 3548 2659 impellunt.

1975 2687 2068 2742 sed
2115 2687 2459 2740 occasionem
2510 2686 2690 2754 potius
2744 2693 2908 2752 atque
2963 2687 3245 2737 materiam
3293 2685 3548 2752 peccandi

1975 2775 2307 2828 ministrant.
2341 2774 2458 2839 Quo
2506 2787 2634 2842 ergo
2661 2773 2782 2841 quis
2813 2773 3030 2825 nomine
3051 2808 3066 2834 ,
3105 2771 3394 2824 dummodo
3424 2785 3548 2823 cor-

1973 2864 2133 2918 datus
2188 2863 2258 2916 sit
2297 2873 2350 2916 et
2392 2877 2521 2914 sana
2567 2871 2748 2914 mente
2797 2861 3095 2928 praeditus,
3145 2859 3367 2913 atheutn
3407 2860 3550 2912 hunc

1972 2963 2301 3009 conventum
2327 2952 2442 3019 (2|)
2496 2941 2775 3020 tlesignet?
2809 2951 2926 3016 Quo
2969 2949 3109 3014 alio,
3154 2949 3402 3018 inquam,
3441 2948 3547 3003 nisi

1971 3057 2029 3099 ut
2060 3044 2280 3114 Caiphae
2306 3045 2620 3116 synedrinm
2652 3085 2666 3108 ,
2709 3053 2765 3098 et
2791 3042 3072 3098 Judaicam
3105 3045 3364 3095 adversus
3393 3041 3550 3094 Chri-

1970 3149 2112 3193 stum
2155 3135 2356 3190 -fnrore
2410 3135 2538 3189 olim
2581 3133 2861 3189 cﬂ‘eratam
2918 3133 3171 3187 turbam?
3223 3131 3355 3185 Nam
3406 3145 3546 3184 nunc

1970 3230 2133 3284 etiam
2195 3227 2555 3284 Convenerunt
2608 3225 2922 3294 populorum
2972 3225 3234 3291 principes
3295 3219 3543 3296 adversus

1974 3319 2256 3373 Dominum
2290 3327 2341 3371 et
2391 3317 2642 3370 adversus
2694 3315 2961 3368 Christum
3007 3314 3120 3382 ejus
3149 3314 3216 3367 ’³.
3255 3311 3332 3365 En
3371 3314 3547 3364 denuo

1970 3411 2283 3465 sacerdotes
2334 3417 2388 3463 et
2429 3407 2630 3462 Scriba:
2679 3420 2743 3460 ac
2795 3404 3086 3466 l-harisazi;
3136 3419 3202 3456 en
3240 3418 3428 3455 rursus
3479 3403 3548 3454 de

1975 3503 2162 3558 eodem
2204 3509 2530 3570 argumento
2574 3497 3002 3553 consultationes
3038 3514 3050 3549 :
3090 3496 3264 3550 denuo
3297 3495 3545 3548 (.hristns

1976 3591 2218 3647 illuditur
2243 3599 2298 3644 et
2339 3588 2658 3657 ﬂagellatur,
2692 3588 2834 3641 sicut
2863 3585 2994 3641 olim
3039 3579 3096 3638 in
3132 3599 3296 3637 carne
3351 3583 3543 3636 ιὶεἱὺιιί

1976 3684 2207 3753 benigne
2242 3696 2300 3735 se
2343 3696 2574 3751 gerens,
2605 3681 2677 3734 ita
2715 3693 2860 3734 nunc
2889 3679 3053 3732 etiam
3087 3678 3140 3730 in
3173 3677 3408 3744 imagine
3461 3693 3545 3728 re-

1974 3781 2333 3844 prtcsentatns
2360 3773 2450 3825 diu
2481 3771 2706 3824 nmltum
2739 3771 3052 3840 patientiam
3093 3769 3356 3823 retinens.

2043 3865 2097 3919 8.
2139 3863 2308 3916 Porro
2356 3871 2612 3918 accurate
2663 3875 2983 3932 summaque
3025 3860 3325 3913 attentione
3355 3859 3542 3911 obser-

1972 3955 2205 4008 vandum
2243 3961 2326 4008 est
2351 3993 2367 4018 ,
2404 3953 2546 4020 quod
2595 3966 2788 4020 nempe
2816 3959 3077 4020 quantum
3113 3949 3284 4002 illuvre
3313 3963 3452 4001 nunc
3477 3963 3542 4000 ae

1969 4046 2327 4118 pessumdata:
2373 4044 2668 4110 imagines,
2714 4043 2940 4096 formam
2999 4041 3204 4095 Domini
3250 4041 3538 4102 exhibent,

1973 4149 2178 4194 tantum
2211 4150 2262 4192 et
2292 4137 2388 4206 ipsi
2415 4135 2758 4192 lconomachi
2781 4134 2991 4189 .lud:ros
3012 4135 3137 4187 olim
3165 4132 3536 4196 erucilixorcs,

1969 4240 2022 4286 et
2066 4231 2276 4283 illorum
2325 4227 2537 4283 facinus
2579 4229 2971 4281 internecirtnn
3019 4227 3303 4280 manifeste
3334 4239 3536 4292 reprae-

1969 4329 2202 4375 sentant.
2252 4318 2493 4387 Namque
2525 4326 2582 4370 ut
2624 4315 2794 4370 Jtnla-i
2838 4315 3148 4371 Creatorem
3183 4314 3306 4368 totis
3334 4313 3539 4366 viribus

1967 4411 2238 4482 perimere
2267 4409 2476 4464 connisi
2511 4417 2670 4471 sunt,
2705 4409 2776 4461 ita
2826 4417 2877 4460 et
2927 4407 2976 4460 hi
3011 4407 3194 4461 icones
3223 4407 3340 4474 ejus
3389 4404 3535 4458 omni

1966 4519 2067 4572 ope
2098 4501 2280 4556 delere
2309 4502 2546 4554 student.
2586 4501 2819 4566 Apparet
2847 4498 3009 4566 igitur
3051 4497 3104 4549 in
3135 4497 3376 4564 uirisque
3406 4508 3534 4563 per-

1967 4594 2120 4648 fecta:
2152 4593 2470 4646 imitationis
2497 4593 2694 4656 imago.
2734 4589 2874 4656 Ergo
2907 4596 2962 4641 ut
2991 4587 3199 4642 illorum
3226 4585 3532 4639 facinorum

1967 4700 2063 4753 par
2090 4684 2228 4737 ratio
2262 4683 2617 4750 conspicitur,
2651 4681 2730 4735 sic
2763 4681 2925 4732 etiam
2961 4693 3314 4748 personarum
3347 4675 3531 4727 volun-

284 4766 600 4837 τολμήμασι
647 4769 710 4822 τὸ
747 4771 986 4841 ἐμφανὲς
1034 4773 1136 4844 ήδη
1196 4775 1664 4846 συντεθεώρηται,
1717 4777 1860 4830 οῦτω

1975 4787 2242 4844 ratumque
2267 4773 2552 4842 qualitates
2576 4784 2946 4825 consentaneae
2971 4770 3315 4823 videbuntur.
3345 4765 3530 4834 Neque

283 4855 350 4924 δή
387 4874 488 4910 που
521 4859 616 4912 καὶ
643 4859 754 4913 τῶν
779 4861 1087 4931 προσώπων
1111 4868 1206 4916 καὶ
1227 4864 1336 4917 τῶν
1362 4865 1597 4934 γνωμῶν
1624 4869 1678 4919 αἱ
1709 4868 1858 4919 ποιό-

281 4962 470 5016 τητες,
501 4949 790 5004 ἀκόλουθοι
815 4957 1359 5026 συναναφανήσονται
1379 4973 1394 4990 ο
1438 4958 1532 5010 καὶ
1555 4959 1656 5010 οὐκ
1687 4958 1751 5010 ἄν
1775 4976 1857 5022 τις

279 5037 454 5090 ταῦτα
485 5040 693 5109 ἑτέρως
732 5041 878 5113 ἔχειν
923 5045 1128 5115 οἰηθεὶς
1177 5047 1437 5115 κρίνειεν,
1485 5047 1644 5119 εἴπερ
1691 5049 1857 5120 ὀρθὴν

287 5127 386 5182 καὶ
421 5127 788 5202 ἀδιάστροφον
815 5135 924 5188 τῶν
949 5138 1295 5208 πραγμάτων
1319 5137 1419 5208 τὴν
1439 5137 1622 5208 κρίσιν
1653 5139 1857 5208 κέκτη-

278 5235 396 5282 ται,
431 5223 522 5275 καὶ
550 5223 640 5276 τὸν
667 5214 928 5296 λογισμὸν
961 5227 1276 5299 ἐρρωμένον
1292 5229 1437 5298 ἔχειν
1457 5229 1817 5283 πεπίστευται
1839 5246 1851 5260 °

277 5311 342 5368 τὺ
380 5313 491 5384 γὰρ
523 5316 904 5388 ἀπαραίτητον
930 5322 958 5371 ὁ
989 5319 1146 5388 λόγος
1173 5320 1306 5386 ἕξει,
1345 5323 1498 5374 πᾶσα
1539 5322 1774 5392 ἀνάγκη,
1807 5323 1860 5374 εἴ

349 5487 396 5520 ’³
441 5485 578 5542 l’sal.
619 5505 678 5555 ιι,
709 5491 762 5543 2.

1965 4879 2096 4918 vero
2138 4865 2423 4932 quisquam
2471 4861 2586 4914 bare
2621 4861 2779 4914 aliter
2813 4874 2870 4913 se
2913 4857 3112 4912 habere
3141 4853 3442 4924 iudicabit,
3485 4855 3529 4908 si

1965 4955 2124 5008 modo
2178 4963 2324 5008 recta
2386 4963 2440 5006 et.
2499 4967 2607 5005 non
2677 4952 2901 5003 distorta
2967 4965 3144 5004 rerum
3199 4949 3529 5002 discretione

1967 5045 2169 5114 pollet,
2209 5053 2264 5098 et
2323 5059 2454 5096 sana
2505 5051 2686 5095 mente
2727 5041 2982 5109 prtedittts
3029 5041 3287 5092 creditur.
3341 5035 3528 5089 Oratio

1965 5136 2108 5188 enim
2136 5136 2273 5190 hanc
2306 5132 2525 5186 habebit
2551 5131 2842 5186 inevitabili
2873 5133 3192 5188 necessitate
3223 5127 3524 5182 conclusio-

1964 5241 2121 5288 nem;
2156 5225 2200 5279 si
2253 5234 2400 5278 certe
2438 5239 2623 5275 verum
2667 5234 2769 5286 est,
2799 5222 2960 5276 verba
2991 5236 3212 5291 operum
3242 5232 3362 5270 esse
3392 5230 3520 5268 con-

1963 5326 2236 5372 sectanca.
2279 5314 2404 5370 llaec
2449 5315 2580 5369 satis
2625 5315 2690 5367 ad
2732 5313 3019 5383 impiorum
3067 5321 3352 5380 perversos
3401 5320 3538 5374 pta-

353 5666 1022 5742 (9»l)ql.oquitur_velde
1056 5671 1227 5742 prima
1263 5670 1742 5742 Iconmnaehorum
1780 5673 1984 5738 synodo
2034 5673 2134 5726 sub
2209 5672 2576 5742 Copronymo,
2629 5670 2709 5725 vel
2762 5669 2942 5741 potius
3007 5667 3072 5721 de
3149 5663 3380 5719 secunda
3417 5663 3517 5720 sub

279 5734 460 5793 Leone
478 5734 740 5806 Arni—eno,
769 5737 834 5792 de
857 5734 1179 5806 quibus-nos
1201 5741 1433 5796 diximus
1464 5758 1515 5812 p.
1551 5743 1602 5809 5,
1643 5745 1692 5796 in
1718 5734 1840 5798 add.
