  <div class='ocr_page' id='page_1' title='image "/cluster/home/n/w/nwhite01/storage/ocr_20150623/100/hvd.32044010574994/307.png"; bbox 0 0 4130 6332; ppageno 0'>
   <div class='ocr_carea' id='block_1_1' title="bbox 549 343 705 408">
    <p class='ocr_par' dir='ltr' id='par_1_1' title="bbox 549 343 705 408">
     <span class='ocr_line' id='line_1_1' title="bbox 549 343 705 408; baseline -0.013 0"><span class='ocrx_word' id='word_1_1' title='bbox 549 345 566 350; x_wconf 61' lang='grc'><strong><em>”</em></strong></span> <span class='ocrx_word' id='word_1_2' title='bbox 601 343 705 408; x_wconf 74' lang='grc'>555</span> 
     </span>
    </p>
   </div>
   <div class='ocr_carea' id='block_1_2' title="bbox 1629 345 2838 411">
    <p class='ocr_par' dir='ltr' id='par_1_2' title="bbox 1629 345 2838 411">
     <span class='ocr_line' id='line_1_2' title="bbox 1629 345 2838 411; baseline -0.001 -3"><span class='ocrx_word' id='word_1_3' title='bbox 1629 348 1691 408; x_wconf 82' lang='lat' dir='ltr'><strong>S.</strong></span> <span class='ocrx_word' id='word_1_4' title='bbox 1731 345 2150 411; x_wconf 80' lang='lat' dir='ltr'><strong>NICEPHORI</strong></span> <span class='ocrx_word' id='word_1_5' title='bbox 2190 349 2690 410; x_wconf 57' lang='lat' dir='ltr'><strong>PATRIARCHE</strong></span> <span class='ocrx_word' id='word_1_6' title='bbox 2729 349 2838 408; x_wconf 85' lang='lat' dir='ltr'><strong>CP.</strong></span> 
     </span>
    </p>
   </div>
   <div class='ocr_carea' id='block_1_3' title="bbox 3767 352 3870 413">
    <p class='ocr_par' dir='ltr' id='par_1_3' title="bbox 3767 352 3870 413">
     <span class='ocr_line' id='line_1_3' title="bbox 3767 352 3870 413; baseline 0 0"><span class='ocrx_word' id='word_1_7' title='bbox 3767 352 3870 413; x_wconf 63' lang='grc' dir='ltr'><strong>εδδ</strong></span> 
     </span>
    </p>
   </div>
   <div class='ocr_carea' id='block_1_4' title="bbox 600 451 2177 526">
    <p class='ocr_par' dir='ltr' id='par_1_4' title="bbox 600 451 2177 526">
     <span class='ocr_line' id='line_1_4' title="bbox 600 451 2177 526; baseline 0.003 -18"><span class='ocrx_word' id='word_1_8' title='bbox 600 455 854 522; x_wconf 74' lang='lat' dir='ltr'><strong>superbia</strong></span> <span class='ocrx_word' id='word_1_9' title='bbox 886 456 1066 526; x_wconf 82' lang='lat' dir='ltr'><strong>pleni;</strong></span> <span class='ocrx_word' id='word_1_10' title='bbox 1095 463 1164 512; x_wconf 81' lang='lat' dir='ltr'><strong>et</strong></span> <span class='ocrx_word' id='word_1_11' title='bbox 1189 455 1453 512; x_wconf 81' lang='lat' dir='ltr'><strong>furiosum</strong></span> <span class='ocrx_word' id='word_1_12' title='bbox 1491 451 1620 524; x_wconf 91' lang='lat' dir='ltr'><strong>quid</strong></span> <span class='ocrx_word' id='word_1_13' title='bbox 1658 467 2028 524; x_wconf 77' lang='lat' dir='ltr'><strong>vesanumque</strong></span> <span class='ocrx_word' id='word_1_14' title='bbox 2068 457 2177 526; x_wconf 87' lang='lat' dir='ltr'><strong>spi-</strong></span> 
     </span>
    </p>
   </div>
   <div class='ocr_carea' id='block_1_5' title="bbox 2278 451 3872 526">
    <p class='ocr_par' dir='ltr' id='par_1_5' title="bbox 2287 453 3872 525">
     <span class='ocr_line' id='line_1_5' title="bbox 2287 453 3872 525; baseline 0 -16"><span class='ocrx_word' id='word_1_15' title='bbox 2287 456 2470 525; x_wconf 88' lang='grc' dir='ltr'>γεθος,</span> <span class='ocrx_word' id='word_1_16' title='bbox 2505 457 2600 508; x_wconf 68' lang='grc' dir='ltr'><strong>καὶ</strong></span> <span class='ocrx_word' id='word_1_17' title='bbox 2654 457 2734 518; x_wconf 77' lang='grc' dir='ltr'>εἰς</span> <span class='ocrx_word' id='word_1_18' title='bbox 2783 455 2906 507; x_wconf 81' lang='grc' dir='ltr'>ὅσον</span> <span class='ocrx_word' id='word_1_19' title='bbox 2958 453 3190 522; x_wconf 78' lang='grc' dir='ltr'>ἀφίκετο</span> <span class='ocrx_word' id='word_1_20' title='bbox 3230 453 3566 524; x_wconf 70' lang='grc' dir='ltr'>ἀθλιότητος,</span> <span class='ocrx_word' id='word_1_21' title='bbox 3623 456 3773 518; x_wconf 73' lang='grc' dir='ltr'>ὅπως</span> <span class='ocrx_word' id='word_1_22' title='bbox 3822 458 3872 510; x_wconf 87' lang='lat' dir='ltr'><strong>ot</strong></span> 
     </span>
    </p>
   </div>
   <div class='ocr_carea' id='block_1_6' title="bbox 603 545 2182 604">
    <p class='ocr_par' dir='ltr' id='par_1_6' title="bbox 603 545 2182 604">
     <span class='ocr_line' id='line_1_6' title="bbox 603 545 2182 604; baseline 0.003 -6"><span class='ocrx_word' id='word_1_23' title='bbox 603 557 804 602; x_wconf 82' lang='lat' dir='ltr'><strong>rantes.</strong></span> <span class='ocrx_word' id='word_1_24' title='bbox 835 547 1166 604; x_wconf 79' lang='lat' dir='ltr'><strong>Circumstat</strong></span> <span class='ocrx_word' id='word_1_25' title='bbox 1197 560 1375 603; x_wconf 85' lang='lat' dir='ltr'><strong>autem</strong></span> <span class='ocrx_word' id='word_1_26' title='bbox 1401 546 1520 601; x_wconf 91' lang='lat' dir='ltr'><strong>illos</strong></span> <span class='ocrx_word' id='word_1_27' title='bbox 1541 545 1796 601; x_wconf 89' lang='lat' dir='ltr'><strong>militaris</strong></span> <span class='ocrx_word' id='word_1_28' title='bbox 1817 546 2182 603; x_wconf 88' lang='lat' dir='ltr'><strong>ensiferorum</strong></span> 
     </span>
    </p>
   </div>
   <div class='ocr_carea' id='block_1_7' title="bbox 599 635 2182 708">
    <p class='ocr_par' dir='ltr' id='par_1_7' title="bbox 599 635 2182 708">
     <span class='ocr_line' id='line_1_7' title="bbox 599 635 2182 708; baseline 0.006 -23"><span class='ocrx_word' id='word_1_29' title='bbox 599 648 648 688; x_wconf 72' lang='lat' dir='ltr'><strong>et</strong></span> <span class='ocrx_word' id='word_1_30' title='bbox 684 637 1050 706; x_wconf 87' lang='lat' dir='ltr'><strong>plaudentium</strong></span> <span class='ocrx_word' id='word_1_31' title='bbox 1097 637 1289 706; x_wconf 84' lang='lat' dir='ltr'><strong>globus</strong></span> <span class='ocrx_word' id='word_1_32' title='bbox 1315 636 1427 707; x_wconf 76' lang='lat'><strong>(25)</strong></span> <span class='ocrx_word' id='word_1_33' title='bbox 1451 677 1466 702; x_wconf 96' lang='lat'><strong>,</strong></span> <span class='ocrx_word' id='word_1_34' title='bbox 1497 635 1589 705; x_wconf 88' lang='lat' dir='ltr'><strong>qui</strong></span> <span class='ocrx_word' id='word_1_35' title='bbox 1629 636 1963 694; x_wconf 90' lang='lat' dir='ltr'><strong>minantibus</strong></span> <span class='ocrx_word' id='word_1_36' title='bbox 2007 639 2182 708; x_wconf 87' lang='lat' dir='ltr'><strong>magis</strong></span> 
     </span>
    </p>
   </div>
   <div class='ocr_carea' id='block_1_8' title="bbox 599 725 1915 799">
    <p class='ocr_par' dir='ltr' id='par_1_8' title="bbox 599 725 1915 799">
     <span class='ocr_line' id='line_1_8' title="bbox 599 725 1915 799; baseline 0.004 -22"><span class='ocrx_word' id='word_1_37' title='bbox 599 741 758 794; x_wconf 81' lang='lat' dir='ltr'><strong>quam</strong></span> <span class='ocrx_word' id='word_1_38' title='bbox 789 727 1282 799; x_wconf 82' lang='lat' dir='ltr'><strong>dogmatizantibus</strong></span> <span class='ocrx_word' id='word_1_39' title='bbox 1304 725 1627 782; x_wconf 85' lang='lat' dir='ltr'><strong>famulatum</strong></span> <span class='ocrx_word' id='word_1_40' title='bbox 1653 729 1915 795; x_wconf 69' lang='lat' dir='ltr'><strong>praebent.</strong></span> 
     </span>
    </p>
   </div>
   <div class='ocr_carea' id='block_1_9' title="bbox 2291 544 3884 632">
    <p class='ocr_par' dir='ltr' id='par_1_9' title="bbox 2291 544 3884 632">
     <span class='ocr_line' id='line_1_9' title="bbox 2291 544 3884 632; baseline -0.001 -30"><span class='ocrx_word' id='word_1_41' title='bbox 2291 548 2547 614; x_wconf 78' lang='grc' dir='ltr'>δόξαντες</span> <span class='ocrx_word' id='word_1_42' title='bbox 2578 550 2746 618; x_wconf 83' lang='grc' dir='ltr'>ίερεῖς</span> <span class='ocrx_word' id='word_1_43' title='bbox 2773 544 2936 608; x_wconf 74' lang='grc' dir='ltr'>εἶναι,</span> <span class='ocrx_word' id='word_1_44' title='bbox 2974 546 3168 618; x_wconf 81' lang='grc' dir='ltr'>ὥσπερ</span> <span class='ocrx_word' id='word_1_45' title='bbox 3194 546 3466 615; x_wconf 73' lang='grc' dir='ltr'><strong>ὠμότατοι</strong></span> <span class='ocrx_word' id='word_1_46' title='bbox 3493 546 3748 618; x_wconf 83' lang='grc' dir='ltr'>τύραννοι</span> <span class='ocrx_word' id='word_1_47' title='bbox 3777 551 3884 632; x_wconf 43' lang='grc' dir='ltr'>κάλ’</span> 
     </span>
    </p>
   </div>
   <div class='ocr_carea' id='block_1_10' title="bbox 2291 639 3870 711">
    <p class='ocr_par' dir='ltr' id='par_1_10' title="bbox 2291 639 3870 711">
     <span class='ocr_line' id='line_1_10' title="bbox 2291 639 3870 711; baseline -0.001 -18"><span class='ocrx_word' id='word_1_48' title='bbox 2291 642 2482 711; x_wconf 71' lang='grc' dir='ltr'>πικροὶ</span> <span class='ocrx_word' id='word_1_49' title='bbox 2512 641 2792 702; x_wconf 68' lang='grc' dir='ltr'>δικασταὶ,</span> <span class='ocrx_word' id='word_1_50' title='bbox 2845 639 2984 711; x_wconf 69' lang='grc' dir='ltr'>μετὰ</span> <span class='ocrx_word' id='word_1_51' title='bbox 3039 639 3142 708; x_wconf 86' lang='grc' dir='ltr'><strong>τῆς</strong></span> <span class='ocrx_word' id='word_1_52' title='bbox 3180 639 3383 709; x_wconf 68' lang='grc' dir='ltr'>ὀφρύος</span> <span class='ocrx_word' id='word_1_53' title='bbox 3417 642 3511 692; x_wconf 71' lang='grc' dir='ltr'>ἐπὶ</span> <span class='ocrx_word' id='word_1_54' title='bbox 3543 639 3744 709; x_wconf 78' lang='grc' dir='ltr'>σεμνοῦ</span> <span class='ocrx_word' id='word_1_55' title='bbox 3777 639 3870 692; x_wconf 87' lang='grc' dir='ltr'><strong>τοῦ</strong></span> 
     </span>
    </p>
   </div>
   <div class='ocr_carea' id='block_1_11' title="bbox 2292 732 3871 804">
    <p class='ocr_par' dir='ltr' id='par_1_11' title="bbox 2292 732 3871 804">
     <span class='ocr_line' id='line_1_11' title="bbox 2292 732 3871 804; baseline -0.003 -18"><span class='ocrx_word' id='word_1_56' title='bbox 2292 732 2535 802; x_wconf 83' lang='grc' dir='ltr'>βήματος</span> <span class='ocrx_word' id='word_1_57' title='bbox 2565 734 3024 804; x_wconf 76' lang='grc' dir='ltr'>προκαθέζονται,</span> <span class='ocrx_word' id='word_1_58' title='bbox 3065 735 3417 802; x_wconf 71' lang='grc' dir='ltr'>φρονήματος</span> <span class='ocrx_word' id='word_1_59' title='bbox 3445 732 3730 801; x_wconf 77' lang='grc' dir='ltr'>γέμοντες,</span> <span class='ocrx_word' id='word_1_60' title='bbox 3776 733 3871 783; x_wconf 71' lang='grc' dir='ltr'><strong>καὶ</strong></span> 
     </span>
    </p>
   </div>
   <div class='ocr_carea' id='block_1_12' title="bbox 601 819 3866 898">
    <p class='ocr_par' dir='ltr' id='par_1_12' title="bbox 601 819 3866 898">
     <span class='ocr_line' id='line_1_12' title="bbox 601 819 3866 898; baseline 0.001 -25"><span class='ocrx_word' id='word_1_61' title='bbox 601 824 857 886; x_wconf 78' lang='grc' dir='ltr'><strong>πνέοντες</strong></span> <span class='ocrx_word' id='word_1_62' title='bbox 896 822 1124 892; x_wconf 91' lang='grc' dir='ltr'>μανικόν</span> <span class='ocrx_word' id='word_1_63' title='bbox 1158 838 1216 874; x_wconf 90' lang='grc' dir='ltr'><strong>τε</strong></span> <span class='ocrx_word' id='word_1_64' title='bbox 1239 820 1332 874; x_wconf 69' lang='grc' dir='ltr'><strong>καὶ</strong></span> <span class='ocrx_word' id='word_1_65' title='bbox 1357 819 1713 890; x_wconf 73' lang='grc' dir='ltr'>ἔμπληκτον·</span> <span class='ocrx_word' id='word_1_66' title='bbox 1759 822 2089 893; x_wconf 85' lang='grc' dir='ltr'><strong>περιέστηκε</strong></span> <span class='ocrx_word' id='word_1_67' title='bbox 2113 823 2168 876; x_wconf 89' lang='grc' dir='ltr'><strong>δέ</strong></span> <span class='ocrx_word' id='word_1_68' title='bbox 2229 825 2430 890; x_wconf 83' lang='grc' dir='ltr'>αὐτοὺς</span> <span class='ocrx_word' id='word_1_69' title='bbox 2493 826 2884 898; x_wconf 71' lang='grc' dir='ltr'>στρατιωτικὸν</span> <span class='ocrx_word' id='word_1_70' title='bbox 2927 824 3378 895; x_wconf 67' lang='grc' dir='ltr'>ξιφηφορούντων</span> <span class='ocrx_word' id='word_1_71' title='bbox 3443 825 3536 876; x_wconf 67' lang='grc' dir='ltr'><strong>καὶ</strong></span> <span class='ocrx_word' id='word_1_72' title='bbox 3577 839 3866 894; x_wconf 85' lang='grc' dir='ltr'>παρακρο-</span> 
     </span>
    </p>
   </div>
   <div class='ocr_carea' id='block_1_13' title="bbox 597 906 3381 987">
    <p class='ocr_par' dir='ltr' id='par_1_13' title="bbox 597 906 3381 987">
     <span class='ocr_line' id='line_1_13' title="bbox 597 906 3381 987; baseline 0.001 -23"><span class='ocrx_word' id='word_1_73' title='bbox 597 912 834 964; x_wconf 80' lang='grc' dir='ltr'>τούντων</span> <span class='ocrx_word' id='word_1_74' title='bbox 888 910 1216 978; x_wconf 89' lang='grc' dir='ltr'>σύνταγμα,</span> <span class='ocrx_word' id='word_1_75' title='bbox 1266 910 1380 972; x_wconf 89' lang='grc' dir='ltr'>τοῖς</span> <span class='ocrx_word' id='word_1_76' title='bbox 1428 906 1851 980; x_wconf 79' lang='grc' dir='ltr'>ἀπειλουμένοις</span> <span class='ocrx_word' id='word_1_77' title='bbox 1909 911 2109 981; x_wconf 84' lang='grc' dir='ltr'>μᾶλλον</span> <span class='ocrx_word' id='word_1_78' title='bbox 2148 913 2180 984; x_wconf 82' lang='grc' dir='ltr'>ἢ</span> <span class='ocrx_word' id='word_1_79' title='bbox 2222 915 2337 979; x_wconf 79' lang='grc' dir='ltr'>τοῖς</span> <span class='ocrx_word' id='word_1_80' title='bbox 2393 915 2880 986; x_wconf 81' lang='grc' dir='ltr'>δογματιζομένοις</span> <span class='ocrx_word' id='word_1_81' title='bbox 2911 915 3381 987; x_wconf 82' lang='grc' dir='ltr'>ύπηρετούμενον.</span> 
     </span>
    </p>
   </div>
   <div class='ocr_carea' id='block_1_14' title="bbox 668 1000 2182 1070">
    <p class='ocr_par' dir='ltr' id='par_1_14' title="bbox 668 1000 2182 1070">
     <span class='ocr_line' id='line_1_14' title="bbox 668 1000 2182 1070; baseline 0 -12"><span class='ocrx_word' id='word_1_82' title='bbox 668 1003 806 1070; x_wconf 89' lang='lat' dir='ltr'><strong>Quin</strong></span> <span class='ocrx_word' id='word_1_83' title='bbox 843 1002 979 1055; x_wconf 86' lang='lat' dir='ltr'><strong>adeo</strong></span> <span class='ocrx_word' id='word_1_84' title='bbox 1010 1001 1263 1055; x_wconf 85' lang='lat' dir='ltr'><strong>homines</strong></span> <span class='ocrx_word' id='word_1_85' title='bbox 1293 1015 1510 1070; x_wconf 89' lang='lat' dir='ltr'><strong>quoque</strong></span> <span class='ocrx_word' id='word_1_86' title='bbox 1537 1000 1864 1057; x_wconf 91' lang='lat' dir='ltr'><strong>circensium</strong></span> <span class='ocrx_word' id='word_1_87' title='bbox 1887 1003 2182 1059; x_wconf 81' lang='lat' dir='ltr'><strong>factionum</strong></span> 
     </span>
    </p>
   </div>
   <div class='ocr_carea' id='block_1_15' title="bbox 595 1092 2202 1165">
    <p class='ocr_par' dir='ltr' id='par_1_15' title="bbox 595 1092 2202 1165">
     <span class='ocr_line' id='line_1_15' title="bbox 595 1092 2202 1165; baseline 0.003 -19"><span class='ocrx_word' id='word_1_88' title='bbox 595 1093 855 1163; x_wconf 63' lang='lat' dir='ltr'><strong>praesides</strong></span> <span class='ocrx_word' id='word_1_89' title='bbox 881 1133 895 1156; x_wconf 85' lang='lat'><strong>,</strong></span> <span class='ocrx_word' id='word_1_90' title='bbox 930 1104 1090 1160; x_wconf 81' lang='lat' dir='ltr'><strong>prout</strong></span> <span class='ocrx_word' id='word_1_91' title='bbox 1131 1092 1390 1147; x_wconf 88' lang='lat' dir='ltr'><strong>indecoro</strong></span> <span class='ocrx_word' id='word_1_92' title='bbox 1421 1093 1662 1162; x_wconf 89' lang='lat' dir='ltr'><strong>ipsorum</strong></span> <span class='ocrx_word' id='word_1_93' title='bbox 1695 1094 1926 1165; x_wconf 81' lang='lat' dir='ltr'><strong>collegio</strong></span> <span class='ocrx_word' id='word_1_94' title='bbox 1959 1095 2202 1165; x_wconf 69' lang='lat' dir='ltr'><strong>dignum&quot;</strong></span> 
     </span>
    </p>
   </div>
   <div class='ocr_carea' id='block_1_16' title="bbox 593 1184 2176 1257">
    <p class='ocr_par' dir='ltr' id='par_1_16' title="bbox 593 1184 2176 1257">
     <span class='ocr_line' id='line_1_16' title="bbox 593 1184 2176 1257; baseline 0.001 -18"><span class='ocrx_word' id='word_1_95' title='bbox 593 1196 673 1241; x_wconf 85' lang='lat' dir='ltr'><strong>est</strong></span> <span class='ocrx_word' id='word_1_96' title='bbox 693 1226 708 1250; x_wconf 91' lang='lat'><strong>,</strong></span> <span class='ocrx_word' id='word_1_97' title='bbox 748 1199 1054 1239; x_wconf 87' lang='lat' dir='ltr'><strong>assessores</strong></span> <span class='ocrx_word' id='word_1_98' title='bbox 1083 1184 1184 1238; x_wconf 84' lang='lat' dir='ltr'><strong>sibi</strong></span> <span class='ocrx_word' id='word_1_99' title='bbox 1213 1193 1265 1237; x_wconf 88' lang='lat' dir='ltr'><strong>et</strong></span> <span class='ocrx_word' id='word_1_100' title='bbox 1295 1184 1592 1254; x_wconf 80' lang='lat' dir='ltr'><strong>magisterii</strong></span> <span class='ocrx_word' id='word_1_101' title='bbox 1627 1185 1869 1241; x_wconf 89' lang='lat' dir='ltr'><strong>fautores</strong></span> <span class='ocrx_word' id='word_1_102' title='bbox 1889 1201 2176 1257; x_wconf 87' lang='lat' dir='ltr'><strong>compara-</strong></span> 
     </span>
    </p>
   </div>
   <div class='ocr_carea' id='block_1_17' title="bbox 565 1276 2180 1347">
    <p class='ocr_par' dir='ltr' id='par_1_17' title="bbox 565 1276 2180 1347">
     <span class='ocr_line' id='line_1_17' title="bbox 565 1276 2180 1347; baseline 0.003 -18"><span class='ocrx_word' id='word_1_103' title='bbox 565 1288 720 1331; x_wconf 85' lang='lat' dir='ltr'><strong>-runt</strong></span> <span class='ocrx_word' id='word_1_104' title='bbox 775 1277 910 1331; x_wconf 90' lang='lat' dir='ltr'><strong>:his</strong></span> <span class='ocrx_word' id='word_1_105' title='bbox 961 1276 1107 1331; x_wconf 89' lang='lat' dir='ltr'><strong>enim</strong></span> <span class='ocrx_word' id='word_1_106' title='bbox 1162 1276 1462 1347; x_wconf 81' lang='lat' dir='ltr'><strong>magistris,</strong></span> <span class='ocrx_word' id='word_1_107' title='bbox 1503 1276 1587 1331; x_wconf 90' lang='lat' dir='ltr'><strong>his</strong></span> <span class='ocrx_word' id='word_1_108' title='bbox 1629 1277 2007 1333; x_wconf 81' lang='lat' dir='ltr'><strong>defensoribus</strong></span> <span class='ocrx_word' id='word_1_109' title='bbox 2055 1279 2180 1335; x_wconf 87' lang='lat' dir='ltr'><strong>talia</strong></span> 
     </span>
    </p>
   </div>
   <div class='ocr_carea' id='block_1_18' title="bbox 592 1367 2182 1441">
    <p class='ocr_par' dir='ltr' id='par_1_18' title="bbox 592 1367 2182 1441">
     <span class='ocr_line' id='line_1_18' title="bbox 592 1367 2182 1441; baseline 0.003 -19"><span class='ocrx_word' id='word_1_110' title='bbox 592 1369 846 1439; x_wconf 87' lang='lat' dir='ltr'><strong>dogmata</strong></span> <span class='ocrx_word' id='word_1_111' title='bbox 886 1378 1068 1439; x_wconf 87' lang='lat' dir='ltr'><strong>egent.</strong></span> <span class='ocrx_word' id='word_1_112' title='bbox 1120 1367 1290 1423; x_wconf 85' lang='lat' dir='ltr'><strong>Porro</strong></span> <span class='ocrx_word' id='word_1_113' title='bbox 1340 1368 1538 1422; x_wconf 87' lang='lat' dir='ltr'><strong>malam</strong></span> <span class='ocrx_word' id='word_1_114' title='bbox 1575 1368 1770 1423; x_wconf 90' lang='lat' dir='ltr'><strong>iurem</strong></span> <span class='ocrx_word' id='word_1_115' title='bbox 1817 1369 2182 1441; x_wconf 87' lang='lat' dir='ltr'><strong>adjnnguntur</strong></span> 
     </span>
    </p>
   </div>
   <div class='ocr_carea' id='block_1_19' title="bbox 597 1457 2177 1529">
    <p class='ocr_par' dir='ltr' id='par_1_19' title="bbox 597 1457 2177 1529">
     <span class='ocr_line' id='line_1_19' title="bbox 597 1457 2177 1529; baseline 0.001 -15"><span class='ocrx_word' id='word_1_116' title='bbox 597 1460 723 1526; x_wconf 91' lang='lat' dir='ltr'><strong>illis,</strong></span> <span class='ocrx_word' id='word_1_117' title='bbox 758 1469 816 1513; x_wconf 94' lang='lat' dir='ltr'><strong>nt</strong></span> <span class='ocrx_word' id='word_1_118' title='bbox 846 1459 900 1513; x_wconf 89' lang='lat' dir='ltr'><strong>in</strong></span> <span class='ocrx_word' id='word_1_119' title='bbox 929 1459 1247 1529; x_wconf 72' lang='lat' dir='ltr'><strong>huiusmodi</strong></span> <span class='ocrx_word' id='word_1_120' title='bbox 1273 1457 1688 1514; x_wconf 85' lang='lat' dir='ltr'><strong>confusionibus</strong></span> <span class='ocrx_word' id='word_1_121' title='bbox 1717 1468 1770 1514; x_wconf 93' lang='lat' dir='ltr'><strong>et</strong></span> <span class='ocrx_word' id='word_1_122' title='bbox 1793 1460 2028 1515; x_wconf 88' lang='lat' dir='ltr'><strong>colluvie</strong></span> <span class='ocrx_word' id='word_1_123' title='bbox 2059 1463 2177 1516; x_wconf 79' lang='lat' dir='ltr'><strong>fieri</strong></span> 
     </span>
    </p>
   </div>
   <div class='ocr_carea' id='block_1_20' title="bbox 593 1552 2176 1622">
    <p class='ocr_par' dir='ltr' id='par_1_20' title="bbox 593 1552 2176 1622">
     <span class='ocr_line' id='line_1_20' title="bbox 593 1552 2176 1622; baseline 0.001 -15"><span class='ocrx_word' id='word_1_124' title='bbox 593 1554 756 1619; x_wconf 80' lang='lat' dir='ltr'><strong>solet,</strong></span> <span class='ocrx_word' id='word_1_125' title='bbox 781 1561 1047 1622; x_wconf 78' lang='lat' dir='ltr'><strong>quotquot</strong></span> <span class='ocrx_word' id='word_1_126' title='bbox 1077 1552 1248 1622; x_wconf 81' lang='lat' dir='ltr'><strong>culpis</strong></span> <span class='ocrx_word' id='word_1_127' title='bbox 1274 1552 1627 1622; x_wconf 88' lang='lat' dir='ltr'><strong>censurisque</strong></span> <span class='ocrx_word' id='word_1_128' title='bbox 1642 1552 1920 1608; x_wconf 89' lang='lat' dir='ltr'><strong>canonicis</strong></span> <span class='ocrx_word' id='word_1_129' title='bbox 1935 1553 2176 1608; x_wconf 86' lang='lat' dir='ltr'><strong>damnati</strong></span> 
     </span>
    </p>
   </div>
   <div class='ocr_carea' id='block_1_21' title="bbox 595 1643 2173 1715">
    <p class='ocr_par' dir='ltr' id='par_1_21' title="bbox 595 1643 2173 1715">
     <span class='ocr_line' id='line_1_21' title="bbox 595 1643 2173 1715; baseline 0 -16"><span class='ocrx_word' id='word_1_130' title='bbox 595 1645 934 1715; x_wconf 87' lang='lat' dir='ltr'><strong>depositique</strong></span> <span class='ocrx_word' id='word_1_131' title='bbox 949 1644 1270 1710; x_wconf 87' lang='lat' dir='ltr'><strong>fuerunt,ut</strong></span> <span class='ocrx_word' id='word_1_132' title='bbox 1288 1644 1367 1700; x_wconf 91' lang='lat' dir='ltr'><strong>sic</strong></span> <span class='ocrx_word' id='word_1_133' title='bbox 1391 1655 1672 1712; x_wconf 89' lang='lat' dir='ltr'><strong>peccatum</strong></span> <span class='ocrx_word' id='word_1_134' title='bbox 1701 1658 1798 1714; x_wconf 90' lang='lat' dir='ltr'><strong>per</strong></span> <span class='ocrx_word' id='word_1_135' title='bbox 1823 1643 2173 1715; x_wconf 87' lang='lat' dir='ltr'><strong>hyperbolem</strong></span> 
     </span>
    </p>
   </div>
   <div class='ocr_carea' id='block_1_22' title="bbox 601 1733 2173 1806">
    <p class='ocr_par' dir='ltr' id='par_1_22' title="bbox 601 1733 2173 1806">
     <span class='ocr_line' id='line_1_22' title="bbox 601 1733 2173 1806; baseline -0.001 -15"><span class='ocrx_word' id='word_1_136' title='bbox 601 1738 653 1791; x_wconf 87' lang='lat' dir='ltr'><strong>in</strong></span> <span class='ocrx_word' id='word_1_137' title='bbox 693 1738 824 1806; x_wconf 86' lang='lat' dir='ltr'><strong>ipsis</strong></span> <span class='ocrx_word' id='word_1_138' title='bbox 862 1747 1068 1804; x_wconf 84' lang='lat' dir='ltr'><strong>peccet.</strong></span> <span class='ocrx_word' id='word_1_139' title='bbox 1108 1733 1293 1804; x_wconf 81' lang='lat' dir='ltr'><strong>Neque</strong></span> <span class='ocrx_word' id='word_1_140' title='bbox 1321 1735 1710 1791; x_wconf 88' lang='lat' dir='ltr'><strong>theatricorum</strong></span> <span class='ocrx_word' id='word_1_141' title='bbox 1760 1735 2006 1790; x_wconf 90' lang='lat' dir='ltr'><strong>ludorum</strong></span> <span class='ocrx_word' id='word_1_142' title='bbox 2050 1749 2173 1790; x_wconf 85' lang='lat' dir='ltr'><strong>sce-</strong></span> 
     </span>
    </p>
   </div>
   <div class='ocr_carea' id='block_1_23' title="bbox 2367 1007 3870 1078">
    <p class='ocr_par' dir='ltr' id='par_1_23' title="bbox 2367 1007 3870 1078">
     <span class='ocr_line' id='line_1_23' title="bbox 2367 1007 3870 1078; baseline -0.001 -18"><span class='ocrx_word' id='word_1_143' title='bbox 2367 1007 2506 1078; x_wconf 84' lang='grc' dir='ltr'>Ἤδη</span> <span class='ocrx_word' id='word_1_144' title='bbox 2529 1008 2588 1061; x_wconf 76' lang='grc' dir='ltr'>δὲ</span> <span class='ocrx_word' id='word_1_145' title='bbox 2618 1009 2711 1061; x_wconf 74' lang='grc' dir='ltr'>καὶ</span> <span class='ocrx_word' id='word_1_146' title='bbox 2737 1009 2864 1070; x_wconf 78' lang='grc' dir='ltr'>τοὺς</span> <span class='ocrx_word' id='word_1_147' title='bbox 2891 1008 2956 1061; x_wconf 90' lang='grc' dir='ltr'><strong>ἐκ</strong></span> <span class='ocrx_word' id='word_1_148' title='bbox 2975 1008 3086 1060; x_wconf 90' lang='grc' dir='ltr'><strong>τῶν</strong></span> <span class='ocrx_word' id='word_1_149' title='bbox 3111 1009 3168 1061; x_wconf 91' lang='grc' dir='ltr'><strong>ἐν</strong></span> <span class='ocrx_word' id='word_1_150' title='bbox 3189 1009 3302 1070; x_wconf 78' lang='grc' dir='ltr'>τοῖς</span> <span class='ocrx_word' id='word_1_151' title='bbox 3332 1007 3530 1078; x_wconf 83' lang='grc' dir='ltr'>δήμοις</span> <span class='ocrx_word' id='word_1_152' title='bbox 3560 1007 3870 1076; x_wconf 76' lang='grc' dir='ltr'><strong>χρωμάτων</strong></span> 
     </span>
    </p>
   </div>
   <div class='ocr_carea' id='block_1_24' title="bbox 2289 1093 3870 1168">
    <p class='ocr_par' dir='ltr' id='par_1_24' title="bbox 2289 1093 3870 1168">
     <span class='ocr_line' id='line_1_24' title="bbox 2289 1093 3870 1168; baseline 0.002 -19"><span class='ocrx_word' id='word_1_153' title='bbox 2289 1097 2386 1167; x_wconf 87' lang='grc' dir='ltr'><strong>τῆς</strong></span> <span class='ocrx_word' id='word_1_154' title='bbox 2420 1098 2658 1166; x_wconf 77' lang='grc' dir='ltr'>ἱππικῆς</span> <span class='ocrx_word' id='word_1_155' title='bbox 2691 1097 2927 1168; x_wconf 85' lang='grc' dir='ltr'>ἁμίλλης</span> <span class='ocrx_word' id='word_1_156' title='bbox 2965 1097 3326 1168; x_wconf 79' lang='grc' dir='ltr'>προῦχοντας,</span> <span class='ocrx_word' id='word_1_157' title='bbox 3382 1097 3635 1168; x_wconf 86' lang='grc' dir='ltr'>καθάπερ</span> <span class='ocrx_word' id='word_1_158' title='bbox 3666 1093 3734 1168; x_wconf 77' lang='grc' dir='ltr'>ἧν</span> <span class='ocrx_word' id='word_1_159' title='bbox 3772 1101 3870 1167; x_wconf 82' lang='grc' dir='ltr'><strong>τῆς</strong></span> 
     </span>
    </p>
   </div>
   <div class='ocr_carea' id='block_1_25' title="bbox 2287 1189 3869 1261">
    <p class='ocr_par' dir='ltr' id='par_1_25' title="bbox 2287 1189 3869 1261">
     <span class='ocr_line' id='line_1_25' title="bbox 2287 1189 3869 1261; baseline 0 -19"><span class='ocrx_word' id='word_1_160' title='bbox 2287 1189 2534 1259; x_wconf 80' lang='grc' dir='ltr'>ἀκόσμου</span> <span class='ocrx_word' id='word_1_161' title='bbox 2594 1189 2778 1244; x_wconf 85' lang='grc' dir='ltr'>αὐτῶν</span> <span class='ocrx_word' id='word_1_162' title='bbox 2834 1191 3149 1260; x_wconf 80' lang='grc' dir='ltr'>συμμορίας</span> <span class='ocrx_word' id='word_1_163' title='bbox 3207 1189 3380 1254; x_wconf 77' lang='grc' dir='ltr'>ἄξιον,</span> <span class='ocrx_word' id='word_1_164' title='bbox 3437 1191 3869 1261; x_wconf 79' lang='grc' dir='ltr'>συμπαρὲδρους</span> 
     </span>
    </p>
   </div>
   <div class='ocr_carea' id='block_1_26' title="bbox 2285 1282 3865 1353">
    <p class='ocr_par' dir='ltr' id='par_1_26' title="bbox 2285 1282 3865 1353">
     <span class='ocr_line' id='line_1_26' title="bbox 2285 1282 3865 1353; baseline 0.003 -21"><span class='ocrx_word' id='word_1_165' title='bbox 2285 1282 2492 1344; x_wconf 82' lang='grc' dir='ltr'>αὐτοῖς,</span> <span class='ocrx_word' id='word_1_166' title='bbox 2529 1285 2861 1352; x_wconf 81' lang='grc' dir='ltr'>συνηγορεῖν</span> <span class='ocrx_word' id='word_1_167' title='bbox 2891 1285 2957 1352; x_wconf 81' lang='grc' dir='ltr'>τῇ</span> <span class='ocrx_word' id='word_1_168' title='bbox 2991 1282 3318 1353; x_wconf 76' lang='grc' dir='ltr'>διδασκαλίᾳ</span> <span class='ocrx_word' id='word_1_169' title='bbox 3351 1286 3828 1352; x_wconf 80' lang='grc' dir='ltr'>προσεποιήσαντο</span> <span class='ocrx_word' id='word_1_170' title='bbox 3853 1300 3865 1312; x_wconf 85' lang='lat'><strong><em>°</em></strong></span> 
     </span>
    </p>
   </div>
   <div class='ocr_carea' id='block_1_27' title="bbox 2281 1370 3867 1442">
    <p class='ocr_par' dir='ltr' id='par_1_27' title="bbox 2281 1370 3867 1442">
     <span class='ocr_line' id='line_1_27' title="bbox 2281 1370 3867 1442; baseline 0.002 -18"><span class='ocrx_word' id='word_1_171' title='bbox 2281 1370 2542 1424; x_wconf 80' lang='grc' dir='ltr'>τοιούτων</span> <span class='ocrx_word' id='word_1_172' title='bbox 2596 1372 2704 1442; x_wconf 81' lang='grc' dir='ltr'><strong>γάρ</strong></span> <span class='ocrx_word' id='word_1_173' title='bbox 2751 1372 3116 1438; x_wconf 81' lang='grc' dir='ltr'>διδασκάλων,</span> <span class='ocrx_word' id='word_1_174' title='bbox 3168 1373 3429 1426; x_wconf 80' lang='grc' dir='ltr'>τοιούτων</span> <span class='ocrx_word' id='word_1_175' title='bbox 3462 1373 3572 1427; x_wconf 77' lang='grc' dir='ltr'>ἔδει</span> <span class='ocrx_word' id='word_1_176' title='bbox 3613 1375 3709 1427; x_wconf 73' lang='grc' dir='ltr'>καὶ</span> <span class='ocrx_word' id='word_1_177' title='bbox 3762 1375 3867 1428; x_wconf 75' lang='grc' dir='ltr'>τῶ)</span> 
     </span>
    </p>
   </div>
   <div class='ocr_carea' id='block_1_28' title="bbox 2288 1462 3866 1535">
    <p class='ocr_par' dir='ltr' id='par_1_28' title="bbox 2288 1462 3866 1535">
     <span class='ocr_line' id='line_1_28' title="bbox 2288 1462 3866 1535; baseline 0.002 -20"><span class='ocrx_word' id='word_1_178' title='bbox 2288 1462 2618 1532; x_wconf 84' lang='grc' dir='ltr'>συμμάχων,</span> <span class='ocrx_word' id='word_1_179' title='bbox 2659 1464 2754 1515; x_wconf 72' lang='grc' dir='ltr'><strong>ἐπὶ</strong></span> <span class='ocrx_word' id='word_1_180' title='bbox 2795 1464 3062 1528; x_wconf 80' lang='grc' dir='ltr'>τοιούτοις</span> <span class='ocrx_word' id='word_1_181' title='bbox 3108 1469 3221 1527; x_wconf 84' lang='grc' dir='ltr'>τοῖς</span> <span class='ocrx_word' id='word_1_182' title='bbox 3253 1465 3489 1535; x_wconf 78' lang='grc' dir='ltr'>δόγμασι</span> <span class='ocrx_word' id='word_1_183' title='bbox 3515 1481 3529 1496; x_wconf 87' lang='grc'><strong>·</strong></span> <span class='ocrx_word' id='word_1_184' title='bbox 3567 1465 3866 1534; x_wconf 75' lang='grc' dir='ltr'>προσφθεί-</span> 
     </span>
    </p>
   </div>
   <div class='ocr_carea' id='block_1_29' title="bbox 2289 1549 3860 1623">
    <p class='ocr_par' dir='ltr' id='par_1_29' title="bbox 2289 1549 3860 1623">
     <span class='ocr_line' id='line_1_29' title="bbox 2289 1549 3860 1623; baseline 0.002 -19"><span class='ocrx_word' id='word_1_185' title='bbox 2289 1569 2474 1622; x_wconf 91' lang='grc' dir='ltr'>ρονται</span> <span class='ocrx_word' id='word_1_186' title='bbox 2493 1553 2551 1605; x_wconf 87' lang='grc' dir='ltr'><strong>δέ</strong></span> <span class='ocrx_word' id='word_1_187' title='bbox 2581 1553 2766 1618; x_wconf 81' lang='grc' dir='ltr'>αὐτοῖς</span> <span class='ocrx_word' id='word_1_188' title='bbox 2789 1549 2880 1608; x_wconf 77' lang='grc' dir='ltr'>οἷα</span> <span class='ocrx_word' id='word_1_189' title='bbox 2899 1555 3047 1623; x_wconf 79' lang='grc' dir='ltr'>φιλεῖ</span> <span class='ocrx_word' id='word_1_190' title='bbox 3071 1557 3129 1609; x_wconf 83' lang='grc' dir='ltr'>ὲν</span> <span class='ocrx_word' id='word_1_191' title='bbox 3158 1558 3284 1619; x_wconf 88' lang='grc' dir='ltr'>ταῖς</span> <span class='ocrx_word' id='word_1_192' title='bbox 3307 1555 3588 1617; x_wconf 87' lang='grc' dir='ltr'>τοιαύταις</span> <span class='ocrx_word' id='word_1_193' title='bbox 3610 1556 3860 1621; x_wconf 77' lang='grc' dir='ltr'>ἀταξίαις</span> 
     </span>
    </p>
   </div>
   <div class='ocr_carea' id='block_1_30' title="bbox 2285 1644 3862 1718">
    <p class='ocr_par' dir='ltr' id='par_1_30' title="bbox 2285 1644 3862 1718">
     <span class='ocr_line' id='line_1_30' title="bbox 2285 1644 3862 1718; baseline 0.002 -21"><span class='ocrx_word' id='word_1_194' title='bbox 2285 1644 2379 1697; x_wconf 80' lang='grc' dir='ltr'>καὶ</span> <span class='ocrx_word' id='word_1_195' title='bbox 2411 1645 2708 1714; x_wconf 78' lang='grc' dir='ltr'>ἀκοσμίαις</span> <span class='ocrx_word' id='word_1_196' title='bbox 2749 1647 3022 1714; x_wconf 76' lang='grc' dir='ltr'>γίνεσθαι,</span> <span class='ocrx_word' id='word_1_197' title='bbox 3055 1647 3151 1700; x_wconf 74' lang='grc' dir='ltr'><strong>καὶ</strong></span> <span class='ocrx_word' id='word_1_198' title='bbox 3176 1649 3345 1718; x_wconf 84' lang='grc' dir='ltr'>μέρος</span> <span class='ocrx_word' id='word_1_199' title='bbox 3371 1648 3470 1718; x_wconf 85' lang='grc' dir='ltr'><strong>τῆς</strong></span> <span class='ocrx_word' id='word_1_200' title='bbox 3512 1647 3862 1718; x_wconf 80' lang='grc' dir='ltr'>Ἐκκλησίας,</span> 
     </span>
    </p>
   </div>
   <div class='ocr_carea' id='block_1_31' title="bbox 2280 1737 3864 1810">
    <p class='ocr_par' dir='ltr' id='par_1_31' title="bbox 2280 1737 3864 1810">
     <span class='ocr_line' id='line_1_31' title="bbox 2280 1737 3864 1810; baseline 0.001 -21"><span class='ocrx_word' id='word_1_201' title='bbox 2280 1739 2396 1790; x_wconf 80' lang='grc' dir='ltr'>ὅσοι</span> <span class='ocrx_word' id='word_1_202' title='bbox 2424 1737 2514 1790; x_wconf 85' lang='grc' dir='ltr'>ἐπ’</span> <span class='ocrx_word' id='word_1_203' title='bbox 2552 1738 2756 1800; x_wconf 78' lang='grc' dir='ltr'>αἰτίαις</span> <span class='ocrx_word' id='word_1_204' title='bbox 2789 1741 3109 1801; x_wconf 80' lang='grc' dir='ltr'>κανονικαῖς</span> <span class='ocrx_word' id='word_1_205' title='bbox 3138 1740 3234 1792; x_wconf 79' lang='grc' dir='ltr'><strong>καὶ</strong></span> <span class='ocrx_word' id='word_1_206' title='bbox 3269 1739 3616 1810; x_wconf 77' lang='grc' dir='ltr'>ἐγκλήμασιν</span> <span class='ocrx_word' id='word_1_207' title='bbox 3645 1740 3864 1804; x_wconf 83' lang='grc' dir='ltr'>ἁλόντες</span> 
     </span>
    </p>
   </div>
   <div class='ocr_carea' id='block_1_32' title="bbox 600 1826 2177 1902">
    <p class='ocr_par' dir='ltr' id='par_1_32' title="bbox 600 1826 2174 1899">
     <span class='ocr_line' id='line_1_32' title="bbox 600 1826 2174 1899; baseline 0.001 -17"><span class='ocrx_word' id='word_1_208' title='bbox 600 1845 790 1899; x_wconf 71' lang='lat' dir='ltr'><strong>uaeque</strong></span> <span class='ocrx_word' id='word_1_209' title='bbox 847 1829 1163 1892; x_wconf 68' lang='lat' dir='ltr'><strong>choraulae,</strong></span> <span class='ocrx_word' id='word_1_210' title='bbox 1219 1842 1357 1896; x_wconf 90' lang='lat' dir='ltr'><strong>quos</strong></span> <span class='ocrx_word' id='word_1_211' title='bbox 1412 1826 1610 1880; x_wconf 83' lang='lat' dir='ltr'><strong>mimos</strong></span> <span class='ocrx_word' id='word_1_212' title='bbox 1661 1827 1873 1897; x_wconf 88' lang='lat' dir='ltr'><strong>vulgari</strong></span> <span class='ocrx_word' id='word_1_213' title='bbox 1921 1841 2174 1883; x_wconf 83' lang='lat' dir='ltr'><strong>sermone</strong></span> 
     </span>
    </p>
   </div>
   <div class='ocr_carea' id='block_1_33' title="bbox 2278 1826 3858 1902">
    <p class='ocr_par' dir='ltr' id='par_1_33' title="bbox 2278 1828 3858 1902">
     <span class='ocr_line' id='line_1_33' title="bbox 2278 1828 3858 1902; baseline -0.001 -18"><span class='ocrx_word' id='word_1_214' title='bbox 2278 1828 2618 1899; x_wconf 84' lang='grc' dir='ltr'>ἐξώσθησαν,</span> <span class='ocrx_word' id='word_1_215' title='bbox 2671 1831 2759 1883; x_wconf 83' lang='grc' dir='ltr'>ἵνα</span> <span class='ocrx_word' id='word_1_216' title='bbox 2809 1831 3041 1900; x_wconf 84' lang='grc' dir='ltr'>γένηται</span> <span class='ocrx_word' id='word_1_217' title='bbox 3110 1831 3297 1894; x_wconf 71' lang='grc' dir='ltr'>αὐτοῖς</span> <span class='ocrx_word' id='word_1_218' title='bbox 3353 1831 3480 1885; x_wconf 84' lang='grc' dir='ltr'>καθ’</span> <span class='ocrx_word' id='word_1_219' title='bbox 3548 1831 3858 1902; x_wconf 65' lang='grc' dir='ltr'>ὑπερϐολὴν</span> 
     </span>
    </p>
   </div>
   <div class='ocr_carea' id='block_1_34' title="bbox 602 1918 2170 1988">
    <p class='ocr_par' dir='ltr' id='par_1_34' title="bbox 602 1918 2170 1988">
     <span class='ocr_line' id='line_1_34' title="bbox 602 1918 2170 1988; baseline 0.001 -13"><span class='ocrx_word' id='word_1_220' title='bbox 602 1922 888 1977; x_wconf 77' lang='lat' dir='ltr'><strong>nominate</strong></span> <span class='ocrx_word' id='word_1_221' title='bbox 917 1936 1033 1976; x_wconf 89' lang='lat' dir='ltr'><strong>mos</strong></span> <span class='ocrx_word' id='word_1_222' title='bbox 1062 1928 1180 1984; x_wconf 90' lang='lat' dir='ltr'><strong>est,</strong></span> <span class='ocrx_word' id='word_1_223' title='bbox 1219 1919 1347 1973; x_wconf 88' lang='lat' dir='ltr'><strong>huic</strong></span> <span class='ocrx_word' id='word_1_224' title='bbox 1381 1918 1645 1988; x_wconf 72' lang='lat' dir='ltr'><strong>praeclaro</strong></span> <span class='ocrx_word' id='word_1_225' title='bbox 1677 1919 1927 1975; x_wconf 84' lang='lat' dir='ltr'><strong>sodalitio</strong></span> <span class='ocrx_word' id='word_1_226' title='bbox 1954 1920 2170 1977; x_wconf 88' lang='lat' dir='ltr'><strong>desunt.</strong></span> 
     </span>
    </p>
   </div>
   <div class='ocr_carea' id='block_1_35' title="bbox 571 2011 2176 2083">
    <p class='ocr_par' dir='ltr' id='par_1_35' title="bbox 571 2011 2176 2083">
     <span class='ocr_line' id='line_1_35' title="bbox 571 2011 2176 2083; baseline 0 -15"><span class='ocrx_word' id='word_1_227' title='bbox 571 2015 735 2068; x_wconf 72' lang='lat' dir='ltr'><strong>“Sunt</strong></span> <span class='ocrx_word' id='word_1_228' title='bbox 768 2015 935 2069; x_wconf 87' lang='lat' dir='ltr'><strong>etiam</strong></span> <span class='ocrx_word' id='word_1_229' title='bbox 990 2013 1056 2067; x_wconf 89' lang='lat' dir='ltr'><strong>de</strong></span> <span class='ocrx_word' id='word_1_230' title='bbox 1098 2027 1402 2080; x_wconf 87' lang='lat' dir='ltr'><strong>canpouum</strong></span> <span class='ocrx_word' id='word_1_231' title='bbox 1440 2011 1658 2076; x_wconf 88' lang='lat' dir='ltr'><strong>classe,</strong></span> <span class='ocrx_word' id='word_1_232' title='bbox 1695 2013 1873 2083; x_wconf 85' lang='lat' dir='ltr'><strong>deque</strong></span> <span class='ocrx_word' id='word_1_233' title='bbox 1919 2013 2091 2068; x_wconf 86' lang='lat' dir='ltr'><strong>triviis</strong></span> <span class='ocrx_word' id='word_1_234' title='bbox 2121 2022 2176 2068; x_wconf 88' lang='lat' dir='ltr'><strong>et</strong></span> 
     </span>
    </p>
   </div>
   <div class='ocr_carea' id='block_1_36' title="bbox 591 2102 2174 2174">
    <p class='ocr_par' dir='ltr' id='par_1_36' title="bbox 591 2102 2174 2174">
     <span class='ocr_line' id='line_1_36' title="bbox 591 2102 2174 2174; baseline -0.001 -15"><span class='ocrx_word' id='word_1_235' title='bbox 591 2107 798 2174; x_wconf 82' lang='lat' dir='ltr'><strong>gaucis,</strong></span> <span class='ocrx_word' id='word_1_236' title='bbox 832 2105 925 2158; x_wconf 83' lang='lat' dir='ltr'><strong>his</strong></span> <span class='ocrx_word' id='word_1_237' title='bbox 957 2103 1213 2174; x_wconf 85' lang='lat' dir='ltr'><strong>gerendis</strong></span> <span class='ocrx_word' id='word_1_238' title='bbox 1246 2103 1408 2157; x_wconf 85' lang='lat' dir='ltr'><strong>rebus</strong></span> <span class='ocrx_word' id='word_1_239' title='bbox 1451 2102 1719 2172; x_wconf 88' lang='lat' dir='ltr'><strong>assumpti</strong></span> <span class='ocrx_word' id='word_1_240' title='bbox 1761 2103 2076 2168; x_wconf 74' lang='lat' dir='ltr'><strong>auxiliares,</strong></span> <span class='ocrx_word' id='word_1_241' title='bbox 2119 2111 2174 2158; x_wconf 89' lang='lat' dir='ltr'><strong>et</strong></span> 
     </span>
    </p>
   </div>
   <div class='ocr_carea' id='block_1_37' title="bbox 589 2192 2230 2268">
    <p class='ocr_par' dir='ltr' id='par_1_37' title="bbox 589 2192 2230 2268">
     <span class='ocr_line' id='line_1_37' title="bbox 589 2192 2230 2268; baseline 0.002 -22"><span class='ocrx_word' id='word_1_242' title='bbox 589 2196 848 2265; x_wconf 78' lang='lat' dir='ltr'><strong>quidquid</strong></span> <span class='ocrx_word' id='word_1_243' title='bbox 879 2194 1289 2250; x_wconf 87' lang='lat' dir='ltr'><strong>circulatorium</strong></span> <span class='ocrx_word' id='word_1_244' title='bbox 1321 2193 1405 2248; x_wconf 89' lang='lat' dir='ltr'><strong>vel</strong></span> <span class='ocrx_word' id='word_1_245' title='bbox 1432 2192 1951 2259; x_wconf 80' lang='lat' dir='ltr'><strong>circumforaneum,</strong></span> <span class='ocrx_word' id='word_1_246' title='bbox 1995 2194 2077 2249; x_wconf 88' lang='lat' dir='ltr'><strong>vel</strong></span> <span class='ocrx_word' id='word_1_247' title='bbox 2107 2194 2174 2250; x_wconf 88' lang='lat' dir='ltr'><strong>de</strong></span> <span class='ocrx_word' id='word_1_248' title='bbox 2228 2265 2230 2268; x_wconf 24' lang='grc' dir='ltr'>ι</span> 
     </span>
    </p>
   </div>
   <div class='ocr_carea' id='block_1_38' title="bbox 592 2288 2175 2361">
    <p class='ocr_par' dir='ltr' id='par_1_38' title="bbox 592 2288 2175 2361">
     <span class='ocr_line' id='line_1_38' title="bbox 592 2288 2175 2361; baseline 0.002 -18"><span class='ocrx_word' id='word_1_249' title='bbox 592 2291 893 2360; x_wconf 77' lang='lat' dir='ltr'><strong>baiulorum</strong></span> <span class='ocrx_word' id='word_1_250' title='bbox 927 2300 1071 2345; x_wconf 72' lang='lat' dir='ltr'><strong>cmtu</strong></span> <span class='ocrx_word' id='word_1_251' title='bbox 1101 2327 1116 2351; x_wconf 89' lang='lat'><strong>,</strong></span> <span class='ocrx_word' id='word_1_252' title='bbox 1155 2289 1227 2343; x_wconf 91' lang='lat' dir='ltr'><strong>ob</strong></span> <span class='ocrx_word' id='word_1_253' title='bbox 1259 2288 1564 2359; x_wconf 84' lang='lat' dir='ltr'><strong>augendam</strong></span> <span class='ocrx_word' id='word_1_254' title='bbox 1604 2289 1813 2343; x_wconf 90' lang='lat' dir='ltr'><strong>turbam</strong></span> <span class='ocrx_word' id='word_1_255' title='bbox 1835 2305 2175 2361; x_wconf 80' lang='lat' dir='ltr'><strong>congregare</strong></span> 
     </span>
    </p>
   </div>
   <div class='ocr_carea' id='block_1_39' title="bbox 589 2382 2174 2452">
    <p class='ocr_par' dir='ltr' id='par_1_39' title="bbox 589 2382 2174 2452">
     <span class='ocr_line' id='line_1_39' title="bbox 589 2382 2174 2452; baseline 0.001 -16"><span class='ocrx_word' id='word_1_256' title='bbox 589 2395 904 2452; x_wconf 77' lang='lat' dir='ltr'><strong>potuerunt.</strong></span> <span class='ocrx_word' id='word_1_257' title='bbox 941 2382 1186 2452; x_wconf 87' lang='lat' dir='ltr'><strong>Denique</strong></span> <span class='ocrx_word' id='word_1_258' title='bbox 1221 2382 1458 2452; x_wconf 89' lang='lat' dir='ltr'><strong>ipsorum</strong></span> <span class='ocrx_word' id='word_1_259' title='bbox 1490 2396 1682 2451; x_wconf 89' lang='lat' dir='ltr'><strong>agmen</strong></span> <span class='ocrx_word' id='word_1_260' title='bbox 1709 2397 2053 2452; x_wconf 79' lang='lat' dir='ltr'><strong>summopere</strong></span> <span class='ocrx_word' id='word_1_261' title='bbox 2085 2397 2174 2437; x_wconf 87' lang='lat' dir='ltr'><strong>or-</strong></span> 
     </span>
    </p>
   </div>
   <div class='ocr_carea' id='block_1_40' title="bbox 593 2472 2171 2544">
    <p class='ocr_par' dir='ltr' id='par_1_40' title="bbox 593 2472 2171 2544">
     <span class='ocr_line' id='line_1_40' title="bbox 593 2472 2171 2544; baseline 0.001 -17"><span class='ocrx_word' id='word_1_262' title='bbox 593 2484 683 2528; x_wconf 84' lang='lat' dir='ltr'><strong>nat</strong></span> <span class='ocrx_word' id='word_1_263' title='bbox 715 2489 910 2528; x_wconf 89' lang='lat' dir='ltr'><strong>manus</strong></span> <span class='ocrx_word' id='word_1_264' title='bbox 943 2475 1134 2542; x_wconf 84' lang='lat' dir='ltr'><strong>ingens</strong></span> <span class='ocrx_word' id='word_1_265' title='bbox 1187 2473 1468 2527; x_wconf 86' lang='lat' dir='ltr'><strong>hominum</strong></span> <span class='ocrx_word' id='word_1_266' title='bbox 1500 2473 1592 2544; x_wconf 89' lang='lat' dir='ltr'><strong>qui</strong></span> <span class='ocrx_word' id='word_1_267' title='bbox 1627 2472 1678 2527; x_wconf 91' lang='lat' dir='ltr'><strong>in</strong></span> <span class='ocrx_word' id='word_1_268' title='bbox 1722 2473 2052 2530; x_wconf 79' lang='lat' dir='ltr'><strong>militaribus</strong></span> <span class='ocrx_word' id='word_1_269' title='bbox 2079 2489 2171 2529; x_wconf 89' lang='lat' dir='ltr'><strong>or-</strong></span> 
     </span>
    </p>
   </div>
   <div class='ocr_carea' id='block_1_41' title="bbox 593 2565 2171 2637">
    <p class='ocr_par' dir='ltr' id='par_1_41' title="bbox 593 2565 2171 2637">
     <span class='ocr_line' id='line_1_41' title="bbox 593 2565 2171 2637; baseline 0.002 -17"><span class='ocrx_word' id='word_1_270' title='bbox 593 2567 814 2622; x_wconf 86' lang='lat' dir='ltr'><strong>dinibus</strong></span> <span class='ocrx_word' id='word_1_271' title='bbox 845 2566 973 2620; x_wconf 87' lang='lat' dir='ltr'><strong>olim</strong></span> <span class='ocrx_word' id='word_1_272' title='bbox 1012 2565 1254 2630; x_wconf 85' lang='lat' dir='ltr'><strong>fuerunt,</strong></span> <span class='ocrx_word' id='word_1_273' title='bbox 1288 2581 1519 2635; x_wconf 90' lang='lat' dir='ltr'><strong>quorum</strong></span> <span class='ocrx_word' id='word_1_274' title='bbox 1551 2565 1642 2620; x_wconf 87' lang='lat' dir='ltr'><strong>alii</strong></span> <span class='ocrx_word' id='word_1_275' title='bbox 1675 2575 2032 2637; x_wconf 70' lang='lat' dir='ltr'><strong>praetervecta</strong></span> <span class='ocrx_word' id='word_1_276' title='bbox 2059 2568 2171 2637; x_wconf 87' lang='lat' dir='ltr'><strong>jam</strong></span> 
     </span>
    </p>
   </div>
   <div class='ocr_carea' id='block_1_42' title="bbox 589 2655 2174 2727">
    <p class='ocr_par' dir='ltr' id='par_1_42' title="bbox 589 2655 2174 2727">
     <span class='ocr_line' id='line_1_42' title="bbox 589 2655 2174 2727; baseline 0.003 -18"><span class='ocrx_word' id='word_1_277' title='bbox 589 2667 748 2710; x_wconf 64' lang='lat' dir='ltr'><strong>aptate</strong></span> <span class='ocrx_word' id='word_1_278' title='bbox 801 2673 862 2710; x_wconf 89' lang='lat' dir='ltr'><strong>ac</strong></span> <span class='ocrx_word' id='word_1_279' title='bbox 904 2664 1300 2721; x_wconf 85' lang='lat' dir='ltr'><strong>senescentes,</strong></span> <span class='ocrx_word' id='word_1_280' title='bbox 1361 2655 1453 2709; x_wconf 92' lang='lat' dir='ltr'><strong>alii</strong></span> <span class='ocrx_word' id='word_1_281' title='bbox 1495 2656 1745 2712; x_wconf 90' lang='lat' dir='ltr'><strong>criminis</strong></span> <span class='ocrx_word' id='word_1_282' title='bbox 1801 2657 2031 2727; x_wconf 82' lang='lat' dir='ltr'><strong>alicujus</strong></span> <span class='ocrx_word' id='word_1_283' title='bbox 2079 2667 2174 2714; x_wconf 84' lang='lat' dir='ltr'><strong>aut</strong></span> 
     </span>
    </p>
   </div>
   <div class='ocr_carea' id='block_1_43' title="bbox 592 2747 2174 2820">
    <p class='ocr_par' dir='ltr' id='par_1_43' title="bbox 592 2747 2174 2820">
     <span class='ocr_line' id='line_1_43' title="bbox 592 2747 2174 2820; baseline 0.001 -16"><span class='ocrx_word' id='word_1_284' title='bbox 592 2748 947 2819; x_wconf 84' lang='lat' dir='ltr'><strong>turpitudinis</strong></span> <span class='ocrx_word' id='word_1_285' title='bbox 997 2748 1104 2802; x_wconf 87' lang='lat' dir='ltr'><strong>acti</strong></span> <span class='ocrx_word' id='word_1_286' title='bbox 1149 2747 1267 2810; x_wconf 81' lang='lat' dir='ltr'><strong>rei,</strong></span> <span class='ocrx_word' id='word_1_287' title='bbox 1329 2747 1550 2802; x_wconf 80' lang='lat' dir='ltr'><strong>militari</strong></span> <span class='ocrx_word' id='word_1_288' title='bbox 1601 2763 1831 2804; x_wconf 87' lang='lat' dir='ltr'><strong>numero</strong></span> <span class='ocrx_word' id='word_1_289' title='bbox 1863 2750 2024 2820; x_wconf 86' lang='lat' dir='ltr'><strong>ejecti</strong></span> <span class='ocrx_word' id='word_1_290' title='bbox 2059 2750 2174 2805; x_wconf 87' lang='lat' dir='ltr'><strong>fue-</strong></span> 
     </span>
    </p>
   </div>
   <div class='ocr_carea' id='block_1_44' title="bbox 593 2838 2175 2910">
    <p class='ocr_par' dir='ltr' id='par_1_44' title="bbox 593 2838 2175 2910">
     <span class='ocr_line' id='line_1_44' title="bbox 593 2838 2175 2910; baseline 0.001 -18"><span class='ocrx_word' id='word_1_291' title='bbox 593 2851 750 2906; x_wconf 86' lang='lat' dir='ltr'><strong>runt;</strong></span> <span class='ocrx_word' id='word_1_292' title='bbox 773 2855 1004 2910; x_wconf 89' lang='lat' dir='ltr'><strong>quorum</strong></span> <span class='ocrx_word' id='word_1_293' title='bbox 1029 2838 1248 2909; x_wconf 90' lang='lat' dir='ltr'><strong>plurimi</strong></span> <span class='ocrx_word' id='word_1_294' title='bbox 1281 2839 1346 2893; x_wconf 92' lang='lat' dir='ltr'><strong>ad</strong></span> <span class='ocrx_word' id='word_1_295' title='bbox 1377 2840 1657 2909; x_wconf 90' lang='lat' dir='ltr'><strong>antiquam</strong></span> <span class='ocrx_word' id='word_1_296' title='bbox 1688 2841 1834 2894; x_wconf 90' lang='lat' dir='ltr'><strong>illam</strong></span> <span class='ocrx_word' id='word_1_297' title='bbox 1861 2841 2175 2896; x_wconf 83' lang='lat' dir='ltr'><strong>scelestaru-</strong></span> 
     </span>
    </p>
   </div>
   <div class='ocr_carea' id='block_1_45' title="bbox 591 2927 2174 3000">
    <p class='ocr_par' dir='ltr' id='par_1_45' title="bbox 591 2927 2174 3000">
     <span class='ocr_line' id='line_1_45' title="bbox 591 2927 2174 3000; baseline 0.003 -18"><span class='ocrx_word' id='word_1_298' title='bbox 591 2945 698 3000; x_wconf 87' lang='lat' dir='ltr'><strong>qne</strong></span> <span class='ocrx_word' id='word_1_299' title='bbox 729 2928 1035 2983; x_wconf 85' lang='lat' dir='ltr'><strong>doctrinam</strong></span> <span class='ocrx_word' id='word_1_300' title='bbox 1061 2927 1354 2997; x_wconf 85' lang='lat' dir='ltr'><strong>pertinent,</strong></span> <span class='ocrx_word' id='word_1_301' title='bbox 1385 2928 1453 2983; x_wconf 92' lang='lat' dir='ltr'><strong>ob</strong></span> <span class='ocrx_word' id='word_1_302' title='bbox 1479 2943 1630 2984; x_wconf 78' lang='lat' dir='ltr'><strong>suam</strong></span> <span class='ocrx_word' id='word_1_303' title='bbox 1666 2928 1978 2998; x_wconf 85' lang='lat' dir='ltr'><strong>pecudalem</strong></span> <span class='ocrx_word' id='word_1_304' title='bbox 2012 2931 2174 2986; x_wconf 80' lang='lat' dir='ltr'><strong>insci-</strong></span> 
     </span>
    </p>
   </div>
   <div class='ocr_carea' id='block_1_46' title="bbox 595 3019 2172 3091">
    <p class='ocr_par' dir='ltr' id='par_1_46' title="bbox 595 3019 2172 3091">
     <span class='ocr_line' id='line_1_46' title="bbox 595 3019 2172 3091; baseline 0 -15"><span class='ocrx_word' id='word_1_305' title='bbox 595 3027 752 3088; x_wconf 91' lang='lat' dir='ltr'><strong>tiam,</strong></span> <span class='ocrx_word' id='word_1_306' title='bbox 795 3025 937 3076; x_wconf 84' lang='lat' dir='ltr'><strong>unde</strong></span> <span class='ocrx_word' id='word_1_307' title='bbox 969 3029 1024 3075; x_wconf 90' lang='lat' dir='ltr'><strong>et</strong></span> <span class='ocrx_word' id='word_1_308' title='bbox 1047 3035 1189 3074; x_wconf 89' lang='lat' dir='ltr'><strong>nunc</strong></span> <span class='ocrx_word' id='word_1_309' title='bbox 1221 3019 1374 3076; x_wconf 88' lang='lat' dir='ltr'><strong>tuere</strong></span> <span class='ocrx_word' id='word_1_310' title='bbox 1406 3019 1643 3084; x_wconf 89' lang='lat' dir='ltr'><strong>collecti,</strong></span> <span class='ocrx_word' id='word_1_311' title='bbox 1673 3035 1900 3090; x_wconf 87' lang='lat' dir='ltr'><strong>eamque</strong></span> <span class='ocrx_word' id='word_1_312' title='bbox 1931 3035 2041 3091; x_wconf 68' lang='lat' dir='ltr'><strong>prae</strong></span> <span class='ocrx_word' id='word_1_313' title='bbox 2066 3036 2172 3076; x_wconf 71' lang='lat' dir='ltr'><strong>cae-</strong></span> 
     </span>
    </p>
   </div>
   <div class='ocr_carea' id='block_1_47' title="bbox 595 3113 2173 3184">
    <p class='ocr_par' dir='ltr' id='par_1_47' title="bbox 595 3113 2173 3184">
     <span class='ocr_line' id='line_1_47' title="bbox 595 3113 2173 3184; baseline 0 -16"><span class='ocrx_word' id='word_1_314' title='bbox 595 3115 728 3170; x_wconf 89' lang='lat' dir='ltr'><strong>teris</strong></span> <span class='ocrx_word' id='word_1_315' title='bbox 759 3114 1171 3184; x_wconf 84' lang='lat' dir='ltr'><strong>capessiverunt</strong></span> <span class='ocrx_word' id='word_1_316' title='bbox 1199 3128 1211 3164; x_wconf 90' lang='lat'><strong>:</strong></span> <span class='ocrx_word' id='word_1_317' title='bbox 1245 3113 1335 3182; x_wconf 90' lang='lat' dir='ltr'><strong>qui</strong></span> <span class='ocrx_word' id='word_1_318' title='bbox 1365 3122 1652 3182; x_wconf 87' lang='lat' dir='ltr'><strong>postquam</strong></span> <span class='ocrx_word' id='word_1_319' title='bbox 1691 3113 1856 3182; x_wconf 83' lang='lat' dir='ltr'><strong>regiis</strong></span> <span class='ocrx_word' id='word_1_320' title='bbox 1889 3113 2173 3182; x_wconf 89' lang='lat' dir='ltr'><strong>stipendiis</strong></span> 
     </span>
    </p>
   </div>
   <div class='ocr_carea' id='block_1_48' title="bbox 593 3205 2242 3276">
    <p class='ocr_par' dir='ltr' id='par_1_48' title="bbox 593 3205 2242 3276">
     <span class='ocr_line' id='line_1_48' title="bbox 593 3205 2242 3276; baseline -0.002 -16"><span class='ocrx_word' id='word_1_321' title='bbox 593 3207 833 3276; x_wconf 83' lang='lat' dir='ltr'><strong>privati,</strong></span> <span class='ocrx_word' id='word_1_322' title='bbox 883 3205 1026 3260; x_wconf 87' lang='lat' dir='ltr'><strong>unde</strong></span> <span class='ocrx_word' id='word_1_323' title='bbox 1062 3205 1192 3276; x_wconf 89' lang='lat' dir='ltr'><strong>ipsis</strong></span> <span class='ocrx_word' id='word_1_324' title='bbox 1239 3213 1445 3275; x_wconf 64' lang='lat' dir='ltr'><strong>praeter</strong></span> <span class='ocrx_word' id='word_1_325' title='bbox 1498 3218 1778 3259; x_wconf 88' lang='lat' dir='ltr'><strong>armormu</strong></span> <span class='ocrx_word' id='word_1_326' title='bbox 1813 3213 2172 3274; x_wconf 87' lang='lat' dir='ltr'><strong>apparatum,</strong></span> <span class='ocrx_word' id='word_1_327' title='bbox 2200 3205 2242 3231; x_wconf 86' lang='lat'><strong><em>“</em></strong></span> 
     </span>
    </p>
   </div>
   <div class='ocr_carea' id='block_1_49' title="bbox 597 3295 2171 3368">
    <p class='ocr_par' dir='ltr' id='par_1_49' title="bbox 597 3295 2171 3368">
     <span class='ocr_line' id='line_1_49' title="bbox 597 3295 2171 3368; baseline -0.001 -18"><span class='ocrx_word' id='word_1_328' title='bbox 597 3300 774 3354; x_wconf 78' lang='lat' dir='ltr'><strong>victus</strong></span> <span class='ocrx_word' id='word_1_329' title='bbox 823 3312 1041 3368; x_wconf 89' lang='lat' dir='ltr'><strong>quoque</strong></span> <span class='ocrx_word' id='word_1_330' title='bbox 1098 3297 1460 3367; x_wconf 87' lang='lat' dir='ltr'><strong>suppetebat,</strong></span> <span class='ocrx_word' id='word_1_331' title='bbox 1495 3296 1562 3349; x_wconf 90' lang='lat' dir='ltr'><strong>ad</strong></span> <span class='ocrx_word' id='word_1_332' title='bbox 1603 3305 1901 3349; x_wconf 79' lang='lat' dir='ltr'><strong>extremam</strong></span> <span class='ocrx_word' id='word_1_333' title='bbox 1937 3295 2171 3364; x_wconf 79' lang='lat' dir='ltr'><strong>inopiam</strong></span> 
     </span>
    </p>
   </div>
   <div class='ocr_carea' id='block_1_50' title="bbox 591 3388 2174 3467">
    <p class='ocr_par' dir='ltr' id='par_1_50' title="bbox 591 3388 2174 3467">
     <span class='ocr_line' id='line_1_50' title="bbox 591 3388 2174 3467; baseline -0.002 -22"><span class='ocrx_word' id='word_1_334' title='bbox 591 3401 1002 3467; x_wconf 76' lang='lat' dir='ltr'><strong>egestatemqne</strong></span> <span class='ocrx_word' id='word_1_335' title='bbox 1031 3391 1237 3446; x_wconf 88' lang='lat' dir='ltr'><strong>redacti</strong></span> <span class='ocrx_word' id='word_1_336' title='bbox 1267 3396 1448 3454; x_wconf 90' lang='lat' dir='ltr'><strong>erant,</strong></span> <span class='ocrx_word' id='word_1_337' title='bbox 1477 3388 1549 3442; x_wconf 88' lang='lat' dir='ltr'><strong>ita</strong></span> <span class='ocrx_word' id='word_1_338' title='bbox 1580 3395 1642 3444; x_wconf 89' lang='lat' dir='ltr'><strong>ut</strong></span> <span class='ocrx_word' id='word_1_339' title='bbox 1669 3388 1950 3442; x_wconf 80' lang='lat' dir='ltr'><strong>evidenter</strong></span> <span class='ocrx_word' id='word_1_340' title='bbox 1982 3389 2174 3456; x_wconf 79' lang='lat' dir='ltr'><strong>quavis</strong></span> 
     </span>
    </p>
   </div>
   <div class='ocr_carea' id='block_1_51' title="bbox 599 3479 2172 3553">
    <p class='ocr_par' dir='ltr' id='par_1_51' title="bbox 599 3479 2172 3553">
     <span class='ocr_line' id='line_1_51' title="bbox 599 3479 2172 3553; baseline -0.003 -14"><span class='ocrx_word' id='word_1_341' title='bbox 599 3501 656 3539; x_wconf 88' lang='lat' dir='ltr'><strong>re</strong></span> <span class='ocrx_word' id='word_1_342' title='bbox 682 3500 802 3553; x_wconf 65' lang='lat' dir='ltr'><strong>qua:</strong></span> <span class='ocrx_word' id='word_1_343' title='bbox 835 3485 886 3538; x_wconf 89' lang='lat' dir='ltr'><strong>in</strong></span> <span class='ocrx_word' id='word_1_344' title='bbox 916 3498 1109 3538; x_wconf 85' lang='lat' dir='ltr'><strong>manus</strong></span> <span class='ocrx_word' id='word_1_345' title='bbox 1153 3481 1416 3537; x_wconf 89' lang='lat' dir='ltr'><strong>incideret</strong></span> <span class='ocrx_word' id='word_1_346' title='bbox 1449 3481 1770 3551; x_wconf 81' lang='lat' dir='ltr'><strong>indigerent,</strong></span> <span class='ocrx_word' id='word_1_347' title='bbox 1803 3488 1856 3534; x_wconf 90' lang='lat' dir='ltr'><strong>et</strong></span> <span class='ocrx_word' id='word_1_348' title='bbox 1893 3493 1958 3534; x_wconf 79' lang='lat' dir='ltr'><strong>ex</strong></span> <span class='ocrx_word' id='word_1_349' title='bbox 2005 3479 2172 3534; x_wconf 77' lang='lat' dir='ltr'><strong>colle-</strong></span> 
     </span>
    </p>
   </div>
   <div class='ocr_carea' id='block_1_52' title="bbox 597 3570 2174 3648">
    <p class='ocr_par' dir='ltr' id='par_1_52' title="bbox 597 3570 2174 3648">
     <span class='ocr_line' id='line_1_52' title="bbox 597 3570 2174 3648; baseline -0.005 -15"><span class='ocrx_word' id='word_1_350' title='bbox 597 3579 704 3634; x_wconf 86' lang='lat' dir='ltr'><strong>ctis</strong></span> <span class='ocrx_word' id='word_1_351' title='bbox 734 3575 994 3648; x_wconf 76' lang='lat' dir='ltr'><strong>symbolis</strong></span> <span class='ocrx_word' id='word_1_352' title='bbox 1023 3575 1190 3628; x_wconf 88' lang='lat' dir='ltr'><strong>vitam</strong></span> <span class='ocrx_word' id='word_1_353' title='bbox 1237 3579 1630 3632; x_wconf 88' lang='lat' dir='ltr'><strong>sustentarent,</strong></span> <span class='ocrx_word' id='word_1_354' title='bbox 1667 3570 2174 3639; x_wconf 71' lang='lat' dir='ltr'><strong>circumspicientes</strong></span> 
     </span>
    </p>
   </div>
   <div class='ocr_carea' id='block_1_53' title="bbox 597 3663 2174 3733">
    <p class='ocr_par' dir='ltr' id='par_1_53' title="bbox 597 3663 2174 3733">
     <span class='ocr_line' id='line_1_53' title="bbox 597 3663 2174 3733; baseline -0.003 -11"><span class='ocrx_word' id='word_1_355' title='bbox 597 3669 786 3723; x_wconf 84' lang='lat' dir='ltr'><strong>sedulo</strong></span> <span class='ocrx_word' id='word_1_356' title='bbox 827 3667 1048 3722; x_wconf 91' lang='lat' dir='ltr'><strong>ubinam</strong></span> <span class='ocrx_word' id='word_1_357' title='bbox 1084 3665 1334 3721; x_wconf 86' lang='lat' dir='ltr'><strong>convivia</strong></span> <span class='ocrx_word' id='word_1_358' title='bbox 1370 3674 1655 3733; x_wconf 75' lang='lat' dir='ltr'><strong>cmtusque</strong></span> <span class='ocrx_word' id='word_1_359' title='bbox 1701 3663 1914 3729; x_wconf 82' lang='lat' dir='ltr'><strong>tierent,</strong></span> <span class='ocrx_word' id='word_1_360' title='bbox 1956 3673 2016 3718; x_wconf 89' lang='lat' dir='ltr'><strong>ut</strong></span> <span class='ocrx_word' id='word_1_361' title='bbox 2049 3664 2174 3718; x_wconf 90' lang='lat' dir='ltr'><strong>illnc</strong></span> 
     </span>
    </p>
   </div>
   <div class='ocr_carea' id='block_1_54' title="bbox 595 3757 2171 3830">
    <p class='ocr_par' dir='ltr' id='par_1_54' title="bbox 595 3757 2171 3830">
     <span class='ocr_line' id='line_1_54' title="bbox 595 3757 2171 3830; baseline -0.005 -12"><span class='ocrx_word' id='word_1_362' title='bbox 595 3765 840 3830; x_wconf 80' lang='lat' dir='ltr'><strong>protinus</strong></span> <span class='ocrx_word' id='word_1_363' title='bbox 854 3759 1226 3824; x_wconf 70' lang='lat' dir='ltr'><strong>con’volarcnt,</strong></span> <span class='ocrx_word' id='word_1_364' title='bbox 1245 3767 1409 3826; x_wconf 89' lang='lat' dir='ltr'><strong>atque</strong></span> <span class='ocrx_word' id='word_1_365' title='bbox 1428 3757 1502 3810; x_wconf 89' lang='lat' dir='ltr'><strong>ita</strong></span> <span class='ocrx_word' id='word_1_366' title='bbox 1523 3766 1822 3826; x_wconf 85' lang='lat' dir='ltr'><strong>egestatem</strong></span> <span class='ocrx_word' id='word_1_367' title='bbox 1849 3757 2171 3825; x_wconf 80' lang='lat' dir='ltr'><strong>angustias-</strong></span> 
     </span>
    </p>
   </div>
   <div class='ocr_carea' id='block_1_55' title="bbox 592 3848 2172 3922">
    <p class='ocr_par' dir='ltr' id='par_1_55' title="bbox 592 3848 2172 3922">
     <span class='ocr_line' id='line_1_55' title="bbox 592 3848 2172 3922; baseline -0.004 -14"><span class='ocrx_word' id='word_1_368' title='bbox 592 3868 700 3922; x_wconf 84' lang='lat' dir='ltr'><strong>que</strong></span> <span class='ocrx_word' id='word_1_369' title='bbox 729 3867 856 3908; x_wconf 88' lang='lat' dir='ltr'><strong>suas</strong></span> <span class='ocrx_word' id='word_1_370' title='bbox 880 3853 1208 3908; x_wconf 86' lang='lat' dir='ltr'><strong>solarentur.</strong></span> <span class='ocrx_word' id='word_1_371' title='bbox 1237 3850 1300 3905; x_wconf 92' lang='lat' dir='ltr'><strong>lli</strong></span> <span class='ocrx_word' id='word_1_372' title='bbox 1319 3865 1530 3913; x_wconf 89' lang='lat' dir='ltr'><strong>omnes,</strong></span> <span class='ocrx_word' id='word_1_373' title='bbox 1559 3861 1614 3903; x_wconf 92' lang='lat' dir='ltr'><strong>ut</strong></span> <span class='ocrx_word' id='word_1_374' title='bbox 1637 3849 1859 3912; x_wconf 89' lang='lat' dir='ltr'><strong>scimus,</strong></span> <span class='ocrx_word' id='word_1_375' title='bbox 1895 3848 2172 3917; x_wconf 78' lang='lat' dir='ltr'><strong>pejor-ibus</strong></span> 
     </span>
    </p>
   </div>
   <div class='ocr_carea' id='block_1_56' title="bbox 593 3943 2167 4012">
    <p class='ocr_par' dir='ltr' id='par_1_56' title="bbox 593 3943 2167 4012">
     <span class='ocr_line' id='line_1_56' title="bbox 593 3943 2167 4012; baseline -0.006 -11"><span class='ocrx_word' id='word_1_376' title='bbox 593 3945 816 4002; x_wconf 85' lang='lat' dir='ltr'><strong>studere</strong></span> <span class='ocrx_word' id='word_1_377' title='bbox 874 3943 1052 4008; x_wconf 88' lang='lat' dir='ltr'><strong>soliti,</strong></span> <span class='ocrx_word' id='word_1_378' title='bbox 1104 3952 1424 4012; x_wconf 83' lang='lat' dir='ltr'><strong>praesentem</strong></span> <span class='ocrx_word' id='word_1_379' title='bbox 1468 3955 1654 3994; x_wconf 86' lang='lat' dir='ltr'><strong>rerqu</strong></span> <span class='ocrx_word' id='word_1_380' title='bbox 1711 3947 1914 3993; x_wconf 88' lang='lat' dir='ltr'><strong>statum</strong></span> <span class='ocrx_word' id='word_1_381' title='bbox 1949 3952 2167 4005; x_wconf 89' lang='lat' dir='ltr'><strong>semper</strong></span> 
     </span>
    </p>
   </div>
   <div class='ocr_carea' id='block_1_57' title="bbox 598 4029 2174 4100">
    <p class='ocr_par' dir='ltr' id='par_1_57' title="bbox 598 4029 2174 4100">
     <span class='ocr_line' id='line_1_57' title="bbox 598 4029 2174 4100; baseline -0.005 -10"><span class='ocrx_word' id='word_1_382' title='bbox 598 4033 851 4098; x_wconf 87' lang='lat' dir='ltr'><strong>oderunt,</strong></span> <span class='ocrx_word' id='word_1_383' title='bbox 884 4030 1334 4088; x_wconf 86' lang='lat' dir='ltr'><strong>conversionibus</strong></span> <span class='ocrx_word' id='word_1_384' title='bbox 1379 4029 1612 4100; x_wconf 84' lang='lat' dir='ltr'><strong>publicis</strong></span> <span class='ocrx_word' id='word_1_385' title='bbox 1657 4029 1936 4098; x_wconf 80' lang='lat' dir='ltr'><strong>gaudent,</strong></span> <span class='ocrx_word' id='word_1_386' title='bbox 1978 4041 2174 4096; x_wconf 90' lang='lat' dir='ltr'><strong>resque</strong></span> 
     </span>
    </p>
   </div>
   <div class='ocr_carea' id='block_1_58' title="bbox 597 4119 2171 4189">
    <p class='ocr_par' dir='ltr' id='par_1_58' title="bbox 597 4119 2171 4189">
     <span class='ocr_line' id='line_1_58' title="bbox 597 4119 2171 4189; baseline -0.005 -9"><span class='ocrx_word' id='word_1_387' title='bbox 597 4139 770 4180; x_wconf 86' lang='lat' dir='ltr'><strong>novas</strong></span> <span class='ocrx_word' id='word_1_388' title='bbox 795 4122 1086 4189; x_wconf 74' lang='lat' dir='ltr'><strong>affectant,</strong></span> <span class='ocrx_word' id='word_1_389' title='bbox 1118 4132 1178 4178; x_wconf 91' lang='lat' dir='ltr'><strong>ut</strong></span> <span class='ocrx_word' id='word_1_390' title='bbox 1210 4137 1276 4178; x_wconf 77' lang='lat' dir='ltr'><strong>ex</strong></span> <span class='ocrx_word' id='word_1_391' title='bbox 1312 4122 1399 4176; x_wconf 86' lang='lat' dir='ltr'><strong>his</strong></span> <span class='ocrx_word' id='word_1_392' title='bbox 1429 4119 1748 4175; x_wconf 88' lang='lat' dir='ltr'><strong>tumultibus</strong></span> <span class='ocrx_word' id='word_1_393' title='bbox 1775 4133 1839 4172; x_wconf 88' lang='lat' dir='ltr'><strong>ac</strong></span> <span class='ocrx_word' id='word_1_394' title='bbox 1885 4119 2171 4186; x_wconf 81' lang='lat' dir='ltr'><strong>perturba-</strong></span> 
     </span>
    </p>
   </div>
   <div class='ocr_carea' id='block_1_59' title="bbox 602 4208 2172 4282">
    <p class='ocr_par' dir='ltr' id='par_1_59' title="bbox 602 4208 2172 4282">
     <span class='ocr_line' id='line_1_59' title="bbox 602 4208 2172 4282; baseline -0.003 -14"><span class='ocrx_word' id='word_1_395' title='bbox 602 4215 840 4270; x_wconf 87' lang='lat' dir='ltr'><strong>tionibus</strong></span> <span class='ocrx_word' id='word_1_396' title='bbox 874 4212 1006 4268; x_wconf 89' lang='lat' dir='ltr'><strong>utile</strong></span> <span class='ocrx_word' id='word_1_397' title='bbox 1041 4212 1242 4282; x_wconf 86' lang='lat' dir='ltr'><strong>aliquid</strong></span> <span class='ocrx_word' id='word_1_398' title='bbox 1270 4211 1515 4280; x_wconf 68' lang='lat' dir='ltr'><strong>vitaque</strong></span> <span class='ocrx_word' id='word_1_399' title='bbox 1547 4208 1918 4263; x_wconf 83' lang='lat' dir='ltr'><strong>necessarium</strong></span> <span class='ocrx_word' id='word_1_400' title='bbox 1985 4211 2172 4278; x_wconf 78' lang='lat' dir='ltr'><strong>expis-</strong></span> 
     </span>
    </p>
   </div>
   <div class='ocr_carea' id='block_1_60' title="bbox 2279 1919 3861 1992">
    <p class='ocr_par' dir='ltr' id='par_1_60' title="bbox 2279 1919 3861 1992">
     <span class='ocr_line' id='line_1_60' title="bbox 2279 1919 3861 1992; baseline 0.001 -19"><span class='ocrx_word' id='word_1_401' title='bbox 2279 1919 2600 1991; x_wconf 81' lang='grc' dir='ltr'>ἀμαρτωλὺς</span> <span class='ocrx_word' id='word_1_402' title='bbox 2628 1921 2661 1991; x_wconf 81' lang='grc' dir='ltr'><strong>ὴ</strong></span> <span class='ocrx_word' id='word_1_403' title='bbox 2698 1921 2977 1992; x_wconf 85' lang='grc' dir='ltr'>ἁμαρτία·</span> <span class='ocrx_word' id='word_1_404' title='bbox 3010 1921 3132 1974; x_wconf 71' lang='grc' dir='ltr'>οὐδὲ</span> <span class='ocrx_word' id='word_1_405' title='bbox 3162 1921 3272 1974; x_wconf 88' lang='grc' dir='ltr'><strong>τῶν</strong></span> <span class='ocrx_word' id='word_1_406' title='bbox 3296 1921 3602 1992; x_wconf 87' lang='grc' dir='ltr'>θεατρικῶν</span> <span class='ocrx_word' id='word_1_407' title='bbox 3629 1923 3722 1975; x_wconf 73' lang='grc' dir='ltr'>καὶ</span> <span class='ocrx_word' id='word_1_408' title='bbox 3751 1921 3861 1974; x_wconf 85' lang='grc' dir='ltr'><strong>τῶν</strong></span> 
     </span>
    </p>
   </div>
   <div class='ocr_carea' id='block_1_61' title="bbox 2275 2011 3857 2084">
    <p class='ocr_par' dir='ltr' id='par_1_61' title="bbox 2275 2011 3857 2084">
     <span class='ocr_line' id='line_1_61' title="bbox 2275 2011 3857 2084; baseline 0.011 -18"><span class='ocrx_word' id='word_1_409' title='bbox 2275 2011 2385 2066; x_wconf 82' lang='grc' dir='ltr'><strong>ἀπὸ</strong></span> <span class='ocrx_word' id='word_1_410' title='bbox 2419 2013 2518 2084; x_wconf 88' lang='grc' dir='ltr'><strong>τῆς</strong></span> <span class='ocrx_word' id='word_1_411' title='bbox 2568 2013 2780 2083; x_wconf 83' lang='grc' dir='ltr'>σκηνῆς</span> <span class='ocrx_word' id='word_1_412' title='bbox 2804 2015 2855 2066; x_wconf 80' lang='lat' dir='ltr'><strong>oi</strong></span> <span class='ocrx_word' id='word_1_413' title='bbox 2891 2013 3249 2084; x_wconf 79' lang='grc' dir='ltr'>προάγοντες,</span> <span class='ocrx_word' id='word_1_414' title='bbox 3284 2013 3378 2077; x_wconf 80' lang='grc' dir='ltr'>οὒς</span> <span class='ocrx_word' id='word_1_415' title='bbox 3415 2015 3620 2084; x_wconf 76' lang='grc' dir='ltr'>μίμους</span> <span class='ocrx_word' id='word_1_416' title='bbox 3646 2014 3724 2084; x_wconf 72' lang='grc' dir='ltr'><strong>τῷ</strong></span> <span class='ocrx_word' id='word_1_417' title='bbox 3760 2015 3857 2084; x_wconf 74' lang='grc' dir='ltr'><strong>δη-</strong></span> 
     </span>
    </p>
   </div>
   <div class='ocr_carea' id='block_1_62' title="bbox 2278 2100 3859 2175">
    <p class='ocr_par' dir='ltr' id='par_1_62' title="bbox 2278 2100 3859 2175">
     <span class='ocr_line' id='line_1_62' title="bbox 2278 2100 3859 2175; baseline 0.003 -22"><span class='ocrx_word' id='word_1_418' title='bbox 2278 2100 2444 2169; x_wconf 87' lang='grc' dir='ltr'>μώδει</span> <span class='ocrx_word' id='word_1_419' title='bbox 2469 2101 2656 2154; x_wconf 85' lang='grc' dir='ltr'>καλεῖν</span> <span class='ocrx_word' id='word_1_420' title='bbox 2687 2102 2920 2155; x_wconf 75' lang='grc' dir='ltr'>εἰθισται</span> <span class='ocrx_word' id='word_1_421' title='bbox 2955 2102 3123 2173; x_wconf 84' lang='grc' dir='ltr'>λόγῳ,</span> <span class='ocrx_word' id='word_1_422' title='bbox 3158 2102 3256 2173; x_wconf 89' lang='grc' dir='ltr'><strong>τῆς</strong></span> <span class='ocrx_word' id='word_1_423' title='bbox 3293 2103 3500 2172; x_wconf 82' lang='grc' dir='ltr'>σεμνῆς</span> <span class='ocrx_word' id='word_1_424' title='bbox 3527 2104 3859 2175; x_wconf 86' lang='grc' dir='ltr'>ὁμηγύρεως</span> 
     </span>
    </p>
   </div>
   <div class='ocr_carea' id='block_1_63' title="bbox 2273 2192 3860 2265">
    <p class='ocr_par' dir='ltr' id='par_1_63' title="bbox 2273 2192 3860 2265">
     <span class='ocr_line' id='line_1_63' title="bbox 2273 2192 3860 2265; baseline 0.001 -19"><span class='ocrx_word' id='word_1_425' title='bbox 2273 2192 2482 2263; x_wconf 84' lang='grc' dir='ltr'>ταύτης</span> <span class='ocrx_word' id='word_1_426' title='bbox 2527 2192 3007 2262; x_wconf 88' lang='grc' dir='ltr'>ἀπολιμπάνονται</span> <span class='ocrx_word' id='word_1_427' title='bbox 3033 2209 3048 2224; x_wconf 89' lang='grc'><strong>·</strong></span> <span class='ocrx_word' id='word_1_428' title='bbox 3085 2194 3202 2246; x_wconf 81' lang='grc' dir='ltr'>ἐστι</span> <span class='ocrx_word' id='word_1_429' title='bbox 3234 2194 3293 2246; x_wconf 79' lang='grc' dir='ltr'><strong>δέ</strong></span> <span class='ocrx_word' id='word_1_430' title='bbox 3335 2194 3428 2257; x_wconf 82' lang='grc' dir='ltr'><strong>οὓς</strong></span> <span class='ocrx_word' id='word_1_431' title='bbox 3478 2197 3575 2265; x_wconf 70' lang='grc' dir='ltr'><strong>καὶ</strong></span> <span class='ocrx_word' id='word_1_432' title='bbox 3617 2195 3727 2247; x_wconf 90' lang='grc' dir='ltr'><strong>τῶν</strong></span> <span class='ocrx_word' id='word_1_433' title='bbox 3759 2212 3860 2248; x_wconf 83' lang='grc' dir='ltr'>κα-</span> 
     </span>
    </p>
   </div>
   <div class='ocr_carea' id='block_1_64' title="bbox 2275 2289 3859 2363">
    <p class='ocr_par' dir='ltr' id='par_1_64' title="bbox 2275 2289 3859 2363">
     <span class='ocr_line' id='line_1_64' title="bbox 2275 2289 3859 2363; baseline 0 -19"><span class='ocrx_word' id='word_1_434' title='bbox 2275 2289 2549 2363; x_wconf 86' lang='grc' dir='ltr'>πηλικῶν,</span> <span class='ocrx_word' id='word_1_435' title='bbox 2581 2290 2678 2343; x_wconf 81' lang='grc' dir='ltr'>καὶ</span> <span class='ocrx_word' id='word_1_436' title='bbox 2703 2289 2814 2344; x_wconf 87' lang='grc' dir='ltr'><strong>τῶν</strong></span> <span class='ocrx_word' id='word_1_437' title='bbox 2846 2292 2912 2344; x_wconf 89' lang='grc' dir='ltr'><strong>ἐκ</strong></span> <span class='ocrx_word' id='word_1_438' title='bbox 2933 2289 3044 2344; x_wconf 88' lang='grc' dir='ltr'><strong>τῶν</strong></span> <span class='ocrx_word' id='word_1_439' title='bbox 3069 2290 3298 2362; x_wconf 82' lang='grc' dir='ltr'>τριόδων</span> <span class='ocrx_word' id='word_1_440' title='bbox 3317 2291 3413 2344; x_wconf 71' lang='grc' dir='ltr'>καὶ</span> <span class='ocrx_word' id='word_1_441' title='bbox 3443 2291 3859 2361; x_wconf 85' lang='grc' dir='ltr'>χαμαιτυπείων</span> 
     </span>
    </p>
   </div>
   <div class='ocr_carea' id='block_1_65' title="bbox 2274 2381 3858 2453">
    <p class='ocr_par' dir='ltr' id='par_1_65' title="bbox 2274 2381 3858 2453">
     <span class='ocr_line' id='line_1_65' title="bbox 2274 2381 3858 2453; baseline -0.003 -17"><span class='ocrx_word' id='word_1_442' title='bbox 2274 2381 2670 2453; x_wconf 74' lang='grc' dir='ltr'>ἐπικουρήσειν</span> <span class='ocrx_word' id='word_1_443' title='bbox 2716 2383 2830 2446; x_wconf 76' lang='grc' dir='ltr'>τοῖς</span> <span class='ocrx_word' id='word_1_444' title='bbox 2890 2381 3297 2451; x_wconf 86' lang='grc' dir='ltr'>πραττομένοις</span> <span class='ocrx_word' id='word_1_445' title='bbox 3343 2381 3733 2442; x_wconf 83' lang='grc' dir='ltr'>συνεκάλεσαν,</span> <span class='ocrx_word' id='word_1_446' title='bbox 3764 2381 3858 2438; x_wconf 68' lang='grc' dir='ltr'>καὶ</span> 
     </span>
    </p>
   </div>
   <div class='ocr_carea' id='block_1_66' title="bbox 2273 2472 3856 2547">
    <p class='ocr_par' dir='ltr' id='par_1_66' title="bbox 2273 2472 3856 2547">
     <span class='ocr_line' id='line_1_66' title="bbox 2273 2472 3856 2547; baseline -0.004 -18"><span class='ocrx_word' id='word_1_447' title='bbox 2273 2475 2399 2529; x_wconf 82' lang='grc' dir='ltr'>ὅσον</span> <span class='ocrx_word' id='word_1_448' title='bbox 2438 2475 2744 2547; x_wconf 76' lang='grc' dir='ltr'>ἀγυρτικὸν</span> <span class='ocrx_word' id='word_1_449' title='bbox 2781 2491 2841 2527; x_wconf 82' lang='grc' dir='ltr'><strong>τε</strong></span> <span class='ocrx_word' id='word_1_450' title='bbox 2873 2474 2970 2528; x_wconf 77' lang='grc' dir='ltr'>καὶ</span> <span class='ocrx_word' id='word_1_451' title='bbox 3000 2473 3256 2542; x_wconf 79' lang='grc' dir='ltr'>ἀγελαῖον</span> <span class='ocrx_word' id='word_1_452' title='bbox 3287 2475 3380 2525; x_wconf 69' lang='grc' dir='ltr'><strong>καὶ</strong></span> <span class='ocrx_word' id='word_1_453' title='bbox 3406 2473 3675 2542; x_wconf 82' lang='grc' dir='ltr'>βάναυσον</span> <span class='ocrx_word' id='word_1_454' title='bbox 3704 2472 3856 2542; x_wconf 81' lang='grc' dir='ltr'>ὀχλο-</span> 
     </span>
    </p>
   </div>
   <div class='ocr_carea' id='block_1_67' title="bbox 2269 2563 3854 2640">
    <p class='ocr_par' dir='ltr' id='par_1_67' title="bbox 2269 2563 3854 2640">
     <span class='ocr_line' id='line_1_67' title="bbox 2269 2563 3854 2640; baseline -0.005 -18"><span class='ocrx_word' id='word_1_455' title='bbox 2269 2571 2607 2640; x_wconf 81' lang='grc' dir='ltr'>ποιήσαντες</span> <span class='ocrx_word' id='word_1_456' title='bbox 2653 2567 3140 2638; x_wconf 76' lang='grc' dir='ltr'>περιαθροίζουσι·</span> <span class='ocrx_word' id='word_1_457' title='bbox 3190 2567 3388 2634; x_wconf 86' lang='grc' dir='ltr'>κοσμεῖ</span> <span class='ocrx_word' id='word_1_458' title='bbox 3426 2563 3482 2616; x_wconf 86' lang='grc' dir='ltr'><strong>δέ</strong></span> <span class='ocrx_word' id='word_1_459' title='bbox 3519 2563 3699 2616; x_wconf 80' lang='grc' dir='ltr'>αὐτῶν</span> <span class='ocrx_word' id='word_1_460' title='bbox 3753 2564 3854 2633; x_wconf 86' lang='grc' dir='ltr'>μά-</span> 
     </span>
    </p>
   </div>
   <div class='ocr_carea' id='block_1_68' title="bbox 2271 2653 3855 2731">
    <p class='ocr_par' dir='ltr' id='par_1_68' title="bbox 2271 2653 3855 2731">
     <span class='ocr_line' id='line_1_68' title="bbox 2271 2653 3855 2731; baseline -0.004 -18"><span class='ocrx_word' id='word_1_461' title='bbox 2271 2664 2431 2715; x_wconf 84' lang='grc' dir='ltr'>λιστα</span> <span class='ocrx_word' id='word_1_462' title='bbox 2473 2659 2573 2731; x_wconf 78' lang='grc' dir='ltr'><strong>τὴν</strong></span> <span class='ocrx_word' id='word_1_463' title='bbox 2602 2659 2931 2730; x_wconf 76' lang='grc' dir='ltr'>παράταξιν,</span> <span class='ocrx_word' id='word_1_464' title='bbox 2989 2659 3080 2711; x_wconf 75' lang='grc' dir='ltr'><strong>καὶ</strong></span> <span class='ocrx_word' id='word_1_465' title='bbox 3133 2655 3298 2727; x_wconf 80' lang='grc' dir='ltr'>μέρος</span> <span class='ocrx_word' id='word_1_466' title='bbox 3348 2655 3449 2706; x_wconf 79' lang='grc' dir='ltr'><strong>οὐκ</strong></span> <span class='ocrx_word' id='word_1_467' title='bbox 3485 2653 3855 2723; x_wconf 80' lang='grc' dir='ltr'>εὐαρίθμητον</span> 
     </span>
    </p>
   </div>
   <div class='ocr_carea' id='block_1_69' title="bbox 2272 2739 3857 2825">
    <p class='ocr_par' dir='ltr' id='par_1_69' title="bbox 2272 2739 3857 2825">
     <span class='ocr_line' id='line_1_69' title="bbox 2272 2739 3857 2825; baseline -0.006 -17"><span class='ocrx_word' id='word_1_468' title='bbox 2272 2754 2382 2808; x_wconf 88' lang='grc' dir='ltr'><strong>τῶν</strong></span> <span class='ocrx_word' id='word_1_469' title='bbox 2419 2753 2479 2806; x_wconf 83' lang='grc' dir='ltr'><strong>ἐν</strong></span> <span class='ocrx_word' id='word_1_470' title='bbox 2510 2753 2927 2825; x_wconf 73' lang='grc' dir='ltr'>στρατιωτικοῖς</span> <span class='ocrx_word' id='word_1_471' title='bbox 2965 2750 3216 2819; x_wconf 86' lang='grc' dir='ltr'>τάγμασι</span> <span class='ocrx_word' id='word_1_472' title='bbox 3247 2745 3548 2800; x_wconf 86' lang='grc' dir='ltr'>τελούντων</span> <span class='ocrx_word' id='word_1_473' title='bbox 3587 2746 3740 2809; x_wconf 78' lang='grc' dir='ltr'>ποτὲ,</span> <span class='ocrx_word' id='word_1_474' title='bbox 3779 2739 3857 2798; x_wconf 81' lang='grc' dir='ltr'><strong>ῶν</strong></span> 
     </span>
    </p>
   </div>
   <div class='ocr_carea' id='block_1_70' title="bbox 2273 2835 3855 2916">
    <p class='ocr_par' dir='ltr' id='par_1_70' title="bbox 2273 2835 3855 2916">
     <span class='ocr_line' id='line_1_70' title="bbox 2273 2835 3855 2916; baseline -0.008 -16"><span class='ocrx_word' id='word_1_475' title='bbox 2273 2847 2322 2900; x_wconf 83' lang='lat' dir='ltr'><strong>ot</strong></span> <span class='ocrx_word' id='word_1_476' title='bbox 2353 2845 2456 2916; x_wconf 79' lang='grc' dir='ltr'><strong>μὲν</strong></span> <span class='ocrx_word' id='word_1_477' title='bbox 2491 2844 2586 2897; x_wconf 60' lang='lat' dir='ltr'><strong>ac:</strong></span> <span class='ocrx_word' id='word_1_478' title='bbox 2613 2840 3002 2913; x_wconf 76' lang='grc' dir='ltr'>παρηδηκότες</span> <span class='ocrx_word' id='word_1_479' title='bbox 3030 2839 3132 2908; x_wconf 84' lang='grc' dir='ltr'><strong>τὴν</strong></span> <span class='ocrx_word' id='word_1_480' title='bbox 3183 2837 3334 2907; x_wconf 82' lang='grc' dir='ltr'>ώραν</span> <span class='ocrx_word' id='word_1_481' title='bbox 3364 2838 3460 2890; x_wconf 78' lang='grc' dir='ltr'>καὶ</span> <span class='ocrx_word' id='word_1_482' title='bbox 3484 2835 3776 2905; x_wconf 76' lang='grc' dir='ltr'>ἀφήλικες,</span> <span class='ocrx_word' id='word_1_483' title='bbox 3807 2837 3855 2887; x_wconf 79' lang='lat' dir='ltr'><strong>oi</strong></span> 
     </span>
    </p>
   </div>
   <div class='ocr_carea' id='block_1_71' title="bbox 2273 2927 3857 3002">
    <p class='ocr_par' dir='ltr' id='par_1_71' title="bbox 2273 2927 3857 3002">
     <span class='ocr_line' id='line_1_71' title="bbox 2273 2927 3857 3002; baseline -0.006 -13"><span class='ocrx_word' id='word_1_484' title='bbox 2273 2936 2332 2989; x_wconf 92' lang='grc' dir='ltr'><strong>δέ</strong></span> <span class='ocrx_word' id='word_1_485' title='bbox 2350 2937 2440 2988; x_wconf 77' lang='grc' dir='ltr'>ἐπ’</span> <span class='ocrx_word' id='word_1_486' title='bbox 2468 2934 2676 2997; x_wconf 73' lang='grc' dir='ltr'>αἰτίαις</span> <span class='ocrx_word' id='word_1_487' title='bbox 2699 2933 2812 2986; x_wconf 78' lang='grc' dir='ltr'>τισὶ</span> <span class='ocrx_word' id='word_1_488' title='bbox 2840 2929 3232 3002; x_wconf 72' lang='grc' dir='ltr'>πεφωραμένοι</span> <span class='ocrx_word' id='word_1_489' title='bbox 3259 2929 3358 2982; x_wconf 73' lang='grc' dir='ltr'>καὶ</span> <span class='ocrx_word' id='word_1_490' title='bbox 3384 2927 3734 2998; x_wconf 85' lang='grc' dir='ltr'>αἰσχρότησι,</span> <span class='ocrx_word' id='word_1_491' title='bbox 3758 2929 3857 2996; x_wconf 82' lang='grc' dir='ltr'><strong>τῆς</strong></span> 
     </span>
    </p>
   </div>
   <div class='ocr_carea' id='block_1_72' title="bbox 2277 3009 3857 3094">
    <p class='ocr_par' dir='ltr' id='par_1_72' title="bbox 2277 3009 3857 3094">
     <span class='ocr_line' id='line_1_72' title="bbox 2277 3009 3857 3094; baseline 0.008 -28"><span class='ocrx_word' id='word_1_492' title='bbox 2277 3024 2472 3094; x_wconf 77' lang='grc' dir='ltr'>μοίρας</span> <span class='ocrx_word' id='word_1_493' title='bbox 2494 3025 2594 3092; x_wconf 75' lang='grc' dir='ltr'><strong>τῆς</strong></span> <span class='ocrx_word' id='word_1_494' title='bbox 2626 3020 2876 3074; x_wconf 73' lang='grc' dir='ltr'>ἐνοπλίου</span> <span class='ocrx_word' id='word_1_495' title='bbox 2906 3019 3302 3089; x_wconf 74' lang='grc' dir='ltr'>ἀπελήλανται,</span> <span class='ocrx_word' id='word_1_496' title='bbox 3334 3009 3410 3070; x_wconf 78' lang='grc' dir='ltr'>ὧν</span> <span class='ocrx_word' id='word_1_497' title='bbox 3440 3018 3490 3069; x_wconf 81' lang='grc' dir='ltr'>οἱ</span> <span class='ocrx_word' id='word_1_498' title='bbox 3518 3015 3736 3079; x_wconf 79' lang='grc' dir='ltr'>πλειους</span> <span class='ocrx_word' id='word_1_499' title='bbox 3756 3017 3857 3084; x_wconf 81' lang='grc' dir='ltr'><strong>τῆς</strong></span> 
     </span>
    </p>
   </div>
   <div class='ocr_carea' id='block_1_73' title="bbox 2277 3109 3856 3184">
    <p class='ocr_par' dir='ltr' id='par_1_73' title="bbox 2277 3109 3856 3184">
     <span class='ocr_line' id='line_1_73' title="bbox 2277 3109 3856 3184; baseline -0.006 -15"><span class='ocrx_word' id='word_1_500' title='bbox 2277 3117 2518 3181; x_wconf 77' lang='grc' dir='ltr'>παλαιᾶς</span> <span class='ocrx_word' id='word_1_501' title='bbox 2558 3115 2777 3184; x_wconf 86' lang='grc' dir='ltr'>ἐκείνης</span> <span class='ocrx_word' id='word_1_502' title='bbox 2820 3113 2915 3168; x_wconf 68' lang='grc' dir='ltr'>καὶ</span> <span class='ocrx_word' id='word_1_503' title='bbox 2939 3111 3238 3174; x_wconf 76' lang='grc' dir='ltr'>δυσσεϐοῦς</span> <span class='ocrx_word' id='word_1_504' title='bbox 3265 3109 3616 3171; x_wconf 86' lang='grc' dir='ltr'>διδασκαλίας</span> <span class='ocrx_word' id='word_1_505' title='bbox 3649 3109 3856 3178; x_wconf 68' lang='grc' dir='ltr'>τυγχάο</span> 
     </span>
    </p>
   </div>
   <div class='ocr_carea' id='block_1_74' title="bbox 2276 3199 3852 3275">
    <p class='ocr_par' dir='ltr' id='par_1_74' title="bbox 2276 3199 3852 3275">
     <span class='ocr_line' id='line_1_74' title="bbox 2276 3199 3852 3275; baseline -0.006 -14"><span class='ocrx_word' id='word_1_506' title='bbox 2276 3224 2485 3273; x_wconf 86' lang='grc' dir='ltr'>νουσιν,</span> <span class='ocrx_word' id='word_1_507' title='bbox 2537 3209 2602 3260; x_wconf 80' lang='grc' dir='ltr'><strong>ἐκ</strong></span> <span class='ocrx_word' id='word_1_508' title='bbox 2656 3203 2860 3275; x_wconf 89' lang='grc' dir='ltr'>πολλῆς</span> <span class='ocrx_word' id='word_1_509' title='bbox 2903 3204 3045 3272; x_wconf 83' lang='grc' dir='ltr'>ᾶγαν</span> <span class='ocrx_word' id='word_1_510' title='bbox 3098 3201 3406 3271; x_wconf 85' lang='grc' dir='ltr'>κτηνωδίας</span> <span class='ocrx_word' id='word_1_511' title='bbox 3463 3202 3560 3254; x_wconf 77' lang='grc' dir='ltr'><strong>καὶ</strong></span> <span class='ocrx_word' id='word_1_512' title='bbox 3605 3199 3852 3268; x_wconf 84' lang='grc' dir='ltr'>ἀλογίας,</span> 
     </span>
    </p>
   </div>
   <div class='ocr_carea' id='block_1_75' title="bbox 2274 3292 3853 3369">
    <p class='ocr_par' dir='ltr' id='par_1_75' title="bbox 2274 3292 3853 3369">
     <span class='ocr_line' id='line_1_75' title="bbox 2274 3292 3853 3369; baseline -0.008 -15"><span class='ocrx_word' id='word_1_513' title='bbox 2274 3301 2402 3354; x_wconf 80' lang='grc' dir='ltr'>ὅθεν</span> <span class='ocrx_word' id='word_1_514' title='bbox 2436 3300 2537 3369; x_wconf 79' lang='grc' dir='ltr'><strong>ήδη</strong></span> <span class='ocrx_word' id='word_1_515' title='bbox 2578 3299 2674 3352; x_wconf 71' lang='grc' dir='ltr'>καὶ</span> <span class='ocrx_word' id='word_1_516' title='bbox 2709 3297 3104 3368; x_wconf 81' lang='grc' dir='ltr'>συνελέγησαν,</span> <span class='ocrx_word' id='word_1_517' title='bbox 3134 3293 3342 3364; x_wconf 81' lang='grc' dir='ltr'>ταύτης</span> <span class='ocrx_word' id='word_1_518' title='bbox 3366 3292 3472 3346; x_wconf 89' lang='grc' dir='ltr'><strong>τῶν</strong></span> <span class='ocrx_word' id='word_1_519' title='bbox 3512 3293 3687 3347; x_wconf 76' lang='grc' dir='ltr'>ἄλλων</span> <span class='ocrx_word' id='word_1_520' title='bbox 3715 3293 3853 3361; x_wconf 60' lang='lat' dir='ltr'><strong>pia).-</strong></span> 
     </span>
    </p>
   </div>
   <div class='ocr_carea' id='block_1_76' title="bbox 2275 3383 3854 3462">
    <p class='ocr_par' dir='ltr' id='par_1_76' title="bbox 2275 3383 3854 3462">
     <span class='ocr_line' id='line_1_76' title="bbox 2275 3383 3854 3462; baseline -0.008 -16"><span class='ocrx_word' id='word_1_521' title='bbox 2275 3393 2367 3446; x_wconf 88' lang='grc' dir='ltr'><strong>λον</strong></span> <span class='ocrx_word' id='word_1_522' title='bbox 2407 3391 2903 3462; x_wconf 64' lang='grc' dir='ltr'>μεταποιούμενον</span> <span class='ocrx_word' id='word_1_523' title='bbox 2940 3390 2990 3442; x_wconf 77' lang='grc' dir='ltr'>οἳ</span> <span class='ocrx_word' id='word_1_524' title='bbox 3021 3387 3212 3458; x_wconf 82' lang='grc' dir='ltr'>ἐπειδὴ</span> <span class='ocrx_word' id='word_1_525' title='bbox 3233 3386 3342 3438; x_wconf 90' lang='grc' dir='ltr'><strong>τῶν</strong></span> <span class='ocrx_word' id='word_1_526' title='bbox 3379 3383 3678 3455; x_wconf 84' lang='grc' dir='ltr'>βασιλικῶν</span> <span class='ocrx_word' id='word_1_527' title='bbox 3702 3399 3854 3451; x_wconf 88' lang='grc' dir='ltr'>σιτη-</span> 
     </span>
    </p>
   </div>
   <div class='ocr_carea' id='block_1_77' title="bbox 2277 3474 3854 3555">
    <p class='ocr_par' dir='ltr' id='par_1_77' title="bbox 2277 3474 3854 3555">
     <span class='ocr_line' id='line_1_77' title="bbox 2277 3474 3854 3555; baseline -0.006 -19"><span class='ocrx_word' id='word_1_528' title='bbox 2277 3483 2478 3555; x_wconf 86' lang='grc' dir='ltr'>ρεσίων</span> <span class='ocrx_word' id='word_1_529' title='bbox 2521 3482 2900 3552; x_wconf 83' lang='grc' dir='ltr'>στερούμενοι,</span> <span class='ocrx_word' id='word_1_530' title='bbox 2935 3479 2994 3545; x_wconf 78' lang='grc' dir='ltr'><strong>ἐξ</strong></span> <span class='ocrx_word' id='word_1_531' title='bbox 3039 3474 3114 3534; x_wconf 82' lang='grc' dir='ltr'>ὧν</span> <span class='ocrx_word' id='word_1_532' title='bbox 3163 3481 3353 3542; x_wconf 77' lang='grc' dir='ltr'>αὐτοῖς</span> <span class='ocrx_word' id='word_1_533' title='bbox 3409 3477 3548 3548; x_wconf 82' lang='grc' dir='ltr'>μετὰ</span> <span class='ocrx_word' id='word_1_534' title='bbox 3597 3477 3699 3544; x_wconf 90' lang='grc' dir='ltr'><strong>τῆς</strong></span> <span class='ocrx_word' id='word_1_535' title='bbox 3743 3475 3854 3526; x_wconf 86' lang='grc' dir='ltr'><strong>τῶν</strong></span> 
     </span>
    </p>
   </div>
   <div class='ocr_carea' id='block_1_78' title="bbox 2273 3568 3857 3644">
    <p class='ocr_par' dir='ltr' id='par_1_78' title="bbox 2273 3568 3857 3644">
     <span class='ocr_line' id='line_1_78' title="bbox 2273 3568 3857 3644; baseline -0.008 -15"><span class='ocrx_word' id='word_1_536' title='bbox 2273 3575 2454 3630; x_wconf 82' lang='grc' dir='ltr'>ὃπλων</span> <span class='ocrx_word' id='word_1_537' title='bbox 2498 3573 2862 3644; x_wconf 82' lang='grc' dir='ltr'>παρασκευῆς</span> <span class='ocrx_word' id='word_1_538' title='bbox 2893 3574 2986 3625; x_wconf 88' lang='grc' dir='ltr'><strong>καί</strong></span> <span class='ocrx_word' id='word_1_539' title='bbox 3021 3571 3091 3625; x_wconf 85' lang='grc' dir='ltr'>τὰ</span> <span class='ocrx_word' id='word_1_540' title='bbox 3122 3571 3406 3639; x_wconf 86' lang='grc' dir='ltr'>ἐπιτήδεια</span> <span class='ocrx_word' id='word_1_541' title='bbox 3438 3569 3746 3638; x_wconf 78' lang='grc' dir='ltr'>ἐπορίζετο,</span> <span class='ocrx_word' id='word_1_542' title='bbox 3774 3568 3857 3629; x_wconf 80' lang='grc' dir='ltr'><strong>είς</strong></span> 
     </span>
    </p>
   </div>
   <div class='ocr_carea' id='block_1_79' title="bbox 2273 3659 3854 3739">
    <p class='ocr_par' dir='ltr' id='par_1_79' title="bbox 2273 3659 3854 3739">
     <span class='ocr_line' id='line_1_79' title="bbox 2273 3659 3854 3739; baseline -0.008 -17"><span class='ocrx_word' id='word_1_543' title='bbox 2273 3668 2446 3739; x_wconf 79' lang='grc' dir='ltr'>ἄκρον</span> <span class='ocrx_word' id='word_1_544' title='bbox 2486 3667 2681 3729; x_wconf 83' lang='grc' dir='ltr'>πενίας</span> <span class='ocrx_word' id='word_1_545' title='bbox 2708 3667 2801 3720; x_wconf 75' lang='grc' dir='ltr'>καὶ</span> <span class='ocrx_word' id='word_1_546' title='bbox 2847 3663 3087 3735; x_wconf 87' lang='grc' dir='ltr'>ἀπορίας</span> <span class='ocrx_word' id='word_1_547' title='bbox 3131 3663 3240 3716; x_wconf 90' lang='grc' dir='ltr'><strong>τῶν</strong></span> <span class='ocrx_word' id='word_1_548' title='bbox 3284 3661 3603 3730; x_wconf 85' lang='grc' dir='ltr'>ἀναγκαίων</span> <span class='ocrx_word' id='word_1_549' title='bbox 3639 3659 3854 3712; x_wconf 77' lang='grc' dir='ltr'>ἵκοντοο</span> 
     </span>
    </p>
   </div>
   <div class='ocr_carea' id='block_1_80' title="bbox 2273 3751 3853 3829">
    <p class='ocr_par' dir='ltr' id='par_1_80' title="bbox 2273 3751 3853 3829">
     <span class='ocr_line' id='line_1_80' title="bbox 2273 3751 3853 3829; baseline -0.006 -17"><span class='ocrx_word' id='word_1_550' title='bbox 2273 3759 2414 3812; x_wconf 84' lang='grc' dir='ltr'>ὥστε</span> <span class='ocrx_word' id='word_1_551' title='bbox 2445 3759 2526 3822; x_wconf 80' lang='grc' dir='ltr'><strong>εἰς</strong></span> <span class='ocrx_word' id='word_1_552' title='bbox 2555 3758 2839 3829; x_wconf 81' lang='grc' dir='ltr'>προῦπτον</span> <span class='ocrx_word' id='word_1_553' title='bbox 2869 3756 2963 3809; x_wconf 75' lang='grc' dir='ltr'><strong>καὶ</strong></span> <span class='ocrx_word' id='word_1_554' title='bbox 3007 3754 3218 3809; x_wconf 84' lang='grc' dir='ltr'>δεῖσθαι</span> <span class='ocrx_word' id='word_1_555' title='bbox 3247 3753 3356 3807; x_wconf 91' lang='grc' dir='ltr'><strong>τῶν</strong></span> <span class='ocrx_word' id='word_1_556' title='bbox 3399 3751 3853 3822; x_wconf 71' lang='grc' dir='ltr'>παρατυγχανόνο</span> 
     </span>
    </p>
   </div>
   <div class='ocr_carea' id='block_1_81' title="bbox 2273 3841 3854 3920">
    <p class='ocr_par' dir='ltr' id='par_1_81' title="bbox 2273 3841 3854 3920">
     <span class='ocr_line' id='line_1_81' title="bbox 2273 3841 3854 3920; baseline -0.006 -17"><span class='ocrx_word' id='word_1_557' title='bbox 2273 3868 2405 3914; x_wconf 87' lang='grc' dir='ltr'>των,</span> <span class='ocrx_word' id='word_1_558' title='bbox 2436 3851 2532 3904; x_wconf 76' lang='grc' dir='ltr'><strong>καὶ</strong></span> <span class='ocrx_word' id='word_1_559' title='bbox 2559 3850 2659 3919; x_wconf 89' lang='grc' dir='ltr'><strong>τῆς</strong></span> <span class='ocrx_word' id='word_1_560' title='bbox 2688 3851 2755 3903; x_wconf 86' lang='grc' dir='ltr'><strong>ἐκ</strong></span> <span class='ocrx_word' id='word_1_561' title='bbox 2783 3849 2892 3902; x_wconf 88' lang='grc' dir='ltr'><strong>τῶν</strong></span> <span class='ocrx_word' id='word_1_562' title='bbox 2919 3849 3129 3919; x_wconf 83' lang='grc' dir='ltr'>ἐράνων</span> <span class='ocrx_word' id='word_1_563' title='bbox 3152 3845 3427 3920; x_wconf 74' lang='grc' dir='ltr'>συλλογῆς</span> <span class='ocrx_word' id='word_1_564' title='bbox 3454 3847 3520 3897; x_wconf 82' lang='grc' dir='ltr'><strong>τά</strong></span> <span class='ocrx_word' id='word_1_565' title='bbox 3549 3843 3684 3914; x_wconf 72' lang='grc' dir='ltr'>πρὸς</span> <span class='ocrx_word' id='word_1_566' title='bbox 3709 3841 3854 3911; x_wconf 78' lang='grc' dir='ltr'>ζωὴν</span> 
     </span>
    </p>
   </div>
   <div class='ocr_carea' id='block_1_82' title="bbox 2273 3934 3854 4016">
    <p class='ocr_par' dir='ltr' id='par_1_82' title="bbox 2273 3934 3854 4016">
     <span class='ocr_line' id='line_1_82' title="bbox 2273 3934 3854 4016; baseline -0.008 -19"><span class='ocrx_word' id='word_1_567' title='bbox 2273 3943 2709 4014; x_wconf 83' lang='grc' dir='ltr'>ἐπαρκούμενοι,</span> <span class='ocrx_word' id='word_1_568' title='bbox 2745 3940 3176 4016; x_wconf 85' lang='grc' dir='ltr'>περιαθροῦντες</span> <span class='ocrx_word' id='word_1_569' title='bbox 3200 3939 3335 3992; x_wconf 84' lang='grc' dir='ltr'>ὅπου</span> <span class='ocrx_word' id='word_1_570' title='bbox 3377 3938 3531 3990; x_wconf 86' lang='grc' dir='ltr'>πότοι</span> <span class='ocrx_word' id='word_1_571' title='bbox 3553 3937 3646 3988; x_wconf 70' lang='grc' dir='ltr'><strong>καὶ</strong></span> <span class='ocrx_word' id='word_1_572' title='bbox 3671 3934 3854 4005; x_wconf 77' lang='grc' dir='ltr'>ἀθροί-</span> 
     </span>
    </p>
   </div>
   <div class='ocr_carea' id='block_1_83' title="bbox 2276 4028 3849 4105">
    <p class='ocr_par' dir='ltr' id='par_1_83' title="bbox 2276 4028 3849 4105">
     <span class='ocr_line' id='line_1_83' title="bbox 2276 4028 3849 4105; baseline -0.006 -17"><span class='ocrx_word' id='word_1_573' title='bbox 2276 4053 2462 4105; x_wconf 87' lang='grc' dir='ltr'>σματα</span> <span class='ocrx_word' id='word_1_574' title='bbox 2507 4035 2772 4103; x_wconf 86' lang='grc' dir='ltr'>γίνονται,</span> <span class='ocrx_word' id='word_1_575' title='bbox 2810 4033 2894 4102; x_wconf 79' lang='grc' dir='ltr'><strong>ἐφ’</strong></span> <span class='ocrx_word' id='word_1_576' title='bbox 2927 4028 3010 4096; x_wconf 73' lang='grc' dir='ltr'><strong>οἷς</strong></span> <span class='ocrx_word' id='word_1_577' title='bbox 3042 4032 3118 4096; x_wconf 82' lang='grc' dir='ltr'>ὡς</span> <span class='ocrx_word' id='word_1_578' title='bbox 3151 4033 3452 4099; x_wconf 83' lang='grc' dir='ltr'>ὑπόπτεροι</span> <span class='ocrx_word' id='word_1_579' title='bbox 3485 4028 3849 4100; x_wconf 82' lang='grc' dir='ltr'>περιθέουσιν,</span> 
     </span>
    </p>
   </div>
   <div class='ocr_carea' id='block_1_84' title="bbox 2273 4115 3856 4189">
    <p class='ocr_par' dir='ltr' id='par_1_84' title="bbox 2273 4115 3856 4189">
     <span class='ocr_line' id='line_1_84' title="bbox 2273 4115 3856 4189; baseline -0.008 -11"><span class='ocrx_word' id='word_1_580' title='bbox 2273 4126 2350 4189; x_wconf 84' lang='grc' dir='ltr'>ὡς</span> <span class='ocrx_word' id='word_1_581' title='bbox 2379 4125 2447 4178; x_wconf 77' lang='grc' dir='ltr'>ἂν</span> <span class='ocrx_word' id='word_1_582' title='bbox 2486 4124 2550 4177; x_wconf 79' lang='grc' dir='ltr'><strong>τὸ</strong></span> <span class='ocrx_word' id='word_1_583' title='bbox 2575 4123 2754 4186; x_wconf 81' lang='grc' dir='ltr'>ἐνδεὲς</span> <span class='ocrx_word' id='word_1_584' title='bbox 2794 4123 2890 4176; x_wconf 74' lang='grc' dir='ltr'><strong>καὶ</strong></span> <span class='ocrx_word' id='word_1_585' title='bbox 2922 4122 3110 4186; x_wconf 80' lang='grc' dir='ltr'>πιέζον</span> <span class='ocrx_word' id='word_1_586' title='bbox 3134 4119 3386 4174; x_wconf 88' lang='grc' dir='ltr'>ἐντεῦθεν</span> <span class='ocrx_word' id='word_1_587' title='bbox 3410 4115 3856 4188; x_wconf 88' lang='grc' dir='ltr'>παραμυθήσων-</span> 
     </span>
    </p>
   </div>
   <div class='ocr_carea' id='block_1_85' title="bbox 2272 4209 3855 4284">
    <p class='ocr_par' dir='ltr' id='par_1_85' title="bbox 2272 4209 3855 4284">
     <span class='ocr_line' id='line_1_85' title="bbox 2272 4209 3855 4284; baseline -0.006 -16"><span class='ocrx_word' id='word_1_588' title='bbox 2272 4231 2388 4268; x_wconf 76' lang='grc' dir='ltr'>ταιο</span> <span class='ocrx_word' id='word_1_589' title='bbox 2406 4209 2550 4268; x_wconf 70' lang='grc' dir='ltr'>οὗτοι</span> <span class='ocrx_word' id='word_1_590' title='bbox 2574 4215 2652 4280; x_wconf 88' lang='grc' dir='ltr'><strong>δέ,</strong></span> <span class='ocrx_word' id='word_1_591' title='bbox 2673 4213 2748 4278; x_wconf 91' lang='grc' dir='ltr'><strong>ώς</strong></span> <span class='ocrx_word' id='word_1_592' title='bbox 2770 4214 2949 4284; x_wconf 82' lang='grc' dir='ltr'>ἴσμεν,</span> <span class='ocrx_word' id='word_1_593' title='bbox 2970 4215 3228 4277; x_wconf 75' lang='grc' dir='ltr'>ἆπαντες,</span> <span class='ocrx_word' id='word_1_594' title='bbox 3254 4211 3444 4273; x_wconf 82' lang='grc' dir='ltr'>ἐθάδες</span> <span class='ocrx_word' id='word_1_595' title='bbox 3470 4209 3576 4262; x_wconf 89' lang='grc' dir='ltr'><strong>τῶν</strong></span> <span class='ocrx_word' id='word_1_596' title='bbox 3592 4209 3855 4280; x_wconf 78' lang='grc' dir='ltr'>χειρόνων</span> 
     </span>
    </p>
   </div>
   <div class='ocr_carea' id='block_1_86' title="bbox 593 4300 2177 4378">
    <p class='ocr_par' dir='ltr' id='par_1_86' title="bbox 593 4300 2172 4376">
     <span class='ocr_line' id='line_1_86' title="bbox 593 4300 2172 4376; baseline -0.005 -11"><span class='ocrx_word' id='word_1_597' title='bbox 593 4319 810 4365; x_wconf 88' lang='lat' dir='ltr'><strong>centur.</strong></span> <span class='ocrx_word' id='word_1_598' title='bbox 842 4305 1066 4362; x_wconf 84' lang='lat' dir='ltr'><strong>Talibus</strong></span> <span class='ocrx_word' id='word_1_599' title='bbox 1091 4320 1221 4376; x_wconf 88' lang='lat' dir='ltr'><strong>ergo</strong></span> <span class='ocrx_word' id='word_1_600' title='bbox 1244 4304 1498 4367; x_wconf 87' lang='lat' dir='ltr'><strong>ducibus,</strong></span> <span class='ocrx_word' id='word_1_601' title='bbox 1529 4302 1732 4371; x_wconf 88' lang='lat' dir='ltr'><strong>talique</strong></span> <span class='ocrx_word' id='word_1_602' title='bbox 1751 4300 2014 4373; x_wconf 85' lang='lat' dir='ltr'><strong>phalange</strong></span> <span class='ocrx_word' id='word_1_603' title='bbox 2039 4317 2172 4371; x_wconf 85' lang='lat' dir='ltr'><strong>Optts</strong></span> 
     </span>
    </p>
   </div>
   <div class='ocr_carea' id='block_1_87' title="bbox 2278 4300 3851 4378">
    <p class='ocr_par' dir='ltr' id='par_1_87' title="bbox 2278 4300 3851 4378">
     <span class='ocr_line' id='line_1_87' title="bbox 2278 4300 3851 4378; baseline -0.006 -18"><span class='ocrx_word' id='word_1_604' title='bbox 2278 4306 2641 4378; x_wconf 84' lang='grc' dir='ltr'>ὑπάρχοντες,</span> <span class='ocrx_word' id='word_1_605' title='bbox 2667 4307 2780 4368; x_wconf 84' lang='grc' dir='ltr'>τοῖς</span> <span class='ocrx_word' id='word_1_606' title='bbox 2814 4306 2911 4375; x_wconf 84' lang='grc' dir='ltr'>μὲν</span> <span class='ocrx_word' id='word_1_607' title='bbox 2935 4303 3284 4358; x_wconf 83' lang='grc' dir='ltr'>καθεστῶσιν</span> <span class='ocrx_word' id='word_1_608' title='bbox 3301 4303 3390 4356; x_wconf 53' lang='grc' dir='ltr'><strong>ἀεὶ⁵</strong></span> <span class='ocrx_word' id='word_1_609' title='bbox 3415 4300 3851 4371; x_wconf 80' lang='grc' dir='ltr'>δυσχερα¹νουσι,</span> 
     </span>
    </p>
   </div>
   <div class='ocr_carea' id='block_1_88' title="bbox 593 4392 2177 4468">
    <p class='ocr_par' dir='ltr' id='par_1_88' title="bbox 593 4394 2169 4467">
     <span class='ocr_line' id='line_1_88' title="bbox 593 4394 2169 4467; baseline -0.005 -11"><span class='ocrx_word' id='word_1_610' title='bbox 593 4411 714 4456; x_wconf 82' lang='lat' dir='ltr'><strong>erat</strong></span> <span class='ocrx_word' id='word_1_611' title='bbox 751 4419 764 4456; x_wconf 91' lang='lat'><strong>:</strong></span> <span class='ocrx_word' id='word_1_612' title='bbox 816 4401 894 4456; x_wconf 88' lang='lat' dir='ltr'><strong>sic</strong></span> <span class='ocrx_word' id='word_1_613' title='bbox 941 4398 1085 4453; x_wconf 88' lang='lat' dir='ltr'><strong>enim</strong></span> <span class='ocrx_word' id='word_1_614' title='bbox 1139 4396 1375 4467; x_wconf 86' lang='lat' dir='ltr'><strong>pessima</strong></span> <span class='ocrx_word' id='word_1_615' title='bbox 1413 4394 1620 4464; x_wconf 67' lang='lat' dir='ltr'><strong>quaevis</strong></span> <span class='ocrx_word' id='word_1_616' title='bbox 1664 4403 1824 4463; x_wconf 89' lang='lat' dir='ltr'><strong>atque</strong></span> <span class='ocrx_word' id='word_1_617' title='bbox 1859 4395 2169 4464; x_wconf 88' lang='lat' dir='ltr'><strong>turpissima</strong></span> 
     </span>
    </p>
   </div>
   <div class='ocr_carea' id='block_1_89' title="bbox 2278 4392 3860 4468">
    <p class='ocr_par' dir='ltr' id='par_1_89' title="bbox 2278 4392 3860 4468">
     <span class='ocr_line' id='line_1_89' title="bbox 2278 4392 3860 4468; baseline -0.008 -15"><span class='ocrx_word' id='word_1_618' title='bbox 2278 4401 2393 4464; x_wconf 76' lang='grc' dir='ltr'>ταῖς</span> <span class='ocrx_word' id='word_1_619' title='bbox 2427 4399 2488 4452; x_wconf 88' lang='grc' dir='ltr'><strong>δέ</strong></span> <span class='ocrx_word' id='word_1_620' title='bbox 2525 4398 2909 4468; x_wconf 87' lang='grc' dir='ltr'>καινοτομίαις</span> <span class='ocrx_word' id='word_1_621' title='bbox 2957 4396 3234 4468; x_wconf 81' lang='grc' dir='ltr'>χαίρουσι,</span> <span class='ocrx_word' id='word_1_622' title='bbox 3259 4395 3354 4448; x_wconf 74' lang='grc' dir='ltr'><strong>καὶ</strong></span> <span class='ocrx_word' id='word_1_623' title='bbox 3377 4392 3679 4462; x_wconf 80' lang='grc' dir='ltr'>’νεωτέρων</span> <span class='ocrx_word' id='word_1_624' title='bbox 3719 4405 3860 4459; x_wconf 81' lang='grc' dir='ltr'>πρα-</span> 
     </span>
    </p>
   </div>
   <div class='ocr_carea' id='block_1_90' title="bbox 595 4479 2177 4582">
    <p class='ocr_par' dir='ltr' id='par_1_90' title="bbox 595 4483 2174 4562">
     <span class='ocr_line' id='line_1_90' title="bbox 595 4483 2174 4562; baseline -0.007 -16"><span class='ocrx_word' id='word_1_625' title='bbox 595 4488 760 4562; x_wconf 73' lang='lat'><strong>158</strong></span> <span class='ocrx_word' id='word_1_626' title='bbox 805 4504 904 4560; x_wconf 82' lang='lat' dir='ltr'><strong>per</strong></span> <span class='ocrx_word' id='word_1_627' title='bbox 943 4488 1089 4556; x_wconf 85' lang='lat' dir='ltr'><strong>ipsos</strong></span> <span class='ocrx_word' id='word_1_628' title='bbox 1125 4485 1350 4539; x_wconf 82' lang='lat' dir='ltr'><strong>ﬁebant.</strong></span> <span class='ocrx_word' id='word_1_629' title='bbox 1405 4483 1555 4538; x_wconf 83' lang='lat' dir='ltr'><strong>lleu!</strong></span> <span class='ocrx_word' id='word_1_630' title='bbox 1610 4483 1752 4538; x_wconf 88' lang='lat' dir='ltr'><strong>heu!</strong></span> <span class='ocrx_word' id='word_1_631' title='bbox 1801 4486 2037 4556; x_wconf 87' lang='lat' dir='ltr'><strong>episcopi</strong></span> <span class='ocrx_word' id='word_1_632' title='bbox 2069 4525 2083 4549; x_wconf 92' lang='lat'><strong>,</strong></span> <span class='ocrx_word' id='word_1_633' title='bbox 2118 4494 2174 4539; x_wconf 85' lang='lat' dir='ltr'><strong>et</strong></span> 
     </span>
    </p>
   </div>
   <div class='ocr_carea' id='block_1_91' title="bbox 2278 4479 3855 4582">
    <p class='ocr_par' dir='ltr' id='par_1_91' title="bbox 2278 4479 3855 4560">
     <span class='ocr_line' id='line_1_91' title="bbox 2278 4479 3855 4560; baseline -0.009 -15"><span class='ocrx_word' id='word_1_634' title='bbox 2278 4491 2504 4560; x_wconf 84' lang='grc' dir='ltr'>γμάτων</span> <span class='ocrx_word' id='word_1_635' title='bbox 2551 4489 2822 4558; x_wconf 82' lang='grc' dir='ltr'>ἐφίενται,</span> <span class='ocrx_word' id='word_1_636' title='bbox 2853 4487 2929 4550; x_wconf 90' lang='grc' dir='ltr'><strong>ώς</strong></span> <span class='ocrx_word' id='word_1_637' title='bbox 2959 4487 3024 4558; x_wconf 83' lang='grc' dir='ltr'><strong>δὴ</strong></span> <span class='ocrx_word' id='word_1_638' title='bbox 3086 4488 3149 4540; x_wconf 86' lang='grc' dir='ltr'><strong>ἐκ</strong></span> <span class='ocrx_word' id='word_1_639' title='bbox 3199 4485 3308 4538; x_wconf 90' lang='grc' dir='ltr'><strong>τῶν</strong></span> <span class='ocrx_word' id='word_1_640' title='bbox 3360 4481 3620 4537; x_wconf 85' lang='grc' dir='ltr'>τοιούτων</span> <span class='ocrx_word' id='word_1_641' title='bbox 3666 4479 3855 4540; x_wconf 75' lang='grc' dir='ltr'>αὐτοῖς</span> 
     </span>
    </p>
   </div>
   <div class='ocr_carea' id='block_1_92' title="bbox 593 4569 2177 4651">
    <p class='ocr_par' dir='ltr' id='par_1_92' title="bbox 593 4576 2168 4649">
     <span class='ocr_line' id='line_1_92' title="bbox 593 4576 2168 4649; baseline 0.001 -18"><span class='ocrx_word' id='word_1_642' title='bbox 593 4584 781 4649; x_wconf 81' lang='lat' dir='ltr'><strong>plebs.</strong></span> <span class='ocrx_word' id='word_1_643' title='bbox 821 4591 872 4636; x_wconf 91' lang='lat' dir='ltr'><strong>et</strong></span> <span class='ocrx_word' id='word_1_644' title='bbox 912 4579 1103 4643; x_wconf 90' lang='lat' dir='ltr'><strong>mimi,</strong></span> <span class='ocrx_word' id='word_1_645' title='bbox 1158 4586 1212 4633; x_wconf 91' lang='lat' dir='ltr'><strong>et</strong></span> <span class='ocrx_word' id='word_1_646' title='bbox 1261 4577 1464 4645; x_wconf 89' lang='lat' dir='ltr'><strong>reliqua</strong></span> <span class='ocrx_word' id='word_1_647' title='bbox 1511 4576 1842 4632; x_wconf 82' lang='lat' dir='ltr'><strong>furiosorum</strong></span> <span class='ocrx_word' id='word_1_648' title='bbox 1887 4580 2063 4641; x_wconf 90' lang='lat' dir='ltr'><strong>turba,</strong></span> <span class='ocrx_word' id='word_1_649' title='bbox 2117 4579 2168 4634; x_wconf 91' lang='lat' dir='ltr'><strong>in</strong></span> 
     </span>
    </p>
   </div>
   <div class='ocr_carea' id='block_1_93' title="bbox 2278 4569 3856 4651">
    <p class='ocr_par' dir='ltr' id='par_1_93' title="bbox 2279 4569 3856 4651">
     <span class='ocr_line' id='line_1_93' title="bbox 2279 4569 3856 4651; baseline -0.01 -16"><span class='ocrx_word' id='word_1_650' title='bbox 2279 4580 2528 4651; x_wconf 75' lang='grc' dir='ltr'>θορύϐων</span> <span class='ocrx_word' id='word_1_651' title='bbox 2557 4580 2654 4633; x_wconf 74' lang='grc' dir='ltr'>καὶ</span> <span class='ocrx_word' id='word_1_652' title='bbox 2701 4577 2957 4642; x_wconf 80' lang='grc' dir='ltr'>ἀταξιῶν,</span> <span class='ocrx_word' id='word_1_653' title='bbox 3015 4575 3086 4628; x_wconf 84' lang='grc' dir='ltr'><strong>τά</strong></span> <span class='ocrx_word' id='word_1_654' title='bbox 3146 4573 3379 4645; x_wconf 85' lang='grc' dir='ltr'>χρειώδη</span> <span class='ocrx_word' id='word_1_655' title='bbox 3431 4572 3526 4626; x_wconf 77' lang='grc' dir='ltr'><strong>καὶ</strong></span> <span class='ocrx_word' id='word_1_656' title='bbox 3578 4569 3856 4635; x_wconf 85' lang='grc' dir='ltr'>ἀναγκαῖα.</span> 
     </span>
    </p>
   </div>
   <div class='ocr_carea' id='block_1_94' title="bbox 592 4661 2177 4745">
    <p class='ocr_par' dir='ltr' id='par_1_94' title="bbox 592 4669 2167 4742">
     <span class='ocr_line' id='line_1_94' title="bbox 592 4669 2167 4742; baseline 0 -16"><span class='ocrx_word' id='word_1_657' title='bbox 592 4686 754 4728; x_wconf 85' lang='lat' dir='ltr'><strong>unum</strong></span> <span class='ocrx_word' id='word_1_658' title='bbox 783 4671 1117 4742; x_wconf 87' lang='lat' dir='ltr'><strong>conglobati,</strong></span> <span class='ocrx_word' id='word_1_659' title='bbox 1141 4669 1402 4725; x_wconf 81' lang='lat' dir='ltr'><strong>Ecclesiae</strong></span> <span class='ocrx_word' id='word_1_660' title='bbox 1431 4673 1684 4740; x_wconf 87' lang='lat' dir='ltr'><strong>dogmata</strong></span> <span class='ocrx_word' id='word_1_661' title='bbox 1721 4685 1817 4738; x_wconf 92' lang='lat' dir='ltr'><strong>pro</strong></span> <span class='ocrx_word' id='word_1_662' title='bbox 1841 4673 2167 4726; x_wconf 84' lang='lat' dir='ltr'><strong>auctoritate</strong></span> 
     </span>
    </p>
   </div>
   <div class='ocr_carea' id='block_1_95' title="bbox 2278 4661 3857 4745">
    <p class='ocr_par' dir='ltr' id='par_1_95' title="bbox 2278 4661 3857 4745">
     <span class='ocr_line' id='line_1_95' title="bbox 2278 4661 3857 4745; baseline -0.011 -18"><span class='ocrx_word' id='word_1_663' title='bbox 2278 4675 2718 4745; x_wconf 76' lang='grc' dir='ltr'>περιγίγνοιντοο</span> <span class='ocrx_word' id='word_1_664' title='bbox 2767 4671 3028 4725; x_wconf 88' lang='grc' dir='ltr'>τοιούτων</span> <span class='ocrx_word' id='word_1_665' title='bbox 3085 4665 3180 4722; x_wconf 87' lang='grc' dir='ltr'><strong>οὖν</strong></span> <span class='ocrx_word' id='word_1_666' title='bbox 3223 4665 3550 4738; x_wconf 88' lang='grc' dir='ltr'>στρατηγῶν</span> <span class='ocrx_word' id='word_1_667' title='bbox 3598 4661 3857 4729; x_wconf 80' lang='grc' dir='ltr'>τοιαύτης</span> 
     </span>
    </p>
   </div>
   <div class='ocr_carea' id='block_1_96' title="bbox 591 4754 3858 4836">
    <p class='ocr_par' dir='ltr' id='par_1_96' title="bbox 591 4754 3858 4836">
     <span class='ocr_line' id='line_1_96' title="bbox 591 4754 3858 4836; baseline -0.004 -18"><span class='ocrx_word' id='word_1_668' title='bbox 591 4768 855 4823; x_wconf 87' lang='lat' dir='ltr'><strong>tractant!</strong></span> <span class='ocrx_word' id='word_1_669' title='bbox 1025 4803 1030 4809; x_wconf 93' lang='lat'><strong><em>-</em></strong></span> <span class='ocrx_word' id='word_1_670' title='bbox 2275 4766 2381 4820; x_wconf 74' lang='grc' dir='ltr'>ἔδει</span> <span class='ocrx_word' id='word_1_671' title='bbox 2429 4768 2522 4820; x_wconf 74' lang='grc' dir='ltr'><strong>καὶ</strong></span> <span class='ocrx_word' id='word_1_672' title='bbox 2573 4767 2894 4836; x_wconf 80' lang='grc' dir='ltr'>φάλαγγος·</span> <span class='ocrx_word' id='word_1_673' title='bbox 2943 4763 3086 4817; x_wconf 78' lang='grc' dir='ltr'>οὕτω</span> <span class='ocrx_word' id='word_1_674' title='bbox 3117 4762 3227 4832; x_wconf 82' lang='grc' dir='ltr'><strong>γὰρ</strong></span> <span class='ocrx_word' id='word_1_675' title='bbox 3281 4762 3425 4814; x_wconf 70' lang='grc' dir='ltr'>ἁπαν</span> <span class='ocrx_word' id='word_1_676' title='bbox 3486 4757 3547 4810; x_wconf 81' lang='grc' dir='ltr'><strong>τὸ</strong></span> <span class='ocrx_word' id='word_1_677' title='bbox 3583 4754 3858 4827; x_wconf 81' lang='grc' dir='ltr'>χείριστον</span> 
     </span>
    </p>
   </div>
   <div class='ocr_carea' id='block_1_97' title="bbox 590 4846 3856 4932">
    <p class='ocr_par' dir='ltr' id='par_1_97' title="bbox 590 4846 3856 4932">
     <span class='ocr_line' id='line_1_97' title="bbox 590 4846 3856 4932; baseline -0.006 -15"><span class='ocrx_word' id='word_1_678' title='bbox 590 4863 684 4917; x_wconf 71' lang='grc' dir='ltr'><strong>καὶ</strong></span> <span class='ocrx_word' id='word_1_679' title='bbox 714 4862 991 4932; x_wconf 73' lang='grc' dir='ltr'>αίσχισῖον</span> <span class='ocrx_word' id='word_1_680' title='bbox 1023 4856 1090 4912; x_wconf 81' lang='grc' dir='ltr'>δι’</span> <span class='ocrx_word' id='word_1_681' title='bbox 1113 4857 1336 4920; x_wconf 71' lang='grc' dir='ltr'><strong>¹ιέαυτῶν</strong></span> <span class='ocrx_word' id='word_1_682' title='bbox 1363 4857 1691 4928; x_wconf 81' lang='grc' dir='ltr'>ἐποιήσαντο</span> <span class='ocrx_word' id='word_1_683' title='bbox 1711 4873 1723 4887; x_wconf 86' lang='grc'><strong>·</strong></span> <span class='ocrx_word' id='word_1_684' title='bbox 1761 4855 1954 4926; x_wconf 71' lang='grc' dir='ltr'>βαϐαὶ,</span> <span class='ocrx_word' id='word_1_685' title='bbox 1993 4855 2162 4926; x_wconf 66' lang='grc' dir='ltr'>βαϐαί</span> <span class='ocrx_word' id='word_1_686' title='bbox 2190 4859 2205 4911; x_wconf 87' lang='lat' dir='ltr'><strong>l</strong></span> <span class='ocrx_word' id='word_1_687' title='bbox 2250 4858 2570 4926; x_wconf 84' lang='grc' dir='ltr'>ἐπίσκοποι,</span> <span class='ocrx_word' id='word_1_688' title='bbox 2593 4859 2693 4912; x_wconf 76' lang='grc' dir='ltr'><strong>καὶ</strong></span> <span class='ocrx_word' id='word_1_689' title='bbox 2730 4859 2914 4929; x_wconf 86' lang='grc' dir='ltr'>δῆμοι,</span> <span class='ocrx_word' id='word_1_690' title='bbox 2939 4855 3034 4910; x_wconf 69' lang='grc' dir='ltr'><strong>καὶ</strong></span> <span class='ocrx_word' id='word_1_691' title='bbox 3069 4858 3227 4926; x_wconf 83' lang='grc' dir='ltr'>μῖμοι</span> <span class='ocrx_word' id='word_1_692' title='bbox 3252 4853 3346 4906; x_wconf 79' lang='grc' dir='ltr'>καὶ</span> <span class='ocrx_word' id='word_1_693' title='bbox 3375 4855 3403 4905; x_wconf 89' lang='grc' dir='ltr'><strong>ό</strong></span> <span class='ocrx_word' id='word_1_694' title='bbox 3427 4851 3585 4912; x_wconf 71' lang='grc' dir='ltr'>ἄλλος</span> <span class='ocrx_word' id='word_1_695' title='bbox 3628 4846 3856 4919; x_wconf 79' lang='grc' dir='ltr'>μανικὸς</span> 
     </span>
    </p>
   </div>
   <div class='ocr_carea' id='block_1_98' title="bbox 590 4945 3036 5022">
    <p class='ocr_par' dir='ltr' id='par_1_98' title="bbox 590 4945 3036 5022">
     <span class='ocr_line' id='line_1_98' title="bbox 590 4945 3036 5022; baseline -0.002 -20"><span class='ocrx_word' id='word_1_696' title='bbox 590 4951 779 5022; x_wconf 75' lang='grc' dir='ltr'>ὅμιλος</span> <span class='ocrx_word' id='word_1_697' title='bbox 803 4950 945 5022; x_wconf 81' lang='grc' dir='ltr'>κατὰ</span> <span class='ocrx_word' id='word_1_698' title='bbox 971 4947 1282 5009; x_wconf 60' lang='grc' dir='ltr'>ταυτὸν,τά</span> <span class='ocrx_word' id='word_1_699' title='bbox 1318 4947 1416 5016; x_wconf 86' lang='grc' dir='ltr'><strong>τῆς</strong></span> <span class='ocrx_word' id='word_1_700' title='bbox 1457 4945 1785 5021; x_wconf 74' lang='grc' dir='ltr'>Ἑκκλησίας</span> <span class='ocrx_word' id='word_1_701' title='bbox 1814 4948 2215 5011; x_wconf 72' lang='grc' dir='ltr'>ἐποπτεύοντες</span> <span class='ocrx_word' id='word_1_702' title='bbox 2257 4949 2736 5021; x_wconf 78' lang='grc' dir='ltr'>μεταχειρίζονται</span> <span class='ocrx_word' id='word_1_703' title='bbox 2762 4949 3036 5016; x_wconf 85' lang='grc' dir='ltr'>δόγματα.</span> 
     </span>
    </p>
   </div>
   <div class='ocr_carea' id='block_1_99' title="bbox 647 5033 2177 5112">
    <p class='ocr_par' dir='ltr' id='par_1_99' title="bbox 647 5037 2166 5112">
     <span class='ocr_line' id='line_1_99' title="bbox 647 5037 2166 5112; baseline -0.001 -19"><span class='ocrx_word' id='word_1_704' title='bbox 647 5039 738 5110; x_wconf 54' lang='grc' dir='ltr'>Ἐκ</span> <span class='ocrx_word' id='word_1_705' title='bbox 771 5057 878 5112; x_wconf 85' lang='lat' dir='ltr'><strong>quo</strong></span> <span class='ocrx_word' id='word_1_706' title='bbox 916 5042 1078 5111; x_wconf 78' lang='lat' dir='ltr'><strong>igitur</strong></span> <span class='ocrx_word' id='word_1_707' title='bbox 1116 5040 1299 5109; x_wconf 87' lang='lat' dir='ltr'><strong>iniqua</strong></span> <span class='ocrx_word' id='word_1_708' title='bbox 1352 5040 1439 5093; x_wconf 87' lang='lat' dir='ltr'><strong>illa</strong></span> <span class='ocrx_word' id='word_1_709' title='bbox 1475 5049 1544 5096; x_wconf 72' lang='lat' dir='ltr'><strong>et:</strong></span> <span class='ocrx_word' id='word_1_710' title='bbox 1583 5039 1882 5109; x_wconf 84' lang='lat' dir='ltr'><strong>irreligiosa</strong></span> <span class='ocrx_word' id='word_1_711' title='bbox 1935 5037 2166 5092; x_wconf 80' lang='lat' dir='ltr'><strong>conflata</strong></span> 
     </span>
    </p>
   </div>
   <div class='ocr_carea' id='block_1_100' title="bbox 2278 5033 3855 5112">
    <p class='ocr_par' dir='ltr' id='par_1_100' title="bbox 2361 5033 3855 5110">
     <span class='ocr_line' id='line_1_100' title="bbox 2361 5033 3855 5110; baseline -0.007 -16"><span class='ocrx_word' id='word_1_712' title='bbox 2361 5041 2516 5095; x_wconf 82' lang='grc' dir='ltr'>Ἐπεὶ</span> <span class='ocrx_word' id='word_1_713' title='bbox 2535 5036 2628 5095; x_wconf 84' lang='grc' dir='ltr'><strong>οῦν</strong></span> <span class='ocrx_word' id='word_1_714' title='bbox 2651 5041 2714 5094; x_wconf 82' lang='grc' dir='ltr'><strong>τὸ</strong></span> <span class='ocrx_word' id='word_1_715' title='bbox 2749 5039 2986 5110; x_wconf 83' lang='grc' dir='ltr'>πονηρὸν</span> <span class='ocrx_word' id='word_1_716' title='bbox 3025 5040 3203 5091; x_wconf 83' lang='grc' dir='ltr'>ἐκεῖνο</span> <span class='ocrx_word' id='word_1_717' title='bbox 3234 5036 3328 5089; x_wconf 76' lang='grc' dir='ltr'>καὶ</span> <span class='ocrx_word' id='word_1_718' title='bbox 3370 5033 3530 5090; x_wconf 79' lang='grc' dir='ltr'>ἄθεον</span> <span class='ocrx_word' id='word_1_719' title='bbox 3582 5035 3855 5104; x_wconf 83' lang='grc' dir='ltr'>ἐργαστή-</span> 
     </span>
    </p>
   </div>
   <div class='ocr_carea' id='block_1_101' title="bbox 555 5115 2177 5205">
    <p class='ocr_par' dir='ltr' id='par_1_101' title="bbox 555 5115 2170 5202">
     <span class='ocr_line' id='line_1_101' title="bbox 555 5115 2170 5202; baseline -0.004 -14"><span class='ocrx_word' id='word_1_720' title='bbox 555 5127 557 5129; x_wconf 61' lang='grc'><strong>’</strong></span> <span class='ocrx_word' id='word_1_721' title='bbox 589 5115 1176 5202; x_wconf 51' lang='grc' dir='ltr'>λιει(οιιιεὶιιιι,.ιι·υειιιιε</span> <span class='ocrx_word' id='word_1_722' title='bbox 1209 5133 1338 5201; x_wconf 84' lang='lat' dir='ltr'><strong>ipsis</strong></span> <span class='ocrx_word' id='word_1_723' title='bbox 1364 5140 1573 5194; x_wconf 64' lang='lat' dir='ltr'><strong>cuneta:</strong></span> <span class='ocrx_word' id='word_1_724' title='bbox 1602 5131 1839 5185; x_wconf 81' lang='lat' dir='ltr'><strong>secunde</strong></span> <span class='ocrx_word' id='word_1_725' title='bbox 1872 5131 2042 5183; x_wconf 82' lang='lat' dir='ltr'><strong>ﬂuunt</strong></span> <span class='ocrx_word' id='word_1_726' title='bbox 2070 5171 2085 5195; x_wconf 90' lang='lat'><strong>,</strong></span> <span class='ocrx_word' id='word_1_727' title='bbox 2115 5140 2170 5184; x_wconf 86' lang='lat' dir='ltr'><strong>et</strong></span> 
     </span>
    </p>
   </div>
   <div class='ocr_carea' id='block_1_102' title="bbox 2278 5115 3856 5205">
    <p class='ocr_par' dir='ltr' id='par_1_102' title="bbox 2279 5125 3856 5205">
     <span class='ocr_line' id='line_1_102' title="bbox 2279 5125 3856 5205; baseline -0.006 -19"><span class='ocrx_word' id='word_1_728' title='bbox 2279 5151 2392 5204; x_wconf 91' lang='grc' dir='ltr'>ριον</span> <span class='ocrx_word' id='word_1_729' title='bbox 2425 5133 2888 5205; x_wconf 86' lang='grc' dir='ltr'>συγκεκρότηται,</span> <span class='ocrx_word' id='word_1_730' title='bbox 2914 5130 3011 5185; x_wconf 79' lang='grc' dir='ltr'>καὶ</span> <span class='ocrx_word' id='word_1_731' title='bbox 3032 5130 3099 5183; x_wconf 91' lang='grc' dir='ltr'><strong>τά</strong></span> <span class='ocrx_word' id='word_1_732' title='bbox 3123 5128 3266 5183; x_wconf 88' lang='grc' dir='ltr'><strong>κατὰ</strong></span> <span class='ocrx_word' id='word_1_733' title='bbox 3291 5126 3518 5197; x_wconf 83' lang='grc' dir='ltr'>γνώμην</span> <span class='ocrx_word' id='word_1_734' title='bbox 3551 5126 3728 5180; x_wconf 83' lang='grc' dir='ltr'>πάντα</span> <span class='ocrx_word' id='word_1_735' title='bbox 3753 5125 3856 5196; x_wconf 78' lang='grc' dir='ltr'><strong>ήδη</strong></span> 
     </span>
    </p>
   </div>
   <div class='ocr_carea' id='block_1_103' title="bbox 591 5209 2177 5303">
    <p class='ocr_par' dir='ltr' id='par_1_103' title="bbox 591 5209 2167 5303">
     <span class='ocr_line' id='line_1_103' title="bbox 591 5209 2167 5303; baseline -0.008 -15"><span class='ocrx_word' id='word_1_736' title='bbox 591 5209 853 5288; x_wconf 57' lang='lat' dir='ltr'><strong>Ecclesiae</strong></span> <span class='ocrx_word' id='word_1_737' title='bbox 887 5230 1098 5303; x_wconf 78' lang='lat' dir='ltr'><strong>negotia</strong></span> <span class='ocrx_word' id='word_1_738' title='bbox 1137 5242 1234 5298; x_wconf 89' lang='lat' dir='ltr'><strong>per</strong></span> <span class='ocrx_word' id='word_1_739' title='bbox 1271 5227 1491 5280; x_wconf 85' lang='lat' dir='ltr'><strong>eosdem</strong></span> <span class='ocrx_word' id='word_1_740' title='bbox 1536 5223 2012 5286; x_wconf 76' lang='lat' dir='ltr'><strong>administrantur,</strong></span> <span class='ocrx_word' id='word_1_741' title='bbox 2048 5225 2167 5276; x_wconf 84' lang='lat' dir='ltr'><strong>hem</strong></span> 
     </span>
    </p>
   </div>
   <div class='ocr_carea' id='block_1_104' title="bbox 2278 5209 3858 5303">
    <p class='ocr_par' dir='ltr' id='par_1_104' title="bbox 2278 5216 3858 5298">
     <span class='ocr_line' id='line_1_104' title="bbox 2278 5216 3858 5298; baseline -0.008 -18"><span class='ocrx_word' id='word_1_742' title='bbox 2278 5225 2580 5298; x_wconf 70' lang='grc' dir='ltr'>ἐκϐέϐηκε,</span> <span class='ocrx_word' id='word_1_743' title='bbox 2631 5226 2726 5280; x_wconf 71' lang='grc' dir='ltr'>καὶ</span> <span class='ocrx_word' id='word_1_744' title='bbox 2780 5224 2869 5279; x_wconf 80' lang='grc' dir='ltr'>διὰ</span> <span class='ocrx_word' id='word_1_745' title='bbox 2924 5223 3108 5294; x_wconf 75' lang='grc' dir='ltr'>χειρὸς</span> <span class='ocrx_word' id='word_1_746' title='bbox 3152 5222 3338 5284; x_wconf 80' lang='grc' dir='ltr'>αὐτοῖς</span> <span class='ocrx_word' id='word_1_747' title='bbox 3395 5221 3492 5288; x_wconf 88' lang='grc' dir='ltr'><strong>τῆς</strong></span> <span class='ocrx_word' id='word_1_748' title='bbox 3526 5216 3858 5286; x_wconf 86' lang='grc' dir='ltr'>Ἐκκλησίας</span> 
     </span>
    </p>
   </div>
   <div class='ocr_carea' id='block_1_105' title="bbox 591 5308 2177 5394">
    <p class='ocr_par' dir='ltr' id='par_1_105' title="bbox 591 5312 2168 5394">
     <span class='ocr_line' id='line_1_105' title="bbox 591 5312 2168 5394; baseline -0.005 -19"><span class='ocrx_word' id='word_1_749' title='bbox 591 5338 689 5377; x_wconf 73' lang='lat' dir='ltr'><strong>cur</strong></span> <span class='ocrx_word' id='word_1_750' title='bbox 727 5324 842 5380; x_wconf 63' lang='lat' dir='ltr'><strong>hnc</strong></span> <span class='ocrx_word' id='word_1_751' title='bbox 874 5331 930 5384; x_wconf 83' lang='lat' dir='ltr'><strong>et.</strong></span> <span class='ocrx_word' id='word_1_752' title='bbox 953 5321 1240 5394; x_wconf 71' lang='lat' dir='ltr'><strong>quomodo</strong></span> <span class='ocrx_word' id='word_1_753' title='bbox 1272 5318 1412 5372; x_wconf 88' lang='lat' dir='ltr'><strong>Deus</strong></span> <span class='ocrx_word' id='word_1_754' title='bbox 1446 5315 1678 5385; x_wconf 87' lang='lat' dir='ltr'><strong>patitur!</strong></span> <span class='ocrx_word' id='word_1_755' title='bbox 1714 5312 2010 5382; x_wconf 80' lang='lat' dir='ltr'><strong>Postquam</strong></span> <span class='ocrx_word' id='word_1_756' title='bbox 2043 5328 2168 5382; x_wconf 43' lang='lat' dir='ltr'><strong>pec.</strong></span> 
     </span>
    </p>
   </div>
   <div class='ocr_carea' id='block_1_106' title="bbox 2278 5308 3858 5394">
    <p class='ocr_par' dir='ltr' id='par_1_106' title="bbox 2278 5308 3858 5389">
     <span class='ocr_line' id='line_1_106' title="bbox 2278 5308 3858 5389; baseline -0.007 -19"><span class='ocrx_word' id='word_1_757' title='bbox 2278 5317 2514 5388; x_wconf 84' lang='grc' dir='ltr'>ὑπάρχει</span> <span class='ocrx_word' id='word_1_758' title='bbox 2537 5317 2606 5371; x_wconf 84' lang='grc' dir='ltr'>τὰ</span> <span class='ocrx_word' id='word_1_759' title='bbox 2645 5319 2972 5389; x_wconf 85' lang='grc' dir='ltr'>πράγματα,</span> <span class='ocrx_word' id='word_1_760' title='bbox 3005 5313 3126 5377; x_wconf 91' lang='grc' dir='ltr'><strong>πῶς</strong></span> <span class='ocrx_word' id='word_1_761' title='bbox 3152 5312 3328 5366; x_wconf 90' lang='grc' dir='ltr'>ταῦτα</span> <span class='ocrx_word' id='word_1_762' title='bbox 3370 5311 3465 5364; x_wconf 67' lang='grc' dir='ltr'>καὶ</span> <span class='ocrx_word' id='word_1_763' title='bbox 3501 5309 3624 5363; x_wconf 88' lang='grc' dir='ltr'>τίνα</span> <span class='ocrx_word' id='word_1_764' title='bbox 3653 5308 3858 5376; x_wconf 88' lang='grc' dir='ltr'>τρόπον</span> 
     </span>
    </p>
   </div>
   <div class='ocr_carea' id='block_1_107' title="bbox 589 5400 2177 5482">
    <p class='ocr_par' dir='ltr' id='par_1_107' title="bbox 589 5405 2173 5482">
     <span class='ocr_line' id='line_1_107' title="bbox 589 5405 2173 5482; baseline -0.008 -11"><span class='ocrx_word' id='word_1_765' title='bbox 589 5426 840 5471; x_wconf 83' lang='lat' dir='ltr'><strong>calorum</strong></span> <span class='ocrx_word' id='word_1_766' title='bbox 879 5425 1196 5482; x_wconf 69' lang='lat' dir='ltr'><strong>nostrorum</strong></span> <span class='ocrx_word' id='word_1_767' title='bbox 1235 5412 1373 5479; x_wconf 88' lang='lat' dir='ltr'><strong>ignis</strong></span> <span class='ocrx_word' id='word_1_768' title='bbox 1399 5421 1695 5477; x_wconf 62' lang='lat' dir='ltr'><strong>succensus</strong></span> <span class='ocrx_word' id='word_1_769' title='bbox 1735 5415 1817 5459; x_wconf 88' lang='lat' dir='ltr'><strong>est</strong></span> <span class='ocrx_word' id='word_1_770' title='bbox 1844 5445 1858 5468; x_wconf 90' lang='lat'><strong>,</strong></span> <span class='ocrx_word' id='word_1_771' title='bbox 1887 5405 2024 5459; x_wconf 84' lang='lat' dir='ltr'><strong>etin</strong></span> <span class='ocrx_word' id='word_1_772' title='bbox 2061 5419 2173 5458; x_wconf 51' lang='lat' dir='ltr'><strong>nnat-</strong></span> 
     </span>
    </p>
   </div>
   <div class='ocr_carea' id='block_1_108' title="bbox 2278 5400 3858 5482">
    <p class='ocr_par' dir='ltr' id='par_1_108' title="bbox 2279 5400 3858 5480">
     <span class='ocr_line' id='line_1_108' title="bbox 2279 5400 3858 5480; baseline -0.008 -17"><span class='ocrx_word' id='word_1_773' title='bbox 2279 5410 2556 5480; x_wconf 86' lang='grc' dir='ltr'>συγχωρεῖ</span> <span class='ocrx_word' id='word_1_774' title='bbox 2589 5409 2760 5474; x_wconf 84' lang='grc' dir='ltr'>Θεός;</span> <span class='ocrx_word' id='word_1_775' title='bbox 2805 5407 3026 5478; x_wconf 84' lang='grc' dir='ltr'>Ἐπειδὴ</span> <span class='ocrx_word' id='word_1_776' title='bbox 3045 5406 3105 5460; x_wconf 81' lang='grc' dir='ltr'><strong>τὸ</strong></span> <span class='ocrx_word' id='word_1_777' title='bbox 3131 5405 3242 5474; x_wconf 90' lang='grc' dir='ltr'><strong>πῦρ</strong></span> <span class='ocrx_word' id='word_1_778' title='bbox 3273 5401 3546 5473; x_wconf 82' lang='grc' dir='ltr'>ἐξεκαύθη</span> <span class='ocrx_word' id='word_1_779' title='bbox 3581 5400 3689 5453; x_wconf 91' lang='grc' dir='ltr'><strong>τῶν</strong></span> <span class='ocrx_word' id='word_1_780' title='bbox 3719 5400 3858 5470; x_wconf 78' lang='grc' dir='ltr'>ἡμεο</span> 
     </span>
    </p>
   </div>
   <div class='ocr_carea' id='block_1_109' title="bbox 587 5487 2177 5580">
    <p class='ocr_par' dir='ltr' id='par_1_109' title="bbox 587 5487 2177 5580">
     <span class='ocr_line' id='line_1_109' title="bbox 587 5487 2177 5580; baseline -0.014 -13"><span class='ocrx_word' id='word_1_781' title='bbox 587 5525 747 5580; x_wconf 78' lang='lat' dir='ltr'><strong>gnatu</strong></span> <span class='ocrx_word' id='word_1_782' title='bbox 766 5487 1420 5574; x_wconf 59' lang='lat' dir='ltr'><strong>ﬂatum-mittiquitatum</strong></span> <span class='ocrx_word' id='word_1_783' title='bbox 1458 5510 1771 5553; x_wconf 83' lang='lat' dir='ltr'><strong>nostrarum</strong></span> <span class='ocrx_word' id='word_1_784' title='bbox 1801 5496 1993 5550; x_wconf 74' lang='lat' dir='ltr'><strong>fornax</strong></span> <span class='ocrx_word' id='word_1_785' title='bbox 2013 5508 2177 5550; x_wconf 63' lang='grc' dir='ltr'>εισι·-</span> 
     </span>
    </p>
   </div>
   <div class='ocr_carea' id='block_1_110' title="bbox 2278 5487 3856 5580">
    <p class='ocr_par' dir='ltr' id='par_1_110' title="bbox 2278 5489 3856 5571">
     <span class='ocr_line' id='line_1_110' title="bbox 2278 5489 3856 5571; baseline -0.006 -18"><span class='ocrx_word' id='word_1_786' title='bbox 2278 5500 2453 5570; x_wconf 84' lang='grc' dir='ltr'>τὲρων</span> <span class='ocrx_word' id='word_1_787' title='bbox 2475 5499 2916 5571; x_wconf 78' lang='grc' dir='ltr'>ἁμαρτημάτων,</span> <span class='ocrx_word' id='word_1_788' title='bbox 2939 5498 3033 5551; x_wconf 73' lang='grc' dir='ltr'>καὶ</span> <span class='ocrx_word' id='word_1_789' title='bbox 3062 5497 3159 5550; x_wconf 70' lang='grc' dir='ltr'><strong>ἐπὶ</strong></span> <span class='ocrx_word' id='word_1_790' title='bbox 3190 5495 3331 5566; x_wconf 80' lang='grc' dir='ltr'>μέγα</span> <span class='ocrx_word' id='word_1_791' title='bbox 3360 5491 3560 5562; x_wconf 81' lang='grc' dir='ltr'>φλογὸς</span> <span class='ocrx_word' id='word_1_792' title='bbox 3592 5489 3856 5558; x_wconf 78' lang='grc' dir='ltr'>ἐπῆρται,</span> 
     </span>
    </p>
   </div>
   <div class='ocr_carea' id='block_1_111' title="bbox 659 5627 2166 5716">
    <p class='ocr_par' dir='ltr' id='par_1_111' title="bbox 659 5627 2166 5716">
     <span class='ocr_line' id='line_1_111' title="bbox 659 5627 2166 5716; baseline 0 0"><span class='ocrx_word' id='word_1_793' title='bbox 659 5641 775 5716; x_wconf 70' lang='grc'><strong>(2⁵)</strong></span> <span class='ocrx_word' id='word_1_794' title='bbox 819 5641 1020 5716; x_wconf 61' lang='lat' dir='ltr'><strong>CW!&quot;</strong></span> <span class='ocrx_word' id='word_1_795' title='bbox 1053 5640 1428 5716; x_wconf 61' lang='lat' dir='ltr'><strong>ePi59°P°&quot;“.&#39;“</strong></span> <span class='ocrx_word' id='word_1_796' title='bbox 1453 5627 2166 5716; x_wconf 46' lang='lat' dir='ltr'><strong>.ele?“9&quot;‘?§,_.‘l&#39;.&quot;5Pi???</strong></span> 
     </span>
    </p>
   </div>
   <div class='ocr_carea' id='block_1_112' title="bbox 591 5699 2162 5782">
    <p class='ocr_par' dir='ltr' id='par_1_112' title="bbox 591 5699 2162 5782">
     <span class='ocr_line' id='line_1_112' title="bbox 591 5699 2162 5782; baseline -0.012 -16"><span class='ocrx_word' id='word_1_797' title='bbox 591 5699 1099 5782; x_wconf 61' lang='lat' dir='ltr'><strong>tentia&#39;principum</strong></span> <span class='ocrx_word' id='word_1_798' title='bbox 1117 5710 1198 5782; x_wconf 59' lang='grc' dir='ltr'>’ζει</span> <span class='ocrx_word' id='word_1_799' title='bbox 1225 5699 1466 5772; x_wconf 80' lang='lat' dir='ltr'><strong>populari</strong></span> <span class='ocrx_word' id='word_1_800' title='bbox 1495 5699 1680 5754; x_wconf 84' lang='lat' dir='ltr'><strong>favore</strong></span> <span class='ocrx_word' id='word_1_801' title='bbox 1705 5699 2162 5782; x_wconf 49' lang='lat' dir='ltr'><strong>turbisquefiuut,</strong></span> 
     </span>
    </p>
   </div>
   <div class='ocr_carea' id='block_1_113' title="bbox 587 5767 2160 5850">
    <p class='ocr_par' dir='ltr' id='par_1_113' title="bbox 587 5767 2160 5850">
     <span class='ocr_line' id='line_1_113' title="bbox 587 5767 2160 5850; baseline -0.013 -10"><span class='ocrx_word' id='word_1_802' title='bbox 587 5767 804 5840; x_wconf 57' lang='lat' dir='ltr'><strong>castan&#39;t</strong></span> <span class='ocrx_word' id='word_1_803' title='bbox 827 5767 1018 5850; x_wconf 63' lang='lat' dir='ltr'><strong>graves</strong></span> <span class='ocrx_word' id='word_1_804' title='bbox 1045 5779 1097 5832; x_wconf 83' lang='lat' dir='ltr'><strong>in</strong></span> <span class='ocrx_word' id='word_1_805' title='bbox 1120 5767 1309 5831; x_wconf 64' lang='lat' dir='ltr'><strong>Grai-co</strong></span> <span class='ocrx_word' id='word_1_806' title='bbox 1335 5785 1601 5828; x_wconf 85' lang='lat' dir='ltr'><strong>canonum</strong></span> <span class='ocrx_word' id='word_1_807' title='bbox 1626 5767 1971 5840; x_wconf 73' lang='lat' dir='ltr'><strong>syntagmate</strong></span> <span class='ocrx_word' id='word_1_808' title='bbox 1994 5767 2160 5833; x_wconf 76' lang='lat' dir='ltr'><strong>leges,</strong></span> 
     </span>
    </p>
   </div>
   <div class='ocr_carea' id='block_1_114' title="bbox 2279 5623 3858 5752">
    <p class='ocr_par' dir='ltr' id='par_1_114' title="bbox 2279 5623 3858 5752">
     <span class='ocr_line' id='line_1_114' title="bbox 2279 5623 3858 5752; baseline -0.003 -69"><span class='ocrx_word' id='word_1_809' title='bbox 2279 5644 2330 5683; x_wconf 82' lang='grc' dir='ltr'>ν.</span> <span class='ocrx_word' id='word_1_810' title='bbox 2355 5645 2452 5752; x_wconf 45' lang='grc' dir='ltr'><strong>ἧς.</strong></span> <span class='ocrx_word' id='word_1_811' title='bbox 2486 5632 2572 5686; x_wconf 90' lang='lat' dir='ltr'><strong>tit.</strong></span> <span class='ocrx_word' id='word_1_812' title='bbox 2609 5631 2653 5697; x_wconf 91' lang='lat' dir='ltr'><strong>I,</strong></span> <span class='ocrx_word' id='word_1_813' title='bbox 2691 5645 2812 5699; x_wconf 86' lang='lat' dir='ltr'><strong>cap.</strong></span> <span class='ocrx_word' id='word_1_814' title='bbox 2848 5630 2902 5694; x_wconf 87' lang='lat'><strong>7,</strong></span> <span class='ocrx_word' id='word_1_815' title='bbox 2937 5629 3128 5698; x_wconf 83' lang='lat' dir='ltr'><strong>synodi</strong></span> <span class='ocrx_word' id='word_1_816' title='bbox 3163 5627 3515 5685; x_wconf 77' lang='lat' dir='ltr'><strong>Laodicensia</strong></span> <span class='ocrx_word' id='word_1_817' title='bbox 3553 5639 3728 5681; x_wconf 88' lang='lat' dir='ltr'><strong>canon</strong></span> <span class='ocrx_word' id='word_1_818' title='bbox 3766 5623 3858 5692; x_wconf 75' lang='lat' dir='ltr'><strong>i3,</strong></span> 
     </span>
     <span class='ocr_line' id='line_1_115' title="bbox 2279 5699 3160 5752; baseline 0 0"><span class='ocrx_word' id='word_1_819' title='bbox 2279 5711 2326 5752; x_wconf 79' lang='lat' dir='ltr'><strong>et</strong></span> <span class='ocrx_word' id='word_1_820' title='bbox 2406 5716 2584 5752; x_wconf 73' lang='lat' dir='ltr'><strong>remum</strong></span> <span class='ocrx_word' id='word_1_821' title='bbox 2615 5700 2868 5752; x_wconf 67' lang='lat' dir='ltr'><strong>secundae</strong></span> <span class='ocrx_word' id='word_1_822' title='bbox 2898 5715 3073 5752; x_wconf 86' lang='lat' dir='ltr'><strong>canon</strong></span> <span class='ocrx_word' id='word_1_823' title='bbox 3107 5699 3160 5752; x_wconf 81' lang='grc'><strong>5.</strong></span> 
     </span>
    </p>
   </div>
   <div class='ocr_carea' id='block_1_115' title="bbox 2274 5699 3160 5756">
    <p class='ocr_par' dir='ltr' id='par_1_115' title="bbox 2274 5699 3160 5756">
     <span class='ocr_line' id='line_1_116' title="bbox 2274 5699 3160 5756; baseline -0.002 -2"><span class='ocrx_word' id='word_1_824' title='bbox 2274 5711 2326 5754; x_wconf 89' lang='lat' dir='ltr'><strong>ct</strong></span> <span class='ocrx_word' id='word_1_825' title='bbox 2355 5699 2584 5756; x_wconf 70' lang='lat' dir='ltr'><strong>Nicmua‘:</strong></span> <span class='ocrx_word' id='word_1_826' title='bbox 2615 5700 2868 5756; x_wconf 69' lang='lat' dir='ltr'><strong>secundae</strong></span> <span class='ocrx_word' id='word_1_827' title='bbox 2898 5715 3073 5754; x_wconf 89' lang='lat' dir='ltr'><strong>canon</strong></span> <span class='ocrx_word' id='word_1_828' title='bbox 3107 5699 3160 5753; x_wconf 81' lang='grc'><strong>5.</strong></span> 
     </span>
    </p>
   </div>
  </div>
