4130 6332
403 502 502 569 501

1322 502 1895 565 APOLOGETICUS
1946 501 2095 562 PRO
2135 502 2238 562 SS.
2282 498 2785 561 IMAGINIBUS.‘

3557 487 3663 553 562

401 608 879 673 ἀποπεπτωκότες,
912 609 979 680 τῇ
1008 602 1331 681 ἀνθρωπίνῃ
1361 609 1689 680 ματαιότητι
1717 607 1979 679 ἐξανδρα-

2106 624 2167 663 ne
2202 607 2445 662 stultitiae
2486 607 2681 677 captivi
2730 604 2950 660 abducti
2998 613 3142 659 sunt.
3181 604 3394 658 Idcirco
3423 599 3662 667 imagine

404 699 746 768 ποδιζόμενοι
784 699 1205 768 κατεσύρησανο
1254 696 1346 751 διά
1400 697 1559 750 τοῦτο
1608 700 1674 766 τῇ
1715 695 1884 748 εἰκόνι
1914 697 1980 766 τῇ

402 791 577 862 χρυσῇ
610 789 866 853 καθάπαξ
919 787 1318 858 ὑποκύψαντες,
1381 791 1445 859 τῇ
1494 789 1664 840 είκόνι
1704 786 1801 839 τοῦ
1846 787 1981 857 Χρι-

406 880 534 934 στοῦ
570 882 906 950 προσκυνεῖν
931 879 1032 933 οὐκ
1062 880 1351 947 ἀνέχονται
1373 894 1386 908 ο
1423 878 1559 931 ἀλλὰ
1589 877 1679 930 τόν
1712 878 1810 947 μὲν
1855 876 1984 946 περὶ

402 970 509 1025 τῶν
538 970 771 1023 εἰδώλων
792 971 969 1037 λόγον,
1001 968 1169 1031 τίςτέ
1194 970 1333 1030 ἐστι,
1371 967 1467 1019 xui
1504 967 1602 1019 ἐπὶ
1626 967 1771 1022 τίσιν
1805 966 1982 1034 ἐφαρ-

406 1058 653 1128 μόζεται,
686 1061 780 1113 xui
819 1059 1008 1113 τοῦτον
1053 1058 1309 1129 προφανῆ
1347 1057 1444 1110 xui
1482 1055 1983 1126 δεδημοσιωμένον

404 1150 742 1219 ὑπάρχοντα,
767 1150 869 1202 οὐκ
893 1146 1047 1219 οἶμαί
1081 1166 1202 1202 τινα
1249 1147 1538 1201 λανθάνειν
1586 1145 1696 1197 τῶν
1729 1143 1985 1215 ἐρώντων

405 1241 498 1295 τοῦ
526 1242 857 1313 κρείττονος,
898 1243 992 1295 καὶ
1038 1241 1236 1311 μικρὸν
1276 1240 1408 1309 γοῦν
1452 1236 1858 1309 ἐπῃσθημένων
1885 1237 1985 1306 τῆς

404 1333 514 1386 τῶν
552 1334 900 1403 πραγμάτων
921 1333 1174 1402 φύσεως·
1210 1335 1242 1402 ἡ
1276 1332 1333 1385 δὲ
1370 1332 1482 1384 τῶν
1529 1327 2009 1397 συντεταγμένων

406 1425 582 1496 τούτῳ
622 1425 922 1494 Ἀρειανῶν
947 1425 1199 1493 ἀθεότης,
1227 1420 1731 1491 ἀποκεκρυμμένον
1753 1436 1870 1482 πως
1893 1418 1987 1471 xui.

409 1519 469 1571 οὐ
495 1519 636 1572 πάνυ
666 1516 958 1585 καταφανῆ
988 1516 1079 1568 τὸν
1109 1514 1263 1568 δόλον
1284 1517 1384 1584 τῆς
1408 1511 1668 1575 ἀσεϐείας
1696 1512 1985 1580 κέκτηται,

411 1611 504 1664 xui
530 1608 707 1681 ταύτῃ
736 1609 797 1660 οὐ
831 1606 1027 1678 ῥᾳδίως
1066 1609 1181 1669 τοῖς
1219 1606 1435 1667 πολλοῖς
1465 1601 1947 1672 καταλαμϐάνεται
1970 1618 1985 1632 ·

412 1699 829 1770 σεσοφισμένοις
853 1699 962 1769 γὰρ
988 1700 1101 1762 τοῖς
1132 1699 1341 1768 ῥήμασι
1370 1697 1465 1750 xui.
1487 1694 1854 1757 πολυπλόκοις
1866 1695 1989 1745 ἐπι-

412 1789 580 1853 νοίαις
611 1791 692 1851 είς
721 1788 881 1841 τοῦτο
908 1788 1094 1849 αὐτοῖς
1144 1786 1735 1856 ἐκμεμηχανημέναις,
1770 1785 1836 1853 τῇ
1881 1782 1991 1837 τῶν

414 1876 847 1950 παραλογισμῶν
874 1876 1040 1946 ἀχλύῖ
1087 1877 1182 1928 xui
1210 1878 1331 1938 ταῖς
1367 1878 1433 1928 ἐκ
1468 1873 1578 1929 τῶν
1611 1873 1712 1941 τῆς
1746 1874 1991 1942 εὐγλωτ-

2085 712 2249 752 aurea
2266 701 2431 752 semel
2460 697 2679 751 adorata
2708 694 2847 767 (29),
2871 694 3071 750 Christi
3099 693 3389 760 imaginem
3414 688 3659 743 venerari

2085 804 2192 843 non
2229 789 2530 858 patiuntur.
2569 786 2676 842 Sed
2713 789 2859 842 enim
2890 788 2956 840 de
2998 784 3156 842 idolis
3192 785 3284 855 qui
3323 796 3504 837 sermo
3538 779 3656 832 ﬂeri

2086 883 2292 945 soleat,
2322 890 2397 934 'et
2440 879 2639 949 quibus
2671 878 2865 932 debeat
2917 874 3357 951 accommodari,
3400 871 3525 942 quia
3580 885 3664 922 res

2087 972 2370 1041 perspicua
2404 983 2483 1025 εει
2515 982 2567 1023 et
2602 970 2914 1039 pervulgata
2938 1008 2954 1032 ,
2988 969 3261 1023 nemiuem
3306 966 3477 1019 latere
3516 960 3663 1015 arbi-

2089 1071 2207 1116 tror
2233 1062 2323 1129 qui
2362 1061 2519 1113 modo
2570 1061 2641 1113 sit
2670 1060 2801 1111 recti
2838 1070 3068 1121 amator,
3106 1067 3161 1111 et
3190 1070 3373 1110 rerttm
3411 1062 3662 1106 naturam

2087 1166 2387 1220 parumper
2433 1149 2651 1204 calleat.
2702 1147 2901 1202 Verum
2958 1158 3183 1216 cognata
3222 1146 3306 1200 his
3336 1144 3662 1198 Arianorum

2088 1240 2358 1308 impietas,
2391 1239 2659 1293 occultum
2692 1240 2805 1293 fere
2836 1254 2935 1293 nec
2956 1239 3087 1293 satis
3118 1232 3658 1290 animadvertendum

2089 1332 2271 1388 dolum
2338 1332 2607 1385 hazreseos
2648 1331 2929 1395 continet,
2964 1329 3193 1397 ideoque
3250 1324 3394 1380 haud
3443 1322 3606 1378 facile
3635 1339 3664 1374 ιι

2090 1421 2272 1474 multis
2291 1418 2633 1488 intelligitur.
2660 1419 2870 1473 Etenim
2902 1418 3108 1471 callidis
3127 1416 3424 1480 vocabulis,
3448 1425 3502 1469 et
3526 1428 3669 1467 com-

2089 1511 2304 1580 plicatis
2326 1511 2577 1565 sensibus
2609 1509 2852 1564 studiose
2889 1511 2954 1562 ad
2991 1510 3091 1562 hoc
3120 1507 3466 1576 excogitatis,
3500 1519 3664 1574 para-

2091 1603 2439 1671 logismorum
2470 1602 2684 1667 nebula,
2708 1610 2761 1654 et
2788 1600 3123 1671 garrulitatis
3149 1607 3360 1653 versuta
3390 1596 3666 1657 suasione,

2089 1692 2247 1748 facile
2290 1700 2520 1762 possunt
2550 1691 2915 1761 simpliciores
2950 1693 3202 1758 abripere
3235 1698 3396 1757 atque
3432 1686 3483 1740 in
3518 1701 3668 1740 suam

2092 1787 2416 1843 sententiam
2459 1786 2797 1854 pertrahere.
2830 1784 3197 1851 Quamobrem
3222 1796 3390 1854 pauca
3423 1781 3667 1850 quaedam

2093 1888 2147 1932 et
2177 1879 2245 1932 de
2281 1878 2399 1946 ipso
2432 1878 2449 1944 (
2481 1878 2657 1930 Leone
2686 1878 2767 1929 vel
2802 1876 3180 1948 Coprouymo)
3208 1886 3261 1931 et
3289 1875 3355 1931 de
3379 1874 3540 1945 hujus
3584 1887 3673 1926 ne-

412 1970 535 2034 τίας
570 1970 820 2041 στροφῶν
855 1969 1204 2037 πιθανότησι,
1228 1965 1601 2037 συναρπάζειν
1644 1967 1739 2018 xui
1785 1963 1992 2018 ὑποσύ-

2106 1968 2223 2039 gotii
2253 1968 2590 2037 praesidibus,
2612 1970 2678 2023 ad
2706 1970 3014 2039 iguarorum
3040 1969 3283 2021 notitiam
3304 1978 3358 2021 et
3384 1966 3671 2020 utilitatem

418 2075 532 2129 ρειν
559 2061 685 2124 τοὺς
709 2059 1117 2128 ἁπλουστέρους
1144 2058 1237 2112 ἐπὶ
1264 2058 1324 2110 τὸ
1354 2058 1484 2110 ίδιον
1504 2057 1762 2127 φρόνημα
1788 2055 1990 2118 ἱκανῶς

417 2152 602 2221 έχουσι
622 2167 634 2179 ·
663 2150 752 2204 διὰ
774 2150 937 2204 τοῦτο
957 2148 1134 2220 μικρά
1151 2165 1275 2203 τινα
1301 2150 1432 2219 περὶ
1456 2148 1620 2201 αὐτοῦ
1649 2165 1710 2201 τε
1755 2147 1851 2200 xui
1882 2147 1989 2200 τῶν

2099 2059 2325 2113 dicenda
2360 2060 2562 2127 putavi.
2598 2059 2829 2125 Quinam
2866 2073 2995 2112 vero
3023 2059 3131 2112 sint
3173 2058 3272 2128 ipsi
3304 2056 3462 2121 libri,
3493 2066 3546 2111 et
3576 2071 3674 2110 cu-

2096 2148 2311 2217 iusnam
2346 2150 2663 2219 magisterii,
2695 2151 2873 2204 dicere
2898 2149 3174 2220 incipiam.

418 2240 841 2310 προεστηκότων
894 2240 1091 2301 εἰπεῖν,
1134 2238 1270 2307 πρὸς
1333 2236 1436 2308 τὴν
1495 2237 1605 2289 τῶν
1684 2234 2024 2303 ἀγνοούντων
2065 2235 2275 2307 εἴδησιν
2314 2238 2408 2291 xui
2466 2238 2760 2308 ὠφέλειαν,
2808 2238 2958 2303 ἄξιον
3000 2238 3311 2309 ὑπείληφα·
3354 2237 3500 2302 τίνες
3537 2236 3593 2290 δὲ
3623 2238 3677 2289 αἱ

423 2331 597 2402 βίϐλοι
658 2326 848 2396 αὗται,
915 2331 1132 2399 καὶτῆς
1191 2327 1354 2391 ποίας
1399 2327 1793 2393 διδασκαλίας,
1849 2326 1990 2396 ἐρῶν
2030 2326 2285 2401 ἔρχομαι.

496 2416 582 2488 ιβ’.
609 2416 707 2481 Τίς
754 2418 853 2470 οὐκ
891 2414 999 2470 οἶδε
1056 2417 1154 2485 τὴν
1186 2414 1458 2486 θεομάχον
1512 2414 1622 2467 τῶν
1664 2413 1997 2485 δυσωνύμων

437 2513 728 2583 ’Λρειανῶν
766 2513 1082 2582 ἀθεωτάτην
1132 2513 1343 2584 αἵρεσιν
1372 2552 1387 2577 ,
1427 2511 1494 2582 ἢν
1551 2513 1580 2563 ὁ
1635 2510 1734 2581 τῆς
1795 2510 2000 2581 μανίας

424 2605 594 2668 ὅντως
621 2604 909 2676 ἐπώνυμος
945 2607 1163 2677 Ἄρειος
1219 2603 1567 2674 ὲξεγέννησε,
1622 2604 1719 2656 xui
1754 2605 1879 2664 τοὺς
1907 2601 1999 2656 τὸν

428 2695 690 2768 μαινόλην
752 2697 965 2750 τουτονὶ
1036 2696 1134 2749 καὶ
1184 2695 1427 2766 ἔκφρονα
1490 2693 1998 2764 συναπαρτίζονταε

425 2789 644 2855 θίασον;
677 2789 727 2842 οἳ
762 2789 862 2858 τὴν
910 2788 1143 2857 θεότητα
1173 2787 1267 2840 τοῦ
1298 2786 1500 2851 ζῶντος
1542 2786 1635 2840 xui
1684 2784 1997 2854 ὑφεστῶτος

424 2882 519 2936 καὶ
550 2881 918 2934 ὲνυποστάτου
949 2878 1085 2933 Θεοῦ
1115 2880 1291 2947 Λόγου
1318 2878 1607 2931 ἀθετοῦσιν
1638 2877 1994 2948 ἀνοητότατα,

424 2971 696 3041 ιτεροφυᾶ
728 2971 827 3040 τῆς
872 2968 968 3022 τοῦ
996 2969 1131 3023 Θεοῦ
1194 2969 1287 3023 καὶ
1345 2969 1560 3038 Πατρός
1598 2969 1785 3031 οὐσίας
1833 2968 1999 3022 αὐτὸν

428 3062 750 3132 ἀποφαίνειν
800 3061 1157 3134 πειρώμενοι,
1206 3064 1303 3115 xui
1339 3063 1439 3132 τῆς
1482 3063 1640 3131 δόξης
1662 3063 1765 3131 τῆς
1796 3078 1998 3132 πατρι-

428 3151 531 3221 κῆς
560 3151 876 3222 ἁποσχίζειν
899 3152 1157 3222 ἀθέσμως
1185 3152 1447 3221 οἰόμενοι,
1501 3151 1596 3205 xui
1650 3151 1750 3215 τὰς
1788 3151 1885 3222 τῆς
1911 3151 1999 3204 δε-

428 3242 676 3306 σπότιδος
708 3242 922 3310 φύσεως
945 3242 1311 3312 ἀσυγκρίτους
1336 3242 1631 3313 ὑπεροχὰς,
1654 3243 1744 3295 ἐπὶ
1773 3242 1870 3312 τὴν
1902 3242 2000 3312 τῆς

424 3331 622 3401 δούλης
671 3333 904 3396 κτίσεως
948 3332 1270 3403 περιπὲζιον
1305 3331 1458 3397 τάξιν
1499 3331 1996 3396 καταϐιϐάζοντεςο

428 3421 491 3475 οὐ
524 3422 630 3492 μὴν
654 3422 714 3475 δὲ
746 3422 881 3476 ἀλλὰ
910 3423 1002 3475 καὶ
1029 3422 1130 3492 τὴν
1176 3421 1327 3475 θείαν
1366 3423 1460 3476 xui
1496 3424 1752 3493 ὑπερφυᾶ
1774 3422 1869 3475 τοῦ
1900 3422 2000 3475 Λό-

425 3529 526 3579 γου
567 3510 969 3581 συκοφαντοῦσι
1011 3512 1308 3581 σάρκωσιν,
1352 3513 1445 3565 xui
1472 3513 1546 3574 ὡς
1582 3515 1639 3564 ὲν
1694 3516 1872 3576 σκιαῖς
1906 3513 2003 3565 καὶ

427 3602 612 3673 ψιλαῖς
643 3605 968 3671 φαντασίαις
1015 3603 1185 3672 αὐτὴν
1229 3605 1524 3673 πεφηνέναι
1553 3604 2001 3674 ἀπισχυρίζονται

431 3694 726 3766 φαντασιού
736 3712 906 3766 μενοι,
923 3695 1131 3765 συνῳδὰ
1148 3697 1212 3765 τῇ
1234 3696 1544 3765 Μαπθιχαῖκῇ
1569 3695 1759 3767 λύσσῃ,
1779 3698 2002 3759 καὶτοῖς

432 3785 540 3839 ἀπὸ
571 3785 669 3855 τῆς
708 3786 802 3840 τοῦ
834 3786 1150 3839 Βαλεντίνου
1191 3786 1453 3855 βακχείας
1483 3789 1576 3839 xui.
1605 3788 1761 3840 αὐτοὶ
1799 3787 2003 3856 δογμα-

431 3877 670 3942 τίζοντες
695 3892 709 3907 ·
734 3879 814 3942 τίς
844 3881 906 3931 οὐ
939 3878 1281 3949 μεμάθηκεν,
1391 3880 1483 3932 καὶ
1511 3878 1653 3932 κατὰ
1682 3879 1852 3949 βραχὺ
1873 3879 2004 3946 γοῦν

427 3971 605 4033 Λόγου.
632 3971 872 4040 μέτεστι,
902 3973 997 4024 καὶ
1025 3971 1269 4041 ἱστορίας
1291 3972 1366 4033 είς
1393 3972 1589 4039 πεῖραν
1610 3970 1841 4036 ἀφίκετο
1859 4009 1872 4033 ,
1907 3969 2003 4040 τὴν

425 4061 634 4134 τούτωχ
654 4066 896 4134 κορυφὴν
915 4064 1007 4115 xui
1025 4062 1340 4133 ἀκρόπολιν;
1370 4063 1429 4115 '0
1448 4062 1759 4131 Καισαρεὺς
1779 4061 1822 4113 δ’
1849 4052 2006 4123 οὗτός

427 4154 545 4205 ἔστι
571 4154 833 4225 δυσσεϐὴς
867 4155 1036 4219 ὅντως
1067 4156 1345 4218 Εὐσέϐιος,
1371 4155 1428 4217 ὃς
1450 4172 1513 4223 γε
1546 4152 1720 4208 πολλὰ
1747 4154 1844 4223 μὲν
1866 4154 2007 4208 κατὰ

426 4244 525 4313 τῆς
555 4245 648 4297 τοῦ
680 4247 852 4313 Λόγου
884 4246 1132 4313 θεότητος
1170 4246 1600 4316 δεδυσφημηκὼς
1625 4246 2002 4316 πεφλυάρηκε,

430 4335 674 4389 πολλὰδὲ
694 4339 833 4390 κατά
850 4337 947 4407 τῆς
981 4337 1130 4400 θείας
1169 4338 1262 4390 τοῦ
1284 4339 1534 4409 Σωτῆρος
1566 4337 1875 4408 οἰκονομίας
1912 4354 2009 4408 μα-

404 4419 732 4480 ’ταιοπονῶν
760 4428 1155 4497 δεδυσσέϐηκεν
1172 4444 1184 4456 ·
1209 4424 1270 4482 οὗ
1292 4430 1360 4481 τά
1386 4430 1798 4499 συγγράμματα
1845 4430 2007 4501 μέχρι

431 4520 526 4571 καὶ
543 4520 785 4591 τήμερον
808 4520 917 4573 τῶν
945 4521 1247 4588 ἐξαγίστων
1273 4520 1440 4575 αὐτοῦ
1467 4521 1754 4592 δογμάτων
1772 4523 2007 4594 ὑπάρχει

2182 2417 2341 2487 160
2371 2418 2455 2472 i2.
2485 2419 2617 2486 Quis
2642 2419 2852 2491 ignorat
2883 2419 2978 2473 Dei
3009 2420 3283 2473 inimicam
3313 2429 3364 2474 et
3387 2418 3677 2473 infaustam

2106 2510 2436 2566 Arianorum
2472 2511 2850 2581 impiissimam
2889 2509 3175 2575 hreresim,
3210 2513 3276 2566 ab
3302 2513 3434 2564 Ario
3460 2550 3474 2575 ,
3525 2512 3681 2579 cujus

2107 2617 2299 2656 nomen
2329 2602 2566 2657 furorem
2600 2604 2823 2657 denotat
2853 2602 2987 2673 ('50),
3019 2602 3255 2672 genitam
3309 2617 3515 2656 necnon
3549 2601 3678 2655 relio

2107 2698 2307 2763 quum‘,
2347 2696 2438 2763 qui
2471 2694 2595 2749 huic
2625 2694 2901 2764 lymphato
2935 2704 3207 2764 suppetias
3239 2692 3343 2748 fert
3371 2735 3385 2758 ,
3416 2708 3683 2748 vesanum

2105 2786 2333 2840 chorum
2360 2786 2384 2840 ?
2414 2786 2503 2853 qui
2535 2786 2871 2840 divinitatem
2901 2788 3131 2841 viventis
3162 2794 3215 2841 et
3248 2785 3595 2841 subsistentis
3632 2796 3687 2839 et

2109 2876 2162 2930 in
2197 2894 2300 2930 una
2333 2893 2563 2946 persona
2607 2878 2696 2931 Dei
2734 2877 2896 2932 Verbi
2926 2879 3246 2932 stultissime
3277 2878 3518 2942 abolent,
3555 2876 3686 2929 alie—

2108 2983 2233 3021 num
2273 2983 2303 3021 a
2339 2968 2429 3022 Dei
2458 2978 2511 3022 ct
2541 2968 2721 3023 Patris
2750 2968 3052 3023 suhmautia
3084 2977 3347 3023 conantes
3376 2968 3681 3030 ostendero,

2108 3071 2331 3132 paterna
2365 3063 2657 3132 ipsmnntet
2692 3062 2860 3133 gloria
2900 3063 3293 3133 segregandnm
3334 3061 3498 3130 impie
3538 3062 3684 3112 arhi-

2109 3162 2316 3208 trantes
2339 3193 2355 3217 ,
2376 3167 2431 3208 et
2465 3154 2815 3210 Dominicalis
2847 3164 3055 3207 natura).
3088 3151 3545 3222 incomparabiles
3590 3166 3684 3204 su~

2109 3245 2433 3308 blimitates,
2464 3248 2529 3298 ad
2572 3246 2830 3299 humilem
2874 3246 3094 3300 SchillS
3122 3256 3392 3299 creatura:
3438 3243 3682 3295 ordinem

2107 3336 2493 3401 deprimentes.
2525 3333 2749 3405 insuper
2773 3336 3008 3389 divinam
3034 3352 3251 3405 qttoque
3276 3345 3326 3389 ct
3361 3344 3687 3405 Silpt‘l‘nﬂlll'

2111 3427 2275 3481 ralem
2313 3425 2473 3480 Verbi
2510 3428 2917 3482 calumniantur
2968 3429 3429 3489 incarnationmn,
3459 3439 3689 3494 eamque

2110 3519 2453 3572 umbratilem
2501 3529 2703 3573 tantum
2736 3528 2791 3574 et
2840 3535 2986 3575 mere
3019 3520 3413 3589 phantasticam
3453 3520 3688 3572 demon-

2109 3622 2286 3666 strare
2304 3612 2724 3676 hallucinautur,
2745 3614 3075 3668 Mauichaico
3090 3613 3255 3668 furori
3277 3614 3446 3682 paria,
3473 3628 3681 3665 necnon

2114 3703 2384 3757 Valentini
2433 3707 2658 3757 insaniae
2681 3745 2695 3767 ,
2731 3707 2831 3775 ipsi
2863 3721 3079 3774 quoque
3111 3707 3387 3760 tradentes
3417 3706 3689 3773 dogmata.

2113 3795 2245 3862 Quis
2272 3813 2374 3850 non
2413 3799 2581 3860 novit,
2615 3799 2659 3850 si
2695 3799 2855 3851 modo
2881 3814 3071 3869 parum
3102 3798 3425 3853 litteraturae
3461 3799 3643 3866 attigit
3673 3839 3685 3855 .

2113 3898 2165 3942 et
2194 3889 2431 3941 historigu
2463 3889 2624 3942 limen
2655 3889 2943 3955 salutavit,
2979 3890 3171 3945 horum
3202 3888 3447 3943 columen
3508 3901 3560 3942 et
3593 3906 3684 3940 ar-

2113 3980 2272 4035 cem?
2301 3981 2717 4049 Ctesariensem,
2760 3984 3006 4052 inquam,
3044 3983 3359 4045 Eusebium,
3404 3983 3494 4051 qui
3522 3983 3687 4033 multa

2115 4074 2376 4128 adversus
2390 4073 2551 4129 Verbi
2572 4076 2910 4131 divinitatem
2926 4076 3313 4147 blaspltemans
3332 4083 3565 4146 nugatns
3590 4084 3666 4127 est
3680 4116 3693 4135 ,

2116 4162 2283 4217 multa
2315 4164 2479 4216 etiam
2508 4173 2696 4218 contra
2730 4165 2968 4220 divinam
3002 4165 3319 4221 Servatoris
3362 4164 3697 4217 incarnatio—

2115 4270 2237 4309 nem
2264 4255 2500 4309 deliraus
2533 4256 2833 4328 irreligiose
2866 4258 3079 4313 locutus
3106 4266 3187 4311 est
3222 4274 3235 4311 :
3289 4258 3442 4325 cujus
3491 4257 3693 4323 scripta

2115 4346 2181 4400 ad
2209 4348 2351 4402 hunc
2375 4363 2545 4416 usque
2571 4350 2708 4402 diem
2735 4350 3069 4406 detestandis
3092 4351 3331 4421 ejusdem
3355 4351 3697 4417 dogmatibus

2119 4441 2430 4512 plenissima
2461 4452 2585 4497 sunt
2617 4442 2750 4513 (5i).
2784 4441 2902 4512 ipse
2924 4442 3067 4495 enim
3101 4458 3209 4496 non
3235 4442 3420 4495 Arium
3455 4450 3683 4492 lautum-

2121 4535 2278 4587 modo
2313 4535 2627 4602 magistrum
2658 4549 2851 4600 suum,
2892 4542 2947 4588 et
2977 4533 3137 4602 ltttjtt“
3176 4531 3464 4599 apostasia:
3506 4540 3698 4582 aucto-

431 4611 751 4665 κατάπλεα’
787 4614 845 4666 οὗ
879 4613 989 4684 γὰρ
1022 4616 1242 4685 Ἀρειον
1285 4614 1443 4684 μόνον
1489 4614 1581 4667 τὸν
1623 4614 1817 4668 ἑαυτοῦ
1855 4616 1998 4669 διδά-

2116 4641 2248 4689 rem,
2283 4628 2374 4679 sed
2425 4635 2478 4679 ct
2508 4626 2645 4680 alios
2676 4640 2889 4689 euntes,
2918 4625 3007 4694 qui
3047 4625 3098 4678 iu
3129 4623 3403 4690 Unigeniti
3465 4622 3691 4691 gloriam

433 4704 654 4766 σκαλον,
689 4705 783 4757 xui
809 4708 906 4776 τῆς
940 4707 1276 4769 ἀποστασίας
1297 4707 1501 4778 ταύτης
1527 4705 1849 4777 εἰσηγητὴν,
1884 4708 2004 4760 ἀλλ’

431 4793 536 4865 ήδη
568 4795 663 4847 καὶ
702 4795 909 4858 πάντας
933 4796 1057 4857 τοὺς
1082 4798 1160 4859 εἰς
1189 4797 1287 4866 τὴν
1318 4796 1479 4860 δόξαν
1527 4796 1620 4855 τοῦ
1669 4799 2011 4866 Μονογενοῦς

436 4886 951 4956 προσκεκρουκότας
982 4886 1385 4958 ὑπερϐαλέσθαι
1429 4887 1808 4958 ἐφιλονείκησε
1832 4905 1848 4922 ’
1898 4889 2013 4942 κτί-

437 4992 608 5047 σμασι
642 4978 752 5048 γὰρ
778 4978 1127 5049 προσκυνῶν,
1162 4979 1256 5031 καὶ
1285 4982 1351 5049 τῇ
1386 4980 1563 5032 κτίσει
1595 4980 1656 5033 τὸ
1699 4980 1847 5052 μόνῳ
1878 4982 2011 5049 πρέ-

435 5086 536 5121 πον
558 5068 676 5140 Θεῷ
706 5069 870 5132 σέϐας
895 5070 1153 5123 ἀνάπτων
1191 5071 1493 5140 ἐλέγχεται,
1545 5072 1734 5143 λάτρις
1777 5074 2013 5127 εἰδώλων

434 5159 687 5214 ἐντεῦθεν
723 5162 910 5229 σαφῶς
945 5161 1380 5232 ὲκδεικνύμενος,
1410 5163 1554 5217 καθὰ
1585 5164 1679 5217 καὶ
1718 5164 1871 5237 παρὰ
1900 5165 2008 5218 τῶν

436 5251 707 5323 ἐκκρίτων
736 5252 844 5306 τῶν
885 5252 1161 5324 θεοφόρων
1199 5254 1463 5325 Πατέρων
1505 5254 1664 5325 ἡμῶν
1724 5256 2009 5326 μεμαρτύι

439 5359 637 5414 ρἠται⁸
672 5345 987 5413 ἀναγκαίως
1033 5342 1129 5399 οὖν
1186 5346 1280 5399 καὶ
1326 5348 1376 5399 oi
1433 5346 1824 5417 προσκείμενοι
1859 5348 2008 5419 αὐτῷ

508 5498 622 5569 (29)
657 5498 751 5553 Vel
784 5498 1305 5555 Nabuchodonosori
1351 5501 1432 5555 vel
1473 5502 1825 5572 Copronymi.

510 5571 876 5693 (;50)‘"Ap6t0;
915 5571 1027 5624 ἀπὸ
1053 5573 1144 5626 τοῦ
1181 5573 1399 5641 Ἄρεος,
1432 5573 1590 5625 Arius
1629 5591 1659 5625 a
1694 5571 1888 5629 Marte
1931 5575 2017 5644 [ιι-ο

510 5658 528 5693 ι
556 5657 582 5693 e
653 5657 734 5693 eo.

439 5652 582 5696 rente
615 5652 734 5695 deo.

512 5711 624 5782 (51)
679 5709 947 5782 ιιοενὶορι
1000 5712 1134 5762 dixit
1184 5709 1522 5777 Nicephorus
1553 5711 1606 5765 in
1662 5713 2015 5781 Apolngetico

441 5780 652 5835 minore
686 5798 735 5848 p.
776 5781 863 5837 15.
892 5780 1110 5834 Euschii
1144 5782 1507 5835 Ariauismum
1532 5795 1691 5834 nemo
1711 5780 2017 5840 evidentius

440 5847 838 5905 demonstravit
860 5865 1017 5919 quam
1053 5847 1109 5904 Β.
1147 5849 1581 5904 iliontl‘auconius
1619 5851 1670 5905 iu
1703 5852 2019 5918 praefatione

444 5921 513 5977 ad
540 5919 782 5988 ejusdem
812 5918 1035 5977 Eusebii
1072 5918 1505 5977 Commentarios
1532 5921 1583 5976 itt
1610 5921 1871 5979 Psaltnos.

2114 4726 2454 4789 peecaruut,
2491 4731 2749 4787 superare
2803 4716 3101 4773 contendit.
3150 4714 3360 4779 Etenim
3411 4722 3699 4769 creaturas

2114 4812 2405 4875 adorasse,
2454 4819 2507 4860 et
2553 4809 2791 4865 debitum
2830 4807 2941 4860 Deo
2985 4809 3087 4861 soli
3137 4808 3339 4860 cultum
3372 4807 3449 4860 rei
3497 4816 3697 4861 creata:

2115 4900 2432 4955 exhibuisse
2465 4908 2774 4962 accusatur,
2810 4895 3128 4952 idololatriae
3165 4898 3367 4952 idcirco
3400 4896 3689 4951 manifeste

2121 4990 2423 5053 convictus,
2457 4989 2614 5043 sicuti
2644 4988 2807 5042 etiam
2842 4988 3025 5042 eximii
3054 4988 3258 5056 aliquot
3294 4987 3484 5040 Patres
3521 4986 3687 5038 nostri

2120 5081 2298 5133 testati
2353 5090 2478 5134 sunt
2515 5079 2650 5149 (Fui).
2700 5077 2938 5133 Necesse
2980 5090 3064 5132 est
3108 5079 3293 5149 itaque
3341 5086 3401 5129 ut
3452 5076 3614 5128 etiam
3648 5074 3695 5128 ei

2124 5171 2462 5224 adhmreutes
2528 5186 2592 5224 ac
2640 5169 2890 5239 discipuli
2939 5172 3269 5223 sententiam
3318 5166 3561 5234 magistri
3594 5164 3697 5217 sihi

2119 5272 2417 5316 assumant.
2461 5262 2508 5316 is
2559 5263 2704 5316 cnim
2731 5278 2826 5316 eos
2867 5261 3053 5315 docuit
3085 5259 3287 5316 Christi
3327 5272 3521 5324 corpus
3553 5256 3699 5326 pingi

2120 5362 2212 5406 aut
2243 5352 2365 5422 tingi
2402 5369 2504 5406 non
2538 5367 2717 5422 posse,
2748 5353 2911 5422 idque
2930 5352 3152 5406 omnino
3175 5351 3521 5419 phantastice
3554 5362 3701 5399 sont.

2196 5508 2309 5580 (3‘2)
2352 5510 2403 5561 lu
2450 5525 2674 5564 carcere
2716 5511 2923 5576 positus
2948 5548 2963 5569 ,
3010 5506 3265 5580 saeviente
3302 5504 3704 5580 persecutione,

2122 5576 2466 5634 sacriﬁcasse
2518 5580 2624 5633 diis
2673 5581 2847 5632 dictus
2893 5589 2976 5631 est
3021 5577 3285 5629 Eusebius
3336 5576 3528 5626 timore
3579 5589 3707 5638 sup-

2122 5650 2290 5716 plicii.
2334 5648 2467 5704 Vide
2513 5648 2870 5716 Epiphaniutn
2917 5648 3119 5701 hmres.
3149 5643 3246 5716 _68,
3293 5645 3367 5716 ῖς
3407 5646 3532 5696 item
3587 5658 3707 5709 qua:

2120 5711 2279 5772 docte
2304 5722 2478 5772 'more
2517 5711 2628 5774 suo
2667 5719 2765 5773 hac
2822 5731 2990 5782 super
3043 5732 3096 5768 rc
3130 5714 3264 5767 dicit
3298 5711 3702 5773 Titii-inmitius,

2122 5787 2283 5859 Mem.
2329 5787 2479 5854 “CL,
2514 5799 2551 5842 Ι.
2585 5787 2723 5857 Vill,
2755 5803 2805 5859 ρ.
2841 5786 2967 5852 661,
2999 5786 3051 5840 in
3099 5786 3222 5841 adn.
3258 5785 3320 5840 i9
3355 5785 3430 5857 ad.
3455 5796 3703 5839 sanctum

2120 5857 2497 5915 Athanasium.
