4130 6332
402 501 501 568 561

1321 501 1893 564 APOLOGETICUS
1943 501 2093 561 PRO
2133 501 2236 562 SS.
2280 498 2784 562 IMAGINIBUS.‘

3555 487 3662 553 562

400 607 877 672 ἀποπεπτωκότες,
910 608 977 678 τῇ
1006 605 1329 681 ἀνθρωπίνῃ
1359 608 1688 679 ματαιότητι
1715 607 1977 678 ἐξανδρα-

2104 623 2165 663 ne
2200 606 2443 662 stultitiae
2484 607 2680 677 captivi
2729 604 2948 660 abducti
2996 613 3140 659 sunt.
3179 604 3392 657 l‘dcirco
3421 598 3661 666 imagine

403 698 744 767 ποδιζόμενοι
782 698 1203 767 κατεσύρησανο
1252 695 1344 749 διὰ
1398 696 1557 749 τοῦτο
1606 699 1672 765 τῇ
1713 695 1882 748 εικόνι
1913 696 1978 765 τῇ

401 790 575 860 χρυσῇ
609 787 865 852 καθάπαξ
917 786 1316 857 ὑποκύψαντες,
1380 790 1443 858 τῇ
1493 787 1663 840 εικόνι
1702 785 1799 839 τοῦ
1844 787 1979 856 Χρι-

406 879 533 932 στοῦ
568 881 904 949 προσκυνεῖν
928 878 1029 931 οὐκ
1059 878 1384 946 ἀνέχονται*
1421 877 1558 930 ἀλλά
1587 876 1678 929 τὸν
1710 877 1808 946 μὲν
1852 876 1982 945 περὶ

401 968 508 1024 τῶν
536 968 768 1022 εἰδώλων
790 969 967 1036 λόγον,
999 966 1167 1030 τίςτὲ
1192 969 1331 1029 ἐστι,
1368 966 1465 1019 καὶ
1502 966 1600 1019 ἐπὶ
1625 966 1769 1021 τίσιν
1804 966 1980 1033 ἐφαρ-

405 1057 651 1127 μόξεται,
684 1060 778 1112 καὶ
817 1058 1006 1111 τοῦτον
1050 1056 1307 1127 προφανῆ
1345 1056 1442 1109 καὶ
1481 1054 1981 1125 δεδημοσιευμένον

403 1149 740 1217 ὑπάρχοντα,
764 1149 867 1201 οὐκ
891 1144 1045 1217 οἶμαί
1079 1164 1200 1200 τινα
1247 1146 1536 1200 λανθάνειν
1584 1144 1695 1197 τῶν
1726 1143 1982 1215 ἐρώντων

404 1240 497 1294 τοῦ
524 1241 855 1311 κρείττονος,
896 1242 990 1294 καὶ
1036 1240 1234 1310 μικρὸν
1273 1238 1406 1307 γοῦν
1450 1236 1856 1309 ὲπῃσθημένων
1883 1237 1983 1305 τῆς

404 1332 513 1385 τῶν
550 1332 898 1402 πραγμάτων
919 1331 1172 1401 φύσεως·
1208 1334 1241 1401 ἡ
1274 1330 1331 1385 δὲ
1368 1331 1481 1383 τῶν
1527 1326 1984 1397 συντεταγμένων

406 1423 581 1495 τούτῳ
621 1424 919 1492 Ἀρειανῶν
945 1424 1197 1493 ἀθεότης,
1225 1420 1729 1490 ἀποκεκρυμμένον
1751 1435 1869 1481 πως
1891 1418 1985 1471 καὶ

408 1517 468 1569 οὐ
494 1518 634 1571 πάνυ
664 1515 956 1584 καταφανῆ
986 1516 1077 1567 τὸν
1107 1514 1261 1568 δόλον
1282 1517 1382 1583 τῆς
1407 1510 1666 1574 ἀσεϐείας
1695 1511 1984 1579 κέκτηται,

410 1609 503 1662 καὶ
529 1607 706 1680 ταύτῃ
734 1608 797 1659 οὐ
828 1605 1026 1677 ῥᾳδίως
1064 1608 1179 1669 τοῖς
1217 1605 1433 1667 πολλοῖς
1463 1600 1944 1671 καταλαμϐάνεται
1968 1618 1983 1632 ⁸

412 1698 827 1769 σεσοφισμένοις
851 1698 960 1769 γὰρ
986 1700 1099 1761 τοῖς
1130 1699 1339 1767 ῥήμασι
1368 1696 1463 1749 καὶ
1486 1693 1851 1756 πολυπλόκοις
1864 1694 1987 1745 ἑπο-

411 1788 579 1852 νοίαις
610 1791 691 1850 είς
719 1787 878 1840 τοῦτο
906 1787 1092 1848 αὐτοῖς
1142 1785 1732 1855 ἑκμεμηχανημέναις,
1768 1785 1834 1853 τῇ
1878 1782 1989 1835 τῶν

414 1875 845 1949 παραλογισμῶν
872 1875 1038 1945 ἀκλύί
1084 1876 1179 1927 καὶ
1207 1877 1328 1938 ταῖς
1365 1877 1431 1928 ἐκ
1466 1873 1577 1927 τῶν
1609 1872 1711 1940 τῆς
1745 1873 1988 1942 εὐγλωτ-

2083 701 2429 752 aurea‘semel
2459 697 2678 750 adorata
2706 694 2844 767 (29),
2868 694 3069 750 Christi
3097 692 3387 761 imaginem
3413 689 3658 743 venerari

2083 804 2190 842 non
2228 789 2529 858 patiuntur.
2568 786 2674 841 Sed
2712 788 2857 842 enim
2888 787 2954 841 de
2997 784 3155 842 idolis
3191 785 3282 854 qui
3322 796 3502 837 sermo
3537 780 3655 832 neri

2084 882 2290 944 soleat,
2318 890 2395 933 ‘et
2439 879 2637 949 quibus
2670 878 2862 932 debeat
2915 874 3355 939 accommodari,
3399 871 3523 941 quia
3579 885 3662 922 res

2086 972 2368 1040 perspicua
2403 983 2482 1025 est
2513 981 2565 1023 et
2601 970 2912 1039 pervulgata
2936 1008 2952 1032 ,
2987 969 3259 1023 neminem
3304 966 3475 1019 latere
3515 960 3662 1015 arbi-

2087 1071 2205 1115 tror
2231 1061 2321 1129 qui
2360 1061 2517 1113 modo
2568 1061 2639 1113 sit
2668 1060 2799 1111 recti
2835 1070 3066 1121 amator,
3104 1067 3160 1111 et
3189 1070 3371 1110 rerum
3410 1063 3660 1106 naturam

2085 1166 2385 1219 parumper
2432 1149 2649 1203 callent.
2700 1147 2899 1202 Verum
2956 1158 3181 1216 cognata
3220 1146 3305 1200 his
3334 1144 3661 1198 Arianorum

2085 1239 2356 1308 impietas,
2389 1239 2657 1293 occultum
2691 1240 2803 1293 fere
2834 1254 2933 1293 nec
2955 1239 3086 1293 satis
3116 1232 3656 1305 animadvertendum

2086 1332 2269 1387 dolum
2335 1331 2604 1384 haereseos
2646 1331 2927 1395 continet,
2961 1328 3192 1397 ideoque
3248 1324 3392 1379 haud
3442 1321 3604 1378 facile
3634 1338 3662 1374 ιι

2087 1420 2270 1474 multis
2289 1418 2630 1487 intelligitur.
2658 1419 2868 1472 Etenim
2900 1418 3106 1470 callidis
3126 1415 3423 1480 vocabulis,
3447 1425 3501 1468 et
3524 1428 3668 1467 com-

2087 1510 2302 1580 plicatis
2324 1511 2575 1565 sensibus
2607 1509 2850 1564 studiose
2887 1511 2952 1562 ad
2989 1510 3089 1563 hoc
3119 1506 3465 1576 excogitatis,
3499 1518 3662 1573 para-

2089 1603 2436 1671 logismorum
2468 1602 2681 1667 nebula,
2705 1610 2758 1654 et
2786 1600 3121 1671 garrulitatis
3148 1607 3358 1653 versuta
3388 1596 3664 1657 suasione,

2087 1692 2244 1747 facile
2288 1700 2517 1761 possunt
2548 1691 2913 1760 simpliciores
2948 1692 3200 1759 abripere
3232 1698 3394 1757 atque
3430 1686 3481 1740 iu
3516 1701 3666 1741 suam

2090 1787 2413 1842 sententiam
2457 1786 2795 1854 pertrahere.
2828 1784 3195 1851 Quamobrem
3220 1797 3388 1854 pauca
3421 1781 3666 1850 quazdam

2091 1888 2144 1932 et
2175 1879 2243 1931 de
2278 1878 2396 1946 ipso
2430 1877 2447 1944 (
2478 1877 2654 1930 Leone
2684 1878 2765 1929 vel
2800 1876 3178 1948 Copronymo)
3206 1886 3259 1931 et
3287 1875 3353 1930 de
3377 1874 3538 1945 hujus
3582 1887 3672 1925 ne.

412 1968 535 2033 τίας
569 1969 819 2040 στροφῶν
853 1967 1202 2037 πιθανότησι,
1226 1964 1599 2036 συναρπάζειν
1642 1966 1737 2018 καὶ
1783 1963 1990 2017 ὑποσύ-

2104 1968 2221 2039 gotii
2250 1968 2588 2037 praesidibus,
2610 1970 2675 2023 ad
2704 1970 3012 2038 ignarorum
3037 1969 3281 2021 notitiam
3301 1978 3356 2020 et
3382 1966 3669 2020 utilitatem

417 2073 531 2128 ρειν
558 2060 684 2122 τοὺς
707 2058 1116 2127 ἁπλουστέρους
1142 2057 1236 2111 ἐπὶ
1262 2057 1323 2109 τὸ
1351 2058 1483 2110 ίδιον
1502 2056 1760 2127 φρόνημα
1786 2054 1988 2117 ἱκανῶς

417 2150 601 2219 ἔχουσι
620 2165 633 2178 ·
662 2148 751 2203 διὰ
773 2149 935 2202 τοῦτο
955 2147 1132 2219 μικρά
1149 2165 1273 2202 τινα
1300 2150 1430 2219 περὶ
1454 2148 1618 2201 αὑτοῦ
1647 2164 1708 2201 τε
1752 2146 1849 2200 καὶ
1880 2147 1987 2200 τῶν

2097 2058 2323 2112 dicenda
2357 2060 2560 2127 putavi.
2596 2059 2828 2125 Quinam
2865 2073 2994 2113 vero
3021 2059 3128 2112 sint
3170 2059 3269 2127 ipsi
3301 2057 3459 2121 libri,
3491 2066 3544 2110 et
3574 2071 3672 2109 cu-

2093 2147 2309 2217 iusnam
2344 2150 2661 2218 magiSterii,
2693 2151 2871 2204 dicere
2896 2149 3172 2219 incipiam.

418 2238 839 2308 προεστηκότων
892 2239 1090 2300 εἰπεῖν,
1132 2237 1268 2306 πρὸς
1332 2235 1434 2307 τὴν
1494 2236 1603 2289 τῶν
1682 2234 2022 2303 ἀγνοούντων
2063 2235 2272 2307 εἴδησιν
2311 2237 2406 2290 καὶ
2464 2237 2758 2307 ὠφέλειαν,
2807 2238 2956 2302 ἄξιον
2998 2238 3309 2309 ὑπείληφαο
3355 2237 3497 2303 τίνες
3534 2236 3591 2290 δὲ
3621 2238 3675 2289 αἱ

423 2330 596 2400 βίϐλοι
657 2325 846 2394 αῦται,
914 2330 1130 2398 καὶτῆς
1189 2326 1352 2390 ποίας
1397 2327 1791 2393 διδασκαλίας,
1847 2326 1988 2396 ὲρῶν
2027 2325 2283 2400 ἔρχομαι.

495 2415 581 2486 ιβ’.
608 2415 705 2480 Τίς
752 2417 852 2469 οὐκ
889 2413 997 2468 οἶδε
1054 2416 1152 2484 τὴν
1184 2413 1456 2485 θεομάχον
1510 2413 1620 2467 τῶν
1662 2412 1995 2484 δυσωνύμων

437 2511 727 2581 Ἀρειανῶν
765 2511 1080 2581 ἀθεωτάτην
1130 2512 1341 2583 αἵρεσιν
1370 2551 1385 2576 ,
1425 2510 1492 2582 ἣν
1549 2512 1578 2563 ό
1632 2510 1731 2580 τῆς
1793 2509 1998 2580 μανίας

423 2603 593 2667 ὅντως
621 2602 907 2675 ἐπώνυμος
944 2606 1161 2676 ’Ἄρειος
1217 2602 1565 2673 ὲξεγέννησε,
1620 2603 1717 2655 καὶ
1752 2604 1877 2663 τοὺς
1905 2601 1996 2655 τὸν

427 2694 689 2766 μαινόλην
751 2696 963 2749 τουτονὶ
1034 2696 1132 2748 καὶ
1183 2694 1425 2765 ἔκφρονα
1488 2693 1996 2764 συναπαρτίζοντας

424 2787 643 2852 θίασον;
676 2787 726 2840 οἳ
760 2787 861 2856 τὴν
909 2787 1141 2855 θεότητα
1171 2786 1265 2839 τοῦ
1296 2785 1498 2849 ζῶντος
1540 2785 1633 2838 καὶ
1682 2784 1995 2854 ὑφεστῶτος

423 2881 519 2934 καὶ
549 2880 916 2932 ἐνυποστάτου
948 2877 1084 2932 Θεοῦ
1114 2878 1289 2946 Λόγου
1317 2876 1605 2930 ἀθετοῦσιν
1636 2876 1992 2947 ἀνοητότατα,

424 2970 695 3039 ιτεροφυᾶ
726 2969 826 3039 τῆς
871 2967 966 3021 τοῦ
994 2968 1129 3021 Θεοῦ
1192 2967 1286 3022 καὶ
1344 2967 1558 3037 Πατρδς
1596 2968 1782 3031 ούσίας
1831 2967 1996 3021 αὑτὸν

426 3062 749 3130 ἀποφαίνειν
798 3060 1155 3132 πειρώμενοι,
1204 3062 1301 3114 καὶ
1337 3062 1438 3131 τῆς
1480 3062 1638 3130 δόξης
1660 3062 1763 3130 τῆς
1794 3077 1996 3131 πατρι-

427 3150 529 3219 κῆς
558 3150 875 3221 ἁποσχίζειν
897 3150 1155 3221 ἀθέσμως
1183 3151 1445 3220 οἰόμενοι,
1499 3150 1594 3204 καὶ
1647 3150 1749 3214 τὰς
1786 3150 1883 3221 τῆς
1909 3151 1997 3203 δε-

427 3240 675 3305 σπότιδος
707 3241 921 3309 φύσεως
943 3241 1310 3311 ἀσυγκρίτους
1334 3240 1628 3312 ὑπεροχὰς,
1652 3242 1742 3295 ἐπὶ
1770 3241 1868 3310 τὴν
1900 3242 1998 3311 τῆς

423 3329 621 3399 δούλης
669 3332 903 3395 κτίσεως
947 3331 1268 3402 περιπὲζιον
1303 3330 1456 3396 τάξιν
1498 3330 1994 3395 καταϐιϐάζοντες’

426 3420 490 3474 ού
523 3421 628 3491 μὴν
653 3420 713 3474 δὲ
744 3421 879 3474 άλλά
908 3422 1000 3474 καὶ
1027 3420 1128 3491 τὴν
1175 3420 1326 3473 θείαν
1364 3422 1458 3475 καὶ
1494 3423 1750 3492 ὑπερφυᾶ
1772 3421 1867 3474 τοῦ
1898 3422 1998 3474 Λό-

424 3527 525 3577 γου
566 3509 967 3580 συκοφαντοῦσι
1009 3511 1307 3580 σάρκωσιν,
1350 3512 1443 3563 καὶ
1470 3512 1544 3574 ὡς
1580 3514 1636 3563 ὲν
1691 3516 1869 3576 σκιαῖς
1904 3512 2001 3565 καὶ

425 3600 612 3672 ψιλαῖς
642 3604 966 3670 φαντασίαις
1013 3602 1183 3670 αὐτὴν
1227 3603 1522 3672 πεφηνέναι
1551 3603 1999 3674 ἀπισχυρίζονται

430 3693 725 3764 φαντασιού
734 3710 904 3764 μενοι,
921 3694 1129 3763 συνῳδὰ
1146 3696 1210 3764 τῇ
1231 3695 1542 3765 Μανιχαῖκῇ
1567 3694 1757 3766 λύσσῃ,
1776 3697 1999 3759 καὶτοῖς

430 3783 539 3838 ἀπὸ
570 3784 668 3853 τῆς
707 3784 801 3838 τοῦ
832 3784 1148 3837 Βαλεντίνου
1189 3785 1450 3855 βακχείας
1481 3788 1574 3839 καὶ
1603 3786 1758 3839 αὐτοὶ
1797 3786 2000 3854 δογμα-

429 3875 669 3940 τίζοντες
693 3891 707 3906 ⁸
732 3878 812 3940 τίς
842 3879 904 3930 ού
938 3877 1278 3948 μεμάθηκεν,
1302 3872 1347 3945 ᾧ
1388 3879 1481 3931 καὶ
1509 3877 1651 3931 κατὰ
1680 3878 1849 3948 βραχὺ
1871 3878 2002 3945 γοῦν

424 3969 605 4032 Λόγου,
630 3969 870 4039 μέτεστι,
900 3971 995 4023 καὶ
1023 3970 1267 4040 ἱστορίας
1289 3971 1364 4032 εἰς
1390 3972 1587 4039 πεῖραν
1608 3969 1839 4036 ἀφίκετο
1857 4008 1870 4033 ,
1905 3968 2001 4039 τὴν

422 4060 632 4133 τούτων
652 4064 895 4133 κορυφὴν
913 4064 1005 4114 καὶ
1024 4061 1337 4131 ἀκρόπολιν;
1368 4062 1427 4114 'O
1445 4060 1757 4130 Καισαρεὺς
1777 4060 1820 4112 δ’
1847 4052 2003 4122 οὗτός

425 4153 543 4204 ἑστι
569 4153 831 4224 δυσσεϐὴς
865 4154 1034 4217 ὅντως
1065 4154 1343 4217 Εὐσέϐιος,
1368 4153 1426 4216 ὃς
1447 4171 1510 4222 γε
1543 4152 1718 4207 πολλὰ
1745 4153 1842 4223 μὲν
1864 4152 2004 4207 κατὰ

424 4244 523 4312 τῆς
553 4244 646 4296 τοῦ
677 4245 850 4312 Λόγου
882 4244 1131 4313 θεότητος
1168 4245 1598 4315 δεδυσφημηκὼς
1623 4245 1999 4315 πεφλυάρηκε,

376 4319 385 4327 ’
428 4334 671 4388 πολλὰδὲ
691 4338 831 4389 κατά
848 4336 945 4406 τῆς
978 4336 1128 4398 θείας
1167 4336 1260 4388 τοῦ
1282 4337 1532 4408 Σωτῆρος
1564 4336 1873 4406 οἰκονομίας
1910 4354 2007 4407 μα-

402 4418 729 4478 ’ταιοπονῶν
758 4427 1154 4495 δεδυσσέϐηκεν
1170 4443 1182 4455 ·
1207 4422 1269 4481 οῦ
1290 4428 1358 4479 τά
1383 4429 1796 4498 συγγράμματα
1843 4428 2004 4501 μέχρι

429 4518 523 4570 καὶ
541 4519 783 4590 τήμερον
805 4519 914 4571 τῶν
942 4520 1245 4587 ἐξαγίστων
1271 4519 1438 4574 αὑτοῦ
1465 4519 1751 4590 δογμάτων
1770 4522 2004 4593 ὑπάρχει

2179 2416 2339 2487 160
2368 2417 2452 2472 12.
2482 2418 2615 2486 Quis
2640 2419 2850 2490 ignorat
2882 2419 2976 2472 Dei
3007 2420 3280 2473 inimicam
3310 2429 3362 2474 et
3384 2418 3675 2473 infaustam

2103 2510 2433 2565 Arianorum
2470 2511 2848 2581 impiissimam
2887 2509 3136 2564 hzeresim
3158 2552 3173 2575 ,
3208 2513 3274 2566 ab
3299 2512 3431 2564 Ario
3458 2551 3472 2574 ,
3522 2512 3679 2578 cujus

2104 2616 2297 2656 nomen
2326 2601 2564 2657 furorem
2598 2604 2820 2657 denotat
2851 2602 2985 2672 (50,),
3016 2603 3253 2672 genitam
3306 2617 3512 2656 necnon
3547 2602 3675 2655 reli-

2105 2698 2305 2763 quum‘,
2344 2695 2435 2762 qui
2469 2693 2593 2749 huic
2623 2694 2899 2764 lymphato
2933 2704 3205 2764 suppetias
3236 2692 3340 2748 fert
3368 2735 3382 2759 ,
3413 2707 3679 2748 vesanum

2103 2785 2330 2839 chorum
2358 2786 2381 2839 ?
2412 2786 2501 2853 qni
2532 2786 2869 2840 divinitatem
2899 2787 3129 2841 viventis
3159 2794 3213 2841 et
3246 2785 3592 2841 subsistentis
3629 2796 3684 2839 et

2106 2875 2159 2930 in
2194 2893 2297 2930 una
2331 2893 2561 2945 persona
2604 2877 2694 2931 Dei
2732 2876 2894 2932 Verbi
2923 2879 3243 2932 stultissime
3274 2878 3516 2941 abolent,
3552 2876 3685 2930 alie-

2106 2982 2230 3021 num
2271 2982 2301 3021 a
2337 2967 2426 3021 Dei
2455 2977 2509 3021 ct
2538 2968 2719 3022 Patris
2747 2968 3049 3023 substantia
3081 2977 3345 3023 conantes
3373 2968 3679 3029 ostendere,

2106 3070 2329 3132 paterna
2363 3062 2655 3131 ipsummet
2690 3061 2857 3133 gloria
2898 3055 3291 3132 segregandum
3331 3061 3495 3129 impie
3536 3061 3682 3112 arhi-

2106 3162 2313 3207 trantes
2337 3192 2353 3217 ,
2374 3167 2429 3208 et
2463 3153 2812 3209 Dominicalis
2844 3163 3053 3207 naturae
3085 3150 3543 3222 incomparabiles
3588 3166 3681 3204 su-

2106 3245 2431 3307 blimitates,
2462 3248 2527 3298 ad
2570 3246 2828 3299 humilem
2872 3245 3091 3299 Stfl‘VlllS
3119 3255 3389 3299 creatur-xc
3436 3243 3680 3295 ordinem

2105 3335 2490 3401 tlepriutentes.
2523 3333 2747 3405 insuper
2770 3336 3006 3389 divinam
3031 3351 3248 3405 quoque
3274 3344 3323 3389 et
3358 3344 3685 3404 supernatus

2108 3426 2273 3481 ralem
2312 3424 2470 3479 Verbi
2508 3428 2915 3482 calumniantur
2965 3428 3427 3488 incarnationem,
3457 3439 3686 3493 eamque

2108 3518 2450 3571 umbratilem
2498 3529 2701 3573 tantum
2734 3528 2788 3573 et
2838 3535 2983 3575 mere
3016 3520 3410 3588 phantasticam
3450 3520 3685 3572 demou—

2107 3621 2283 3665 strat‘e
2302 3612 2721 3675 Itallnriuautur,
2743 3613 3072 3668 Manichaicu
3087 3612 3253 3668 furori
3274 3614 3444 3682 paria,
3472 3628 3678 3665 necnon

2112 3703 2381 3757 Valentini
2431 3706 2655 3757 insaniae
2678 3745 2693 3766 ,
2729 3706 2828 3775 ipsi
2860 3721 3076 3774 quoque
3108 3706 3385 3759 tradentes
3415 3705 3687 3773 dogmata.

2110 3794 2243 3861 Quis
2269 3813 2372 3849 non
2410 3798 2578 3859 novit,
2613 3798 2656 3850 si
2693 3799 2852 3851 modo
2878 3814 3068 3869 parum
3099 3798 3422 3852 litteraturae
3458 3799 3641 3866 attigit
3671 3838 3683 3856 .

2110 3898 2162 3941 et
2191 3888 2428 3941 historia:
2460 3889 2622 3941 limen
2652 3888 2903 3943 salutavit
2925 3929 2940 3955 ,
2976 3890 3168 3944 horum
3200 3888 3444 3943 columen
3505 3901 3557 3942 et
3590 3906 3679 3940 ar-

2110 3979 2269 4033 cent?
2298 3981 2715 4048 Cresarieusem,
2757 3983 3003 4052 inquam,
3041 3982 3357 4044 Eusebium,
3402 3982 3492 4050 qui
3519 3982 3685 4033 mima

2112 4074 2372 4127 adversus
2386 4072 2548 4128 Verbi
2570 4075 2907 4130 divinitatem
2922 4076 3310 4146 blasphemans
3329 4083 3563 4145 nugatus
3587 4084 3691 4134 est.

2114 4162 2280 4216 multa
2313 4164 2476 4215 etiam
2505 4172 2693 4218 contra
2728 4164 2965 4219 divinam
3001 4165 3316 4220 Servatoris
3359 4164 3694 4217 incarnatio-

2113 4269 2234 4308 nem
2261 4254 2497 4308 delirans
2530 4256 2830 4327 irreligiose
2863 4257 3077 4312 locutus
3103 4266 3184 4311 est
3220 4274 3233 4310 :
3286 4257 3440 4325 cuius
3489 4257 3691 4323 scripta

2113 4345 2178 4399 ad
2206 4347 2348 4401 hunc
2372 4362 2542 4415 usque
2567 4349 2706 4402 diem
2732 4349 3065 4406 detestandis
3089 4350 3330 4420 ejusdem
3352 4350 3695 4417 dogmatibus

2117 4440 2427 4511 plenissima
2458 4451 2583 4497 sunt
2614 4442 2747 4512 (51).
2781 4440 2899 4511 Ipse
2921 4442 3064 4495 enim
3097 4457 3205 4496 non
3232 4441 3417 4494 Arium
3452 4450 3681 4492 tantum-

2118 4534 2275 4586 modo
2309 4534 2624 4601 magistrum
2654 4548 2848 4600 suum,
2890 4541 2943 4587 et
2975 4532 3135 4601 hujus
3173 4530 3461 4599 apostasiae
3504 4541 3695 4583 aucto-

428 4610 749 4664 κατάπλεα*
784 4612 843 4664 οὐ
876 4612 987 4683 γὰρ
1020 4615 1240 4683 Ἀρειον
1282 4613 1441 4683 μόνον
1487 4613 1579 4665 τὸν
1620 4613 1814 4666 ἑαυτοῦ
1853 4615 1996 4668 διδά-

2113 4640 2245 4688 rem,
2280 4627 2371 4678 sed
2422 4634 2475 4678 ct
2505 4625 2642 4679 alios
2673 4639 2885 4689 omnes,
2915 4624 3004 4693 qui
3042 4624 3095 4677 in
3127 4622 3400 4689 Unigeniti
3462 4623 3689 4691 gloriatur

431 4703 651 4765 σκαλον,
686 4704 780 4756 καὶ
806 4707 903 4775 τῆ,
937 4705 1274 4768 ἀποστασίας
1295 4705 1498 4776 ταύτης
1524 4704 1847 4775 εἰσηγητὴν,
1882 4706 2002 4759 ἀλλ’

429 4792 534 4864 ἠδη
566 4794 660 4847 καὶ
699 4794 906 4857 πάντας
931 4794 1054 4856 τοὺς
1079 4797 1158 4857 είς
1187 4796 1285 4864 τὴν
1316 4795 1477 4858 δόξαν
1524 4794 1618 4853 τώ
1666 4797 2009 4864 Μονογενοῦς

434 4885 948 4955 προσκεκρουκότας
980 4884 1383 4956 ὑπερϐαλέσθαι
1427 4885 1805 4956 ἐφιλονείκησε
1829 4903 1845 4920 ⁸
1896 4888 2011 4940 κτί-

435 4991 606 5046 σμασι
640 4976 749 5046 γὰρ
774 4976 1124 5048 προσκυνῶν,
1159 4977 1252 5030 καὶ
1283 4980 1348 5047 τῇ
1383 4978 1561 5030 κτίσει
1592 4978 1654 5031 τὸ
1697 4978 1844 5050 μόνῳ
1876 4980 2009 5048 πρέ-

433 5084 533 5120 πον
555 5067 673 5138 Θεῷ
702 5068 866 5131 σέϐας
891 5069 1150 5122 ἀνάπτων
1188 5069 1491 5139 ἐλέγχεται,
1543 5070 1732 5141 λάτρις
1775 5072 2010 5125 εἰδώλων

432 5158 683 5213 ἐντεῦθεν
719 5160 907 5228 σαφῶς
942 5160 1377 5231 ὲκδεικνύμενος,
1407 5161 1552 5215 καθά
1583 5162 1677 5216 καὶ
1716 5163 1869 5235 παρὰ
1897 5164 2006 5216 τῶν

434 5250 704 5322 ἐκκρίτων
733 5250 841 5305 τῶν
881 5251 1158 5322 θεοφόρων
1196 5253 1461 5324 Πατέρων
1503 5253 1661 5324 ἡμῶν
1721 5256 2007 5325 μεμαρτύε

436 5357 634 5413 ρηται·
669 5344 984 5412 ἀναγκαίως
1030 5340 1126 5398 οὖν
1182 5346 1277 5398 καὶ
1324 5347 1373 5398 oi
1430 5345 1822 5415 προσκείμενοι
1856 5347 2005 5418 αὐτῷ

653 5497 748 5572 Vel
781 5497 1302 5572 Nabuchodonosori
1348 5501 1430 5553 vel
1470 5501 1822 5572 Copronymi.

507 5569 873 5691 (:SUL'APEN);
912 5571 1142 5624 ἀπὸτοῦ
1178 5572 1397 5640 Ἄρεος,
1430 5569 1587 5624 Arius
1626 5590 1656 5624 a
1691 5569 1885 5627 Marte
1928 5574 2015 5643 fit--

507 5656 525 5691 ι
553 5655 579 5691 e
650 5655 731 5691 eo.

437 5649 579 5695 rente
613 5649 731 5693 ιΙεο.

510 5709 621 5779 (51)
675 5708 789 5780 lloc
833 5707 944 5780 jam
996 5711 1131 5761 dixit
1181 5709 1519 5777 Nicephorus
1551 5711 1603 5764 in
1659 5712 2013 5780 Apologelieo

438 5778 649 5833 minore
683 5796 732 5847 p.
774 5779 860 5836 15.
890 5778 1106 5833 Euscin
1141 5781 1505 5834 Arianismnm
1530 5794 1688 5834 nemo
1708 5778 2014 5839 evitlentius

437 5850 834 5903 demonstravit
858 5863 1015 5918 quam
1050 5847 1106 5903 ll.
1144 5848 1577 5904 Montl'auconius
1616 5850 1667 5904 in
1700 5851 2016 5918 praefatione

440 5919 511 5975 ad
537 5917 779 5987 ejusdem
810 5917 1032 5976 Eusebii
1069 5918 1501 5976 Commentarios
1528 5920 1579 5975 in
1607 5920 1868 5977 Psahnos.

2111 4726 2409 4787 peecarunt
2438 4757 2452 4781 ,
2488 4731 2746 4787 superare
2800 4716 3099 4772 contendit.
3147 4714 3357 4779 Etenim
3409 4727 3697 4768 creaturas

2111 4811 2401 4873 adorasse,
2452 4818 2515 4860 et-
2550 4808 2787 4861 debitum
2826 4806 2938 4860 Deo
2983 4808 3084 4861 soli
3134 4807 3336 4860 cultum
3369 4806 3446 4860 rei
3495 4816 3695 4860 creata!

2112 4899 2429 4954 exhibuisse
2462 4908 2771 4961 accusatur,
2808 4896 3125 4952 idololatrite
3162 4898 3365 4952 idcirco
3398 4896 3687 4950 manifeste

2119 4989 2420 5053 convictus,
2454 4988 2610 5042 sicuti
2641 4987 2804 5041 etiam
2839 4987 3022 5041 eximii
3052 4987 3255 5055 aliquot
3292 4987 3482 5041 Patres
3519 4986 3685 5039 nostri
3722 4974 3734 5055 ξ

2118 5080 2294 5133 teStati
2350 5089 2475 5133 sunt
2512 5077 2647 5149 (εἰεί),
2697 5076 2935 5132 Necesse
2977 5089 3062 5131 est
3105 5079 3293 5148 itaque
3339 5086 3398 5129 ut
3449 5076 3612 5128 etiam
3645 5074 3693 5128 oi

2122 5170 2459 5223 adhaerentes
2525 5185 2588 5223 ac
2637 5168 2887 5239 discipuli
2937 5171 3266 5223 sententiam
3316 5165 3558 5233 magistri
3592 5164 3695 5217 sibi

2117 5272 2414 5316 assumant.
2457 5261 2521 5315 is.
2556 5262 2701 5315 enim
2728 5277 2823 5315 eos
2865 5261 3051 5314 docuit
3083 5259 3283 5316 Christi
3324 5272 3519 5323 corpus
3551 5255 3697 5325 pingi

2117 5361 2209 5405 aut
2240 5352 2362 5421 tingi
2399 5368 2501 5405 non
2534 5366 2714 5421 posse,
2746 5352 2908 5420 idque
2928 5351 3150 5405 omnino
3172 5350 3518 5418 phantastice
3551 5362 3699 5399 som.

2193 5508 2306 5579 (5‘2)
2348 5508 2400 5560 In
2448 5525 2671 5563 carcere
2713 5511 2920 5576 positus
2945 5547 2960 5569 ,
3007 5505 3262 5579 saeviente
3298 5505 3701 5579 persecutione,

2119 5576 2463 5632 sacriﬁcasse
2515 5579 2621 5632 diis
2670 5580 2845 5631 dictus
2890 5588 2973 5630 est
3018 5577 3282 5629 Eusebius
3333 5576 3526 5627 timore
3577 5589 3705 5639 διψ-

2119 5648 2286 5715 plicii.
2330 5647 2464 5704 Vide
2511 5648 2867 5716 Epiphaniam
2914 5647 3116 5700 haeres.
3146 5643 3244 5716 4687,
3291 5646 3364 5716 Ἰ)
3405 5646 3531 5696 item
3584 5658 3705 5710 quae

2117 5712 2275 5771 docte
2302 5718 2476 5772 ’more
2514 5712 2625 5774 suo
2664 5719 2762 5773 hac
2819 5731 2986 5781 super
3040 5732 3092 5768 re
3127 5714 3262 5767 dicit
3296 5712 3700 5773 ’l'ilh-nmntios,

2118 5786 2279 5859 diem.
2325 5787 2475 5855 ποίη
2511 5798 2547 5841 1.
2582 5787 2720 5857 Vlll,
2753 5803 2802 5859 p.
2838 5786 2964 5851 661,
2997 5786 3048 5839 in
3096 5787 3219 5841 adn.
3256 5785 3317 5840 l9
3352 5785 3427 5858 ad.
3453 5796 3701 5840 sanctum

2117 5857 2493 5914 Athanasium.
