4130 6332
381 470 486 535 565

1298 473 1865 536 APOLOGETICUS
1920 475 2072 537 PRO
2111 477 2214 536 SS.
2257 473 2734 537 IMAGINIBUS.

3531 469 3636 535 566

390 584 485 636 καὶ
515 582 698 656 πικρῷ
723 583 830 638 τῶν
861 583 1243 654 αἱρετιζόντων
1275 586 1530 658 ῥεύματι,
1552 588 1615 641 τὸ
1638 588 1811 654 γλυκὺ
1865 588 1962 642 καὶ

2071 603 2252 644 amaro
2293 589 2673 644 haereticorum
2763 586 2958 648 rivulo,
2999 584 3210 638 dulcem
3267 581 3502 651 aliquam
3572 598 3634 635 ac

390 673 630 746 καθαρὸν
671 675 772 746 τῆς
810 677 1068 747 ἀληθείας
1112 679 1260 748 νᾶμα
1297 679 1794 750 παραμιγνύουσιν,
1825 681 1961 752 ὅπερ

391 763 558 817 πάλαι
591 765 640 818 oi
688 766 850 820 κακοὶ
885 768 1132 834 κάπηλοι
1163 768 1254 820 τὸν
1299 763 1440 821 οἶνον
1486 767 1639 821 ὕδατι
1675 769 1965 837 μίσγοντες

389 854 734 919 ὀνειδίζονται
769 869 783 886 '
818 859 914 910 καὶ
961 858 1067 911 τῶν
1101 858 1366 926 θεολόγων
1423 858 1682 932 Πατέρων
1717 859 1894 929 ἡμῶν,
1915 861 1962 912 οἳ

389 945 467 1016 τῷ
504 948 696 1017 κόσμῳ
725 947 787 1002 τὺ
816 949 933 1018 φῶς
965 951 1060 1020 τῆς
1089 949 1345 1020 ἀληθείας
1384 950 1749 1020 ὲπύρσευσαν,
1780 953 1965 1020 ῥήσεις

388 1035 538 1099 τινὰς
582 1037 676 1090 τοῦ
713 1039 836 1092 ὅλου
867 1041 1123 1109 σώματος
1163 1040 1271 1092 τῶν
1307 1040 1508 1110 βίϐλων
1541 1041 1968 1110 ἀποσπαράξαν-

386 1140 499 1187 τες,
540 1128 606 1196 τῇ
654 1118 882 1182 ἐκείνων
923 1129 1447 1200 συγκατηρίθμησαν
1504 1130 1680 1200 πλάνῃ
1714 1131 1788 1200 ’ἢ
1845 1130 1966 1184 οὐδὲ

389 1218 633 1268 συνεῖναι
651 1217 794 1290 τάχα
824 1219 1260 1290 ίσχύσαντεςτὴν
1282 1222 1612 1290 ὲγκειμένην
1638 1225 1749 1285 τοῖς
1787 1222 1966 1290 λόγοις

386 1307 654 1372 διάνοιαν,
681 1309 845 1379 ἡνίκα
877 1311 975 1380 τὴν
1005 1311 1186 1381 λήμην
1213 1312 1322 1364 τῶν
1353 1314 1451 1383 τῆς
1479 1314 1657 1382 ψυχῆς
1696 1314 1964 1384 ὀμμάτων

391 1399 846 1469 ἀποκαθήρασθαι
911 1402 971 1453 ού
1031 1405 1429 1475 προείλοντο,ἢ
1479 1405 1620 1458 κατά
1660 1407 1719 1458 τὸ
1765 1404 1964 1458 δοκοῦν

394 1489 480 1542 ἐπ’
519 1491 767 1563 ἀπωλείᾳ,
796 1493 1004 1546 ἑαυτῶν
1025 1512 1082 1547 τε
1113 1497 1206 1548 καὶ
1239 1497 1344 1549 τῶν
1371 1499 1772 1568 ἁπατωμένων,
1791 1498 1967 1552 ταῦτα

395 1584 779 1654 προϊσχόμενοι
807 1604 864 1639 τε
895 1589 987 1640 καὶ
1019 1590 1514 1661 παρεξηγούμενοι,
1550 1591 1645 1644 τὸν
1688 1593 1846 1660 λόγον
1867 1593 1968 1662 τῆς

391 1675 646 1742 ἀληθείας
703 1678 916 1731 δολοῦσι
956 1681 1050 1733 καὶ
1095 1683 1505 1753 καπηλεύουσι,
1547 1684 1624 1754 τῷ
1674 1685 1859 1756 χαλκῷ
1902 1686 1965 1738 τὸ

390 1764 582 1836 δέλεαρ
649 1769 1164 1840 ὲνσκευασάμενοι,
1212 1776 1296 1826 ἵνα
1358 1775 1437 1844 τῷ
1495 1775 1794 1845 ἀξιοπίστῳ
1860 1777 1968 1831 τῶν

392 1858 738 1926 προσώπων,
788 1864 918 1924 τοὺς
968 1864 1374 1936 ἁπλουστέρους
1427 1866 1537 1918 τῶν
1603 1867 1967 1936 ἀκροωμένων

391 1947 774 2014 βουκολοῦντες
831 1955 878 2004 οί
925 1954 1228 2024 βωμολόχοι
1279 1958 1695 2026 ἐπαγάγωνται,
1751 1959 1828 2029 τῷ
1877 1977 1968 2012 κε-

390 2043 694 2112 κρυμμένῳ
745 2043 884 2113 δόλῳ
928 2046 1027 2115 τῆς
1065 2046 1323 2110 ἀσεὸείας
1374 2051 1782 2120 περιπαρέντας
1821 2067 1834 2080 ⁸
1869 2054 1966 2117 τάς

387 2131 446 2182 δὲ
477 2133 744 2201 ἐμφανῶς
783 2137 878 2188 καὶ
911 2138 1255 2209 ἀντιρῤήτως
1296 2142 1388 2193 καὶ
1421 2144 1498 2203 εἰς
1529 2142 1728 2209 γνῶσιν
1759 2145 1964 2196 ἅπασιν

389 2224 720 2292 ὲκκειμένας
785 2227 1130 2295 περιξέοντες
1186 2233 1282 2284 καλ⁸
1335 2235 1768 2303 περιγράφοντες
1801 2277 1815 2299 ,
1868 2237 1964 2290 καὶ

388 2313 502 2372 τοῖς
516 2313 593 2374 είς
613 2317 806 2384 πεῖραν
823 2317 1003 2369 αὐτῶν
1026 2318 1240 2389 ἀχθεῖσι
1256 2321 1443 2386 δολίως
1461 2325 1961 2394 ἀποκρυπτόμενοι,

389 2401 434 2452 ὣ
467 2404 569 2466 τῆς
598 2405 925 2472 τυφλώσεως
953 2410 964 2462 l
998 2409 1042 2462 ὢ
1071 2411 1170 2482 τῆς
1199 2413 1513 2482 πωρώσεως
1540 2416 1552 2467 l
1583 2417 1683 2467 οὐκ
1720 2416 1965 2482 ἔγνωσαν

388 2492 508 2544 οὐδὲ
543 2496 788 2565 συνῆκαν
815 2513 829 2526 ⁶
859 2498 946 2552 διὰ
976 2500 1132 2555 τοῦτο
1153 2505 1210 2554 ἐν
1235 2503 1415 2574 σκότῳ
1447 2503 1600 2572 βαθεί
1620 2505 1966 2576 διαπορεύονο

2065 693 2254 748 puram
2274 677 2520 733 veritatis
2549 691 2743 730 venam
2791 675 3112 740 admiscent,
3150 687 3309 740 quattt
3357 686 3468 726 rem
3493 672 3635 742 jam-

2065 771 2157 823 diu
2221 769 2378 823 malis
2441 766 2773 836 cauponibus
2838 768 3018 819 vinum
3070 779 3223 832 aqua:
3279 763 3638 818 miscentibus

2065 863 2492 929 exprobramus,
2563 873 2754 926 nempe
2817 857 3191 926 theologorum
3251 855 3471 908 Patrum
3536 870 3638 908 no-

2067 961 2325 1017 strorum,
2382 952 2474 1022 qui
2525 950 2730 1004 mundo
2775 947 2948 1002 facem
3005 948 3252 1001 veritatis
3301 947 3632 1007 extulerunt,

2066 1043 2329 1097 dictiones
2356 1041 2616 1111 quasdam
2651 1055 2716 1094 ex
2770 1051 2883 1094 toto
2914 1041 3177 1093 librorum
3211 1052 3439 1108 corpore
3481 1036 3636 1089 avul-

2067 1151 2176 1192 sas.
2198 1149 2296 1187 suo
2327 1133 2672 1187 inseruerunt
2696 1132 2893 1186 errori.
2926 1131 2992 1185 Et
3023 1133 3139 1185 sive
3192 1145 3294 1184 non
3327 1129 3634 1197 intelligen-

2069 1237 2149 1282 tes
2178 1223 2410 1280 fortasse
2438 1223 2770 1278 dictionibus
2801 1223 2906 1278 illis
2946 1222 3166 1277 insitum
3191 1237 3434 1286 sensum,
3459 1233 3639 1290 quan-

2068 1321 2354 1390 doquidem
2384 1318 2758 1388 lippitudinem
2777 1317 2950 1370 oculis
2975 1317 3289 1384 abstergere
3313 1314 3626 1374 noluerunt,

2068 1418 2178 1469 sive
2197 1430 2348 1469 suam
2372 1423 2424 1468 et
2450 1413 2796 1482 deceptorum
2818 1429 2847 1467 ε
2865 1426 2924 1466 se
2947 1411 3335 1479 discipulorum
3355 1409 3638 1464 exitiosam

2068 1506 2390 1561 sententiam
2424 1514 2741 1572 sequentes,
2779 1503 2893 1556 Ιισεο
2917 1502 3257 1556 insinuantes
3279 1509 3333 1554 et
3357 1500 3636 1556 docentes.

2069 1599 2228 1650 hamo
2253 1610 2432 1650 escam
2481 1595 2785 1662 imponunt,
2821 1600 2878 1644 ut
2911 1605 3266 1661 personarum
3320 1589 3643 1642 auctoritate

2069 1689 2427 1759 simpliciores
2445 1687 2636 1742 illusos
2651 1687 2702 1740 itt
2729 1696 3100 1740 transversum
3121 1691 3280 1753 agant
3300 1682 3388 1736 isti
3411 1694 3637 1741 scurrae,

2069 1781 2282 1834 occulto
2344 1779 2639 1847 impietatis
2693 1776 2818 1831 dolo
2883 1776 3144 1830 roniixos.
3177 1773 3298 1826 illas
3345 1770 3636 1838 cmteroqui

2069 1871 2290 1924 Patrum
2333 1869 2654 1930 sententias,
2697 1883 2815 1936 quae
2840 1867 3007 1931 clare,
3041 1876 3094 1919 et
3133 1875 3286 1919 extra
3323 1874 3639 1916 controver-

2073 1959 2234 2020 siam,
2262 1967 2420 2024 atque
2450 1955 2689 2009 omnium
2723 1953 3013 2007 intellectui
3064 1964 3268 2021 patent,
3307 1962 3551 2006 resecant
3588 1963 3636 2003 et

2074 2048 2549 2110 circumscribunt,
2579 2055 2632 2100 et
2659 2047 2724 2100 iis
2755 2047 2848 2115 qui
2875 2061 3059 2100 secum
3084 2054 3443 2099 consuescunt
3489 2041 3639 2096 frau-

2075 2139 2323 2192 dulenter
2373 2135 2669 2198 occultant,
2719 2153 2751 2187 υ
2807 2136 3143 2189 crecitatem!
3179 2149 3211 2186 ο
3258 2134 3452 2186 mentis
3515 2132 3640 2185 cali-

2072 2233 2249 2299 ginem
2277 2231 2290 2283 ἱ
2326 2243 2500 2296 neque
2543 2230 2675 2296 quid
2723 2235 2889 2296 agant
2917 2226 3156 2279 sentiunt
3187 2234 3279 2277 aut
3311 2225 3633 2291 intelligunt.

2072 2323 2282 2376 idcirco
2313 2324 2364 2376 in
2395 2321 2681 2390 profundis
2721 2330 3009 2373 versantur
3058 2315 3320 2376 tenebris,
3347 2329 3524 2384 neque
3573 2315 3639 2368 ad

2071 2414 2320 2469 veritatis
2349 2413 2690 2480 splendorem
2725 2411 2996 2480 respicere
3024 2410 3226 2464 volunt.
3257 2407 3311 2462 Si
3355 2409 3500 2462 enim
3546 2421 3642 2461 no-

2070 2507 2302 2569 vissent,
2335 2519 2607 2574 nunquam
2639 2503 2924 2556 Dominum
2957 2501 3141 2571 gloria:
3161 2499 3636 2564 contempsissent.

386 2596 495 2644 ταιι
518 2583 770 2656 καὶπρὸς
791 2589 890 2651 τὰς
919 2591 1093 2659 αὐγὰς
1116 2594 1217 2661 τῆς
1247 2593 1506 2664 ἀληθείας
1559 2597 1861 2666 ἀναϐλέψαι
1907 2597 1967 2651 οὐ
2005 2597 2286 2668 βούλονται
2312 2612 2324 2625 ·
2361 2597 2410 2648 ει
2455 2595 2566 2665 γάρ
2631 2594 2900 2661 ἔγνωσαν,
2956 2592 3056 2645 οὐκ
3090 2591 3153 2645 ἂν
3188 2591 3279 2643 τὸν
3312 2588 3517 2659 Κύριον
3543 2587 3642 2656 τῆς

383 2673 541 2743 δόξης
563 2676 944 2748 ἐξουθένησαν.

459 2767 538 2820 ιδ’.
574 2769 640 2822 Τί
669 2770 878 2824 τούτων
902 2772 1010 2825 τῶν
1058 2774 1479 2846 ἐγχειρημάτων
1509 2776 1892 2846 χαλεπώτερον
1923 2777 1956 2848 ἢ

389 2858 829 2931 βλαὸερώτερονς
861 2863 926 2915 Τί
949 2864 1156 2936 ταύτης
1183 2868 1284 2936 τῆς
1344 2868 1666 2938 διαιρέσεως
1695 2868 1960 2938 δυσαχθέ-

389 2967 580 3019 στερον
625 2953 658 3022 ἢ
706 2954 1124 3026 ἀπηχέστερον;
1166 2957 1341 3011 Πάλαι
1400 2958 1584 3021 καλῶς
1633 2959 1962 3029 τεθνηκυῖαν

389 3040 622 3110 αἵρεσιν,
659 3044 751 3096 καὶ
775 3046 1008 3115 φροῦδον
1041 3049 1103 3099 ὲκ
1137 3048 1236 3118 τῆς
1267 3048 1377 3101 τῶν
1407 3050 1755 3120 Χριστιανῶν
1782 3051 1960 3118 γλώσ-

391 3148 492 3201 σης
522 3136 896 3206 γεγενημένην
927 3137 1022 3190 νῦν
1049 3139 1431 3210 ἀναζωπυρεῖν
1477 3141 1571 3193 καὶ¹
1597 3139 1886 3211 τεθηλέναι
1914 3143 1964 3195 οι

390 3225 739 3321 παράζρρονες
802 3227 1151 3321 ἐκϐιάζονται
1177 3246 1189 3258 ·
1239 3231 1400 3284 τοῦτο
1455 3231 1562 3303 γάρ
1624 3233 1797 3303 αὐτῆς
1853 3235 1967 3296 τοῖς
1996 3261 2040 3321 C

392 3317 754 3380 σπουδασταῖς
811 3319 974 3389 ἔργον
1038 3336 1102 3372 τε
1160 3322 1254 3375 καὶ
1336 3321 1666 3393 ἀγώνισμα·
1723 3325 1816 3378 καὶ
1889 3324 1968 3394 τῷ

390 3404 569 3478 ἰχθρῷ
612 3409 849 3479 πάροδον
898 3411 996 3477 τῆς
1045 3401 1169 3464 καθ’
1208 3413 1364 3482 ήμῶν
1405 3413 1670 3484 ἐπηρείας
1710 3415 1966 3481 διδόασιν,

394 3499 478 3551 ἵνα
541 3499 678 3570 ὅπερ
742 3501 914 3554 πάλαι
972 3503 1296 3574 συμμάχους
1371 3503 1468 3558 καὶ
1525 3505 1801 3575 ὑπηρέτας
1869 3510 1967 3576 τῆς

393 3591 587 3643 ἑαυτοῦ
633 3593 830 3656 κακίας
890 3595 1140 3664 εὑρηκὼς
1200 3596 1522 3662 ἀπετέλεσε,
1558 3596 1662 3650 κάν
1715 3597 1805 3649 διὰ
1859 3597 1968 3649 τῶν

395 3681 830 3748 σταυρωσάντων
877 3683 972 3735 τὸν
1031 3683 1237 3754 Κύριον
1297 3685 1522 3754 ποιῆσαι
1586 3687 1686 3738 οὐκ
1739 3687 1963 3754 ἴσχυσε,

395 3767 555 3820 τοῦτο
601 3770 686 3837 ἐφ’
720 3773 873 3840 ἡμῶν
916 3773 1096 3826 αὐτῶν
1126 3776 1512 3846 ἀπεργάσηται
1541 3791 1554 3804 ⁶
1593 3777 1695 3846 ἤδη
1727 3777 1842 3847 γὰρ
1874 3778 1967 3829 καὶ

397 3859 494 3911 νῦν
521 3863 548 3914 ὁ
573 3862 778 3916 ἀνωθεν
805 3865 898 3916 καλ⁵
924 3865 993 3917 δι’
1025 3865 1149 3918 ὅλου
1184 3865 1260 3936 τῷ
1291 3867 1458 3936 τιμίῳ
1481 3867 1677 3935 αἵματι
1728 3868 1966 3936 Χριστοῦ

393 3951 772 4024 ἐξυφασμένος
820 3956 986 4026 χιτὼν
1015 3959 1455 4028 περιρρήγνυται
1513 3959 1608 4012 καὶ
1654 3959 1962 4028 μερίζεται,

393 4045 488 4095 καὶ
513 4044 574 4096 τὸ
616 4045 908 4113 κράτιστον
948 4048 1056 4100 τῶν
1091 4049 1148 4099 ὲν
1182 4049 1314 4117 ἡμῖν
1343 4047 1549 4109 καλῶν,
1575 4049 1607 4118 ἡ
1634 4050 1826 4118 εἰρήνη
1876 4049 1968 4100 καὶ

390 4136 634 4202 ὁμόνοια,
669 4135 893 4190 λέλυται
935 4139 1028 4190 καὶ
1055 4138 1299 4192 διόλωλε.
1331 4139 1514 4192 Δεινὸν
1550 4141 1647 4208 μὲν
1680 4140 1748 4192 τά
1800 4140 1966 4192 πάλαι

394 4225 758 4298 ἱστορούμενά
803 4247 862 4282 τε
909 4231 1005 4283 καὶ
1055 4231 1382 4300 ἀκουόμενα,
1414 4235 1446 4300 ἡ
1491 4230 1741 4300 βασιλεία
1803 4231 1968 4285 Δαϐὶδ

391 4319 516 4370 καθ’
569 4321 773 4388 ἑαυτὴν
829 4321 1158 4391 μεριζομένη
1204 4322 1299 4373 καὶ
1353 4323 1672 4392 σχιζομένη,
1714 4324 1808 4376 καὶ
1860 4323 1968 4376 τῶν

393 4411 576 4477 φυλῶν
627 4414 660 4480 ἡ
695 4413 996 4476 διάστασις,
1051 4411 1350 4482 θρασύτητι
1404 4414 1497 4465 καὶ
1557 4414 1830 4484 αύστηρίᾳ
1870 4413 1966 4468 τοῦ

394 4502 621 4570 ἐκγόνου
672 4505 1042 4573 γεγενημένη,
1089 4505 1184 4557 καὶ
1237 4505 1455 4577 Ἰσραὴλ
1507 4507 1827 4575 ἀποτρέχων
1887 4508 1967 4570 είς

2139 2778 2226 2831 14.
2286 2775 2424 2842 Quid
2479 2774 2561 2829 his
2604 2773 2824 2828 ausibus
2879 2773 3116 2826 atrocius
3163 2781 3256 2826 aut
3323 2770 3643 2825 nocentius?

2068 2865 2204 2930 Quid
2233 2866 2334 2919 hac
2360 2865 2668 2919 secessione
2724 2862 2988 2934 ingratius
3027 2871 3119 2914 aut
3169 2858 3495 2915 absurdius?
3525 2858 3644 2912 lia:-

2071 2957 2232 3012 resim
2263 2957 2523 3026 prmclare
2563 2956 2690 3009 olim
2718 2955 3066 3016 exstinctam,
3093 2962 3254 3021 atque
3305 2967 3332 3004 ιι
3373 2951 3641 3005 Christia-

2069 3063 2262 3102 norum
2295 3035 2492 3115 linguis
2527 3061 2832 3110 excussam,
2871 3060 3011 3098 nunc
3060 3045 3254 3097 iterum
3317 3041 3640 3096 inﬂammari

2073 3157 2135 3196 ac
2173 3139 2439 3210 pullulare
2471 3149 2708 3210 cogunt:
2741 3140 2791 3191 id
2824 3139 2966 3191 enim
3010 3137 3156 3191 omni
3200 3153 3303 3208 ope
3333 3148 3642 3209 conatuque

2075 3230 2372 3285 moliuntur
2412 3231 2528 3299 ejus
2599 3231 2859 3295 studiosi;
2916 3239 3079 3298 atque
3136 3229 3357 3283 inimico
3415 3230 3643 3284 dazmoni

2076 3323 2214 3375 viam
2249 3323 2314 3375 ad
2341 3339 2438 3374 nos
2467 3321 2813 3391 decipiendos
2846 3320 3116 3384 tnuuiunt,
3138 3330 3194 3372 ttt
3227 3321 3326 3372 hos
3360 3319 3452 3374 ille
3499 3321 3644 3376 sicut

2075 3415 2202 3469 olim
2232 3415 2508 3483 adjutores
2563 3413 2949 3482 ministrosque
3000 3413 3218 3467 malitia:
3268 3429 3380 3466 sua:
3433 3421 3642 3472 nactus,

2075 3510 2215 3579 quod
2251 3524 2347 3577 per
2377 3505 2585 3560 Domini
2619 3505 2972 3560 cruciﬂxorcs
3003 3491 3180 3558 facere
3231 3521 3333 3557 non
3375 3504 3569 3570 potuit,
3595 3505 3644 3555 id

2076 3598 2217 3666 apud
2251 3614 2348 3650 nos
2398 3608 2753 3664 exsequatur.
2805 3595 2943 3648 Ecce
2987 3595 3128 3646 enim
3187 3594 3367 3648 tunica
3407 3597 3646 3663 pretioso

2074 3688 2272 3742 Christi
2301 3688 2562 3756 sanguine.
2613 3703 2640 3737 a
2675 3687 2878 3738 vertice
2909 3685 2972 3737 ad
3015 3686 3179 3738 intum
3208 3695 3457 3738 contexta
3497 3686 3644 3739 lacc-

2080 3786 2226 3828 ratur
2265 3791 2325 3828 ac
2369 3775 2654 3835 scinditur,
2691 3784 2742 3824 et
2773 3773 2912 3840 quod
2949 3772 3213 3839 optimum
3245 3772 3510 3824 honorum
3543 3788 3642 3823 uo-

2076 3873 2311 3918 strorum
2369 3871 2472 3923 est,
2517 3878 2617 3931 pax
2672 3873 2727 3916 et
2777 3862 3066 3915 concordia
3125 3862 3438 3916 dissolvitur
3486 3873 3646 3929 atque

2076 3958 2233 4024 perit.
2255 3956 2450 4010 Gravia
2481 3956 2696 4023 quidem
2731 3970 2794 4008 ea
2831 3965 2956 4009 sunt
2997 3971 3116 4024 quae
3146 3956 3197 4009 itt
3232 3957 3429 4024 priscis
3462 3955 3642 4008 fet-un-

2078 4057 2164 4099 tur
2229 4047 2494 4104 historiis.
2525 4061 2748 4111 regnum
2800 4047 3052 4100 videlicet
3103 4046 3643 4101 Davidisincontra-

2074 4140 2184 4192 rias
2218 4151 2399 4206 partes
2445 4139 2694 4204 divisum,
2733 4139 2968 4192 tribuunt
3015 4139 3274 4207 secessio,
3321 4141 3476 4210 cujus
3511 4141 3643 4192 dum

2077 4231 2292 4298 nepotis
2316 4232 2607 4283 austeritas
2634 4246 2795 4285 causa
2831 4230 2934 4284 fuit
2973 4230 3139 4286 Israel
3169 4233 3234 4286 ad
3290 4247 3384 4286 sua
3416 4235 3648 4301 quisque

2078 4322 2420 4374 tabernacula
2477 4332 2621 4375 retro
2667 4323 2885 4387 cedens,
2912 4321 3200 4378 Jerohoam
3251 4338 3375 4377 cum
3429 4334 3647 4390 sceptro

2075 4408 2330 4477 tantulus,
2357 4410 2577 4467 rebellis
2599 4411 2878 4480 insperato
2897 4428 3117 4482 prorsus
3140 4414 3192 4466 in
3218 4412 3410 4467 throno
3430 4413 3644 4476 sedens,

2075 4505 2320 4573 opposita
2407 4503 2796 4576 Hierosolymis
2847 4503 3120 4570 Samaria,
3183 4505 3326 4559 unde
3382 4505 3644 4557 malorum

393 4593 460 4645 τὰ
521 4595 715 4647 ἑαυτοῦ
772 4597 1113 4666 σκηνώματα
1145 4638 1159 4662 ,
1221 4598 1315 4650 καὶ
1386 4596 1668 4666 Ἰεροὸοάμ
1747 4599 1807 4650 ὲν
1837 4598 1966 4668 σκή-

2075 4596 2250 4666 origo,
2275 4605 2330 4649 et
2375 4596 2605 4664 populus
2636 4597 2866 4651 adorare
2893 4605 3202 4650 creaturam
3241 4611 3351 4664 pra:
3385 4593 3646 4649 Creatore

394 4701 586 4756 πτροις
634 4690 662 4740 ὁ
697 4688 882 4752 δοῦλος
916 4689 1008 4740 καὶ
1044 4690 1359 4759 ἀποστάτης
1387 4689 1850 4759 ὲνθρονιζόμενος,
1905 4690 1968 4742 τὸ

394 4777 828 4846 παραδοξότατον
864 4797 878 4812 ο
945 4781 1042 4833 καὶ
1099 4782 1198 4851 τῆς
1272 4780 1629 4851 Ἰερουσαλὴμ
1698 4781 1963 4834 ἀντιδιαι-

397 4869 632 4936 ρουμένη
695 4869 979 4940 Σαμάρεια
1009 4910 1024 4933 ,
1061 4871 1183 4924 ὅθεν
1211 4909 1213 4912 ‹
1243 4870 1353 4923 τῶν
1420 4871 1605 4924 κακῶν
1669 4873 1702 4941 ἡ
1761 4873 1967 4942 κρηπὶς

394 4960 814 5032 καταϐέϐληται,
843 4964 940 5015 καὶ
975 4964 1002 5015 ὁ
1039 4963 1165 5025 λαὸς
1210 4963 1687 5033 ἀναπεπεισμένος
1720 4978 1963 5034 προσκυ-

365 5061 367 5063 ‘
393 5054 500 5103 νεῖν
520 5055 584 5123 τῇ
623 5055 800 5107 κτίσει
830 5055 982 5124 παρά
1007 5054 1099 5107 τὸν
1129 5055 1424 5122 κτίσαντα,
1459 5056 1552 5109 ἐπὶ
1600 5056 1699 5127 τὴν
1746 5057 1964 5110 εἰδωλο-

395 5146 590 5212 μανίαν
639 5146 815 5208 ἀθέως
876 5147 1564 5222 ἐξεκυλίσθηυδεινότερον
1621 5149 1678 5202 δὲ
1750 5151 1818 5203 τὰ
1869 5149 1964 5204 νῦν

392 5236 688 5306 τελούμενα
719 5239 814 5291 καὶ
835 5238 1108 5309 ὁρώμενα,
1130 5240 1360 5311 ἐπείπερ
1386 5243 1417 5309 ἡ
1453 5240 1690 5311 Χριστοῦ
1719 5241 1964 5311 βασιλεία

390 5329 646 5398 τέμνεται
676 5333 770 5385 καὶ
801 5333 1092 5397 διίσταται,
1123 5334 1216 5386 καὶ
1239 5333 1309 5385 τά
1342 5333 1478 5402 μέλη
1539 5331 1633 5384 τοῦ
1665 5333 1803 5386 κατά
1831 5333 1964 5402 Χρι-

393 5422 515 5474 στὸν
558 5420 810 5492 σώματος
837 5423 1065 5493 καὶτῆς
1110 5424 1278 5492 αὐτῆς
1329 5423 1592 5492 κεφαλῆς,
1618 5421 1739 5476 καθ’
1797 5423 1966 5476 ἑαυτά

389 5513 782 5581 διαστασιάζει,
818 5519 911 5570 καὶ
942 5519 1000 5570 τὸ
1050 5517 1224 5580 ἔθνος
1253 5516 1317 5569 τὸ
1343 5516 1530 5584 ἅγιον,
1562 5517 1622 5568 τὸ
1647 5517 1972 5580 ,βασίλειον

387 5607 725 5676 ἱρίάτευμα,
743 5609 770 5660 ὀ
787 5608 935 5674 λαὸς
955 5611 982 5660 ό
1003 5612 1088 5674 εὶς
1105 5608 1488 5676 περιποίησιν
1511 5607 1854 5676 ἐξαγγέλλειν
1870 5607 1970 5671 τὰς

389 5699 540 5763 Ε’;ἀς
559 5701 759 5770 ἀρετὰς
794 5701 1131 5772 κατάχρεως,
1167 5699 1334 5753 καὶτὸ
1371 5700 1658 5769 μεγαλεῖον
1681 5701 1777 5768 si};
1820 5699 1970 5762 θείας

468 5855 506 5886 ³³
543 5852 560 5905 ι
600 5853 746 5909 l’etr.
781 5869 840 5922 tt,
906 5857 954 5908 9.

2075 4689 2330 4752 edoctus,
2355 4697 2516 4757 atque
2549 4689 2613 4741 ad
2641 4701 2898 4741 vesanum
2942 4687 3202 4742 idolorum
3245 4701 3489 4742 amorem
3542 4687 3644 4739 itu-

2070 4781 2158 4848 pie
2191 4780 2501 4834 devolutus.
2530 4781 2780 4833 Attamen
2809 4780 3057 4849 graviora
3088 4788 3213 4832 sunt
3241 4794 3363 4848 qua:
3387 4794 3526 4831 nunc
3548 4795 3642 4848 pa-

2074 4875 2204 4928 trari
2241 4875 2508 4927 videmus.
2545 4870 2676 4924 Nam
2727 4870 2930 4925 Christi
2959 4886 3182 4939 regnum
3220 4872 3270 4924 in
3321 4881 3502 4941 partes
3532 4872 3640 4924 abit

2069 4965 2398 5031 discissum;
2427 4964 2668 5018 membra
2707 4965 2966 5016 adversus
2996 4963 3152 5033 162
3179 4962 3378 5016 Christi
3427 4977 3666 5034 corpus,

2070 5056 2178 5110 imo
2211 5066 2399 5110 contra
2426 5057 2602 5124 ipsum
2653 5065 2814 5121 caput
2860 5055 3182 5109 seditionem
3218 5057 3392 5118 cient;
3421 5064 3472 5108 et
3517 5070 3665 5124 gens;

2070 5159 2273 5214 sancta,
2300 5148 2474 5217 regale
2508 5148 2883 5211 sacerdotium,
2906 5147 3130 5216 populus
3175 5145 3545 5215 acquisitionis
3574 5145 3636 5209 ιδ,

2071 5239 2160 5294 Dei
2195 5239 2551 5310 praedicanda:
2586 5238 2837 5307 potentia:
2863 5215 3183 5302 destinatus,
3213 5247 3266 5290 et
3312 5251 3507 5306 magno
3556 5215 3665 5290 ιιι-⁸

2071 5334 2207 5383 Villa!)
2257 5328 2574 5382 oeconomia:
2624 5327 2773 5396 operi
2839 5325 2985 5380 clara
3071 5323 3452 5391 resonantique
3510 5339 3641 5378 voce

2073 5419 2878 5492 proclamando,libertatisque
2914 5433 2978 5473 ac
3032 5415 3423 5483 redemptionis
3479 5413 3641 5469 bene-

2073 5517 2196 5569 ﬁcio
2224 5514 2550 5580 conﬁtendo,
2584 5531 2724 5570 nunc
2753 5515 2803 5569 irt
2833 5513 3168 5570 contrarium
3204 5524 3391 5562 versus
3419 5522 3639 5576 magna-

2072 5623 2172 5674 que
2205 5624 2265 5660 ex
2307 5617 2459 5677 parte
2485 5626 2510 5660 ιι
2544 5607 2759 5662 malitia:
2789 5605 3050 5660 ministris
3084 5604 3318 5664 illectus,
3349 5602 3496 5656 nulla
3533 5605 3633 5657 ttti-

2073 5701 2218 5754 litate
2245 5711 2465 5765 anctus,
2502 5710 2551 5755 et
2583 5711 2866 5770 postquam
2919 5696 3104 5751 Oriens
3144 5711 3207 5749 ea:
3266 5694 3374 5749 alto
3395 5707 3520 5749 eum
3556 5695 3638 5747 vi-
