4130 6332
299 453 408 519 5'39

1251 453 1818 517 APOLOGETICUS
1870 455 2020 517 PRO
2061 455 2164 516 SS.
2206 456 2689 520 IMAGINIBUS.

3450 464 3555 527 570

297 565 414 621 εἶτα
444 563 853 634 κατεγνωκότες
883 561 1064 640 αὐτῶν
1091 562 1190 631 τῆς
1225 565 1455 634 σκηνῆς,
1491 566 1586 618 καὶ
1629 565 1727 634 τὴν
1775 581 1874 617 πε-

1982 564 2185 617 tionem
2222 566 2362 632 apud
2410 579 2506 619 cos
2570 566 2748 620 facere
2811 566 3102 635 noluerint,
3132 571 3555 640 corumdemque
3611 593 3623 603 -

296 655 827 728 πλαστουργημὲνην
865 653 1245 723 είκαιομυθίαν
1273 653 1349 716 ὼς
1385 654 1544 706 ’ύθλον
1601 654 1880 724 βδελυττό-

301 764 473 816 μενοι,
502 745 646 799 οὕτω
673 746 773 816 μὲν
813 746 911 814 τῆς
941 743 1035 797 τοῦ
1071 743 1243 796 κακοῦ
1270 747 1443 814 φορᾶς
1485 745 1587 796 οὐκ
1614 743 1875 809 ἀνίενται,

299 839 438 893 ἀλλὰ
487 838 577 892 διὰ
623 838 726 907 τῆς
775 835 1001 906 πρώτης
1053 837 1251 907 πείρας
1298 835 1474 903 λόγων
1528 834 1878 904 πιθανότησιν

303 929 687 992 ὑποπίνοντες
737 931 788 982 oi
853 928 1254 998 ἐπηρεάζοντες
1316 927 1412 980 καὶ
1483 925 1824 988 θωπεύοντες
1861 964 1875 989 ,

299 1023 516 1094 δωρεῶν
535 1037 592 1074 τε
625 1020 890 1073 πλείστων
909 1019 1265 1087 ὑποσχέσεσιν
1285 1017 1646 1070 ύποκλέπτειν
1669 1018 1878 1086 ἐπιχει-

304 1111 476 1181 ροῦσι,
515 1111 610 1164 καὶ
630 1109 738 1179 πρό
761 1125 824 1176 γε
857 1108 965 1161 τῶν
991 1108 1164 1161 ἄλλων
1191 1125 1273 1178 χει
1284 1109 1579 1179 ρογραφεῖν
1604 1104 1702 1176 τὴν
1746 1104 1878 1156 ἀσέο

301 1209 455 1256 Θεισν
505 1203 568 1255 τὸ
624 1202 788 1255 πλέον
837 1200 1243 1270 ἐκϐιαζόμενοι,
1298 1201 1392 1253 καὶ
1445 1199 1514 1250 τὰ
1564 1196 1878 1267 χρηστὰ’ὲν

301 1293 658 1362 ἐπαγγελίαις
693 1291 829 1364 ὁμοῦ
856 1294 948 1345 καὶ
975 1291 1059 1344 τὰ-
1094 1291 1330 1361 δυσχερῆ
1362 1292 1421 1344 ὲν
1461 1291 1713 1350 ἀπειλαῖς
1761 1286 1874 1340 κεί-

308 1403 461 1456 μενα,
481 1385 742 1453 ὁπότερον
777 1384 842 1437 ἂν
857 1383 1063 1436 τούτων
1098 1399 1182 1444 τις
1205 1381 1377 1433 ἓλοιτο
1400 1397 1414 1410 ο
1447 1378 1614 1449 ἡνίκα
1641 1379 1688 1430 δ’
1713 1379 1780 1431 ἂν
1819 1377 1879 1430 τὸ

306 1478 515 1548 ἑδραῖον
573 1477 666 1530 καὶ
711 1475 946 1546 βεϐηκὸς
989 1474 1090 1542 τῆς
1140 1472 1376 1533 πίστεως
1425 1471 1608 1533 ἴδοιεν,
1640 1471 1737 1522 καὶ
1797 1470 1872 1530 ὡς

303 1569 452 1622 οὐδὲν
499 1569 608 1621 τῶν
655 1567 795 1622 κατὰ
846 1565 1071 1635 γνώμην
1121 1563 1378 1616 ἁνύσεναν
1410 1603 1424 1626 ,
1473 1563 1565 1614 ἐπὶ
1622 1561 1722 1622 τὰς
1771 1559 1878 1612 τῶν

305 1660 651 1730 βεϐιωμένων
718 1658 946 1728 ἐρεύνας
1003 1655 1262 1726 χωροῦσι,
1304 1651 1609 1722 γράφονταί
1669 1668 1730 1703 τε
1780 1651 1876 1702 αὑ-

301 1751 426 1814 τοὺς
453 1749 864 1819 ἑπικλημάτων,
895 1746 932 1800 ἃ.
965 1747 1100 1816 μηδὲ
1146 1748 1282 1816 ἀκοῇ
1309 1747 1357 1797 οἱ
1382 1741 1877 1813 συκοφαντούμενοι

301 1841 664 1912 παρεδέξαντο
687 1839 907 1892 πώποτε
927 1854 941 1868 ·
971 1839 1066 1892 καὶ
1089 1839 1189 1890 οὐκ
1218 1839 1275 1890 ὲν
1314 1837 1526 1889 ἐλπίσιν
1555 1835 1634 1888 ἔτι
1666 1835 1872 1896 λοιπὸν,

299 1907 417 1984 ἀλλ’
447 1933 506 1985 ὲν
535 1931 704 2002 πείρᾳ
721 1929 792 1982 τὰ
824 1928 977 1982 δεινά
1009 1943 1025 1959 ο
1062 1927 1126 1980 τὸ
1148 1927 1398 1981 ἐντεῦθεν
1439 1929 1548 1996 γὰρ
1577 1925 1750 1994 δεσμὰ
1783 1925 1876 1977 καὶ
1907 1907 1948 1960 Β

301 2017 538 2088 φρουραὶ
593 2016 978 2086 χαλεπώταται
1030 2015 1411 2085 διαδέχονται,
1463 2015 1611 2084 λιμοί
1673 2031 1731 2066 τε
1783 2015 1878 2067 καὶ

296 2107 468 2160 δειναὶ
509 2106 872 2160 κακοπάθειαι
908 2121 922 2136 ο
965 2106 1071 2156 εἰσὶ
1099 2104 1157 2156 δὲ
1187 2103 1236 2156 οἳ
1266 2106 1360 2156 καὶ
1386 2104 1617 2172 πληγαῖς
1646 2103 1713 2156 τὰ
1735 2104 1878 2156 νῶτα

299 2198 731 2266 καταξεόμενοι,
809 2197 904 2248 καὶ
949 2197 1009 2248 οὐ
1073 2198 1298 2266 μικραῖς
1361 2196 1566 2258 αἰκίαις
1641 2198 1868 2266 ὲκτιμω-

299 2289 580 2360 (λούμενοι,
603 2286 664 2338 τὸ
693 2284 998 2338 τελευταῖον
1031 2285 1350 2354 ὑπερορίαις
1398 2287 1635 2354 μακραῖς
1670 2301 1734 2336 τε
1784 2285 1880 2339 καὶ

257 2429 260 2432 .
295 2376 595 2449 ἀφορήτοις
619 2375 1094 2439 καταδικάζονται,
1120 2376 1177 2426 ὲν
1196 2373 1416 2444 χωρίοις
1463 2370 1538 2426 ὧν
1587 2373 1666 2444 τῷ
1697 2375 1882 2447 πικρῷ

295 2471 398 2522 καὶ
433 2468 718 2541 δυσοίστῳ,
751 2468 846 2521 καὶ
881 2466 1018 2538 πρὸς
1071 2465 1170 2536 τὴν
1204 2465 1349 2535 ζωὴν
1389 2465 1486 2536 τὴν
1533 2464 1880 2536 ἀνθρωπίνην

293 2562 496 2630 τραχεῖ
527 2561 622 2612 καὶ
647 2557 868 2630 σκληρῷ
899 2559 992 2612 καὶ
1029 2557 1486 2626 ἀπεστενωμένῳ,
1513 2556 1702 2609 δοκοῦν
1733 2559 1879 2611 ἐστιν

295 2653 486 2712 αᾶτοῖς
512 2647 874 2720 βιαζομένους
897 2650 1026 2711 τοὺς
1063 2646 1518 2710 δεινοπαθοῦντας
1548 2647 1878 2713 ἁλώσεσθαι,

296 2741 410 2794 τῶν
437 2739 843 2812 συνεργούντων
866 2741 944 2803 εἰς
968 2739 1128 2792 τοῦτο
1156 2739 1718 2811 προηυτρεπισμένων
1743 2755 1758 2769 ⁶
1786 2739 1880 2793 καὶ

293 2833 411 2904 γὰρ
457 2831 784 2902 παρεδρεύει
825 2831 1104 2900 ἁπόμοιρά
1134 2847 1218 2892 τις
1278 2831 1374 2898 τῆς
1414 2826 1680 2900 δημοσίας
1716 2829 1877 2882 δυνά-

297 2943 450 2996 μεως
488 2927 694 2988 αὐτοῖς,
715 2923 814 2978 καὶ
845 2924 922 2987 ὡς
961 2923 1196 2993 τάχιστα
1237 2923 1734 2994 ὑπηρετησομένων
1767 2926 1878 2987 τοῖς

290 3016 523 3081 δόξασι·
578 3017 750 3070 ταῦτα
811 3016 911 3087 μὲν
961 3019 1008 3068 οἱ
1065 3017 1132 3069 τὰ.
1189 3015 1384 3086 πρῶτα
1451 3017 1509 3068 ἐν
1559 3016 1880 3078 ἐπισκόποις

292 3109 536 3178 ἔχοντες,
561 3105 656 3160 καὶ
703 3107 805 3176 τῆς
833 3107 1000 3179 ὀρθῆς
1043 3107 1490 3177 ὑπερμαχοῦντες
1523 3108 1620 3160 καὶ
1656 3107 1878 3176 ἀντεχό-

1981 654 2138 709 [tetas
2159 653 2368 709 fabulas
2392 655 2543 712 flocci
2582 657 2830 724 fecerint,
2858 675 2962 713 non
2988 661 3190 714 idcirco
3227 661 3456 731 improbi
3485 662 3552 714 dc

1981 761 2079 799 sua
2113 745 2292 812 iniqua
2331 749 2708 815 persecutione
2731 751 3055 806 remittunt:
3093 751 3189 805 sed
3240 753 3414 820 primo
3434 753 3554 820 qui-

1980 841 2099 893 dem
2139 840 2403 892 snasoriis
2445 841 2628 893 verbis
2676 839 3016 896 blandientes
3073 843 3460 911 palpantesque
3499 852 3556 895 et

1980 929 2338 993 delinientes,
2371 929 2634 984 donorum
2670 931 2834 984 etiam
2886 933 3244 1000 plurimorum
3299 935 3554 1001 sponsio-

1981 1020 2142 1074 nibus
2167 1022 2515 1076 ’snbvertere
2552 1031 2784 1087 tentant,
2833 1026 3211 1094 prmcipueque
3269 1034 3328 1078 ut
3385 1021 3556 1077 irreli-

1978 1111 2141 1178 gioste
2199 1110 2443 1164 formulae
2522 1113 3013 1183 subscribant(56)
3078 1115 3235 1168 valde
3317 1121 3550 1178 urgent;

1980 1202 2228 1272 bonaque
2273 1203 2968 1270 pro:nittentes,simulque
3037 1205 3174 1258 mala
3243 1207 3538 1267 minantes,

1981 1303 2160 1343 utrum
2204 1291 2390 1343 malint
2441 1291 2800 1359 interrogant.
2859 1293 3014 1362 163
3091 1293 3318 1360 Cognita
3371 1303 3551 1346 autem

1979 1381 2100 1436 fidei
2139 1382 2396 1435 lirmitate
2434 1390 2486 1435 et
2526 1383 2861 1444 constantia,
2891 1393 2945 1436 et
2981 1399 3078 1437 sua
3116 1385 3394 1437 voluntate
3435 1381 3552 1436 fru-

1979 1473 2158 1538 strati,
2188 1475 2252 1524 ad
2283 1481 2644 1526 veteratoran
2675 1483 2822 1526 artes
2852 1473 3198 1542 confugiunt,
3233 1473 3466 1541 illosque
3489 1473 3557 1525 de

1979 1565 2301 1619 criminibus
2328 1573 2606 1629 accusant,
2638 1580 2758 1632 qua:
2786 1579 2854 1616 ne
2884 1565 3070 1617 auditu
3104 1565 3324 1633 quidem
3391 1564 3550 1616 inno-

1978 1655 2062 1708 cui
2095 1656 2265 1709 nostri
2295 1667 2579 1710 noverunt.
2599 1655 2784 1724 Neque
2810 1655 2921 1725 jam
2951 1671 3047 1724 spe
3067 1657 3268 1723 agitur,
3303 1655 3399 1708 sed
3436 1666 3554 1722 pm-

1978 1760 2169 1800 narum
2201 1745 2516 1798 inﬂictione.
2541 1745 2677 1798 Exin
2700 1747 2902 1814 quippe
2924 1745 3138 1800 vincula
3178 1754 3232 1798 et
3267 1741 3548 1797 durissimi

1979 1846 2283 1904 Sequuntur
2325 1851 2596 1902 Curecres,
2629 1846 2684 1890 et
2721 1835 2893 1890 fames
2937 1845 2990 1890 et
3045 1836 3389 1905 gravissimae
3429 1831 3560 1888 alni-

1978 1915 2184 1982 Ctioues
2213 1944 2227 1981 :
2261 1929 2621 1996 quorumdam
2656 1927 2822 1981 etiam
2849 1928 3020 1994 plagis
3051 1927 3211 1979 dorsa
3244 1928 3554 1988 cteduutur,

1977 2030 2028 2074 et
2061 2034 2165 2072 non
2193 2020 2418 2073 modicis
2444 2019 2618 2073 vexati
2641 2019 2975 2072 cruciatibus
2993 2019 3286 2086 longinquo
3309 2027 3364 2070 et
3405 2018 3553 2070 into-

1978 2111 2184 2165 lerahili
2216 2111 2409 2164 exsilio
2449 2111 2773 2176 tmtltautur,
2800 2109 2934 2163 locis
2962 2109 3216 2162 destinati
3248 2108 3460 2176 asperis
3491 2121 3555 2158 ac

1980 2204 2066 2256 vix
2097 2201 2360 2264 ferendis,
2391 2201 2480 2270 qui
2504 2203 2574 2256 ob
2603 2217 2756 2256 suam
2789 2201 3094 2271 angustiam
3119 2200 3200 2252 vel
3231 2212 3422 2252 usuum
3454 2197 3556 2251 htt-

1980 2307 2268 2348 mauorum
2303 2295 2806 2348 incommoditatetn
2853 2301 2906 2347 et
2941 2292 3268 2358 molestiam,
3307 2291 3560 2344 videntur

1981 2387 2313 2454 captivorum
2341 2386 2556 2440 animos
2578 2385 2961 2456 expugnaturi,
3008 2385 3208 2438 additis
3254 2382 3554 2452 pricsertim

1979 2478 2072 2546 qui
2093 2493 2212 2530 eam
2248 2493 2361 2531 rem
2389 2478 2708 2532 insinuent:
2759 2477 2962 2532 etenim
2999 2492 3125 2546 pars
3155 2476 3404 2546 qna'dam
3459 2488 3560 2542 pu-

1981 2570 2134 2624 blica:
2163 2569 2368 2622 militiae
2397 2569 2642 2637 captivos
2684 2569 3000 2632 comitatur,
3028 2583 3152 2636 qute
3209 2547 3403 2621 ceram.
3458 2579 3558 2619 vo-

1979 2661 2170 2714 luntati
2201 2658 2523 2714 subse‘rviat.
2547 2660 2671 2714 lltec
2702 2661 2982 2728 patiuntur
3012 2659 3254 2726 primarii
3291 2657 3556 2726 episcopi,

1979 2751 2068 2816 qui
2128 2749 2489 2804 orthodoxam
2533 2730 2857 2802 sententiam
2913 2745 3132 2800 fortiter
3189 2755 3557 2816 pmpugnant.

1981 2838 2118 2893 Sunt
2163 2841 2326 2894 etiam
2387 2838 2628 2892 nonnulli
2682 2849 2802 2906 post
2855 2837 2972 2892 illos
3006 2838 3230 2906 gradum
3285 2846 3558 2898 tenentes,

1979 2947 2163 3000 parem
2198 2946 2319 2984 cum
2349 2931 2482 3000 ipsis
2542 2932 2853 3001 religiosam
2913 2929 3346 2986 fidemfoventes
3401 2929 3560 2998 pauci

1977 3037 2132 3087 sane,
2165 3023 2260 3076 sed
2315 3023 2388 3076 ita
2421 3032 2599 3077 tamen
2656 3033 2713 3076 nt
2743 3021 2926 3077 favilla
2988 3023 3180 3076 saltem
3215 3021 3267 3074 itt
3314 3019 3556 3074 Ecclesia

1979 3114 2076 3168 Dei
2127 3115 2385 3182 supersit,
2438 3129 2556 3182 qua:
2603 3129 2703 3168 suo
2748 3123 2991 3184 tempore
3037 3114 3234 3169 divinis
3295 3110 3564 3166 aﬂlatibus

294 3216 456 3268 μενοι
487 3199 644 3270 δόξης
673 3213 688 3229 ο
715 3200 822 3252 εἰσὶ
843 3200 899 3252 δὲ
933 3201 1028 3252 καὶ
1051 3201 1101 3252 οἱ
1127 3201 1242 3269 μετ’
1265 3199 1504 3263 ἐκείνους
1527 3201 1873 3270 τεταγμένοι,

1982 3203 2319 3274 splendidam
2360 3205 2727 3274 eximiamque
2754 3205 2926 3260 facem
2960 3207 3248 3276 incensura
3279 3212 3382 3267 est,
3402 3211 3456 3257 et
3477 3203 3564 3255 in-

295 3295 401 3344 σὺν
431 3292 662 3354 ἐκείνοις
705 3292 807 3362 τῆς
852 3293 1114 3362 όμοτίμου
1175 3290 1568 3362 μεταλαχόντες
1617 3293 1875 3356 πίστεως,

289 3382 664 3454 εὐαρίθμητοι
714 3383 837 3452 μὲν,
884 3383 1008 3434 ὅσον
1035 3380 1308 3451 σπινθῆρα
1351 3380 1779 3451 καταλειφθῆναι
1811 3383 1876 3452 τῇ

307 3477 610 3549 Ἐκκλησία
640 3477 734 3530 τοῦ
777 3475 936 3540 Θεοῦ,
997 3475 1269 3546 εὐκαίρως
1317 3475 1490 3538 θείαις
1534 3476 1881 3543 ἐπιφανείαις

293 3573 382 3632 εἰς
413 3571 623 3640 πυρσόν
678 3566 1170 3638 ἁναφθησομένους
1218 3567 1494 3637 περιφανῆ
1548 3583 1607 3618 τε
1660 3567 1754 3619 καὶ
1789 3567 1878 3618 ἐν·

295 3661 449 3724 θεον,
479 3663 611 3732 πρὸς
631 3662 732 3732 τὴν
765 3661 968 3732 tdi
1009 3661 1104 3714 τοῦ
1149 3659 1468 3726 Πνεύματος
1514 3659 1642 3722 τοὺς
1691 3662 1750 3712 ὲν
1800 3660 1878 3730 τῷ

1982 3294 2258 3349 ﬁdelitatis
2291 3295 2526 3349 tenebris
2551 3296 2778 3348 obrutos
2811 3295 2877 3348 ad
2903 3295 3204 3365 spiritalem
3244 3293 3422 3347 lucem
3463 3292 3562 3346 de-

1983 3387 2232 3439 ductura.
2269 3384 2336 3439 Ut
2365 3385 2520 3440 nobis
2563 3399 2778 3454 quoque
2838 3385 3192 3454 propheticas
3251 3382 3565 3452 usurpanti-

1983 3479 2082 3532 bus
2107 3492 2268 3532 voces
2299 3477 2483 3532 dicere
2513 3477 2708 3532 liceat:
2735 3477 2860 3530 Nisi
2887 3476 3146 3529 Dominus
3175 3476 3409 3530 Sabaoth
3439 3472 3566 3528 reli-

1981 3569 2176 3636 quisset
2234 3567 2384 3620 nobis
2446 3583 2641 3634 semen,
2678 3567 2829 3637 quasi
2882 3567 3116 3622 Sodoma
3166 3566 3448 3635 fuissemus
3513 3574 3563 3616 et

1983 3658 2292 3716 Gomom'lta:
2317 3658 2515 3712 similes
2549 3658 2615 3711 ”.

297 3754 456 3824 ζόφῳ
483 3755 581 3822 τῆς
605 3753 860 3816 ἀπιστίας
886 3752 1355 3821 κατειλημμένους
1373 3749 1873 3819 καθοδηγὴσοντας.
1918 3749 2034 3802 Ἵνα
2095 3745 2190 3820 ὲξῇ
2229 3749 2324 3802 καὶ
2363 3751 2498 3818 ἡμῖν
2531 3751 2654 3812 ταῖς
2709 3748 3080 3820 προφητικαῖς
3112 3743 3564 3816 συμφθέγγεσθαι

294 3848 634 3916 φωναῖς·Ει
657 3845 740 3914 μὴ
765 3847 979 3912 Κύριος
1017 3843 1260 3897 Σαϐαὼο
1333 3841 1726 3912 ἐγκατέλιπεν
1762 3841 1908 3910 ἡμῖν
1978 3843 2237 3910 σπέρμα,
2310 3841 2392 3905 ὠς
2447 3841 2682 3910 Σόδομα
2735 3839 2812 3893 ἂν
2869 3837 3260 3908 ἐγενήθημεν,
3323 3835 3419 3888 καὶ
3482 3833 3563 3898 ὡς

287 3941 575 4009 Γόμορῤα
602 3938 680 3992 ἂν
706 3938 1106 4006 ὡμοιώθημεν.

371 4042 471 4100 ις’.
513 4033 586 4086 Τὸ
615 4033 726 4103 γὰρ
769 4034 895 4085 ὅσον
937 4034 996 4084 ὲν
1045 4029 1314 4102 ἱερωσύνῃ
1363 4030 1518 4100 φέρει
1545 4029 1613 4082 τὰ
1655 4030 1884 4100 δεύτερα

281 4130 402 4202 ἤδη
455 4126 791 4197 φιλοψυχῶ-δ
851 4125 946 4178 καὶ
999 4125 1468 4195 μεταϐαλλόμενον
1511 4124 1733 4194 ὁρᾶται,
1787 4126 1882 4214 καὶ

278 4223 371 4294 τῷ
421 4221 599 4290 καιρῷ
652 4221 747 4272 καὶ
805 4221 917 4282 τοῖς
967 4220 1254 4288 πράγμασι
1307 4216 1876 4288 συμμορφαςόμενον,

279 4317 391 4370 καὶ
457 4309 1114 4384 μετασχηματιζόμενον,
1173 4305 1285 4362 οἶόν
1345 4327 1479 4378 φασι
1531 4309 1620 4360 τὸν
1673 4326 1879 4379 χαμαι-

277 4410 490 4462 λέοντα
545 4406 746 4478 ραδίως
793 4403 1322 4476 μεταχρωννύμενον
1354 4403 1449 4455 καὶ¹
1495 4405 1562 4472 τῇ
1605 4401 1754 4472 ὁρμῇ
1781 4399 1877 4453 τοῦ

276 4499 602 4570 κινήματος
650 4497 964 4568 ’σύνδρομον
1026 4496 1218 4566 ἔχοντα
1275 4494 1375 4564 τὴν
1445 4495 1729 4564 ταχύτητα
1780 4495 1880 4562 τῆς

2065 4031 2151 4086 16.
2191 4029 2326 4082 Pars
2360 4039 2540 4084 autem
2569 4028 2658 4084 illa
2702 4027 2830 4081 cleri
2867 4025 3074 4079 minore
3111 4025 3162 4076 in
3211 4021 3378 4093 gradu
3430 4035 3566 4074 con-

1989 4127 2199 4186 stituta,
2227 4125 2345 4176 vita:
2380 4138 2490 4176 sua:
2513 4120 2901 4176 conservandae
2925 4119 3106 4173 studio
3140 4115 3402 4169 vacillans
3430 4130 3564 4168 cou-
3644 4125 3646 4127 '

1987 4216 2236 4284 apicitur,
2269 4214 2606 4282 temporique
2663 4222 2717 4264 et
2777 4226 2954 4264 rerum
3007 4207 3188 4263 cursui
3231 4205 3568 4260 obseeundat

1985 4322 2214 4374 seseque
2247 4305 2574 4370 conformat,
2605 4305 2818 4372 qualem
2841 4317 2961 4356 esse
2995 4303 3181 4354 dicunt
3218 4297 3566 4352 chamaleuna

1990 4413 2093 4456 tem
2125 4401 2257 4470 ('57),
2291 4409 2346 4452 ut
2375 4399 2688 4466 apparentis
2717 4396 2906 4450 forma:
2933 4397 3200 4448 varietate
3233 4393 3336 4446 sibi
3365 4406 3564 4445 occur-

1989 4503 2170 4548 rentes
2195 4492 2364 4546 fallat.
2399 4492 2489 4545 Sic
2518 4491 2606 4545 isti
2639 4490 2994 4548 validioribus
3016 4489 3238 4549 cedunt,
3268 4484 3412 4538 haud
3434 4497 3566 4536 sane

276 4592 536 4662 φᾶσεως,
576 4589 653 4653 ὡς
677 4589 744 4642 iv
763 4589 1035 4642 ’λανθάνοι
1063 4587 1140 4658 τῷ
1187 4587 1418 4657 ποικίλῳ
1447 4587 1546 4656 τῆς
1595 4586 1722 4649 θέας
1755 4586 1880 4648 τοὺς

1987 4597 2165 4642 mente
2194 4587 2384 4648 lthera,
2415 4585 2510 4639 sed
2541 4586 2590 4636 vi
2624 4583 2982 4654 prementium
3028 4579 3243 4634 deducti
3281 4597 3294 4632 :
3331 4590 3562 4646 quorum

275 4685 830 4756 παρατυγχάνοντας
875 4700 890 4712 ·
921 4681 1097 4745 οὕτως
1135 4682 1270 4751 πρὸς
1300 4681 1360 4732 τὸ
1391 4678 1730 4750 ύπερτεροῦν
1752 4680 1884 4730 ὐπο-

274 4778 624 4839 κύπτοντες,
667 4775 858 4846 ὥσπερ
904 4776 1004 4828 οὐκ
1064 4777 1121 4827 ὲν
1172 4773 1460 4842 ἐλευθερίᾳ
1492 4771 1740 4842 γνώμης,
1767 4771 1884 4824 ἀλλ’

275 4873 343 4925 ἓν
389 4868 625 4938 ἐξουσίᾳ
674 4867 783 4924 τῶν
826 4867 1070 4935 ἀγόντων
1117 4866 1450 4936 γενόμενοι·
1479 4859 1552 4917 ὢν
1603 4880 1744 4926 τινες
1795 4863 1885 4916 ἐπὶ

275 4965 557 5022 τοσοῦτον
591 4963 901 5033 ὲμπαθείας
937 4965 1028 5016 καὶ
1062 4961 1353 5032 φιλαυτίας
1395 4960 1623 5029 ἤλασαν,
1651 4960 1744 5010 καὶ
1772 4955 1884 5011 οἷον

273 5061 348 5112 ἐκ
385 5055 702 5126 ηπιὼδους
728 5054 924 5126 φρενὸς
953 5053 1291 5125 ὁρμώμενοι,
1327 5049 1784 5120 κλυδωνιζόμενοε
1824 5065 1882 5100 τε

271 5151 384 5205 καὶ
409 5149 844 5219 περιφερόμενοι
877 5148 1040 5200 παντὶ
1083 5147 1271 5216 ἀνέμῳ
1299 5145 1399 5214 τῆς
1421 5143 1792 5207 διδασκαλίας,
1823 5143 1882 5194 ἐν

272 5243 346 5312 τῇ
411 5237 618 5308 κυϐείᾳ
652 5238 765 5290 τῶν
814 5237 1122 5308 ἀνθρώπων
1165 5240 1232 5307 τῇ
1267 5235 1574 5306 πανουργία
1617 5234 1752 5306 πρὸς
1784 5233 1884 5305 τὴν

278 5331 492 5404 μεθοδε
505 5331 590 5383 ίαν
611 5332 712 5401 τῆς
743 5333 974 5399 πλάνης,
1009 5332 1150 5385 καθὰ
1180 5332 1523 5402 γέγραπται·
1548 5329 1622 5393 ὡς
1656 5330 1801 5382 δυοῖν
1826 5328 1886 5380 τὸ

275 5425 508 5492 ἕτερον,
533 5420 710 5491 ψυχὴν
739 5422 1210 5492 ζημιωθήσεσθαι,
1300 5421 1505 5492 θρόνων
1535 5419 1886 5473 ἐκπεσεῖσθαι

358 5585 409 5616 ⁸⁸
438 5582 544 5637 lsa.
569 5599 604 5647 ι,
639 5581 692 5636 9.
772 5584 814 5615 ³⁷
843 5583 1040 5652 Ephrs.
1082 5599 1154 5648 tv,
1177 5585 1264 5639 H.

359 5733 489 5806 (56)
543 5733 677 5790 lluic
730 5735 975 5791 formulae
1025 5751 1117 5790 seu
1175 5737 1354 5806 edicto
1408 5735 1607 5789 LCOHiS
1659 5735 1880 5788 Artncni

279 5823 415 5862 cum
459 5803 624 5860 nollet
668 5807 1014 5861 subscribere
1059 5817 1240 5860 uoster
1287 5803 1659 5876 Nicepho’t'us,
1710 5808 1882 5858 solum

279 5891 518 5935 Vertere
553 5876 729 5942 iussus
759 5878 880 5932 fuit.

1987 4680 2154 4748 aliqui
2183 4679 2350 4732 nituio
2379 4681 2462 4732 sui
2496 4691 2682 4730 amore
2740 4685 2796 4730 et
2849 4673 3078 4727 mollitie
3114 4669 3464 4738 franguntur,
3501 4683 3565 4720 ac

1984 4772 2246 4841 puerilem
2305 4771 2693 4840 propemodum
2769 4775 3001 4820 mentem
3055 4773 3272 4833 gerunt,
3345 4760 3566 4829 agitau-

1987 4876 2196 4933 turquc,
2222 4873 2277 4918 et
2303 4863 2450 4916 omni
2487 4869 2648 4914 vento
2679 4859 2940 4912 doctrina:
2973 4858 3074 4910 hac
3107 4855 3228 4908 illac
3281 4851 3556 4913 feruntur,

1983 4957 2038 5011 in
2075 4957 2309 5026 nequitia
2347 4953 2648 5016 hominum,
2683 4953 2733 5003 in
2764 4951 2963 5003 astutia
3019 4948 3086 5001 ad
3140 4943 3570 5000 circumventio-

1986 5065 2107 5103 nem
2143 5049 2368 5116 erroris,
2425 5045 2584 5100 sicuti
2634 5045 2899 5112 scriptum
2950 5053 3034 5096 est
3059 5041 3126 5104 ",
3166 5041 3240 5092 ita
3276 5047 3334 5089 ut
3401 5035 3567 5088 alter-

1989 5117 2110 5195 utro
2139 5142 2205 5194 iis
2222 5139 2524 5209 proposito,
2547 5143 2740 5206 uentpe
2766 5145 2822 5189 ut
2842 5133 2920 5188 vel
2949 5131 3142 5185 animm
3170 5128 3563 5182 detrimentum

1993 5236 2287 5304 patiantur,
2334 5231 2417 5287 vel
2447 5231 2668 5286 sedibus
2718 5229 2994 5292 excidant,
3025 5227 3176 5293 prius
3227 5220 3356 5274 illud
3413 5215 3572 5270 malle

1992 5329 2174 5382 dicere
2202 5326 2407 5390 ausint,
2441 5335 2494 5379 et
2519 5325 2584 5380 de
2609 5338 2819 5378 summa
2855 5321 3032 5374 salute
3087 5311 3408 5386 periclitari,
3433 5309 3568 5378 quin

1997 5431 2174 5474 tamen
2206 5432 2369 5489 grave
2424 5415 2632 5486 aliquid
2682 5429 2742 5470 se
2807 5411 3150 5468 committere
3199 5411 3409 5474 putent.
3445 5399 3571 5452 Haec

2065 5733 2177 5802 (57)
2209 5732 2298 5788 Sic
2329 5733 2626 5804 appellatur
2655 5731 2723 5785 ab
2752 5727 3026 5783 historicis
3053 5720 3368 5804 llyzantiais
3399 5716 3570 5796 etiam

1997 5793 2104 5857 Leo
2139 5793 2413 5859 Armentis"
2459 5813 2674 5873 propter
2720 5815 2872 5854 suam
2913 5798 3202 5850 versutiam
3235 5803 3288 5845 et
3319 5793 3568 5860 hypocri-

1995 5892 2121 5928 SHII.
