4130 6332
218 431 327 502 573

1149 392 1720 501 APOLOGETICUS
1754 438 1905 500 PRO
1944 442 2048 502 ss.
2090 441 2571 502 IMAGINIBUS.

3380 434 3486 501 57h

295 548 378 613 ιζ’.
421 548 546 601 Ἐπὶ
567 548 623 602 δὲ
649 548 773 612 τοὺς
799 548 1146 619 προεστῶτας
1176 550 1275 620 τῆς
1305 550 1562 614 ἀσεϐείας
1590 551 1685 603 τὸν
1716 549 1803 603 λόει

1978 552 2067 605 17.
2102 553 2209 608 Sed
2242 554 2351 621 jam
2374 553 2440 606 sd
2465 551 2624 621 httjns
2652 552 2925 606 hereseos
2944 549 3335 620 antesignanos
3357 565 3490 606 con-

221 657 319 709 γον
351 643 689 695 ὲπανακτέον
710 658 724 673 ·
771 644 997 695 σκοπεῖν
1036 640 1093 694 δὲ
1127 642 1304 711 χρεὼν
1324 684 1340 707 ,
1369 642 1418 694 ei
1453 641 1531 711 μὴ
1564 641 1661 694 καὶ
1689 641 1806 705 τοῖς

220 733 405 797 ἀλλοις
439 733 700 797 ὡσαύτως
738 733 1070 803 ἀρμόσεται·
1103 732 1294 804 ἐπειδὴ
1329 732 1511 786 τοίνυν
1548 731 1806 798 καθάπαξ

220 825 322 895 τῆς
351 826 611 896 ἀληθείας
639 825 1072 893 ἀποσφαλέντες,
1106 828 1218 887 τοῖς
1246 826 1475 889 εἰκαίοις
1504 826 1685 879 αὐτῶν
1714 825 1805 879 λο-

220 921 441 987 γισμοῖς
478 919 755 988 τηνάλλως
787 918 1191 989 ἐπερειδόμενοι
1212 957 1227 980 ,
1258 920 1353 971 καὶ
1381 918 1504 971 ὅσον
1536 914 1671 990 ἧκεν
1708 918 1807 971 αὺ-

217 1008 334 1069 τοῖς
364 1010 444 1069 είς
470 1007 700 1077 δύναμιν
730 1008 796 1061 τὰ
825 1006 1001 1077 ψευδῆ
1033 1006 1482 1077 συμπλάσσονται
1502 1046 1519 1072 ,
1551 1005 1804 1077 καθῆκαν

218 1097 449 1160 ἑαυτοὺς
499 1098 593 1150 ἐπὶ
640 1097 898 1169 ζητήσεις
950 1098 1141 1169 μωρὰς
1190 1098 1285 1150 καὶ
1321 1097 1665 1163 ἀλλοκότους,
1710 1097 1807 1151 καὶ

223 1186 427 1256 μύθους
453 1188 720 1259 γραώδεις
747 1191 843 1244 καὶ
875 1190 1280 1261 βρεφοπρεπεῑς
1308 1177 1676 1253 ἀνελίσσουσί,
1707 1189 1805 1242 καὶ

222 1280 356 1330 πολὺ
400 1279 460 1331 τὸ
493 1281 818 1351 ἀσύμϐατον
866 1281 999 1351 πρός
1041 1298 1099 1333 τε
1133 1282 1363 1343 ἑαυτοὺς
1396 1281 1492 1334 καὶ
1522 1280 1621 1350 τὴν
1670 1281 1805 1351 ἁλή-

223 1368 375 1421 (ιειαν
407 1368 641 1438 ἔχοντες,
680 1370 1076 1441 ἐξερευνῶντες
1110 1372 1491 1441 ἑξερευνήοεις
1522 1371 1677 1425 οὐδὲν
1704 1373 1804 1425 αὐ-

221 1462 335 1523 τοῖς
377 1462 761 1531 προσηκούσας
783 1502 796 1522 ,
843 1464 983 1533 μήτε
1020 1462 1056 1516 ἃ
1083 1463 1305 1530 λέγουσι
1336 1463 1619 1527 νοοῦντες,
1665 1464 1803 1533 μήτε

221 1550 354 1616 περὶ
381 1548 541 1602 τίνων
573 1550 1042 1616 διαϐεϐαιοῦνται,
1082 1551 1168 1604 ἐπ’
1203 1552 1414 1623 ὀλέθρῳ
1446 1553 1503 1605 δὲ
1533 1552 1644 1605 τῶν
1676 1554 1799 1604 ἑαν-

219 1638 331 1693 τῶν
354 1640 543 1710 ψυχῶν
574 1642 668 1696 καὶ
693 1643 803 1694 τῶν
829 1642 1203 1713 ἀκροωμένων
1231 1642 1629 1714 ὲξευρημὲνας,
1655 1644 1803 1707 ὅπως

223 1731 300 1798 μὴ
333 1731 436 1799 τῆς
466 1732 672 1793 οἰκείας
697 1733 980 1796 ἀπωλείας
1018 1734 1201 1803 μόνον,
1232 1736 1369 1787 ἁλλά
1400 1735 1672 1789 κάκείνων
1704 1736 1803 1804 τῆς

221 1823 427 1893 βλάϐης
461 1826 762 1878 ἁποτίσωσι
797 1827 951 1887 δίκας
973 1821 1093 1879 ο-ὧν
1122 1831 1221 1898 τήν
1252 1846 1310 1881 τε
1345 1829 1545 1882 κακίαν
1576 1830 1671 1882 καὶ
1704 1831 1802 1899 τὴν

219 1914 499 1969 ἀπώλειαν
527 1918 596 1969 τὰ
625 1919 746 1988 ἱερά
778 1918 1256 1987 προανεκρούσατο
1280 1919 1466 1985 Λῦγια·
1496 1921 1803 1989 ἁρμόταιτο

220 2006 335 2079 γὰρ
366 2007 430 2060 ἀν
455 2025 537 2071 τις
567 2009 751 2071 αὐτοῖς
777 2010 871 2061 καὶ
894 2009 1017 2062 λίαν
1045 2010 1293 2073 ἐνδίκως,
1322 2005 1421 2062 ὧδέ
1449 2028 1565 2072 πως
1588 2012 1797 2080 ἔχοντα’

219 2098 465 2165 ὁπηνίκα
491 2099 601 2168 γὰρ
627 2102 655 2152 ὁ
685 2100 778 2152 τοῦ
813 2101 1151 2168 Εὑαγγελίου
1177 2098 1354 2171 κῆρυξ
1377 2104 1472 2155 καὶ
1505 2102 1613 2154 τῶν
1643 2102 1803 2155 θείων

225 2192 609 2257 μυσταγωγὸς,
647 2191 756 2243 τῶν
786 2192 1048 2244 τοιούτων
1081 2192 1340 2261 προεώρα
1375 2193 1473 2261 τὴν
1514 2194 1712 2247 κακίαν
1747 2195 1805 2247 ἐν

221 2280 548 2350 Ιινεύματι,
602 2285 916 2353 προφητικῇ
972 2282 1402 2353 προανεφώνησε
1452 2283 1668 2354 χάριτι*
1723 2286 1806 2338 ὅτι

221 2370 701 2423 Εἰσελεύσονται
732 2370 909 2423 λύκοι
937 2370 1150 2436 ,ϐαρεῖς
1178 2373 1264 2435 είς
1298 2369 1475 2441 ὑμᾶς,
1499 2372 1584 2439 μὴ
1608 2372 1807 2439 φειδό-

213 2476 395 2530 μενοι
425 2461 533 2515 τοῦ
561 2463 864 2530 ποιμνίου,
895 2462 995 2514 καί
1023 2461 1091 2526 ἐξ
1117 2460 1286 2530 ὑμῶν
1313 2460 1512 2516 αὑτῶν
1534 2462 1805 2530 ἀναστή-

222 2569 438 2605 σονται
495 2551 711 2620 ἀνδρες
769 2553 1109 2619 λαλοῦντες
1161 2553 1599 2624 διεστραμμένα
1622 2595 1636 2619 ,
1700 2556 1807 2610 τοῦ

224 2641 515 2710 ἀποσπᾷν
543 2643 684 2709 τοὺς
720 2644 995 2713 μαθητὰς
1026 2645 1222 2698 ὀπίσω
1250 2644 1469 2701 αὐτῶν.
1508 2646 1619 2701 Καὶ
1644 2646 1808 2702 πάλιν

226 2734 453 2804 ἑτέρωθί
477 2735 580 2788 πού
604 2752 791 2805 φησιν,
815 2736 897 2788 ὅτι
949 2739 1013 2790 οι
1038 2736 1298 2791 τοιοῦτοι
1320 2737 1804 2806 ψευδοδιδάσκα-

223 2828 341 2890 λοι,
373 2825 610 2894 ἐργάται
638 2826 854 2891 δόλιοι,
873 2829 1526 2898 μετασχηματιζόμενοι
1549 2834 1637 2897 εις
1660 2831 1808 2886 ἀπο-

223 2917 490 2980 στόλους
512 2919 791 2985 Χριστοῦ·
828 2920 926 2972 καὶ
958 2921 1031 2973 οὐ
1072 2922 1450 2990 θαυμαστόν·
1483 2922 1668 2988 αὐτὸς
1696 2923 1808 2991 γὰρ

224 3012 260 3061 ό
291 3009 563 3075 Σατανᾶς
584 3012 1159 3081 μετασχηματίζεται
1186 3016 1271 3079 εις
1299 3013 1561 3082 ἄγγελον
1587 3016 1805 3083 φωτός.

228 3102 310 3153 Οὐ
344 3102 499 3169 μέγα
539 3097 656 3155 οὖν
682 3105 732 3156 εί
746 3103 859 3156 ’καὶ
885 3106 940 3158 οι
966 3104 1238 3158 διάκονοι
1270 3105 1461 3159 αὑτοῦ
1499 3121 1809 3174 μετασχη-

1907 645 2200 699 vertendus
2238 659 2419 700 sermo
2448 652 2566 710 est;
2608 655 2770 711 atque
2795 656 2861 695 an
2897 641 3020 696 aliis
3050 643 3284 711 :qnoque
3340 640 3489 697 simi-

1908 735 2032 790 liter
2085 736 2339 804 quadret,
2366 733 2845 790 considerandum.
2885 733 3181 801 Postquam
3216 730 3400 799 itaque
3454 748 3485 787 a

1907 827 2136 882 veritate
2163 826 2331 880 semel
2357 826 2708 889 exciderunt,
2741 825 2894 877 vanis
2937 823 3054 877 suis
3112 822 3311 876 mentis
3345 836 3476 877 con-

1909 918 2153 988 ceplibus
2177 925 2383 972 temere
2413 916 2560 979 freti,
2604 928 2770 982 seque
2828 923 2974 967 totos
3024 911 3326 967 mendaciis
3382 911 3488 965 im-

1908 1010 2162 1070 buerant.
2187 1007 2366 1063 stultis
2415 1005 2811 1077 quaestionibus
2844 1019 2909 1058 ac
2938 1003 3239 1071 peregrinis
3274 1017 3333 1057 se
3377 1012 3484 1056 trs-

1909 1101 2064 1162 dunt,
2115 1097 2434 1165 tabulasque
2489 1097 2665 1150 aniles
2719 1110 2782 1150 ac
2834 1094 3070 1165 pueriles
3117 1103 3354 1159 struunt,
3394 1108 3488 1149 ne-

1907 1203 2012 1258 que
2064 1203 2248 1243 secum
2297 1186 2395 1255 ipsi
2429 1200 2604 1254 neque
2646 1200 2769 1239 cum
2835 1184 3064 1239 veritate
3103 1192 3485 1252 congruentes.

1908 1288 2219 1334 strutautes
2249 1278 2616 1333 scrutatioues
2672 1293 2793 1345 qua:
2866 1276 3003 1331 nihil
3078 1275 3145 1329 ad
3175 1276 3319 1343 ipsos
3364 1290 3487 1343 per-

1909 1371 2128 1433 tinent.
2181 1385 2356 1439 neque
2413 1371 2558 1438 quod
2632 1370 2784 1422 aiunt
2845 1368 3254 1437 intelligentes,
3310 1381 3487 1434 neque

1907 1461 2049 1528 quod
2077 1460 2382 1522 allirmaut;
2415 1460 2765 1528 quaestiones,
2803 1460 3047 1528 inquam,
3082 1459 3149 1510 ad
3182 1457 3482 1526 perniciem

1907 1569 2126 1607 suarum
2177 1552 2481 1605 animarum
2533 1561 2586 1604 et
2623 1551 2961 1604 audientium
3011 1551 3371 1618 excogitatas,
3433 1556 3489 1600 ut

1908 1662 2012 1697 non
2058 1652 2409 1697 sumtautuut
2461 1641 2806 1711 perditionis,
2865 1656 3052 1694 verum
3103 1640 3267 1694 etiam
3326 1638 3484 1691 alieni

1905 1734 2306 1801 damuipaenas
2340 1734 2510 1786 deut:
2554 1747 2788 1801 quorum
2845 1730 3107 1784 malitiam
3162 1739 3215 1784 et
3262 1728 3484 1784 exitium

1907 1841 2057 1878 sacra
2095 1824 2314 1878 oracula
2339 1823 2544 1894 jamdiu
2576 1824 3001 1891 castigaverunt,
3028 1836 3150 1890 qua:
3210 1819 3338 1890 ipsis
3365 1818 3487 1886 jure

1906 1917 2111 1985 optimo
2140 1914 2538 1970 accommodari
2574 1923 2802 1982 queunt,
2833 1921 2994 1979 atque
3021 1914 3094 1966 ita
3128 1911 3242 1965 fere
3289 1926 3347 1965 se
3393 1910 3486 1964 lia-

1906 2010 2051 2062 Iieut.
2086 2007 2220 2061 Cum
2245 2007 2388 2059 enim
2417 2004 2693 2074 Evangelii
2729 2020 2931 2073 praeco,
2967 2013 3023 2057 et
3055 2004 3364 2058 divinarum
3400 2015 3487 2056 re-

1908 2114 2025 2151 rum
2090 2098 2367 2165 magister,
2414 2097 2795 2165 prmdictorum
2859 2094 3121 2148 malitiam
3184 2094 3236 2147 iu
3294 2087 3488 2162 spiritu

1905 2192 2268 2261 praeridisset,
2296 2188 2611 2259 prophetico
2635 2188 2879 2255 prtecinit
2898 2188 3155 2241 instinctu
3177 2184 3488 2239 :Intrabunt

1909 2284 2045 2336 inter
2070 2298 2156 2335 vos
2194 2281 2303 2350 lupi
2334 2279 2534 2347 infesti,
2559 2294 2660 2331 non
2697 2289 2970 2347 parcentes
3015 2278 3175 2349 gregi.
3213 2274 3275 2328 Et
3309 2292 3373 2329 ex
3403 2292 3489 2328 vo-

1909 2374 1985 2427 bis
2011 2376 2136 2441 ipsis
2171 2382 2450 2442 exsurgent
2470 2372 2567 2425 viri
2622 2387 2860 2440 perversa
2916 2371 3201 2441 loquentes,
3234 2378 3288 2421 ut
3320 2367 3489 2420 abdu-

1909 2475 2028 2518 cant
2059 2464 2341 2532 discipulos
2372 2474 2485 2531 post
2507 2479 2561 2517 se
2584 2465 2651 2518 “.
2672 2464 2987 2530 Rursusque
3026 2461 3154 2513 alibi
3174 2460 3247 2512 ait
3276 2477 3289 2513 :
3324 2454 3491 2528 Ejus-

1909 2556 2049 2609 modi
2079 2554 2201 2622 falsi
2226 2555 2486 2622 magistri,
2512 2554 2740 2623 operarii
2775 2552 3005 2619 subdoli,
3045 2551 3490 2619 trans/igurantes

1908 2663 1962 2701 se
1994 2647 2048 2699 in
2080 2646 2343 2714 apostolos
2397 2644 2615 2700 Christi.
2654 2644 2836 2715 Neque
2861 2646 2912 2698 id
2945 2643 3171 2707 mirum;
3202 2644 3312 2711 ipse
3350 2643 3487 2697 enim

1911 2736 2144 2792 Satanas
2196 2739 2545 2809 transﬁgurat
2579 2754 2634 2791 se
2671 2738 2724 2789 in
2753 2735 2997 2805 angelum
3052 2733 3207 2788 lucis.
3247 2732 3371 2786 Non
3412 2740 3491 2787 est

1906 2844 2028 2898 ergo
2053 2845 2323 2898 magnum,
2353 2831 2399 2883 si
2426 2828 2652 2883 ministri
2677 2844 2879 2897 quoque
2907 2826 3022 2896 ejus
3047 2842 3100 2879 se
3131 2826 3186 2879 in
3223 2825 3491 2879 ministros

1908 2920 2066 2975 ueluti
2095 2921 2311 2984 iustitia,
2341 2920 2729 2990 transﬁgurari:
2754 2935 3015 2987 :quorum
3037 2917 3162 2986 ﬁnis
3181 2918 3283 2971 erit
3306 2932 3490 2971 secun-

1909 3015 2033 3068 dum
2066 3032 2224 3084 opera
2246 3031 2429 3068 eorum
2466 3015 2531 3071 ³³.
2560 3012 2752 3067 Nonne
2774 3012 3029 3081 Spiritus,
3058 3011 3256 3078 inquit,
3285 3009 3490 3065 diserte

1912 3107 1991 3160 ait
2021 3121 2032 3154 :
2082 3106 2348 3160 Extremis
2384 3105 2709 3174 temporibus
2742 3104 3007 3157 discedent
3039 3101 3254 3172 quidam
3285 3119 3315 3154 a
3362 3101 3491 3169 ﬁde,

217 3190 564 3258 ματίζονται
583 3193 663 3258 ὠς
683 3192 951 3248 διάκονοι
981 3195 1399 3264 δικαιοσύνης,
1420 3189 1508 3250 ὧν
1534 3196 1602 3249 τὸ
1629 3195 1803 3263 τέλος

1913 3198 2109 3252 erroris
2137 3197 2410 3266 spiritibus
2457 3198 2807 3260 attendentes,
2836 3205 2885 3248 et
2907 3195 3161 3250 doctrinis
3193 3194 3491 3247 demonia-

223 3282 395 3333 ἔσται
415 3281 566 3334 κατὰ
588 3286 660 3336 τὰ
682 3284 828 3353 ἔργα
852 3283 1072 3339 αὐτῶν.
1103 3286 1175 3337 Ἢ
1202 3287 1324 3355 οὐχὶ
1350 3287 1443 3339 κα),
1465 3286 1527 3339 τὸ
1556 3286 1802 3357 Πνεῦμα,

226 3373 389 3440 φησὶ,
443 3373 621 3443 ῥητῶς
674 3374 859 3442 λέγει,
918 3376 1000 3428 ὅτι
1083 3376 1186 3430 Ἐν
1237 3376 1519 3445 ὑστέροις
1576 3377 1807 3444 καιροῖς

224 3464 687 3532 ἀποστήσονταί
709 3483 872 3534 τινες
900 3465 1011 3535 τῆς
1054 3468 1318 3534 πίστεως
1338 3508 1352 3532 ,
1399 3469 1806 3537 προσέχοντες

226 3556 529 3623 πνεύμασι
562 3554 956 3625 πλάνης,’καὶ
989 3559 1409 3626 διδασκαλίαις
1449 3560 1803 3628 δαιμονίων,

227 3648 296 3697 ἐν
352 3650 667 3715 ὑποκρίσει
722 3651 1135 3720 ψευδολόγων,
1200 3651 1807 3721 κεκαυτηριασμένων

227 3743 346 3806 τὴν
379 3740 537 3793 ίδιάν
565 3743 956 3809 συνείδησιν;
978 3745 1089 3796 Καὶ
1124 3744 1301 3808 αὖθις,
1335 3745 1416 3797 ὅτι
1493 3748 1593 3797 Ἑν
1619 3742 1806 3811 ἐσχά-

226 3848 355 3894 ταις
384 3830 627 3898 ἡμέραις
662 3832 1065 3898 ἐνστήσονται
1090 3833 1281 3900 καιροὶ
1316 3834 1597 3900 χαλεποί·
1627 3834 1806 3887 ἔσονο

223 3938 319 3973 ται
353 3922 463 3988 γὰρ
496 3925 549 3975 οί
581 3922 879 3991 ἅνθρωποι
912 3925 1216 3993 φίλαυτοι,
1248 3925 1627 3993 φιλάργυροι,
1661 3926 1805 3979 ἀλαο

223 4011 411 4078 ζόνες,
448 4015 842 4084 ὑπερήφανοι,
875 4016 1237 4086 ,βλάσφημοι
1262 4054 1278 4079 ,
1318 4016 1604 4086 γονεῦσιν
1633 4017 1803 4071 ἀπει-

222 4104 375 4170 θεῖς,
407 4106 758 4173 ἀχάριστοι,
810 4110 1066 4173 ἀνόσιοι,
1113 4108 1393 4178 ἄστοργοι
1419 4147 1433 4170 ,
1468 4108 1761 4161 ἄσπονδοι
1786 4148 1801 4173 ,

220 4197 514 4259 διάϐολοι,
548 4199 862 4267 ἀκρατεῖς,
899 4199 1206 4269 ἀνήμεροι,
1240 4199 1618 4269 ἀφιλάγαθοι,
1657 4214 1801 4267 προ·

220 4287 412 4352 δόται,
454 4289 763 4356 προπετεῖς
786 4328 802 4353 ,
832 4291 1255 4359 τετυφωμένοι,
1289 4290 1608 4358 φιλήδονοι
1646 4289 1802 4358 μᾶλ-

220 4382 337 4430 λον
368 4378 407 4445 ἢ
455 4382 755 4447 φιλόθεοι,
802 4380 1049 4449 ἔχοντες
1087 4382 1402 4451 μόρφωσιν
1449 4384 1798 4448 εὐσεϐείας,

220 4469 430 4537 τὴνωδὲ
458 4471 717 4541 δύναμιν
748 4475 935 4543 αὐτῆς
966 4474 1312 4544 ἠρνημένοι.
1347 4506 1417 4516 ——
1445 4478 1546 4529 Ὃν
1576 4480 1803 4544 τρόπον

1913 3304 2051 3353 rum,
2095 3289 2153 3341 in
2211 3288 2477 3357 hypocrisi
2524 3287 2666 3356 falsa
2726 3286 3071 3356 loquentium,
3114 3284 3491 3338 conscientiam

1909 3397 2058 3436 suam
2087 3383 2437 3434 canteriatam
2474 3381 2780 3435 habentium
2815 3379 2881 3433 ".
2918 3379 2984 3433 Et
3012 3380 3186 3433 denuo
3238 3395 3252 3431 :
3292 3373 3490 3430 Novis-

1908 3474 2055 3527 simis
2096 3472 2279 3527 diebus
2308 3474 2580 3527 instabunt
2621 3483 2854 3540 tempora
2903 3486 3109 3537 aspera.
3148 3468 3317 3521 Erunt
3355 3468 3490 3521 enim

1908 3566 2141 3618 homines
2194 3568 2277 3618 sui
2322 3575 2576 3625 amantes,
2621 3562 2821 3631 cupidi,
2859 3561 3012 3623 elati,
3058 3558 3304 3626 superbi,
3350 3556 3490 3609 blas-

1906 3658 2105 3725 phemi,
2149 3657 2451 3721 parentibus
2502 3671 2606 3707 non
2655 3654 2970 3716 obedientes,
3004 3650 3220 3719 ingrati,
3262 3648 3488 3707 scelesti,

1907 3750 2017 3803 sine
2068 3748 2363 3817 a/fectione,
2412 3747 2583 3815 inﬁdi,
2642 3747 3031 3810 criminatores,
3070 3745 3486 3802 incontinentes,

1907 3839 2294 3903 immites,sine
2334 3838 2675 3907 benignitate,
2718 3838 3036 3904 proditores,
3093 3833 3343 3901 protervi,
3406 3838 3492 3880 tu-

1908 3932 2063 3998 midi,
2085 3932 2412 3998 voluptatum
2448 3927 2615 3997 magis
2642 3943 2798 3997 quant
2829 3926 2924 3981 Dei
2943 3916 3234 3987 amatores,
3260 3923 3484 3989 speciem

1905 4026 2113 4094 quidem
2159 4023 2365 4091 pietatis
2414 4022 2677 4084 habentes,
2743 4021 2832 4073 sed
2881 4021 3123 4072 virtutem
3161 4018 3275 4086 ejus
3323 4021 3489 4073 abne-
3534 4002 3539 4008 ’

1912 4127 2090 4187 gantes
2127 4118 2194 4170 ’⁵.
2222 4143 2305 4175 ,-
2334 4113 2790 4179 Quemadmodum
2837 4124 3008 4167 autem
3071 4111 3270 4165 Junnrs
3333 4121 3491 4182 atque

1906 4207 2151 4260 Jambres
2180 4206 2354 4275 Moysi
2375 4208 2799 4267 adversatisunt,
2819 4205 2896 4257 sic
2915 4215 2959 4256 et
2988 4205 3078 4257 isti
3097 4204 3303 4257 veritati
3332 4219 3490 4270 repu-

1904 4309 2065 4369 gnant
2099 4316 2117 4353 :
2154 4306 2416 4366 corrupta:
2483 4298 2671 4349 mentis
2720 4295 2979 4359 homines,
3006 4305 3054 4348 et
3117 4295 3318 4363 reprobi
3343 4295 3491 4349 circa

1904 4396 2082 4463 ﬁdem.
2118 4390 2221 4447 Sed
2267 4389 2410 4443 ultra
2460 4407 2559 4441 non
2580 4388 2858 4457 proﬁcient
2883 4401 2901 4440 :
2927 4388 3158 4454 ipsorum
3194 4386 3333 4438 enim
3371 4399 3493 4442 nta-

1907 4485 2101 4549 nifesta
2136 4482 2233 4533 erit
2261 4480 2458 4533 cunctis
2473 4479 2792 4547 insipientia,
2815 4480 2945 4531 sicut
2966 4488 3012 4530 et
3045 4476 3253 4528 illorum
3278 4476 3381 4544 fuit
3416 4476 3483 4529 “.

220 4561 289 4613 δέ
334 4564 574 4631 Ἰαννῆς
613 4566 710 4618 καὶ
765 4568 1042 4636 Ἰαμϐρῆς
1070 4569 1461 4633 ἀντέστησαν
1489 4567 1568 4632 τῷ
1589 4568 1800 4638 Mucii,

1912 4573 2227 4641 Rursusque
2278 4571 2383 4625 alio
2443 4572 2562 4624 loco
2596 4587 2610 4623 :
2644 4567 2981 4636 Conﬁtentur
3007 4583 3061 4620 se
3095 4583 3243 4619 nosse
3300 4566 3485 4631 Deum,

220 4656 374 4708 οὕτω
414 4655 512 4708 καὶ
542 4653 707 4711 οὗτοι
733 4657 1120 4724 ἀντέστησαν
1155 4657 1226 4726 τῇ
1256 4659 1506 4726 ἀληθείᾳ
1529 4675 1544 4691 ·
1580 4660 1803 4728 ἄνθρω-

221 4760 325 4797 ίτοι
353 4746 826 4814 κατεφθαρμένοι
859 4748 967 4800 τὸν
998 4749 1178 4808 νοῦν,
1210 4749 1482 4817 ἀδόκιμοι
1524 4751 1655 4819 περὶ
1703 4753 1799 4804 πίο

220 4848 378 4885 στιν’
421 4835 559 4887 ἀλλ’
594 4840 665 4889 οὐ
706 4838 1131 4906 προκόψουσιν
1168 4839 1264 4892 ἐπὶ
1316 4841 1560 4894 πλεῖον·
1611 4845 1646 4909 ἡ
1695 4845 1802 4912 γὰρ

219 4924 396 4977 (irata
431 4927 633 4981 αὐτῶν
660 4928 921 4997 ἔκδηλος
953 4930 1126 4984 ἕσται
1155 4930 1345 4984 πᾶσιν
1364 4971 1379 4997 ,
1406 4935 1486 4997 ὡς
1511 4934 1805 4986 κάκείνων

218 5013 478 5082 ἐγένετο.
513 5018 620 5070 Καὶ
660 5019 823 5071 πάλιν
860 5020 1123 5090 ἀλλαχόθι
1151 5037 1164 5050 ο
1220 5021 1368 5075 Θεέν
1398 5023 1804 5091 ὁμολογοῦσιν

215 5105 474 5172 εἰδέναι,
504 5108 628 5176 τοῖς
665 5110 733 5163 δὲ
763 5111 962 5181 ἔργοις
992 5114 1337 5181 ἀρνοῦνται,
1378 5115 1669 5185 ,ϐδελυροὶ
1703 5117 1801 5171 καὶ

215 5200 503 5265 ἀπειθεῖς,
527 5202 796 5271 καὶπρὸς
814 5203 938 5259 πᾶν
962 5206 1142 5276 ἔργον
1169 5209 1395 5276 ἀγαθὸν
1417 5210 1706 5276 ἀδόκιμοι.
1734 5241 1802 5250 —-

223 5291 289 5341 Ei
320 5287 389 5341 δὲ
415 5291 513 5343 καὶ
541 5295 880 5361 συγχωροίη
910 5296 1008 5348 καὶ
1035 5296 1272 5363 παρίδοι
1304 5299 1447 5364 Θεὸς
1473 5302 1804 5367 προλείψειν

214 5378 479 5445 ἀσεϐεῖς,
513 5381 611 5435 καί
637 5386 670 5437 ό
699 5386 883 5453 λόγος
915 5384 1117 5439 αὐτῶν
1141 5387 1221 5453 ὡς
1254 5387 1578 5455 γάγγραινα
1602 5388 1799 5457 νομὴν

213 5468 363 5537 ἕξει,
394 5473 491 5526 καί
518 5474 931 5543 ἀνατρέπουσι
964 5478 1078 5544 τήν
1111 5495 1291 5532 τινων
1317 5481 1558 5532 πίστιν·
1593 5483 1625 5533 ό
1653 5482 1798 5548 μέν·

214 5578 305 5617 τοι
334 5563 582 5631 στερεὸς
610 5568 881 5635 θεμέλιος
904 5567 1011 5621 τοῦ
1041 5569 1188 5622 Θεοῦ
1211 5568 1472 5638 ἕστηκεν
1501 5572 1657 5641 ἔχων
1686 5573 1800 5641 τὴν

372 5744 491 5823 cici.
525 5762 614 5823 xx,
646 5745 859 5823 ggm"
887 5744 933 5823 ||_
960 5747 1192 5823 Corum,
1232 5749 1427 5808 15,15.
1507 5751 1590 5805 "l
1626 5753 1803 5808 Tittt.l

1915 5755 1986 5821 ,2.
2030 5754 2134 5809 “ll
2170 5754 2311 5811 Tim.
2344 5771 2427 5823 tu,
2463 5756 2574 5810 1-5.

221 5809 262 5842 ιθ
303 5814 343 5869 ιι
380 5812 613 5883 Timuit,
652 5817 834 5870 16-19.
916 5819 959 5852 εν
1000 5816 1041 5868 ιι
1084 5818 1222 5872 σιω..
1257 5836 1337 5883 ιιι,
1378 5822 1457 5873 ιδ.

1908 4663 2062 4731 factis
2098 4670 2288 4732 ‘autem
2339 4669 2547 4727 negant,
2592 4656 2948 4721 detestabiles,
2991 4654 3277 4713 increduli.
3307 4658 3353 4706 et
3417 4656 3486 4705 ιιιί

1911 4752 2068 4823 165
2098 4753 2313 4820 quodvis
2340 4766 2467 4817 opus
2503 4750 2689 4801 bonum
2745 4746 3010 4814 reprobati
3043 4745 3108 4797 ⁸⁷.
3142 4774 3212 4783 —
3262 4741 3405 4796 Nam
3437 4743 3486 4797 si

1908 4846 2045 4898 Deus
2075 4844 2213 4896 sinat
2246 4841 2642 4909 dissimuletque
2676 4840 2864 4907 impios
2901 4838 3165 4907 progredi,
3203 4852 3373 4889 sermo
3397 4851 3488 4889 eo-

1907 4954 2022 4988 rum
2054 4935 2211 4988 veluti
2241 4949 2429 4986 cancer
2466 4932 2627 4985 latius
2654 4942 2842 4997 serpet,
2874 4941 2919 4982 et
2942 4930 3291 4997 quorumdam
3324 4926 3485 4994 ﬁdem

1906 5028 2188 5081 subvertet.
2228 5027 2292 5077 At
2335 5025 2546 5092 ﬁrmum
2606 5022 2700 5075 Dei
2737 5022 3141 5092 fundamentum
3198 5024 3292 5071 hoc
3325 5018 3485 5069 habet

1905 5118 2283 5188 signaculum:
2324 5115 2572 5187 Cognovit
2620 5115 2873 5167 Dominus
2916 5113 3004 5182 qui
3048 5121 3169 5166 sunt
3208 5111 3341 5179 ejus.
3376 5107 3439 5160 Et
3465 5122 3486 5165 ἰ

1906 5208 2158 5261 Discedat
2199 5206 2264 5259 ab
2311 5206 2593 5275 iniquitate
2648 5206 2816 5257 omnis
2850 5203 2939 5272 qui
2990 5202 3226 5255 nominat
3295 5210 3486 5250 nomen

1906 5300 2119 5355 Domini
2146 5299 2215 5353 ".
2250 5296 2318 5352 Et
2348 5316 2361 5351 :
2414 5296 2547 5350 Mali
2581 5308 2762 5349 autem
2813 5293 3050 5347 homines
3094 5300 3143 5345 et
3181 5292 3481 5342 sedttctores

1905 5391 2178 5460 proﬁcient
2196 5393 2248 5445 in
2276 5390 2447 5459 pejus,
2470 5399 2705 5444 errantes
2731 5397 2780 5442 et
2807 5388 2861 5440 in
2876 5400 3105 5440 errorem
3131 5384 3391 5436 mittentes
3413 5376 3481 5431 π’.

1909 5482 2151 5548 Quorum
2207 5484 2450 5537 misereri
2491 5482 2670 5536 solere
2705 5479 2897 5544 Deum,
2924 5488 2975 5532 et
3010 5470 3479 5545 longanimitatent

1908 5588 2062 5627 suam
2096 5587 2219 5644 erga
2246 5589 2341 5628 eos
2366 5572 2673 5635 ostendere,
2705 5572 2927 5633 scimus,
2960 5568 3035 5622 ita
3067 5576 3124 5620 ut
3144 5577 3267 5619 scro
3289 5561 3483 5619 saltent

2655 5758 2698 5785 η
2734 5752 2864 5808 ibid.
2893 5750 2948 5817 8,
2972 5750 3024 5804 9.
3105 5750 3146 5779 ’τ
3173 5746 3281 5805 Tu.
3310 5765 3349 5819 ι,
3382 5745 3473 5811 16,
