4130 6332
347 368 446 434 581

1281 362 1849 427 APOLOGETICUS
1899 362 2050 425 PRO
2101 362 2204 427 SS.
2248 362 2733 426 IMAGINIBUS.
3495 362 3601 427 582

345 480 425 543 ὡς
472 476 727 547 οὐδαμῶς
780 472 1298 545 μεταπιπτούσαςῆ
1350 475 1697 546 κινουμένας.
1748 473 1928 545 Πατρὶ

2051 477 2226 546 ptibus
2264 476 2691 547 distinguuntur,
2735 472 3115 544 proprietates,
3176 484 3279 523 ceu
3333 470 3602 525 desitum

357 570 455 640 μὲν
486 569 581 638 τὴν
615 565 945 634 ἀγεννησίαν
976 563 1070 617 καὶ
1099 562 1157 615 τὸ
1190 562 1366 615 αἴτιον
1405 564 1515 617 τῶν
1561 565 1620 630 ἐξ
1646 562 1808 618 αὐτοῦ
1838 562 1927 615 νέο

356 674 576 732 μοντεςο
609 655 726 726 Υἱῷ
752 656 809 708 δὲ
834 656 933 723 τὴν
957 654 1231 724 γέννησινο
1260 654 1619 723 Πνεύματιιδὲ
1648 655 1747 724 τὴν
1768 652 1932 707 ἐκπό-

356 763 563 822 ρευσιν’
604 747 700 800 καὶ
748 746 824 808 ὡς
881 746 941 810 ἐξ
979 744 1152 798 αίτίου
1197 743 1290 797 τοῦ
1331 744 1564 814 Πατρὸς,
1610 743 1672 796 τό
1708 760 1768 795 τε
1810 758 1932 810 γενο

356 842 599 912 νώμενον
651 840 746 893 καὶ
791 837 854 890 τὸ
896 837 1331 907 ἐκπορευόμενον
1378 835 1625 897 νοοῦντες
1682 833 1933 901 ὁιπαυγά·⁵

359 951 553 999 σαντα,
585 933 681 988 καὶ
713 932 788 995 ὡς
816 930 931 999 φῶς
963 930 1223 1000 ἑκάτερον
1251 930 1316 981 ἐκ
1341 921 1516 997 φωτὸς
1549 927 1811 998 προελθὸν
1832 965 1847 991 ,
1876 926 1934 979 ἓν

361 1025 731 1096 ὐπερκόσμιον
752 1020 1122 1091 τρισοφεγγὲς
1144 1019 1240 1072 καὶ
1261 1019 1538 1088 τρισήλιον
1563 1019 1697 1087 φῶς
1731 1019 1935 1088 μονάδα

358 1116 416 1168 δὲ
450 1114 609 1184 οὐσία
651 1113 749 1166 καὶ
784 1112 945 1182 φύσει
986 1109 1426 1180 προσκυνοῦντες
1450 1149 1464 1173 ,
1498 1110 1577 1171 είς
1611 1109 1670 1162 ἓν
1703 1108 1933 1179 ὐπερού-

361 1222 475 1259 σιον
503 1196 599 1257 καὶ
630 1205 905 1273 ὑπερφυὲς
936 1202 1191 1271 θεότητος
1217 1200 1350 1270 ῦψος
1379 1201 1686 1267 συνιοῦσαν,
1718 1201 1816 1271 τὴν
1842 1200 1938 1255 αὖ·

360 1297 455 1367 τὴν
483 1295 779 1365 ἀμέριστον
808 1294 905 1347 καὶ
934 1294 1309 1346 ἀδιάσπαστον
1341 1294 1444 1362 τήν
1478 1309 1536 1345 τε
1569 1292 1726 1356 δόξαν
1756 1292 1851 1345 καὶ
1878 1291 1938 1344 τὸ

363 1387 562 1457 κράτος
591 1384 961 1455 κεκτημένην·
996 1384 1055 1436 ὲν
1079 1381 1440 1452 ταυτοϐουλία
1464 1382 1558 1435 καὶ
1580 1381 1818 1451 θελήσει,
1842 1381 1939 1434 καὶ

370 1480 467 1549 μιᾷ
507 1477 740 1546 δυνάμει
780 1476 878 1529 καὶ
933 1475 1185 1545 ἐνεργείᾳ.
1232 1474 1667 1545 γνωριζομένην,
1717 1474 1812 1527 καὶ
1850 1469 1939 1528 οἷα

368 1572 583 1623 πάντων
641 1568 889 1639 βασιλίδα
951 1567 1045 1620 καὶ
1109 1567 1217 1619 τῶν
1273 1566 1410 1620 ὅλων
1466 1567 1937 1637 δεσποτεύοῳσαν,

368 1652 737 1731 παρὰ’πάσης
769 1660 870 1729 τῆς
900 1661 1102 1729 ὁρατῆς
1147 1659 1241 1711 καὶ
1281 1658 1516 1727 ἀοράτου
1564 1660 1813 1724 κτίσεως,
1865 1659 1941 1721 ὡς

367 1752 629 1823 ὁμότιμον
669 1768 727 1804 τε
765 1749 860 1805 καὶ
888 1749 1200 1819 σύνθρονον,
1233 1750 1721 1818 προσκυνουμένην
1755 1767 1812 1802 τε
1847 1749 1942 1801 καὶ

2035 584 2313 633 nunquam
2348 567 2429 621 vel
2465 567 2830 621 mobilitatem
2862 578 3120 633 passmas
3157 581 3169 616 :
3214 561 3359 615 Patri
3379 561 3600 631 quidem

2033 650 2430 714 iuuativitatetu
2469 669 2521 713 et
2543 672 2728 713 eorum
2754 657 2843 724 qui
2873 670 2937 707 ex
2970 656 3086 722 ipso
3117 663 3243 708 sunt
3303 651 3599 708 causalita-

2036 760 2143 804 tem
2169 768 2181 803 :
2206 749 2345 803 Filio
2378 749 2751 803 nativitatem:
2789 747 3016 816 Spiritui
3052 744 3501 813 processionem:
3541 750 3598 796 et

2033 857 2097 895 ex
2131 842 2289 895 Patre
2315 851 2568 909 tauquam
2596 854 2787 903 causa,
2824 848 2934 892 tum
2965 839 3204 906 genitum
3258 845 3370 889 tum
3415 848 3607 904 proce-

2037 934 2250 986 dentem
2272 930 2558 985 credentes
2580 928 3011 997 exsp‘euduisse,
3033 935 3325 985 utrumque
3347 933 3406 978 ut
3427 923 3606 976 lumen

2035 1024 2101 1078 de
2118 1024 2347 1087 lumine;
2368 1037 2554 1086 unum,
2579 1017 3039 1087 supermuudiale,
3064 1016 3352 1084 tripliciter
3380 1013 3605 1069 radiatus

2039 1132 2102 1170 ac
2133 1116 2322 1185 triplex
2357 1114 2535 1168 solare
2572 1113 2774 1166 lumen.
2811 1111 3088 1166 Unitatem
3122 1117 3303 1163 autem
3340 1109 3601 1171 substan—

2041 1208 2129 1260 tiae
2159 1208 2473 1273 naturte'que
2521 1203 2837 1264 adorantes,
2883 1200 2934 1252 in
2976 1215 3139 1252 unam
3186 1197 3613 1266 supersubstan-

2041 1297 2221 1350 tialem
2248 1292 2828 1364 superqnenaturaletu
2852 1288 3238 1343 sublimitatem
3270 1293 3610 1353 congestam.

2039 1388 2337 1455 eademque
2364 1386 2589 1439 indivisa
2617 1392 2672 1436 et
2696 1381 3042 1450 iuseparabili
3060 1379 3229 1449 gloria
3257 1375 3612 1444 potentiaque

2041 1480 2309 1534 fruentem
2340 1495 2354 1531 :
2381 1478 2432 1530 in
2483 1490 2588 1545 qua
2626 1476 2765 1528 idem
2806 1473 3118 1534 consilium,
3153 1470 3313 1523 unica
3341 1468 3612 1527 voluntas,

2039 1575 2121 1627 vis
2143 1584 2197 1626 et
2236 1572 2484 1639 operatio
2518 1570 2673 1640 unica
2716 1568 3069 1638 agnosoitnr:
3122 1575 3352 1633 qna-que
3405 1567 3464 1610 ut
3498 1571 3616 1609 om-

2040 1664 2184 1717 nium
2227 1664 2408 1729 regina
2434 1672 2488 1712 et
2525 1657 2848 1712 univerSaIis
2873 1655 3110 1716 domina,
3150 1653 3218 1705 ab
3247 1649 3390 1703 omni
3418 1645 3616 1701 visibili

2043 1752 2411 1821 invisibilique
2438 1760 2653 1815 natura,
2684 1756 2739 1802 ut
2760 1748 2873 1817 pari
2902 1748 3108 1800 honore
3132 1739 3615 1809 throooquedigua

366 1821 790 1914 λατρευομένην·
822 1842 949 1909 μίαν
973 1841 1070 1911 μὲν
1093 1838 1201 1908 γὰρ
1224 1841 1281 1890 ἐν
1311 1843 1422 1902 τοῖς
1451 1841 1601 1911 τρισὶ
1628 1840 1942 1910 θεωροῦμεν

2051 1845 2303 1896 atloralur
2346 1851 2401 1895 et
2436 1841 2581 1893 cultu
2649 1842 2966 1891 honoratur.
3020 1833 3215 1896 Unam,
3267 1833 3509 1899 inquam,
3565 1826 3617 1878 iu

367 1936 618 2004 θεότητα,
646 1934 724 2004 τῷ
760 1932 942 2002 ταυτῷ
971 1932 1068 2000 τῆς
1101 1930 1292 1994 οὐσίας
1324 1932 1668 2002 ὲνιζομένην,
1699 1934 1849 2001 τρεῖς
1886 1931 1942 1984 δὲ

368 2027 699 2086 ὑποστάσεις
741 2025 801 2076 ὲν
824 2027 891 2094 τῇ
922 2025 1021 2093 μιᾷ
1050 2022 1267 2091 θεότητι
1285 2061 1301 2084 ,
1326 2022 1407 2093 τῷ
1431 2023 1657 2093 ἑτεροίῳ
1683 2024 1787 2074 τῶν
1813 2022 1945 2093 περὶ

368 2117 606 2186 ἑκάστην
644 2112 1069 2184 ἐνυπαρχουσῶν
1102 2112 1416 2183 ἰδιοτήτων,
1450 2113 1764 2182 ἀμερίστως
1808 2112 1946 2165 διαισ-

372 2206 661 2281 ρουμένας·
696 2204 820 2258 οὐτε
851 2205 940 2256 τὸν
978 2202 1108 2256 Υίὸν
1136 2202 1236 2271 τῆς
1266 2200 1362 2254 τοῦ
1391 2204 1688 2271 ἀγεννήτου
1734 2201 1947 2272 Πατρὺς

369 2302 558 2363 οὐσίας
620 2295 1031 2368 ἀλλοτριοῦντες
1085 2294 1174 2349 διὰ
1218 2294 1316 2365 τὴν
1371 2295 1655 2362 γέννησιν,
1712 2292 1837 2346 οὐτε
1886 2293 1948 2346 τὸ

373 2389 602 2461 Πνεῦμα
640 2388 852 2456 Πατρὺς
888 2384 984 2439 καὶ
1013 2384 1144 2438 Υίοῦ
1173 2384 1261 2438 διὰ
1299 2383 1399 2455 τὴν
1426 2386 1782 2453 ὲκπόρευσιν,
1824 2382 1948 2438 οὔτε
1992 2423 1999 2427 ς

375 2479 636 2551 σύγχυσιν
681 2477 880 2539 εἰδότες
920 2477 1010 2530 διὰ
1046 2476 1108 2529 τὸ
1145 2477 1344 2529 ἑνιαῖον
1385 2475 1485 2545 τῆς
1532 2475 1810 2544 συμφυΐας
1854 2475 1949 2529 καὶ

373 2574 647 2641 ἄτμητον,
679 2568 794 2623 ἀλλ’
822 2569 880 2620 ὲν
908 2570 975 2638 τῇ
1014 2566 1272 2637 κοινωνίᾳ
1311 2566 1414 2635 τῆς
1443 2564 1659 2635 φύσεως
1684 2567 1745 2618 τὸ
1769 2565 1952 2619 διακε-

373 2661 636 2735 κριμένον
662 2659 911 2723 ἑνοῦντες
949 2658 1044 2711 τοῦ
1075 2656 1374 2721 ίδιάζοντος
1396 2673 1409 2687 ο
1447 2674 1466 2707 ι
1509 2660 1813 2727 Διαιρεῖται
1839 2659 1950 2730 γάρ

374 2751 722 2821 ἀδιαιρέτως,
754 2749 852 2803 καὶ
881 2749 1211 2802 συνάπτεται
1254 2746 1623 2820 διῃρημένους·
1664 2746 1724 2801 ἐν
1756 2751 1864 2820 γὰρ
1891 2752 1951 2803 ὲν

374 2841 556 2912 τρισὶν
582 2842 615 2911 ή
640 2839 852 2908 θεότης,
886 2838 983 2891 καὶ
1012 2839 1082 2891 τὰ
1115 2838 1242 2908 τρία
1264 2837 1344 2891 ἐν·
1380 2838 1449 2891 τά
1472 2839 1530 2890 ἐν
1564 2834 1645 2899 οἷς
1667 2841 1699 2906 ἡ
1734 2839 1948 2911 θεότης,

374 2932 410 3004 ἢ
452 2931 514 2985 τό
546 2947 609 2999 γε
649 2928 1039 2999 ἀκριϐέστερον
1078 2928 1274 2992 εἰπεῖν,
1305 2926 1343 2980 ἃ.
1372 2929 1406 2997 ἡ
1448 2927 1659 3000 θεότης.
1715 2948 1734 2982 ι
1791 2931 1951 2985 Καθά

378 3018 884 3093 μεμυσταγὼγηκεν
926 3019 1076 3089 ἡμᾶς
1111 3016 1221 3070 τῶν
1258 3016 1525 3085 θεολόγων
1566 3020 1595 3071 ό
1633 3021 1948 3092 κράτιστος.

449 3203 589 3258 Θεὸν
618 3197 712 3279 οὖν
744 3200 837 3255 τὸν
871 3200 1096 3271 Πατέρα
1117 3201 1371 3273 σέϐομεν,
1400 3203 1460 3270 ἐξ
1500 3199 1564 3259 οὗ
1584 3205 1653 3259 τά
1686 3204 1866 3259 πάντα
1887 3205 1952 3257 ἐκ

382 3294 457 3366 μὴ
476 3296 642 3350 ὄντων
667 3293 947 3364 παρῆκται
982 3293 1122 3363 πρὸς
1180 3293 1416 3366 ὕπαρξιν
1440 3312 1455 3327 ·
1512 3294 1646 3349 Θεὸν
1690 3295 1783 3348 τὸν
1814 3294 1947 3348 Υίὸν

378 3384 693 3462 δοξάζομεν,
728 3384 795 3439 δι’
826 3378 888 3438 οὗ
922 3385 993 3438 τά
1017 3386 1196 3440 πάντα
1223 3386 1535 3456 γεγένηται,
1560 3387 1655 3440 καὶ
1694 3388 1831 3458 πρὸς
1858 3388 1951 3439 οὐ-

383 3472 545 3544 σιώδη
584 3474 847 3545 διαμονὴν
899 3472 1264 3538 διασώζεταιο
1319 3475 1454 3529 Θεὸν
1502 3476 1565 3530 τὸ
1613 3476 1840 3547 Πνεῦμα
1889 3475 1952 3529 τὸ

383 3558 537 3634 ἅγιον
569 3565 1007 3637 προσκυνοῦμεν,
1042 3569 1100 3620 ὲν
1126 3561 1171 3635 ᾧ
1195 3566 1263 3621 τά
1290 3568 1418 3639 τρία
1439 3568 1713 3633 σέϐοντες,
1747 3569 1847 3621 οὐκ
1873 3570 1954 3632 είς

341 3685 345 3689 ν
383 3660 532 3727 τρεῖς
557 3655 712 3719 θεοὺς
742 3656 839 3727 τὴν
875 3658 1003 3727 μίαν
1034 3657 1339 3720 διιστάντες
1375 3657 1630 3728 θεότητα,
1661 3659 1726 3711 ἵν’
1768 3658 1955 3712 ἐκκλί-

392 3761 568 3817 νωμεν
600 3748 698 3818 τῆς
725 3747 989 3818 τριθεῖας,
1028 3747 1302 3818 μᾶλλονδὲ
1327 3749 1642 3815 πολυθεῖας,
1674 3749 1737 3802 τὸ
1778 3750 1952 3803 ἀθεώ-

390 3853 551 3891 τατον
573 3853 587 3868 ·
618 3838 711 3890 καὶ
729 3837 935 3892 τέλειον
968 3836 1174 3891 τούτων
1201 3837 1432 3893 ἕκαστον
1462 3837 1809 3909 ἐπιστάμεθα
1835 3855 1850 3870 ο
1892 3839 1955 3891 οὐ

386 3928 496 3997 γάρ
511 3928 574 3980 ὲκ
595 3926 762 3999 τριῶν
785 3928 992 3982 ἀτελῶν
1012 3928 1072 3983 ἓν
1090 3946 1143 3982 τι
1166 3928 1541 4001 ὁμολογοῦμεν
1567 3929 1774 3983 τέλειον
1794 3944 1807 3957 ·
1841 3929 1956 3982 ἀλλ’

383 4022 450 4074 ἐκ
482 4020 653 4092 τριῶν
685 4020 932 4086 τελείων,
953 4020 1010 4076 ἓν
1037 4021 1334 4091 ὐπερτελὲς
1365 4025 1462 4076 καὶ
1500 4021 1835 4092 προτέλειον,
1883 4021 1960 4086 ὡς

382 4118 418 4185 η
476 4112 586 4166 τῶν
643 4111 966 4184 θεομυστῶν
1017 4114 1281 4186 Πατέρων
1329 4116 1633 4184 εἰσηγεῖται
1687 4114 1956 4182 θεολογία.

386 4204 525 4258 οὔτε
554 4200 650 4259 οὖν
686 4206 785 4266 τὰς
829 4205 1162 4268 ὑποστάσεις
1205 4204 1281 4269 ὡς
1331 4205 1523 4277 φύσεις
1569 4206 1836 4276 ὲκφύλους
1867 4208 1963 4261 καὶ

384 4298 701 4368 διαφόρους,
735 4296 1095 4367 άνισότησίτε
1131 4297 1222 4349 καὶ
1253 4298 1642 4369 ἀνωμαλότησι
1671 4299 1963 4369 τέμνοντες

388 4378 870 4460 προχειριζόμεθα,
903 4389 1038 4443 ἀλλά
1065 4389 1382 4461 διαιροῦμεν
1403 4389 1481 4461 τῷ
1512 4390 1655 4460 λόγῳ
1686 4391 1794 4443 τῶν
1827 4390 1958 4444 ίδιο-

2048 1934 2222 1987 tribus
2254 1939 2564 2000 spectamus
2599 1931 2876 1989 deitatem,
2909 1926 3098 1979 eadem
3146 1920 3449 1977 substantia
3500 1919 3623 1971 uni—

2049 2036 2194 2091 taut;
2225 2036 2336 2078 tres
2374 2038 2503 2076 vero
2535 2035 2791 2088 personas
2823 2018 2875 2072 iu
2908 2032 3012 2070 una
3038 2018 3258 2078 deitate,
3304 2029 3424 2082 qua:
3454 2010 3623 2064 iubam

2050 2116 2284 2170 reutium
2315 2113 2545 2181 singulis
2580 2112 2972 2177 proprietatum
3029 2105 3346 2159 diversitate
3379 2102 3499 2156 sine
3540 2100 3622 2155 di-

2050 2206 2260 2257 visione
2292 2202 2721 2269 distiuguuntur.
2775 2196 2962 2264 Neque
3012 2194 3208 2247 Filium
3260 2196 3334 2269 ab
3393 2191 3624 2258 ittgettiti

2050 2294 2224 2346 Patris
2252 2290 2552 2345 attbstautia
2583 2286 2882 2340 alienantes
2909 2294 3133 2352 propter
3178 2264 3621 2352 generationem;

2052 2401 2226 2452 neque
2257 2383 2523 2452 Spiritum
2575 2395 2603 2432 a
2650 2377 2812 2431 Patre
2843 2375 3091 2442 Filioque
3141 2382 3361 2443 propter
3395 2385 3620 2441 proces-

2053 2477 2258 2530 siouem
2297 2491 2311 2526 :
2351 2485 2526 2541 neque
2572 2467 2950 2524 confusionem
3001 2466 3353 2519 admittentes
3399 2469 3621 2531 propter

2053 2568 2317 2620 unitatem
2351 2561 2948 2635 indivisibilitatemque
2984 2569 3209 2616 naturae,
3240 2558 3335 2611 sed
3362 2556 3414 2609 in
3469 2569 3623 2608 com-

2054 2657 2306 2710 munione
2337 2652 2651 2715 uaturae,-id
2692 2650 2838 2720 quod
2859 2650 2911 2703 in
2941 2663 3269 2718 unoquoque
3294 2648 3613 2701 distinctum

2052 2758 2155 2811 est,
2185 2745 2581 2815 coniungimus.
2635 2761 2655 2794 ι
2700 2741 3060 2811 Distinguitur
3103 2741 3245 2793 enim
3284 2740 3627 2804 indistincte,

2052 2850 2107 2894 et
2141 2839 2489 2909 eonjungitur
2533 2835 2812 2890 distincte.
2871 2830 2986 2887 Una
3027 2832 3171 2886 enim
3208 2831 3260 2885 in
3334 2831 3506 2884 tribus
3544 2841 3630 2884 est

2051 2932 2248 2994 deitas,
2301 2940 2356 2984 et
2397 2938 2509 2983 tres
2548 2936 2678 2983 sunt
2729 2940 2928 2988 unum,
2965 2925 3018 2979 id
3059 2938 3253 2993 nempe
3297 2924 3487 2991 inquo
3538 2936 3627 2977 est

2054 3028 2257 3092 deitas;
2294 3023 2378 3080 vel
2407 3031 2465 3077 ut
2495 3021 2805 3076 accuratius
2833 3020 3030 3083 dicam,
3068 3033 3187 3088 quin
3210 3026 3334 3070 sunt
3365 3018 3560 3071 deitas.
3603 3035 3621 3067 ι

1980 3142 2024 3201 ρ
2056 3119 2135 3172 lta
2160 3119 2305 3171 enim
2348 3132 2446 3169 nus
2480 3115 2721 3183 optimus
2756 3111 3132 3179 theologorum
3164 3109 3381 3163 edocuit
3408 3109 3547 3180 (45).

2128 3209 2294 3262 Deum
2329 3207 2509 3276 itaque
2564 3203 2785 3258 Patrem
2821 3201 3073 3263 colimus,
3113 3215 3143 3254 ι
3179 3216 3287 3269 quo
3331 3201 3511 3254 omnia
3562 3215 3630 3254 es

2057 3301 2227 3355 nihilo
2257 3301 2321 3351 ad
2346 3298 2719 3353 exsisteudum
2760 3295 3024 3364 producta
3053 3306 3203 3348 sunt.
3228 3293 3397 3347 Deum
3435 3292 3631 3348 Filium

2054 3389 2445 3461 gloriﬁcamus,
2471 3402 2567 3456 per
2598 3401 2759 3454 quem
2797 3384 2979 3438 omnia
3019 3384 3161 3437 facta
3187 3394 3336 3444 sunt,
3364 3394 3416 3437 et
3446 3399 3632 3437 eorum

2054 3478 2426 3534 substantialis
2471 3476 2744 3531 stabilitas
2812 3486 3194 3530 conservatur.
3250 3474 3420 3529 Deum
3497 3480 3625 3529 item

2053 3569 2315 3640 Spiritum
2356 3577 2603 3623 sanctum
2640 3582 2987 3621 veneramur.
3023 3566 3086 3619 Et
3122 3567 3247 3631 dum
3301 3576 3413 3620 tres
3465 3582 3632 3619 vene.

2054 3677 2259 3725 rantur,
2289 3676 2391 3713 non
2429 3660 2482 3713 in
2511 3671 2619 3713 tres
2653 3660 2784 3713 deos
2840 3654 3095 3713 deitatem
3144 3658 3539 3724 discernimus;
3575 3668 3635 3710 ut

2057 3753 2422 3807 tritbeismum
2459 3751 2749 3817 videlicet,
2784 3766 2877 3804 seu
2920 3750 3098 3820 potius
3151 3750 3313 3821 168
3370 3750 3636 3821 polylhci-

2060 3859 2261 3910 smum,
2315 3857 2434 3912 qua!
2492 3858 2581 3896 res
2641 3841 3107 3910 irreligiosissiuta
3163 3842 3320 3901 foret,
3378 3844 3633 3894 vitemus.

2058 3940 2235 4005 Atque
2277 3950 2719 4004 uutnuquemque
2741 3951 2805 3987 ex
2830 3937 2911 3987 bis
2942 3935 3243 4003 perfectum
3266 3946 3385 3986 esse
3409 3935 3521 3988 St'iu
3547 3949 3635 3987 υς.

2060 4028 2165 4083 Sed
2209 4045 2271 4083 ex
2326 4030 2497 4083 tribus
2547 4027 2806 4096 perfectis
2865 4042 3027 4079 unum
3081 4024 3545 4096 supcrpetfcctutn
3584 4037 3639 4080 et

2060 4119 2469 4190 prmperl‘ectutn
2503 4119 2581 4183 ﬁt,
2622 4119 3178 4188 uttbeotnysticornm
3228 4116 3451 4170 Patrum
3486 4118 3638 4170 tlteo-

2061 4213 2198 4282 logia
2228 4214 2382 4266 docet
2414 4210 2548 4282 (44).
2575 4209 2761 4279 Neque
2793 4225 2922 4278 ergo
2962 4210 3299 4280 bypostases,
3355 4214 3506 4278 quasi
3551 4228 3638 4265 es-

2063 4314 2181 4360 seut
2214 4316 2420 4358 natura:
2448 4311 2720 4358 extranea:
2772 4300 3209 4371 diﬁiwentesque,
3268 4303 3633 4372 itueqnalitato

2065 4404 2120 4452 et
2154 4395 2589 4451 dissimilitudine
2622 4393 2922 4449 dividentes
2973 4396 3241 4459 sistimus,
3294 4398 3385 4448 sed
3429 4397 3637 4449 ratione

386 4485 583 4552 τήτων,
616 4482 754 4553 πρὸς
787 4483 885 4552 τὴν
915 4483 1077 4537 ἑνάδα
1110 4484 1211 4552 τῆς
1240 4483 1429 4547 οὐσίας
1478 4485 1865 4549 συνάπτοντες,
1899 4484 1950 4537 τὲ

2068 4492 2459 4562 proprietatum
2510 4490 2912 4557 distinguimus,
2966 4489 3019 4541 itt
3056 4490 3264 4543 unitate
3319 4488 3640 4543 solistautia:

387 4574 730 4643 ὑπερϐάλλον
766 4576 825 4629 ὲν
853 4575 1120 4646 τούτοιςῆ
1160 4575 1649 4646 μειονεκτούμενον
1703 4577 1961 4645 ἀποπεμη

389 4666 636 4735 πόμενοι.
672 4666 747 4719 Τὸ
796 4668 907 4736 γάρ
941 4668 1127 4738 μεῖζον
1176 4667 1209 4739 ἢ
1268 4668 1492 4721 ἔλαττον
1539 4666 1727 4739 ὥσπερ
1781 4670 1838 4720 ὲν
1892 4670 1959 4738 τῇ

385 4755 548 4826 οὐσίᾳ
579 4757 861 4828 θεωρῆσαι
891 4757 991 4811 οὐκ
1021 4757 1161 4820 ἐνὸν,
1195 4758 1316 4811 οὐδὲ
1365 4760 1426 4811 ὲν
1476 4762 1540 4829 τῇ
1577 4758 1768 4831 Τριάδι
1822 4760 1964 4813 κατά

388 4845 486 4917 τὴν
522 4848 710 4901 οὐσίαν
737 4847 893 4920 ἢτὴν
925 4848 1177 4919 θεότητα,
1216 4849 1305 4902 ἵνα
1328 4848 1427 4918 τὴν
1470 4849 1813 4920 Ἀρειανικὴν
1844 4849 1966 4902 λῦσε

391 4954 514 5002 σαν,
539 4939 600 5005 ἐξ
628 4934 695 5010 ἦς
718 4941 814 4993 καὶ
848 4940 983 5010 πρὸς
1012 4942 1080 5011 ἣν
1110 4942 1246 5012 ἡμῖν
1294 4942 1323 4994 ό
1350 4940 1445 4994 νῦν
1494 4942 1751 5011 πόλεμος,
1790 4958 1962 4996 κατα-

395 5029 699 5100 σϐέσωμεν
736 5030 862 5085 οὔτε
896 5034 1003 5104 μὴν
1036 5034 1118 5096 είς
1159 5033 1289 5103 μίαν
1312 5032 1614 5087 ὑπόστασιν
1637 5033 1964 5103 συγχέοντες

393 5116 430 5187 ἦ
479 5119 911 5191 συναλείφοντες,
950 5122 1098 5177 ἀλλά
1147 5124 1464 5195 προσώποις
1525 5114 1810 5194 ὐφεστῶσῖ
1864 5126 1960 5178 καὶ

396 5209 685 5281 πράγμασι
715 5215 810 5267 καὶ
837 5215 1068 5285 ὀνόμασι
1102 5216 1163 5269 τὸ
1223 5216 1553 5288 διῃρημένον
1603 5217 1967 5287 συνημμένως

393 5301 539 5356 κατὰ
564 5303 663 5375 τὴν
692 5306 878 5362 οὐσίαν
910 5307 1281 5382 εἰσφέροντες,
1342 5309 1428 5363 ἵνα
1454 5308 1553 5380 τὴν
1596 5308 1965 5378 Σαϐελλιανὴν

395 5394 596 5464 μανίαν
637 5397 1157 5471 ἐξαμαυρώσωμεν·
1219 5403 1289 5453 τά
1350 5401 1608 5455 ἀντίθετα
1659 5401 1809 5455 κακὰ
1867 5402 1962 5453 καὶ

425 5619 434 5631 ,
464 5548 575 5631 με)
604 5552 849 5631 Intelligo
877 5554 1277 5631 Naziansetttttu
1306 5595 1321 5619 ,
1352 5570 1458 5625 quo
1506 5571 1664 5631 nemo
1700 5556 1951 5631 subtilius

391 5622 662 5690 simulque
698 5622 977 5692 copiosius
1001 5627 1185 5680 multis
1214 5626 1265 5678 in
1295 5622 1639 5681 sermonibus
1670 5631 1737 5679 de
1770 5625 1955 5679 Trini-

392 5698 503 5744 tate
541 5694 815 5748 disseruit.
852 5694 996 5749 Idem
1027 5705 1165 5750 orat.
1200 5696 1288 5762 53,
1326 5713 1379 5751 u.
1409 5696 1497 5752 16.
1539 5698 1638 5750 SS.
1670 5696 1957 5749 Trinitatis

394 5771 654 5825 personas
698 5762 828 5818 dicit
862 5762 1082 5835 ἀριθμῷ
1123 5765 1431 5837 διαιρετὰς,
1464 5767 1558 5820 καὶ
1586 5767 1648 5819 οὐ
1678 5766 1956 5836 διαϊρετάς

2062 4581 2402 4649 copulemus,
2436 4580 2566 4634 nihil
2606 4582 2658 4634 itt
2706 4581 2789 4635 Itis
2827 4580 3001 4649 ιιιοῇιιε
3063 4580 3305 4634 minusve
3336 4595 3457 4633 esse
3514 4595 3637 4633 cre-

2064 4674 2275 4727 dentes.
2307 4670 2443 4724 Natu
2474 4670 2645 4740 majus
2680 4680 2771 4723 aut
2821 4672 2999 4724 minus
3041 4672 3180 4723 sicut
3225 4671 3277 4724 in
3327 4671 3636 4725 substantia

2066 4766 2247 4819 videre
2284 4780 2386 4818 non
2421 4764 2566 4828 licet,
2605 4763 2678 4816 ita
2718 4777 2784 4815 ne
2819 4763 2872 4815 in
2923 4761 3193 4816 Triuitate
3225 4763 3441 4831 quidem
3496 4764 3639 4833 quod

2066 4856 2256 4908 attinet
2296 4854 2361 4908 ad
2411 4852 2771 4908 substantiam
2806 4869 2899 4906 seu
2927 4852 3299 4917 divinitatem;
3330 4855 3472 4921 quod
3506 4854 3641 4906 dit-i-

2068 4960 2188 4999 mus
2217 4954 2274 4997 ιιι
2309 4946 2567 4998 Arianam
2601 4945 2897 5023 vesaniam,
2931 4960 2993 4997 ex
3033 4959 3139 5011 qua
3160 4956 3209 4996 et
3247 4955 3435 4999 contra
3465 4959 3626 5013 quam

2070 5038 2223 5091 nobis
2254 5036 2448 5091 bellum
2477 5045 2579 5100 est,
2607 5036 3031 5105 exstinguamus.
3065 5037 3249 5104 Neque
3277 5036 3330 5088 itt
3364 5051 3525 5089 uuam
3546 5035 3642 5106 hy-
3716 5100 3725 5109 ν

2068 5125 2328 5195 postasitu
2365 5124 2741 5179 contundimus
2770 5135 2862 5177 aut
2919 5126 3355 5186 eotnmiscemus.
3391 5125 3483 5178 sed
3515 5140 3639 5192 pcr-

2069 5217 2222 5272 sonis
2257 5216 2704 5278 subsistentibus,
2759 5218 3030 5285 rebusque
3070 5231 3133 5271 ac
3173 5218 3501 5280 nominibus,
3540 5218 3641 5269 dis-

2073 5308 2387 5362 tinctionem
2423 5307 2476 5360 iu
2506 5308 2815 5362 substantia
2853 5310 3156 5376 copulatam
3198 5307 3547 5371 allii-mannis,
3586 5317 3643 5360 ut

2070 5400 2435 5453 Sabelliauum
2475 5415 2715 5454 errorem
2747 5400 3044 5454 deleamus.
3097 5397 3399 5468 Utrumque
3428 5399 3639 5453 scilicet

2058 5554 2271 5624 θεότητι
2293 5573 2307 5587 ο
2336 5572 2552 5610 numero
2585 5559 2884 5623 distinctus,
2918 5558 3189 5611 divinitate
3222 5574 3324 5612 non
3357 5558 3500 5609 item.

2098 5695 2108 5706 .
2139 5626 2258 5706 (44)Δ
2294 5626 2626 5706 Ὑπερτελὴς
2652 5639 2705 5680 et
2728 5628 3043 5706 προτέλειος
3070 5629 3209 5696 apud
3231 5629 3643 5706 «ἤνοπι-ζήσεις-

2066 5698 2427 5819 ssiu’ntlitreup.
2468 5698 2540 5750 De
2561 5699 2669 5773 tlt't'.
2693 5716 2830 5752 nom.
2863 5713 2923 5762 II,
2958 5698 3039 5761 l0,
3065 5715 3186 5751 cum
3211 5700 3387 5751 Sancti
3424 5698 3639 5753 Masmi

2112 5787 2134 5817 t'
2160 5783 2213 5821 tu
2242 5782 2322 5820 iis.

2112 5787 2322 5820 ι’Πυιιίδ.
