4130 6332
602 354 706 418 579

1621 348 1681 407 S.
1722 342 2139 407 NICEPHORI
2180 343 2683 405 ΡΑΤΒΙΑΗΕΗΞ
2721 344 2830 405 CP.

3755 350 3863 414 580

605 466 835 520 invisum
855 463 1060 518 crimen
1085 462 1388 531 imponunt.
1410 455 1699 525 Obstupuit
1728 452 1927 531 adhaec
1954 452 2171 514 malum,

2286 448 2486 514 irruat,
2524 451 2584 503 τὸ
2632 450 2805 520 μῦσος
2845 451 3273 522 δπιγρεὶφονταιο
3324 454 3514 526 ὶξέστη
3554 458 3581 510 δ
3625 458 3857 529 οὐρανῷ

605 566 661 609 et
699 565 841 608 terra
866 554 1215 608 vehementer
1245 547 1544 604 cohorruit.
1590 546 1722 612 Quis
1758 547 1902 598 cutim
1933 545 2045 597 haec
2078 556 2172 611 pa-

610 647 809 701 tienter
860 643 1082 698 audiat?
1124 641 1310 697 Utrum
1361 637 1711 704 blasphemiae
1744 634 2169 705 magnitudinem

610 738 1013 807 perhorrescat,
1049 747 1116 787 an
1161 730 1407 785 stultitia:
1445 727 1772 783 excessum?
1809 725 1926 779 Non
1964 724 2173 778 baben-

610 837 695 880 tes
728 840 855 878 vero
884 823 1027 877 unde
1082 821 1416 891 impietatem
1467 827 1671 872 tantam
1723 816 2172 880 mendaciumque

608 915 946 972 confirment.
1030 914 1096 967 ad
1176 913 1446 982 quoddam
1504 910 1807 980 irreligiose
1871 917 1927 962 et
1981 916 2171 961 contra

607 1020 822 1058 omnem
872 1004 1190 1058 canonicam
1246 1000 1483 1069 regulum
1527 1011 1913 1069 congregatum
1968 1001 2036 1051 ah
2083 998 2175 1051 illo

608 1095 994 1165 (Copronymo)
1023 1095 1257 1149 invisum
1298 1093 1409 1148 Deo
1448 1090 1841 1162 profanumque
1862 1090 2173 1161 synedrium

607 1188 924 1257 confugiunt
952 1205 966 1251 ;
998 1184 1179 1241 simile
1204 1185 1334 1255 quid
1391 1184 1655 1238 facientes
1695 1184 1836 1254 quod
1876 1184 2003 1236 olim
2029 1194 2176 1237 vete-

608 1292 695 1333 res
728 1278 969 1331 nonnulli
998 1276 1224 1341 ethnici,
1257 1274 1419 1330 eﬂ'ato
1457 1275 1534 1329 illi
1566 1272 1690 1343 Ipse
1724 1274 1860 1327 dixit
1893 1273 2176 1328 adllatren-

610 1378 690 1425 tes
733 1369 835 1423 hoc
865 1369 1087 1422 honoris
1122 1383 1295 1435 genus
1333 1369 1597 1437 magistro
1650 1367 1974 1419 tribuentes.
2022 1362 2176 1416 lianc

609 1459 879 1528 appellare
929 1457 1192 1527 synodum
1242 1457 1388 1508 stulti
1432 1471 1534 1510 non
1581 1455 1913 1508 erubescunt
1976 1472 1989 1506 :
2057 1467 2177 1521 quze

608 1556 758 1600 certe
788 1545 833 1599 si
860 1546 930 1597 ita
979 1545 1298 1613 appellanda
1329 1553 1434 1604 est.
1478 1546 1760 1597 audiamus
1787 1544 1916 1612 quid
1959 1544 2025 1597 de
2060 1543 2174 1612 ipsa

612 1639 871 1706 propheta
905 1635 1049 1689 dicat
1081 1653 1095 1688 :
1126 1633 1369 1707 Synoilus
1400 1638 1908 1702 praevaricatorum;
1945 1636 2181 1689 intende-

610 1735 734 1777 runt
771 1726 1002 1793 linguam
1030 1742 1180 1777 suam
1236 1736 1289 1779 ut
1354 1742 1538 1778 arvum
1561 1768 1576 1790 ,
1631 1726 1964 1779 mendacium
1996 1736 2041 1779 et
2072 1742 2177 1779 non

610 1816 742 1882 ﬁdes
769 1816 1041 1884 prwraluit
1087 1816 1140 1867 in
1176 1817 1399 1870 terra“.
1426 1815 1697 1870 Festivius
1736 1826 1918 1869 autem
1949 1817 2089 1871 hanc
2133 1816 2176 1870 si

611 1905 734 1970 quis
781 1913 1119 1970 nuncuparet
1172 1904 1644 1974 thtrosynmlum,
1715 1904 1856 1959 haud
1926 1905 2181 1961 indecore

613 1994 813 2048 faceret
869 2003 1089 2062 propter
1154 2003 1483 2048 stereorcum
1530 1996 1882 2050 convoeautis
1939 1997 2179 2050 studium

613 2084 948 2154 multumque
1013 2086 1084 2138 ibi
1152 2085 1438 2140 collectum
1497 2088 1792 2141 stultorum
1861 2102 2176 2144 sermonum

612 2178 857 2242 fetorem,
894 2176 1115 2231 multam
1145 2193 1360 2247 quoque
1387 2180 1621 2249 superbe
1655 2179 1966 2250 loquentem
2006 2181 2184 2234 medi-

614 2276 923 2339 tantemque
987 2271 1349 2337 iniquitatem,
1409 2286 1531 2341 qua:
1588 2287 1921 2342 magnopere
1988 2282 2181 2328 contra

611 2358 887 2430 Uoigeniti
944 2360 1170 2429 gloriam
1215 2361 1489 2414 allau'avit
1517 2378 1533 2425 ;
1567 2361 1764 2430 quibus
1800 2363 1981 2432 pejora
2012 2364 2184 2417 male-

610 2451 779 2516 dicta,
827 2470 891 2515 pe
936 2452 981 2505 is
1013 2453 1245 2521 quidem,
1291 2454 1385 2521 qui
1452 2453 1665 2507 illorum
1723 2471 1822 2511 ore
1862 2456 2184 2525 loquebatur

615 2541 875 2608 Satanas,
893 2555 1143 2598 eructare
1163 2545 1419 2607 auderet;
1447 2547 1646 2600 etenim
1678 2547 1971 2616 plurimum
1997 2547 2186 2603 Eccle-

614 2634 707 2685 siae
740 2632 1079 2701 dogmatibus
1139 2643 1195 2687 et
1230 2634 1505 2703 mysteriis
1541 2635 1697 2705 167
1743 2638 1947 2692 nostris
1975 2647 2188 2691 contra-

614 2723 817 2777 dictum
844 2722 963 2780 fuit.
1008 2722 1191 2777 Nihilo
1240 2734 1419 2778 tamen
1469 2728 1650 2779 minus
1680 2727 1781 2782 hoc
1821 2729 2084 2796 impietati
2130 2737 2187 2783 et

618 2814 899 2868 mendacio
934 2812 1120 2866 favens
1175 2812 1620 2878 conciliabulum,
1662 2815 1901 2885 synodus
1953 2818 2021 2868 ab
2052 2814 2186 2882 ipsis

616 2913 958 2974 nuncupatur
994 2902 1189 2971 :eujus
1243 2918 1462 2959 cmuosa
1510 2903 1733 2959 decreta
1765 2904 2182 2974 amplectentes,

614 2998 987 3066 doctrinaque
1031 2996 1396 3065 corruptelam
1440 3007 1754 3066 sequentes,
1800 3013 1948 3067 pura:
1989 3007 2187 3053 nostra:

2275 543 2367 621 επὶ
2398 543 2594 613 τούτῳ,
2631 544 2724 595 καὶ
2752 544 2960 614 σφόδρα
2986 546 3081 598 ἐπὶ
3116 544 3299 599 πλεῖον
3330 547 3609 619 ἔφριξενὴ
3642 552 3739 621 γῆ’
3772 556 3856 618 τίς

2274 616 2382 703 γὰρ
2432 634 2654 701 τοιαῦτα
2697 637 2832 688 οἴσει
2872 636 3127 702 ἀκούων;
3181 616 3419 710 Πότερον
3461 642 3559 711 τῆς
3597 616 3858 716 eius“;

2279 727 2408 793 μίας
2437 727 2534 797 τὴν
2576 726 2882 798 ὑπερϐολὴν
2912 729 3313 799 καταπλαγείη,
3347 731 3379 802 ἢ
3411 732 3517 802 τῆς
3545 736 3860 810 ἀφροσύνης

2276 817 2337 868 τὸ
2381 818 2719 887 ὑπεραῖρον;
2773 818 2871 869 οὐκ
2912 818 3128 887 ἔχοντες
3180 821 3237 873 δὲ
3282 821 3406 874 ὅθεν
3439 825 3542 894 τῆς
3589 828 3860 903 τοσαύτης

2277 906 2533 968 ἀσεϐείας
2576 907 2669 959 καὶ
2709 906 2803 959 τοῦ
2844 907 3075 974 ψεύδους
3112 913 3560 980 παραστήσονται
3605 918 3664 969 τὸ
3693 920 3863 989 ὑπέρ-

2276 1006 2470 1057 ογκον,
2514 992 2606 1044 ἐπὶ
2649 992 2709 1044 τὸ
2751 992 2927 1056 ἀθέως
2972 996 3070 1047 καὶ
3126 998 3276 1067 παρὰ
3323 1001 3500 1054 πάντα
3573 1010 3860 1062 κανονικὸν

2278 1078 2436 1146 λόγον
2475 1080 2763 1150 ἀθροισθὲν
2804 1081 2896 1133 ὑπ’
2929 1084 3141 1137 ἐκείνου
3180 1085 3471 1155 θεοστυγὲς
3522 1094 3617 1145 καὶ
3647 1096 3861 1167 ἀνίερον

2281 1169 2556 1240 συνέδριον
2603 1171 3045 1241 καταφεύγουσι,
3088 1179 3421 1247 π’ροσόμοιόν
3468 1199 3524 1236 τι
3574 1187 3861 1254 ποιοῦντες

2277 1251 2429 1329 ᾧπέρ
2451 1276 2578 1343 ποτε
2598 1261 2706 1312 τῶν
2732 1262 2856 1315 καθ’
2891 1264 3159 1335 Ἕλληνας
3192 1268 3538 1343 παλαιτέρων
3568 1276 3735 1341 τινες.
3766 1251 3865 1335 ἐπί

2279 1350 2358 1413 τὸ,
2378 1336 2567 1416 aeri»;
2601 1352 2737 1420 ἔρα,
2762 1354 3201 1426 περιελκόμενοι,
3239 1360 3314 1429 τῷ
3344 1336 3648 1436 διδασκάλῳ
3671 1336 3734 1420 τὸ
3765 1371 3859 1437 γέ-

2284 1457 2381 1510 ρας
2415 1440 2734 1527 ὲκνέμοντες
2760 1459 2772 1472 ο
2795 1442 2824 1495 ὃ
2860 1444 2953 1497 καὶ
2982 1446 3200 1500 σύνοδον
3228 1449 3524 1520 ὀνομάζειν
3558 1456 3606 1507 oi
3641 1457 3862 1527 ἀνόητοι

2281 1530 2381 1582 οὐκ
2418 1526 2874 1598 ὲγκαλύπτονταν
2918 1536 2965 1587 εί
3000 1537 3108 1607 γὰρ
3146 1540 3313 1610 ἐχρῆν
3341 1542 3502 1594 τοῦτο
3530 1544 3732 1613 λέγειν.
3763 1526 3864 1617 τῆς

2283 1622 2628 1691 προοητικῆς
2662 1625 2865 1693 φωνῆς,
2886 1625 2937 1678 τί
2970 1644 3156 1698 φησιν,
3175 1632 3527 1701 ἀκουσόμεθα
3550 1650 3565 1666 ο
3599 1638 3865 1704 Σύνοδος

2281 1712 2675 1779 ἀθετούντων,
2705 1716 3009 1771 ἐνέτειναν
3048 1727 3162 1787 τὴν
3209 1721 3499 1791 γλῶσσαν
3539 1727 3742 1780 αὐτῶν
3782 1730 3865 1795 ὡς

2285 1805 2483 1869 τόξον·
2513 1808 2741 1875 ψεῦδος
2773 1809 2869 1862 καὶ
2904 1811 2976 1863 οὐ
3018 1812 3223 1878 πίστις
3262 1812 3597 1881 ἐνίσχυσεν
3626 1818 3723 1870 ἐπὶ
3756 1820 3864 1887 τῆς

2286 1896 2429 1965 γῆς·
2487 1899 2833 1971 ἀστειότερον
2882 1901 2927 1954 δ’
2980 1902 3045 1954 ἄν
3095 1920 3180 1963 τις
3229 1906 3399 1975 αὐτὴν
3455 1909 3862 1978 Κοπροσύνοόον

2285 1989 2554 2054 καλέσας,
2583 1991 2683 2042 οὐκ
2713 1990 2779 2044 ἂν
2810 1992 3050 2062 ἁμάρτοι
3078 1994 3172 2046 τοῦ
3202 1997 3527 2064 πρέποντος,
3557 1999 3648 2052 διὰ
3677 2000 3737 2053 τὸ
3764 2002 3859 2054 τοῦ

2286 2080 2683 2148 συναγαγόντος
2712 2081 3067 2153 φιλόκοπρον,
3106 2082 3181 2148 ὡς
3223 2085 3358 2140 πολὺ
3393 2089 3493 2157 μὲν
3534 2089 3596 2142 τὸ
3627 2091 3859 2156 δυσῶδες

2285 2174 2346 2226 ὲν
2371 2175 2435 2243 τῇ
2465 2173 2702 2245 φλυαρία
2725 2174 2833 2226 τῶν
2858 2175 3032 2242 λόγων
3062 2175 3243 2229 αὐτῶν
3275 2178 3627 2244 συλλέξασαν,
3661 2182 3863 2252 πολλὴν

2284 2262 2341 2316 δὲ
2373 2263 2587 2316 ἀδικίαν
2621 2265 2702 2327 είς
2734 2264 2796 2318 τὸ
2837 2264 2968 2333 ὕψος
2997 2264 3311 2334 λαλήσασάν
3342 2283 3400 2319 τε
3429 2268 3525 2320 καὶ
3557 2271 3857 2342 μελετὴεα-

2287 2370 2406 2419 σαν,
2432 2354 2600 2409 πολλά
2628 2355 2683 2408 δὲ
2721 2356 2859 2410 κατά
2884 2358 2984 2427 τῆς
3012 2356 3108 2411 τοῦ
3139 2360 3481 2428 Μονογενοῦς
3506 2362 3665 2432 δόξης
3731 2365 3861 2417 καθ-

2288 2446 2688 2516 υλακτήσασανο
2728 2441 2802 2501 ὧν
2830 2449 3113 2515 ούδάῦτὸς
3140 2454 3169 2505 ὁ
3192 2451 3261 2504 δι’
3290 2453 3515 2507 ἐκείνων
3548 2456 3862 2526 φθεγγόμε-

2285 2555 2374 2600 νος
2428 2540 2701 2603 Σατανᾶς,
2759 2540 2940 2594 πλεῖόν
3000 2559 3054 2594 τι
3110 2543 3464 2615 δυσφημῆσαι
3520 2550 3858 2619 τετόλμηκε,

2287 2626 2542 2696 πλείστην
2569 2627 2627 2680 δὲ
2656 2627 2767 2680 τῶν
2792 2631 2893 2698 τῆς
2938 2628 3267 2700 Ἐκκλησίας
3307 2633 3595 2702 δογμάτων
3623 2640 3715 2689 καὶ
3748 2639 3860 2689 τῶν

2287 2718 2409 2771 καθ’
2440 2719 2586 2789 ἡμᾶς
2616 2721 2934 2791 μυστηρίων
2977 2724 3283 2792 ποιήσασαν
3326 2724 3423 2793 τὴν
3468 2726 3815 2797 κατάῥρησιν
3842 2747 3856 2760 ·

2285 2805 2456 2869 οὕτως
2486 2809 2517 2876 ἡ
2557 2811 2622 2879 τῇ
2647 2808 2874 2880 ἀσεϐείᾳ
2905 2810 3001 2863 καὶ
3029 2810 3106 2881 τῷ
3135 2812 3317 2882 ψεύδει
3348 2815 3687 2870 συναθλοῦσα
3709 2833 3856 2890 φρα-

2285 2895 2434 2966 τρία.
2474 2896 2686 2960 σύνοδος
2720 2900 2847 2970 παρ’
2875 2898 3055 2952 αὐτῶν
3087 2902 3546 2973 προσηγόρευταιο
3577 2901 3646 2977 ἦς
3675 2906 3739 2979 δὴ
3767 2911 3858 2962 τὸν

2287 2987 2520 3057 φορυτὸν
2548 2987 2656 3040 τῶν
2684 2988 2967 3059 δογμάτων
3002 2991 3406 3063 ἀσπασάμενοι,
3438 2995 3531 3048 καὶ
3560 2998 3639 3067 τῷ
3666 2999 3859 3070 90090-

614 3095 670 3140 et
703 3085 1015 3156 iuculpabili
1039 3085 1159 3140 fidei
1205 3087 1588 3142 contumeliam
1618 3088 1820 3143 inferre
1854 3103 1961 3143 non
1994 3103 2182 3143 veren-

2290 3077 2432 3148 ποιῷ
2462 3078 2718 3148 ἑπόμενοι
2758 3082 3094 3151 φρονήματι,
3126 3086 3206 3147 είς
3232 3085 3331 3157 τὴν
3362 3087 3483 3148 καθ’
3512 3089 3659 3157 ἡμᾶς
3684 3091 3858 3144 καθα-

618 3186 704 3228 tur
735 3175 791 3229 hi
827 3175 1035 3240 vesani,
1096 3189 1200 3229 non
1254 3175 1623 3246 intelligentes
1668 3186 1870 3246 quanta
1923 3178 2188 3234 adversus

617 3275 836 3320 sanctos
858 3267 1149 3321 machinati
1181 3274 1343 3321 sunt:
1373 3268 1625 3336 quoniam
1664 3270 1934 3323 Acuerunt
1952 3269 2189 3338 linguam

617 3373 768 3410 ruam
812 3357 945 3410 sicut
1004 3361 1258 3425 serpentis
1287 3359 1353 3412 ".
1382 3388 1453 3399 —
1496 3358 1758 3415 Venenum
1797 3360 2042 3429 aspidem
2087 3360 2182 3413 sub

617 3445 773 3500 labiis
799 3463 978 3502 eorum
1005 3448 1076 3501 ⁵³.
1104 3477 1174 3488 -
1208 3447 1347 3513 Quia
1394 3450 1546 3504 verba
1578 3451 1683 3504 oris
1714 3451 1948 3522 ipsorum
1983 3450 2186 3520 iniqui-

621 3549 704 3590 tas
733 3548 781 3590 et
810 3537 963 3592 dolus
995 3538 1063 3593 ".

692 3801 778 3856 18.
820 3801 948 3867 Qua:
967 3807 1109 3856 ’γει-ο
1141 3801 1427 3871 qualisque
1447 3803 1516 3858 sit
1541 3812 1723 3859 nostra
1744 3804 2185 3859 Christianorum

622 3894 918 3961 confessio,
982 3893 1365 3960 tempestivum
1414 3906 1495 3949 est
1530 3903 1735 3963 quanto
1802 3894 2019 3949 brevius
2069 3894 2186 3948 fieri

622 3974 819 4048 potest,
872 3998 1165 4052 exponere.
1215 3982 1326 4038 Nos
1380 3984 1587 4052 itaque,
1644 3994 1801 4052 prout
1848 3984 2190 4038 tradiderunt

623 4076 776 4129 nobis
800 4074 851 4127 hi
878 4075 966 4143 qui
1003 4076 1070 4127 ab
1103 4075 1258 4127 initio
1288 4085 1627 4142 Spectatores
1656 4075 1999 4143 ministrique
2023 4074 2183 4129 Verbi

624 4164 859 4229 fuerunt,
894 4177 946 4218 et
973 4166 1079 4234 qui
1100 4176 1221 4233 post
1253 4165 1374 4219 illos
1413 4165 1659 4217 eamdem
1690 4166 1988 4217 doctrinam
2024 4181 2187 4220 exce-

624 4268 815 4327 perunt
857 4258 1092 4325 theologi
1123 4272 1183 4309 ac
1221 4256 1328 4308 divi
1353 4256 1605 4309 doctores
1638 4254 1961 4327 nostri(42),

693 4347 981 4401 Credimus
1005 4348 1059 4399 in
1097 4362 1259 4398 unum
1288 4346 1452 4398 Deum
1489 4343 1649 4398 Patre
1665 4361 1714 4397 ιιι
1739 4347 2185 4414 omnipotentem,

2294 3168 2393 3239 ράν
2416 3166 2511 3221 καὶ
2539 3168 2830 3239 ἀκίϐδηλον
2862 3171 3044 3224 πίστιν
3075 3173 3406 3245 καθυϐρίσαι
3443 3178 3502 3229 οὺ
3537 3177 3772 3231 δεδίασιν
3809 3183 3860 3233 ei

2290 3263 2666 3330 παράτρονες,
2696 3264 2758 3314 ού
2785 3261 3034 3327 συνέντες
3062 3266 3161 3318 ὅσα
3192 3268 3336 3319 κατὰ
3361 3268 3468 3320 τῶν
3500 3269 3670 3337 ἁγίων
3702 3271 3861 3323 ἐδου-

2288 3352 2581 3408 λεύσαντο’
2626 3356 2756 3410 Ὅτι
2793 3359 3114 3427 ἠκόνησαν
3144 3360 3438 3429 γλῶσσαν
3482 3361 3685 3418 αὐτῶν
3716 3364 3857 3420 ὡσεί

2289 3445 2498 3512 ὄφεως.
2520 3475 2586 3515 ἡ
2619 3445 2733 3511 Ἰὸς
2766 3446 3043 3501 ἀσπίδων
3062 3448 3180 3502 ὑπὸ
3206 3452 3277 3503 τὰ
3311 3452 3484 3518 χείλη
3522 3452 3739 3517 αὐτῶν,
3760 3456 3857 3507 καί

2290 3538 2549 3606 ἀνομίαν
2587 3537 2743 3604 ὅλην
2798 3538 2914 3607 τὴν
2948 3540 3179 3609 ἡμέραν
3205 3542 3448 3595 ἀδικίην
3474 3545 3795 3614 ἐλογίσατο
3820 3549 3859 3613 ἠ

2287 3625 2540 3695 γλῶσσα
2567 3626 2786 3680 αὐτῶν.
2812 3658 2880 3669 —-
2902 3629 3030 3682 "Ott
3060 3630 3133 3683 τὰ
3154 3628 3393 3699 ῥήματα
3432 3632 3538 3686 τοῦ
3566 3636 3864 3703 στόματος

2288 3715 2486 3769 αὐτῶν
2507 3717 2725 3785 ἀνομία
2751 3718 2848 3770 καί
2880 3717 3081 3785 δόλος.

2364 3804 2454 3877 ιη’.
2499 3807 2693 3860 Ὀποία
2726 3806 2782 3859 δὲ
2808 3810 2838 3874 ἡ
2850 3807 2965 3876 μῶν
2995 3807 3103 3860 τῶν
3138 3810 3536 3883 Χριστιανῶνη
3581 3812 3860 3881 ὁμολογία,

2290 3898 2384 3952 καὶ
2414 3899 2536 3969 ἥτις
2568 3899 2698 3951 ποτε
2732 3900 2869 3961 ἐστι,
2901 3901 3093 3969 καιρὸς
3126 3902 3201 3964 ὡς
3229 3896 3342 3954 οἷόν
3367 3919 3425 3955 τε
3450 3904 3864 3973 ,ἑπιτεμδμενον

2291 3990 2519 4059 φράσαι.
2560 3989 2749 4059 Ἡμεῖς
2781 3990 2982 4055 τοίνυν,
3010 3991 3156 4045 καθᾶ
3188 3992 3494 4061 παρέδοσαν
3532 3996 3664 4063 ἡμῖν
3687 3998 3736 4049 oi
3767 3995 3863 4049 ἀπ’

2291 4082 2463 4152 ἀρχῆς
2488 4083 2753 4135 αὐτόπται
2776 4083 2870 4135 καὶ
2904 4083 3171 4153 ὑπηρέται
3205 4084 3297 4136 τοῦ
3344 4086 3538 4152 Λόγου,
3566 4088 3619 4139 οἵ
3644 4104 3701 4139 τε
3746 4090 3866 4157 μετ’

2291 4173 2530 4236 ἐκείνους
2570 4174 2637 4225 τα
2667 4174 2891 4226 ἐκείνων
2940 4174 3313 4245 διαδεξάμενοι
3361 4174 3717 4247 Θεοφάντορες
3768 4180 3865 4231 καὶ

2292 4264 2426 4317 θεῖοι
2472 4264 2629 4334 ἡμῶν
2666 4265 3003 4329 διδάσκαλοι,

2362 4356 2697 4426 Πιστεύομεν
2727 4357 2807 4419 είς
2845 4356 2940 4410 ἕνα
2973 4356 3106 4410 Θεὸν
3145 4358 3366 4430 Πατέρα
3406 4358 3823 4431 παντοκράτορα
3847 4401 3866 4427 ,

625 4436 917 4490 visibilium
947 4437 1186 4487 omnium
1213 4444 1264 4487 et
1303 4433 1656 4489 invisibilium
1698 4434 1956 4491 factorem
1991 4453 2055 4492 ac
2087 4439 2182 4492 do-

2292 4446 2509 4498 πάντων
2534 4446 2830 4515 δρωμένων
2859 4447 2954 4499 καὶ
2978 4448 3225 4519 ἀοράτων
3246 4452 3255 4461 ’
3280 4451 3514 4520 ποιητήν
3542 4468 3600 4502 τε
3639 4451 3736 4504 καὶ
3769 4452 3868 4505 κύ-

625 4531 852 4592 minum,
891 4529 1008 4599 sine
1029 4527 1316 4595 principio,
1373 4527 1720 4594 invisibilem,
1775 4528 2189 4599 incomprehen-

623 4621 862 4680 sibilem,
902 4617 1328 4683 immutabilem,
1379 4617 1758 4672 immortalem.
1796 4618 1857 4672 Et
1922 4622 1973 4675 in
2020 4636 2186 4674 unum

628 4711 909 4765 hominum
930 4705 1115 4763 Jesum
1143 4707 1439 4775 Christum,
1472 4707 1665 4765 Filium
1699 4711 1817 4778 ejus
1835 4712 2071 4777 unicum,
2098 4713 2186 4780 qui

625 4801 745 4854 sine
769 4800 945 4864 initio,
970 4802 1036 4853 ab
1065 4809 1299 4863 aiterno,
1329 4811 1454 4856 ante
1481 4803 1663 4855 omnia
1692 4803 1885 4858 saecula
1920 4805 1986 4858 de
2007 4804 2189 4858 Patris

626 4890 924 4945 substantia
953 4889 1175 4946 effulsit.
1207 4889 1269 4945 Et
1299 4893 1349 4944 in
1387 4909 1550 4946 ιιιιιιηι
1603 4893 1871 4964 Spiritum
1910 4903 2184 4955 sanctum,

628 4984 693 5037 de
725 4980 837 5035 Deo
868 4981 1027 5035 Patre
1059 4985 1459 5051 procedentem,
1490 4996 1550 5039 et
1578 4999 1701 5040 cum
1737 4982 1900 5038 Patre
1944 4983 2190 5053 Filioque

625 5071 792 5124 Deum
817 5071 1103 5128 dicendum
1135 5084 1188 5128 et
1222 5073 1658 5142 glorificandum,
1692 5087 1881 5146 utpote
1903 5091 1967 5129 ex
2001 5077 2188 5130 eadem

625 5171 819 5216 natura
850 5174 1184 5220 constantem
1211 5175 1264 5219 et
1278 5177 1627 5220 eoauernum.
1655 5165 1976 5221 Trinitatem
2022 5169 2191 5221 hono-

624 5262 810 5308 rantes
834 5254 886 5307 iu
916 5255 1296 5326 hypostasibus
1318 5272 1413 5312 seu
1434 5257 1702 5326 personis,
1732 5266 1786 5312 et
1807 5258 2188 5326 prmdictorutn

623 5344 915 5416 unicuique
945 5347 1213 5402 discretas
1238 5353 1292 5401 et
1326 5346 1642 5403 inconfusas
1663 5362 1755 5402 eas
1777 5362 2187 5414 conservantes,

2297 4553 2434 4607 ριον,
2466 4536 2721 4606 ἄναρχον,
2751 4539 3004 4610 ἀόρατον,
3044 4540 3455 4610 ἀκατάληπτον,
3480 4542 3865 4607 ἀναλλοίωτον,

2295 4628 2669 4698 ἀτελεύτητον.
2712 4629 2826 4682 Καὶ
2869 4632 2948 4692 είς
2988 4630 3083 4684 ἕνα
3114 4631 3319 4702 Κύριον
3358 4631 3566 4702 Ἰησοῦν
3600 4633 3866 4704 Χριστὸν,

2293 4720 2385 4773 τὸν
2417 4720 2546 4772 Υίὸν
2579 4720 2742 4773 αὑτοῦ
2777 4721 2869 4773 τὸν
2904 4721 3192 4793 μονογενῆ,
3217 4723 3470 4793 ἀνάρχως
3498 4723 3594 4775 καὶ
3620 4723 3865 4793 ἀχρόνους

2296 4811 2390 4863 καὶ
2430 4808 2537 4879 πρὸ
2584 4808 2801 4862 πάντων
2837 4810 2943 4862 τῶν
2975 4810 3188 4863 αἰώνων
3225 4815 3323 4881 τῆς
3361 4813 3638 4883 πατρικῆς
3679 4811 3867 4874 οὐσίας

2286 4898 2662 4968 ἐκλάμψανταο
2698 4899 2796 4950 καὶ
2824 4901 2904 4962 εἰς
2925 4900 2982 4953 ἒν
3013 4900 3237 4971 Πνεῦμα
3275 4902 3467 4969 ἆγιον,
3498 4903 3564 4954 ὲκ
3591 4900 3687 4955 τοῦ
3730 4900 3879 4954 Θεοῦ·

2287 4989 2382 5042 καὶ
2416 4989 2631 5059 Harpe;
2664 4989 2851 5059 προϊὸν
2878 5032 2891 5055 ,
2942 4990 3036 5043 καὶ
3082 4992 3256 5061 [latth
3296 4992 3393 5044 καὶ
3434 4992 3552 5064 Υίῷ
3585 4991 3867 5046 συνϐεολο-

2288 5079 2558 5150 γούμενόν
2599 5097 2657 5133 τε
2700 5081 2796 5134 καὶ
2846 5080 3331 5153 συνδοξαζόμενον,
3365 5083 3442 5147 ὡς
3487 5085 3734 5155 συμφυὲς
3775 5084 3870 5138 καὶ

2299 5170 2588 5225 συναῖδιον.
2626 5172 2836 5245 Τριάδα
2878 5172 2979 5243 μὲν
3019 5173 3334 5240 δοξάζοντες
3366 5174 3730 5228 ύποστάσεσιν
3753 5176 3869 5247 ἢτοι

2299 5262 2632 5331 προσώποις,
2673 5262 2771 5316 καὶ
2799 5263 3016 5335 ἑκάστῳ
3049 5262 3161 5316 τῶν
3197 5263 3503 5334 εἰρημένων
3530 5262 3747 5332 ἀμιγεῖς
3778 5261 3866 5315 καὶ

2297 5352 2636 5424 ἀσυγχύτους
2686 5356 2982 5427 τηροῦντες
3024 5355 3123 5418 τὰς
3162 5356 3524 5425 ἀφοριστικὰς
3579 5352 3867 5422 ιδιότηταςν

690 5489 737 5533 ⁸³
765 5499 966 5556 Jerem.
1001 5518 1075 5568 ts,
1104 5502 1161 5554 ἓ.
1240 5500 1449 5554 "Psal.
1484 5516 1707 5567 cxxxtx,
1738 5502 1792 5556 ι.
1871 5500 1915 5533 ⁸⁸
1938 5504 2081 5558 Psal.
2118 5521 2237 5569 xm,
2275 5506 2326 5560 5.
2406 5506 2450 5537 "
2492 5505 2633 5561 Psal.
2669 5523 2835 5576 xxxv,
2873 5509 2928 5561 4.

701 5656 814 5731 (112)
841 5659 980 5731 Aliis
1014 5658 1197 5731 verbis
1232 5657 1462 5731 prolisa
1487 5655 1607 5731 fidei
1647 5656 1920 5731 confessio
1958 5659 2214 5714 scribitur
2252 5678 2278 5715 a
2350 5659 2651 5729 Nil-ephoro
2685 5664 2751 5716 ad
2816 5661 3053 5717 Leonem
3088 5661 3151 5714 111
3189 5640 3344 5717 Βοιιῆ
3382 5661 3686 5729 nuntiarem
3722 5659 3866 5731 apud

701 5657 814 5779 (112)
841 5659 980 5713 Aliis
1014 5658 1197 5712 verbis
1232 5657 1435 5725 prolixa
1487 5657 1607 5711 ﬁdei
1647 5657 1920 5711 confessio
1958 5674 1976 5710 s

625 5730 783 5782 Cum
816 5770 826 5781 .
861 5728 1028 5783 Labb.
1060 5729 1143 5782 ed.
1176 5744 1282 5798 pr.,
1317 5737 1352 5783 t.
1378 5725 1486 5792 VII,
1525 5728 1627 5781 col.
1668 5728 1797 5782 ιεισ
1826 5744 1976 5797 seqq.
