4130 6332
348 369 449 436 εει

1282 363 1851 429 λΡΟιοθΕΤΙευδ
1900 363 2053 426 PRO
2103 364 2206 429 SS.
2251 364 2735 428 IMAGINIBUS.

3497 362 3604 427 582

348 481 428 544 ὡς
474 478 729 548 οὐδαμῶς
782 474 1300 547 μεταπιπτούσαςῆ
1352 477 1699 547 κινουμένας.
1750 475 1930 547 Πατρὶ

2052 478 2229 548 [uibus
2266 477 2693 548 distinguuntur,
2737 473 3117 546 preprietates,
3179 485 3282 525 ceu
3335 472 3605 527 desitum

359 571 458 641 μὲν
489 570 583 640 τὴν
617 566 946 635 ἁγεννησίαν
978 565 1072 618 καὶ
1101 564 1159 617 τὸ
1193 564 1368 617 αἴτιον
1407 566 1517 619 τῶν
1562 567 1622 632 ἐξ
1648 565 1810 620 αὐτοῦ
1840 564 1929 618 νέ-

359 676 579 733 μοντεςο
612 657 729 728 Υἱῷ
754 657 811 710 δὲ
836 658 936 725 τὴν
960 656 1233 726 γέννησιν·
1262 656 1542 724 Πνεῦματι
1560 656 1621 719 δὲ
1650 656 1749 726 τὴν
1771 655 1935 709 Emed-

358 764 566 824 ρευσιν’
607 748 703 802 καὶ
751 748 826 810 ὼς
883 747 943 811 ἐξ
981 746 1155 799 αἰτίου
1199 745 1292 798 τοῦ
1332 745 1566 816 Πατρὸς,
1613 745 1674 797 τό
1710 762 1771 797 τε
1812 760 1934 812 γεν-

358 844 602 913 νώμενον
654 840 749 895 καὶ
794 838 856 892 τὸ
898 838 1333 909 ἐκπορευόμενον
1381 836 1627 898 νοοῦντες
1684 835 1935 902 ἁπαυγά·

361 952 556 1001 σαντα,
588 935 683 989 καὶ
716 935 791 997 ὡς
818 932 933 1001 φῶς
966 932 1225 1001 ἑκάτερον
1254 931 1318 983 ἐκ
1344 922 1519 999 φωτὸς
1550 928 1813 999 προελθὸν
1835 967 1850 992 ,
1878 928 1936 981 ἓν

363 1026 733 1098 ὐπερκόσμιον
755 1021 1124 1093 τρισοφεγγὲς
1146 1020 1242 1074 καὶ
1263 1020 1540 1090 τρισήλιον
1565 1021 1700 1088 φῶς
1734 1021 1937 1089 μονάδα

361 1118 419 1170 δὲ
453 1116 611 1186 οὐσίᾳ
654 1115 752 1167 καὶ
787 1114 947 1183 φύσει
988 1111 1429 1181 προσκυνοῦντες
1452 1150 1467 1174 ,
1500 1112 1579 1173 είς
1613 1110 1672 1163 ἓν
1705 1110 1935 1180 ὐπερούσ

363 1223 478 1261 σιον
505 1198 603 1259 καὶ
632 1206 908 1275 ὑπερφυὲς
938 1203 1193 1273 θεότητος
1219 1202 1352 1272 ῦψος
1381 1202 1688 1269 συνιοῦσαν,
1720 1203 1818 1273 τὴν
1844 1202 1940 1256 ati-

362 1298 458 1369 τὴν
486 1297 782 1367 ἀμέριστον
811 1296 908 1349 καὶ
937 1296 1312 1348 ἀδιάσπαστον
1343 1295 1446 1364 τήν
1480 1310 1539 1347 τε
1572 1294 1728 1358 δόξαν
1759 1293 1853 1346 καὶ
1880 1292 1940 1346 τὸ

366 1387 564 1459 κράτος
594 1386 963 1457 κεκτημένην·
998 1386 1058 1438 ὲν
1081 1383 1442 1453 ταυτοϐουλία
1466 1384 1560 1436 καὶ
1582 1383 1820 1452 θελήσει,
1845 1382 1941 1436 καὶ

372 1481 469 1551 μιᾷ
510 1478 742 1548 δυνάμει
783 1478 880 1530 καὶ
935 1477 1187 1547 ἐνεργείᾳ.
1234 1475 1669 1547 γνωριζομένην,
1720 1476 1814 1529 καὶ
1853 1471 1941 1529 οἷα

369 1574 585 1625 πάντων
643 1570 891 1639 βασιλίδα
953 1568 1048 1622 καὶ
1112 1568 1220 1621 τῶν
1275 1568 1412 1621 ὅλων
1468 1569 1939 1638 δεσποτεύουσαν,

369 1654 739 1732 παράπάσης
772 1661 872 1731 τῆς
902 1662 1105 1730 ὁρατῆς
1149 1661 1244 1713 καὶ
1283 1660 1518 1728 ἀοράτου
1567 1661 1815 1726 κτίσεως,
1868 1660 1943 1723 ὡς

369 1754 632 1827 ὁμότιμον
671 1770 730 1805 τε
768 1751 862 1806 καὶ
890 1750 1202 1820 σύνθρονον,
1235 1752 1722 1819 προσκυνουμένην
1758 1768 1815 1803 τε
1849 1750 1944 1803 καὶ

367 1845 793 1916 λατρευομὲνηνο
824 1843 952 1911 μίαν
976 1842 1074 1911 μὲν
1096 1840 1203 1910 γὰρ
1226 1842 1284 1892 ὲν
1314 1844 1425 1903 τοῖς
1453 1842 1604 1912 τρισὶ
1631 1842 1945 1911 θεωροῦμεν

369 1937 620 2006 θεότητα,
648 1935 726 2006 τῷ
762 1933 945 2003 ταυτῷ
974 1933 1071 2001 τῆς
1104 1931 1294 1995 οὐσίας
1326 1933 1670 2003 ένιζομένην,
1702 1936 1852 2003 τρεῖς
1888 1933 1945 1986 δὲ

371 2028 702 2087 ὑποστάσεις
744 2027 804 2078 ὲν
826 2028 893 2096 τῇ
925 2026 1024 2094 μιᾷ
1053 2023 1270 2091 θεότητι
1288 2063 1304 2085 ,
1329 2023 1409 2093 τῷ
1433 2024 1659 2095 ἑτεροίῳ
1685 2026 1790 2076 τῶν
1816 2024 1947 2093 περὶ

370 2119 608 2187 ἑκάστην
646 2113 1072 2186 ἐνυπαρχουσῶν
1105 2114 1419 2184 ἰδιοτήτων,
1453 2114 1767 2184 ὰμερίστως
1811 2114 1949 2166 διαι-

375 2208 663 2282 ρουμένας·
698 2205 823 2260 οὐτε
853 2207 943 2257 τὸν
980 2204 1110 2257 Υίὸν
1139 2204 1240 2272 τῆς
1269 2203 1365 2256 τοῦ
1394 2205 1691 2273 ἅγεννήτου
1736 2203 1949 2274 Πατρὸς

372 2302 561 2364 οὐσίας
623 2297 1034 2369 ἀλλοτριοῦντες
1088 2296 1177 2349 διὰ
1220 2295 1319 2366 τὴν
1373 2296 1658 2364 γέννησιν,
1715 2294 1840 2348 οὐτε
1889 2295 1951 2348 τὸ

376 2390 605 2461 Πνεῦμα
643 2389 855 2457 Πατρὸς
891 2386 987 2441 καὶ
1016 2386 1146 2440 Υίοῦ
1176 2385 1264 2440 διά
1302 2384 1402 2457 τὴν
1429 2387 1785 2454 ὲκπόρευσιν,
1827 2383 1951 2439 οὔτε
1994 2424 2001 2427 -

378 2481 638 2551 σύγχυσιν
684 2479 883 2541 εἰδότες
923 2478 1014 2531 διὰ
1048 2477 1111 2530 τὸ
1148 2479 1348 2530 ἐνιαῖον
1387 2476 1487 2546 τῆς
1535 2477 1813 2545 συμφυΐας
1856 2477 1951 2530 καὶ

376 2575 650 2643 ἄτμητον,
682 2570 797 2624 ἀλλ’
824 2571 883 2622 ὲν
911 2571 978 2640 τῇ
1017 2568 1274 2639 κοινωνίᾳ
1313 2567 1417 2637 τῆς
1446 2566 1662 2636 φύσεως
1687 2568 1748 2620 τὸ
1771 2567 1954 2621 διακε-

376 2663 639 2737 κριμένον
664 2660 913 2724 ἑνοῦντες
952 2659 1047 2713 τοῦ
1078 2658 1377 2722 ίδιάζοντος
1398 2674 1412 2689 ·
1449 2676 1469 2708 ι
1513 2661 1815 2727 Διαιρεῖται
1842 2660 1953 2732 γὰρ

377 2753 725 2823 ἁδιαιρέτως,
757 2750 854 2805 καὶ
883 2751 1214 2803 συνάπτεται
1257 2748 1626 2822 διῃρημένως·
1667 2747 1727 2802 ἓν
1758 2752 1867 2822 γάρ
1894 2753 1954 2804 ὲν

377 2842 558 2914 τρισὶν
584 2843 618 2912 ἡ
643 2840 854 2909 θεότης,
889 2839 985 2892 καὶ
1015 2840 1085 2893 τά
1118 2839 1245 2910 τρία
1267 2839 1347 2892 έν·
1382 2839 1451 2893 τά
1475 2841 1533 2891 ἐν
1567 2836 1701 2908 orci:
1737 2840 1951 2913 θεότης,

377 2933 413 3006 ἢ
455 2932 516 2987 τό
548 2949 612 3000 γε
652 2930 1042 3001 ἀκριϐέστερον
1080 2929 1277 2994 εἰπεῖν,
1308 2927 1408 2999 at;
1451 2928 1661 3001 θεότης.
1718 2950 1737 2983 ι
1794 2932 1954 2986 Καθὰ

381 3020 887 3095 μεμυσταγώγηκεν
929 3021 1078 3090 ἡμᾶς
1113 3018 1224 3072 τῶν
1261 3018 1527 3087 θεολόγων
1569 3021 1597 3073 ό
1636 3022 1951 3093 κράτιστος.

452 3204 594 3260 Θεὸν
621 3199 714 3281 οὖν
747 3202 840 3257 τὸν
874 3202 1099 3272 Πατέρα
1120 3202 1374 3275 σέϐομεν,
1402 3204 1463 3271 ἐξ
1503 3200 1567 3260 οὗ
1587 3206 1656 3261 τά
1689 3205 1869 3260 πάντα
1889 3207 1955 3259 ἐκ

385 3295 460 3368 μὴ
479 3298 644 3352 ὄντων
670 3294 950 3366 παρῆκται
985 3295 1125 3364 πρὸς
1183 3295 1419 3367 ὓπαρξιν
1442 3313 1458 3329 ο
1514 3296 1649 3350 Θεὸν
1692 3296 1785 3350 τὸν
1817 3296 1950 3350 Υίὸν

381 3385 696 3463 δοξάζομενι
730 3386 798 3441 δι’
829 3379 891 3439 οὐ
924 3386 996 3440 τά
1020 3388 1199 3441 πάντα
1225 3388 1538 3458 γεγένηται,
1563 3388 1658 3441 καὶ
1697 3389 1835 3459 πρὸς
1860 3389 1954 3440 οὐ-

385 3474 548 3546 σιώδη
587 3475 849 3546 διαμονὴν
903 3473 1266 3539 διασώζεταιο
1322 3476 1456 3530 Θεὸν
1505 3477 1567 3531 τὸ
1615 3478 1843 3548 Πνεῦμα
1892 3477 1955 3530 τὸ

386 3558 541 3636 ἅγιον
572 3566 1010 3639 προσκυνοῦμεν,
1045 3570 1103 3621 ὲν
1129 3563 1173 3636 ᾧ
1197 3568 1266 3623 τά
1293 3570 1421 3640 τρία
1442 3569 1715 3634 σέϐοντες,
1750 3570 1850 3623 οὐκ
1876 3572 1957 3633 είς

343 3687 348 3691 ν
385 3661 535 3727 τρεῖς
560 3657 715 3721 θεοὺς
744 3658 842 3729 τὴν
878 3659 1006 3729 μίαν
1037 3658 1342 3721 διιστάντες
1378 3658 1633 3730 θεότητα,
1663 3660 1729 3713 ἶν’
1771 3659 1957 3714 ἐκκλί-

394 3763 571 3818 νωμεν
602 3749 700 3819 τῆς
727 3748 991 3820 τριθεῖας,
1030 3749 1234 3820 μᾶλλον
1248 3749 1305 3803 δὲ
1330 3750 1645 3817 πολυθεῖας,
1677 3750 1740 3804 τὸ
1781 3750 1955 3804 ἀθεώ-

394 3854 554 3893 τατον
576 3854 590 3870 ο
621 3839 713 3891 καὶ
732 3839 938 3893 τέλειον
971 3838 1177 3892 τούτοιν
1204 3839 1434 3894 ἕκαστον
1465 3838 1811 3910 ἐπιστάμεθα
1838 3855 1852 3871 ο
1895 3839 1958 3892 οὐ

388 3930 498 3999 γὰρ
514 3930 577 3982 ἐκ
598 3928 765 4000 τριῶν
787 3930 995 3984 ἀτελῶν
1015 3930 1075 3984 ἓν
1092 3947 1145 3983 τι
1169 3929 1543 4001 ὁμολογοῦμεν
1569 3930 1777 3985 τέλειον
1797 3945 1810 3958 ’
1844 3930 1959 3983 ἀλλ’

386 4023 453 4075 ἐκ
484 4022 655 4094 τριῶν
688 4022 934 4087 τελείων,
956 4021 1014 4077 ἓν
1040 4022 1337 4093 ὐπερτελὲς
1368 4025 1465 4077 καὶ
1502 4022 1838 4093 προτέλειον,
1886 4022 1962 4087 ὡς

385 4120 421 4186 η
478 4114 589 4167 τῶν
646 4112 969 4185 θεομυστῶν
1020 4115 1283 4186 Πατέρων
1332 4116 1635 4185 εἰσηγεῖται
1689 4116 1959 4183 θεολογία.

388 4206 527 4260 οὔτε
556 4201 652 4260 οὖν
688 4207 789 4268 τὰς
832 4206 1164 4269 ὑποστάσεις
1208 4206 1284 4269 ὼς
1334 4206 1526 4278 φύσεις
1571 4208 1839 4277 ἐκφύλους
1870 4209 1965 4263 καὶ

386 4299 704 4370 διαφόρους,
738 4297 1098 4368 ἁνισότησίτε
1134 4298 1226 4351 καὶ
1256 4299 1645 4369 άνωμαλὸτησι
1673 4301 1966 4370 τέμνοντες

389 4389 873 4462 προχειριζόμεθα,
905 4391 1041 4444 ἀλλὰ
1068 4390 1385 4462 διαιροῦμεν
1406 4390 1484 4461 τῷ
1515 4391 1658 4460 λόγῳ
1689 4392 1797 4445 τῶν
1830 4391 1961 4445 ίδιο-

2037 585 2316 635 nunquam
2350 568 2430 622 vel
2467 568 2832 623 mobilitatem
2865 579 3122 635 passutas
3159 582 3171 617 :
3217 562 3361 617 Patri
3381 562 3603 631 quidem

2035 662 2432 715 innativitatetu
2471 670 2523 714 et
2545 674 2730 714 eorum
2757 658 2845 725 qui
2875 671 2938 709 ex
2973 657 3089 724 ipso
3119 664 3246 709 sunt
3305 653 3602 709 causalita.

2039 761 2145 806 tem
2171 769 2183 805 :
2208 750 2346 805 Filio
2381 749 2754 804 nativitatem:
2791 748 3018 818 Spiritui
3054 745 3503 814 processionem:
3543 752 3600 797 et

2035 859 2099 897 ex
2133 843 2291 896 Patre
2317 853 2570 911 tauquam
2598 856 2790 904 causa,
2827 849 2936 894 tum
2967 840 3207 908 genitum
3260 847 3373 890 tum
3417 846 3610 905 procea

2039 935 2252 988 dentem
2274 931 2560 986 credentes
2582 930 3013 998 exslt‘endnisse,
3036 937 3327 986 utrumque
3350 933 3409 979 ut
3429 924 3609 977 lumen

2037 1026 2103 1080 de
2120 1024 2348 1089 lumine;
2371 1038 2557 1087 unum,
2581 1018 3041 1089 superumudiale,
3067 1017 3354 1085 tripliciter
3382 1015 3607 1070 radians

2041 1133 2104 1171 ac
2135 1117 2325 1186 triplex
2359 1115 2537 1170 solare
2574 1114 2777 1167 lumen.
2813 1112 3091 1167 Unitatem
3125 1119 3306 1164 autem
3343 1111 3603 1173 substan-

2042 1209 2130 1261 tiae
2161 1210 2475 1275 naturaeque
2523 1204 2840 1266 adorantes,
2885 1202 2936 1253 in
2979 1216 3141 1253 ttnam
3188 1199 3615 1267 supersubstan-

2043 1298 2223 1352 littlettt
2250 1293 2831 1365 superquenaturalem
2854 1289 3240 1344 sublimitatem
3273 1295 3612 1355 congestam.

2041 1390 2339 1456 eademque
2366 1387 2592 1441 indivisa
2619 1393 2674 1439 et
2698 1383 3044 1452 inseparabili
3062 1381 3231 1451 gloria
3259 1376 3614 1446 potentiaque

2044 1482 2311 1536 fruentem
2341 1496 2356 1533 :
2382 1479 2434 1532 in
2485 1491 2590 1547 qua
2628 1477 2768 1529 idem
2808 1475 3121 1535 consilium,
3156 1471 3315 1524 unica
3343 1469 3615 1528 voluntas.

2041 1576 2123 1629 vis
2145 1586 2200 1628 et
2238 1574 2486 1640 operatio
2520 1571 2675 1641 unica
2718 1570 3071 1640 agnoscitur:
3124 1576 3354 1634 quaeque
3407 1569 3467 1612 ut
3501 1573 3619 1611 oni-

2043 1665 2187 1718 ninm
2229 1665 2410 1730 regina
2437 1673 2490 1713 et
2527 1659 2850 1713 universalis
2875 1657 3112 1718 domina,
3153 1655 3221 1706 ab
3249 1650 3392 1705 ontni
3421 1646 3619 1702 visibili

2046 1754 2414 1822 invisibilique
2441 1761 2656 1816 natura,
2686 1758 2742 1803 ιιι
2763 1749 2876 1819 pari
2905 1750 3111 1801 honore
3135 1740 3618 1810 thronoquetligna

1978 1822 2305 1898 Badoretur
2348 1853 2403 1896 et
2438 1842 2584 1895 cultu
2651 1843 2969 1893 honoratur.
3022 1835 3217 1897 Unam,
3269 1834 3512 1900 inquam,
3567 1826 3620 1879 in

2051 1935 2225 1988 tribus
2256 1941 2566 2002 spectamus
2602 1932 2879 1990 deitatem,
2912 1927 3101 1979 eadem
3148 1921 3451 1978 substantia
3503 1920 3625 1972 nni-

2051 2038 2196 2093 tam;
2227 2037 2338 2079 tres
2375 2039 2505 2077 vero
2537 2036 2794 2089 personas
2826 2020 2878 2073 in
2911 2033 3015 2071 una
3041 2019 3260 2079 deitate,
3306 2030 3427 2083 quae
3457 2012 3626 2066 inhae-

2052 2118 2287 2171 rentium
2317 2115 2548 2183 singulis
2582 2113 2974 2178 proprietatum
3032 2106 3348 2159 diversitate
3383 2104 3501 2157 sine
3542 2102 3625 2157 di-

2053 2207 2263 2259 visione
2295 2203 2724 2270 distinguuntur.
2778 2197 2965 2265 Neque
3014 2195 3210 2248 Filium
3265 2197 3336 2270 ab
3396 2192 3626 2259 ittgeniti

2052 2295 2227 2347 Patris
2254 2291 2554 2346 Substautia
2586 2288 2885 2341 alienantes
2911 2295 3135 2353 propter
3181 2266 3624 2353 generationem;

2054 2402 2229 2453 neque
2259 2384 2526 2453 Spiritum
2576 2396 2605 2433 a
2653 2378 2815 2432 Patre
2846 2376 3094 2443 Filioque
3143 2384 3364 2444 propter
3397 2386 3623 2441 proces-

2055 2477 2261 2531 sionem
2300 2492 2314 2528 :
2353 2486 2528 2542 neque
2575 2469 2952 2525 confusionem
3004 2468 3356 2521 admittentes
3402 2470 3624 2533 propter

2056 2569 2320 2621 unitatem
2353 2563 2950 2629 indivisibilitatemque
2986 2570 3212 2618 naturae,
3243 2560 3337 2612 sed
3365 2557 3418 2611 in
3472 2571 3625 2611 com-

2057 2658 2308 2712 munione
2339 2653 2654 2716 naturae,~id
2694 2651 2841 2721 quod
2862 2651 2914 2704 in
2944 2665 3272 2719 unoquoque
3297 2649 3615 2702 distinctum

2054 2759 2157 2813 est,
2188 2746 2584 2816 coniungimus.
2638 2762 2657 2795 ι
2703 2742 3062 2811 Distinguitur
3106 2742 3248 2793 enim
3286 2742 3630 2805 indistincte,

2054 2851 2109 2895 et
2144 2840 2492 2910 conjungitur
2536 2836 2815 2891 distincte.
2874 2832 2988 2889 Una
3030 2833 3174 2887 enim
3210 2832 3262 2887 iu
3336 2832 3508 2886 trihns
3547 2843 3633 2885 est

2054 2934 2251 2996 deitas,
2304 2941 2359 2986 et
2399 2940 2512 2984 tres
2550 2937 2681 2984 sunt
2731 2942 2931 2989 unum,
2968 2926 3021 2980 id
3062 2939 3256 2994 nempe
3300 2925 3490 2992 inquo
3541 2938 3629 2978 εει

2057 3029 2260 3093 deitas;
2296 3024 2380 3081 vel
2410 3032 2467 3078 ut
2497 3023 2808 3077 accuratius
2835 3021 3032 3083 dicam,
3071 3034 3190 3088 qua:
3213 3028 3337 3071 sunt
3368 3019 3562 3072 deitas.
3605 3037 3625 3068 ι

1983 3144 2027 3203 C
2059 3120 2138 3173 lta
2163 3121 2307 3172 enim
2351 3133 2448 3171 nos
2483 3116 2724 3184 optimus
2759 3112 3135 3179 theologorum
3167 3110 3383 3164 edocuit
3410 3110 3550 3181 (45).

2131 3210 2297 3264 Deum
2332 3208 2512 3277 itaque
2566 3205 2787 3259 Patrem
2823 3202 3076 3263 colimus,
3116 3217 3145 3255 ι
3182 3217 3290 3270 quo
3334 3201 3513 3255 omnia
3565 3216 3632 3255 ex

2060 3302 2230 3357 nihilo
2259 3301 2324 3353 ad
2348 3299 2722 3354 exsistendum
2763 3295 3028 3365 producta
3056 3308 3206 3349 sunt.
3231 3294 3399 3348 Deum
3436 3294 3634 3349 Filium

2057 3390 2448 3462 gloriﬁcamus,
2474 3403 2570 3457 per
2601 3402 2761 3455 quem
2799 3385 2982 3439 omnia
3021 3384 3164 3437 facta
3190 3395 3338 3445 sunt,
3367 3394 3419 3439 et
3448 3399 3635 3439 eorum

2057 3479 2430 3535 substantialis
2474 3476 2747 3532 stabilitas
2815 3487 3197 3531 conservatur.
3254 3475 3422 3530 Deum
3499 3481 3627 3530 item

2056 3570 2317 3641 Spiritum
2358 3579 2606 3624 sanctum
2642 3582 2989 3622 veneramur.
3025 3567 3089 3620 Et
3124 3569 3249 3633 dum
3304 3578 3415 3621 tres
3468 3583 3635 3620 veno.

2057 3678 2262 3726 rantur,
2291 3677 2393 3715 non
2432 3662 2484 3714 in
2514 3672 2622 3714 tres
2656 3661 2787 3714 deos
2843 3656 3098 3714 deitatem
3147 3660 3542 3725 discernimus;
3577 3670 3638 3711 ut

2060 3754 2425 3809 tritlteismum
2462 3753 2751 3818 videlicet,
2786 3768 2879 3805 seu
2922 3751 3101 3820 potius
3154 3751 3316 3822 168
3373 3752 3639 3822 polythci-

2064 3860 2265 3911 smum,
2318 3858 2437 3913 quae
2495 3859 2584 3897 res
2644 3843 3110 3912 irreligiosissima
3166 3843 3322 3902 foret.
3381 3844 3636 3895 vitemus.

2061 3940 2238 4006 Atque
2280 3951 2722 4005 unumquemque
2743 3951 2808 3988 ex
2833 3937 2913 3988 his
2945 3951 3027 4004 pet
3046 3936 3245 3989 fectum
3268 3948 3388 3987 esse
3412 3936 3525 3989 St'iu
3550 3950 3637 3988 ue.

2063 4030 2168 4085 Sed
2212 4046 2274 4084 ex
2328 4031 2500 4084 tribus
2550 4028 2809 4097 perfectis
2868 4043 3030 4080 unum
3084 4025 3547 4097 supcrpetfectuut
3587 4038 3641 4081 et

2064 4121 2472 4192 prmperl‘ectutn
2505 4120 2583 4183 fit,
2625 4119 3181 4189 uttheotnysticornm
3232 4118 3453 4171 Patrum
3488 4120 3640 4171 then.

2063 4215 2201 4283 logia
2231 4215 2385 4267 docet
2416 4211 2551 4283 (44).
2578 4210 2764 4280 Neque
2795 4225 2925 4279 ergo
2965 4210 3301 4281 hypostases,
3357 4215 3509 4279 quasi
3553 4229 3641 4265 es-

2066 4315 2184 4362 sent
2216 4317 2423 4360 natura:
2451 4313 2723 4359 extranea:
2775 4301 3211 4372 dill‘crentesque,
3270 4305 3635 4373 inaequalitate

2068 4405 2124 4453 et
2157 4396 2592 4452 dissimilitudine
2625 4394 2925 4449 dividentes
2977 4396 3244 4459 sistimus,
3296 4399 3388 4449 sed
3430 4398 3639 4451 ratione

388 4486 586 4554 τήτων,
619 4483 757 4554 πρὸς
789 4485 888 4553 τὴν
918 4485 1080 4538 ὲνάδα
1112 4485 1214 4553 τῆς
1243 4485 1431 4549 οὐσίας
1481 4485 1868 4549 συνάπτοντες,
1901 4485 1953 4538 τὲ

2070 4493 2462 4563 proprietatum
2514 4491 2915 4558 distinguimus,
2970 4490 3021 4542 in
3059 4490 3266 4543 unitate
3322 4489 3643 4544 substantia:

390 4575 732 4645 ὑπερϐάλλον
769 4577 828 4631 ὲν
856 4576 1123 4647 τούτοιςῆ
1163 4575 1652 4647 μειονεκτούμενον
1705 4578 1963 4646 ἀποπεμη

302 4740 305 4741 ν
391 4668 638 4737 πόμενοι.
675 4668 750 4720 Τὸ
798 4669 910 4737 γάρ
944 4669 1130 4739 μεῖζον
1179 4668 1212 4740 ἢ
1271 4668 1495 4722 ἔλαττον
1542 4668 1730 4740 ὥσπερ
1784 4671 1840 4722 ὲν
1895 4670 1961 4739 τῇ

388 4757 550 4828 οὐσίᾳ
581 4758 863 4829 θεωρῆσαι
894 4759 994 4812 οὐκ
1024 4759 1164 4821 ἐνὸν,
1198 4759 1319 4812 οὐδὲ
1368 4761 1429 4813 ὲν
1478 4763 1544 4829 τῇ
1580 4760 1771 4832 Τριάδι
1826 4761 1967 4814 κατὰ

391 4846 489 4918 τὴν
525 4850 713 4902 οὐσίαν
740 4849 773 4921 ἢ
796 4849 896 4921 τὴν
927 4850 1181 4920 θεότητα,
1219 4850 1308 4903 ίνα
1331 4850 1430 4919 τὴν
1473 4849 1816 4921 Ἀρειανικὴν
1846 4850 1969 4903 λύσ·

393 4956 516 5003 σαν,
541 4941 602 5006 ἐξ
630 4935 698 5012 ἧς
720 4943 817 4995 καὶ
850 4941 986 5012 πρὸς
1016 4944 1082 5013 ἢν
1113 4943 1249 5013 ἡμῖν
1297 4943 1325 4994 ὁ
1353 4940 1448 4995 νῦν
1497 4942 1754 5012 πόλεμος,
1793 4960 1964 4997 κατα-

397 5030 702 5101 σϐέσωμεν⁸
739 5031 865 5086 οὐτε
899 5035 1006 5105 μὴν
1039 5034 1121 5097 είς
1162 5034 1293 5104 μίαν
1315 5033 1616 5088 ὑπόστασιν
1639 5033 1966 5104 συγχέοντες

395 5117 433 5188 ἢ
481 5121 914 5192 συναλείφοντες,
954 5124 1101 5179 ἀλλὰ
1149 5124 1467 5196 προσώποις
1528 5115 1813 5196 ὑφεστῶσι
1867 5122 1962 5179 καὶ

399 5210 688 5282 πράγμασι
717 5216 813 5269 καὶ
840 5217 1071 5286 ὀνόμασι
1105 5216 1166 5269 τὸ
1226 5216 1556 5290 διῃρημένον
1605 5218 1970 5288 συνημμένως

396 5302 542 5357 κατὰ
567 5304 666 5377 τὴν
695 5307 881 5363 οὐσίαν
913 5308 1284 5383 εἰσφέροντες,
1345 5310 1431 5364 ἴνα
1457 5309 1556 5381 τὴν
1600 5309 1967 5379 Σαϐελλιανὴν

397 5394 599 5465 μανίαν
640 5398 1160 5472 ἑξαμαυρώσωμεν·
1222 5404 1292 5455 τά
1354 5401 1612 5455 ἀντίθετα
1662 5402 1812 5456 κακὰ
1869 5403 1964 5455 καὶ

427 5620 437 5632 ⁸
607 5554 852 5632 Intelligo
879 5555 1280 5632 Naziansenttm
1308 5597 1324 5620 ,
1355 5571 1461 5626 quo
1509 5571 1667 5632 nemo
1696 5557 1954 5632 subtilius

394 5623 664 5691 simulque
701 5623 980 5693 copiosius
1004 5628 1188 5681 multis
1217 5627 1268 5680 in
1298 5623 1642 5682 seﬁnonibus
1672 5631 1740 5679 de
1773 5626 1958 5680 Trini-

394 5699 506 5745 tate
544 5695 818 5749 disseruit.
853 5696 998 5749 Idem
1030 5707 1167 5750 orat.
1202 5697 1291 5763 55,
1328 5714 1381 5751 n.
1412 5696 1500 5752 16.
1542 5698 1641 5750 SS.
1673 5696 1960 5750 Trinitatis

397 5772 657 5827 personas
701 5764 832 5819 dicit
865 5763 1085 5836 ἀριθμῷ
1126 5766 1433 5838 διαιρετὰς,
1468 5768 1561 5821 καὶ
1589 5768 1651 5820 οὐ
1681 5767 1960 5837 διαῐρετάς

2065 4582 2405 4650 copulamus,
2438 4580 2569 4635 nihil
2609 4583 2660 4635 in
2709 4582 2791 4636 his
2830 4580 3003 4650 niajus
3065 4581 3307 4634 minusve
3339 4596 3459 4634 esse
3517 4596 3640 4634 cre-

2066 4675 2278 4729 dentes.
2310 4671 2446 4725 Nam
2476 4671 2648 4741 majus
2683 4681 2773 4724 aut
2823 4673 3002 4725 minus
3044 4673 3182 4724 sicut
3228 4672 3280 4725 in
3330 4673 3639 4726 subSIantia

2069 4767 2250 4821 videre
2286 4781 2389 4818 non
2424 4765 2569 4829 licet,
2608 4763 2681 4817 ita
2721 4778 2787 4816 ne
2822 4763 2875 4816 iu
2926 4761 3196 4817 Trinitate
3228 4764 3443 4831 quidem
3500 4765 3641 4833 quod

2069 4857 2259 4909 attinet
2299 4855 2364 4909 ad
2413 4853 2774 4909 substantiam
2809 4870 2902 4907 seu
2930 4853 3302 4919 divinitatem;
3333 4856 3475 4922 quod
3508 4855 3644 4908 dici-

2071 4962 2191 5001 mus
2220 4955 2276 4999 ut
2312 4947 2569 4999 Arianam
2605 4946 2900 5024 vesaniam,
2934 4962 2996 4997 ex
3036 4957 3212 5012 quaet
3249 4956 3438 5000 contra
3467 4960 3628 5015 quam

2072 5040 2226 5093 nobis
2257 5038 2451 5091 bellum
2480 5046 2582 5102 est,
2610 5037 3034 5106 exstinguamtts.
3067 5038 3253 5106 Neque
3280 5037 3333 5089 iu
3367 5054 3527 5091 unam
3549 5037 3645 5107 hy-
3718 5100 3725 5110 ι

2070 5127 2332 5197 postasitn
2368 5125 2744 5180 contundimus
2773 5136 2865 5179 attt
2922 5128 3358 5187 commiscemus.
3394 5127 3486 5180 sed
3518 5142 3642 5194 pur-

2072 5218 2224 5273 sonis
2259 5217 2707 5279 subsistentibus,
2762 5219 3033 5286 rebusque
3073 5233 3136 5272 ac
3177 5219 3506 5282 nominibus,
3542 5220 3644 5271 dis-

2076 5309 2391 5362 tinctionem
2427 5309 2480 5361 iu
2510 5309 2819 5362 substantia
2856 5311 3159 5378 copulatam
3201 5308 3550 5373 allii-mantus,
3588 5319 3646 5362 ut

2073 5401 2438 5455 Sabelliauttm
2478 5415 2719 5455 errorem
2750 5401 3047 5455 deleamus.
3100 5398 3402 5469 Utrumque
3432 5401 3642 5455 scilicet

2061 5555 2274 5626 θεότητι
2297 5575 2310 5588 -
2339 5574 2556 5610 numero
2588 5559 2887 5624 distinctos,
2921 5560 3192 5613 divinitate
3225 5576 3328 5613 non
3360 5559 3502 5610 item.

2101 5696 2112 5708 .
2141 5627 2261 5708 (44).
2297 5626 2628 5708 ’Υπερτελης
2655 5639 2708 5682 et
2730 5628 3046 5708 προτέλειος
3073 5630 3212 5696 apud
3235 5630 3647 5708 divuttnitiuny:

2069 5699 2430 5821 ssin’mlitreop.
2471 5699 2542 5751 De
2564 5700 2672 5773 ιιίιε.
2696 5716 2833 5753 num.
2866 5714 2926 5763 ιι,
2961 5699 3043 5762 l0,
3068 5716 3189 5753 eum
3214 5702 3390 5752 sant-ti
3428 5699 3643 5755 blenni

2115 5789 2137 5819 t'
2164 5784 2216 5823 tu
2245 5783 2324 5820 iis.
