3938 6220
408 279 474 346 13
1621 320 1631 332 -
1887 285 2197 345 NOTITIA
2242 350 2247 354 ,
2419 322 2424 328 ι
3452 333 3458 340 .
3600 275 3667 340 ll

407 412 736 468 lluoifredos
777 408 964 484 Βοός,
993 423 1050 468 ιιι
1090 414 1288 470 dictum
1318 428 1347 468 a
1378 427 1465 468 me
1503 423 1588 468 est
1618 412 1715 467 lib.
1751 425 1824 476 tv,
1858 426 1980 479 cap.
2005 410 2059 473 5,
2093 425 2214 478 pag.
2255 408 2380 463 925.
2412 407 2488 464 De
2523 407 2713 464 codice
2759 407 2851 464 illo
2895 406 3105 465 lenensi
3127 449 3143 475 ,
3193 423 3301 480 quo
3326 395 3332 400 ’
3357 409 3487 465 olim
3527 424 3660 463 usus

419 501 798 564 Caiuerarius,
835 501 960 554 vide
993 498 1079 554 Jo.
1115 501 1344 556 Andreae
1374 501 1521 555 Bosii
1550 501 1616 554 ad
1642 498 1956 554 Reinesium
1984 497 2243 566 epistolas
2269 512 2401 568 pag.
2430 496 2559 560 561,
2593 496 2718 551 562.

472 589 526 642 5.
570 587 847 652 Confessio
885 587 1014 655 fidei
1047 587 1116 640 ad
1153 586 1374 642 Leonem
1401 586 1496 642 111
1532 603 1741 654 papam,
1796 585 1986 640 Latine
2013 599 2080 638 ex
2140 585 2308 638 veteri
2352 585 2798 651 interpretatione
2822 619 2839 647 ,
2870 599 2988 652 quae
3031 583 3308 638 Anastasii
3367 580 3668 636 Bibliotbeo

410 673 537 728 carii
566 688 688 726 isse
713 683 936 740 putatur
961 712 974 735 ,
999 667 1210 738 vulgata
1239 687 1267 724 a
1303 671 1536 726 Baronio
1565 673 1616 724 in
1651 671 1843 723 Annal.
1882 671 1947 722 ad
1975 684 2066 724 an.
2103 670 2166 724 Ο.
2193 670 2318 732 811,
2353 687 2407 722 n.
2437 669 2627 724 20-45.
2663 669 2768 724 Sed
2795 671 2974 724 versio
3009 673 3062 723 in
3094 671 3226 725 edit.
3259 668 3664 724 Graaco~Laliua

409 759 842 816 Coiniueliuimm
885 758 1030 812 inter
1068 760 1200 810 Acta
1229 759 1424 828 synodi
1459 758 1750 825 Ephesium
1785 766 1867 810 est
1895 755 2164 810 Theodori
2212 757 2416 810 Peltani
2450 756 2507 810 S.
2537 757 2587 810 .l.
2621 756 2964 822 Heidelberg.
3010 757 3182 822 1591,
3226 757 3320 810 fol.
3353 772 3468 825 pag.
3511 757 3618 810 542
3647 772 3665 821 ;

421 845 544 900 Lat.
579 857 632 900 et
663 845 841 898 Cra-c.
879 861 932 910 p.
964 846 1090 906 505,
1126 846 1259 898 ibid.
1300 845 1457 907 16οι1,
1489 844 1584 897 fol.
1614 843 1748 898 Cum
1784 844 1972 896 eadem
1999 843 2208 897 Peltaui
2242 843 2490 897 versione
2523 844 2722 912 legitur
2751 855 2875 912 post
2904 843 3003 897 Jo.
3034 842 3259 897 Zonartc
3297 843 3666 897 Commentar.

413 935 462 988 in
509 948 751 986 canones
799 934 1085 986 concilior.
1136 932 1311 986 Paris.
1366 931 1536 997 1618,
1585 931 1680 986 fol.
1732 947 1855 1000 pag.
1887 930 1991 984 760
2019 947 2035 984 :
2063 942 2118 984 et
2145 933 2196 984 in
2226 932 2561 986 Collectiouc
2583 932 2868 985 (-oncilior.
2894 931 3205 993 Labbeaua,
3235 941 3368 986 tom.
3400 930 3509 993 \‘ll,
3541 947 3667 1001 pag.

413 1019 573 1074 19.03.
609 1019 788 1073 Fasti.
828 1031 884 1072 et
916 1018 1178 1072 ilarduiui
1224 1030 1354 1072 tom.
1397 1018 1488 1083 IV,
1529 1034 1580 1087 p.
1629 1017 1757 1078 978,
1803 1015 2007 1070 (ἷγωοίε
2049 1019 2338 1088 utrobique
2389 1033 2454 1072 ex
2483 1019 2744 1087 praeclaro
2782 1021 2903 1074 cod.
2956 1019 3314 1086 Seguieriauo
3367 1015 3670 1086 castigatis.

412 1107 666 1161 Veterem
702 1106 818 1158 Lat.
874 1105 1182 1158 versionem
1220 1107 1286 1157 ad
1318 1104 1616 1158 Barouium
1673 1104 1822 1157 misit
1869 1103 2070 1158 Fronto
2097 1107 2353 1170 Duremus,
2401 1107 2728 1176 descriptam
2758 1123 2825 1160 ex
2855 1122 3050 1176 magno
3095 1108 3280 1161 codice
3315 1108 3672 1161 conciliorum

415 1213 544 1250 mss.
581 1195 711 1247 bibl.
741 1195 1134 1246 cationi-orum
1172 1195 1425 1248 Ecclesia:
1453 1193 1812 1248 Virduuensis
1858 1194 1911 1245 in
1957 1191 2344 1260 Lotbaringia,
2389 1207 2622 1260 eamque
2673 1194 2818 1246 dedit
2875 1193 3140 1247 Baronius
3187 1194 3240 1246 in
3273 1195 3470 1246 Annal.
3511 1195 3548 1247 Ι.
3584 1210 3636 1247 c.

479 1281 533 1334 6.
567 1280 892 1348 Νικηφόρον.)
927 1279 1266 1349 ὁμολογητοῦ
1304 1280 1540 1332 (Iunones
1597 1280 1946 1333 ecclesiastici
1981 1277 2023 1331 Χ

2128 1277 2156 1330 1
2199 1281 2250 1332 in
2283 1279 2420 1334 libro
2471 1282 2712 1334 secundo
2747 1279 2896 1333 Juris
2928 1280 3220 1334 Orientalis
3249 1281 3317 1334 ab
3371 1281 3676 1333 Enimundo

420 1367 694 1420 ΒινιιιιΙΗίυ
723 1365 897 1419 Paris.
940 1366 1098 1426 1585.
1131 1369 1185 1429 8,
1219 1366 1375 1430 editi,
1403 1381 1519 1434 pag.
1559 1367 1644 1430 18,
1679 1365 1854 1420 (1120ιῖ.
1887 1377 1941 1420 et
1975 1365 2023 1418 L1

2149 1369 2361 1436 ρ.10.“ὶ.
2422 1373 2598 1438 Atque
2635 1373 2684 1422 in
2723 1370 2925 1424 Grmeo-
2947 1371 3134 1424 Latina
3206 1369 3379 1440 Marq.
3449 1370 3673 1425 Freberi

418 1457 658 1508 editione
692 1452 947 1506 Francof.
981 1451 1140 1517 1596,
1181 1453 1273 1505 fol.
1310 1469 1364 1521 p.
1398 1454 1496 1508 195
1526 1468 1643 1521 seq.
1681 1465 1794 1506 tum
1825 1465 1958 1507 tom.
1999 1452 2088 1508 Vll
2122 1457 2415 1510 Concilior.
2469 1457 2668 1510 Labbci
2708 1475 2760 1522 p.
2796 1457 2932 1512 129ῗ
2963 1471 3018 1510 et
3050 1457 3242 1511 Latine
3275 1459 3326 1510 iu
3365 1457 3674 1526 Appendice

419 1547 483 1596 ad
515 1542 657 1595 bibl.
701 1539 925 1594 Patrum
959 1541 1137 1594 Paris.
1177 1541 1427 1604 1579;ει
1457 1550 1602 1594 Iomo
1646 1539 1713 1594 Vl
1747 1542 1878 1596 edit.
1915 1541 2089 1598 Paris.
2123 1543 2282 1597 1654.
2319 1541 2495 1614 [Add.
2522 1543 2642 1597 Cat.
2673 1544 2734 1597 Β.
2764 1543 2915 1598 Leid.
2945 1561 2996 1611 p.
3028 1545 3096 1598 59
3122 1561 3137 1608 ;
3168 1553 3351 1597 exstat
3378 1558 3596 1612 quoque
3625 1546 3677 1596 in

421 1631 618 1684 concil.
650 1632 738 1682 ed.
773 1627 912 1695 Reg.
949 1639 1079 1682 tom.
1115 1627 1238 1691 XX,
1271 1629 1468 1682 Labbei
1523 1640 1658 1683 tom.
1693 1627 1804 1691 νιι,
1835 1640 1886 1682 et
1917 1629 2182 1684 llarduini
2217 1640 2359 1684 10m.
2397 1628 2484 1683 IV.
2535 1629 2596 1681 V.
2635 1631 2774 1683 infra
2811 1629 2904 1684 lib.
2941 1629 3032 1695 Vl,
3069 1633 3121 1700 p'.
3155 1631 3282 1696 5i9,
3315 1631 3420 1684 vol.
3459 1631 3554 1694 XI,
3584 1633 3675 1698 ed.

423 1727 531 1770 vet.
565 1717 655 1769 ubi
687 1731 904 1786 quoque
941 1719 1006 1768 de
1039 1716 1236 1770 concil.
1283 1715 1445 1770 Cl’ol.
1474 1731 1501 1766 a
1539 1713 1656 1770 Nic.
1705 1715 1861 1770 CPol.
1903 1726 2238 1786 congregato
2264 1725 2318 1772 et
2348 1717 2560 1786 synodo
2591 1715 2750 1772 CPol.
2785 1717 2836 1769 in
2866 1731 2972 1784 qua
3004 1715 3295 1784 Nieepbor.
3331 1729 3417 1770 est
3463 1717 3681 1784 deposi-

429 1817 533 1859 tus.
570 1803 680 1874 -—]
723 1802 999 1858 Cauernm
1052 1803 1194 1872 apud
1241 1802 1537 1865 Zonaram,
1581 1805 1671 1859 ubi
1710 1804 1829 1858 illos
1871 1817 2091 1860 exstare
2131 1795 2321 1859 scribit
2364 1806 2598 1868 Caveas,
2632 1815 2687 1858 et
2714 1806 2804 1874 qui
2837 1803 3156 1872 Calalogum
3201 1803 3332 1858 bibl.
3370 1802 3680 1856 Barbcrinm

429 1892 805 1954 concinnavit,
864 1890 1105 1956 reperire
1135 1891 1276 1943 haud
1305 1891 1476 1958 potui.
1509 1891 1586 1944 Ex
1621 1892 1704 1943 bis
1729 1891 1786 1952 2,
1818 1892 1870 1954 5,
1899 1893 1954 1956 4,
1981 1892 2036 1955 9,
2071 1891 2140 1944 19.
2167 1901 2222 1944 et
2256 1891 2339 1953 16,
2373 1879 2476 1944 non
2510 1901 2826 1960 comparent
2856 1891 3000 1942 inter
3033 1903 3271 1943 canones
3300 1888 3422 1944 illos
3449 1887 3518 1943 57
3544 1901 3680 1956 ψιος

425 1983 614 2033 (πτερω
643 1991 698 2032 et
739 1977 932 2032 Latine
969 1977 1140 2032 edidit
1187 1977 1512 2038 Colelerius,
1557 1988 1684 2032 tom.
1736 1977 1800 2030 lll
1835 1977 2023 2031 Mount;

2128 1990 2161 2034 t.
2203 1978 2404 2033 Ecclcs.
2451 1977 2673 2041 (ἔντεσιν,
2705 1994 2825 2047 pag.
2866 1977 2972 2032 445
3021 1989 3172 2046 seq.;
3203 1995 3232 2029 ει
3263 1965 3371 2046 quo
3420 1993 3541 2046 pag.
3571 1977 3671 2032 451

431 2083 552 2133 seq.
585 2067 719 2118 alius
774 2067 954 2117 adlmc
994 2079 1184 2117 novem
1230 2064 1503 2128 διατάξεις
1549 2065 2018 2135 ἑκκλησιαστικὰς

2129 2065 2356 2118 Μίεθιθε
2396 2067 2564 2120 habes
2594 2081 2661 2118 ex
2689 2065 3029 2127 collectione,
3066 2079 3188 2132 qme
3219 2063 3683 2132 complectebatur

437 2168 671 2206 rationes
700 2152 787 2204 76.
839 2151 974 2203 Nam
1011 2163 1063 2204 et
1096 2149 1327 2204 Michael
1367 2151 1586 2220 Glycas,
1641 2168 1762 2221 pag.
1807 2153 1934 2218 294,
1971 2153 2482 2224 quinquagesinmm
2517 2155 2752 2222 primum
2807 2152 3011 2214 laudat,
3049 2161 3103 2205 et
3133 2150 3428 2217 Cotelerio,
3464 2167 3518 2221 p.
3551 2151 3679 2214 652,

437 2240 782 2298 observante,
809 2239 877 2290 ab
907 2236 1030 2289 aliis
1059 2237 1258 2305 plures,
1285 2241 1353 2290 ab
1381 2239 1508 2292 aliis
1542 2241 1829 2308 pauciores
1860 2239 1994 2294 clari
2034 2239 2178 2294 illius
2202 2239 2529 2307 palriarchm
2559 2252 2624 2291 ac
2653 2237 3008 2299 confessoris,
3043 2251 3150 2304 quo
3183 2237 3318 2306 ipsis
3349 2238 3523 2292 visum
3559 2239 3682 2304 fuit,

432 2327 625 2378 ordine
655 2339 716 2376 ac
749 2325 910 2377 modo
941 2312 1120 2393 colligi
1156 2340 1396 2378 canones
1439 2328 1690 2395 contigit.
1721 2328 1906 2380 Eidem
1939 2329 2104 2381 etiam
2145 2324 2416 2381 Cotclerio
2459 2327 2721 2379 debemus
2751 2341 2804 2393 p.
2849 2323 3096 2378 455-465
3136 2341 3149 2376 :
3185 2324 3480 2393 Epistolam
3526 2324 3686 2380 Nice-

435 2413 616 2482 pbori,
649 2411 1024 2476 Responsiones
1056 2414 1124 2464 ad
1170 2413 1234 2466 17
1267 2416 1464 2480 capita,
1497 2415 1565 2468 ab
1597 2414 1807 2468 Hilario
1837 2427 1892 2468 et
1922 2416 2198 2469 Eustratio
2231 2415 2533 2483 proposita,
2571 2414 2934 2482 complexam.
2977 2410 3373 2480 Expositionem
3417 2411 3542 2474 ﬁdei
3581 2429 3683 2468 ms.

431 2510 696 2554 memorat
723 2498 970 2553 Lahbeus
1004 2497 1144 2552 Bibl.
1176 2517 1295 2554 nov.
1323 2516 1445 2555 mss.
1473 2511 1596 2569 pag.
1624 2501 1713 2557 88.
1743 2500 1908 2556 FABR.
1936 2530 2005 2542 -—-
2039 2501 2312 2569 Expositio
2340 2501 2464 2570 ﬁdei
2490 2511 2572 2555 est
2601 2504 2654 2553 in
2685 2501 2804 2555 cod.
2835 2498 2960 2565 887,
2997 2516 3052 2554 n.
3082 2498 3134 2554 6.
3163 2499 3294 2555 bibl.
3328 2501 3476 2570 publ.
3511 2499 3685 2570 Paris.

432 2618 503 2632 --
538 2589 658 2642 Nic.
695 2588 932 2658 Epistola
967 2589 1032 2640 ad
1081 2587 1319 2642 Leonem
1353 2603 1541 2658 papam
1575 2592 1730 2644 lium.
1771 2591 1827 2644 in
1869 2594 1991 2645 cod.
2023 2588 2092 2642 52
2117 2587 2344 2642 Coislin.
2393 2597 2558 2655 atque
2597 2585 2966 2640 Montfaueon.
3007 2586 3058 2639 iu
3090 2585 3232 2639 Bibl.
3283 2585 3473 2651 δοιώ,
3507 2603 3559 2656 p.
3594 2588 3686 2650 85,

367 2727 372 2730 .
436 2681 680 2742 adnotat,
707 2687 984 2745 postremo
1012 2676 1157 2729 illam
1179 2691 1243 2729 ex
1277 2677 1378 2732 hoc
1394 2679 1585 2732 codice
1613 2680 2108 2732 cmendatanresse
2133 2685 2187 2730 et
2213 2675 2542 2730 illustratum
2577 2675 2631 2728 ia
2663 2673 2994 2729 Collectione
3029 2673 3405 2738 conciliorum,
3439 2683 3689 2728 monente

437 2764 675 2829 Labbeo,
706 2777 836 2818 tom.
865 2763 979 2824 VII,
1012 2781 1065 2832 p.
1095 2764 1254 2820 19.05.
1279 2795 1350 2806 -—
1381 2763 1437 2818 ln
1469 2766 1590 2819 cod.
1623 2764 1852 2818 Coislin.
1887 2765 1979 2818 56.
2010 2763 2104 2818 fol.
2138 2764 2234 2818 ult.
2262 2775 2352 2818 est
2384 2778 2559 2818 canon
2592 2761 2820 2832 Nieepb.
2859 2761 2932 2816 De
2955 2761 3164 2830 jejunio
3192 2761 3592 2814 monachorum.
3615 2791 3688 2803 —

439 2852 496 2906 ln
525 2856 646 2906 cod.
678 2852 778 2906 211
821 2853 912 2906 fol.
942 2853 1046 2906 3|?
1108 2868 1224 2921 seq.
1271 2851 1500 2922 Niccpb.
1535 2852 1630 2907 Ἐκ
1669 2852 1777 2904 τῶν
1806 2853 2023 2922 ὲκκλησι

2128 2850 2283 2904 ιικῶν
2331 2849 2500 2904 αὐτοῦ
2559 2849 2870 2912 συντάξεων
2913 2849 3011 2902 καὶ
3049 2848 3157 2900 τῶν
3195 2849 3293 2901 σὺν
3336 2847 3486 2918 αὐτῷ
3517 2847 3692 2917 ἁγίων

441 2941 730 3010 Πατέρων,
773 2939 893 2993 XVI
933 2941 1233 2993 absolvitur
1281 2940 1547 2994 articulis.
1579 2970 1650 2980 --
1682 2939 1933 3007 Ejusdem
1967 2939 2023 2993 Σι

2129 2939 2249 2991 ολον
2285 2936 2520 3001 πίστεως
2547 2936 2637 2990 διὰ
2674 2937 2990 3004 κεφαλαίων
3027 2935 3113 3006 ιβ’.
3148 2967 3216 2976 -
3248 2937 3503 3004 Ejusdem
3533 2936 3693 2990 Dill'e-

441 3031 618 3081 rentia
655 3028 801 3081 inter
853 3027 1142 3094 imaginem
1173 3037 1226 3080 et
1253 3042 1472 3080 erucem
1503 3026 1730 3092 Christi,
1771 3018 2094 3096 syllogisinis
2135 3026 2344 3078 decem.
2377 3053 2448 3064 -——
2482 3024 2557 3077 Ex
2591 3023 2822 3092 epistola
2868 3022 3094 3094 Niceph.
3126 3024 3192 3076 ad
3228 3023 3460 3078 Leonem
3499 3041 3688 3093 papam

445 3115 602 3168 Βοιιι.
638 3144 708 3155 -
739 3114 796 3168 In
829 3114 954 3167 cod.
995 3113 1128 3168 565.
1167 3116 1258 3183 qui
1292 3116 1536 3168 continet
1588 3113 1976 3168 Collectionem
2029 3110 2386 3165 conciliorum
2441 3110 2841 3172 brevissimam,
2891 3111 2993 3164 sub
3053 3109 3214 3164 linem
3272 3109 3575 3179 fragmenta
3623 3127 3689 3164 ex

444 3202 752 3269 Nicephoro
797 3203 1128 3271 patriarcha,
1173 3211 1312 3256 teste
1341 3201 1638 3255 Montfane.
1666 3201 1703 3254 l.
1735 3217 1789 3255 e.
1820 3215 1942 3271 pag.
1981 3199 2105 3262 105,
2137 3195 2244 3250 269
2266 3207 2320 3251 et
2347 3194 2472 3251 565.
2501 3224 2572 3236 —
2596 3195 2653 3248 ln
2681 3195 2807 3250 cod.
2837 3196 2907 3251 52
2943 3197 3136 3267 synod.
3173 3195 3484 3265 Mosquens.
3509 3214 3564 3250 n.
3597 3197 3690 3259 55,

441 3289 670 3358 Niceph.
725 3303 964 3343 canones
1004 3289 1099 3340 Ἐκ
1140 3287 1248 3340 τῶν
1295 3287 1776 3357 ἐκκλησιαστικῶν
1807 3287 1999 3341 τούτου
2053 3284 2362 3350 συντάξεων
2414 3285 2509 3338 καὶ
2546 3284 2654 3338 τῶν
2706 3285 2804 3338 σὺν
2851 3285 3002 3356 αὐτῷ
3045 3285 3218 3354 ἁγίων
3266 3285 3525 3356 Πατέρων
3566 3287 3694 3356 περὶ

441 3377 716 3446 διαφόρων
762 3375 1076 3443 κεφαλαίων
1097 3390 1112 3404 ⁶
1143 3386 1196 3430 et
1225 3391 1282 3430 ιι.
1314 3375 1406 3439 56,
1433 3391 1501 3430 ex
1531 3375 1652 3430 aliis
1683 3375 1924 3441 ejusdem
1952 3390 2023 3430 ca:

2131 3373 2272 3439 ibus,
2313 3374 2474 3428 Ἤτοι
2511 3373 2591 3438 εἰς
2625 3372 2725 3436 τὰς
2765 3374 3219 3446 ἐπιγραφομένας
3253 3374 3493 3440 διατάξει
3507 3393 3524 3437 ;
3583 3375 3692 3427 τῶν

444 3461 614 3530 ἁγίων
647 3462 966 3514 ἀποστόλων
989 3476 1005 3494 ·
1041 3470 1178 3516 teste
1223 3460 1326 3516 cel.
1361 3460 1596 3515 blattbzei
1631 3462 1683 3513 in
1719 3458 1921 3514 Notitia
1967 3459 2126 3519 codd.
2165 3474 2302 3515 mss.
2361 3459 2456 3514 Gr.
2500 3459 2748 3516 bibliotb.
2799 3461 3114 3531 Mosquens.
3147 3461 3206 3516 S.
3241 3465 3456 3531 synodi,
3495 3477 3546 3529 p.
3594 3461 3683 3516 54.

442 3576 514 3588 -
540 3547 596 3601 In
633 3548 791 3602 codd.
823 3548 958 3603 bibl.
1011 3549 1161 3616 publ.
1209 3547 1389 3602 Paris.
1428 3557 1560 3601 sunt
1613 3546 1858 3601 Conone:
1890 3543 2117 3612 Niceph.
2151 3545 2204 3599 in
2235 3547 2357 3602 eod.
2393 3544 2554 3600 1151.
2610 3563 2667 3600 ιι.
2699 3549 2767 3612 2;
2801 3549 2961 3611 1259,
3002 3565 3057 3601 n.
3087 3548 3190 3612 il;
3237 3562 3431 3600 canon.
3484 3549 3692 3604 Eccles.

445 3639 670 3706 triginta
701 3647 931 3704 septem.
963 3663 1034 3676 -ο
1065 3634 1120 3690 1η
1150 3638 1272 3690 cod.
1299 3635 1463 3704 1557,
1493 3634 1618 3690 Nic.
1645 3633 1982 3692 confessoris
2004 3646 2240 3688 canones
2265 3632 2357 3686 27.
2385 3660 2459 3672 —-
2487 3631 2544 3686 In
2571 3633 2696 3688 cod.
2725 3633 2888 3696 1359,
2914 3649 2968 3686 n.
2996 3634 3050 3698 5,
3089 3648 3213 3688 can.
3246 3633 3335 3688 56.
3371 3661 3441 3674 ——
3473 3633 3533 3687 In
3566 3637 3692 3690 cod.

446 3723 608 3789 1542,
649 3740 704 3778 n.
735 3724 1052 3786 Leanones
1078 3739 1144 3777 ex
1173 3723 1319 3779 illius
1346 3722 1837 3778 Constitutionibus
1868 3719 2244 3788 excerpti;——
2285 3719 2337 3772 in
2363 3720 2486 3774 eod.
2539 3719 2701 3784 1574,
2754 3736 2810 3774 n.
2851 3720 2907 3781 4,
2949 3735 3206 3784 canones,
3234 3731 3289 3774 et
3328 3721 3383 3775 in
3432 3723 3554 3777 cod.
3605 3736 3696 3776 se—

445 3811 634 3879 quenti
688 3827 743 3864 n.
778 3809 835 3874 8,
882 3824 1125 3864 canones
1155 3809 1247 3864 55.
1271 3834 1349 3848 ·-
1385 3811 1438 3862 In
1474 3811 1596 3863 cod.
1656 3807 1759 3863 165
1796 3805 1936 3860 Bibl.
1959 3803 2131 3862 elect.
2183 3803 2379 3860 Bavar.
2409 3804 2638 3876 Nieeph.
2675 3821 2910 3862 canones
2963 3823 3074 3864 sec.
3101 3807 3274 3862 Catal.
3311 3810 3469 3864 codd.
3507 3809 3603 3864 Gr.
3635 3808 3694 3862 P.

445 3897 538 3952 65.
564 3897 714 3950 -ιη
741 3899 864 3952 cod.
893 3897 1093 3952 Caesar.
1143 3896 1376 3951 Vindob.
1413 3896 1521 3951 283
1545 3937 1560 3961 ,
1613 3913 1666 3951 η.
1699 3897 1770 3963 5},
1816 3901 2068 3962 excerpta
2115 3907 2179 3947 ex
2211 3891 2498 3960 Nicephori
2538 3903 2591 3947 et
2635 3893 2856 3948 Patrum
2911 3910 3034 3950 cum
3082 3895 3199 3964 ipso
3248 3906 3696 3966 congregatarum

443 3983 944 4041 Constitutiouibus
987 3986 1294 4041 ecclesiast.
1346 3984 1624 4056 (Lambee.
1670 3984 1882 4039 Comm.
1915 3982 2025 4039 vol.
2065 3977 2128 4045 γ,
2165 3995 2220 4048 p.
2262 3978 2412 4050 475).
2447 4009 2518 4020 -
2571 3979 2628 4033 In
2668 3983 2790 4036 cod.
2834 3981 2927 4047 45,
2967 3997 3023 4036 n.
3081 3982 3172 4046 66,
3233 3997 3409 4038 canon
3468 3985 3694 4054 quintus

449 4072 519 4126 de
583 4070 926 4126 hebdomade
979 4073 1459 4142 quinquagesima.
1517 4071 1796 4140 (Latnbec.
1845 4064 2017 4134 ναι..

2145 4065 2296 4138 948.)
2333 4065 2492 4133 -111
2543 4067 2666 4121 cod.
2715 4069 2806 4132 51,
2873 4086 2928 4123 n.
2976 4069 3067 4134 15,
3113 4084 3352 4127 canones
3401 4071 3472 4124 56
3524 4081 3579 4125 et
3607 4071 3694 4132 18.

449 4159 680 4224 ﬁicepb.
713 4155 1003 4214 Observat.
1037 4169 1092 4213 et
1123 4159 1561 4214 Constitutiones
1601 4158 1880 4211 canonica:
1910 4156 1975 4209 de
1997 4153 2163 4206 variis
2199 4154 2556 4223 argumentis.
2588 4153 2804 4222 (Lamb.
2836 4155 2968 4208 ibid.
2998 4155 3081 4208 col
3114 4154 3218 4209 989
3249 4168 3304 4210 et
3335 4155 3487 4224 995).
3522 4185 3595 4197 —-
3642 4159 3698 4211 In

449 4245 571 4298 cod.
601 4244 696 4307 52,
721 4260 780 4298 η.
815 4245 869 4304 5,
899 4258 952 4299 et
981 4247 1104 4300 cod.
1135 4247 1226 4310 55,
1258 4263 1313 4300 n.
1345 4247 1398 4310 5,
1431 4259 1667 4300 canones
1715 4243 1850 4298 eccl.
1887 4241 1957 4296 56
1980 4239 2259 4311 (Lambee.
2293 4240 2422 4294 ibid.
2457 4241 2561 4294 col.
2591 4239 2726 4293 11101
2756 4250 2810 4293 et
2835 4240 3018 4310 1006).
3044 4270 3112 4282 —
3141 4239 3198 4292 In
3237 4243 3426 4310 primis
3477 4242 3702 4296 laudau-

452 4333 550 4383 ilus
577 4342 662 4388 est
692 4330 812 4385 cod.
853 4329 1160 4387 Vindobon.
1189 4332 1279 4394 45,
1316 4333 1366 4386 in
1398 4347 1505 4400 quo
1529 4341 1655 4386 sunt
1689 4330 1808 4402 Nic.
1837 4328 2084 4383 Canoues
2123 4327 2260 4382 eccl.
2291 4343 2384 4382 sex
2411 4338 2466 4382 et
2499 4330 2805 4398 sexaginta,
2854 4340 2909 4384 et
2952 4344 3114 4398 quem
3167 4331 3272 4384 late
3301 4331 3700 4403 diligenterque

447 4417 706 4472 rescribit
758 4419 1035 4472 Kollarins
1066 4419 1118 4472 in
1149 4418 1426 4489 Snpplem.
1487 4420 1508 4472 Ι
1548 4419 1614 4472 ad
1648 4415 1920 4472 Lambecii
1970 4413 2182 4469 Comm.
2227 4427 2350 4482 pag.
2393 4415 2492 4470 ait
2541 4430 2698 4484 seqq.
2757 4415 2848 4470 Ille
2909 4417 2976 4470 de
3015 4415 3328 4486 Nicephoro
3393 4421 3700 4487 patriarcha

451 4528 752 4597 nograpbia
806 4511 1214 4596 compendiaria
1264 4533 1331 4584 ab
1365 4532 1498 4585 orbe
1549 4531 1790 4594 condito,
1831 4539 2023 4594 eaque.

448 4603 569 4650 sive
601 4602 790 4659 verba,
823 4601 939 4652 sive
983 4615 1336 4654 numerorum
1368 4613 1548 4664 notas,
1591 4604 1705 4655 sive
1739 4602 1904 4654 etiam
1939 4609 2026 4649 re-

451 4683 573 4718 rum
625 4669 877 4722 ordinem
910 4677 1146 4736 spectes,
1177 4671 1244 4722 ab
1268 4671 1425 4725 editis
1455 4683 1538 4725 est
1583 4671 1778 4724 alicubi
1815 4671 2026 4722 discre-

2133 4527 2206 4600 sit
2235 4527 2545 4600 hujusmoili
2573 4528 2916 4594 npusculum,
2951 4527 3216 4582 incertum
3249 4545 3466 4600 quoque
3487 4533 3703 4587 videtur

2121 4596 2325 4652 lriarto
2360 4614 2413 4666 p.
2443 4597 2570 4662 485,
2598 4607 2761 4666 atque
2786 4599 3035 4652 monetin
3067 4596 3393 4653 Nessell'auo'
3415 4603 3542 4656 bibl.
3580 4601 3704 4658 Vin.-

2132 4667 2328 4721 dobou.
2377 4668 2548 4722 Catal.
2601 4675 2738 4736 part.
2781 4683 2820 4732 ι,
2851 4683 2969 4738 pag.
3017 4667 3142 4734 250,
3191 4671 3313 4723 cod.
3362 4671 3486 4732 155.
3519 4687 3573 4724 n.
3613 4674 3700 4734 11,

447 4751 608 4806 paris.
635 4746 689 4789 et
715 4739 963 4804 plurimis
994 4739 1128 4792 locis
1157 4741 1324 4794 multo
1345 4742 1559 4808 plenior
1585 4756 1648 4795 ac
1671 4739 2021 4807 locupletior;

447 4808 686 4878 accedit,
727 4809 1159 4878 qnod_niaxima
1213 4825 1396 4863 eorum
1449 4825 1596 4878 pars,
1631 4826 1748 4878 qua:
1783 4809 2024 4862 ex‘Ana-

447 4877 620 4926 stasio
655 4875 946 4944 supplctP.
975 4875 1140 4941 Goar,
1171 4893 1238 4932 ex
1272 4875 1460 4948 Gnaeo
1483 4875 1864 4948 hujus-codicis
1895 4893 2026 4932 cou-

450 4955 601 5020 t_estn
636 4949 842 5020 pariter
883 4947 1207 5020 restituitur.
1259 4947 1702 5020 Chrouograpbia
1733 4950 1936 5004 desinit
1968 4950 2018 5002 in

451 5012 656 5064 Basdm
712 5013 1039 5071 Macedone.
1082 5012 1507 5072 Constantinus'
1534 5012 1712 5074 autem
1766 5020 2018 5074 Lascaris

447 5085 688 5135 attesuit
722 5085 901 5138 Basilii
953 5089 1329 5143 Successorum
1374 5091 1570 5142 seriem
1603 5093 1668 5142 ad
1698 5089 2014 5144 Constanti-

450 5168 581 5203 num
642 5168 814 5228 usque
843 5152 930 5218 111,
977 5170 1106 5228 cum
1155 5158 1302 5211 brevi
1375 5161 1798 5228 expugnationis
1859 5161 2010 5211 urbis

448 5235 675 5289 suaque
705 5226 876 5290 ipsius
908 5224 1243 5290 captivitatis
1275 5224 1610 5282 narratione.
1647 5229 1902 5284 Ultimum
1942 5230 2024 5280 lo-

447 5307 572 5369 cum
596 5304 837 5369 _occopat
865 5293 1210 5369 gonstanliui
1243 5297 1466 5351 fratrum
1485 5313 1793 5369 eorumque
1823 5299 2026 5369 sobolis

449 5362 848 5437 notitia,qua_m
871 5361 1133 5437 lriartein
1155 5364 1276 5437 Cat.
1295 5369 1450 5424 codd.
1471 5367 1567 5422 Gr.
1590 5361 1792 5437 Matrit.
1817 5384 1872 5437 p.
1894 5368 2023 5437 481,

445 5428 640 5506 graece
673 5428 968 5506 evolgavit,
1020 5434 1232 5506 aliaque
1260 5435 1396 5491 bene
1441 5432 1759 5502 n0tavit,‘et
1792 5428 2029 5506 reliquos

449 5501 504 5578 in
541 5501 631 5578 illo
663 5501 855 5578 codice
881 5501 1189 5578 complures
1215 5507 1490 5577 catalogus
1519 5501 1765 5563 recenset
1795 5501 2030 5562 chrouo-

445 5566 680 5640 Logicos.
709 5569 840 5640 Pag.
868 5573 959 5634 Δσ,
991 5566 1242 5640 sequitur
1267 5566 1532 5632 narratio.
1562 5579 1725 5632 Ὅσαι
1752 5579 1858 5631 εἰσι
1885 5579 2030 5634 θεῖαι

447 5635 670 5716 Γραφαὶ
693 5635 1199 5720 ὲκύησιαζᾷμὶναι
1228 5646 1324 5698 καὶ
1347 5649 1800 5720 κεκανσνισμέναι
1825 5664 1839 5679 ·
1873 5652 1962 5700 καὶ
1995 5657 2028 5720 ὴ

441 5711 660 5763 τούτων
708 5711 1088 5782 στιχόμετρία.
1127 5715 1219 5778 At,
1270 5730 1402 5771 num
1439 5718 1606 5786 ipsius
1639 5711 1698 5772 Β.
1739 5711 2026 5787 Nicepliori

463 5973 505 5990 ο.

478 6015 508 6038 ο

2130 4751 2432 4812 occurrere
2465 4752 2680 4812 quoque
2725 4738 2954 4812 similem
2996 4741 3250 4809 anonymi
3291 4744 3697 4812 στιχομετρέαν.

2131 4807 2350 4875 Singula
2384 4807 2607 4861 uberius
2628 4809 2866 4876 explicat
2896 4808 3062 4870 idem,
3091 4807 3166 4870 et,
3199 4825 3318 4876 qua:
3349 4807 3604 4865 dl'tl'erant
3633 4818 3700 4864 ab

2130 4878 2372 4950 editione
2421 4879 2567 4950 regia
2612 4875 2795 4950 Paris.
2849 4879 3090 4950 adnotat.
3142 4875 3278 4950 Atltl.
3314 4884 3378 4936 tle
3413 4884 3696 4950 Nicepltmi

2129 4947 2470 5014 aliorumque
2502 4947 2890 5002 sticbometrijs
2927 4946 3160 5004 Nalltan.
3190 4948 3436 5005 Lardner
3464 4957 3516 5004 in
3545 4946 3566 5006 ἰ
3595 4950 3701 5004 The

2126 5017 2419 5086 credibilin
2447 5017 2500 5083 of
2530 5017 2617 5086 tlte
2650 5014 2841 5082 Goepel
2869 5015 3103 5072 Historie
3122 5060 3137 5083 ,
3167 5034 3272 5074 etc.
3305 5023 3410 5076 vol.
3441 5023 3530 5083 XI,
3560 5021 3699 5073 Lun-

2124 5091 2236 5140 diu.
2297 5085 2454 5152 1754,
2495 5103 2550 5138 ιι.
2594 5085 2662 5149 8;
2715 5098 2808 5138 aut
2854 5091 3147 5141 secundum
3214 5094 3513 5146 versionem
3561 5091 3694 5141 Dau.

2125 5155 2532 5228 BrubuLGerm.
2574 5154 2669 5207 Die
2728 5154 3284 5228 Glatldtqurdigkeilen
3312 5166 3404 5214 der
3432 5161 3694 5228 evangeli-

2121 5229 2278 5297 sclren
2307 5225 2628 5297 Geschichte,
2655 5234 2763 5297 etc.
2797 5229 2898 5297 vol.
2932 5225 3022 5289 XI,
3053 5225 3174 5295 cap.
3213 5229 3326 5286 147.
3357 5245 3406 5297 p.
3433 5225 3693 5297 255-2til.

2123 5296 2257 5374 Cp“.
2315 5295 2630 5374 Baumgarl.
2683 5291 3140 5374 ﬂqchriclol._tton
3175 5291 3539 5374 nterkuinrdrg.
3572 5296 3698 5374 ,Βη-

2125 5367 2304 5426 cfiern,
2338 5377 2468 5418 tom.
2505 5367 2566 5425 Χ,
2602 5382 2654 5434 p.
2681 5365 2809 5418 555.
2849 5367 2920 5418 De
2949 5368 3323 5420 stichometria
3353 5383 3401 5419 s.
3447 5365 3696 5422 mensura

2125 5451 2380 5488 versuum
2435 5451 2810 5487 universorum
2859 5449 3083 5504 operum
3127 5435 3191 5489 γ.
3229 5451 3293 5489 ac
3334 5435 3400 5490 N.
3439 5434 3502 5489 Τ.
3551 5454 3644 5492 var
3668 5459 3699 5491 ιι

2127 5521 2314 5560 eorum
2345 5505 2716 5563 distinctione,
2745 5515 2797 5559 et
2827 5505 2880 5558 in
2908 5507 3192 5558 metiendis
3223 5507 3469 5560 versibus
3490 5508 3702 5564 discor-

2137 5578 2221 5628 dia
2258 5577 2310 5626 iu
2351 5577 2627 5628 veteribus
2652 5577 2825 5636 libris,
2853 5579 3014 5627 docte
3039 5577 3148 5640 agit
3173 5575 3468 5630 Salmasius
3499 5597 3549 5631 ιιι
3577 5581 3702 5631 l'iu-

2140 5648 2436 5714 lcgomenis
2485 5647 2537 5696 in
2584 5645 2832 5714 ﬁoliuum
2881 5658 2976 5694 seu
3012 5642 3305 5714 _Ptiuiauas
3382 5650 3697 5702 I'Lttercitatt.

2140 5712 2281 5771 Steti.
2313 5716 2368 5778 4,
2399 5717 2538 5786 plag.
2567 5713 2600 5764 4
2625 5728 2823 5774 avers.,
2850 5723 2904 5764 et
2925 5712 3066 5766 stell.
3095 5714 3150 5769 5.
3352 5715 3522 5774 11ιειι..
