4022 6218
222 301 290 366 15
1221 301 1283 361 S.
1325 299 1810 359 NICEPIIURUS

1889 303 2336 365 '.\'I‘I{IARCIIA
2376 310 2483 370 (ΣΡ.
2593 315 2604 320 ’
3410 305 3477 371 16

218 413 507 474 consulere
538 409 716 482 jubet,
743 419 946 480 praeter
981 396 1228 464 nostrum
1260 407 1496 463 Fabricii
1529 409 1730 473 locum,
1761 409 2022 463 lilansium
2054 413 2104 465 in
2131 412 2536 482 Supplemeutis
2567 422 2631 471 ad
2665 418 2905 482 concilia
2944 433 2972 471 a
3009 417 3225 472 [ιεὼῖιρο
3251 427 3306 470 et
3352 419 3479 473 Cos-

220 503 392 557 sartio
418 499 586 562 edita,
635 507 766 552 tom.
803 495 844 560 I,
876 513 927 566 p.
958 496 1061 550 775
1097 505 1148 550 et
1209 494 1337 561 806,
1394 510 1611 550 urcuon
1652 497 1706 549 in
1737 497 2032 550 novissima
2073 481 2518 571 amplissimaque
2551 481 2911 561 conciliorum
2966 507 3215 560 editione
3269 506 3474 560 Veneta

223 601 352 644 tom.
401 585 541 651 XIV,
572 600 626 654 p.
662 584 764 639 119
809 599 962 652 seqq.
989 594 1074 645 et,
1114 601 1134 634 ι
1177 584 1245 635 ab
1289 583 1354 635 iis
1405 582 1829 650 eruditissimis,
1882 585 1993 649 ait,
2035 585 2338 642 duumviris
2366 628 2382 653 ,
2445 589 2742 658 discimus,
2784 579 2938 656 ³Ιιοε,
2985 593 3050 646 de
3086 593 3294 662 quibus
3331 609 3476 646 nunc
3515 605 3528 616 '

220 691 322 748 ago
346 717 360 743 ,
394 688 632 729 canones
663 686 926 741 nusquam
965 671 1137 724 adhuc
1165 685 1194 722 a
1229 683 1498 738 quoquam
1533 683 1596 724 ea
1623 670 1766 724 serie
1797 679 1963 738 atque
2007 671 2078 725 ita
2109 672 2287 741 plene,
2329 675 2468 728 utin
2505 677 2606 733 hoc
2641 688 2829 732 nostro
2859 681 3045 734 codice
3087 679 3376 742 habentur,
3419 681 3472 732 in

223 766 398 820 lucem
428 777 547 818 esse
574 769 903 832 protractus.
931 776 948 808 ι
985 757 1120 810 Tum
1153 755 1566 846 animadvertit,
1601 757 1653 810 in
1683 757 1805 812 cod.
1842 757 1951 812 283
1977 757 2132 813 Vind.
2166 772 2322 816 antea
2367 763 2478 832 jam
2513 774 2832 829 memorato,
2850 775 3066 820 exstare
3087 781 3152 820 ex
3178 766 3469 836 Nicephori

219 852 520 907 rationibus
553 858 844 918 excerptos
871 861 1110 900 cnnones
1155 843 1514 914 quadraginta
1547 843 1718 896 multo
1755 845 1942 914 utique
1966 847 2176 916 plures,
2216 864 2380 918 quam
2413 867 2477 905 ex
2508 851 2778 905 Cotclcrio
2809 852 3040 905 ediderit
3074 851 3318 909 Mansius
3341 869 3474 908 con-

219 940 469 995 ciliorum
511 935 646 990 edit.
682 934 886 988 noviss.
939 930 1154 986 Veneta:
1205 943 1335 985 tom.
1369 928 1506 995 XIV,
1535 946 1586 1000 p.
1627 931 1766 996 I29;
1808 934 1981 987 codd.
2031 943 2214 989 autem
2245 935 2334 1000 51,
2379 936 2470 1002 52,
2499 937 2588 1003 55,
2636 936 2865 991 Vindob.
2909 937 3102 989 citatos
3151 951 3474 991 conservare

219 1027 438 1081 eosdem
469 1024 617 1092 ipsos
651 1019 1041 1092 septemdecim
1090 1033 1350 1079 canones.
1383 1034 1521 1086 quos
1556 1032 1622 1071 ex
1652 1016 1784 1076 .Jnre
1823 1019 2292 1077 Graeco-Romano
2333 1026 2560 1095 reliquis
2607 1026 2900 1094 prmposoit
2935 1023 3198 1088 Mansius,
3248 1024 3475 1075 laudans

217 1111 587 1167 Conciliorum
620 1107 879 1163 editionis
917 1117 1058 1176 tom.
1107 1103 1248 1169 XIV,
1283 1119 1335 1174 p.
1369 1105 1470 1158 HI)
1501 1121 1515 1159 :
1551 1116 1716 1173 alque
1765 1115 2007 1174 quatuor
2041 1109 2164 1162 illos
2197 1111 2355 1163 codd.
2401 1112 2602 1164 (Σίνων.
2652 1112 2832 1169 futuro
2867 1109 3158 1180 Nicepliori
3209 1123 3474 1163 canonum

217 1199 408 1256 edituri
444 1199 498 1253 in
526 1198 716 1267 primis
749 1195 1113 1250 commemini.
1165 1191 1372 1246 Novam
1411 1206 1542 1246 vero
1572 1193 1870 1248 editionem
1899 1209 2169 1248 canoumn
2203 1210 2325 1250 cum
2361 1213 2537 1267 neque
2564 1214 2658 1252 sua
2683 1199 2825 1253 serie
2857 1213 3036 1266 neque
3061 1197 3208 1266 justo
3250 1209 3476 1249 numero

214 1293 694 1357 circuntfet'autttr,
731 1288 1096 1344 necessariam
1131 1301 1252 1342 esse
1287 1287 1519 1356 judicat.
1550 1285 1792 1354 Denique
1831 1288 2110 1353 observat,
2147 1289 2415 1344 Mansium
2449 1305 2516 1346 ex
2548 1293 2779 1346 diversis
2827 1291 3087 1358 aperibus
3121 1289 3475 1358 depromptos

212 1381 508 1451 protulisse
533 1381 602 1434 69
635 1394 824 1442 cann.;
863 1377 986 1440 sed,
1019 1377 1064 1430 si
1093 1375 1265 1430 semel
1309 1385 1476 1444 atque
1509 1375 1706 1428 iterum
1752 1375 1968 1444 repetiti
2017 1379 2328 1442 demantur,
2381 1375 2830 1448 Iegitimnm‘cum
2865 1379 2968 1430 hoc.
3001 1376 3190 1430 codice
3238 1373 3470 1428 Vindob.

215 1485 500 1524 numerum
536 1467 853 1523 convenire.
884 1493 956 1506 -
986 1463 1190 1520 Eodem
1227 1463 1470 1518 Kollario
1507 1478 1630 1532 pag.
1667 1462 1770 1518 770
1801 1464 1838 1516 I.
1877 1479 1928 1516 c.
1973 1465 2262 1532 prodente,
2297 1466 2349 1518 in
2384 1468 2508 1520 cod.
2544 1466 2669 1530 157,
2705 1483 2759 1522 n.
2795 1466 2829 1521 5
2855 1478 2908 1520 et
2933 1468 2988 1530 ti,
3019 1473 3144 1518 sunt
3178 1463 3279 1518 tria
3311 1460 3474 1513 Nice-

217 1559 375 1625 phori
432 1557 718 1611 Vaticinia.
760 1553 1087 1623 —-Niccph.
1139 1567 1380 1606 canones
1437 1553 1643 1606 Eccles.
1693 1553 1929 1606 citantur
1974 1553 2027 1605 in
2063 1553 2182 1606 cod.
2235 1551 2402 1607 Laur.
2460 1551 2654 1608 Medic.
2692 1553 2750 1613 4,
2791 1553 2842 1607 in
2876 1552 3224 1620 Expositione
3262 1563 3471 1604 saeror.

217 1653 536 1714 prmeptor.
573 1651 630 1696 et
667 1642 717 1694 in
743 1642 865 1696 cod.
897 1640 991 1704 25,
1023 1640 1163 1709 plut.
1198 1645 1254 1705 9,
1289 1641 1403 1692 sive
1454 1637 1610 1692 Thes.
1645 1639 1856 1692 orthod.
1891 1639 2034 1706 ﬁdei.
2071 1637 2212 1692 V.—
2230 1639 2456 1694 Bandin.
2497 1639 2670 1693 Catal.
2706 1640 2862 1694 codd.
2890 1639 2985 1692 Gr.
3028 1629 3132 1690 vol.
3164 1637 3206 1700 1,
3244 1650 3366 1705 pag.
3406 1634 3475 1685 ill)

223 1743 279 1787 et
310 1734 434 1788 454.
476 1759 545 1772 --
581 1728 1059 1801 Κυριακοδρόμιον
1089 1727 1185 1780 τοῦ
1239 1726 1674 1796 ἀρχιεπισκόπου
1718 1725 1811 1780 Nu

1884 1727 2055 1797 ρόρου.
2101 1724 2342 1795 Mosqua:
2369 1742 2432 1780 ex
2463 1725 2604 1782 ofﬁc.
2659 1727 2898 1794 Ridigeri
2943 1735 2997 1780 et
3026 1725 3258 1779 Claudii.
3311 1724 3472 1784 I796,

215 1822 269 1884 9.,
299 1822 403 1873 vol.
433 1818 484 1872 -1,
517 1845 590 1858 --
618 1816 843 1885 Niceph.
878 1815 950 1868 De
985 1815 1090 1882 ﬁde
1121 1813 1431 1867 Christiana
1460 1823 1514 1866 et
1560 1814 1665 1866 alia
1698 1813 1838 1882 Opp.
1891 1815 1942 1866 in
1977 1814 2142 1866 variis
2191 1813 2322 1867 bibl.
2371 1813 2554 1877 obvia,
2586 1829 2706 1882 qua:
2743 1813 2932 1868 Montf.
2970 1816 3022 1866 in
3058 1811 3198 1864 Bibl.
3227 1809 3468 1864 bibliom.

217 1925 340 1962 mss.
382 1905 655 1968 indicarit,
689 1920 752 1959 ea
787 1905 838 1957 in
873 1903 1038 1956 lndic.
1077 1905 1126 1954 v.
1181 1900 1464 1969 Nireplior.
1503 1898 1563 1954 Ρ.
1597 1899 1762 1956 οιιοι.
1813 1915 2026 1968 qnzeras
2087 1899 2268 1954 velim.
2301 1931 2372 1940 —
2397 1899 2612 1954 Fabric.
2665 1901 2804 1954 infra
2853 1899 2904 1952 in
2953 1899 3058 1952 vol.
3108 1896 3194 1956 XI.
3240 1885 3360 1949 libr.
3397 1911 3471 1960 v1,

215 2009 338 2060 cap.
369 1994 422 2058 5,
455 2009 577 2064 pag.
611 1992 716 2047 166
745 2005 898 2059 seqq.
929 1991 1164 2048 reddidit
1189 1989 1283 2043 Cr.
1325 2003 1387 2042 ac
1415 1987 1533 2041 Lat.
1568 2003 1631 2040 ex
1663 1985 1953 2056 Nicephori
1990 1987 2198 2041 CPolit.
2237 1990 2468 2056 epistola
2498 1987 2754 2058 synodica
2787 1987 2851 2039 ad
2887 1986 3121 2038 Leonem
3153 1981 3219 2037 III
3253 1997 3468 2052 papam,

217 2091 424 2151 partem
449 2097 590 2143 eam,
625 2081 678 2132 in
709 2093 812 2147 qua
844 2089 1052 2146 septem
1087 2077 1277 2146 synodi
1323 2077 1561 2129 breviter
1596 2075 1984 2128 describuntur
2015 2083 2064 2127 et
2094 2074 2416 2142 probantur.
2445 2105 2514 2114 —
2540 2074 2870 2142 Nicephoro,
2909 2071 3234 2140 patriarcha:
3257 2067 3469 2122 CPoIiI.

215 2170 269 2221 in
301 2170 420 2220 cod.
459 2165 590 2220 bibl.
641 2164 784 2234 pnbl.
841 2165 1014 2216 Paris.
1055 2163 1215 2227 1575,
1255 2178 1305 2214 ιι.
1339 2161 1394 2224 8,
1429 2161 1688 2214 tribuitur
1723 2159 1953 2213 Carmen
1989 2161 2054 2214 de
2094 2161 2322 2230 jejuniis
2357 2163 2663 2216 Guerorum
2692 2162 2758 2214 ad
2798 2161 3074 2214 Meletium
3113 2159 3471 2215 monachum.

215 2264 268 2308 et
297 2255 581 2308 confector
609 2250 787 2306 Catal.
820 2249 884 2313 II,
915 2265 966 2318 p.
996 2250 1124 2310 3l0.
1153 2250 1418 2302 inedituin
1453 2249 1552 2312 ait,
1588 2255 1646 2300 ut
1702 2249 1803 2318 opii

1883 2263 1900 2300 r
1930 2266 1942 2301 :
1971 2249 2163 2317 incipit
2194 2265 2206 2300 :
2243 2249 2466 2320 Πρῶτος
2503 2248 2882 2318 Σεπτέμϐριος
2911 2245 3055 2316 ἀρχὴ
3089 2245 3349 2315 τυγχάνει.
3379 2243 3471 2295 τοῦ

218 2341 474 2394 ἱνδίκτου.
503 2369 574 2380 -
606 2337 792 2392 Eidem
841 2339 893 2392 in
928 2337 1050 2391 cod.
1091 2335 1296 2390 Veneto
1345 2335 1512 2389 Marc.
1569 2333 1699 2400 408,
1745 2335 2040 2389 ascribitur
2087 2350 2276 2406 opusc.
2319 2334 2385 2388 In
2431 2334 2790 2389 Heradiadem
2823 2342 2874 2386 et
2919 2334 3154 2401 reliquas
3204 2331 3470 2400 improbus

216 2426 481 2492 mulieres,
519 2425 705 2480 forsan
737 2438 804 2477 ex
831 2423 941 2476 alio
971 2410 1139 2492 opere.
1166 2431 1510 2489 excerptum.
1544 2418 1718 2474 11Αιιι..
1820 2480 1823 2482 _
2042 2482 2047 2486 _

286 2519 428 2572 Idem
459 2529 676 2586 quoque
707 2513 872 2568 fuerit
911 2529 1034 2568 cum
1067 2522 1258 2566 nostro
1298 2511 1664 2583 Nicephorus,
1692 2512 2088 2584 cbarto‘phylax
2135 2512 2342 2582 Magna:
2402 2512 2651 2570 ecclesiae
2689 2512 2878 2574 CPoL.
2907 2514 2954 2569 si
2990 2522 3298 2579 verumest
3331 2512 3471 2581 quod

213 2612 434 2659 notatur
471 2603 527 2656 in
554 2599 1122 2670 Urthodoxographis,
1152 2613 1183 2651 a
1211 2599 1648 2670 chartophylacis
1683 2615 1906 2655 munere
1931 2602 2252 2670 pervenisse
2271 2603 2337 2654 ad
2367 2602 2738 2670 episcOpatutn
2763 2603 3014 2656 ecclesia:
3044 2599 3371 2657 CPoIitame.
3401 2601 3473 2653 At

212 2707 358 2747 circa
389 2705 442 2743 a.
476 2690 542 2744 C.
577 2686 683 2742 560
715 2689 918 2741 vixisse
964 2696 1095 2740 tunc
1131 2701 1236 2740 non
1283 2695 1503 2756 potest:
1543 2687 1722 2740 nnllns
1754 2689 1898 2740 enim
1941 2689 2048 2742 illis
2098 2687 2436 2758 temporibus
2485 2691 2772 2758 episcopus
2818 2687 2935 2743 sive
2966 2689 3272 2757 patriarcha
3307 2687 3467 2742 Cl'ol.

215 2778 508 2848 Nicephori
567 2775 806 2829 nomine.
848 2773 1046 2828 Verum
1095 2775 1319 2843 pulchre
1352 2790 1474 2828 cum
1525 2773 1614 2828 illa
1649 2775 1918 2830 sententia
1947 2777 2225 2845 congruit,
2267 2776 2414 2846 quod
2457 2775 2638 2832 Cavco
2684 2776 3026 2844 Nicephorius
3067 2775 3470 2846 chariophylax

214 2867 436 2922 videtur
469 2863 734 2918 claruisse
781 2861 928 2916 circa
959 2877 1010 2917 a.
1039 2860 1102 2916 C.
1135 2861 1262 2916 801.
1319 2862 1698 2916 Patriarcham
1742 2863 1885 2916 enim
1937 2870 2184 2918 creatum
2221 2877 2274 2918 εὶ.
2307 2862 2368 2918 ς.
2398 2861 2527 2926 806,
2555 2864 2666 2932 jam
2699 2878 2729 2916 a
2761 2879 2846 2916 tne
2877 2867 3193 2916 adnotatum
3221 2873 3329 2918 est.
3364 2863 3471 2916 Sed

214 2952 453 3006 vicissim
481 2956 700 3004 exstant
723 2952 789 3002 ad
821 2945 1187 3017 Nicephorum
1244 2949 1726 3019 chartophylacem
1783 2950 2243 3020 interrogationes
2280 2967 2410 3006 mss.
2447 2949 2666 3004 Maximi
2711 2949 2986 3004 monachi.
3020 2947 3158 3004 Vide
3213 2949 3469 3003 Lambee.

215 3042 308 3096 hb.
337 3057 412 3106 τι,
449 3055 504 3108 p.
534 3039 622 3093 56.
657 3038 762 3104 Qui
801 3035 1094 3098 Maximus,
1124 3040 1168 3090 si
1196 3037 1334 3090 idem
1371 3037 1444 3090 sit
1464 3052 1587 3090 cum
1621 3037 1932 3092 confessore
1961 3055 2012 3094 a.
2044 3041 2107 3096 C.
2149 3038 2255 3094 672
2290 3039 2568 3103 defuncto,
2618 3040 2782 3093 etiam
2833 3037 3198 3108 Nicephorum
3227 3039 3368 3092 hunc
3402 3037 3471 3090 ad

214 3129 470 3182 su'culttttt
505 3126 792 3194 septimum
827 3120 1017 3176 referri
1052 3133 1214 3190 atque
1247 3138 1274 3174 a
1321 3123 1628 3190 patriarcha
1656 3123 2166 3195 distiuguioportet.
2199 3127 2273 3184 Ut
2300 3141 2357 3182 ut
2405 3128 2494 3194 sit,
2538 3127 2823 3197 Nicephori
2849 3127 3305 3196 Chartopbylacis
3325 3124 3468 3178 Fra-

213 3223 479 3284 gmentum
512 3227 576 3264 ea:
601 3209 824 3279 epistola
853 3209 920 3262 ad
946 3208 1318 3272 Theodosium,
1347 3213 1674 3262 monachum
1703 3211 2065 3280 Corinthium,
2098 3215 2170 3268 De
2203 3199 2409 3284 ligandi
2433 3215 2767 3285 solvendique
2794 3225 3076 3283 potestate,
3117 3213 3307 3266 Latine
3336 3213 3470 3280 lepi-

220 3313 306 3354 tur
336 3300 388 3354 iu
426 3297 974 3364 Orthodoxographis
1015 3311 1068 3350 a.
1113 3295 1274 3362 1555,
1320 3311 1370 3365 p.
1415 3297 1554 3361 9'56;
1589 3307 1646 3351 et
1679 3315 1728 3352 a.
1761 3299 1920 3364 1569,
1955 3315 2076 3370 pag.
2121 3300 2226 3368 7i;
2261 3310 2318 3356 et
2368 3301 2436 3356 ad
2488 3302 2696 3356 calcem
2741 3299 3046 3355 Philastrii.
3098 3299 3262 3352 Basil.
3308 3299 3468 3364 1559,

210 3389 272 3450 Β,
315 3403 437 3457 pag.
473 3385 578 3440 401
619 3400 735 3452 seq.
773 3400 788 3437 :
827 3394 989 3452 atque
1030 3383 1084 3438 in
1135 3384 1463 3449 quibusdam
1517 3383 1654 3438 Bibl.
1693 3385 1916 3440 Patrum
1947 3387 2125 3452 editt.,
2166 3399 2224 3443 ut
2255 3389 2426 3460 Lugd.
2477 3397 2610 3442 tom.
2655 3387 2788 3452 XII,
2843 3402 2967 3456 pag.
3010 3386 3112 3440 547
3138 3400 3152 3450 ;
3183 3392 3236 3437 rt
3279 3385 3466 3438 Colon.

223 3489 350 3529 uno.
388 3472 496 3536 VII,
523 3483 576 3526 et
607 3471 784 3526 Paris.
814 3471 978 3535 158),
1016 3471 1172 3536 1654,
1207 3481 1340 3526 tom.
1374 3469 1442 3526 III
1471 3471 1573 3542 (g).
1603 3471 1862 3542 Epistulae
1889 3476 2010 3527 dum
2039 3478 2108 3530 ad
2143 3476 2392 3531 eumdem
2422 3475 2790 3530 Theodosium
2821 3477 2886 3530 de
2917 3474 3470 3542 qtuestionibus.qni-

221 3566 470 3627 IlIIatIalII,
497 3560 688 3618 Graece
716 3573 770 3614 et
801 3557 998 3612 Latine
1044 3568 1260 3614 exstant
1291 3559 1342 3613 in
1373 3555 1507 3613 lure
1551 3557 1736 3614 Gra’co
1773 3558 2007 3616 Romano
2045 3563 2272 3618 It‘reheri
2311 3573 2444 3616 tom.
2479 3563 2518 3626 l,
2554 3577 2676 3632 pag.
2727 3561 2992 3624 511ὲ541,
3034 3571 3112 3616 et.
3135 3562 3186 3614 in
3231 3563 3469 3616 editione

222 3651 566 3706 Iinneiiiliana
597 3647 772 3703 Graec.
800 3663 853 3718 p.
891 3647 1012 3714 197,
1035 3656 1088 3702 et
1117 3646 1236 3702 Lat.
1266 3661 1320 3716 p.
1347 3647 1476 3704 2'53.
1504 3645 1757 3702 Occurrit
1781 3647 1946 3702 etiam
1965 3649 2158 3704 Latine
2183 3651 2234 3702 in
2258 3649 2568 3716 Appendice
2593 3650 2659 3700 ad
2687 3647 2829 3700 Bibl.
2865 3648 3088 3701 Patrum
3121 3647 3465 3717 Bigneauam.

220 3759 269 3794 a.
303 3738 466 3800 1579,
496 3747 552 3791 et
585 3739 636 3789 in
666 3735 903 3799 caeteris,
938 3749 1073 3804 quas
1115 3735 1226 3802 jam
1262 3737 1584 3799 memoravi,
1621 3735 1969 3789 Bibliotheca:
1995 3734 2218 3788 Patrum
2263 3735 2612 3794 editionibus,
2651 3747 2706 3786 ut
2746 3733 2919 3804 Lugd.
2959 3745 3089 3788 tom.
3123 3735 3239 3796 XII,
3279 3752 3330 3804 p.
3365 3734 3468 3788 516

219 3843 332 3896 seq.
373 3825 536 3878 Fasti.
585 3823 805 3875 Maximi
856 3823 1107 3876 monachi
1137 3823 1462 3885 Quaestione:
1497 3837 1662 3876 sacra:
1695 3819 1922 3876 Miscell.
1949 3823 2016 3874 ad
2075 3819 2358 3890 Niceplior.
2393 3822 2664 3890 charta/.11.
2711 3833 2836 3876 sunt
2869 3823 2920 3876 in
2955 3823 3077 3879 cod.
3113 3823 3345 3880 Vi..dob.
3377 3823 3466 3886 17,

218 3917 270 3968 5.
321 3914 378 3967 V.
411 3911 665 3965 Lambec.
699 3908 912 3962 Comm.
945 3908 1032 3972 VI,
1065 3918 1206 3978 part.
1239 3922 1280 3974 ι,
1310 3924 1362 3978 p.
1397 3907 1520 3962 125.
1557 3908 1611 3962 In
1641 3905 1764 3962 cod.’
1793 3905 1806 3958 l

1879 3907 1932 3962 ιΙ.
1964 3908 2196 3963 Vindob.
2234 3907 2321 3974 12,
2355 3925 2410 3961 n.
2446 3907 2510 3960 17
2561 3921 2617 3962 et
2654 3909 2744 3969 18,
2781 3911 2906 3962 sunt
2941 3912 3061 3964 dna:
3103 3911 3203 3964 illa:
3230 3911 3467 3978 cpistola:

220 4002 446 4068 Nicepb.
476 3995 818 4066 chartopbyl.
871 3996 937 4046 ad
973 3995 1332 4050 Theodosium
1383 3995 1742 4058 monachum,
1777 3998 2086 4062 canonica;
2121 4006 2285 4066 atque
2327 3996 2531 4050 Kollar.
2575 3997 2628 4051 in
2660 3996 2940 4066 Supplem.
2973 3999 3040 4051 ad
3077 3997 3266 4055 Lamb.
3307 3999 3467 4051 Cotu-

223 4097 388 4141 mcnt.
421 4085 527 4139 col.
565 4083 664 4138 117
691 4097 806 4150 seq.
849 4097 958 4136 una
997 4084 1174 4136 solum
1206 4083 1538 4152 suspicatur,
1570 4081 1937 4151 Nicephorum
1977 4083 2462 4154 ehartopbylacem
2515 4084 2768 4138 ﬂoruisse
2800 4085 3020 4139 ineunte
3047 4087 3245 4139 sa’cnlo
3288 4101 3462 4147 nono;

225 4183 317 4228 sed
356 4174 522 4228 etiam
555 4172 802 4235 adnotat,
833 4171 954 4223 cod.
991 4169 1196 4224 Caesar.
1237 4179 1292 4223 ct
1325 4169 1607 4238 aliquanto
1654 4169 2014 4238 copiosiorem
2045 4185 2169 4223 esse
2205 4172 2456 4239 exemplo
2503 4169 2858 4235 Freheriano,
2889 4180 2944 4225 et
2967 4173 3104 4223 adeo
3147 4171 3366 4224 diiferre
3399 4175 3466 4223 ab

223 4277 308 4324 eo,
347 4271 405 4314 ut
427 4261 491 4312 ad
521 4273 640 4312 eam
687 4259 1062 4312 diversitatem
1106 4259 1640 4312 commonstrandam
1676 4273 1811 4310 nova
1838 4256 1982 4311 illius
2013 4257 2253 4312 editione
2282 4271 2420 4326 opus
2447 4259 2538 4310 sit.
2579 4257 2628 4310 In
2656 4258 2823 4310 altera
2855 4271 3094 4326 quoque.
3126 4273 3250 4311 cum
3288 4262 3469 4326 priore

225 4349 483 4402 ευιιιίιιιιο
517 4344 744 4412 scripta,
773 4345 1004 4412 epistola
1039 4344 1189 4398 locus
1219 4343 1288 4396 de
1324 4342 1552 4397 Joannis
1590 4343 1863 4397 Nesteuta:
1891 4343 2072 4397 libello
2107 4343 2494 4409 Pmnitentiali,
2527 4353 2584 4396 ut
2615 4344 2923 4412 suspicatur
2957 4344 3250 4408 Kollarius,
3277 4356 3330 4397 et
3359 4347 3463 4397 alia

221 4434 622 4504 quamplurima
651 4433 988 4504 emendatius
1041 4443 1094 4486 et
1143 4431 1354 4500 plenius
1383 4432 1434 4484 in
1459 4433 1584 4486 cod.
1620 4429 1852 4485 Vindob.
1872 4429 2073 4499 scripta
2118 4443 2446 4497 sunt,quam
2479 4445 2508 4483 a
2538 4427 2782 4484 Frehero
2811 4430 3028 4485 fuerunt
3057 4433 3196 4502 typis
3229 4433 3468 4486 edita.—

229 4501 305 4576 lils
334 4501 582 4589 epistolis
623 4501 848 4585 Niceph.
882 4518 1228 4586 chartophyl.
1261 4520 1327 4570 ad
1363 4517 1747 4580 Theodosium,
1781 4521 2100 4570 monachum
2131 4517 2494 4582 Corinthium,
2523 4518 2929 4573 continentibus
2973 4501 3300 4573 solutionem
3329 4535 3467 4588 qua.

228 4609 472 4663 rnmdam
498 4605 888 4674 quaestionum,
912 4613 1168 4672 excerpta
1192 4612 1320 4657 sunt
1339 4605 1390 4656 iu
1415 4606 1537 4658 coil.
1567 4603 1730 4659 Laur.
1767 4603 1956 4660 Medic.
1986 4604 2052 4668 Il,
2080 4621 2137 4658 η.
2157 4605 2248 4668 82,
2278 4605 2412 4674 plut.
2444 4605 2498 4670 5,
2523 4615 2576 4660 et
2608 4604 2842 4660 Bandin.
2873 4609 2924 4660 in
2951 4608 3069 4677 Cat,
3097 4609 3254 4663 codd.
3277 4607 3372 4662 Cr.
3399 4608 3464 4674 ll,

229 4712 352 4766 pag.
379 4695 435 4758 9,
469 4693 622 4762 plura
653 4693 742 4746 hic
770 4706 892 4745 esse
919 4701 1196 4760 excerpta,
1233 4708 1396 4762 quam
1431 4692 1482 4745 in
1511 4691 1820 4747 Lennclavii
1852 4694 1984 4750 Jure
2013 4693 2109 4750 Gr.
2141 4695 2294 4751 Rom.
2338 4697 2433 4753 lib.
2460 4713 2512 4761 v,
2541 4714 2592 4768 p.
2619 4697 2708 4758 54.
2739 4698 3012 4753 observat.
3045 4730 3110 4740 --
3141 4698 3198 4752 In
3228 4699 3465 4767 Decreio,
3487 4692 3508 4716 '

226 4797 371 4837 edito
407 4781 558 4836 circa
588 4781 844 4832 unionem
876 4779 1068 4848 synodi
1103 4794 1228 4832 eum
1255 4777 1439 4833 Leone
1467 4779 1898 4837 Chalcedonensi
1925 4794 1980 4836 et
2013 4786 2158 4838 circa
2185 4784 2328 4853 piam
2358 4785 2681 4838 sententiam
2709 4789 2773 4837 de
2800 4784 3119 4838 adoratione
3147 4785 3464 4853 imaginum,

228 4878 294 4922 ah
333 4873 660 4938 imperatore
715 4866 906 4918 Alexio
954 4863 1233 4918 Conmeno
1279 4866 1444 4934 (quod
1503 4867 1779 4922 decretum
1826 4867 2120 4924 Moutfauc.
2171 4872 2224 4924 in
2273 4870 2528 4924 Biblioth.
2574 4867 2744 4924 Coisi.
2795 4888 2846 4939 p.
2889 4870 2992 4926 105
3045 4888 3200 4942 seqq.
3247 4888 3309 4926 ex
3345 4875 3469 4925 cod.

227 4959 453 5010 t.o:s|in.
485 4953 576 5019 56,
620 4953 808 5006 Cratce
839 4966 961 5004 cum
995 4949 1116 5004 Lat.
1149 4951 1404 5008 versione
1438 4953 1723 5024 vulgavit),
1760 4957 1904 5010 inter
1943 4969 2305 5028 congregatos
2341 4968 2636 5012 occurrunt
2668 4956 3032 5028 Nicephortts,
3083 4957 3312 5030 Gangiaa
3354 4959 3469 5030 epi-

230 5058 451 5110 s‘t'nptts,
485 5049 540 5094 et
566 5035 1218 5105 N:ccphorns'diaconus,
1246 5039 1376 5092 olim
1426 5041 1840 5112 chartophylax.
1866 5072 1936 5082 —
1965 5043 2018 5098 In
2045 5048 2144 5098 cod
2163 5044 2502 5114 Coislin.(l’.
2535 5044 2829 5099 Montfanc.
2864 5045 3003 5099 Bibl.
3038 5045 3206 5100 Coisl.
3234 5062 3288 5116 p.
3317 5049 3469 5117 5'25),

232 5131 466 5198 Epistula
503 5127 569 5181 ad
603 5123 956 5186 Methodium.
982 5140 1128 5180 mon.
1151 5126 1534 5193 responsiones
1550 5129 1616 5181 ad
1640 5129 1702 5181 I7
1740 5128 2071 5200 interrogata
2125 5134 2612 5200 comprehcmleus,
2661 5133 2924 5187 tribuitur
2968 5133 3276 5200 Theodoro,
3309 5151 3470 5203 quam

229 5223 328 5270 snh
360 5213 582 5284 Niceph.
611 5209 772 5266 CPol.
817 5209 1037 5264 nomine
1059 5207 1160 5266 Gr.
1186 5223 1240 5266 et
1271 5211 1394 5266 Lat.
1423 5213 1660 5284 vulgavit
1687 5213 1923 5272 Coteler.
1967 5229 2100 5274 tom.
2141 5217 2186 5272 II
2217 5218 2606 5274 Maiiumeiitor.
2645 5217 2899 5275 Ecclesia:
2925 5219 3020 5276 Gr.
3061 5239 3114 5292 p.
3142 5223 3267 5277 455.
3301 5223 3472 5279 ιΙΑιιι..

311 5301 426 5356 l'ita
458 5300 701 5372 Dionysii
762 5300 1123 5368 Areopagitav,
1159 5315 1280 5369 quae
1314 5299 1620 5368 Nicephoro
1667 5302 1960 5361 CPoIitano
2007 5307 2268 5360 tribuitur
2319 5307 2370 5359 in
2403 5306 2664 5376 Catalogo
2702 5305 3017 5364 Baibcrina:
3047 5310 3174 5365 bibl.
3209 5325 3264 5366 ct
3295 5319 3476 5366 exstat

232 5395 284 5443 in
319 5391 452 5445 edit.
486 5390 725 5460 D'onysii
753 5386 1091 5443 Cordcriaua
1119 5397 1248 5443 tom.
1279 5387 1340 5452 Il,
1370 5403 1496 5460 pag.
1517 5389 1641 5453 201,
1673 5393 1838 5459 petita
1861 5403 1945 5446 est
1970 5409 2033 5447 ex
2062 5393 2200 5446 libro
2227 5410 2264 5448 ιι
2301 5392 2588 5462 Nicephori
2611 5393 2820 5450 Callisti
2857 5395 3004 5452 Hist.
3028 5399 3208 5451 eceles.
3234 5413 3354 5468 cap.
3381 5401 3472 5453 '20.

237 5477 704 5546 Qeetuadmodum
739 5473 959 5529 Scholia
997 5477 1048 5529 iu
1083 5475 1400 5545 Synesium,
1439 5478 1614 5532 eidem
1647 5477 1956 5549 Niccpltoro
2010 5479 2307 5536 CPolitano
2359 5485 2595 5551 ascripta
2627 5483 2680 5536 in
2713 5482 2904 5538 eodem
2935 5483 3223 5554 Catalogo,
3265 5505 3413 5539 Cullat
3458 5497 3477 5539 t

301 5612 378 5682 (ς)
413 5609 556 5692 Alias
588 5611 709 5692 edd.
737 5611 892 5692 main.
922 5610 1267 5692 Catal._bib_l.
1300 5613 1603 5692 Leidcpsis,
1631 5590 1794 5692 p.38.

1943 5627 2031 5692 ala
2062 5633 2115 5692 p.
2147 5617 2364 5692 52).est
2403 5618 2690 5692 Ἐπιστολὴ
2713 5619 3030 5690 Νικηφόρον
3063 5622 3360 5692 χαρτοςρύὶί
3382 5638 3477 5686 κος
3522 5671 3531 5682 ,

253 5679 388 5735 -"m
432 5685 528 5736 cod
603 5679 692 5741 52.
723 5697 778 5739 ιι.
809 5681 841 5737 9
877 5683 1039 5745 (teste
1077 5681 1313 5738 Matthtri
1350 5685 1402 5738 iu
1439 5679 1642 5740 Notitia
1682 5689 1798 5742 Iau-

1725 5705 1798 5741 iu-
1912 5688 1984 5739 Τὸ
2015 5679 2162 5742 New
2192 5679 2286 5742 δέαὶ
2306 5689 2526 5758 δεσμεῖν
2554 5692 2665 5752 τοῖς
2679 5679 3029 5760 ’ἀρχιε’ῥεῦσι.
3063 5679 3094 5692 ”
3137 5679 3313 5746 Iliun.
