3938 6220
435 271 508 335 39
1434 270 1496 328 s.
1536 265 1953 329 NlCEl‘IlOlti
1996 264 2506 328 PATRIARCIIE
2557 266 2664 326 cr.
2933 222 2979 265 ’
3621 276 3674 340 io

442 387 684 442 Vitarnm
730 396 1044 440 sanctorum
1084 384 1308 441 Patrum
1336 388 1403 438 ad
1438 384 1584 438 hunc
1618 383 1683 438 l3
1718 382 1932 447 llartii;
1962 391 2018 436 et
2045 389 2092 444 Α
2119 383 2247 452 quia
2276 383 2390 436 haec
2430 397 2496 436 ex
2549 397 2736 439 amore
2766 398 2931 441 ausus
2958 401 3107 446 sum.
3158 402 3280 458 qua:
3308 387 3442 456 dixi,
3503 405 3675 447 sacras

437 494 504 534 ex
539 493 606 533 eo
637 476 858 538 Surius.
897 491 1061 546 quam
1092 492 1192 532 nos
1236 490 1378 530 novo
1410 474 1598 529 labore
1625 487 1973 528 exornamus.

507 570 565 627 ὅ.
604 568 780 625 Natus
807 575 892 623 est
929 577 1155 622 sanctus
1199 565 1539 635 Nicepltorus
1583 573 1704 634 post
1757 561 2016 617 concilia-

440 660 626 717 bulum
656 657 985 730 Copronymi
1017 658 1165 714 circa
1192 671 1396 711 annum
1441 655 1568 719 758,
1596 652 1884 708 ordinatus
1915 666 2014 720 pa-

441 754 681 806 triart'lta
718 752 787 804 t2
837 751 1061 822 Aprilis,
1095 751 1216 822 ipso
1247 749 1337 803 die
1354 745 1654 802 Paschalis
1686 760 1832 800 anno
1860 742 1965 798 806
1995 761 2010 811 ;

438 843 656 913 prat’nit
692 841 950 896 Ecclesiae
982 856 1094 895 suae
1127 853 1305 894 annos
1336 850 1553 901 novem,
1606 835 1828 904 dempto
1853 833 2014 889 unico

439 947 647 994 mense,
667 932 722 986 in
744 932 999 987 exsilium
1020 931 1304 1000 ablegatus
1321 943 1466 985 anno
1485 926 1592 982 8l5
1607 927 1698 982 die
1719 927 1786 982 l5
1800 925 2008 981 Martii:

439 1023 494 1077 in
510 1021 706 1077 exsilio
724 1022 860 1078 vixit
879 1021 1040 1077 annis
1066 1020 1355 1085 tredecim,
1380 1018 1592 1074 decimo
1619 1027 1814 1088 quarto
1835 1016 2012 1072 exsilii

436 1121 628 1166 sarrcte
662 1119 910 1166 mortuus
940 1109 1033 1166 die
1071 1109 1315 1165 secundo
1338 1106 1482 1164 Junii
1510 1106 1637 1160 anni
1671 1103 1779 1161 828
1807 1118 1823 1158 :
1855 1105 2014 1175 cujus

437 1218 638 1271 corpus
662 1205 731 1256 ab
760 1203 956 1257 exsilio
984 1200 1215 1256 relatum
1242 1208 1324 1255 est
1347 1212 1493 1252 anno
1516 1194 1643 1252 846.
1675 1195 1807 1262 Quae
1828 1193 2010 1248 omnia

438 1290 575 1347 infra
601 1306 668 1347 ex
728 1292 860 1362 ipsis
921 1291 1073 1346 Actis
1133 1295 1407 1345 constant.
1461 1285 1658 1341 Libros
1685 1283 1755 1337 ab
1783 1296 1851 1337 eo
1875 1296 2010 1337 con-

436 1384 670 1453 scriptos
700 1392 825 1454 post
854 1381 992 1437 alios
1025 1389 1248 1437 enarrat
1279 1378 1564 1448 Philippus
1591 1375 1776 1431 Labbe
1806 1374 1861 1428 in
1892 1372 2013 1429 Dis-

436 1474 736 1526 sertatioue
767 1472 832 1526 de
874 1470 1236 1539 scriptoribus
1282 1464 1689 1526 ecclesiasticis,
1722 1477 1882 1533 quem
1911 1477 2010 1516 cu-

442 1564 623 1620 riosus
642 1563 816 1618 lector
836 1563 1085 1616 consulat
1106 1581 1120 1615 ;
1153 1558 1384 1627 plurima
1413 1570 1481 1610 ex
1504 1555 1860 1610 Confessicne
1887 1551 2008 1606 lldei

438 1657 504 1711 ad
567 1655 804 1710 Leonem
835 1669 1030 1725 papam
1065 1653 1258 1714 missa,
1288 1650 1364 1702 uti
1395 1657 1452 1703 et
1489 1663 1556 1702 ex
1588 1645 1866 1715 opusculis
1890 1643 2010 1710 ejus

2117 488 2309 542 preces
2337 484 2457 527 tuas
2486 476 2799 542 impertiens
2830 494 2844 530 :
2871 487 2927 529 ut
2952 478 3211 535 minimus
3237 479 3382 535 ﬁlius
3416 490 3543 535 tuus
3571 497 3676 538 esse

2116 560 2224 616 n‘on
2260 565 2530 630 desinam,
2584 566 2965 635 qnlomnium
3016 569 3250 624 maxime
3305 570 3514 649 inutilis
3569 590 3673 631 sum

2116 662 2340 724 propter
2382 666 2629 724 peccata.
2690 675 2709 708 ι
2766 658 2887 713 llaec
2932 661 2999 714 ad
3048 657 3415 730 Nicephorum
3467 678 3674 722 sanctus

2118 744 2444 801 Theodorus
2481 748 2724 803 Studlta.
2766 749 2917 805 Hauc
2943 752 3009 805 ad
3040 756 3173 807 Acta
3196 755 3372 807 sancti
3396 754 3670 826 Nicephori

2125 839 2467 906 progressuri
2500 841 2866 910 praeponimus
2887 836 3163 909 epistolam
3192 847 3474 899 rcverendi
3507 845 3672 904 Panis

2114 925 2388 982 Francisci
2407 929 2745 993 Gotubeftsii,
2761 928 2984 986 Ordinis
3001 931 3251 986 Fratrum
3268 935 3668 992 l’raedicatortun

2113 1016 2342 1074 Parisiis
2384 1019 2452 1075 ad
2497 1030 2699 1076 sanctae
2732 1021 2917 1077 Mariae
2967 1025 3312 1097 Ariminumita:
3367 1028 3520 1082 nobis
3553 1034 3671 1083 ruis.-

2111 1125 2251 1164 sam.

2184 1201 2240 1256 5.
2277 1202 2601 1258 Provocavit
2633 1204 2830 1261 vestris
2860 1203 3143 1260 laboribus
3175 1207 3493 1274 productus,
3527 1207 3676 1260 mihi-

2113 1309 2222 1365 que
2259 1307 2517 1365 aSpectus
2549 1295 2746 1366 triplici
2794 1297 2986 1366 grandi
3022 1297 3292 1354 volumine
3334 1298 3674 1362 Februarius,

2111 1393 2172 1436 ut
2222 1397 2279 1439 et
2331 1395 2646 1454 exspectato
2679 1385 2877 1441 Martio
2927 1386 3138 1456 aliquid
3193 1389 3478 1459 adjntricis
3508 1406 3677 1460 opera:

2108 1473 2361 1529 conferre
2393 1476 2706 1545 studerent;
2757 1493 2824 1533 ac
2849 1478 2897 1534 si
2953 1477 3086 1550 quid
3129 1479 3259 1535 mihi
3295 1496 3328 1536 e
3369 1489 3675 1536 sanctorum

2112 1565 2286 1628 Actis,
2311 1580 2434 1635 quin
2459 1581 2558 1622 vos
2579 1570 2900 1634 deficerent,
2925 1572 3224 1642 repositum
3249 1573 3490 1648 esset,id
3523 1575 3576 1628 in
3605 1575 3676 1628 rei

2111 1654 2441 1712 Christianae
2469 1659 2842 1742 commodum,
2891 1661 3206 1733 Christique
3257 1679 3320 1718 ac
3370 1677 3676 1720 sanctorum

439 1749 702 1802 adversus
738 1747 1154 1811 ιεοιιοηιθειιοε,
1197 1743 1336 1799 illi“!
1383 1742 1438 1796 ἱιι
1474 1740 1642 1823 ,Αειίει
1675 1736 2006 1792 referuntur.
2041 1726 2081 1779 Β
2114 1747 2340 1816 gloriam
2385 1726 2772 1820 evulgandu'n),
2813 1755 3168 1823 pmpensiure
3208 1756 3390 1811 animo
3423 1757 3680 1811 submini-

438 1839 748 1893 Futtttlial‘is
780 1847 972 1892 sancto
1017 1835 1325 1904 Nicephoro
1361 1814 1728 1900 fuit'magnus
1757 1827 2013 1882 Theodo-

444 1948 534 1984 tus
561 1930 798 1995 S'ndita,
829 1928 985 1998 cujus
1012 1926 1300 1998 epistolam
1336 1925 1461 1980 huic
1487 1925 1540 1978 in
1565 1918 1761 1978 exsilio
1789 1918 2011 1974 missam

438 2022 528 2076 hic
551 2019 785 2077 damus':
815 2033 871 2076 et
889 2032 974 2077 est
995 2019 1260 2089 ejusmodi
1284 2036 1301 2074 :

507 2112 559 2167 Δ.
590 2130 610 2164 ι
630 2113 765 2168 Cum
795 2124 1176 2182 saepenumero
1197 2112 1263 2165 ad
1287 2125 1502 2170 sacrum
1532 2106 1886 2164 beatitudinis
1909 2113 2016 2161 tuae

440 2206 702 2261 verticem
733 2205 982 2280 scribere
1006 2202 1390 2266 instituissem,
1437 2200 1623 2256 desritl
1655 2203 1726 2255 ab
1778 2201 2013 2266 inceptu,

439 2301 641 2373 partim
669 2299 1011 2369 indignitatis
1035 2312 1170 2353 meae
1207 2295 1682 2363 consideratione;
1706 2292 1903 2359 partim
1943 2304 2010 2341 ex

438 2391 757 2447 infirmitate
779 2406 848 2447 ex
869 2389 1128 2444 aerumnis
1147 2396 1273 2440 nata
1297 2385 1646 2456 praepeditus.
1676 2381 1832 2435 Nunc
1856 2394 2010 2441 vero,

441 2494 734 2552 atrumque
767 2479 1190 2552 parvipendens,
1220 2487 1276 2532 et
1315 2472 1587 2529 Trinitate
1618 2470 1812 2537 frctus,
1846 2469 2011 2524 miser

438 2575 554 2630 haec
576 2575 706 2628 dico
742 2588 756 2626 :
790 2572 1000 2640 Gaude,
1033 2584 1163 2627 vere
1184 2570 1361 2625 vietor
1389 2565 1686 2636 impietatis
1714 2563 1809 2633 qui
1838 2562 2012 2615 virtu-

432 2658 552 2721 tum
613 2665 891 2735 quadrigis
936 2663 1060 2719 fidei
1112 2676 1335 2718 cursum
1389 2671 1766 2713 consummas.
1825 2652 2010 2713 Salve,

441 2772 634 2826 magne
672 2754 748 2807 sol
773 2752 1039 2807 doctrinae
1079 2748 1420 2812 orthodoxae,
1469 2744 1623 2812 cujus
1651 2740 2012 2798 confessionis

439 2851 614 2903 radit's
639 2845 926 2900 universus
950 2843 1102 2898 orbis
1131 2840 1458 2896 illustratur.
1483 2835 1668 2899 Salve,
1703 2847 2014 2905 pr0pugna-

441 2948 526 2992 tor
577 2935 846 3001 veritatis,
900 2943 1147 2988 veterum
1203 2930 1519 2986 sanctoru‘m
1561 2929 1736 2982 instar
1793 2920 2013 2978 virtutis

2114 1848 2370 1894 strarem.
2389 1839 2842 1899 Occurritantem
2859 1848 3175 1917 cumprimis
3203 1850 3532 1905 sanctissimi
3563 1865 3682 1905 ron-

2115 1926 2367 1995 fessoris,
2405 1931 3026 2007 Constantinopolitanae
3073 1940 3225 1994 urbis
3288 1942 3679 2012 arrb‘ep:scopi

2117 2033 2179 2072 ac
2211 2024 2541 2088 patriarchae
2560 2023 2852 2095 Nicephori
2882 2028 2992 2084 vita
3021 2039 3188 2100 atque
3207 2041 3504 2098 certamen,
3529 2032 3684 2104 lgna-

2119 2108 2194 2167 tio
2215 2108 2471 2169 Ecclesiae.
2502 2115 2722 2185 majoris
2769 2119 3002 2174 discerno
3033 2135 3099 2175 ac
3144 2135 3400 2176 vasorum
3437 2130 3682 2188 custode.

2114 2202 2401 2270 eidemque
2427 2204 2733 2273 Nlcepboro
2750 2208 2967 2273 aequali,
3004 2224 3111 2263 non
3143 2210 3346 2266 inculto
3385 2222 3480 2267 aut
3510 2218 3686 2272 minus

2111 2300 2368 2343 accurato
2387 2301 2644 2346 auctore:
2677 2308 2872 2348 munus
2890 2296 3102 2350 scilicet
3121 2297 3320 2354 Leonis
3345 2301 3548 2366 Allatii,
3578 2305 3682 2358 viri

2110 2379 2413 2435 doctissimi
2442 2395 2509 2436 ac
2559 2383 2904 2451 amicissimi,
2957 2386 3215 2444 Romanis
3263 2405 3332 2446 ex
3378 2393 3678 2461 codicibus,

2111 2473 2238 2527 dum
2281 2474 2326 2529 is
2353 2475 2637 2532 meditanti
2660 2495 2840 2549 opt-rae
2873 2481 3078 2553 aliquid
3106 2485 3160 2539 in
3189 2483 3519 2555 Nicephoro,
3546 2489 3688 2557 ejus-

2111 2581 2218 2636 que
2245 2566 2368 2623 luce
2397 2569 2728 2625 clarioribus
2772 2574 3162 2643 monumentis,
3205 2577 3380 2632 vicem
3442 2579 3687 2649 aliquam

2110 2666 2453 2725 acceptorum
2501 2673 2531 2710 a
2573 2675 2658 2714 me
2706 2661 2898 2730 inclyti
2951 2662 3305 2722 nihilominus
3359 2667 3690 2724 confessoris

2110 2744 2330 2816 Georgii
2346 2744 2652 2804 Metochita
2675 2749 2940 2806 librorum
2962 2754 3226 2826 quinque,
3248 2758 3451 2828 quibus
3478 2769 3686 2816 tomum

2113 2834 2344 2890 alterum
2373 2835 2598 2893 Graecia:
2649 2852 2764 2895 suae
2794 2842 3112 2900 orthodoxae
3161 2845 3345 2918 Regiis
3393 2863 3461 2904 ex
3486 2850 3692 2907 codici-

2115 2922 2215 2979 bus
2237 2926 2502 2996 praeclare
2524 2926 2748 2992 (litaret,
2782 2931 3050 2999 rependit.
3086 2932 3274 2991 Graeca
3299 2935 3491 3006 lgnatii
3518 2953 3687 3010 quam

440 3029 848 3098 μιιιιιιιτίιιιιιίιιθ
877 3026 1176 3082 collucens.
1206 3021 1519 3115 Reliquisti‘
1544 3017 1822 3115 excelsum
1852 3016 2008 3070 thro-
2036 3060 2082 3115 Ο
2117 3012 2269 3115 licuit
2292 3012 2460 3115 clare,
2489 3015 2702 3115 fidaque
2726 3017 3045 3115 interpretis
3075 3037 3240 3093 opera
3277 3026 3502 3081 reddidi.
3530 3027 3692 3084 llaud

440 3096 567 3176 num
598 3121 717 3191 ejus
742 3133 933 3184 causa,
981 3117 1072 3186 qui
1107 3115 1463 3184 semetipsum
1509 3109 1815 3166 lmmiliavit
1841 3121 2012 3176 usque
2037 3096 2082 3119 "
2111 3103 2346 3161 obscure
2380 3106 2493 3177 ipse
2530 3123 2590 3163 se
2623 3108 2916 3180 aliquando
2953 3112 3060 3167 vim
3087 3128 3311 3184 passum
3337 3125 3392 3171 et
3414 3116 3692 3175 haereticis

439 3212 504 3265 ad
535 3221 789 3273 mortem,
816 3217 1046 3263 mortem
1068 3214 1252 3262 autem
1282 3202 1487 3258 crucis.
1527 3197 1814 3269 Reliquisti
1846 3196 2011 3250 mini-

441 3305 609 3359 steria
638 3309 696 3358 et
724 3301 1119 3358 oblectamenta
1174 3292 1686 3366 archiepiscopalia,
1739 3297 1795 3345 et
1846 3287 2016 3343 variis

442 3395 804 3451 incommodis
844 3393 1223 3450 confessorum
1285 3399 1436 3443 more
1473 3382 1719 3441 exerceri
1754 3377 2014 3441 maluisti,

445 3504 608 3560 quam
627 3487 975 3558 temporariis
988 3484 1093 3538 frui
1117 3481 1329 3537 deliciis
1350 3478 1577 3550 peccati.
1597 3474 1675 3532 Ae
1696 3484 1845 3530 certe
1875 3486 2015 3542 quo-

443 3585 588 3634 niam
624 3596 729 3633 non
759 3592 826 3633 ex
854 3577 985 3641 illis,
1009 3575 1112 3630 etsi
1149 3575 1202 3627 in
1244 3573 1352 3627 illis
1379 3570 1619 3633 vivebas,
1649 3564 1889 3621 membra
1920 3576 2018 3630 per

432 3674 612 3726 'ritam
639 3671 694 3725 in
734 3670 955 3725 Christo
984 3677 1163 3721 actam
1195 3662 1552 3719 mortificans.
1593 3666 1796 3712 sanctae
1827 3656 2018 3707 matris

446 3761 805 3829 privationem
837 3757 1148 3827 pertulisti,
1185 3754 1387 3808 chartis
1422 3751 1682 3803 fratribus
1735 3744 2013 3806 omnibus,

444 3853 606 3906 simul
663 3849 918 3905 omnibus
979 3845 1262 3916 spoliatus.
1306 3841 1543 3897 Necdum
1580 3837 1872 3908 opprobria
1925 3845 2015 3888 tua

445 3942 651 4000 Christi
681 3938 992 4007 opprobriis
1015 3935 1216 3991 similia
1233 3945 1625 3997 commemoro,
1653 3927 1928 3982 immissas
1949 3924 2018 3978 ab

358 4065 375 4081 κ
450 4031 880 4104 imperatoribus
905 4026 1353 4098 Oppugnationes,
1377 4019 1716 4084 vexationes,
1739 4015 2018 4087 angustias

444 4142 510 4181 ac
550 4122 718 4180 veluti
747 4119 1152 4178 sull'ocatioues.
1196 4114 1370 4171 Noctu
1419 4129 1542 4168 cum
1582 4109 1803 4167 Christo
1841 4110 2018 4163 abdu-

446 4232 566 4273 ctus
595 4231 657 4272 es
685 4233 700 4268 :
732 4212 935 4286 etenim
980 4208 1230 4276 proditus
1270 4204 1435 4260 etiam
1468 4202 1584 4272 ipse
1632 4201 1904 4271 relegatus
1937 4211 2018 4257 es,

448 4311 502 4365 in
529 4308 687 4364 collis
719 4304 1015 4360 couliuium
1045 4302 1300 4356 redactus
1316 4313 1400 4362 es,
1424 4305 1630 4366 martyr
1658 4292 1882 4348 Christi.
1911 4289 2019 4343 Sed

2116 3198 2410 3278 imaginum
2455 3197 2836 3256 ellractoribus
2893 3205 3330 3262 communicasse
3366 3210 3569 3278 prodit,
3603 3206 3714 3266 ιιι-⁸

2115 3291 2272 3344 metsi
2318 3307 2349 3344 a
2392 3276 2532 3346 fidei
2571 3290 2800 3349 reﬁtate
2838 3309 3084 3366 saneque
3123 3276 3383 3352 Ecclesiae
3417 3313 3581 3355 sensu
3618 3304 3692 3357 de

2113 3396 2303 3436 earum
2361 3397 2636 3451 nunquam
2690 3384 2876 3440 animo
2925 3387 3234 3442 recesserit.
3285 3387 3460 3444 Tanta
3490 3388 3694 3448 Leonis

2113 3471 2454 3540 Sttltindeque
2479 3470 2764 3541 Theophili
2811 3476 2892 3530 vis
2929 3474 3031 3531 fuit
3059 3479 3405 3548 exagitandis
3432 3482 3534 3549 piis
3564 3483 3693 3538 litie-

2116 3563 2281 3629 libus,
2310 3573 2370 3619 ut
2414 3565 2499 3617 vel
2534 3567 2702 3634 ipsos,
2739 3568 2831 3635 qui
2881 3566 3148 3624 columnae
3185 3570 3358 3624 videri
3409 3582 3684 3642 poterant,

2116 3668 2252 3721 pene
2291 3657 2647 3721 prostraverit
2682 3671 2696 3707 :
2739 3670 2838 3710 nec
2891 3655 2963 3712 ita
3005 3658 3162 3712 multt
3197 3658 3418 3716 fuerunt
3468 3677 3574 3732 qua
3624 3678 3692 3718 se

2116 3740 2347 3797 [tornaui
2379 3758 2474 3812 per
2507 3742 2784 3798 Orientem
2810 3745 3022 3815 imperii
3068 3748 3329 3820 majestas
3381 3752 3699 3821 proferebat

2116 3848 2182 3889 ac
2222 3835 2375 3899 ditio,
2411 3849 2545 3905 quos
2575 3835 2664 3890 illa
2702 3837 2958 3893 immanis
2999 3839 3158 3894 ruina
3208 3857 3314 3896 non
3370 3842 3690 3899 involverit.

2115 3925 2314 3992 Quanti
2357 3941 2445 3981 res
2480 3928 2680 3997 negotii
2715 3928 2902 3996 fuerit,
2926 3929 3029 4000 piae
3069 3930 3371 3988 Theodora:
3402 3934 3519 3989 viro
3551 3940 3708 3992 male

2119 4017 2208 4086 pio
2242 4032 2417 4088 eoque
2458 4018 2623 4087 impio
2660 4020 2953 4084 exstittCIo.
2989 4023 3022 4091 ή
3060 4021 3171 4077 τῶν
3199 4024 3425 4078 εἰκόνων
3452 4027 3708 4097 ἀναστή-

2117 4108 2304 4172 ὶωσις,
2335 4097 2580 4163 deiurant
2617 4108 2751 4163 Acta
2781 4112 2846 4165 ad
2887 4112 3222 4168 Dominicam
3257 4114 3356 4184 τῆς
3385 4114 3712 4186 ὀρθοδοξίαε,

2119 4198 2436 4256 Graecorum
2469 4202 2864 4257 ecclesiasticis
2889 4202 3042 4259 libris
3065 4198 3293 4272 iuseria,
3319 4206 3561 4272 mihique
3584 4211 3718 4272 pri-

2121 4290 2243 4343 dem
2278 4305 2343 4345 ex
2375 4290 2566 4344 iisdem
2596 4292 3028 4359 prodttcta;tum
3066 4309 3192 4349 cum
3228 4304 3284 4348 et
3308 4297 3720 4353 sanctissimus

449 4415 609 4470 euge,
635 4411 801 4467 quam
833 4395 886 4448 in
919 4395 1118 4446 bonum
1144 4390 1240 4444 tibi
1271 4387 1488 4442 omnia!
1521 4384 1722 4440 Attolle
1748 4385 1800 4436 in
1828 4383 2015 4434 orbem
2053 4392 2092 4444 υ
2121 4380 2406 4437 confessor
2440 4381 2764 4449 Methodius,
2804 4399 2942 4439 nova
2973 4382 3262 4455 aﬂulgeute
3293 4385 3413 4439 luce
3443 4385 3722 4455 depulsa-

453 4489 645 4544 oenlos
676 4501 742 4541 ex
775 4483 994 4556 specula
1026 4482 1242 4545 mentis,
1280 4489 1335 4532 et
1358 4477 1542 4548 aspice
1571 4473 1712 4528 filios
1744 4483 1883 4537 lnos,
1927 4486 2020 4525 seu

454 4579 649 4640 mavis,
680 4590 835 4642 oves,
866 4583 1055 4644 pastor
1092 4572 1252 4635 bone,
1278 4567 1527 4640 quamvis
1554 4579 1783 4634 corpore
1814 4564 2024 4631 disper-

356 4657 363 4665 ’
451 4685 565 4737 sas,
610 4668 794 4724 animo
841 4675 1020 4719 tamen
1059 4660 1400 4731 conjttuctas,
1441 4668 1608 4711 totam
1652 4668 1789 4725 pene
1840 4652 2024 4707 Eccle-

450 4764 591 4819 siam
622 4771 771 4814 tuam
805 4759 973 4812 variis
1010 4754 1145 4811 locis
1170 4761 1524 4821 occupantes,
1563 4757 1618 4802 et
1665 4744 2025 4800 confessionis

456 4867 562 4909 tuac
590 4852 820 4922 fulgore,
845 4848 1126 4904 stellarum
1152 4846 1346 4908 instar,
1373 4841 1442 4897 iis
1491 4840 1582 4908 qni
1632 4839 1686 4894 in
1740 4834 2026 4894 nocturnis

455 4949 727 5003 haereseos
750 4942 988 4996 tenebris
1008 4948 1318 5000 versantur,
1349 4933 1665 4991 orthodoxae
1694 4929 1819 4985 fidei
1843 4928 2024 4983 lumen

456 5041 811 5096 ostendentes
859 5052 874 5088 :
936 5032 1072 5086 alias
1127 5031 1348 5099 quidem
1406 5026 1515 5080 Deo
1568 5021 1879 5077 immolatas
1931 5037 2029 5090 per

460 5127 774 5184 athleticam
801 5120 1330 5178 consummationem
1352 5136 1367 5182 ;
1393 5116 1530 5172 alias
1552 5113 1896 5169 decertantes
1911 5113 2029 5166 sine

457 5219 569 5277 ullo
593 5215 939 5288 praesentium
980 5227 1163 5268 rerum
1201 5223 1370 5273 metu,
1417 5206 1515 5262 sed
1553 5206 1719 5260 Deum
1761 5202 2026 5259 ﬂectenti-

461 5315 564 5368 bus
587 5308 839 5381 precibus
868 5305 977 5360 tuis
1011 5303 1416 5359 corroboratus.
1451 5298 1574 5354 llaec
1605 5306 1687 5353 cst
1719 5298 1888 5368 gloria
1924 5295 2027 5350 Ee-

456 5404 641 5460 clesia:
672 5409 776 5454 tua:
820 5397 969 5452 :boc
1022 5395 1323 5464 iusigneac
1382 5389 1688 5461 symbolum
1743 5387 2025 5459 martyrii,

459 5496 603 5563 quod
635 5506 870 5563 sequens
891 5497 1026 5544 atlas
1051 5486 1355 5557 excipiens,
1386 5481 1551 5536 Deum
1582 5483 1634 5534 in
1665 5490 1739 5543 te,
1766 5480 1842 5532 uti
1864 5493 2028 5541 nunc,
2054 5493 2069 5506 ν

462 5585 811 5655 glorificabit.
838 5582 1003 5638 Multa
1029 5581 1123 5636 tibi
1156 5595 1253 5650 pro
1277 5572 1744 5642 Cbristiimagiue
1770 5572 2029 5641 pugnanti

459 5674 710 5733 encomia
739 5675 1012 5730 dicentur.
1054 5669 1160 5727 Sed
1189 5669 1411 5742 ignosce
1453 5662 1611 5728 mihi,
1645 5661 1738 5717 Dei
1769 5662 2027 5726 imitatur,

2124 4486 2231 4543 que
2260 4483 2409 4527 terra
2440 4474 2664 4528 haeresis
2705 4474 2957 4545 caligine,
3006 4476 3056 4528 in
3089 4476 3725 4544 Caristantittopotitarta

2124 4565 2254 4622 sede
2284 4565 2483 4636 dignus
2512 4574 2699 4635 pastor
2737 4577 2791 4620 et
2823 4546 3115 4636 Nicepltori
3153 4580 3460 4632 successor,
3492 4569 3733 4624 abaetis

2125 4659 2196 4712 ab
2223 4673 2286 4713 ea
2328 4657 2470 4727 lupis
2496 4674 2560 4711 ac
2611 4658 3046 4724 ineubatorihus,
3089 4658 3386 4714 collocatus
3427 4667 3511 4713 est
3543 4676 3557 4714 :
3592 4676 3736 4730 quo

2125 4749 2290 4804 etiam
2330 4756 2573 4818 tempore
2629 4748 2870 4817 lgnatius
2932 4738 3274 4820 paenitudine
3308 4750 3524 4813 ductus,
3563 4765 3743 4815 prsc-

2126 4839 2335 4894 clarum
2387 4839 2490 4894 hoc
2539 4836 2866 4908 Nicephoro,
2921 4841 3071 4896 velut
3098 4838 3526 4912 στηλητευτικδν
3591 4857 3748 4898 um-

2129 4939 2450 4984 nnmentum
2482 4934 2747 5000 reposuit.
2788 4930 2969 4985 Laudo
3006 4931 3265 5000 judicium
3291 4931 3412 5000 ejus
3434 4929 3506 4986 de
3538 4927 3755 4988 Nico.

2129 5023 2286 5092 phori
2317 5021 2578 5090 operibus
2611 5035 2844 5091 quorum
2871 5022 2990 5077 luce
3019 5023 3296 5076 ominatur
3322 5020 3625 5092 depulsum
3664 5027 3758 5082 iri

2132 5113 2276 5167 illaut
2310 5112 2516 5167 erroris
2547 5113 2858 5184 caliginem.
2889 5112 3001 5168 Nec
3041 5113 3263 5167 dubium
3303 5113 3434 5182 quin
3473 5116 3764 5176 multum

2129 5203 2467 5258 contulerint
2493 5204 2668 5258 eidem
2692 5203 3045 5273 depellendae,
3069 5213 3360 5273 postquam
3385 5201 3641 5262 facultas
3674 5225 3768 5268 ea

2134 5293 2344 5361 legendi
2377 5293 2743 5366 Augustorum
2788 5295 3079 5350 clementia
3120 5308 3183 5348 ac
3219 5293 3422 5365 pietate
3455 5295 3776 5358 veritatis

2131 5387 2446 5442 amantibus
2476 5386 2578 5442 fuit
2629 5386 2880 5442 indulta:
2922 5402 3103 5456 neque
3151 5402 3295 5440 nunc
3347 5385 3528 5439 minus
3556 5392 3781 5451 utilia

2133 5478 2314 5531 futura
2341 5492 2468 5534 reor
2503 5477 2774 5533 difllandis
2808 5477 3046 5543 nebulis,
3080 5491 3218 5547 quas
3243 5477 3370 5532 novi
3420 5478 3778 5539 tenebrio-

2133 5583 2230 5621 nes
2259 5569 2452 5626 eadem
2492 5571 2547 5625 in
2583 5586 2750 5626 causa
2782 5585 2850 5626 ex
2883 5584 3014 5626 orco
3040 5576 3392 5629 revocarunt.
3422 5567 3467 5622 si
3492 5575 3785 5637 quando

2137 5657 2230 5714 Dei
2262 5659 2672 5717 clementissimi
2702 5661 2754 5715 in
2793 5659 2977 5718 lidelcs
2999 5675 3130 5717 suos
3152 5674 3217 5715 ac
3248 5656 3564 5714 Ecclesium
3617 5677 3789 5720 mu-

3356 5770 3376 5807 ς
