3938 6220
336 129 406 196 n
1327 133 1389 194 s.
1433 129 1852 194 Ntcspuom
1894 130 2406 192 Pammenis
2451 131 2561 192 CP.
3452 103 3454 105 ’
3537 131 3608 196 ts

339 247 451 296 tino
489 241 555 295 ad
589 240 804 309 imperii
854 242 1221 311 gubernacula
1268 254 1570 314 assumpto,
1604 243 1799 300 scribae
1825 258 1915 298 seu

2024 242 2157 314 τίνῳ
2176 241 2275 313 τῆς
2309 241 2602 313 βασιλικῆς
2623 239 2798 313 ἀρχῆς
2826 239 3212 312 ἑπειλημμένῳ
3233 241 3362 304 τοὺς
3393 241 3607 308 οἴακας,

341 333 537 386 notarii
573 341 754 402 partes
794 333 1040 402 impleret
1072 337 1348 406 regiisque
1373 336 1604 392 secretis
1634 334 1918 390 ministra-

342 433 423 477 rrt
449 419 770 477 Theodorus
799 440 814 476 :
847 425 938 491 qui
970 425 1096 478 dum
1136 427 1428 495 purissima
1471 437 1634 480 recta:
1662 425 1714 480 in
1743 425 1917 479 Deum

338 512 700 569 confes~iuuis
751 522 915 582 atque
964 512 1086 568 ﬁdei
1119 515 1257 580 luce,
1310 515 1453 568 haud
1501 529 1663 568 secus
1689 529 1753 568 ac
1783 506 1920 567 alter

339 605 614 659 Abraham
671 607 944 674 prarnitet,
997 607 1148 673 gravi
1197 605 1338 674 apud
1393 606 1511 676 ejus
1556 605 1932 664 saevissimum

340 701 550 750 hostem
595 696 842 765 pulsatus
872 709 956 751 est
985 696 1284 763 calumnia,
1330 713 1396 752 eo
1426 697 1638 752 scilicet
1671 697 1915 759 nomine,

334 789 478 858 quod
506 787 788 842 Christum
835 788 886 841 in
923 788 1158 858 imagine
1205 789 1694 860 inlcmcratamqtte
1721 805 1912 858 paren-

341 891 445 934 tem
473 897 536 934 ac
569 891 792 934 sanctos
823 895 1014 936 omnes
1043 882 1380 936 venerationi
1420 883 1666 937 haberet.
1702 881 1918 953 Tyran-

334 991 440 1029 nus
483 976 685 1043 itaque,
727 983 780 1028 ut
821 974 914 1043 qui
963 974 1248 1028 veritatem
1296 973 1418 1027 odio
1450 974 1680 1040 habens,
1725 973 1918 1028 audire

337 1065 462 1118 talia
497 1082 601 1119 non
639 1065 965 1128 sustinebat,
1007 1064 1272 1118 i’utumuit
1316 1063 1620 1128 iracundia,
1653 1073 1709 1118 et
1739 1065 1914 1118 virum

334 1159 528 1212 adesse
581 1157 910 1225 quantocius
965 1156 1147 1224 jussit,
1191 1166 1250 1212 et
1292 1170 1477 1210 eorum
1526 1156 1748 1210 nomine
1796 1171 1918 1226 qua:

336 1250 476 1301 fatua
517 1249 828 1317 vulgaverat
869 1263 1091 1301 causam
1147 1247 1351 1302 dicere.
1381 1245 1478 1302 Ille
1527 1247 1762 1302 velut’ad
1787 1262 1920 1317 epu-

333 1343 409 1392 Ists
443 1354 692 1403 vocatus,
744 1355 848 1394 non
887 1348 944 1394 ut
979 1355 1204 1394 causam
1239 1341 1510 1395 obnoxius
1559 1340 1790 1402 diceret.
1822 1354 1920 1395 os-

331 1435 503 1488 tendit
533 1433 712 1502 palam
739 1436 822 1487 sic
850 1446 911 1487 se
942 1448 1054 1487 rem
1081 1433 1298 1496 habere,
1328 1442 1491 1503 atque
1516 1431 1564 1486 is
1593 1431 1920 1486 iuaudierat.

332 1525 408 1578 Ite
456 1524 510 1578 in
553 1525 694 1590 hunc
741 1524 966 1576 mudutn
1009 1533 1161 1577 certo
1205 1522 1569 1591 deprehensa,
1621 1523 1919 1590 imperator

2023 335 2123 406 τὴν
2153 333 2250 388 τοῦ
2287 335 2654 406 ὑπογραφέως
2691 333 3046 404 ἀποπληροῦν
3086 335 3277 404 χρείαν
3299 373 3314 399 ,
3357 335 3452 388 καὶ
3498 340 3611 400 τοῖς

2025 426 2322 498 βασιλείοις
2345 425 2665 496 μυστηρίοις
2691 422 3109 496 ὑπηρετεῖσθαι,
3134 422 3194 489 ὃς
3214 425 3279 495 δὴ
3311 423 3389 496 τῷ
3409 425 3606 497 ἀκραι-

2021 518 2306 589 φνεστάτῳ
2337 514 2479 588 φωτὶ
2515 518 2616 587 τῆς
2646 515 2800 590 παρά
2827 516 2961 570 Θεὸν
2988 515 3156 587 ὀρθῆς
3186 515 3481 585 ὁμολογίας
3511 517 3608 569 καὶ

2021 611 2286 675 πίστεως,
2315 609 2391 673 ὡς
2424 609 2584 674 ἄλλος
2626 608 2881 680 Ἀϐραὰμ
2906 610 2934 662 6
2963 608 3343 680 πατριάρχης,
3379 607 3611 678 κοσμούο

2023 720 2215 772 μενος,
2255 702 2390 774 πρὸς
2432 702 2522 756 τὶν
2572 704 2782 772 ταύτην
2827 701 3196 772 τυραννοῦντα
3232 701 3446 772 πικρῶς
3491 701 3610 755 δια-

2020 791 2276 846 ϐάλλεται
2297 831 2312 852 ,
2344 791 2420 855 ὡς
2453 790 2690 863 Χριστὸν
2722 793 2780 845 ὲν
2821 793 2992 846 εικόνι
3022 793 3118 846 καὶ
3145 791 3245 862 τὴν
3283 788 3451 844 αὑτοῦ
3484 787 3606 862 Μη-

2019 886 2153 956 τέρα
2182 885 2282 956 τὴν
2313 884 2604 955 ἄχραντον,
2641 885 2734 936 καὶ
2768 885 2990 948 πάντας¹
3009 885 3136 946 τοὺς
3160 883 3350 952 ἀγίους
3379 883 3607 948 σεὸἀζε-

2019 994 2127 1031 ται.
2175 975 2234 1027 '0
2259 973 2318 1026 δὲ
2341 969 2430 1027 οἷα
2459 973 2560 1043 τῆς
2590 972 2854 1043 ἀληθείας
2875 972 3070 1044 ἐχθρὸς
3095 971 3174 1044 τῷ
3193 970 3486 1042 παραλόγῳ
3509 969 3610 1040 τῆς

2020 1068 2192 1137 ἀκοῆς
2239 1065 2570 1133 ὲξογκωθεὶς
2612 1066 2712 1138 τὴν
2760 1065 3006 1118 διάνοιαν
3045 1063 3386 1135 παρέσεσθαι
3418 1063 3610 1118 τοῦτον

2019 1161 2094 1223 ὡς
2128 1160 2292 1214 αὐτὸν
2335 1155 2626 1230 [κελεύει]
2663 1157 2759 1210 καὶ
2804 1157 2935 1228 περὶ
2981 1155 3090 1208 τῶν
3133 1155 3492 1225 ηκουσμένων
3533 1153 3608 1216 ὡς

2019 1253 2252 1323 τάχιστα
2272 1249 2672 1305 διευθύνεσθαι.
2702 1250 2800 1312 ’ος
2823 1249 2918 1302 καὶ
2947 1247 3154 1317 παρῆν,
3172 1247 3245 1310 ὡς
3270 1250 3350 1310 εἰς
3375 1246 3612 1316 εὐωχίαν

2019 1347 2079 1400 ού
2127 1345 2286 1418 δίκην
2339 1343 2692 1412 καλούμενος,
2745 1341 2839 1395 καὶ
2885 1341 2984 1411 τὴν
3037 1339 3207 1410 ἀκοὴν
3255 1338 3498 1392 ἐδείκνυε
3551 1335 3612 1402 ἐξ

2020 1439 2260 1504 ἅπαντος
2306 1435 2700 1506 ἀληθεύουσαν.
2750 1433 2862 1486 Καὶ
2906 1431 3096 1502 ἐπειδὴ
3131 1430 3442 1502 βασιλεῖτά
3481 1431 3610 1498 περὶ

2021 1530 2186 1585 αὐτὸν
2217 1528 2520 1599 κατάφωρα
2553 1525 2764 1595 γέγονε,
2793 1524 2889 1577 καὶ
2913 1524 2947 1594 ὴ
2980 1522 3077 1576 τοῦ
3107 1521 3302 1594 ἀνδρὸς
3326 1521 3610 1584 ἀνένδοτος

333 1634 456 1670 rum
509 1618 604 1670 viri
662 1617 949 1670 oblirmata
1000 1615 1326 1680 constantia,
1383 1615 1532 1669 velut
1589 1613 1915 1679 fomentum,

2024 1622 2268 1684 ἔνστασις
2286 1621 2383 1690 τὴν
2405 1617 2618 1672 ἐκείνου
2643 1615 3042 1687 ὑποσμύχουσα
3069 1613 3269 1686 ἐξῆπτε
3291 1613 3606 1675 κακόνοιαν,

335 1707 637 1775 nequitiam
692 1705 856 1758 animi
904 1704 1024 1774 ejus
1060 1706 1440 1769 succenderet,
1482 1705 1644 1759 minis
1680 1704 1917 1760 insolitis

337 1805 602 1849 tentatum
639 1792 985 1848 Theodorum
1033 1794 1356 1848 verberibus
1390 1808 1606 1862 quoque
1636 1809 1733 1848 ceu
1765 1809 1914 1848 reum

334 1885 538 1940 ιιιίιιιρίι
577 1905 590 1943 :
623 1887 820 1954 quibus
851 1885 990 1941 nihil
1037 1885 1338 1941 emollitum
1391 1861 1664 1940 hominem
1715 1887 1914 1939 adver-

338 1988 480 2044 tens,
515 1977 768 2048 penulam
801 1993 865 2032 ac
889 1975 1174 2047 dignitatis
1219 1975 1452 2046 insignia
1487 1976 1702 2040 adimit,
1733 1976 1916 2046 gravi-

335 2085 442 2139 que
473 2063 696 2138 prorsus
729 2069 923 2124 exsilio
955 2070 1168 2122 multat.

406 2161 460 2214 6.
503 2157 880 2222 Postmodttm,
914 2158 1197 2228 aliquanto
1241 2156 1500 2227 temporis
1541 2170 1766 2212 emenso
1792 2171 1917 2227 spa-

339 2253 434 2319 tio,
449 2266 479 2306 e
505 2251 780 2306 Pemoliua
802 2251 930 2321 (hoc
945 2250 1090 2304 enim
1109 2249 1183 2304 illi
1207 2259 1448 2304 castrum
1480 2249 1752 2305 addictum
1774 2249 1917 2304 exsi-

337 2345 434 2412 lio)
466 2343 651 2398 reduci
703 2343 902 2408 virum,
934 2344 1098 2410 inque
1128 2342 1276 2411 regia
1307 2357 1529 2396 rursum
1556 2342 1760 2395 versari
1784 2355 1916 2408 pra:-

334 2436 518 2503 ccpit;
571 2449 820 2504 speratis,
851 2445 906 2486 ιιι
938 2442 1092 2502 puto,
1146 2433 1264 2486 dira
1309 2433 1555 2486 attritum
1597 2431 1912 2497 vckatiune,

339 2527 596 2580 didicisse
632 2525 774 2594 quod
812 2525 901 2579 ille
938 2526 1055 2594 ipse
1088 2541 1268 2594 opera:
1297 2527 1527 2594 pretium
1573 2539 1695 2580 esse
1723 2525 1914 2580 existi-

336 2622 544 2674 mabat.
585 2619 793 2673 Revera
834 2629 1014 2672 tamen
1052 2619 1346 2672 adamante
1395 2617 1596 2672 fortius
1645 2619 1913 2672 resisten-

339 2726 471 2775 tem,
517 2711 792 2780 minisque
827 2725 890 2764 ac
923 2711 1150 2764 audacia
1185 2711 1236 2762 in
1263 2723 1392 2763 eum
1424 2723 1522 2763 sua
1550 2708 1913 2778 superiorem,

337 2815 498 2874 atque
533 2805 600 2856 ad
637 2802 738 2855 alia
795 2815 1136 2871 qutccunque
1191 2800 1411 2854 duriora
1464 2799 1627 2850 animi
1680 2799 1764 2853 sui
1830 2799 1916 2851 in-

338 2905 517 2956 venta,
541 2893 583 2945 si
605 2907 690 2944 res
712 2889 902 2954 ferret,
923 2889 1241 2943 susﬁnénda
1265 2897 1514 2958 paratum
1537 2889 1762 2942 invenit.
1791 2888 1915 2944 llaec

2017 1714 2271 1776 ἀπειλαῖς
2329 1711 2616 1782 ἀδοκήτοις
2675 1711 2768 1769 καὶ
2830 1706 3086 1778 μάστιξιν
3143 1707 3220 1770 ὡς
3277 1705 3611 1776 κατάκριτος

2018 1805 2382 1860 ὐπεὸἀλλετο·
2420 1803 2496 1866 ὡς
2540 1801 2598 1855 δὲ
2653 1801 2730 1870 μὴ
2778 1797 3340 1868 καταμαλακισθὲντα
3365 1799 3490 1861 ταῖς
3521 1797 3610 1850 ab”

2016 1897 2166 1959 κίαις
2197 1897 2226 1949 6
2253 1891 2490 1958 δικάζων
2524 1889 2824 1952 ῦπὲϐλεπε,
2860 1887 3096 1959 καθῄρει
3140 1887 3240 1955 τῆς
3284 1883 3608 1957 περικειμέ-

2016 2005 2115 2058 νης
2140 1985 2366 2057 χλαίνης
2385 1985 2477 2036 καὶ
2499 1981 2677 2046 ἀξίας,
2702 1981 2798 2034 καὶ
2820 1979 3094 2051 ὑπερορίᾳ.
3116 1977 3374 2042 ἐπιεικῶς
3394 1977 3610 2049 χαλεπῇ

2017 2075 2398 2139 κατεδίκαζεν.

2091 2167 2167 2234 ς’.
2220 2168 2331 2222 Καὶ
2362 2161 2482 2219 εἶτα
2517 2163 2723 2236 ’χρόνου
2771 2163 2918 2227 τινος
2963 2161 3383 2224 διιππεύσαντος
3438 2158 3606 2231 ὲκμ)

2017 2257 2333 2328 Πημολίνης
2369 2256 2767 2327 μετάπεμπτον
2809 2253 2933 2323 ἄγει
2965 2251 3167 2324 (τοῦτο
3197 2252 3305 2322 γὰρ
3334 2247 3404 2322 ἦν
3436 2268 3609 2304 κατα-

2017 2348 2232 2418 κριθεὶς
2269 2347 2407 2420 πρὸς
2441 2345 2742 2416 φυγαδείαν
2773 2343 2834 2398 τὸ
2862 2343 3195 2416 φρούριον),
3229 2343 3326 2397 καί⁹
3365 2339 3474 2396 τῶν
3511 2340 3608 2413 βα-

2019 2443 2235 2500 σιλείων
2266 2444 2400 2496 είσω
2428 2441 2686 2511 γενέσθαι
2719 2437 3059 2510 προσέταττε
3107 2435 3465 2508 τεθαρρηκὼς
3486 2475 3501 2497 ,
3531 2432 3610 2498 ὼς

2016 2529 2265 2605 ἐγῷμαι,
2307 2535 2372 2603 τῇ
2420 2532 2521 2600 τῆς
2560 2531 2862 2592 κακώσεως
2909 2527 3184 2599 αὐστηρία
3245 2525 3608 2597 μεταμαθεῖν,

2014 2629 2090 2693 ὡς
2121 2630 2331 2690 ἐκεῖνος
2354 2625 2414 2679 τὸ
2445 2623 2650 2694 ἀγαθὸν
2680 2621 3046 2688 ὑπετόπαζεν.
3084 2620 3336 2691 Ἐνὲτυχε
3362 2619 3418 2672 δὲ
3435 2618 3605 2682 ὅντως

2016 2718 2328 2787 ἀδάμαντος
2373 2715 2513 2787 πρὸς
2559 2713 2884 2768 ἀντιτυπίαν
2919 2711 3309 2784 στερρότερον,
3358 2711 3452 2763 καὶ
3493 2707 3606 2764 τῶν

2015 2810 2260 2865 ἀπειλῶν
2285 2806 2484 2863 ἑαυτοῦ
2515 2807 2612 2860 καὶ⁵
2633 2804 2727 2859 τοῦ
2758 2804 2993 2877 θράσους
3024 2803 3321 2876 ἀνώτερον,
3347 2801 3444 2856 καὶ
3467 2800 3606 2874 πρὸς

2017 2904 2212 2974 ἐτέρας
2233 2942 2248 2967 ,
2276 2903 2330 2954 εί
2361 2900 2550 2970 τύχοι,
2599 2897 2912 2965 δεινοτέρας
2950 2896 3194 2958 ἐπινοίας
3229 2893 3606 2965 ἑτοιμότερον..

341 2999 573 3054 namque
617 2983 842 3036 inuitato
891 2982 1072 3036 animo
1106 2982 1576 3050 persequebatur,
1609 2996 1672 3036 ac
1710 2980 1915 3038 Christi

2024 2995 2208 3049 Ταῦτα
2240 2995 2348 3066 γὰρ
2389 2993 2776 3065 προτροπάδην
2804 2991 3063 3052 ἐδίωκεν,
3093 2989 3185 3043 καί
3221 2988 3309 3040 διά
3337 2986 3446 3039 τῶν
3491 3003 3610 3038 στι-

339 3075 596 3130 exornari
643 3073 816 3144 plagis
848 3073 1028 3142 potius
1070 3072 1324 3136 ducebat,
1363 3088 1525 3142 qttatn
1557 3083 1614 3126 ttt
1645 3071 1714 3126 ab
1739 3072 1914 3126 eccle-

339 3166 566 3220 siastira
619 3167 736 3233 lege
789 3163 1198 3233 apostolicaque
1223 3177 1285 3216 ac
1317 3161 1540 3216 Patrum
1592 3163 1912 3228 traditione,

319 3275 576 3329 .(tungrtte
628 3259 918 3310 adtnmlum
985 3255 1198 3323 riteque
1257 3254 1575 3318 sanciente.
1633 3254 1912 3310 Christum

338 3366 528 3405 verum
563 3349 730 3404 Deum
775 3358 1020 3402 nostrum
1066 3361 1128 3400 ea
1163 3347 1400 3414 ratione,
1431 3363 1557 3418 aqua
1599 3347 1762 3402 homo
1805 3357 1913 3414 cst,

339 3443 503 3514 pictis
536 3456 859 3512 expressum
895 3438 1172 3494 coloribus
1211 3440 1546 3494 adorandum
1577 3454 1720 3506 esse,
1757 3440 1916 3508 quid-

339 3551 499 3603 quam
555 3534 857 3588 aberraret.
905 3530 1006 3586 Ubi
1063 3542 1246 3586 autem
1302 3532 1388 3584 vir
1437 3540 1665 3588 sanctus
1710 3545 1808 3586 ore
1849 3532 1916 3586 ad

338 3631 567 3682 salutem
598 3625 884 3680 confessus
917 3635 1086 3689 eSset,
1136 3638 1306 3694 seque
1335 3635 1571 3696 tyranno
1609 3625 1916 3680 adversauti

339 3721 482 3790 parti
528 3719 750 3774 studere
779 3719 996 3772 abunde
1043 3717 1404 3782 declarasset,
1443 3717 1644 3772 adalia
1692 3725 1918 3771 vocatus

337 3824 422 3867 est
472 3820 868 3866 tormentorum
917 3823 1116 3877 genere
1147 3825 1161 3860 :
1197 3809 1396 3876 quibus
1447 3809 1619 3863 animi
1679 3809 1918 3864 maximo

342 3905 539 3959 tohore
591 3900 949 3971 perfunctus,
1007 3897 1245 3954 Nicaeam
1292 3899 1344 3952 in
1385 3898 1636 3970 Bithynia
1685 3900 1920 3954 extorris

341 3995 576 4062 ejicitur.
609 3993 728 4058 Quo
754 3990 808 4044 in
845 3989 984 4050 loco,
1015 3987 1162 4058 quod
1189 3998 1309 4043 erat
1336 3987 1602 4058 reliquum
1635 3989 1759 4044 vitae
1784 3998 1918 4044 tem-

343 4103 469 4156 pus,
505 4085 762 4156 religiose
808 4093 1079 4148 versatus,
1119 4097 1184 4136 ac
1218 4082 1374 4137 fortis
1427 4082 1598 4137 animi
1633 4083 1684 4138 in
1716 4083 1916 4138 tuenda

341 4196 468 4235 Vera
497 4178 600 4233 l‘tde
627 4191 816 4232 norma
841 4175 1070 4232 effectus
1099 4175 1392 4239 universis,
1424 4177 1490 4229 ad
1523 4176 1740 4230 beatam
1769 4175 1918 4230 illam

343 4271 585 4342 requiem
633 4267 1038 4337 commigravit,
1077 4269 1354 4336 vitamque
1401 4266 1452 4320 in
1503 4266 1668 4336 longa
1714 4267 1916 4322 saecula

2020 3089 2249 3160 γμάτων
2274 3084 2516 3160 Χριστοῦ
2540 3084 2732 3138 ἑαυτὸν
2756 3081 3126 3148 καλλωπίζειν
3148 3078 3417 3142 ἐϐούλετο,
3449 3077 3482 3149 ἥ
3507 3077 3608 3147 τῆς

2023 3179 2488 3252 ἐκκλησιαστικῆς
2536 3175 2901 3246 θεσμοθεσίας
2943 3170 3450 3246 διαμαρτήσεσθαι,
3504 3169 3606 3235 τῆς

2022 3273 2259 3344 Χριστὸν
2300 3271 2393 3324 τὸν
2424 3269 2678 3339 ἀληθινὸν
2729 3269 2864 3322 Θεὸν
2909 3265 3066 3339 ⁴ἡμῶν
3121 3261 3466 3330 ἀποστολικῷ
3507 3260 3606 3314 καὶ

2024 3361 2279 3433 πατρικῷ
2325 3360 2438 3416 ἔθει
2486 3357 2631 3414 κατὰ
2670 3360 2732 3413 τὺ
2780 3357 3124 3430 ἀνθρώπινον
3171 3349 3608 3423 ἀναστηλοῦσθαι

1959 3511 1964 3517 ,
2023 3456 2118 3510 καὶ
2165 3453 2591 3527 προσκυνεῖσθαι
2629 3450 3038 3520 δικαιωσάσης,
3090 3446 3476 3514 εὐκαιρότατα,
3516 3442 3608 3508 Ὠς

2022 3547 2080 3600 δὲ
2131 3547 2360 3616 στόματι
2397 3545 2496 3616 τὴν
2536 3541 2813 3612 σωτηρίαν
2849 3541 2878 3592 6
2921 3539 3078 3608 ἅγιος
3121 3537 3472 3610 ὡμολόγησε,
3512 3535 3609 3589 καὶ

2024 3639 2105 3702 εἰς
2143 3635 2435 3690 ἀντίπαλον
2479 3635 2676 3704 μοῖραν
2705 3630 2896 3686 ἑαυτὸν
2925 3629 3020 3684 τοῦ
3052 3627 3449 3702 τυραννοῦντος
3502 3627 3608 3680 ἀπ-

2001 3724 2243 3798 ’έκρινεο
2278 3724 2414 3796 πρὸς
2459 3724 2654 3795 ἑτέρας
2700 3723 2872 3776 ἐκίνει
2918 3720 3109 3774 τοῦτον
3143 3719 3394 3792 βασάνων
3440 3716 3604 3779 ἰδέας,

2023 3814 2098 3874 ὧν
2127 3820 2228 3888 τὴν
2267 3818 2480 3888 πληγὴν
2512 3816 2756 3878 ὑποστὰς
2797 3815 2874 3878 ὡς
2911 3813 3144 3886 μάλιστα
3177 3809 3604 3884 καρτερώτατα,

2026 3909 2165 3965 κατὰ
2186 3909 2284 3980 τὴν
2300 3907 2552 3962 Βιθυνίδα
2573 3907 2664 3960 ὑπ’
2691 3905 2857 3960 αὐτοῦ
2879 3903 3328 3974 ὲξοστρακίξεται
3350 3901 3604 3962 Νίκαιαν,

2025 4007 2084 4058 ἐν
2165 4001 2224 4056 τὸ
2250 4001 2344 4078 τοῦ
2373 3999 2489 4072 βίου
2522 3998 2804 4054 ἐπίλοιπον
2834 3996 3102 4060 θεοσεϐῶς
3129 3989 3606 4064 ὲμπολιτευσάμε-

2024 4113 2134 4160 νος,
2170 4097 2264 4149 καὶ
2293 4095 2428 4147 πᾶσι
2459 4093 2631 4146 τύπον
2656 4091 2779 4154 δοὺς
2810 4089 2909 4158 τῆς
2933 4086 3062 4159 περὶ
3090 4085 3186 4156 τὴν
3213 4082 3392 4154 ἀληθῆ
3423 4080 3607 4134 πίστιν

2025 4187 2360 4250 ἑνστὰσεως,
2407 4184 2540 4256 πρὸς
2585 4183 2684 4254 τὴν
2730 4183 2914 4236 ἐκεῖσε
2947 4177 3099 4251 λῆξιν
3145 4177 3242 4232 καὶ
3281 4173 3607 4248 μακραίωνα

2029 4279 2363 4348 μετ-ἐτάξατο
2397 4277 2606 4348 βίωσιν,
2639 4275 2710 4328 τὰ
2743 4274 2881 4344 γέρα
2909 4272 3017 4326 τῶν
3066 4270 3414 4342 πονηθέντων
3443 4270 3501 4320 ὲν
3537 4269 3606 4340 τῇ

340 4339 694 4433 productam,
767 4360 1012 4414 laborum
1073 4359 1292 4427 pramtia
1365 4367 1476 4411 ttttu
1565 4368 1915 4428 recepturusI

2028 4371 2135 4423 τῶν
2167 4369 2514 4442 βεϐιωμένων
2547 4365 2835 4435 διαγνώσει
2867 4363 3192 4435 ληψόμενος.

340 4473 462 4511 cum
504 4469 601 4524 per
634 4453 756 4506 vitae
795 4451 1178 4520 compendium
1231 4459 1381 4518 gesta
1415 4449 1829 4516 iudicabuntur.

415 4547 466 4601 7.
497 4546 628 4613 Quae
651 4553 832 4599 autem
863 4559 930 4597 ex
957 4542 1158 4598 divinas
1185 4541 1324 4612 legis
1355 4542 1674 4613 praescripto
1703 4542 1776 4596 illi
1801 4555 1924 4596 con-

335 4638 432 4706 jux
467 4640 794 4702 adhmserat,
845 4645 901 4689 ttt
947 4649 1070 4704 qua:
1127 4633 1407 4702 religiosa,
1457 4625 1666 4705 Deique
1709 4650 1774 4689 ac
1820 4634 1918 4688 viri

340 4746 531 4784 amans
561 4732 856 4786 exsisteret
887 4729 940 4784 iu
968 4728 1205 4794 cunctis,
1243 4728 1505 4782 maritum
1535 4735 1721 4783 secuta
1754 4735 1838 4783 est
1866 4727 1918 4780 in

340 4821 622 4891 periculis,
673 4825 728 4876 iu
778 4823 1006 4884 exsiliis,
1056 4821 1110 4876 in
1151 4821 1435 4883 azrumnis,
1482 4820 1792 4890 injustitite
1839 4821 1922 4890 (ut

337 4915 630 4984 Apostolus
665 4915 907 4983 loquitur
942 4915 984 4986 ³)
1020 4916 1230 4969 dextris
1259 4927 1422 4983 atque
1457 4913 1739 4977 sinistris;
1773 4913 1922 4968 scili-

339 5019 427 5062 cet
460 5009 512 5060 in
548 5007 794 5061 tristibus
837 5023 991 5075 teque
1039 5021 1104 5061 ac
1155 5008 1207 5060 in
1273 5007 1428 5062 laetis.
1462 5005 1593 5061 Cum
1626 5006 1772 5060 enim
1825 5019 1922 5074 par

339 5100 612 5174 quoddam
650 5109 832 5154 essent
857 5099 924 5152 ad
951 5099 1162 5167 potiora
1189 5108 1353 5166 atque
1379 5098 1445 5152 ad
1477 5098 1695 5152 virtutis
1718 5111 1919 5169 agones

341 5208 464 5250 sese
498 5192 865 5258 iucitantium,
905 5207 1008 5246 non
1063 5191 1242 5245 minus
1285 5191 1478 5260 spiritu
1516 5205 1680 5260 quam
1725 5205 1916 5260 corpo-

413 5354 435 5386 ³
459 5352 502 5408 ll
524 5352 649 5408 Cor.
683 5368 756 5418 vt,
779 5352 831 5407 Ἰ.

415 5467 494 5538 (ι)
529 5469 752 5524 Videtur
789 5468 876 5532 hic
921 5467 1190 5536 designari
1243 5465 1611 5538 qu6i.tscz,_
1635 5463 1915 5538 castellum

343 5533 697 5609 Cappadociae
733 5541 885 5611 juxta
918 5533 1120 5614 buy”.
1150 5533 1368 5591 (luvium
1402 5539 1544 5604 apud
1574 5533 1914 5600 Cedreuum;

2099 4546 2164 4612 ζ’.
2207 4545 2270 4600 Ἦ
2297 4545 2354 4599 δὲ
2381 4545 2531 4617 νόμῳ
2559 4544 2689 4616 θείῳ
2721 4544 2898 4614 τούτῳ
2931 4541 3383 4612 προσομιλήσασα
3413 4536 3606 4591 σύνευ-

2026 4657 2136 4705 νος,
2181 4639 2276 4694 ἆτε
2320 4638 2568 4707 φιλόθεος
2601 4635 2988 4706 ἀποδειχθεῖσα
3037 4634 3132 4686 καὶ
3177 4630 3500 4700 φίλανδρος,
3549 4629 3608 4682 ἐν

2026 4733 2162 4784 πᾶσι
2186 4729 2264 4801 τῷ
2296 4729 2516 4800 συζύγῳ
2553 4729 2839 4782 συνείπετο
2870 4768 2884 4789 ,
2925 4728 2984 4778 ὲν
3013 4723 3298 4788 κινδύνοις,
3332 4723 3390 4774 ὲν
3431 4721 3605 4791 ῦτῑςεριπ⁸

2026 4824 2224 4894 ορίαις,
2247 4825 2306 4875 ὲν
2322 4822 2587 4892 θλίψεσιν,
2615 4823 2673 4874 ὲν
2693 4823 2805 4884 τοῖς
2832 4819 2934 4888 τῆς
2957 4815 3328 4885 δικαιοσύνης,
3349 4811 3492 4867 κατά
3516 4812 3608 4864 τὸν

2027 4913 2168 4966 θεῖον
2207 4913 2562 4976 ⁹Λπόστολον,
2591 4911 2786 4979 δεξιοῖς
2825 4911 2922 4965 καὶ
2965 4911 3275 4980 ἀριστεροῖς
3296 4946 3310 4971 ,
3343 4907 3610 4978 λυπηροῖς

2025 5024 2109 5066 τε,
2139 5008 2314 5076 φημὶ,
2343 5007 2436 5060 καὶ
2468 5008 2580 5069 τοῖς
2613 5005 2816 5077 ᾑόἐσιν.
2848 5002 3094 5073 Ξυνωρὶς
3125 5002 3234 5072 γὰρ
3265 5000 3420 5062 ὄντες
3467 4999 3607 5068 πρὸς

2025 5099 2092 5151 τὰ
2139 5098 2376 5170 κρείττω
2425 5097 2657 5161 ἑαυτοὺς
2707 5093 3162 5166 παραθήγοντες,
3197 5093 3294 5162 οὐχ
3324 5086 3488 5163 ἦττον
3531 5091 3610 5159 τῷ

2025 5189 2296 5261 πνεύματι
2330 5192 2768 5262 συνεκράθησαν,
2805 5191 2837 5262 ἢ
2871 5191 2939 5244 τὰ
2979 5190 3230 5260 σώματα.
3283 5187 3433 5259 Αὕτη
3471 5187 3610 5257 μετὰ

2032 5462 2310 5532 Stephano
2343 5471 2411 5534 et,
2443 5461 2700 5520 Straboni
2747 5462 3072 5534 Πιμωλίσα,
3105 5471 3158 5516 et
3197 5460 3344 5531 regio
3373 5458 3608 5516 circum.-

2022 5535 2212 5605 jaccns
2241 5533 2616 5604 Πιμωλισηνὴ.
