3938 6220
343 313 417 380 55
681 401 708 414 δ
1331 328 1390 389 s.
1432 330 1854 396 NICEPHORI
1893 339 2400 404 PATRIARCHA!
2437 347 2546 409 cp.
3530 326 3598 422 τε

349 427 609 534 ppssirlet,
659 429 1067 506 incorruptione
1115 438 1348 498 donatur
1399 451 1565 514 atque
1614 449 1916 517 angelicam

2034 455 2220 527 ἱρετὴν
2249 458 2614 528 καταγώγιον,
2642 459 2712 530 ἢν
2739 461 2768 514 ό
2805 461 3152 534 κτησάμενος
3181 462 3599 535 ἀφθαρτίζεταιν

351 519 566 576 vivendi
595 526 858 580 rationem
889 527 1260 598 amplectitur.
1293 530 1444 590 lianc
1472 535 1642 604 igitur
1663 542 1918 598 comitem

349 611 664 684 sociamque
695 631 1009 682 magnarum
1035 619 1122 674 ille
1151 635 1330 676 rerum
1363 626 1676 694 negotiator
1707 639 1920 698 nactus,

343 694 711 769 jamqueulim
735 721 895 776 supra
919 723 1080 778 quam
1107 711 1200 765 alii
1239 711 1449 784 lapillos
1497 715 1668 788 Ophir
1701 694 1924 778 Serum;

346 807 454 861 que
487 795 573 850 tila
603 797 772 866 pluris
823 799 1052 868 faciens,
1086 803 1152 856 ad
1188 818 1409 870 novum,
1445 807 1524 862 uti
1565 809 1768 866 dictum
1814 821 1922 878 est,

348 885 654 943 Carum-Lam
681 890 891 946 secedit
922 911 936 948 :
975 893 1237 963 ejusmodi
1271 897 1507 966 scilicet,
1532 901 1624 970 qui
1660 903 1766 958 situ
1803 903 1922 974 ipso

348 974 562 1046 locique
581 978 902 1038 dillieultate
923 982 1166 1039 deforme
1193 986 1321 1055 quid
1347 989 1650 1058 praeferret,
1680 995 1922 1052 inacces-

349 1080 520 1135 soque
551 1079 606 1124 et
631 1071 802 1126 arduo
838 1075 1037 1130 montis
1062 1077 1284 1134 acclivis
1310 1079 1514 1137 vertice
1547 1083 1638 1136 vix
1675 1082 1922 1156 frugibus

352 1157 477 1213 ullis
506 1171 652 1216 esset
690 1175 914 1236 propter
946 1168 1292 1225 sterilitatem
1322 1171 1574 1240 idoneus,
1606 1189 1923 1247 summaque

348 1249 598 1308 siccitate
628 1269 693 1310 ac
731 1257 959 1326 penuria
990 1275 1253 1330 aquarum
1283 1261 1579 1334 laboraret,
1622 1282 1758 1336 quas
1789 1283 1923 1324 eouo

347 1342 469 1397 vehi
497 1357 562 1399 eo
590 1357 905 1416 oporteret;
943 1364 1066 1408 eum
1102 1351 1220 1422 ipso
1271 1354 1414 1423 quod
1467 1368 1536 1410 ex
1570 1357 1808 1412 nubibus
1838 1368 1923 1414 est

349 1433 686 1502 irrigatiouis
724 1442 1010 1498 commodo
1043 1455 1260 1501 careret
1290 1447 1362 1502 ob
1392 1447 1494 1503 laci
1524 1449 1919 1506 declivitatem.

421 1525 510 1579 15.
553 1525 752 1582 Verum
796 1530 924 1598 quid
977 1531 1173 1586 attinet
1222 1535 1323 1589 soli
1357 1535 1616 1591 duritiem
1676 1537 1922 1606 situsque

351 1613 692 1671 lucommoda
715 1616 948 1686 proferri
974 1620 1240 1691 pluribus,
1275 1638 1396 1678 eum
1420 1625 1612 1694 possit,
1640 1625 1686 1681 si
1711 1626 1834 1697 quis
1856 1641 1922 1684 eo

349 1707 666 1775 accesserit,
705 1708 810 1764 loci
840 1710 1074 1768 indolem
1097 1713 1301 1769 clarius
1329 1730 1659 1787 cognoscere
1682 1728 1737 1774 et
1757 1733 1919 1790 supra

348 1813 569 1854 omnem
625 1802 893 1878 orationis
931 1803 1040 1859 vim
1083 1806 1218 1876 ipsis
1251 1807 1426 1864 oculis
1455 1811 1726 1867 aestimare
1763 1824 1925 1883 atque
1955 1805 1998 1860 Β

349 1892 659 1962 conjicere,
701 1894 881 1965 qualis
911 1909 979 1950 ex
1025 1898 1170 1967 quali
1202 1898 1270 1954 ab
1299 1913 1366 1956 eo
1400 1909 1644 1970 tempore
1684 1914 1923 1960 mutatus

351 1983 447 2040 sit.
475 1983 686 2040 Etenim
725 1986 874 2043 velut
899 2003 1118 2044 exesam
1159 2005 1564 2064 pannosamque
1598 2006 1826 2062 vestem,
1863 1997 1926 2051 il-

347 2074 463 2131 lum
497 2075 596 2131 soli
634 2077 916 2135 horrorem
947 2080 1322 2155 incultumque
1339 2086 1580 2156 speciem
1607 2101 1842 2153 exuens,
1869 2098 1925 2144 et

353 2163 635 2222 fertilitate
655 2168 827 2239 gleba:
849 2171 1155 2230 sterilitatis
1181 2175 1595 2246 appellationem
1615 2177 1922 2251 deponens;

351 2256 446 2325 qui
477 2269 607 2315 ante
642 2269 764 2314 erat
793 2261 1002 2330 aridus,
1033 2265 1238 2322 caelesti
1268 2269 1444 2324 imbre
1481 2283 1580 2340 per
1617 2281 1776 2326 terra:
1809 2272 1923 2326 hia-

353 2357 440 2404 tus
473 2363 751 2422 venasque
778 2367 900 2409 sese
933 2356 1166 2412 invicem
1212 2360 1404 2415 subtus
1436 2362 1771 2431 excipientes
1797 2364 1923 2417 irri-

349 2440 466 2507 gari
497 2441 686 2512 erepit,
717 2451 772 2498 et
799 2443 1108 2502 alternante
1138 2447 1387 2506 ubertate
1415 2451 1632 2522 pinguis
1675 2453 1921 2518 effectus,

348 2529 560 2584 Alcinoi
592 2533 770 2586 aulam
805 2548 1136 2606 aureamque
1159 2536 1358 2596 Xerxis
1381 2541 1658 2612 platanum
1691 2545 1923 2601 delecta-

351 2623 444 2678 bili
481 2635 700 2692 aspectu
736 2634 948 2682 tantum
985 2631 1284 2700 superavit,
1317 2644 1580 2704 quantum
1613 2639 1814 2694 veritas
1851 2636 1924 2693 fa-

326 2712 560 2790 .hulosis
586 2717 914 2772 commentis
942 2719 1259 2788 speciosior,
1297 2721 1625 2792 majorisquc
1641 2735 1801 2794 Quam
1834 2726 1924 2782 illa

349 2805 656 2862 honestatis
685 2808 924 2865 exsistit.
959 2808 1258 2881 Martyrum
1297 2827 1460 2880 porro
1490 2826 1738 2870 sacratus
1769 2817 1924 2871 delu-

343 2893 491 2961 bris,
533 2897 586 2951 in
621 2899 817 2966 quibus
848 2913 992 2954 saeva
1023 2900 1235 2956 illorum
1273 2905 1573 2960 certamina
1608 2908 1758 2960 vario
1791 2909 1923 2964 artis

347 2996 544 3042 orttatu
588 2988 896 3045 luculenter
926 2990 1329 3062 exprimuntur,
1371 2997 1682 3064 paradisum
1716 2997 1834 3064 Dei,
1867 3011 1925 3056 ut

347 3091 474 3132 eum
523 3076 805 3148 Scriptura
838 3078 1054 3149 loquar,
1105 3081 1434 3151 perpulchre
1491 3085 1760 3140 imitatur.
1796 3085 1923 3156 Ejus

347 3171 494 3226 enim
527 3170 596 3224 ad
626 3170 747 3225 vita:
782 3170 1148 3227 commentum
1191 3171 1596 3240 sufﬁcientiam,
1632 3185 1922 3246 aptamque

348 3263 628 3318 domicilio
649 3264 1123 3334 compositionem,
1158 3265 1281 3334 quis
1308 3265 1472 3320 etiam
1495 3277 1782 3338 antequam
1821 3283 1920 3322 ex-

350 3365 542 3426 pertus
563 3355 727 3411 fuerit
745 3371 851 3412 non
873 3356 1145 3412 miretur?
1167 3357 1457 3414 Sacrorum
1481 3359 1660 3430 itaque
1684 3361 1920 3415 virorum
1977 3372 1993 3384 ‘

351 3446 747 3502 monasterium
782 3444 856 3519 (lt)
901 3441 1024 3504 esse
1053 3449 1314 3514 decrevit,
1345 3451 1436 3520 qui
1482 3452 1720 3508 assiduis
1753 3450 1921 3507 Deum

353 3535 606 3596 laudibus
627 3539 895 3605 colerent,
927 3540 1126 3611 quibus
1156 3550 1211 3596 et
1241 3542 1357 3612 ipse
1375 3542 1489 3614 jngi
1531 3543 1736 3611 junctis
1761 3545 1924 3602 colle-

352 3627 466 3698 gio,
495 3627 586 3682 diu
615 3637 887 3700 noctuque
910 3627 1161 3699 precibus
1180 3643 1246 3684 ae
1263 3631 1437 3686 sacris
1457 3631 1686 3687 canticis
1702 3647 1922 3697 vacans,

351 3723 679 3790 optimeque
697 3705 1043 3776 abstinentiae
1069 3722 1229 3777 modo
1254 3735 1374 3776 sese
1391 3721 1695 3790 ohlectans,
1720 3721 1922 3779 divinis

355 3810 682 3866 lectionibus
712 3826 777 3866 ae
823 3811 1130 3881 disciplinis
1158 3813 1399 3866 animum
1431 3813 1742 3868 adhibebat.
1773 3812 1922 3870 lden-

2023 545 2120 600 κα)⁸
2151 547 2252 618 τὴν
2294 548 2406 602 τῶν
2442 549 2693 618 ἀγγέλων
2747 549 3056 616 ἀσπάζεται
3105 553 3342 608 δίαιταν.
3385 555 3603 629 Ταύτην

2021 631 2117 719 ούν
2145 637 2490 710 συνέμπορον
2517 640 2548 692 δ
2595 638 3014 711 μεγαλέμπορος
3043 635 3199 706 οὗτος
3233 645 3602 714 κτησάμενος,

2023 727 2120 780 καὶ
2150 727 2396 797 στέργων
2443 731 2508 781 ὲκ
2538 729 2771 793 πολλῶν,
2816 727 3001 800 [πλέον
3031 727 3091 802 ἢ]
3129 729 3236 784 τῶν
3272 733 3338 784 ἐκ
3384 733 3606 804 Σουφάρ

2023 815 2187 870 λίθων
2222 819 2314 870 καὶ
2343 819 2535 888 Σηρῶν
2574 819 2833 891 νημάτων
2878 820 3080 893 ἕτεροι,
3113 823 3210 874 inti.
3251 821 3366 886 τὸν,
3411 824 3489 888 ῶς
3527 824 3604 878 εἴ-

2025 926 2210 980 ρηται,
2230 910 2349 964 νέον
2376 911 2678 982 Κάρμηλον
2709 911 3166 983 τετοοτραχύτητι
3199 913 3298 982 μὲν
3337 916 3433 969 καὶ
3472 916 3602 970 δυσ-

2022 1000 2199 1076 χωρία
2234 1003 2296 1058 τδ
2318 1003 2553 1068 ἀκαλλὲς
2597 1004 3036 1077 ἐνδεικνύμενον,
3059 1003 3138 1076 τῷ
3167 1007 3386 1061 ἀνάντει
3415 1007 3474 1062 δὲ
3501 1008 3604 1080 τῆς
3687 1073 3692 1076 _

2023 1095 2338 1167 ἀκρωρείας
2389 1097 2594 1168 πολλὴν
2633 1099 2772 1168 πρὸς
2815 1099 3191 1168 καρπογονίαν
3229 1099 3604 1169 ὑποφαίνοντα

2027 1187 2349 1259 στείρωσιν,
2423 1187 2744 1259 πολυδίψιόν
2773 1206 2836 1243 τε
2868 1190 2965 1244 καὶ
3009 1190 3273 1258 ἄτεγκτον
3313 1191 3411 1245 καὶ
3445 1193 3496 1244 εἰ
3529 1191 3604 1261 μὴ

2024 1277 2284 1350 φορητὸν.
2309 1279 2480 1350 αὐτῆς
2508 1278 2608 1351 τῆς
2631 1281 2696 1334 ὲκ
2721 1279 2901 1346 νεφῶν
2923 1282 3186 1352 ἐπιρροῆς
3205 1281 3292 1335 διά
3318 1281 3380 1335 τδ
3399 1279 3606 1354 πρανδς

2026 1373 2469 1444 στερισκόμενον.
2669 1386 2680 1396 ’

2095 1555 2186 1619 ιγ’.
2217 1550 2332 1605 Καὶ
2361 1551 2414 1606 τί
2441 1551 2524 1606 δεῖ
2567 1551 2629 1607 «re
2673 1553 2970 1616 ἀπιτυπές
3003 1550 3100 1606 τοῦ⁹
3131 1551 3312 1622 χώρου
3342 1551 3436 1604 καὶ
3469 1551 3608 1626 πρὸς

2024 1640 2229 1707 θέσεως
2251 1644 2542 1714 εὐμοιρίαν
2568 1644 2890 1716 ἀσύμφορον
2916 1643 3150 1699 έπιπολὺ
3185 1643 3264 1714 τῷ
3287 1643 3431 1714 λόγῳ
3456 1643 3610 1697 ἐνδα-

2022 1731 2374 1804 ψιλεύεσθαι,
2422 1734 2544 1788 ὲνδν
2578 1736 2758 1788 ἐκεῖσε
2807 1735 3103 1806 γενόμενον
3147 1733 3238 1788 τδν
3263 1732 3608 1808 [βουλόμενον

2031 1822 2138 1894 πρδ
2173 1821 2270 1876 τοῦ
2310 1822 2472 1892 λόγου
2506 1824 2575 1878 τὰ
2611 1823 2706 1878 τοῦ
2738 1824 2907 1878 τόπου
2937 1824 3203 1898 γνωρίσαι
3223 1865 3238 1888 ,
3271 1823 3364 1878 καὶ
3396 1825 3609 1894 ’τεκμή-

2032 1912 2233 1984 ρασθαι
2279 1908 2388 1977 οἷος
2429 1905 2498 1984 ἦν
2543 1915 2638 1968 καὶ
2681 1909 2794 1978 οἷος
2831 1917 2896 1970 ὲκ
2927 1915 3120 1970 τούτου
3159 1914 3486 1986 γεγένηταις
3519 1913 3608 1978 Ὦς

2029 2003 2140 2074 γὰρ
2179 2004 2464 2074 διεφθορὸς
2492 2006 2586 2060 καί.
2618 2006 2862 2077 ῥακῶδες
2904 2005 3118 2078 ἱμάτιον
3154 2005 3610 2076 ἀπεκδυσάμενος

2029 2097 2092 2150 τδ
2115 2095 2434 2166 ἀγροικικδν
2466 2097 2560 2150 καὶ
2589 2098 2690 2168 ἀνή
2701 2114 2889 2168 μερον,
2925 2097 3019 2151 καὶ
3051 2098 3114 2151 τὸ
3143 2097 3370 2167 γόνιμον
3395 2113 3500 2166 χρη
3511 2113 3612 2165 μα-

2029 2186 2178 2240 τίσαι
2195 2186 2266 2256 ,τὸ
2286 2186 2536 2257 ἀκαρπον
2561 2185 2919 2255 διωσάμενος,
2945 2188 3002 2240 τό
3023 2203 3083 2240 τε
3112 2186 3364 2256 διψαλέον
3383 2189 3450 2256 τῇ
3475 2186 3606 2240 ἀνω-

2031 2274 2122 2328 θεν
2148 2274 2426 2345 ἑπομϐρίᾳ
2445 2313 2460 2338 ,
2489 2273 2577 2327 διὰ
2607 2275 2903 2344 σηράγγων
2931 2277 3345 2347 ὑποτρεχόντων
3381 2275 3610 2346 δεξαμε-

2029 2366 2124 2428 νάς
2151 2367 2216 2418 ὲκ
2239 2365 2552 2436 δεξαμενῶν
2589 2366 2909 2438 ἅλληλούχῳ
2939 2367 3194 2439 δαψιλείᾳ
3220 2368 3568 2438 πιαινόμενος
3587 2404 3605 2429 ,

2027 2455 2126 2524 τῆς
2150 2453 2429 2522 ᾊλκινόου
2454 2454 2626 2524 αὐλῆς
2648 2457 2744 2508 καὶ
2763 2455 2863 2526 τῆς
2883 2458 3092 2526 χρυσῆς
3114 2453 3316 2526 Ξέρξου
3338 2454 3606 2508 πλατάνου

2027 2545 2089 2597 τὸ
2117 2544 2351 2615 τερπνὸν
2378 2545 2714 2616 ὑπερήλατο,
2756 2545 2954 2600 ὁπόσον
2989 2545 3234 2616 μυθικῶν
3271 2544 3608 2614 πλασμάτων
3673 2540 3691 2556 ¹

2030 2636 2356 2705 σεμνότερόν
2393 2637 2544 2690 ἐστιν
2565 2636 2812 2708 ἀλήθεια.
2839 2637 3034 2707 Σηκοῖς
3054 2653 3115 2689 τε
3152 2635 3446 2707 μαρτύρων
3475 2633 3608 2690 καθ-

2028 2725 2329 2794 αγιασθεὶς,
2346 2729 2456 2790 τοῖς
2471 2728 2680 2781 τούτων
2709 2730 2872 2798 ἱεροῖς
2893 2727 3125 2790 ἐντελῶς
3151 2727 3607 2782 διαποικιλθεῖσιν

2029 2817 2335 2888 ἀθλήμασιν
2363 2818 2453 2870 τὸν
2484 2819 2576 2872 τοῦ
2607 2818 2765 2882 Θεοῦ,
2797 2818 2938 2872 κατά
2967 2819 3028 2872 τὸ
3054 2817 3255 2888 λόγιον,
3283 2821 3607 2890 ὲκμιμεῖται

2029 2909 2379 2980 παράδεισον.
2425 2911 2500 2962 Τὸ
2530 2910 2642 2980 γὰρ
2685 2907 2787 2980 τῆς
2827 2909 3041 2978 διαίτης
3073 2909 3299 2980 διαρκὲς
3343 2909 3609 2980 καὶπρὸς

2027 2997 2242 3069 οἴκησιν
2278 2999 2596 3070 ἀμφιδέξιον
2649 2999 2732 3064 τίς
2767 2999 2869 3052 οὐκ
2907 2999 2974 3053 ἂν
3008 2999 3104 3053 καὶ
3145 2999 3252 3070 πρὸ
3277 3001 3378 3069 τῆς
3409 3001 3608 3070 πείρας

2029 3087 2336 3156 ἀγάσαιτο;
2393 3087 2698 3160 Τοιγαροῦν
2746 3089 2995 3157 σὲμνεῖον
3037 3087 3201 3158 ἱερῶν
3253 3087 3464 3156 ἀνδρῶν
3514 3086 3608 3140 τὸν

2025 3177 2202 3249 χῶρον
2231 3179 2471 3248 διώρισε,
2509 3181 2645 3250 πρὸς
2673 3179 2907 3250 ἄληκτον
2933 3176 3257 3248 ὑμνολογίαν
3282 3175 3376 3230 τοῦ
3406 3175 3608 3248 Κρείτο

2023 3285 2176 3332 τονος
2197 3313 2209 3328 ,
2243 3269 2363 3340 μεθ’
2392 3264 2468 3323 ὧν
2492 3271 2585 3322 καὶ
2615 3271 2777 3333 αύτὺς
2805 3269 3141 3348 ἀδιαστάτως
3169 3266 3385 3338 νύκτωρ
3417 3282 3478 3318 τε
3507 3265 3606 3319 καὶ

2033 3359 2150 3431 μεθ’
2181 3361 2396 3432 ἡμέραν
2423 3364 2544 3424 ταῖς
2567 3361 2850 3423 εὐκτικαῖς
2875 3359 3202 3430 ίερολογῐαις
3226 3355 3606 3428 ὲγκαρτερῶν,

2029 3451 2124 3524 καὶ
2149 3450 2228 3520 τῷ
2254 3451 2462 3522 ἀρίστῳ
2495 3451 2680 3521 μέτρῳ
2709 3451 2808 3520 τῆς
2838 3449 3165 3520 ἐγκρατείας
3190 3445 3604 3517 κατεντρυφῶν,

2030 3545 2096 3614 τῇ
2120 3543 2422 3612 ἀναγνώσει
2441 3542 2549 3595 τῶν
2571 3543 2734 3595 θείων
2754 3543 3012 3612 προσεῖχε
3041 3542 3270 3600 καὶτοῖς
3295 3538 3610 3610 μαθήμασι,

2041 3633 2326 3706 τράπεζαν
2359 3633 2458 3705 μὲν
2489 3632 2862 3704 Συρακουσίαν
2883 3632 2980 3685 καὶ
3010 3630 3204 3700 μέχρις
3233 3627 3409 3698 αὐτῆς
3435 3626 3607 3693 ἀκοῆς

2028 3726 2374 3792 εἰσδέξασθαι
2396 3723 2858 3796 παραιτούμενος,
2890 3725 2958 3794 τῇ
2983 3721 3039 3775 δὲ
3062 3715 3370 3792 συγκρατού
3381 3735 3446 3790 σῃ
3472 3717 3609 3790 πρὸς

2027 3815 2177 3891 ζωὴν
2209 3818 2516 3890 αὐταρκείᾳ.
2553 3817 2911 3888 τρεφόμενος.

353 3919 470 3961 sam
501 3919 629 3960 vero
680 3903 1077 3976 Syracusanam
1135 3919 1201 3960 ac
1253 3905 1484 3976 dapibus
1535 3906 1821 3962 lautiorem
1894 3925 1962 3965 ne
2033 3915 2200 3968 verbo
2257 3915 2477 3984 quidem
2539 3913 2730 3968 audire
2787 3911 3124 3976 sustinebat;
3184 3908 3252 3964 iis
3310 3907 3606 3975 alimentis,

354 4014 476 4070 qua:
529 3999 654 4054 vita:
703 4009 978 4068 utcunque
1025 4001 1392 4054 sustentanda:
1440 4011 1642 4068 essent,
1679 4005 1896 4072 parcius
1927 4016 2105 4063 utens.

427 4093 516 4150 14.
559 4093 852 4164 Postquam
885 4109 1013 4150 vero
1046 4109 1324 4150 sacrarunt
1363 4096 1742 4166 dicipliuarum
1773 4115 1928 4156 meu-

359 4188 438 4244 tio
468 4187 680 4252 incidit,
716 4188 862 4242 haud
894 4187 1170 4258 ingratqu
1201 4197 1294 4244 aut
1325 4190 1392 4244 ab
1424 4190 1674 4246 instituto
1698 4192 1929 4247 alienum

358 4288 542 4350 putem
575 4289 779 4351 quanta
815 4280 918 4335 viri
945 4280 998 4334 iu
1027 4281 1110 4336 eis
1135 4281 1416 4352 diligentia
1441 4293 1587 4338 esset
1608 4291 1772 4353 atque
1793 4299 1931 4353 pra!-

359 4371 566 4426 stantia
602 4372 939 4428 meminisse.
974 4371 1056 4426 Ad
1084 4373 1393 4428 divinarum
1424 4375 1568 4429 enim
1615 4375 1931 4444 Scriptura-

2109 4103 2192 4158 ιδ’.
2235 4103 2376 4157 Ἀλλ’
2406 4101 2594 4174 ἐπειδὴ
2629 4101 2970 4173 μαθημάτων
2995 4098 3408 4170 ὲμνήσθην,ούκ
3440 4093 3608 4165 ἄχαρι

2035 4194 2160 4248 οὔτε
2187 4194 2294 4265 μὴν
2329 4193 2603 4265 παρέλκον
2632 4183 2871 4264 ἡγοῦμαι
2899 4192 2994 4244 καὶ
3023 4191 3121 4260 τῆς
3159 4190 3290 4260 περὶ
3315 4187 3489 4242 ταῦτα
3512 4181 3608 4238 τοῦ

2037 4287 2230 4358 ἀνδρδς
2267 4285 2673 4361 ἐπιμνησθῆναι
2717 4282 3003 4353 ἀκριϐείας
3043 4298 3103 4334 τε
3152 4282 3248 4334 καὶ
3285 4278 3606 4350 ἀκρότητος.

2039 4381 2082 4432 Π
2091 4379 2186 4449 ρος
2209 4376 2318 4446 γὰρ
2340 4379 2406 4447 τῇ
2437 4375 2546 4429 τῶν
2572 4376 2731 4428 θείων
2757 4374 2956 4444 λογίων
2979 4371 3178 4444 μελέτῃ
3205 4371 3300 4425 καὶ
3323 4370 3420 4440 τῆς
3443 4367 3610 4438 θύρα-

361 4475 482 4514 rum
515 4461 918 4517 meditationem
947 4463 1230 4518 saecularis
1262 4464 1584 4520 litteraturae
1608 4469 1925 4535 compendia

2041 4469 2132 4522 θεν
2165 4465 2486 4540 [παιδείας]
2532 4466 2916 4535 εἰσεποιήσατο
2949 4463 3164 4536 μέθεξιν
3184 4479 3198 4496 ο
3231 4464 3298 4534 τῇ
3331 4461 3426 4531 μὲν
3459 4459 3520 4512 τὸ
3552 4460 3611 4512 ἐν

361 4551 630 4622 mtjunxit,
651 4561 760 4606 tum
781 4563 840 4607 ut
873 4553 1087 4609 facilius
1105 4565 1291 4622 posset
1313 4555 1554 4610 docendo
1583 4557 1930 4626 persuadere,

363 4649 556 4698 tum-ut
575 4643 643 4698 ad
666 4658 884 4699 errores
917 4645 1293 4714 coarguendos
1325 4649 1582 4702 evaderet
1609 4649 1932 4718 expeditior.

363 4733 834 4800 Quemadmodum
875 4738 1020 4793 enim
1049 4751 1114 4793 ea
1150 4738 1284 4808 legis
1328 4737 1502 4794 virtus
1546 4749 1651 4806 est,
1689 4747 1748 4794 ut
1805 4738 1936 4808 justi

363 4839 527 4896 atque
544 4827 727 4898 injusti
749 4831 1288 4899 comprehensionem
1310 4840 1626 4902 certamque
1645 4831 1933 4885 scientiam

355 4916 709 4988 proﬁteatur,
743 4933 852 4988 quo
887 4921 1130 4990 dignam,
1161 4931 1218 4974 nt
1256 4921 1487 4988 quisque
1517 4918 1743 4974 alterum
1769 4929 1940 4974 secta-

367 5023 454 5066 tus
485 5009 672 5075 fuerit,
734 5011 1148 5067 retributionem
1199 5011 1482 5082 aequaliter
1521 5010 1810 5081 rependat;
1864 5003 1935 5065 ita

363 5102 528 5156 etiam
573 5099 992 5170 disciplinarum
1049 5103 1311 5172 perfectio
1345 5093 1630 5170 utrius'que
1664 5103 1936 5174 cognitio-

367 5207 492 5246 num
527 5191 887 5262 peritiamque
935 5194 1183 5262 requirit.
1219 5185 1344 5247 Non'
1380 5193 1448 5247 ita
1487 5205 1664 5248 tamen
1699 5204 1757 5247 ut
1783 5210 1935 5264 ecqua

369 5285 518 5339 velut
554 5282 730 5352 lance,
762 5284 904 5353 quod
957 5284 1118 5349 ahsil,
1151 5299 1542 5354 componamus
1587 5295 1874 5354 utramque
1921 5301 1935 5338 :

366 5389 476 5432 non
509 5377 655 5432 enim
681 5377 799 5448 pari
845 5391 967 5432 eum
1009 5377 1225 5432 domina
1259 5377 1464 5432 honore
1513 5376 1708 5430 ancilla
1761 5388 1939 5432 certa-

373 5473 514 5527 verit
549 5489 566 5529 :
600 5489 699 5532 nec
729 5489 862 5532 vero
895 5473 1036 5531 titius
1085 5472 1296 5530 ancilla:
1346 5487 1468 5530 cum
1505 5471 1616 5527 lilio
1648 5471 1854 5533 liberm,
1885 5479 1942 5527 ut

2038 4558 2281 4629 διδαχαῖς
2325 4555 2760 4611 καταπλουτίσαι
2800 4555 2970 4608 θέλων
3011 4551 3308 4624 πειθήνιον,
3352 4548 3504 4622 τῇδὲ
3547 4547 3612 4600 τὸ

2037 4650 2136 4718 τῆς
2183 4646 2392 4718 πλάνης
2441 4645 2740 4715 διελέγχειν
2819 4642 3102 4698 ἀπίθανον.
3161 4641 3250 4705 Ὠς
3291 4639 3397 4711 γὰρ
3440 4636 3609 4707 ἀρετὴ

2039 4738 2236 4808 νόμου,
2263 4737 2474 4792 δικαίου
2507 4753 2564 4790 τε
2597 4724 2692 4790 καὶ
2722 4733 2908 4788 ἀδίκου
2936 4730 3242 4801 κατάληψιν
3273 4726 3610 4797 ἐπαγγέλλε-

2039 4848 2150 4898 ται,
2181 4829 2268 4884 ἴνα
2295 4829 2394 4901 τὴν
2427 4828 2586 4896 ἀξίαν
2613 4826 2882 4882 ἀντίδοσιν
2907 4827 3021 4886 τοῖς
3049 4823 3330 4878 ἐπαΐουσιν
3352 4821 3609 4889 ὁπότερον

2037 4921 2476 4986 ταλαντεὼειεν,
2505 4919 2648 4972 οὕτω
2683 4918 2774 4971 καὶ
2795 4916 2858 4970 τὸ
2885 4917 2986 4986 τῆς
3015 4913 3350 4974 παιδεύσεως
3377 4911 3609 4973 ἐντελὲς,

2034 5013 2308 5084 ἑκατέρας
2337 5010 2475 5081 πρὸς
2502 5007 2854 5062 διδασκαλίαν
2886 5005 3156 5075 προσήκει
3187 5003 3376 5074 φέρειν
3403 5002 3500 5071 τὴν
3531 4998 3611 5051 εί-

2039 5107 2215 5174 δησιν.
2241 5105 2350 5173 Ούχ
2374 5105 2456 5156 ὅτι
2480 5099 2803 5170 παράλληλα
2821 5096 3044 5166 τίθεμεν
3065 5096 3254 5166 ἄμφω,
3283 5093 3357 5162 μὴ
3381 5093 3610 5161 γένοιτο⁸

2040 5199 2101 5251 ού
2125 5197 2234 5267 γὰρ
2263 5193 2562 5264 ἐφάμιλλος
2589 5191 2844 5261 δεσποίνῃ
2871 5188 3200 5260 θεράπαινα,
3225 5185 3346 5238 οὐδὲ
3376 5183 3450 5254 μὴ
3481 5181 3614 5250 κλη-

2047 5285 2338 5357 ρονομήσει
2377 5283 2406 5336 ό
2443 5280 2558 5344 υίδς
2602 5279 2700 5350 τῆς
2732 5277 3023 5346 παιδίσκης
3055 5274 3194 5346 μετά
3231 5273 3322 5326 τοῦ
3369 5269 3484 5324 uio-3
3515 5268 3614 5337 τῆς

2043 5374 2356 5446 ἐλευθέρας,
2406 5372 2493 5425 ἵνα
2535 5371 2632 5423 καὶ
2682 5369 2788 5422 τῶν
2824 5367 2961 5440 πρὸς
3020 5366 3272 5438 Ἀϐραὰμ
3315 5361 3616 5434 λεχθέντων

2048 5466 2294 5541 μνησθῶ.
2328 5468 2494 5530 Ὀσος
2539 5464 2646 5535 γὰρ
2686 5460 2815 5532 περί
2851 5477 2912 5514 τε
2947 5457 3346 5530 γραμματικὴν
3379 5450 3484 5526 ἦν,
3519 5451 3618 5507 καὶ

439 5711 518 5788 (lt)
551 5713 604 5768 tu
647 5729 710 5770 eo
751 5719 1076 5776 monasterio
1129 5716 1283 5775 exsul
1353 5715 1505 5786 vixit,
1589 5721 1836 5772 mortuus
1887 5719 1940 5769 et
1978 5709 2224 5782 sepultus
2252 5717 2360 5778 est,
2390 5707 2525 5765 utin
2559 5704 2731 5762 altera
2761 5701 2883 5762 Vita
2911 5698 3130 5761 dicitur.
3577 5751 3609 5768 ,
