4022 6218
323 384 396 467 5‘1
1843 377 1914 468 vt

2015 454 2044 471 ..

324 514 394 569 τὰ
427 512 570 586 μέρη
601 511 811 585 ταύτης
839 514 935 570 καὶ
957 513 1166 586 ὄργανα
1185 555 1199 580 ,
1229 513 1318 586 ύςρ⁶
1347 509 1423 570 ὧν
1447 515 1510 570 τὸ
1535 520 1634 590 τῆς
1664 533 1909 587 συγγρα-

2015 521 2240 578 Abrahae
2303 523 2446 580 dicta
2497 538 2940 587 commemorem,
2997 523 3170 578 hmres
3224 523 3567 582 exstiterlt‘.

324 606 434 676 φῆς
449 605 632 678 ὀρθὸν,
652 607 750 660 καὶ
771 607 868 677 μὴ,
882 606 1242 678 διακρίνεται,
1262 607 1356 660 καὶ
1369 610 1402 678 ἠ
1417 607 1663 678 Ἑλληνὶς
1683 609 1905 676 γλῶσσα

323 697 638 762 εὐθύνεται,
671 698 768 750 καὶ⁸
793 698 827 768 ἡ
856 699 966 753 τῶν
997 700 1214 770 μέτρων
1241 697 1403 767 βάσις
1433 699 1775 771 ῥυθμίζεται,
1811 701 1906 754 καὶ

322 789 513 853 αὐτοῖς
531 787 667 856 γοῦν
682 791 797 852 τοῖς
811 789 906 842 καὶ
924 789 1160 860 μετρίως
1177 791 1280 860 τῆς
1301 791 1495 861 τέχνης
1515 790 1906 860 ἐπισταμένοις

323 880 640 951 καθέστηκε
665 880 968 952 γνώριμον.
988 883 1154 947 Ὄσος
1168 899 1228 936 τε
1254 883 1380 956 περὶ
1401 882 1500 954 τὴν
1524 883 1634 935 τῶν
1658 883 1906 952 ρητόρων

325 971 503 1041 ἐφάνη
521 971 901 1042 πολύφθογγον
924 973 1208 1043 φόρμιγγα
1229 971 1470 1042 ἡδυεπὴς
1497 971 1594 1025 καὶ
1619 970 1904 1041 μειλίχιος,

325 1065 388 1117 οὐ
407 1063 652 1133 χαλεπὸν
669 1064 921 1117 συνιδεῖν
939 1063 1002 1116 τὸ
1015 1063 1125 1134 γὰρ
1141 1062 1684 1134 κατεγλωττισμένον
1701 1060 1907 1131 ταύτης

329 1155 430 1210 καὶ
454 1151 637 1218 λάλον,
670 1156 764 1209 καὶ
791 1155 917 1208 ὅσον
961 1147 1286 1226 σοφιστικὴν
1323 1143 1578 1208 ἅπονεύει
1623 1155 1909 1222 είκαιομυ-

329 1244 458 1302 θίαν
483 1262 548 1298 τε
573 1247 669 1298 καλ⁵
705 1245 1018 1316 φληναφίαν
1051 1245 1468 1316 παρωσάμενος,
1503 1245 1572 1298 δι’
1598 1244 1910 1315 εὐκρινείας

329 1353 396 1390 τε
421 1337 514 1390 καὶ
541 1337 916 1409 καθαρότητος
962 1337 1024 1391 τὸ
1048 1337 1152 1408 τῆς
1179 1336 1454 1409 συνθήκης
1480 1337 1578 1408 ἡδί)
1601 1335 1694 1390 καὶ
1719 1333 1908 1406 χαρίεν

329 1429 676 1499 ἐπετήδευεν.

408 1789 492 1845 ιε’.
520 1791 659 1859 Περί
683 1806 744 1844 τε
773 1789 871 1860 τὴν
889 1789 991 1859 τῆς
1017 1785 1409 1859 μαθηματικῆς
1431 1783 1768 1857 τετρακτύος
1786 1784 1910 1838 ἀνά-

329 1881 524 1954 ληψιν,
549 1880 679 1951 ἣτις
722 1882 786 1932 ἐκ
835 1880 1273 1950 πεπερασμένων
1323 1881 1562 1950 συνεχῶν
1600 1881 1695 1934 καὶ
1743 1896 1910 1932 πεπε-

331 1971 628 2044 ρασμένων
681 1968 1062 2039 διωρισμένων
1109 1968 1210 2040 τὴν
1264 1967 1526 2022 σύστασιν
1570 1967 1794 2038 εἴληφεν
1835 1965 1908 2037 (ἢ

235 2090 252 2101 -
331 2063 448 2132 γὰρ
480 2060 712 2114 κινεῖται
742 2060 841 2112 καὶ
865 2061 1012 2112 ποιεῖ
1041 2059 1141 2130 τὴν
1169 2059 1559 2130 ἀστρονομίανο
1589 2057 1622 2129 ἢ
1653 2057 1908 2128 ἀκίνητός

333 2157 480 2216 ἔστι,
513 2155 608 2208 καὶ
635 2151 904 2222 ποιεῖτὴν
943 2151 1290 2222 γεωμετρίαν
1311 2168 1327 2184 '
1363 2151 1397 2222 ἢ
1429 2150 1590 2204 πάλιν
1635 2151 1692 2202 ἐν
1728 2147 1911 2217 σχέσει

334 2245 629 2314 τυγχάνει,
664 2243 760 2296 καὶ
791 2245 940 2296 ποιεῖ
960 2243 1059 2312 τῆν
1096 2243 1364 2318 μουσικήν
1389 2255 1404 2270 ο
1438 2239 1471 2310 ἢ
1507 2237 1732 2308 ἄσχετος
1762 2239 1904 2301 ἐστι,

331 2337 432 2390 καὶ
456 2335 725 2404 ποιεῖτὴν
761 2332 1132 2405 ἀριθμητικὴν
1150 2333 1192 2403 ),
1233 2333 1326 2386 ἐπὶ
1367 2330 1622 2384 τοσοῦτον
1647 2323 1802 2392 οὗτος
1839 2327 1906 2379 δι’

328 2426 654 2496 ἐπιμελείας
697 2425 959 2494 ἀφίκετο,
991 2425 1068 2485 ὡς
1113 2423 1236 2477 ἀντὶ
1271 2423 1489 2476 πάντων
1520 2420 1601 2483 ἓν,
1645 2419 1742 2473 καὶ
1787 2418 1908 2472 ἀντὶ

329 2518 458 2580 ἑνὸς
498 2516 713 2572 ᾶπαντα
743 2516 1076 2586 ὲξασκήσας,
1106 2517 1164 2568 ὲν
1194 2514 1334 2567 πᾶσι
1363 2515 1424 2566 τδ
1454 2514 1720 2582 πρωτεῖον
1752 2508 1910 2579 πορίο

331 2609 556 2664 σασθαι.
592 2609 874 2680 Μουσικὴν
903 2608 960 2661 δὲ
999 2606 1280 2678 ἡρμόσατο
1311 2603 1481 2676 λύραν
1516 2604 1614 2673 οὐχ
1651 2603 1767 2656 οἵαν
1797 2603 1910 2655 Πυ-

331 2699 578 2769 θαγόρας
598 2701 626 2752 ὁ
653 2699 879 2768 Σάμιος,
900 2698 998 2767 οὐχ
1020 2698 1140 2750 οἷαν
1159 2697 1188 2750 ὁ
1211 2695 1486 2766 ἀπατηλὸς
1521 2691 1908 2765 Ἀριστόξενος,

334 2789 543 2858 μᾶλλον
580 2789 638 2842 δὲ
683 2789 786 2860 τὴν
831 2789 1028 2841 ἑκατὸν
1071 2787 1166 2840 καὶ
1192 2784 1725 2856 πεντηκοντὰχορδον
1749 2799 1766 2816 ο
1817 2782 1940 2836 καὶ³

327 2881 542 2950 ταύτην
573 2879 790 2951 κρούων
826 2879 950 2941 ἀεὶ,
989 2877 1100 2931 τῶν
1141 2877 1401 2945 ὑπηκόων
1439 2875 1570 2928 ποτὲ
1612 2875 1784 2928 Σαοὺλ
1812 2874 1912 2945 τὴν

330 2973 493 3025 νόσον
519 2969 764 3035 ἀπήλασε
785 3007 801 3029 ,
829 2968 926 3020 καὶ
952 2966 1047 3020 τδν
1079 2965 1362 3036 ὠμότατον
1391 2963 1670 3032 τύραννον,
1701 2962 1778 3032 τῷ
1813 2963 1911 3031 τῆς

333 3061 660 3126 κακοδοξίας
676 3057 918 3127 καταγχό
923 3073 1081 3126 μενον
1093 3056 1226 3110 πνεύ
1235 3073 1361 3127 ματι
1372 3095 1388 3121 ,
1404 3057 1500 3108 καὶ
1520 3053 1910 3123 ἀμεταμέλητα

1853 3137 1868 3154 θ

2011 611 2256 675 Quantus
2287 627 2452 682 porro
2485 605 2912 684 in'grammatica
2943 611 3170 683 ejusque
3214 615 3464 682 partibus
3512 624 3571 670 et

2006 702 2353 757 adminiculis
2398 714 2565 770 esset,
2615 703 2813 774 quibus
2863 713 3031 770 recta,
3087 705 3154 756 ab
3186 718 3249 758 ea
3291 719 3410 772 quae
3439 705 3572 760 vitio

2007 790 2236 856 laborat,
2269 791 2540 846 scribendi
2563 793 3054 857 ratiodiscernitur,
3083 792 3569 862 IinguaqueGra-ca

2011 881 2409 950 corrigitur,ac
2441 881 2740 934 carminum
2772 883 2916 936 basis
2952 882 3247 950 regulatur,
3273 883 3341 937 iis
3367 883 3572 952 perspi-

2005 987 2106 1028 cue
2141 983 2325 1027 notum
2363 975 2438 1038 lit,
2463 974 2553 1042 qui
2581 972 2666 1027 vel
2694 973 2964 1026 modicum
3000 987 3120 1026 eam
3164 983 3336 1027 artem
3369 973 3574 1028 callue-

2007 1065 2136 1120 rint.
2171 1065 2340 1131 Quam
2371 1067 2537 1120 etiam
2580 1065 2927 1119 multisonam
2967 1065 3248 1120 rhetorum
3305 1065 3571 1120 citharam

2009 1165 2262 1226 tangens,
2299 1158 2486 1212 suavis
2511 1158 2693 1212 verbis
2730 1166 2879 1212 esset
2915 1171 2978 1211 ac
3017 1157 3189 1210 dulcis
3221 1155 3458 1225 eloquio,
3496 1155 3574 1209 fa—

2008 1229 2112 1304 cile
2143 1248 2319 1317 quivis
2359 1249 2651 1317 perspiciat
2682 1246 3052 1318 :superﬂuam
3081 1261 3313 1316 namque
3344 1245 3575 1314 garruli-

2011 1349 2174 1396 tatem
2205 1355 2267 1395 ac
2296 1341 2584 1395 verborum
2613 1339 2931 1408 iactantiam
2961 1348 3015 1393 et
3039 1339 3297 1408 quidquid
3343 1337 3575 1406 denique

2007 1431 2074 1486 ad
2109 1431 2473 1500 sophistarum
2519 1431 2728 1498 ineptas
2784 1428 3031 1482 fictiones
3090 1442 3150 1482 ac
3185 1441 3354 1496 nugas
3379 1425 3574 1494 vergit,

2009 1523 2198 1594 procul
2243 1525 2310 1576 ab
2343 1522 2592 1577 oratione
2638 1521 2948 1585 eliminatis,
2992 1535 3056 1574 ex
3111 1518 3462 1573 distinctione
3511 1528 3576 1569 ac

2011 1617 2246 1684 puritate
2273 1613 2682 1686 compositionis
2726 1613 3064 1668 dulcedinem
3111 1611 3452 1682 gratiamque
3478 1621 3574 1664 ca-

2012 1707 2216 1774 ptalial.

2085 1795 2173 1848 l5.
2235 1795 2385 1860 Quod
2436 1805 2615 1848 autem
2659 1795 2726 1846 ad
2769 1791 3140 1863 quadruplicis
3180 1790 3577 1846 mathematica)

2012 1885 2416 1962 perceptionem
2437 1885 2650 1948 attinet,
2677 1899 2797 1953 qum
2821 1900 2884 1937 ex
2911 1883 3158 1938 terminis
3179 1881 3450 1936 continuis
3466 1880 3576 1936 dis-

2011 1977 2286 2046 cretisque
2314 1985 2524 2030 constat
2563 1975 2690 2046 (aut
2716 1977 2858 2029 enim
2885 1984 3132 2028 movetur
3163 1987 3250 2029 res
3277 1975 3577 2026 mathema-

2013 2069 2141 2136 tica,
2182 2067 2418 2136 lacitqtte
2455 2065 2836 2122 astronomiam
2870 2084 2884 2120 :
2917 2078 3011 2120 aut
3040 2075 3122 2119 est
3145 2063 3464 2127 immobilis,
3512 2074 3577 2115 ac

2014 2158 2365 2228 geometriam
2409 2157 2687 2211 constituit
2725 2174 2738 2210 :
2773 2165 2868 2211 aut
2909 2157 3104 2210 iterum
3139 2154 3193 2208 in
3226 2152 3576 2222 proportione

2011 2255 2267 2315 certaque
2297 2244 2708 2314 comparatione
2738 2244 2980 2309 exsistit,
3013 2259 3076 2298 ac
3109 2243 3370 2297 musicam
3406 2239 3574 2300 facit;

2013 2343 2108 2391 aut
2137 2337 2369 2404 denique
2393 2335 2740 2404 proportione
2775 2333 3039 2404 ejusmodi
3070 2332 3244 2387 soluta
3303 2341 3386 2386 est
3417 2341 3580 2398 atque

2012 2428 2204 2492 libera,
2219 2435 2384 2496 atque
2404 2426 2803 2480 arithmeticam
2833 2423 2996 2480 etiicit
3011 2425 3054 2494 ),
3078 2425 3213 2478 adeo
3232 2424 3318 2477 hic
3337 2423 3578 2492 graviter

2013 2519 2066 2574 in
2095 2533 2158 2572 ea
2186 2518 2285 2572 fuit
2319 2517 2674 2580 exercitatus,
2701 2525 2758 2572 ut
2792 2533 2956 2572 unum
2995 2517 3139 2571 velut
3163 2517 3342 2572 onmia
3369 2516 3577 2574 colens.

2012 2608 2300 2675 omniaque
2331 2615 2388 2660 ut
2410 2621 2596 2671 unum,
2625 2607 2677 2658 in
2705 2607 2975 2661 universis
3004 2607 3202 2674 primas
3229 2605 3417 2660 terret.
3463 2603 3579 2658 Mu-

2013 2705 2177 2756 sicam
2213 2718 2340 2757 vero
2369 2701 2544 2774 lyram
2593 2699 2819 2766 aptavit,
2850 2713 2956 2752 nou
2983 2695 3201 2766 qualem
3239 2694 3580 2765 Pythagoras

2015 2795 2231 2851 Samius
2251 2809 2353 2850 nec
2389 2793 2540 2863 quasi
2591 2792 2843 2846 seductor
2885 2789 3285 2852 Aristoxenus;
3336 2785 3432 2840 sed
3479 2799 3581 2838 no-

2012 2887 2258 2942 biliorem
2318 2885 2464 2938 illam
2517 2893 2734 2938 centum
2779 2897 2844 2936 ac
2897 2877 3286 2950 quinquaginta
3346 2875 3584 2928 chorda-

2015 2991 2498 3046 rum,semperqne
2537 2990 2658 3028 cum
2709 2972 2935 3042 pulsans
2977 2969 3244 3031 morbum,
3291 2981 3400 3036 quo
3453 2963 3584 3018 Saul

2013 3070 2280 3138 quondam
2322 3067 2686 3128 laboraverat,
2741 3077 2770 3116 a
2820 3059 3051 3116 subditis
3096 3057 3327 3127 depulit;
3386 3055 3585 3123 ipsum-

332 3149 483 3204 κατὰ
526 3149 629 3218 τῆς
662 3148 902 3220 Χριστοῦ
946 3147 1260 3218 οἰκονομῖας
1293 3146 1800 3216 ἑμπαροινήσαντα,
1836 3145 1913 3210 ᾠ-

2015 3174 2122 3228 que
2151 3157 2586 3212 crudelissinmm
2630 3165 2917 3226 tyrannum
2941 3149 3147 3205 erroris
3193 3145 3406 3218 spiritui
3431 3159 3584 3198 man-

333 3239 609 3296 κειὼσατο
635 3239 756 3310 μὲν,
790 3242 892 3310 τῆς
919 3239 974 3293 δὲ
1001 3237 1194 3292 τούτου
1222 3236 1402 3310 λύμης
1428 3237 1491 3290 τὸ
1517 3237 1768 3306 ποίμνιον
1802 3235 1912 3288 διε-

336 3328 576 3384 σώσατο.

411 3513 511 3571 ις’.
531 3504 774 3568 Ταύταις
800 3509 920 3569 ταῖς
949 3505 1212 3576 τέσσαρσι
1238 3505 1588 3578 θεραπαινίσι
1615 3503 1717 3575 τῆς
1746 3504 1917 3566 ὅντως

339 3600 652 3668 ἐπιστήμης
681 3598 1086 3669 προσομιλήσας
1113 3599 1449 3666 σαφέστατα,
1477 3598 1570 3652 ἐπὶ
1591 3599 1692 3666 τὴν
1709 3595 1917 3650 τούτων

337 3689 656 3752 δέσποιναν,
686 3689 789 3760 τὴν
820 3689 1141 3758 φιλοσοφίαν
1175 3690 1317 3760 φημὶ
1339 3727 1356 3753 ,
1387 3691 1482 3743 καὶ
1513 3689 1582 3742 τὰ
1609 3687 1814 3758 ταύτης
1858 3685 1918 3752 ἐξ

337 3781 560 3851 ἑτοίμου
604 3780 856 3834 ὲὸἀδισεν
901 3780 1158 3844 ἀπλανῶς
1203 3781 1557 3851 θεωρήματα.
1602 3781 1761 3844 Τίνες
1807 3778 1917 3849 γὰρ

336 3873 460 3942 ὅροι
483 3873 688 3942 ταύτης
705 3873 801 3926 καὶ
830 3873 1008 3936 πόσοι,
1038 3871 1299 3934 ἐπιεικῶς
1323 3871 1692 3942 ἡκριϐὡσατο,
1710 3871 1808 3924 καὶ
1833 3872 1918 3934 τίς

342 3963 547 4034 ἰδιότης
578 3962 795 4028 αὐτῶν,
847 3965 998 4026 ποῖος
1025 3961 1334 4026 ὑπόκειται,
1365 3963 1460 4015 καὶ
1487 3963 1540 4016 τί
1575 3963 1637 4016 τὸ
1683 3979 1922 4034 κατηγο-

342 4054 633 4125 ρούμενον,
671 4052 770 4106 καὶ
791 4053 950 4107 τοῦτο
985 4052 1095 4123 ἄρα
1123 4053 1268 4106 κατὰ
1297 4054 1519 4116 παντὸς.
1548 4053 1581 4124 ἢ
1613 4053 1847 4117 οῧδενδῖο
1882 4053 1915 4126 ἦ

289 4140 301 4155 ’
339 4147 401 4199 ιν
433 4145 561 4214 ὅλῳ,
591 4145 689 4198 καὶ
713 4143 784 4198 τὰ
813 4145 996 4213 ὃμοια.
1035 4145 1100 4196 Τί
1135 4159 1267 4196 ποτε
1300 4143 1358 4197 δὲ
1388 4144 1456 4197 τὰ
1495 4146 1731 4214 στοιχεῖα
1772 4143 1918 4197 θέλει

337 4233 541 4304 δηλοῦν
562 4235 691 4306 παρ’
711 4236 916 4299 αὐτοῖς,
942 4237 1036 4290 καὶ
1057 4237 1108 4289 εί
1129 4235 1239 4288 τῶν
1264 4235 1508 4303 φυσικῶν
1525 4235 1918 4306 γεωμετρικῶν

337 4327 522 4380 ταῦτα
551 4327 714 4396 μόνον
742 4325 1026 4396 ὁμώνυμα·
1056 4327 1348 4398 προτάσεις
1375 4327 1432 4379 δὲ
1461 4315 1772 4392 πόσαι,’καὶ
1801 4326 1917 4390 πῶς

338 4419 802 4488 ἀντιστρέφουσι·
845 4419 930 4482 τίς
973 4419 1316 4486 ἀντιφάσεως
1357 4418 1620 4488 δύναμις⁹
1668 4416 1739 4470 τὰ
1781 4418 1918 4488 πρὸς

2021 3253 2254 3319 cipatum
2277 3259 2440 3315 atque
2464 3247 2725 3299 adversus
2747 3243 2948 3298 Christi
2977 3239 3243 3295 incarnati
3268 3237 3582 3307 mysterium

2015 3338 2441 3394 ohstinatissime
2500 3335 2885 3396 insanientem,
2963 3329 3233 3396 delinivit,
3265 3337 3320 3382 et
3361 3327 3430 3380 ab
3464 3323 3585 3394 ejus

2017 3431 2106 3485 lue
2137 3430 2459 3484 incolumem
2484 3425 2824 3482 conservavit
2853 3437 3090 3494 gregem.

2089 3520 2178 3574 16.
2214 3520 2304 3574 llis
2328 3529 2506 3573 autem
2535 3525 2768 3585 quatuor
2789 3531 2931 3577 verae
2956 3514 3200 3569 scientite
3221 3509 3438 3567 ancillis
3458 3524 3582 3562 cum

2017 3628 2235 3682 cperam
2261 3610 2731 3680 diligentissimam
2753 3608 3010 3671 dedisset,
3032 3605 3099 3660 ad
3130 3606 3300 3675 ipsam
3325 3602 3586 3670 deinceps

2019 3705 2318 3767 dominam,
2339 3701 2730 3771 philusolihiam
2755 3715 2968 3769 nempe,
2991 3700 3214 3769 ejusque
3228 3706 3492 3767 praecepta
3522 3710 3586 3749 ac

2019 3797 2443 3867 speculationes,
2468 3794 2610 3848 facili
2637 3805 2896 3863 certoque
2929 3792 3194 3860 processit
3219 3789 3432 3843 itinere.
3457 3785 3589 3851 Qni-

2022 3904 2146 3942 nam
2177 3887 2322 3942 enim
2353 3901 2416 3939 ac
2438 3882 2626 3954 quanti
2655 3883 2772 3951 ejus
2814 3881 3032 3937 termini
3065 3880 3198 3943 sint.
3231 3889 3484 3933 accurate
3514 3875 3588 3930 ri-

2019 3985 2224 4040 matus;
2263 3989 2508 4044 qtuenam
2543 3977 2613 4028 sit
2655 3975 2866 4028 illorum
2897 3971 3235 4042 proprietas;
3271 3969 3396 4040 quis
3417 3965 3588 4032 subji-

2019 4063 2215 4128 ciatur,
2243 4063 2444 4132 quidve
2473 4063 2548 4116 sit
2577 4062 2952 4130 prmdicatum,
2983 4067 3042 4112 ut
3066 4067 3282 4122 vocant,
3321 4065 3483 4124 atque
3533 4053 3585 4108 id

2019 4172 2084 4209 an
2105 4157 2169 4210 de
2189 4155 2333 4208 omni
2361 4165 2454 4206 aut
2471 4153 2537 4207 de
2562 4151 2728 4212 nullo,
2747 4149 2828 4204 vel
2847 4151 2898 4202 in
2921 4157 3114 4211 totum,
3137 4157 3191 4200 et
3214 4145 3428 4200 similia.
3447 4141 3586 4210 Quid

2018 4261 2146 4300 vero
2169 4247 2221 4298 in
2255 4246 2338 4299 his
2371 4243 2474 4297 sibi
2498 4242 2664 4296 velint
2687 4241 2989 4306 elementa;
3029 4252 3092 4290 ac
3117 4251 3242 4288 num
3271 4235 3381 4288 sola
3409 4232 3587 4285 nomi-

2020 4341 2104 4394 nis
2133 4336 2510 4392 communione
2539 4347 2660 4387 cum
2694 4332 2761 4386 iis
2809 4331 3175 4392 consentiant,
3213 4341 3330 4394 quae
3355 4323 3584 4395 Physica

2023 4435 2214 4484 vocant
2246 4441 2310 4480 ac
2343 4421 2686 4481 Gcometrica
2721 4437 2738 4476 :
2767 4429 2899 4490 quot
2951 4417 3373 4489 propositiones,
3412 4427 3588 4482 quave

337 4509 802 4581 κατηγορούμενα
832 4509 890 4562 δὲ
915 4512 1045 4565 ποῖα
1064 4551 1079 4576 ,
1108 4509 1524 4580 προσδιορισμοὶ
1552 4510 1607 4563 δὲ
1631 4509 1797 4574 τίνες,
1825 4510 1914 4562 καὶ

2023 4521 2234 4576 ratione
2267 4523 2680 4579 convertantur;
2709 4528 2828 4582 qme
2870 4512 2950 4566 vis
2981 4512 3052 4566 sit
3099 4507 3435 4578 negationis;
3470 4519 3590 4572 qua:

335 4600 484 4654 τίσιν
521 4601 784 4669 ἀναλογεῖ
812 4601 876 4654 τὸ
907 4603 1029 4654 κατ’
1055 4601 1297 4664 ἐκείνους
1326 4602 1580 4673 ἀόριστον
1600 4642 1614 4666 ,
1643 4601 1835 4671 τρόποι
1863 4601 1920 4654 δὲ

341 4693 503 4746 πόσοι
523 4694 636 4745 τῶν
659 4691 1056 4762 συλλογισμῶνο
1085 4694 1244 4746 ὁποῖα
1261 4691 1356 4746 καὶ
1380 4691 1525 4746 πόσα
1547 4691 1614 4746 τὰ
1644 4693 1744 4762 σχή
1755 4706 1918 4760 ματα⁶
1959 4695 1970 4702 ’

340 4787 499 4848 ποῖος
529 4784 884 4850 ὕποθετικδς,
916 4786 1066 4848 ποῖος
1097 4784 1153 4838 δὲ
1183 4785 1567 4856 κατηγορικος,
1600 4787 1694 4838 καὶ
1724 4785 1776 4837 τί
1804 4784 1920 4836 δια·-

337 4877 594 4946 9έρουσιο
627 4877 722 4929 καὶ
755 4877 805 4928 εί
834 4877 1044 4938 πάντας
1071 4877 1103 4946 ἡ
1137 4877 1218 4940 είς
1245 4875 1504 4930 ἀδύνατον
1529 4874 1802 4946 ἀπαγωγὴ
1835 4874 1922 4944 βε-

337 4965 513 5020 ϐαιοῖ·
541 4967 693 5027 ὅπως
734 4966 792 5018 δὲ
824 4967 918 5018 καὶ
952 4967 1183 5028 ποσάκις
1209 4965 1382 5019 ταῦτα
1417 4951 1765 5035 κεράννυται,
1802 4964 1919 5024 πῶς

346 5056 787 5124 συμπεραίνεται
847 5055 943 5109 καὶ
999 5055 1324 5110 ἀναλύεται·
1369 5057 1452 5120 τίς
1504 5056 1916 5128 παραλογισμοῦ

343 5144 620 5212 σύνθεσις,
651 5147 736 5209 τίς
766 5147 1082 5216 σοφιστικὸς
1109 5148 1202 5200 καὶ
1230 5147 1573 5216 πῶς-,ψευδής
1597 5165 1654 5200 τε
1681 5147 1796 5217 ἅμα
1825 5148 1918 5200 καὶ

345 5239 606 5305 πιθανός*
668 5238 764 5290 καὶ
803 5232 916 5302 οἷος
948 5241 976 5292 ό
1017 5239 1466 5310 μονολὴμματοςο
1499 5241 1527 5293 ὁ
1561 5239 1809 5302 λεκτικὸς
1859 5240 1916 5293 δὲ

342 5328 498 5392 ὅπως
525 5329 876 5402 ἑνδεχόμενος
903 5331 1128 5398 συνάγει
1158 5332 1226 5384 τὰ
1252 5331 1458 5396 ἔνδοξα,
1487 5333 1580 5386 καὶ
1603 5332 1686 5396 τίς
1727 5334 1760 5403 ἠ
1792 5330 1916 5384 τού-

342 5438 454 5476 των
494 5423 761 5494 ἐπαγωγή
787 5439 804 5456 ο
837 5427 1000 5477 ποίαν
1039 5423 1284 5493 ἀνάγκην
1313 5423 1426 5494 ἔχει
1457 5426 1486 5478 ὁ
1517 5423 1915 5487 ἀποδεικτικδς,

343 5514 413 5568 ιι
435 5513 546 5567 τῶν
575 5514 838 5584 χειρόνων
863 5513 1116 5586 θηρεύειν
1145 5514 1426 5586 ἀλήθειαν·
1456 5514 1524 5568 τὰ
1555 5513 1760 5586 προϐλή
1771 5531 1915 5585 ματα

345 5602 404 5660 δὲ
427 5605 636 5658 τούτων
667 5607 848 5672 ὁποῖα,
879 5607 952 5661 τὰ
977 5606 1282 5678 ἀξιώματα,
1305 5609 1371 5662 τὰ
1401 5607 1474 5672 ὡς
1499 5608 1556 5662 ἑν
1593 5606 1912 5680 ἀξιώμασινο

415 5785 440 5819 ⁸
465 5785 620 5842 Galat
675 5801 747 5852 IV,
787 5785 878 5841 50.

2023 4605 2745 4672 vcrba'substantiva;qua
2791 4601 3240 4665 circumstantiae,
3285 4613 3350 4652 ac
3390 4596 3591 4664 quibus

2021 4710 2168 4755 certa
2192 4697 2442 4768 quadam-
2465 4695 2678 4748 ratione
2723 4693 3183 4764 proportioneque
3229 4688 3590 4758 respondeant

2020 4797 2162 4862 quod
2195 4792 2248 4844 in
2283 4790 2389 4844 illis
2409 4785 2751 4842 indefinitum
2776 4793 2892 4847 est;
2917 4793 3046 4852 quot
3075 4781 3221 4834 modi
3250 4779 3591 4851 syllogismo-

2025 4899 2176 4950 rum;
2217 4897 2337 4950 quae
2371 4895 2434 4935 ac
2477 4870 2698 4948 quanta:
2729 4875 2920 4945 ligone
2951 4890 2966 4928 :
3002 4872 3124 4944 quis
3185 4871 3590 4944 hypotheticus,

2023 4976 2145 5044 quis
2172 4971 2614 5044 syncatcgoricns
2657 4969 2770 5022 sive
2798 4965 3027 5035 simplex
3059 4965 3154 5024 sit.
3209 4975 3268 5016 ct
3315 4962 3588 5032 quomodo

2025 5067 2165 5120 alter
2194 5065 2262 5118 ab
2285 5064 2460 5117 altero
2498 5060 2910 5128 distinguatur;
2980 5072 3108 5112 num
3141 5057 3268 5110 item
3301 5069 3488 5108 omnes
3519 5067 3596 5105 re-

2024 5159 2314 5219 ductioue,
2369 5168 2530 5222 quam
2586 5160 2814 5213 vocant,
2872 5151 2940 5202 ad
2991 5147 3322 5216 impossibile
3377 5143 3590 5214 probari

2024 5253 2236 5324 possint
2266 5267 2280 5303 :
2315 5245 2609 5316 quomodo,
2634 5259 2698 5300 ac
2729 5253 2860 5314 quot
2882 5243 3056 5296 modis
3085 5241 3202 5296 haec
3231 5239 3590 5296 misceantur;

2025 5341 2295 5410 quomodo
2325 5337 2726 5392 concludantur
2755 5351 2820 5390 ac
2878 5333 3248 5397 resolvantur;
3288 5343 3404 5397 qua:
3436 5325 3589 5378 falla-

2021 5435 2125 5490 σξιο
2151 5431 2497 5501 compositio,
2525 5429 2648 5498 quis
2675 5427 3024 5500 syllogismus
3047 5423 3394 5494 sophisticus,
3419 5428 3594 5485 quave

2027 5526 2240 5582 ratione
2290 5522 2451 5576 fallax
2489 5520 2652 5576 simul
2695 5530 2858 5590 atque
2903 5514 3197 5587 probabilis
3247 5511 3352 5573 sit;
3416 5507 3595 5577 qualis

2027 5635 2131 5674 una
2161 5625 2372 5672 constet
2402 5616 2795 5684 assumptione,
2830 5610 3098 5681 quomodo
3139 5611 3392 5672 acceptus
3427 5600 3594 5656 diale-
