3938 6220
380 367 458 435 59
1371 375 1432 434 S.
1469 372 1895 436 NICEPHORI
1926 373 1954 432 Ι

2061 371 2439 434 ’ΒΙΑΒΟΗΕ
2481 371 2590 432 CP.
2709 421 2713 424 .
3585 364 3660 432 θο

381 481 558 537 ctlcus
587 480 934 552 syllogismus
957 497 1018 539 ea
1042 496 1162 554 qua:
1187 482 1443 538 videnlur
1467 483 1690 553 verique
1713 483 1951 550 speciem

2063 480 2194 550 ὐλην
2233 480 2290 534 δὲ
2322 481 2440 533 τίνα
2471 479 2836 550 λαμϐάνουσι,
2878 477 3060 550 μίξεις
3089 492 3150 528 τε
3180 473 3275 529 καὶ
3305 472 3654 545 συμπλοκάς

382 571 587 628 habent
615 575 929 639 concludat,
959 583 1014 630 et
1053 589 1300 644 quamam
1333 573 1528 628 horum
1575 573 1647 628 sit
1679 574 1956 640 reductio;

383 677 547 732 quam
581 667 962 720 necessitatem
993 666 1386 722 demonstratio
1411 667 1632 734 habeat,
1658 673 1716 720 ut
1744 681 1771 719 a
1806 667 1957 722 dete-

383 752 624 806 rioribus
649 763 831 821 captet
859 753 1180 820 veritatem;
1213 769 1334 823 quae
1366 755 1557 809 horum
1598 754 1956 824 problemata,

383 858 504 911 qua:
525 844 822 908 axiomata,
843 859 962 912 quae
985 845 1273 901 axiomatis
1285 847 1480 901 similia
1499 863 1514 909 ;
1535 862 1778 914 quaenam
1795 857 1960 902 mate-

386 934 543 995 riam,
563 933 929 997 tnistionesac
947 936 1354 1006 complexiones
1375 938 1638 1003 recipiant
1662 954 1677 1002 ;
1704 954 1954 1006 quamam

383 1024 556 1095 pritna
587 1025 930 1094 physicorum
967 1027 1232 1098 principia
1275 1029 1354 1084 sic
1379 1031 1822 1084 uldemonsttari
1857 1045 1962 1085 non

383 1116 590 1182 possint
613 1136 626 1172 :
647 1133 768 1187 quae
798 1119 954 1186 quies
984 1120 1054 1174 sit
1076 1130 1242 1188 ;.quot
1273 1122 1450 1175 modis
1478 1121 1694 1176 dicatur
1721 1123 1863 1178 idem
1897 1137 1961 1178 ac

382 1207 688 1276 diversum;
727 1209 839 1272 ubi,
879 1210 946 1264 ad
977 1212 1125 1280 quid,
1159 1213 1451 1280 quomodo,
1494 1215 1736 1282 quando,
1781 1215 1966 1268 contil

387 1311 596 1352 nuusve
627 1298 1022 1366 principiorum
1054 1315 1366 1368 processus,
1392 1317 1458 1354 an
1483 1315 1614 1354 vero
1645 1315 1752 1354 non
1771 1299 1963 1354 tenni-

384 1391 544 1440 netnr
592 1388 658 1440 ad
717 1389 1079 1454 c0ntinuum;
1123 1389 1246 1459 quis
1279 1398 1477 1454 motor,
1516 1405 1636 1458 qnte
1671 1389 1752 1444 vis
1799 1403 1962 1456 orga-

383 1477 527 1543 nica,
551 1493 670 1546 qute
694 1478 770 1532 vis
799 1478 1082 1549 genitalis;
1111 1477 1238 1548 quid
1264 1480 1546 1548 praevium,
1571 1479 1699 1549 quid
1728 1481 1780 1534 id
1817 1479 1960 1549 quod

383 1568 638 1623 eductum
665 1581 768 1632 est,
811 1579 866 1624 et
891 1586 996 1639 quo
1025 1572 1240 1638 medio;
1266 1588 1374 1642 quo
1400 1573 1528 1641 quid
1562 1583 1769 1642 vergat,
1803 1587 1965 1642 spon-

2065 571 2210 636 τίνες
2238 589 2298 624 τε
2331 568 2545 641 πρῶται
2575 571 2684 624 τῶν
2725 569 2972 640 φυσικῶν
3009 567 3178 640 ἀρχαὶ
3221 567 3318 624 καὶ
3363 564 3491 630 πῶς.
3525 567 3659 620 ἀνα-

2067 664 2360 717 πόδεικτοι·
2387 663 2468 726 τίς
2487 664 2521 734 ἡ
2545 663 2733 726 στάσις
2751 703 2767 726 ,
2791 663 2825 732 ἡ
2853 661 3120 732 ταυτότης
3141 659 3202 713 δὲ
3227 657 3506 729 ποσαχῶς,
3537 659 3657 711 ἑτε-

2070 757 2234 829 ρότης
2265 757 2321 810 δὲ
2350 756 2478 819 ποῦ,
2511 755 2768 828 καὶπρὸς
2794 753 2850 806 τί
2879 755 2974 808 καὶ
3001 752 3142 815 πῶς,
3177 753 3272 806 καὶ
3322 750 3454 803 πότε
3484 767 3496 782 ·
3531 764 3658 800 συν-

2064 847 2198 918 εχὴς
2225 847 2286 900 δὲ.
2304 843 2414 916 ἆρα
2442 847 2552 900 τῶν
2575 845 2763 917 ἀρχῶν
2791 845 2825 916 ἡ
2856 843 3104 915 πρόοδος,
3138 843 3232 894 καὶ
3262 839 3402 911 πρὸς
3435 838 3501 891 τὸ
3526 857 3650 892 συνο

2064 935 2187 1005 εχὲς
2204 935 2303 1004 οὐχ
2331 933 2598 1004 ὁρίζεται·
2629 933 2715 995 τίς
2733 933 2762 985 ό
2787 932 3042 1002 κινήσας,
3074 931 3226 982 ποῖον
3256 927 3573 997 ὀργανικὸν,
3599 927 3653 980 τί

2069 1025 2130 1078 τὸ
2163 1026 2408 1096 γόνιμον⁸
2441 1025 2502 1079 τὸ
2529 1025 2888 1096 πρωδεῦσαν,
2919 1023 3014 1076 καὶ
3041 1023 3192 1074 ποῖον
3224 1017 3650 1089 ὲκπυρηνισθὲν,

2071 1117 2166 1170 καὶ
2211 1115 2302 1170 διὰ
2333 1116 2514 1180 τίνος,
2553 1116 2647 1170 καὶ
2681 1116 2812 1186 περὶ
2853 1114 2910 1167 τί
2955 1111 3203 1166 συννεύει
3241 1111 3385 1164 κατὰ
3416 1111 3650 1180 αἵρεσιν,

2065 1206 2208 1264 κατὰ
2239 1207 2360 1278 βίαν
2386 1207 2444 1260 δὲ
2464 1203 2574 1278 ἄρα
2593 1222 2607 1236 ⁶
2637 1209 2694 1260 τί
2722 1207 2784 1260 τὸ
2808 1203 3150 1276 συγκρατοῦν
3187 1203 3287 1265 τὶς
3321 1204 3651 1271 ποιότηταςυ

2067 1297 2131 1350 ἐκ
2169 1295 2327 1360 ποίας
2358 1295 2416 1349 δὲ
2457 1295 2635 1349 ταῦτα
2681 1313 2845 1364 φασιν
2878 1297 3077 1348 ἐκεῖνοι
3108 1293 3444 1364 στερήσεως,
3489 1293 3583 1346 καὶ
3613 1294 3649 1362 ἡ

2063 1389 2132 1441 ὲκ
2160 1386 2255 1440 τοῦ
2292 1388 2512 1459 μηδαμῆ
2545 1388 2812 1458 μηδαμῶς
2837 1405 2852 1418 ·
2886 1387 2982 1451 καὶ
3015 1387 3166 1449 ὅπως
3193 1386 3525 1454 είς.γένεσιν
3554 1384 3651 1438 καὶ

2068 1479 2325 1534 οὐσίωσιν
2352 1479 2412 1544 ἐξ
2442 1481 2704 1534 ἐναντίων
2735 1477 3045 1543 ἐλαύνεται,
3074 1479 3222 1542 ὅπως
3251 1477 3310 1532 δὲ
3336 1478 3498 1533 πάλιν
3529 1479 3646 1541 τοῖς

2073 1571 2336 1634 ἐναντίοις
2370 1571 2700 1640 ἀφανίζεται
2735 1571 2830 1625 καὶ
2869 1569 3290 1641 συμφθείρεται.

385 1663 507 1714 tene
541 1676 606 1713 an
658 1662 956 1716 violentia?
1004 1661 1130 1730 quid
1184 1664 1476 1732 qualitates
1532 1665 1828 1728 contineat,
1883 1677 1950 1718 ex
1990 1677 2227 1731 quanam
2259 1663 2373 1716 haec
2439 1677 2564 1716 esse
2591 1663 2899 1731 privatione
2963 1661 3249 1724 dieantttr,‘
3285 1669 3340 1714 et
3369 1673 3434 1713 an
3468 1673 3531 1713 ex
3559 1657 3647 1712 ni-

383 1751 496 1807 hilo
548 1768 770 1821 prorsus
835 1757 968 1812 nihil
1026 1757 1158 1822 ﬁat;
1211 1773 1331 1828 qua:
1393 1768 1449 1812 et
1505 1762 1778 1828 quomodo
1816 1773 1882 1814 ex
1947 1757 2240 1812 contrariis
2299 1767 2488 1813 ortum
2546 1759 2784 1830 habeant
2872 1771 2940 1814 ac
2998 1756 3344 1822 essentiam;
3396 1763 3451 1810 et
3508 1771 3644 1826 quo-

382 1847 542 1902 modo
573 1848 770 1903 iterum
819 1852 1110 1908 contrariis
1141 1852 1492 1908 destruantur
1521 1855 1836 1923 pariterque
1871 1843 2166 1907 intereant.

452 1938 541 1992 Π.
585 1939 708 1996 [hec
739 1951 904 2012 atque
947 1945 1062 2012 ejus
1111 1948 1328 2015 generis
1375 1946 1501 2012 alia,
1543 1948 1726 2018 sagaci
1771 1957 1954 2000 mente

2130 1942 2216 2007 ιζ’.
2256 1943 2444 1998 Ταῦτα
2476 1945 2572 1998 καὶ
2602 1943 2834 1997 τοιαῦτα
2885 1946 3130 2014 προσοχῇ
3181 1941 3300 2006 νοὸς
3343 1943 3440 1997 καὶ
3485 1941 3647 2012 νήψει

378 2043 698 2100 summaque
725 2035 1028 2105 vigilantia,
1065 2039 1243 2106 quoad
1269 2037 1448 2103 licuit,
1487 2039 1739 2101 rimatus,
1772 2051 1958 2094 extre-

381 2121 590 2192 misque
612 2125 778 2180 labris
797 2141 984 2182 eorum
1005 2127 1241 2182 utilitate
1259 2139 1499 2200 gustata,
1517 2129 1954 2185 landatissimum

378 2213 596 2268 colebat
616 2216 917 2284 silentium,
938 2219 1099 2289 inque
1118 2220 1318 2274 ccelum
1346 2221 1743 2276 subvehentem
1764 2237 1958 2278 sensus

379 2307 731 2375 modestiam,
778 2310 830 2365 id
881 2323 990 2375 est,
1047 2313 1404 2369 humilitatem
1463 2315 1778 2368 exhibebat.
1845 2312 1954 2367 Viri

378 2399 526 2452 enim
552 2398 796 2467 perfecta
816 2402 1042 2456 scientia
1067 2412 1172 2467 est,
1203 2413 1261 2456 ut
1283 2403 1420 2473 grati
1453 2403 1622 2457 animi
1651 2403 1808 2458 sensu
1834 2418 1960 2473 per-

379 2487 578 2542 fectam
611 2491 977 2560 cognitionem
1034 2495 1144 2549 Deo
1183 2494 1448 2558 ascribat,
1483 2495 1734 2563 sciatque
1761 2509 1821 2549 se
1851 2495 1954 2549 nti-

379 2577 529 2634 nime
558 2596 645 2638 res
665 2584 1166 2650 comprehendisse,
1185 2595 1243 2638 ιιι
1269 2585 1373 2640 illa:
1397 2595 1522 2640 sunt
1549 2588 1852 2646 secundum
1878 2602 1958 2642 es-

376 2665 636 2722 sentiam.
675 2668 767 2722 Sic
808 2669 1009 2726 indolis
1057 2673 1108 2726 vi
1149 2673 1431 2743 animique
1478 2676 1842 2746 pt'Opcnsinne
1890 2693 1956 2734 ac

378 2755 574 2812 divina:
595 2774 699 2824 cpe
732 2764 919 2828 gratia:
949 2763 1361 2832 disciplinarum
1385 2767 1672 2820 scientiam
1706 2769 1953 2836 adeptus,

375 2849 514 2903 nihil
552 2851 732 2906 minus
761 2855 1020 2909 ad‘veras
1066 2859 1296 2912 virtutes
1341 2854 1570 2925 gradum
1605 2859 1786 2914 facere
1816 2876 1955 2916 con-

378 2941 653 2996 tendebat.
692 2942 844 2998 llaud
879 2947 1025 3001 enim
1057 2963 1212 3002 suam
1245 2948 1303 3003 in
1341 2949 1447 3004 illis
1478 2953 1762 3020 probatam
1823 2969 1956 3024 ope-

379 3045 517 3095 ram,
551 3032 654 3086 sibi
685 3035 752 3088 ad
779 3035 1027 3090 virtutem
1050 3037 1390 3096 incommodo
1431 3040 1548 3097 {te
1589 3045 1952 3113 existimavit;

379 3123 509 3190 quin
539 3132 661 3191 apta
687 3125 771 3180 via
800 3127 1050 3196 serieque
1078 3144 1232 3196 usus,
1260 3146 1454 3202 magno
1476 3149 1596 3189 sese
1624 3135 1693 3189 ad
1727 3146 1956 3207 utraque

377 3214 708 3269 extendebat
733 3215 1001 3286 profectu,
1037 3219 1091 3274 in
1113 3221 1360 3291 utrisque
1386 3223 1775 3292 perfectionem
1803 3243 1954 3282 sum.

378 3317 522 3356 mam
558 3305 810 3374 adeptus.

456 3393 545 3450 18.
586 3396 948 3454 Abstinentite
975 3409 1032 3456 et
1073 3403 1318 3458 ciborum
1351 3405 1601 3474 parritati
1632 3407 1947 3463 castitatem

383 3495 591 3542 naturae
621 3490 955 3546 contrariam
982 3493 1220 3560 socians,
1249 3493 1534 3550 ell‘reninm
1564 3497 1846 3552 libidinum
1872 3499 1958 3554 in-

379 3587 662 3646 gruentem
695 3583 904 3636 ventris
927 3584 1191 3640 umbilico
1211 3596 1474 3644 tumorem
1495 3589 1803 3646 collidebat.
1825 3590 1957 3646 Om-

381 3670 434 3724 ni
459 3670 530 3726 ab
555 3670 635 3724 ira
661 3673 908 3728 sedatum
937 3675 1179 3731 animum
1217 3678 1400 3733 innata
1431 3681 1684 3736 obtinens
1709 3682 1952 3750 lenitate,

375 3762 594 3816 cunctis
626 3777 686 3818 se
727 3764 988 3820 blandum
1022 3778 1186 3836 atque
1231 3785 1453 3824 suavem
1481 3773 1795 3838 exhibebat,
1835 3775 1954 3829 vnl-

380 3861 466 3908 tns
495 3851 746 3906 iracundi
797 3855 980 3930 specie
1015 3858 1321 3928 proﬂigata.
1353 3860 1471 3915 Non
1503 3864 1651 3916 enim
1693 3865 1767 3918 illi
1801 3865 1955 3920 furor

371 3943 676 3999 secundum
731 3944 1140 4003 similitudinem
1198 3953 1505 4020 serpentis;
1558 3954 1610 4008 in
1659 3957 1952 4012 draconem

373 4043 614 4100 «tantum,
638 4039 731 4105 qui
763 4037 911 4091 solus
937 4039 1094 4094 nobis
1126 4040 1296 4095 ruina:
1327 4053 1518 4098 auctor
1547 4047 1780 4115 exstitit,
1809 4058 1953 4104 totus

375 4124 674 4182 ferebatur.
706 4127 1066 4184 Pccuniarum
1123 4142 1517 4204 contemptum,
1569 4154 1674 4209 quo
1705 4143 1774 4196 ad
1827 4143 1953 4198 vita:

370 4217 636 4286 spiritalis
698 4222 1022 4290 compendia
1078 4221 1330 4279 homines
1390 4240 1791 4298 praeparantur,
1843 4249 1951 4288 non

375 4323 529 4363 tnore
555 4308 744 4380 Cynici
784 4313 926 4368 illius
962 4315 1268 4386 philosophi
1321 4320 1651 4377 recondebat
1682 4323 1738 4377 in
1770 4325 1948 4393 dolio;

372 4398 470 4454 sed
495 4399 612 4469 jngi
662 4402 714 4454 in
741 4417 1011 4470 pauperes
1033 4409 1369 4476 erogatione,
1403 4413 1738 4468 monstrabat
1767 4417 1952 4472 animo

375 4489 554 4544 latiori
601 4506 662 4545 se
691 4495 952 4560 pecunias
994 4510 1274 4565 spernere,
1327 4510 1380 4553 et
1419 4514 1540 4556 eam
1571 4518 1676 4573 qua
1710 4506 1814 4561 illa:
1848 4524 1948 4578 pa-

375 4588 570 4636 rantur
603 4579 743 4635 viant
777 4582 1071 4640 declinare.
1097 4586 1412 4658 Opportune
1444 4593 1589 4647 enim
1623 4610 1742 4654 eam
1762 4599 1950 4654 ~virtu-

378 4672 452 4726 tis
479 4672 708 4740 adeptus
759 4690 1050 4743 summam,
1089 4687 1148 4733 ut
1181 4672 1564 4740 ostentationis
1603 4688 1778 4756 gratia
1810 4691 1951 4746 nihil

375 4761 600 4830 faceret,
635 4781 810 4836 eaque
839 4779 993 4837 parte
1026 4771 1367 4828 conscientia
1407 4774 1814 4846 imperturbata.
1835 4783 1953 4850 pol-

377 4855 515 4920 lens,
575 4871 682 4914 non
732 4862 892 4916 modo
937 4863 1216 4921 dexteram
1266 4865 1334 4920 ad
1389 4867 1748 4935 eleemosyna:
1786 4887 1950 4940 opera

375 4947 704 5014 instruebat,
738 4951 832 5027 sed
862 4953 1028 5009 etiam
1059 4957 1298 5014 sinistrae
1343 4958 1463 5028 ejus
1493 4960 1734 5016 notitiam
1773 4963 1948 5018 {iden-

375 5055 460 5099 ter
481 5045 885 5101 concredebat:
928 5048 1128 5118 quippe
1163 5052 1254 5118 qui
1307 5065 1373 5105 eo
1405 5065 1465 5108 se
1493 5054 1856 5122 provexisset,
1890 5065 1948 5110 ιιι

373 5135 700 5192 insatiabilis
729 5136 889 5206 hujus
911 5139 1252 5209 aegritudinis
1281 5141 1494 5198 aliaeue
1523 5143 1666 5212 nulla
1697 5143 1944 5200 titillaret

373 5241 638 5283 antmum.

445 5319 534 5375 19.
574 5319 942 5388 Quamobrem
988 5323 1288 5378 semiudum
1317 5322 1610 5381 violentam
1653 5325 1946 5394 imperatoo

373 5429 492 5470 tum
515 5415 821 5484 jussionem
857 5414 1078 5470 tmximi
1109 5415 1262 5487 regia.
1287 5416 1341 5470 in
1377 5417 1514 5473 urbe
1537 5418 1823 5486 hospitalis
1855 5435 1948 5476 cu-

373 5517 612 5568 ratorem
647 5524 808 5582 agere
839 5524 962 5566 eum
999 5507 1182 5564 divina
1234 5508 1407 5579 gratia
1441 5509 1611 5566 voluit
1635 5550 1650 5573 ,
1689 5519 1747 5565 ut
1791 5525 1855 5566 ea
1890 5527 1950 5568 re

376 5595 730 5656 seiunctione
749 5604 920 5672 ipsum
947 5611 1280 5673 prmpararet
1304 5601 1446 5667 ;cni,
1473 5609 1531 5656 ut
1551 5603 1721 5658 verbo
1741 5601 1946 5667 dicam,

335 5722 344 5730 -
375 5687 636 5753 peculiari
669 5694 900 5762 quadam
943 5693 1415 5751 administratione
1445 5693 1726 5748 catholicae
1759 5694 1948 5750 Eccle-

376 5777 482 5838 sia:
503 5781 950 5850 gubernationem
977 5793 1095 5843 erat
1124 5784 1558 5844 concrediturus.
1589 5782 1783 5842 Verum
1810 5786 1947 5856 haec,

631 5971 660 5992 ς

2057 2035 2240 2108 τελείᾳ
2271 2037 2416 2090 κατά
2441 2035 2505 2089 τὸ
2552 2035 2780 2089 δυνατὸν
2823 2035 3118 2100 ἐξετάσας,
3153 2033 3249 2088 καὶ
3299 2033 3400 2104 τῆς
3435 2034 3646 2088 τούτων

2059 2127 2324 2195 ὠφελείας
2352 2129 2508 2196 ἄκρῳ
2539 2125 2789 2195 δακτύλῳ
2818 2125 3166 2195 γευσάμενος
3195 2124 3645 2194 ἐφιλοσόφει,.σιο

2058 2218 2164 2286 γῆν
2187 2233 2247 2270 τε
2277 2216 2681 2286 πολυθμνητον,
2717 2215 2811 2268 καὶ
2846 2215 2988 2284 πρὸς
3015 2214 3247 2286 οὐρανὸν
3279 2213 3520 2284 ὐψοῦσαν
3549 2231 3647 2270 τα-

2058 2307 2316 2360 πείνωσιν
2347 2305 2716 2359 ἐπεδείκνυτο.
2746 2305 2941 2358 Τελεία
2965 2305 3074 2374 γὰρ
3104 2303 3306 2373 γνῶσις
3341 2305 3555 2376 ἀνδρὸς,
3583 2306 3645 2359 τὸ

2055 2395 2156 2466 τὴν
2204 2395 2415 2450 τελείαν
2466 2396 2772 2467 κατάληψιν
2819 2396 3163 2467 εὐχαρίστως
3210 2396 3519 2450 ἀποδιδόναι
3565 2396 3645 2468 τῷ

2057 2488 2342 2558 Κρείττονι
2361 2529 2376 2553 ,
2403 2489 2504 2542 καὶ
2528 2487 2840 2558 γινώσκειν,
2877 2489 2960 2542 ὃτι
2991 2489 3062 2542 τὰ.
3104 2489 3178 2560 μὴ
3214 2489 3367 2553 ὄντα,
3398 2490 3475 2552 ὡς
3503 2489 3644 2543 αὐτὰ

2057 2581 2179 2634 κατ’
2207 2580 2400 2633 οὐσίαν
2430 2581 2573 2645 ἐστὶ,
2610 2579 2964 2651 κατείληφεν.
2990 2578 3147 2633 Οὕτω
3170 2578 3386 2649 φύσεως
3413 2579 3642 2650 δυνάμει

2057 2671 2152 2724 καὶ
2190 2671 2416 2741 γνώμης
2447 2671 2702 2740 βουλήσει
2729 2711 2744 2736 ,
2777 2673 2870 2724 καὶ
2900 2671 3121 2742 χάριτος
3163 2672 3442 2726 ἐπινεύσει
3490 2670 3641 2735 Θείας

2027 2761 2115 2814 οὲν
2147 2759 2438 2831 περιλήψει
2469 2759 2576 2812 τῶν
2613 2759 2951 2830 μαθημάτων
2982 2759 3295 2828 γενόμενος,
3334 2760 3472 2831 πρὸς
3523 2761 3644 2814 ἐπί·
3694 2821 3698 2824 _

2059 2851 2217 2904 ϐασιν
2255 2851 2364 2906 τῶν
2391 2851 2552 2905 θείων
2575 2851 2789 2919 ἀρετῶν
2809 2851 2908 2920 οὐχ
2935 2845 3100 2922 ἦττον
3130 2851 3391 2922 {inme-ro;
3429 2851 3503 2904 Οὐ
3533 2851 3642 2922 γὰρ

2057 2945 2240 3018 ἔκρινε
2272 2945 2332 2998 τὸ
2360 2947 2417 2998 ὲν
2450 2943 2684 3008 ἐκείνοις
2722 2943 3006 3012 εὐδόκιμον
3027 2980 3042 3006 ,
3089 2943 3226 3013 πρὸς
3265 2943 3642 3015 ἀρετὴναύτῷ

2057 3037 2310 3107 γενέσθαι
2355 3036 2638 3109 ἐμπόδιον·
2690 3034 2806 3089 ἀλλ’
2845 3034 2951 3104 όδῷ
2993 3033 3314 3104 καταλλήλῳ
3349 3037 3446 3088 καὶ
3477 3035 3642 3100 ,τάξει

2056 3133 2426 3202 χρησάμενος,
2459 3133 2577 3192 ταῖς
2601 3130 2687 3183 ἐπ’
2715 3129 2884 3199 ἄμφω
2913 3130 3224 3197 προκοπαῖς
3258 3129 3639 3198 ὲπεκτείνετο,

2057 3223 2152 3278 καὶ
2177 3223 2316 3292 πρὸς
2346 3223 2447 3294 τὴν
2475 3220 2747 3292 ἑκατέρας
2775 3219 2983 3290 ἔφθασε
3011 3219 3352 3290 τελειότητα.

2135 3398 2225 3469 ιη’.
2279 3397 2643 3469 Σωφροσύνην
2674 3399 2772 3469 μὲν
2813 3397 2912 3469 τὴν
2941 3396 3041 3468 τῆς
3081 3395 3298 3466 φύσεως
3349 3381 3642 3466 ἀντίφύτον

2059 3493 2130 3547 δι’
2166 3494 2522 3564 όλιγαρκείας
2549 3495 2646 3548 καὶ
2696 3495 3068 3566 συγκρατείας
3111 3493 3364 3548 σύνοικον
3405 3494 3641 3564 ποιησά·
3683 3494 3695 3506 ’

2063 3601 2246 3654 μενος,
2275 3586 2370 3639 καὶ
2401 3585 2472 3639 τὰ
2495 3586 2603 3638 τῶν
2638 3587 2725 3639 ἐπ’
2773 3583 3024 3654 ὀμφαλοῦ
3055 3583 3291 3653 γαστρὸς
3319 3585 3641 3655 ὲπιτιθεμύ-

2059 3692 2166 3730 νων
2191 3675 2512 3730 ἁκαθέκτων
2539 3675 2726 3729 παθῶν
2746 3674 3138 3729 ἀπολεπτύνων
3160 3675 3431 3744 οἰδήματα
3452 3714 3468 3739 ,
3510 3677 3641 3746 ἀορ-

2057 3766 2254 3835 γησίαν
2279 3767 2336 3819 δὲ
2362 3769 2430 3836 τῇ
2459 3767 2688 3838 ἐμφύςῳ
2705 3767 2976 3838 πραότητι
3003 3769 3516 3837 προσκτησάμενος,
3539 3769 3636 3822 καλ

2055 3856 2178 3909 ὅλον
2210 3856 2399 3910 ἑαυτὸν
2426 3859 2760 3928 ἐμπαρέχων
2805 3859 2918 3919 τοῖς
2948 3859 3082 3910 πᾶσι
3114 3857 3400 3927 μειλίχιον,
3447 3859 3507 3911 τὸ
3537 3859 3639 3928 τῆς

2056 3948 2227 4019 ὀργῆς
2247 3948 2486 4019 εἰδεχθὲς
2511 3949 2855 4020 ἀπορράπιζε
2886 3949 3203 4020 πρόσωπον.
3237 3949 3296 4002 ὐ
3326 3949 3436 4018 γὰρ
3465 3948 3636 4020 θυμὸς

2055 4040 2116 4093 οὐ
2149 4041 2291 4094 κατὰ
2332 4043 2432 4112 τὴν
2477 4040 2571 4095 τοῦ
2623 4042 2804 4110 ὄφεως
2850 4043 3148 4112 ὁμοιότητα
3199 4041 3412 4111 προσῆν
3453 4040 3632 4112 αὐτῷ,

2056 4129 2200 4184 κατὰ
2227 4130 2386 4200 μόνου
2418 4133 2475 4186 δὲ
2519 4133 2618 4203 τὴν
2649 4132 2858 4185 πτῶσιν
2895 4134 3027 4202 ἡμῖν
3059 4131 3475 4200 προξενίσαντος
3505 4132 3638 4204 δρώ-

2055 4237 2242 4286 κοντος
2273 4223 2602 4276 ἐπετείνετο.
2657 4222 3085 4294 ’Δφιλαργυρίαν
3114 4223 3171 4276 δὲ
3193 4264 3209 4287 ,
3243 4221 3343 4292 τὴν
3373 4222 3512 4294 πρὸς
3533 4224 3634 4278 ἀΰτ-

2054 4307 2174 4364 λίαν
2201 4307 2609 4382 τδν’ἄνθρωπον
2636 4312 3062 4380 ὲπαλείφουσαν,
3089 4312 3188 4365 οὐκ
3216 4313 3274 4364 ὲν
3320 4313 3462 4382 πίθῳ
3495 4312 3635 4366 κατὰ

2052 4401 2146 4453 τὸν
2176 4401 2414 4454 Κυνικὸν
2463 4405 2676 4456 ἐκεῖνον
2729 4402 3021 4471 φιλόσοφον
3057 4400 3437 4472 ἑθησαύριζεν·
3477 4405 3545 4474 τῇ
3576 4402 3636 4458 δὲ

2056 4491 2193 4560 πρὸς
2222 4492 2348 4566 τούς
2373 4492 2618 4562 πένητας
2644 4493 2857 4564 ἁεννάῳ
2891 4494 3132 4564 χορηγίᾳ
3159 4494 3449 4556 διαπαντὸς
3495 4494 3634 4548 πλα-

2055 4583 2368 4654 τυνόμενος,
2391 4601 2496 4656 χρη
2509 4585 2694 4654 μάτων
2716 4588 3062 4656 κατεφρόνει,
3083 4585 3178 4639 καὶ
3201 4585 3298 4658 τὴν
3327 4585 3460 4656 πρὸς
3492 4585 3635 4640 αὐτὰ

1983 4651 2026 4706 D
2055 4651 2326 4744 φέρουσαν
2355 4651 2956 4748 όδδνεξετρὲπετο.
2985 4677 3093 4753 γὰρ
3123 4679 3196 4746 μή
3223 4651 3278 4730 τί
3309 4651 3484 4729 ποιεῖν
3509 4675 3632 4730 κατ’

2051 4765 2310 4832 ἐπίδειξιν
2340 4769 2612 4838 εὐκαίρως
2629 4769 3002 4839 φιλοσοφήσας
3027 4770 3122 4822 καὶ
3150 4769 3211 4820 τὸ
3244 4768 3482 4831 συνειδὸς
3513 4767 3635 4822 ἀθό-

2048 4859 2218 4914 λωτον
2251 4862 2310 4915 ὲν
2356 4859 2531 4931 τούτῳ
2565 4860 2942 4932 κτησάμενος,
2991 4860 3054 4914 οὐ
3102 4859 3262 4929 μόνον
3305 4859 3404 4928 τὴν
3448 4858 3632 4924 δεξιὰν

2047 4952 2186 5022 πρὸς
2223 4950 2596 5022 ἐλεημοσύνην
2623 4950 2989 5016 καθώπλιζεν,
3017 4949 3152 5003 ἀλλὰ
3181 4949 3276 5002 καὶ
3297 4949 3396 5021 τὴν
3423 4951 3631 5015 ταύτης

2046 5042 2247 5110 γνῶσιν
2277 5045 2343 5112 τῇ
2372 5042 2638 5114 ἀριστερᾷ
2669 5040 3140 5112 πῳσεθαρῤησεν,
3173 5040 3251 5102 ὡς
3279 5042 3359 5102 εἰς
3384 5039 3622 5118 παντελῆ

2053 5134 2322 5189 ἀπάθειαν
2348 5133 2444 5188 τοῦ
2465 5133 2764 5205 ἀκορέστου
2797 5130 2952 5184 τοῦδε
2990 5131 3196 5199 φθάσαι
3227 5133 3552 5202 νοσήματος.

2129 5325 2214 5380 ιϐ’.
2251 5325 2412 5380 Ὅθεν
2437 5324 2648 5379 καὶτοῦ
2674 5323 2931 5395 μεγίστου
2947 5324 3218 5392 πτωχείου
3241 5321 3352 5376 τῶν
3367 5324 3628 5398 καταιτὴν

2058 5416 2304 5488 βασιλίδα
2352 5415 2734 5488 ἐπιτροπεύειν
2793 5415 3082 5487 προτροπῇ
3138 5412 3294 5486 βιαίᾳ
3335 5415 3447 5468 τῶν
3487 5433 3624 5485 κρα-

2052 5507 2286 5561 τούντων
2318 5507 2353 5576 ή
2392 5507 2554 5578 χάρις
2583 5505 2786 5578 ἠξίωσε
2808 5541 2824 5572 ,
2859 5504 3375 5576 προευτρεπίζουσα
3415 5505 3625 5574 τούτῳ,

2055 5599 2168 5662 καὶ,
2216 5599 2294 5662 ὡς
2331 5600 2460 5663 ἔπος
2505 5601 2706 5661 εἰπεῖν,
2739 5596 3126 5668 ὲγχειρίζουσα
3187 5595 3252 5669 τῇ
3297 5601 3502 5669 μερικῇ
3543 5599 3625 5653 δι-

2055 5688 2306 5760 εξαγωγῇ
2333 5689 2429 5760 τὴν
2463 5689 2557 5759 τῆς
2579 5687 2873 5758 καθολικῆς
2909 5687 3236 5759 Ἐκκλησίας
3269 5687 3622 5760 κυϐέρνησιν.

2069 5782 2228 5840 ’Δλλὰ
2278 5781 2377 5854 μὲν
2418 5781 2587 5836 ταῦτα
2616 5780 2724 5855 καὶ.
2761 5777 2892 5850 περὶ
2919 5777 3124 5834 τούτων
3153 5777 3624 5852 καθιστορούντων
