4022 6218
355 389 426 455 63
1347 387 1407 450 S.
1446 385 1870 448 NICEPHORI
1907 388 1960 448 P.

2063 385 2420 448 summa
2451 381 2562 446 cr.
3307 406 3314 413 -
3553 357 3623 423 ﬁt

353 499 571 570 agebat,
599 507 656 553 ut
683 497 936 554 Ecclesiae
961 497 1138 554 viduae
1169 507 1431 566 sponsum
1458 495 1727 565 ejusmodi
1750 494 1929 566 praeli-
1957 547 1960 556 ,

2063 495 2236 565 .λλος)
2286 495 2354 548 δι’
2405 492 2632 564 ἐρεύνης
2683 484 2798 559 εἶχε
2847 481 3050 554 πολλῆς
3092 474 3490 570 ἐγκαθιδαῦσξιι
3551 479 3620 544 τῇ

356 567 506 643 ceret
529 587 622 658 qui
657 586 902 643 docendo
925 585 1136 642 ﬁdelem
1155 597 1467 640 sermonem
1498 592 1690 640 tenere
1703 585 1928 642 idoneus

2063 589 2282 660 ινάνδρῳ
2301 585 2535 658 νυμφίον
2554 600 2616 637 τε
2643 581 2737 637 καὶ
2761 578 3174 652 προμνήστορα.
3203 567 3622 660 ἱκανῶςῗέχοντα

357 683 528 740 esset,
565 685 620 733 et
649 676 793 748 ejus,
819 677 912 747 qui
945 691 1118 746 nuper
1155 674 1390 746 pastoris
1413 689 1614 733 munus
1639 678 1932 748 sapientis-

2065 679 2128 734 οῦ
2157 659 2299 734 κατά
2336 679 2437 748 τὴν
2461 675 2687 747 διδαχὴν
2733 672 2928 726 πιστοῦ
2958 669 3118 736 λόγου
3170 659 3492 726 ἀνθέξεσθαι
3528 659 3626 713 καὶ

357 767 499 822 sime
526 767 759 833 obierat,
788 767 1030 836 vestigiis
1058 767 1329 824 insistere.
1362 764 1730 832 Quamobrem
1773 769 1933 824 etiam

2063 771 2339 826 tabtaisOat
2353 769 2472 824 κατ’
2490 769 2636 839 ίχνος
2654 763 2746 820 τοῦ
2767 760 3241 834 προποιμάναντος
3257 752 3621 822 λογικώτατα.

362 858 426 914 ad
454 860 740 915 universos
765 873 888 914 cum
923 859 1238 914 sacerdotes
1272 869 1384 914 tum
1418 858 1742 924 monachos,
1767 874 1936 928 quos-

2063 861 2130 916 ιιὸ
2153 863 2248 916 καὶ
2279 863 2444 916 πᾶσιν
2471 855 2816 914 ἀνεκοινοῦτο
2842 849 3050 924 ἱερεῦσί
3083 865 3144 902 τε
3179 847 3276 901 καὶ⁵
3305 843 3624 915 μονάζουσι.

360 965 466 1021 que
501 960 816 1004 senatorum
852 950 1122 1023 primores
1167 963 1232 1004 ac
1259 949 1486 1019 reliquis
1533 951 1940 1020 praestantiores

364 1049 608 1110 noverat,
635 1057 751 1097 rem
777 1040 1053 1097 deferebat
1083 1059 1098 1096 :
1138 1039 1534 1109 utjustissimte
1567 1039 1798 1110 plurium
1827 1041 1942 1096 ele—

365 1132 733 1204 ctioni,quam
758 1133 922 1188 divini
943 1130 1182 1202 Spiritus
1215 1140 1390 1186 ratam
1413 1131 1639 1187 haberet
1661 1146 1941 1195 assensus,

366 1237 466 1276 suo
491 1236 705 1292 quoque
751 1221 869 1290 ipse
912 1221 1168 1292 suffragio
1214 1221 1524 1276 accederet.
1553 1222 1658 1278 Ast
1689 1221 1766 1276 illi
1799 1219 1942 1292 (nec

367 1314 514 1367 enim
550 1313 800 1366 homines
829 1327 952 1365 cum
985 1319 1192 1377 essent,
1220 1325 1446 1382 prorsus
1469 1325 1664 1368 cavere
1694 1319 1944 1382 poterant

370 1413 440 1454 ne
467 1399 596 1468 quid
621 1399 690 1454 ad
733 1398 964 1469 gratiam
1007 1401 1250 1472 agerent)
1307 1407 1550 1456 mutuam
1596 1401 1943 1458 concordiam

372 1491 710 1547 dissensione
747 1491 1043 1559 solventes,
1066 1493 1230 1548 alium
1275 1492 1380 1549 sibi
1429 1493 1662 1564 quisque
1689 1493 1947 1563 designa-

372 1577 468 1634 bat
502 1590 668 1651 atque
700 1581 949 1636 trahebat
999 1596 1016 1636 :
1068 1595 1174 1636 non
1220 1596 1382 1652 quem
1417 1581 1584 1636 divini
1618 1593 1780 1637 nutus
1811 1597 1948 1652 prae-

373 1673 605 1729 scientia
636 1674 1058 1746 designaverat;
1088 1676 1184 1730 sed
1206 1689 1376 1746 quem
1405 1675 1674 1746 cujusque
1700 1675 1950 1730 voluntas

2047 959 2144 1013 καὶ
2169 959 2270 1030 τῆς
2305 957 2614 1028 συγκλήτου
2657 951 2854 1025 βουλῆς
2883 950 3011 1003 ὅσον
3054 945 3309 1016 ἔγκριτον
3339 939 3434 994 καὶ
3462 937 3630 1010 προὺ-

2038 1066 2132 1119 χον
2181 1049 2482 1120 ἠπίστατο.
2520 1047 2596 1110 ὡς
2627 1045 2694 1100 ἂν
2727 1046 2794 1115 τῇ
2841 1041 2952 1096 τῶν
2995 1037 3260 1092 πλειόνων
3305 1035 3504 1103 ἐκλογῇ
3551 1033 3632 1085 διι

2041 1137 2308 1208 καιοτάτῃ
2358 1134 2530 1206 οὑσῃ,
2563 1134 2660 1186 καὶ
2705 1135 2771 1203 τῇ
2816 1130 2913 1184 τοῦ
2953 1127 3102 1182 θείου
3152 1123 3471 1193 Πνεὺματος
3503 1123 3629 1174 ὲπι-

2042 1227 2225 1281 νεύσει
2255 1227 2317 1280 τὸ
2351 1225 2567 1297 βέϐαιον
2591 1221 2968 1294 λαμϐανούσῃ,
3001 1218 3098 1272 καὶ
3117 1219 3152 1287 ἡ
3184 1213 3348 1268 αὑτοῦ
3369 1209 3632 1281 ἐφέψοιτο

2047 1318 2324 1390 βούλησις.
2350 1318 2414 1370 Οί
2435 1315 2493 1369 δὲ
2524 1311 2654 1386 (καὶ
2681 1311 2792 1382 γὰρ
2819 1306 3143 1380 ἀνθρώπους
3161 1304 3320 1366 ὄντας
3349 1299 3630 1368 διαδρᾶναι

2043 1412 2106 1466 τὸ
2135 1411 2273 1481 πρὸς
2303 1409 2466 1480 χάριν
2496 1403 2800 1474 ἀδύνατον)
2832 1403 2898 1472 τῇ
2934 1399 3031 1454 ἀπ’
3072 1397 3319 1467 ἀλλήλων
3345 1391 3632 1481 διαστάσει

2045 1499 2108 1554 τὸ
2130 1480 2456 1570 ὁμόγνωμον
2482 1494 2838 1554 διαλύσαντες
2861 1529 2876 1552 ,
2915 1487 3074 1550 ἄλλος
3110 1484 3270 1540 ἄλλον
3300 1480 3634 1551 ἑψηφολόγει

2051 1593 2147 1646 καὶ
2173 1584 2358 1644 εἷλκεν
2386 1605 2400 1619 ·
2434 1586 2532 1658 οὑχ
2557 1586 2618 1640 ὃν
2645 1586 2678 1654 ἡ
2708 1583 2806 1652 τῆς
2839 1581 2952 1636 ἀνω
2991 1581 3162 1651 ῥοπῆς
3184 1575 3470 1645 ὑπέγραφε
3501 1571 3636 1643 πρό-

2047 1689 2276 1750 γνωσις,
2299 1680 2359 1734 τδ
2381 1679 2615 1733 ἑκάστου
2633 1677 2690 1730 6t
2709 1675 2889 1729 θέλειν
2911 1673 3075 1726 ἀνετυ
3085 1668 3251 1723 ποῦτο
3275 1667 3373 1721 καὶ
3391 1663 3635 1718 ἔπειθεν.

377 1764 706 1820 informabat
739 1779 805 1820 ac
845 1765 1271 1835 prtebabendum
1311 1765 1596 1821 suadebat.
1630 1764 1950 1834 Imperatori

2063 1771 2148 1844 Τῷ
2187 1771 2246 1824 δὲ
2281 1769 2496 1842 βασιλεί
2526 1769 2586 1821 τὸ
2627 1766 2723 1820 τοῦ
2752 1764 2847 1818 νοῦ
2882 1763 3208 1834 δραστήριον
3229 1755 3636 1828 ’ὑπεζωγράφει

378 1864 558 1910 autem
593 1870 720 1912 acre
753 1855 954 1911 mentis
979 1871 1086 1926 qua
1113 1855 1347 1927 pollebat
1365 1853 1653 1926 judicium,
1680 1853 1953 1924 Nicephoc

2063 1839 2418 1934 «o'tpvia'pxov
2451 1859 2790 1930 Νικηφόρον,
2820 1856 2916 1910 καὶ
2941 1855 3078 1926 «pb;
3099 1853 3306 1906 ἐκεῖνον
3337 1849 3472 1918 ὁρᾶν
3507 1846 3640 1900 πάν-

379 1963 499 2002 rum
529 1949 711 2019 gregis
749 1949 1048 2020 principem
1074 1951 1434 2020 suggerebat:
1462 1948 1514 2002 in
1544 1961 1706 2018 quem
1743 1953 1801 2000 ut
1829 1961 1950 2002 om-

379 2053 476 2093 nes
503 2037 839 2106 conjicerent
876 2037 1064 2094 oculos
1103 2037 1460 2109 compellebat
1491 2039 1631 2106 ipse,
1660 2036 1952 2108 praeclaras

380 2127 485 2182 viri
519 2127 674 2183 dotes
719 2127 773 2182 in
812 2127 1134 2182 memoriam
1161 2141 1459 2194 revocans;
1491 2126 1818 2196 eloquentiae
1841 2125 1952 2181 sci-

381 2217 509 2272 licet
532 2224 644 2272 tum
670 2231 844 2274 sacrae
865 2225 978 2271 tum
1004 2217 1246 2288 profante
1261 2217 1372 2274 vim
1397 2219 1715 2284 maximam,
1737 2233 1952 2273 morum

381 2308 708 2364 modestiam
739 2325 803 2364 ac
831 2309 1132 2374 lenitatem,
1174 2309 1526 2366 conscientiae
1556 2310 1626 2366 ad
1655 2323 1848 2364 omnes
1873 2309 1954 2363 in-

384 2399 692 2469 tegritatem
721 2398 789 2453 ab
827 2399 977 2454 omni
1015 2397 1320 2455 oll'ensione
1363 2399 1811 2455 remotissimam.
1848 2397 1956 2454 De-

382 2491 547 2568 nique
572 2489 718 2546 velut
747 2488 956 2556 nimbo,
979 2489 1259 2547 continuis
1283 2490 1391 2546 illis
1414 2491 1552 2568 regii.
1569 2491 1682 2547 oris
1703 2491 1956 2560 eloquiis,

381 2581 761 2636 universorum
789 2595 952 2637 aures
1003 2581 1358 2650 concludens,
1411 2583 1542 2660 nulli
1588 2583 1695 2638 vim
1728 2582 1956 2650 faciens,

381 2671 531 2728 velut
585 2672 638 2726 in
683 2687 962 2744 sagenam,
1026 2672 1083 2728 in
1143 2688 1307 2729 unam
1381 2689 1572 2733 omnes
1631 2677 1958 2730 sententiam

383 2765 566 2834 adegit
597 2782 611 2820 :
648 2764 846 2820 exinde
880 2765 1024 2818 enim
1084 2765 1328 2822 omnium
1358 2765 1518 2822 labiis
1563 2779 1766 2838 oreque
1797 2765 1955 2822 Nice-

382 2855 588 2927 phorus
621 2856 934 2926 patriarcha
962 2854 1316 2912 acclamatur.

448 3009 543 3067 22.
579 3009 741 3066 Mittit
781 3011 967 3081 itaque
1005 3009 1330 3080 imperator,
1363 3011 1456 3083 qui
1485 2999 1813 3070 denuntient
1865 3013 1960 3084 ju-

2048 1972 2148 2018 τας
2179 1953 2534 2024 συνήλαυνεν,
2564 1950 3004 2022 ὑπομιμνήσκων
3031 1945 3140 1999 τῶν
3180 1940 3392 2016 ἀρετῶν
3418 1937 3514 1993 τοῦ
3544 1939 3642 1992 div-

2049 2045 2175 2116 δρὸς
2204 2045 2272 2098 τὰ
2304 2043 2621 2114 αὐχήματα·
2657 2042 2718 2094 τὸ
2760 2040 2821 2094 tv
2845 2039 3030 2108 λόγοις
3049 2078 3064 2102 ,
3092 2037 3207 2100 τοῖς
3237 2050 3300 2086 τε
3339 2045 3639 2100 πνευματι-

2053 2135 2170 2198 κοῖς
2207 2133 2302 2187 καὶ
2337 2135 2452 2196 τοῖς
2483 2129 2744 2203 θύραθεν,
2779 2127 3014 2199 καίριον·
3047 2125 3108 2178 τὸ
3137 2125 3195 2178 tv
3223 2121 3345 2192 ἤθει
3381 2116 3640 2172 ταπεινὸν

2053 2226 2149 2279 καὶ
2167 2223 2456 2296 μειλίχιονο
2473 2223 2534 2276 τὸ
2551 2223 2610 2275 ἐν
2635 2220 2939 2290 συνειδήσει
2956 2215 3094 2288 «pb;
3115 2213 3326 2274 πάντας
3349 2206 3640 2278 εἱλικρινὲς

2055 2317 2152 2370 καὶ
2174 2315 2544 2386 ἀπρόσκοπον.
2571 2313 2681 2366 Καὶ
2707 2307 3069 2375 ἁπαξαπλῶς,
3098 2300 3184 2358 οἷα
3213 2301 3399 2370 νιφάδι
3422 2297 3499 2370 τῷ
3526 2305 3642 2350 συν’

2056 2405 2172 2476 εχεί
2194 2404 2302 2458 τῶν
2327 2402 2622 2476 βασιλικῶν
2647 2402 2872 2456 ἐκείνων
2891 2398 3086 2467 λογίων
3102 2393 3202 2458 τὰς
3225 2393 3448 2447 πάντων
3469 2386 3644 2450 ἀκοὰς

2057 2496 2454 2561 κατακλείσας,
2489 2495 2762 2566 μηδεμιᾶς
2787 2491 3034 2562 ὑπούσης
3062 2487 3216 2558 βίας,
3255 2488 3333 2548 εἰς
3367 2481 3498 2554 μίαν
3533 2479 3648 2550 Φῆ·-

2059 2603 2160 2658 φον
2176 2587 2252 2651 ὡς
2275 2588 2357 2648 είς
2377 2586 2623 2654 σαγήνην
2652 2584 2780 2646 τοὺς
2796 2583 3005 2643 πάντας
3029 2577 3372 2648 ἐζώγρησεν·
3407 2572 3466 2640 ἐξ
3493 2572 3642 2624 ὲκεί-

2059 2696 2151 2734 νου
2183 2695 2244 2732 τε
2270 2680 2378 2750 γὰρ
2424 2679 2482 2731 ἐν
2511 2675 2676 2730 παντὶ
2707 2673 2879 2745 χείλει
2904 2671 3000 2726 καὶ
3041 2669 3265 2740 γλώσσῃ
3295 2666 3448 2738 πάσῃ
3473 2663 3644 2733 Νικη-

2061 2770 2229 2844 φόρος
2259 2769 2612 2840 πατριάρχης
2645 2761 3038 2836 ἀνηγορεύετο.

2131 3017 2236 3089 κβν.
2289 3014 2507 3070 Στέλλει
2557 3011 2688 3082 γοῦν
2741 3009 2997 3081 βασιλεὺς
3053 3005 3190 3078 «pb;
3233 3001 3395 3057 αὑτὸν
3445 2997 3645 3069 ἄνδρας

384 3102 692 3172 beantque,
729 3110 792 3156 ut
835 3109 1046 3156 semota
1103 3101 1256 3156 omni
1329 3105 1681 3160 cunctatione
1731 3119 1796 3161 ac
1844 3106 1960 3160 sine

2063 3107 2544 3180 ἀπαγγελοῦντας,
2579 3103 2780 3167 παντὸς
2812 3103 2973 3156 δκνου
3008 3099 3102 3154 καί
3137 3098 3317 3168 πάσης
3354 3095 3486 3164 ἀτερ
3515 3093 3646 3146 ἀνα-

384 3193 729 3270 mora_sistat
758 3207 819 3248 se
844 3191 1105 3264 Angusta
1155 3194 1298 3249 urbi.
1328 3193 1380 3251 is
1405 3210 1559 3260 vero,
1589 3199 1684 3268 qui
1716 3197 1960 3254 laudabi-

2063 3203 2223 3274 ϐολῆς
2249 3200 2348 3272 τὴν
2377 3197 2575 3252 ἑαυτοῦ
2601 3193 2908 3266 παρουσίαν
2932 3193 2999 3263 τῇ
3031 3188 3266 3262 βασιλίδι
3289 3180 3642 3256 χαρίσασθαι.

385 3283 490 3339 lem
521 3283 889 3340 obedientiam
930 3284 1307 3355 vituperandae
1351 3285 1735 3344 inobedientize
1779 3289 1956 3360 potio-

381 3390 500 3434 rem
545 3374 792 3438 haberet,
835 3389 1143 3446 quanquam
1191 3377 1473 3443 renitens,
1505 3377 1654 3434 viros
1703 3379 1962 3438 ductores

295 3532 303 3541 ᾔ
387 3468 596 3524 itineris
632 3475 876 3522 actutum
913 3475 1134 3524 secutus
1168 3477 1274 3524 est.
1307 3461 1608 3526 Ubiautem
1641 3471 1958 3542 imperator,

386 3561 439 3614 id
465 3559 608 3630 quod
657 3560 963 3631 satagebat,
1023 3555 1234 3624 eﬂ'ecit,
1283 3575 1348 3616 ac
1392 3576 1579 3618 coram
1633 3573 1960 3633 praesentem

384 3665 530 3713 eum,
571 3648 726 3720 cujus
758 3649 1034 3706 desiderio
1060 3651 1369 3720 tenebatur,
1405 3655 1732 3723 conspexit;
1763 3655 1817 3733 in
1849 3655 1964 3712 haec

383 3741 574 3804 verba,
606 3751 666 3794 ut
695 3741 870 3806 aiunt,
904 3741 974 3794 ad
1001 3754 1126 3796 eum
1153 3741 1367 3798 locutus
1390 3753 1474 3799 est
1507 3759 1522 3798 :
1557 3743 1688 3800 Mihi
1717 3745 1960 3816 quidem,

386 3829 472 3883 vir
505 3827 618 3882 Deo
648 3829 1050 3898 acceptissime,
1076 3831 1346 3901 siquidem
1381 3831 1466 3888 fas
1493 3843 1640 3890 esset
1675 3835 1770 3890 Dei
1809 3852 1966 3891 man-

388 3917 512 3972 data
539 3918 594 3970 in
639 3917 881 3974 minimis
925 3918 1129 3974 habere
1180 3935 1481 3994 eorumque
1511 3938 1676 3992 opere
1719 3926 1965 3998 neglecto

388 4006 656 4077 publicam
694 4023 808 4064 rem
855 4011 1267 4080 administrare,
1296 4013 1350 4068 in
1381 4025 1631 4086 promptu
1663 4027 1782 4072 erat
1809 4034 1964 4090 quae-

388 4098 511 4152 dam
543 4099 818 4153 aedurtrix
853 4113 920 4155 ac
947 4099 1056 4155 lata
1093 4101 1200 4168 via,
1237 4117 1345 4174 qua
1372 4103 1593 4160 obvium
1629 4110 1963 4179 quempiam,

389 4189 538 4246 nullo
569 4193 838 4248 anteriori
879 4195 1076 4250 merito
1108 4203 1168 4250 ut
1206 4197 1454 4267 pontifex
1502 4199 1658 4256 ﬁeret
1689 4215 1968 4259 commen-

387 4282 641 4346 dabiiem,
677 4284 773 4340 sed
802 4285 892 4353 qui
921 4285 1262 4343 solummodo
1311 4289 1493 4357 vellet,
1545 4293 1669 4346 urbi
1703 4292 1967 4363 Augusta:

389 4373 745 4442 praeﬁcerem.
781 4373 918 4442 Quia
952 4391 1082 4432 vero
1109 4377 1306 4434 divinis
1332 4377 1632 4450 Scriptura
1661 4383 1966 4440 documen-

392 4463 460 4517 tis
507 4463 755 4519 eruditus
799 4465 952 4532 st-io,
995 4467 1212 4538 qualem
1257 4483 1380 4527 esse
1429 4481 1680 4542 oporteat
1727 4473 1966 4530 futurum

389 4555 730 4610 sacerdmem
765 4565 820 4612 et
850 4557 1120 4628 imprimis
1145 4575 1292 4628 eum,
1335 4540 1492 4632 cujus
1523 4565 1597 4621 sit
1635 4566 1703 4622 ad
1736 4567 1966 4638 gradum
1999 4540 2044 4598 D

389 4642 658 4712 ejusmodi
689 4647 991 4715 provehere
1019 4649 1194 4718 alios;
1231 4652 1488 4709 nimirum
1533 4656 1820 4714 sublimem
1856 4659 1970 4715 vir-

390 4740 508 4787 tute
549 4750 614 4790 ac
657 4734 815 4793 labiis
863 4738 1156 4810 intactum,
1190 4744 1284 4814 qui
1327 4746 1614 4802 scientiam
1667 4751 1965 4818 custodiat,

391 4831 556 4892 atque
585 4827 912 4896 exquisitam
944 4830 1114 4903 legem
1147 4833 1204 4888 in
1232 4849 1331 4890 ore
1368 4834 1574 4902 ferens,
1603 4840 1818 4897 Domini
1847 4859 1970 4899 om-

309 4992 316 4999 ,
393 4911 686 4983 nipnlentia
743 4918 966 4988 angelus
1027 4923 1245 4992 audiat;
1301 4941 1498 4982 vereor
1545 4944 1616 4986 ne
1663 4943 1820 4988 sacra
1874 4935 1966 4990 illa

393 5005 765 5083 admonitione
798 5023 1005 5082 spreta,
1040 5016 1383 5088 negligentia:
1412 5020 1536 5076 dein
1561 5037 1775 5093 prunas,
1803 5026 1970 5098 inque

396 5113 578 5155 meum
612 5111 778 5172 caput
822 5103 972 5160 diras
1011 5105 1310 5164 intentatas
1351 5125 1650 5168 arcessam.
1677 5113 1833 5191 Nunc
1867 5118 1972 5188 igi-

394 5198 484 5246 tur
507 5205 632 5248 cum
672 5191 816 5248 Deus
847 5198 1141 5254 sacerdotii
1183 5215 1392 5272 arcem,
1423 5204 1775 5279 cmlestisque
1797 5209 1961 5280 hujus

393 5283 553 5338 stadii
581 5286 736 5343 vobis
762 5287 1005 5346 habenas
1027 5294 1343 5362 concredat,
1372 5310 1460 5364 ne,
1493 5313 1701 5366 quaeso,
1725 5303 1969 5358 vocatio-

395 5385 518 5428 nem
553 5378 873 5446 respueritis
903 5397 917 5434 :
951 5381 1046 5437 sed
1071 5382 1312 5442 divinum
1345 5389 1641 5447 subeuntes
1668 5403 1968 5461 certamen,

399 5465 453 5522 in
489 5468 541 5524 id
571 5475 751 5542 potius
813 5478 1092 5547 respicite,
1123 5482 1266 5551 quod
1301 5497 1330 5540 e
1365 5487 1642 5542 communi
1670 5487 1847 5546 salute
1875 5490 1968 5545 sit.

397 5555 612 5614 Scimus
653 5565 800 5620 enim
841 5581 936 5624 vos
977 5569 1134 5640 juxta
1179 5580 1328 5630 tuum
1357 5588 1420 5632 ac
1453 5590 1796 5634 communem
1833 5593 1972 5650 prte-

473 5762 504 5792 °
533 5772 634 5813 ms.
655 5759 830 5824 γνώον

2073 3292 2132 3345 '0
2174 3291 2232 3344 δὲ
2259 3288 2360 3362 τὴν
2409 3286 2812 3356 ἐπαινουμένην
2853 3281 3102 3353 ὑπακοὴν
3146 3277 3346 3350 μᾶλλον
3375 3274 3474 3344 τῆς
3520 3274 3645 3326 tm-

2061 3379 2234 3452 ψόγου
2281 3376 2571 3450 παρακοῆς
2619 3374 3016 3444 ἀνθελόμενος,
3068 3369 3165 3424 καὶ
3204 3369 3302 3438 οὑχ
3349 3363 3491 3420 ἑκὼν
3534 3364 3646 3425 τοῖς

2063 3472 2216 3541 ἄγειν
2245 3469 2525 3524 ἐθέλουσιν
2554 3467 2758 3521 εἵπετο.
2793 3465 2904 3518 Καὶ
2927 3463 3058 3516 ἐπεὶ
3082 3459 3160 3532 τῷ
3190 3457 3557 3528 αὐτοκράτορι
3587 3453 3650 3507 τὸ

2063 3562 2396 3634 ζητούμενον
2447 3559 2646 3630 ἤνυστο
2671 3599 2686 3625 ,
2744 3556 2843 3611 καὶ
2894 3555 3017 3608 κατ’
3051 3552 3175 3624 δψιν
3218 3545 3368 3622 εῖχεν
3411 3548 3545 3619 ὁρᾷν
3589 3545 3650 3598 τδ

2063 3651 2428 3722 ποθούμενον,
2461 3647 2640 3703 ταῦτα
2687 3647 2826 3718 πρὸς
2868 3644 3034 3700 αὑτὸν
3063 3641 3360 3712 διειλέχθαι
3403 3638 3646 3707 λέγεται·

2076 3745 2232 3812 Ἐμοὶ
2259 3743 2380 3816 μὲν,
2411 3739 2456 3798 ὦ
2483 3742 2617 3812 ἄνερ
2646 3739 2768 3811 Θεῷ
2801 3739 3238 3810 μεμελετημένε,
3266 3735 3425 3805 εῐπερ
3449 3727 3519 3803 ἦν
3543 3730 3651 3785 τῶν

2066 3835 2225 3890 θείων
2257 3835 2654 3905 κατολιγωρεϊν
2699 3829 3082 3905 προστάξεων,
3135 3831 3233 3882 καὶ
3275 3823 3511 3898 ἀμελείᾳ
3549 3822 3652 3893 τῆς

2064 3925 2271 3982 τούτων
2303 3925 2574 3999 ἐργασίας
2619 3922 3037 3997 ἐπιμελεῖσθαι,
3064 3917 3133 3993 ἦν
3175 3919 3285 3991 ἀρα
3325 3934 3410 3981 τις
3443 3915 3652 3986 πλάνης

2064 4037 2126 4075 τε
2177 4019 2274 4074 καὶ
2318 4019 2552 4074 πλατεῖα
2591 4017 2740 4082 ὁδὸς,
2772 4016 2841 4070 δι’
2870 4010 2938 4088 ἦς
2970 4014 3067 4068 καὶ
3103 4013 3197 4067 τὸν
3237 4011 3470 4082 τυχόντα
3493 4047 3509 4072 ,
3558 4005 3654 4060 καὶ⁵

2066 4109 2216 4175 ἀξιον
2251 4109 2418 4180 μηδὲν
2448 4107 2942 4181 προεισενεγκόντα
2969 4103 3066 4158 τοῦ
3109 4097 3354 4175 βήματος
3385 4100 3525 4171 πλὴν
3556 4096 3652 4152 τοῦ

2068 4198 2378 4272 βούλεσθαι,
2403 4200 2672 4272 ἀρχιερέα
2691 4201 2756 4269 τῇ
2785 4190 3016 4269 βαδιλίδι
3040 4193 3476 4268 προστήσασθαι,
3513 4191 3653 4246 Ἀλλ’

2067 4291 2256 4364 ἐπειδὴ
2299 4291 2470 4362 παρὰ⁴
2489 4292 2590 4360 τῆς
2621 4291 2773 4354 θείας
2817 4291 3043 4362 Γραφῆς
3075 4285 3472 4356 νενουθέτημαι
3493 4323 3508 4348 ,
3543 4277 3654 4336 οἷον

2067 4377 2210 4437 εἶναι
2235 4382 2321 4436 δεῖ
2346 4383 2437 4436 τὸν
2467 4381 2717 4453 ἱερᾶσθαι
2747 4381 3009 4452 μέλλοντα
3038 4379 3136 4434 καὶ
3167 4378 3362 4441 ἄλλους
3391 4377 3472 4440 εἰς
3495 4375 3656 4428 τοῦτο

2069 4475 2332 4547 προάγειν
2361 4473 2668 4544 ὀφείλοντα,
2697 4475 2780 4528 ὃτι
2811 4471 3016 4543 ὑψηλὸν
3045 4471 3219 4543 ἀρετῇ
3254 4469 3350 4523 καὶ
3378 4466 3656 4534 ἀνέπαφον

2071 4565 2308 4638 χείλεσι,
2341 4565 2582 4634 γνῶσιν⁰
2611 4565 2960 4636 φυλάσσοντα
2989 4562 3085 4616 καὶ
3120 4562 3286 4631 νόμον
3319 4557 3658 4628 ὲκζητούμε-

2070 4673 2160 4710 νον
2189 4658 2248 4710 tv
2275 4657 2504 4724 στόματι
2537 4655 2794 4727 φέροντα,
2825 4656 2922 4710 καὶ
2947 4654 3035 4710 διὰ
3056 4653 3214 4707 τοῦτο
3246 4649 3658 4724 χρηματίζοντα

2070 4749 2280 4819 Κυρίου
2321 4748 2764 4820 παντοκράτορος
2801 4746 3076 4816 ἀγγελονδ
3104 4743 3252 4798 δέδια
3291 4743 3367 4814 μὴ
3415 4743 3474 4796 τὸ
3513 4740 3658 4811 ἱερὸν

2069 4840 2248 4894 ἐκεῖνο
2275 4839 2634 4912 παραϐλέψας
2665 4838 3001 4910 νουθέτημα,
3035 4835 3297 4907 ἀμελείας
3342 4833 3552 4886 ὑποίσω
3583 4831 3662 4886 δί-

2071 4948 2197 5002 κην,
2229 4933 2326 4986 καὶ
2351 4931 2452 5002 τὴν
2495 4930 2901 5002 ἀπειλουμένην
2941 4929 3080 5001 ἀρὰν
3106 4930 3187 4992 είς
3217 4925 3457 4999 ἐμαυτὸν
3489 4927 3661 4978 ἑκκα-

2074 5023 2328 5094 λέσομαι.
2357 5021 2470 5077 Νῦν
2497 5017 2591 5076 οὖν
2617 5022 2755 5076 Θεοῦ
2785 5023 2883 5092 τὴν
2917 5018 3222 5092 ἱερωσύνην
3253 5018 3350 5071 καὶ
3377 5017 3476 5080 τὰς
3503 5014 3664 5084 ἡνίας

2077 5111 2171 5168 τοῦ
2195 5113 2452 5184 οὐρανίου
2490 5114 2688 5168 τούτου
2712 5113 2932 5167 διαύλου
2963 5113 3092 5182 ὑμῖν
3127 5107 3551 5180 ἐγχειρίζοντος,
3587 5105 3662 5175 μὴ

2077 5199 2474 5260 ἀπαναίνεσθαι
2511 5205 2610 5278 τὴν
2658 5205 2884 5275 κλῆσιν,
2925 5204 3041 5258 ἀλλ’
3078 5202 3353 5257 ὑποδύντα
3397 5200 3488 5253 τὺν
3523 5199 3665 5253 θεῖον

2077 5299 2288 5368 ἀγῶνα,
2331 5299 2469 5372 πρὸς
2515 5299 2577 5353 τὸ
2631 5301 2786 5370 κοινῇ
2826 5297 3138 5352 λυσιτελοῦν
3193 5297 3425 5366 ἀφορᾷν.
3478 5295 3665 5362 Ἴσμεν

2077 5391 2186 5461 γὰρ
2212 5391 2310 5457 ὡς,
2333 5391 2478 5445 κατά
2501 5389 2592 5444 τὸν
2620 5391 2712 5444 σὸν
2735 5391 2829 5444 καὶ
2853 5389 3030 5444 κοινὸν
3053 5387 3407 5458 καθηγεμόνα
3427 5383 3663 5449 Παῦλον,
3714 5455 3733 5466 Α

2081 5483 2158 5555 μὴ
2191 5483 2330 5554 πρὸς
2357 5483 2495 5554 ἀέρα
2518 5483 2616 5554 τὴν
2645 5482 2917 5552 πυκτικὴν
2948 5477 3340 5544 ἐπιδείξασθαι,
3377 5475 3510 5548 μηδὲ
3535 5475 3666 5545 δρα-

2085 5574 2305 5649 μεῖσθαι
2346 5577 2491 5648 ὑμᾶς
2534 5574 2900 5648 ἀκατάληπτα
2928 5591 2941 5606 ⁸
2981 5572 3408 5650 τεθαρρήκαμεν
3462 5567 3518 5622 δὲ
3565 5567 3668 5636 τῆς
