4022 6218
235 225 306 290 ει»
1781 220 1845 282 ν]

1950 261 1960 281 ι
2935 195 2942 202 ’
3441 225 3514 290 oo

233 335 674 410 προανυσθείσης
717 332 1093 404 δουλαγωγίας
1137 333 1234 387 τοῦ
1277 331 1530 404 σώματος
1581 331 1721 402 πρὸς
1763 331 1827 384 τὸ

1950 340 2202 402 :eptorem
2232 331 2460 388 Paulum
2485 335 2506 366 τ
2530 347 2638 389 non
2665 334 2977 392 decertasse
3007 336 3273 392 adversus
3308 351 3516 404 aerem,

233 431 346 492 τοῖς
382 427 570 487 ἄλλοις
605 424 882 494 κηρύξαι,
918 424 1099 477 καὶτὸ
1137 423 1404 493 ὑμέτερον
1435 421 1661 492 δόκιμον
1684 421 1825 492 ὑπ’ἐρ

233 519 460 592 χρυσίον
494 514 852 592 ἐκλὰμψειεν.
888 515 982 585 Μὴ
1011 515 1079 584 δὴ
1113 515 1275 584 μόνον
1313 513 1557 583 σωθῆναι
1585 512 1683 584 τὴν
1710 513 1827 566 ἱκε-

239 611 358 663 σίαν
562 606 627 659 τὸ
649 605 808 660 Θεῖον
839 605 1112 658 ποιεῖσθαι
1144 603 1422 674 βιάζεσθε,
1459 602 1597 672 μηδὲ
1623 601 1702 673 τῷ
1731 619 1829 673 μο-

237 698 490 767 νοτρόπῳ
525 695 621 749 τοῦ
665 695 786 766 βίου
816 697 879 748 τὸ
913 695 1034 748 καθ’
1081 696 1309 758 ἑαυτοὺς
1349 693 1556 764 ζητεῖν,
1593 687 1730 748 ἀλλὰ
1771 693 1831 746 τὸ

238 792 450 852 πάντας
478 789 579 858 τῆς
617 787 896 858 σωτηρίας
931 789 1118 857 τυχεῖν
1159 785 1560 839 ἐπισπεύδοιτε.
1592 784 1832 856 Νύμφην

236 880 587 950 ὡραιοτὲτην
616 877 718 948 τὴν
761 876 1093 946 Ἐκκλησίαν
1132 877 1409 946 ἡγεῖσθαι,
1445 874 1724 946 ἁρμόδιον,
1753 873 1833 944 τῷ

243 967 570 1040 μαργαρίτῃ
603 967 702 1038 μὲν
747 967 857 1020 τῶν
886 968 1065 1037 ὀρθῶν
1097 969 1192 1020 καὶ
1223 965 1512 1020 ἁθολώτων
1545 965 1832 1036 δογμάτων

238 1062 298 1113 τὸ
322 1061 557 1128 εὐήκςον
582 1056 676 1124 οὖς
703 1060 1201 1130 περισφίγγουσαν,
1239 1057 1319 1128 τῷ
1355 1057 1607 1128 στεφάνῳ
1632 1057 1690 1110 δὲ
1723 1057 1834 1110 τῶν

243 1153 484 1224 χαρίτων
515 1155 591 1216 ὠς
615 1151 942 1221 ὑπερτίμοις
968 1149 1137 1214 λίθοις
1165 1151 1280 1212 τοῖς
1312 1150 1602 1220 Πατρικοῖς
1633 1148 1834 1217 λογίοις

243 1241 718 1312 καταυγαζομένῳ
737 1240 838 1310 τὴν
859 1239 1104 1311 κορυφὴν
1127 1240 1609 1312 περιστέλλουσαν,
1631 1239 1835 1310 κόσμον

241 1335 298 1388 δὲ
327 1337 422 1391 τὴν
448 1337 506 1389 ἐν
539 1335 787 1406 στέρνοις
818 1333 914 1387 am
963 1332 1215 1403 pqyiaxtp
1245 1335 1552 1406 παγχρύσῳ
1584 1334 1664 1405 τῷ
1700 1335 1833 1388 ἐπτ-

244 1425 472 1497 ιρίθμῳ
487 1424 599 1478 τῶν
620 1421 1000 1485 θεοπνεύστων
1027 1423 1257 1476 συνόδων
1279 1423 1390 1494 ὅρῳ
1413 1423 1490 1495 τῷ
1516 1425 1717 1494 ἑαυτῆς
1735 1425 1834 1478 αὑ-

243 1516 363 1588 κένι
403 1515 689 1586 μυστικῶς
731 1515 1159 1584 ἀναρτήσασαν,
1203 1511 1408 1568 ἐσωθέν
1443 1532 1504 1568 τε
1547 1514 1648 1587 τὴν
1677 1515 1836 1580 δόξαν

245 1613 432 1666 πᾶσαν
478 1609 964 1682 περιδεδλημένην
997 1609 1090 1663 καὶ
1138 1608 1517 1678 εὐαγγελικῶς
1559 1611 1838 1666 πεποικιλ-

1937 439 2059 478 eum
2097 424 2470 490 verberando;
2519 441 2622 481 nec
2671 427 2745 480 lta
2779 443 2941 484 cursu
2981 427 3270 484 defunctos
3312 439 3370 482 ut
3407 445 3515 484 non

1937 515 2520 584 comprehenderetis:
2557 517 2652 572 sed
2693 518 2873 587 potius
2921 519 2990 573 ad
3041 533 3229 573 eorum
3271 519 3517 575 evasisse

1937 605 2352 676 perfectionem,
2407 623 2638 678 quorum
2671 619 2926 664 anteacta
2957 611 3223 678 -corporis
3278 611 3517 680 castiga-

1940 696 2086 752 tione
2119 685 2346 767 probata
2400 699 2576 755 virtus
2628 714 2792 766 super
2839 715 3033 754 aurum
3081 701 3294 754 enituit.
3341 699 3520 755 Nolite

1940 802 2073 842 vero
2118 798 2317 843 vestrae
2343 791 2611 845 duntaxat
2637 790 2834 846 salutis
2860 806 3024 845 causa
3054 791 3518 862 Deosupplicare;

1895 925 1912 933 -
1941 894 2042 936 nec
2075 879 2198 936 vita:
2229 883 2540 938 monasticae
2585 886 2932 952 compendio,
2971 886 3115 953 quod
3159 896 3244 939 est
3276 895 3518 939 vestrum

1939 972 2298 1038 aemulemini,
2345 974 2441 1029 sed
2485 982 2547 1030 ut
2595 989 2786 1030 omnes
2833 977 3063 1030 salutem
3115 986 3522 1044 consequantur

1941 1066 2191 1134 satagite.
2251 1064 2515 1136 Sponsam
2567 1067 3022 1122 formosissimam
3066 1067 3364 1122 Ecclesiam
3407 1069 3523 1122 exi-

1939 1159 2182 1226 stimate,
2207 1159 2361 1230 cujus
2384 1159 2777 1228 obsequentem
2795 1174 3006 1224 aurem,
3032 1171 3308 1215 rectorum
3327 1175 3390 1213 ac
3421 1173 3522 1228 pn-

1943 1249 2284 1304 rissimorum
2373 1251 2719 1305 decretorum
2795 1251 3153 1320 margaritum
3215 1250 3519 1318 astringat;

1941 1349 2103 1410 caput
2135 1341 2435 1410 gratiarum
2487 1356 2710 1407 corona,
2750 1340 2972 1395 Patrum
3010 1339 3242 1410 eloquiis
3273 1355 3372 1394 ceu
3397 1353 3522 1408 pre-

1943 1433 2256 1488 tiosissimis
2310 1432 2528 1502 capillis
2583 1432 2822 1487 mirifice
2892 1433 3196 1503 elfulgens,
3258 1433 3521 1502 prteclaro

1941 1524 2158 1594 cingat;
2187 1533 2375 1593 pectus
2422 1533 2646 1592 septena
2675 1524 2982 1577 divinarqu
3021 1523 3352 1594 synodortrm
3385 1521 3512 1576 deli-

1944 1616 2082 1670 nitio
2108 1624 2270 1684 atque
2301 1616 2506 1685 regula,
2538 1615 2684 1669 velut
2714 1629 2915 1670 aureus
2941 1623 3186 1684 torques,
3233 1615 3464 1686 mystice
3489 1630 3524 1669 ο

247 1703 423 1772 μένην
449 1703 568 1764 τοῖς
598 1701 769 1772 ίεροῖς
793 1701 888 1753 καὶ
923 1701 1142 1769 σεμνοῖς
1165 1698 1549 1770 ἐκτυπώμασι.
1577 1701 1669 1772 Μὴ
1702 1717 1836 1772 πορ-

1950 1707 2080 1764 collo
2125 1709 2405 1778 pendens,
2461 1708 2745 1778 magniﬁce
2793 1716 3024 1763 exornet
3059 1725 3073 1762 :
3103 1721 3224 1776 quin
3287 1709 3524 1777 denique

244 1795 400 1856 νικός
429 1810 519 1856 τις
555 1791 650 1845 τὴν
681 1791 884 1862 τρόπον
911 1790 1120 1860 ταύτην
1162 1790 1593 1862 μνηστεύσηται,
1625 1793 1836 1864 αἱρετι-

248 1887 351 1956 κῆς
383 1889 444 1939 ἐν
467 1885 606 1955 αὐτῇ
633 1883 802 1954 γονῆς
824 1882 1163 1954 ἐπισπείρων
1187 1881 1422 1948 ζιζάνια,
1445 1886 1540 1937 καὶ
1561 1884 1621 1938 τὸ
1644 1884 1840 1947 κάλλος

243 1978 358 2029 τῶν
388 1976 563 2046 αὐτῆς
589 1973 831 2045 γνησίων
863 1973 958 2027 καὶ
981 1971 1188 2026 τέκνων
1214 1972 1526 2026 νοθεόσειεν
1550 1990 1564 2004 ο
1595 1974 1732 2044 μηδέ
1760 1973 1840 2044 τῷ

242 2068 450 2138 ἡμέρῳ
491 2066 674 2136 κωδίῳ
702 2066 804 2136 τὴν
847 2063 978 2132 ὑγιᾶ
1019 2063 1204 2118 πίστιν
1249 2061 1714 2134 ὑποκρινόμενος,
1750 2065 1842 2116 τὸν

243 2159 477 2213 ἔνδοθεν
511 2157 674 2212 λόκον
717 2159 818 2228 τῆς
863 2157 1119 2220 ἀπιστίας
1175 2155 1516 2226 γυμνώσειεν
1565 2155 1660 2208 καὶ
1705 2155 1838 2224 πρὸς

243 2251 355 2322 ὅρη
391 2251 488 2304 καὶ
515 2250 732 2314 τόπους,
759 2247 855 2312 o6;
873 2249 976 2301 οὐκ
1007 2249 1300 2301 ἐπισκοπεῖ
1330 2243 1556 2317 Κύριος,
1589 2245 1689 2316 τὴν
1723 2243 1842 2298 ποί-

249 2358 397 2410 μνην
422 2339 701 2408 ἑξώσειεν.
742 2340 924 2410 Ἐχων
963 2333 1058 2392 οὖν
1085 2338 1178 2392 τὸν
1201 2335 1298 2391 τοῦ
1334 2336 1472 2390 Θεοῦ
1503 2335 1672 2404 ἀμνὸν
1703 2335 1838 2406 Χρι-

247 2433 381 2486 στὸν
403 2433 498 2486 τὸν
521 2431 779 2502 ἀληθινὸν
807 2431 942 2486 Θεὸν
967 2429 1123 2502 ήμῶν
1153 2429 1291 2502 πρὸς
1325 2426 1690 2498 ποιμαντικὴν
1716 2429 1841 2480 ἐπι-

247 2525 350 2594 στή
359 2539 474 2594 μην
501 2523 810 2594 συνέριθον,
841 2525 938 2576 καὶ
967 2521 1274 2593 βακτηρίαν
1297 2519 1390 2573 τὸν
1416 2517 1582 2574 αὑτοῦ
1609 2515 1844 2588 σταυρὸν

246 2613 395 2686 πρὸς
427 2614 760 2686 ὀρθοτομίαν
803 2615 906 2686 τὴν
942 2614 1180 2684 ποίμνην
1220 2611 1556 2683 ἐρείδουσαν,
1598 2609 1672 2681 μὴ
1707 2611 1844 2663 ἀπο-

245 2703 462 2773 τρέπου
511 2705 611 2777 τὴν
651 2705 877 2775 κλῆσιν,
917 2705 1053 2776 μηδέ
1095 2703 1188 2757 τὸν
1232 2701 1439 2757 ἱκέσιον
1488 2701 1646 2772 ἡμῶν
1685 2700 1842 2770 λόγον

245 2794 512 2870 ἐλέγξῃς,
549 2799 626 2868 μή
669 2814 753 2850 σοι
788 2795 924 2868 πρὸς
961 2796 1094 2850 Θεὸν
1127 2797 1340 2866 μήνιμα
1362 2793 1625 2863 κ’γένηται.

1938 1800 2082 1854 οηιηί
2107 1801 2174 1854 ab
2195 1801 2338 1854 intus
2362 1799 2532 1870 gloria
2560 1801 2897 1855 circumdata
2934 1800 3026 1864 sit,
3051 1813 3443 1866 sacrarumque
3457 1813 3522 1850 ac

1942 1893 2334 1948 venerabilium
2385 1893 2681 1963 imaginum
2716 1891 2870 1947 vario
2903 1891 3104 1946 amictu
3131 1891 3448 1960 evangelica
3493 1905 3524 1942 e

1944 1985 2154 2040 ratione
2210 1983 2494 2040 ltonestata
2548 1985 2847 2053 splendeat.
2923 1983 3244 2038 Cavendum
3301 1990 3388 2036 est
3424 1996 3522 2036 uo-

1945 2075 2028 2130 llis
2056 2089 2121 2130 ne
2151 2076 2272 2144 quis
2291 2076 2542 2130 moechus
2569 2076 2813 2130 moribus
2837 2068 2985 2130 hanc
3010 2074 3113 2129 sibi
3147 2088 3267 2127 eam
3298 2073 3524 2139 despon-

1947 2165 2092 2227 deat,
2127 2165 2219 2234 qui
2271 2165 2550 2218 ltaereticae’
2590 2167 2644 2217 in
2689 2179 2754 2218 ea
2800 2162 3004 2218 sobolis
3053 2161 3261 2216 zizauia
3307 2174 3521 2223 serens,

1948 2265 2204 2305 verorum
2253 2250 2488 2305 liliorum
2537 2251 2655 2320 ejus
2704 2251 3169 2321 pulchritudinem
3209 2249 3524 2304 adulteret:

1950 2355 2015 2397 ac
2041 2341 2238 2396 blando
2263 2342 2384 2396 ovis
2407 2341 2607 2396 vellere
2631 2357 2820 2397 sanam
2853 2341 3122 2400 mentiens
3145 2339 3530 2404 ﬂdem,_incrc-

1951 2433 2194 2488 dulitatis
2225 2429 2402 2504 ‘atqne
2459 2434 2766 2489 diliideutire
2805 2433 2986 2501 lupum
3023 2424 3170 2486 intus
3213 2432 3394 2486 animo
3431 2429 3530 2485 de-

1948 2535 2116 2596 tegat,
2139 2525 2302 2595 inque
2325 2541 2548 2594 asperos
2577 2537 2790 2580 montes
2812 2543 2875 2579 ac
2899 2526 3036 2590 loca,
3065 2540 3183 2594 quze
3215 2538 3320 2577 non
3344 2522 3528 2576 visitat

1949 2616 2229 2680 Dominus,
2269 2631 2487 2684 gregem
2519 2615 2776 2685 expellat.
2810 2614 2948 2670 Cum
2991 2617 3160 2682 igitur
3195 2629 3392 2684 agnum
3432 2611 3528 2666 Dei

1943 2703 2248 2772 ChriStum,
2283 2721 2469 2760 verum
2494 2705 2664 2760 Deum
2701 2717 2974 2769 nostrmn,
3007 2703 3298 2774 pastoralis
3319 2701 3530 2772 peritiae

1945 2795 2248 2864 adJ'ltlorem
2277 2797 2504 2862 habeas,
2535 2797 2846 2866 pedumque
2869 2795 2988 2863 ejus
3015 2809 3254 2860 crucem,
3285 2808 3391 2864 qua
3427 2791 3530 2843 ful-

247 2889 374 2941 cias
400 2901 647 2954 gregem,
676 2897 732 2940 ut
786 2899 934 2942 recto
965 2886 1088 2941 ﬁdei
1125 2888 1342 2940 tramite
1391 2885 1644 2950 incedat;
1682 2901 1750 2941 ne
1796 2885 2141 2943 vocationem
2195 2903 2458 2958 respuas,
2511 2903 2649 2944 neve
2702 2888 3000 2960 supplicem
3033 2895 3277 2942 nostrain
3319 2883 3532 2940 oratio-

251 2993 382 3032 nem
417 2993 706 3048 spernens,
745 2979 838 3034 Dei
866 2980 918 3034 in
950 2989 1002 3034 te
1039 2979 1176 3034 iram
1205 2993 1506 3049 provocare
1525 2993 1844 3048 pracsumas.

323 3139 439 3204 κγ.
467 3135 529 3188 ὐ
549 3135 608 3188 δὲ
629 3139 750 3198 ταῖς
771 3135 869 3188 τοῦ
894 3133 1158 3205 βασιλέως
1184 3134 1510 3206 ὑποθήκαις,
1535 3128 1622 3189 οἶα
1651 3133 1845 3206 βολίσιν

2027 3136 2118 3192 25.
2152 3137 2246 3194 Ille
2276 3138 2626 3208 imperatoris
2654 3137 2874 3193 monitis
2901 3152 2964 3192 ac
2987 3137 3356 3200 documentis,
3385 3135 3531 3192 velut

252 3229 321 3282 ἐκ
362 3225 596 3298 καρδίας
629 3225 994 3296 πεμφθείσαις
1028 3227 1222 3290 τυπεὶς
1261 3227 1361 3295 τὴν
1402 3226 1665 3290 διάνοιαν,
1701 3226 1843 3296 ἔφη·

267 3317 434 3374 Ἀλλ’-
455 3318 606 3389 ἐμοὶ,
657 3318 822 3388 φησιν
844 3357 860 3383 ,
886 3313 933 3370 ὦ
961 3316 1216 3387 βασιλεῦ,
1260 3317 1500 3387 ποίμνης
1532 3316 1851 3368 ἐπιστατεῖν

203 3413 212 3424 '
254 3410 489 3479 λογικῆς
523 3393 733 3470 ἐκεῖνος
761 3407 912 3472 ἄξιος
945 3397 1367 3476 καταφαίνεται,
1399 3399 1445 3474 ᾧ
1481 3405 1648 3476 μηδὲν
1679 3407 1746 3475 τῇ
1779 3405 1849 3474 γῇ

253 3500 363 3553 καὶ
401 3497 560 3567 αὐτῷ
589 3496 1050 3568 πῳσῴικείωται,
1101 3495 1284 3564 αὐτῶν
1327 3495 1385 3549 δὲ
1424 3493 1534 3548 τῶν
1583 3493 1853 3565 οὐρανίων

256 3594 474 3666 ἀψίδων
507 3591 786 3664 μηδεμιᾶς
821 3589 1194 3661 κατασπώσης
1217 3592 1484 3662 σαρκικῆς
1521 3588 1656 3656 ὕλης
1686 3587 1852 3650 πόθος

252 3687 518 3758 ἀπλανὴς
537 3687 835 3754 ἐντέτηκεν
853 3683 1242 3755 ἐπιλήψεσθαι,
1255 3683 1313 3744 6;
1340 3683 1416 3753 μὴ
1443 3685 1563 3746 ταῖς
1583 3698 1854 3754 προφητι-

253 3780 382 3842 κῶς
412 3777 840 3848 ἀπειλουμέναις
859 3778 1021 3848 ἀραῖς
1046 3775 1190 3828 κατὰ
1210 3773 1319 3828 τῶν
1341 3773 1615 3844 ποιμένων
1638 3769 1853 3842 ἐδείχθη

255 3868 595 3932 ῡπεόθυνος·
621 3867 682 3932 δς
711 3869 780 3938 τῇ
802 3865 898 3920 τοῦ
949 3867 1368 3938 Ἀρχιποίμενος
1401 3865 1494 3919 καὶ
1527 3866 1689 3935 μόνου
1729 3863 1856 3934 Ἀρ-

255 3961 502 4032 χιερέως
552 3959 792 4030 Χριστοῦ
845 3957 1079 4030 μιμήσει
1125 3959 1268 4027 ὑπὲρ
1321 3957 1420 4028 τῆς
1472 3955 1707 4026 ποίμνης
1755 3954 1856 4026 τὴν

258 4049 468 4105 ἐαυτοῦ
493 4051 674 4121 ψυχὴν
700 4049 1039 4120 προήσεσθαι
1073 4049 1379 4118 πρόθυμος·
1417 4047 1476 4112 6;
1519 4048 1594 4118 μὴ
1625 4047 1764 4116 πρὸς
1795 4045 1856 4098 τὸ

260 4141 423 4194 θύειν
469 4141 570 4192 καὶ
610 4138 904 4193 ἀπολλύειν
952 4137 1304 4209 κλοπιμαίοις
1349 4131 1856 4198 διδασκαλίαιςδιὰ

256 4234 367 4304 τῆς
407 4231 730 4302 παραθύρου
759 4233 827 4305 τῇ
866 4231 1082 4304 μάνδρεξ⁹
1111 4233 1213 4302 τῆς
1262 4229 1590 4302 Ἐκκλησίας
1622 4227 1857 4298 ἐπέρχε-

257 4340 386 4386 ται,
424 4321 562 4392 πρὸς
589 4322 650 4376 τὸ
678 4319 967 4386 ζωοποιεῖν
996 4321 1052 4374 δὲ
1081 4321 1174 4375 καὶ
1200 4319 1395 4385 σώζειν
1416 4320 1509 4372 καὶ
1540 4320 1598 4371 ἐν
1616 4322 1727 4381 τοῖς
1755 4319 1857 4388 τῆς

259 4415 515 4475 πίστεως
539 4414 725 4482 σηκοῖς
753 4413 1020 4483 ἐγκισσᾷν
1043 4411 1112 4465 τὰ
1135 4411 1430 4482 θρέμματα
1455 4409 1854 4481 μεμελέτηκεν,

1947 3227 2146 3299 jaculis
2162 3243 2228 3284 ex
2251 3229 2417 3283 corde
2443 3227 2726 3297 profectis,
2757 3215 2942 3281 animo
2972 3229 3192 3282 saucius
3223 3244 3236 3281 :
3272 3227 3340 3280 At
3373 3227 3529 3287 mihi,

1953 3320 2150 3389 inquit,
2195 3319 2519 3390 imperator,
2554 3319 2602 3374 is
2641 3319 2856 3374 demum
2895 3319 3090 3388 dignus
3148 3318 3387 3384 videtur,
3438 3319 3529 3384 qni

1953 3412 2100 3480 gregi
2136 3412 2382 3466 rationali
2417 3411 2768 3481 praeﬁciatur,
2805 3412 2892 3465 cui
2919 3425 3040 3466 cum
3079 3411 3310 3465 terrenis
3339 3423 3532 3463 ncces-

1954 3504 2138 3558 situdo
2175 3503 2321 3558 nulla
2367 3504 2689 3565 intercedit;
2718 3511 2774 3556 et
2803 3502 2892 3555 cui
2933 3501 3187 3556 cmlesles
3231 3514 3363 3554 axes
3397 3513 3532 3552 con-

1955 3595 2216 3662 sequendi
2259 3594 2407 3648 nullo
2459 3591 2668 3647 carnali
2716 3589 2912 3645 aﬂectu
2961 3589 3294 3652 retrahente,
3347 3599 3534 3642 certus

1956 3700 2109 3740 amor
2145 3685 2328 3740 animo
2377 3683 2514 3738 ﬁxus
2561 3691 2646 3737 est
2678 3698 2693 3736 :
2729 3681 2820 3750 qui
2873 3681 3010 3735 diris
3062 3681 3169 3735 illis
3217 3679 3534 3750 prophetico

1957 3773 2096 3828 ore“
2130 3773 2394 3828 adversus
2445 3779 2693 3841 pastores
2759 3770 3060 3848 intentatis,
3117 3769 3531 3838 ltaudtpiaquaut
3614 3759 3621 3771 ’

1956 3865 2225 3920 obnoxius
2262 3864 2634 3934 deprehensus
2681 3871 2766 3916 est
2801 3876 2817 3916 :
2852 3863 2946 3931 qui
2996 3859 3200 3914 Christi
3253 3869 3532 3930 pastorum

1959 3957 2224 4027 principis
2252 3938 2532 4024 solitusque
2554 3956 2826 4025 pontiﬁcis
2850 3951 3098 4020 exemplo
3121 3954 3356 4006 animam
3381 3965 3532 4005 suam

1958 4063 2056 4119 pro
2077 4062 2238 4118 grege
2260 4047 2472 4101 tradere
2500 4055 2723 4115 paratus
2749 4045 2908 4100 est’:
2941 4045 3030 4112 qui
3063 4059 3168 4096 non
3192 4043 3257 4097 ad
3286 4051 3532 4096 mactan-

1959 4142 2087 4195 dum
2143 4151 2308 4208 atque
2369 4139 2705 4210 perdendum
2765 4151 2862 4206 per
2927 4135 3158 4189 furtivas
3227 4133 3536 4196 doctrinas,

1959 4231 2178 4286 aliunde
2227 4246 2388 4300 quam
2433 4244 2530 4296 per
2583 4229 2782 4284 ostium
2832 4225 3135 4296 ingreditur
3171 4224 3224 4276 in
3275 4223 3536 4276 Ecclesia:

1960 4321 2100 4376 ovile
2137 4337 2152 4375 :
2188 4321 2280 4390 qui
2319 4335 2484 4373 unum
2514 4318 2616 4392 hoc
2639 4324 2871 4392 spectet,
2901 4323 2960 4368 ut
2987 4311 3291 4386 det-vitam,
3327 4321 3539 4365 servet-

1962 4428 2068 4483 que
2119 4425 2334 4482 gregem
2391 4391 2740 4467 incolumem,
2797 4415 2852 4460 et
2904 4405 2956 4458 in
3007 4403 3130 4458 ﬁdei
3181 4401 3352 4457 caulis
3408 4415 3539 4456 oves

257 4507 324 4569 ὃς
360 4471 510 4575 πρὸς
537 4471 645 4557 πὲν
673 4471 806 4575 ἦοόέ
835 4519 896 4556 τε
931 4471 1023 4556 κὲιι
1053 4471 1202 4574 βῆμᾷ
1235 4471 1328 4556 kal".
1359 4471 1576 4573 βλέξιεὶα
1606 4471 1845 4556 xui-em.

1964 4505 2130 4560 faciat
2153 4503 2419 4558 fetiﬁcare
2451 4519 2465 4556 :
2493 4501 2584 4573 qui
2613 4501 2682 4555 ad
2712 4515 2930 4557 omnem
2963 4497 3198 4553 indolem
3227 4509 3538 4564 moresque,

255 4595 524 4666 τήδευμα
548 4591 657 4645 τῶν
684 4592 1130 4662 ποιμαινομένων
1158 4591 1442 4663 μερίζεται
1471 4591 1566 4644 καὶ
1593 4591 1730 4661 πρὸς
1757 4588 1856 4661 τήν

257 4687 512 4741 ἑκάστου
546 4683 848 4755 θεραπείαν
877 4687 1266 4755 ποιμαντικαῖς
1297 4683 1549 4754 φροντίσι
1581 4682 1858 4736 ποικίλλε-

253 4794 388 4840 ται,
429 4777 496 4846 τῇ
531 4774 630 4844 μὲν
659 4773 935 4846 βακτηρία
979 4773 1040 4827 τὸ
1077 4772 1258 4828 πλεῖον
1295 4771 1472 4836 διδοὺς
1505 4773 1856 4844 ὲπαναγούσῃ

257 4868 369 4922 καὶ
397 4865 768 4938 ὁπερειδούσῃ
809 4864 908 4918 τοῦ
951 4865 1264 4934 πτώματος,
1294 4862 1451 4931 ὀλίγα
1486 4861 1543 4914 δὲ
1569 4865 1635 4934 τῇ
1677 4863 1860 4936 ῥάϐδῳ

255 4957 762 5033 προ[σ]χρώμενος
794 4955 1062 5028 ἀπλήγως
1096 4955 1410 5028 πληττοόσῃ
1435 4955 1530 5008 καὶ
1561 4957 1744 5026 πάσης
1768 4958 1861 5011 ἀν-

257 5053 567 5116 τιπαθείας
587 5051 838 5124 τηροόσῃ
861 5052 951 5105 τὸν
979 5050 1104 5106 νοῦν
1125 5051 1544 5122 ἀπαράτρωτον.
1568 5051 1713 5122 Πρὸς
1738 5050 1862 5104 τοῦ·

258 5165 367 5202 ταν
393 5146 784 5217 ἀπαράσκευος
815 5145 1104 5216 τυγχάνων
1135 5143 1245 5213 ἐγὼ
1273 5145 1364 5197 τὸν
1395 5145 1652 5214 πόλεμον,
1689 5147 1860 5214 ἐμαυο

258 5241 371 5296 τὸν
400 5241 650 5296 καθεῖναι
688 5239 751 5292 οὐ
777 5237 1036 5310 βούλομαι
1079 5237 1216 5312 πρὸς
1249 5237 1514 5308 ἁοράτους
1547 5238 1640 5291 καὶ
1680 5237 1863 5290 ἀδιαλ·

219 5319 236 5330 ’
259 5347 295 5398 λ
312 5335 514 5399 inoo;
535 5334 634 5387 καὶ
657 5331 1035 5396 ἀδιαλείπτους
1067 5329 1586 5402 παρατεταγμένους
1613 5329 1860 5394 ὁπλίτας.

353 5589 370 5619 ⁷
405 5596 428 5654 ι
457 5594 590 5654 Cor.
619 5611 699 5665 ix,
731 5596 826 5655 ‘26.
868 5593 891 5624 ⁸⁸
921 5592 1032 5649 Jer.
1061 5605 1224 5668 nni,
1261 5591 1310 5648 ι.
1387 5591 1408 5623 ⁹
1441 5589 1597 5644 Ιοιιιι.
1628 5605 1680 5656 x,
1729 5590 1815 5643 ll.

1965 4613 2232 4669 gressum,
2257 4605 2560 4665 aspectum,
2591 4594 2833 4649 studium
2870 4592 3212 4648 subditorum
3245 4590 3544 4652 semetipso

1967 4687 2190 4752 dividat,
2215 4693 2380 4755 atque
2409 4684 2476 4738 ad
2507 4683 2843 4760 singulorum
2878 4697 3064 4736 curam
3099 4679 3358 4748 pastorali
3387 4675 3540 4731 solli-

1967 4777 2210 4833 citudine
2255 4776 2437 4832 varius
2481 4774 3004 4844 suique~dissimilis
3056 4773 3147 4826 iiat
3181 4770 3374 4840 :cujus
3421 4769 3541 4839 pedi

1969 4869 2145 4939 potior
2175 4884 2304 4924 usus
2347 4868 2416 4922 sit
2445 4876 2502 4922 ut
2529 4867 2803 4930 emendet,
2853 4869 3016 4934 atque
3047 4878 3076 4917 a
3111 4863 3262 4934 lapsu
3314 4862 3548 4931 benigno

1968 4961 2157 5016 fulciat
2189 4979 2204 5015 :
2235 4959 2412 5014 rarius
2460 4967 2645 5012 autem
2679 4971 2745 5011 eo
2781 4965 2965 5010 utatur
3003 4955 3069 5008 ad
3123 4953 3544 5016 vulnerandum,

1969 5051 2221 5122 quamvis
2265 5050 2485 5104 innoxie
2519 5062 2618 5120 pro
2645 5047 2824 5102 anima
2878 5045 3250 5102 conservanda
3283 5062 3297 5098 :
3325 5043 3414 5112 qui
3453 5046 3548 5096 de-

1975 5145 2140 5214 nique
2165 5144 2332 5199 nullis
2362 5141 2672 5197 diffidentia:
2694 5141 3218 5209 contrariorumque
3254 5133 3541 5190 allectuum

1973 5237 2298 5292 vulneribus
2329 5244 2532 5306 pateat.
2561 5233 2638 5289 Ad
2669 5237 2770 5291 lioc
2805 5235 2990 5306 itaque
3016 5233 3217 5290 bellum
3241 5246 3362 5285 cum
3400 5223 3546 5279 rudis

1975 5329 2078 5386 sim
2115 5339 2169 5386 et
2197 5330 2513 5399 imparatus,
2553 5327 2676 5386 nolo
2709 5329 2824 5400 ipse
2860 5344 2944 5384 me
2975 5327 3028 5384 in
3060 5324 3382 5386 invisibi‘es,
3407 5320 3550 5391 iugi-
