4022 6218
407 251 468 315 τι
1381 229 1449 292 s.
1490 234 1909 295 NICEPHORI
1947 234 1967 294 1

2072 234 2458 298 PRIARCHE
2492 237 2581 297 CP
3571 235 3648 301 7!

380 344 732 415 ausplexi'vel
761 343 1084 424 amplexari,
1115 357 1398 400 sacrarum
1429 345 1699 414 virginum
1729 345 1798 416 (ε)
1830 344 1961 398 :edi-

2072 361 2255 417 μενοι,
2291 346 2324 418 ἢ
2375 349 2473 402 καὶ
2513 345 2734 400 ἑλέσθαι
2788 344 3116 417 εὐξάμενοι,
3171 345 3446 416 προῃάτει
3479 345 3648 417 δῆθεν

384 438 486 494 bus
515 438 693 492 vicina
737 436 1068 492 monasteria
1104 437 1433 489 ustrueuda
1467 436 1569 489 sibi
1603 443 1954 505 putaverant,

384 531 622 598 quodam
656 529 738 584 rel
767 529 1046 583 alltnitatis
1080 528 1278 581 intuitu
1301 527 1381 580 vel
1410 526 1638 581 alterius
1669 527 1955 595 cujusdam

385 620 808 676 necessitudinis
847 629 1094 688 respectu
1127 618 1369 673 adducti.
1402 618 1472 672 Et
1505 618 1556 672 hi
1581 618 1804 686 quidem
1841 635 1960 672 ma-

385 711 646 768 nifestum
675 727 796 767 cum
819 711 1022 766 eisdem
1043 708 1462 764 contubernium
1495 709 1638 764 haud
1671 709 1962 764 difficulter

384 819 619 867 cavere,
677 802 1037 871 suspicionem
1090 808 1271 854 tamen
1327 798 1566 870 effugere
1614 798 1962 866 cogitationis

383 895 611 950 occulta:
660 895 883 948 omnino
919 893 1092 947 vitare
1139 908 1244 949 non
1279 903 1556 960 poterant.
1591 890 1764 946 Erant
1813 892 1958 946 enim

384 988 492 1043 illis
525 985 705 1042 omnia
736 985 1069 1049 communia,
1103 992 1216 1038 tum
1247 983 1474 1053 praedia,
1503 991 1614 1037 tum
1649 983 1960 1047 facultates,

384 1092 542 1133 secus
595 1088 756 1146 plane
803 1090 865 1129 ac
907 1076 974 1129 de
1023 1075 1274 1128 ﬁdelibus
1309 1075 1585 1144 quondam
1640 1081 1958 1141 nSurpatum

383 1169 582 1224 fuerat.
622 1168 702 1222 llli
738 1181 974 1236 namque
1007 1165 1266 1234 praeclara
1317 1181 1498 1219 rerum
1528 1163 1877 1218 abdicatione
1908 1163 1960 1216 id

385 1260 782 1330 praeoptabaut,
813 1259 956 1328 quod
1005 1274 1296 1312 commune
1333 1266 1452 1312 erat
1487 1272 1501 1310 :
1536 1257 1626 1312 hic
1659 1272 1790 1312 vero
1819 1255 1960 1310 mala

381 1352 624 1406 omnium
660 1351 1044 1406 eonuuuuioue
1076 1349 1240 1405 fiebat
1274 1365 1340 1404 ne
1371 1351 1469 1402 ista
1514 1348 1616 1402 rite
1640 1348 1964 1404 abdicaren—

386 1455 512 1512 tur;
544 1453 773 1513 eratque
807 1428 1051 1513 princelsi
1097 1443 1336 1496 instituti
1385 1441 1639 1496 confusio
1677 1442 1960 1510 quaedam,

384 1551 556 1606 usque
605 1539 743 1589 adeo
787 1543 845 1588 ut
879 1550 1000 1604 qua:
1049 1535 1422 1604 virginitatem
1482 1532 1729 1602 professa
1790 1541 1960 1598 esset,

384 1629 600 1682 cunctis
631 1627 802 1696 stupri
829 1635 1084 1695 suspecta
1113 1627 1424 1680 haberetur.
1455 1624 1578 1680 Haec
1598 1626 1781 1694 itaque
1811 1639 1964 1677 meus

387 1715 474 1770 il’a
502 1715 794 1784 purissima
835 1728 1022 1769 secum
1051 1714 1434 1779 considerans,
1471 1714 1614 1767 nulla
1643 1713 1965 1782 interposita

388 1821 540 1860 mora
572 1806 836 1877 providit,
874 1819 939 1859 ne
969 1805 1195 1859 omnino
1227 1821 1414 1860 casum
1458 1805 1698 1874 aliquem
1744 1805 1967 1859 induce-

388 1906 477 1952 ret-
511 1896 716 1950 malum
778 1895 1169 1964 periculosum,
1209 1896 1374 1965 inque
1415 1906 1628 1965 turpem
1687 1895 1966 1949 libidinem

385 1991 614 2046 affectus
661 2000 997 2059 erumperet.
1051 1985 1243 2058 Itaque
1280 1989 1594 2058 apostolica
1635 1988 1970 2044 auctoritate

387 2089 569 2144 utens,
599 2078 846 2132 addictos
878 2076 956 2131 illi
985 2078 1296 2146 episcopos,
1326 2089 1376 2130 et
1412 2078 1502 2146 qui
1535 2076 1772 2132 Pltinees
1801 2092 1968 2132 mtuu-

388 2173 644 2225 latiouem
681 2170 866 2224 animo
899 2169 1120 2222 infixam
1155 2171 1442 2235 haberent,
1471 2171 1575 2224 sibi
1602 2169 1803 2240 delegit
1832 2185 1970 2240 pfiB°

385 2277 554 2318 coues
587 2261 720 2331 :qui
761 2260 991 2316 subinde
1041 2258 1196 2314 missi
1229 2273 1336 2327 quo
1385 2274 1522 2328 opus
1551 2267 1670 2314 erat
1698 2259 1967 2313 canonico

383 2356 621 2426 pugione
652 2353 827 2408 morbi
859 2351 1012 2408 nefas
1047 2359 1502 2421 compungereut,
1531 2360 1696 2420 atque
1723 2349 1969 2404 admoni-

391 2449 532 2502 toria
592 2445 892 2502 lenitudine
957 2444 1216 2499 sisterent
1272 2442 1678 2512 contagionem.
1733 2439 1795 2494 lli
1839 2455 1970 2510 ergo

388 2550 830 2608 quaquaxersum
871 2533 1130 2604 profecti,
1161 2533 1249 2588 ubi
1285 2533 1332 2586 is
1365 2533 1586 2588 morbus
1636 2533 1965 2596 increverat,

390 2645 457 2686 ac
499 2629 812 2684 Salubribus
860 2634 1167 2696 opportune
1203 2623 1284 2679 usi
1337 2624 1596 2679 remediis
1621 2664 1637 2690 ,
1667 2626 1968 2679 obscenum

390 2721 588 2775 vulnus
623 2731 682 2772 ut
723 2717 1111 2780 obduceretur,
1166 2717 1349 2772 studio
1398 2715 1746 2770 effecerunt:
1781 2715 1968 2784 procul

389 2826 420 2864 a
451 2810 582 2863 viris
613 2817 982 2878 _scgregantes
1047 2805 1378 2861 feminarum
1423 2805 1786 2860 contubernio
1821 2804 1970 2860 addi-

391 2906 510 2953 etas
545 2897 838 2960 aediculas,
880 2904 935 2950 et
979 2909 1076 2950 eas
1125 2910 1309 2948 rerum
1341 2896 1776 2948 necessariarum
1811 2895 1967 2965 copia

2062 439 2385 510 ἀγχιστείας
2411 439 2446 510 ἢ
2476 439 2573 493 καὶ
2602 439 2700 509 τῆς
2725 437 2892 509 ἄλλης
2936 438 3046 491 τῶν
3092 437 3375 508 ὀνομάτων
3405 438 3646 508 εὐνοίας,

2063 530 2192 598 ἄγχι
2220 547 2294 600 πη
2326 527 2436 583 τῶν
2457 527 2822 601 παρθενώνων
2851 527 2922 582 ea:
2955 527 3169 582 ἑαυτῶν
3211 529 3646 600 καταπηγνύναι

2061 619 2172 673 δεῖν
2199 620 2459 693 ᾠήθησαν
2488 621 2934 693 ἁσκητήρια,την
2959 620 3062 692 μὲν
3090 621 3359 692 πρόδηλον
3382 602 3658 690 συνοίκηέ

2065 729 2150 765 σιν
2179 711 2496 782 φεύγοντες,
2521 711 2619 782 τὴν
2648 713 2712 764 ἐκ
2735 710 2848 764 τῶν
2873 709 3158 780 λογισμῶν
3189 711 3247 764 δὲ
3283 697 3638 779 σύγκατάθε-

2065 821 2148 858 σιν
2173 805 2458 878 διαδρᾶναι
2481 803 2762 868 παντελῶς
2783 804 2846 856 οὐ
2863 798 3290 872 δυνάμενοι.Ἦν
3313 804 3424 875 γὰρ
3453 805 3648 868 αὐτοῖς

2063 897 2244 952 πάντα
2267 897 2422 951 κοινά
2441 897 2535 950 καὶ
2567 897 2829 966 κτήματα
2857 895 2950 950 καὶ
2981 895 3269 966 ὑπάρξεις,
3299 895 3570 960 ἐναντίως
3601 898 3639 969 ἢ

2062 989 2124 1048 τὸ
2151 988 2282 1058 περὶ
2309 988 2419 1042 τῶν
2443 989 2812 1041 πιστευόντων
2843 986 3010 1040 πάλαι
3044 986 3647 1056 λεγόμενον.Ἐκείνοις

2067 1077 2168 1150 μὲν
2199 1077 2309 1150 γὰρ
2340 1079 2397 1131 ἐν
2427 1077 2506 1148 τῷ
2536 1077 2716 1148 καλῶς
2742 1077 3088 1131 ἀποκτᾶσθαι
3117 1076 3186 1130 τὰ
3219 1077 3350 1130 ὄντα
3375 1077 3438 1130 τὸ
3462 1077 3648 1131 κοινὸν

2066 1169 2491 1240 προύτετίμητο,
2529 1167 2768 1222 ἐνταῦθα
2797 1168 2854 1222 δὲ
2877 1168 2956 1240 τῷ
2984 1170 3053 1223 τὰ
3084 1169 3267 1222 πάντα
3293 1168 3485 1231 κακῶς
3523 1185 3651 1222 κοι-

2063 1260 2290 1315 νοῦσθαι
2321 1261 2382 1314 τὸ
2414 1261 2489 1337 μὴ
2520 1258 2862 1314 ἁποκτᾶσθαι
2895 1259 3076 1323 καλῶς
3111 1260 3649 1331 ἐπεπραγμάτευτοο

2065 1353 2160 1406 καὶ
2180 1348 2249 1424 ἦν
2283 1351 2546 1421 σύγχυσίς
2569 1368 2654 1414 τις
2682 1349 2777 1404 τοῦ
2815 1349 3160 1421 ὑψηλοτάτου
3191 1350 3308 1420 βίου
3331 1390 3348 1416 ,
3393 1351 3491 1404 καὶ
3533 1352 3653 1414 πᾶς

2064 1445 2210 1508 ὅστις
2246 1444 2303 1496 ἐν
2347 1443 2556 1514 ὑποψίᾳ
2601 1441 2862 1512 πορνείας
2891 1443 2953 1496 τὸ
2995 1441 3098 1510 τῆς
3141 1441 3446 1514 παρθενίας
3492 1439 3649 1514 εῐχεν

2069 1534 2419 1606 ἐπάγγελμα.
2461 1535 2639 1588 Τοῦτο
2687 1535 2906 1588 σκοπῶν
2937 1534 3145 1598 ἐκεῖνος
3189 1535 3218 1586 ὁ
3251 1532 3651 1606 καθαρώτατος

2067 1629 2214 1692 νοῦς,
2246 1629 2508 1698 οὐδεμίαν
2533 1613 2847 1698 παράτασιν
2873 1625 3135 1696 χρονικὴν
3165 1625 3483 1692 ὑπέμεινεν,
3505 1625 3540 1695 ἢ
3569 1624 3655 1695 τῷ

2067 1721 2325 1789 πτώματι
2347 1719 2605 1774 ἐνδέδωκε
2637 1717 2896 1773 παντελεῖ
2917 1717 3296 1790 περιπαρῆναι
3323 1715 3518 1788 κηλίδα
3549 1716 3654 1772 καὶ

2067 1811 2338 1880 ἐξοκεῖλαι
2393 1810 2532 1882 πρὸς
2573 1809 2916 1881 ἡδυπαθείας
2961 1808 3293 1879 ἐμπάθειαν.
3366 1808 3529 1864 Ἀλλά
3575 1810 3651 1882 τῇ

2067 1904 2402 1975 ἀποστολικῇ
2441 1903 2704 1974 αὐθεντία
2733 1902 3105 1974 χρησάμενος,
3131 1901 3263 1965 τοὺς
3291 1899 3387 1953 ἐπὶ
3418 1900 3644 1972 φυλαγῇ

2067 1998 2270 2068 ταύτης
2327 1995 2576 2067 ὁρῶντας
2624 1994 2723 2048 καὶ
2778 2001 2869 2048 τον
2897 1990 3084 2056 Φινεὲς
3139 1992 3302 2062 ζῆλον
3354 1991 3651 2063 ἐγκάρδιον

2067 2093 2289 2163 ἔχοντας
2318 2089 2597 2159 ἀρχιερεῖς
2636 2083 3076 2156 ἀπολεξάμενος,
3122 2084 3200 2148 ὼς
3239 2084 3336 2137 ἐπὶ
3381 2083 3644 2154 δεύτερον

2066 2180 2417 2251 ἐξαπέστειλε
2437 2180 2726 2250 κήρυγμα,
2753 2175 2815 2230 τὸ
2845 2175 2942 2229 τοῦ
2961 2174 3166 2238 πάθους
3193 2173 3525 2244 ἐκκεντῆσαι
3545 2177 3651 2244 μῦ-

2070 2291 2160 2338 σος
2180 2272 2258 2344 τῷ
2279 2271 2556 2342 κακονικῷ
2575 2268 2936 2346 σειρομάστη,
2959 2267 3055 2321 καὶ
3078 2269 3273 2337 στῆσαι
3299 2265 3400 2338 τὴν
3417 2264 3654 2336 θραῦσιν

2066 2362 2155 2416 διὰ
2191 2362 2294 2430 τῆς
2323 2359 2719 2430 παραινετικῆς
2751 2357 3068 2423 ἐξιλάσεως.
3096 2355 3160 2408 Ol
3195 2353 3254 2408 δὲ
3281 2353 3426 2408 κατά
3454 2352 3646 2422 πάσης

2067 2451 2168 2522 τῆς
2195 2451 2338 2506 οὕτω
2370 2449 2637 2520 νοσούσης
2669 2449 3006 2518 οἰκουμένης
3037 2445 3324 2517 γενόμενοι
3352 2485 3368 2510 ,
3397 2445 3493 2497 καὶ
3515 2445 3653 2507 ,τοῖς

2071 2543 2361 2614 σωτηρίοις
2391 2541 2711 2614 φαρμάκοις
2737 2538 3014 2609 εὐκαίρως
3045 2537 3420 2609 χρησάμενοι,
3457 2534 3521 2589 τὸ
3547 2533 3652 2589 τοῦ

2073 2635 2343 2707 μώλωπος
2370 2618 2634 2697 δύσαντες
2666 2633 2748 2696 είς
2775 2629 3109 2686 συνούλωσιν
3170 2628 3464 2684 συνελάσαι
3510 2646 3654 2684 κατ·
3711 2621 3719 2625 ’

2072 2725 2347 2778 έσπευσαν
2388 2739 2402 2754 ·
2457 2723 2648 2794 πόρρω
2698 2721 2799 2794 μὲν
2849 2720 3062 2790 ἀνδρῶν
3109 2720 3210 2792 τὴν
3262 2721 3657 2791 γυναικωνῖτιν

2067 2819 2280 2872 δίαιταν
2310 2815 2708 2888 ἀφορίσαντες,
2765 2814 2862 2868 καὶ
2913 2813 3152 2885 ἀφθονίᾳ
3179 2813 3292 2867 τῶν
3328 2812 3656 2882 ἐπιτηδείων

2071 2904 2524 2975 ἐπιτειχίσαντες,
2544 2902 2620 2965 ὡς
2643 2901 2709 2955 ἂν
2730 2902 2806 2974 μὴ
2827 2904 2894 2972 τῇ
2917 2899 3124 2954 τούτων
3147 2899 3328 2970 ἐνδείᾳ
3355 2900 3657 2965 πιέζοιντο,

391 2989 606 3043 abunde
656 2989 1012 3051 instruentes,
1071 3000 1142 3040 ne
1178 2986 1394 3038 illarum
1444 2986 1675 3054 penuria
1747 2987 1967 3040 occasio

2074 2999 2166 3051 καὶ
2203 2995 2504 3072 ἀκολασίας
2555 2993 2858 3064 ὑπόμνημα
2885 2992 3134 3064 δέχοιντο
3159 3031 3176 3058 ,
3212 2991 3312 3046 καὶ
3337 2992 3550 3061 γένοιτο
3583 2991 3658 3044 τά

392 3080 526 3151 ipsis
573 3079 712 3134 foret
761 3077 994 3134 luxuria:
1027 3077 1082 3132 in
1115 3078 1437 3132 memoriam
1481 3079 1820 3138 revocandae,
1877 3078 1972 3132 fie-

391 3182 628 3241 reutque
658 3169 958 3224 novissima
992 3168 1174 3237 priore
1201 3167 1291 3220 illa
1325 3152 1740 3229 consociatione,
1765 3168 1968 3238 pejora.

397 3261 551 3318 Viros
593 3269 772 3316 autem
811 3261 877 3315 ad
923 3269 1182 3316 consueta
1238 3258 1482 3328 ipsorum
1537 3260 1724 3313 munia
1752 3275 1816 3314 ac
1850 3276 1960 3314 mo-

393 3353 656 3417 nasteria,
687 3362 780 3406 aut
827 3352 1008 3422 potius
1051 3352 1117 3405 ad
1160 3351 1436 3406 iuternam
1491 3351 1755 3422 cujusque
1802 3351 1970 3408 animi

391 3461 582 3500 curatn
637 3444 1047 3513 ablegaverunt,
1093 3443 1175 3498 eis
1207 3445 1523 3507 suadentes,
1555 3451 1613 3496 ut
1647 3453 1904 3512 tanquam
1939 3460 1968 3497 a

392 3551 578 3590 morsu
636 3535 846 3591 colubri
894 3550 922 3589 a
975 3535 1304 3590 feminarum
1378 3534 1628 3590 convictu
1686 3533 1968 3606 fugerent,

392 3643 462 3683 ne
542 3627 669 3698 quis
737 3642 834 3696 per
891 3625 1283 3697 cogitationum
1353 3625 1580 3693 januam
1649 3623 1971 3680 libidinosus

393 3733 699 3773 consensus
749 3718 1095 3782 subiutrans,
1144 3715 1330 3770 animo
1385 3716 1550 3769 telum
1601 3716 1853 3786 infigeret
1906 3733 1971 3772 ac

393 3809 686 3864 sauciaret.
743 3807 896 3862 lluuc
941 3809 994 3861 in
1045 3807 1265 3861 modum
1323 3807 1410 3860 isti
1472 3806 1745 3861 castitatis
1804 3806 1972 3862 duces

393 3914 610 3956 onmem
651 3913 840 3952 curam
884 3912 1044 3951 sacro
1091 3897 1484 3952 monachorum
1538 3897 1690 3966 gregi
1732 3899 1972 3966 regendo

395 3993 740 4053 adhibentes,
781 3989 944 4044 utiles
970 3989 1053 4043 sui
1084 3987 1268 4058 aperis
1321 4001 1534 4042 merces
1559 4001 1683 4042 cum
1716 3986 1972 4042 laudabili

393 4084 584 4142 fenore
614 4082 757 4154 apud
791 4090 1068 4152 pastorum
1111 4079 1414 4151 principem
1469 4077 1770 4134 incolumes
1822 4092 1972 4134 rece~

397 4187 611 4249 perunt.

464 4271 556 4327 28.
589 4268 738 4336 Quin
761 4269 927 4323 etiam
970 4267 1384 4337 quibuscunque
1416 4263 1470 4317 in
1507 4261 1735 4320 urbibus
1783 4263 1970 4333 vigen-

2074 3087 2276 3158 ἔσχατα
2299 3085 2469 3157 χείρω
2499 3084 2598 3156 τῆς
2627 3081 2855 3154 πρώτης
2894 3080 3075 3135 αὐτῶν
3110 3081 3468 3144 συναλίσεως.
3505 3081 3658 3153 Πρὸς

2071 3179 2129 3234 δὲ
2153 3178 2218 3232 τὰ
2246 3175 2458 3232 ἑαυτῶν
2489 3176 2598 3248 ἢθη
2621 3191 2683 3228 τε
2716 3175 2812 3232 καὶ
2841 3173 3179 3245 ἀσκητήρια,
3212 3173 3414 3244 μᾶλλον
3432 3173 3490 3226 δὲ
3521 3173 3663 3242 πρὸς

2069 3271 2140 3324 τά
2165 3269 2264 3340 τῆς
2295 3269 2528 3322 ἑκάστου
2551 3264 2734 3336 ψυχῆς
2761 3264 3121 3336 αἰσθητήρια,
3142 3263 3273 3328 τοὺς
3289 3261 3488 3338 ἄνδρας
3541 3262 3662 3316 ἁπ-

2072 3357 2322 3432 έκριναν,
2383 3359 2478 3414 καὶ
2519 3350 2907 3430 προτροπάδην
2939 3354 3166 3426 φεύγειν
3216 3356 3295 3419 ὼς
3335 3357 3401 3408 ἐκ
3447 3353 3662 3423 δήξεως

2071 3454 2250 3522 ὄφεως
2276 3451 2378 3523 τὴν
2404 3449 2514 3504 τῶν
2560 3447 3208 3518 γυναικῶν.κατέπεισαν
3255 3447 3656 3514 συνδιαίτησιν,

2077 3547 2275 3618 μήπως
2311 3543 2402 3598 διὰ
2429 3542 2530 3614 τῆς
2555 3541 2666 3594 τῶν
2693 3539 2971 3611 λογισμῶν
2994 3539 3214 3610 θυρίδος
3241 3541 3275 3610 η
3307 3539 3416 3592 τῶν
3448 3538 3662 3610 ἡδονῶν

2073 3635 2478 3708 συγκατάθεσις
2531 3633 2949 3706 παρακύψασα,
3010 3631 3168 3704 βέλος
3215 3631 3496 3700 ἐπαφήσοι
3555 3633 3660 3685 καὶ

2071 3729 2276 3802 τρῶσιν
2317 3727 2560 3798 ψυχικὴν
2604 3725 2977 3796 ἐνεργάσοιτο.
3011 3723 3171 3779 Οὕτω
3200 3724 3299 3796 τῆς
3344 3724 3497 3794 ἱερᾶς
3545 3723 3660 3778 τῶν

2075 3809 2428 3892 μονοτρόπων
2450 3817 2653 3888 ἀγέλης
2678 3821 2727 3872 οἱ
2755 3817 2857 3888 τῆς
2885 3817 3246 3889 σωφροσύνης
3271 3815 3450 3871 κτίλοι
3479 3819 3665 3889 ἐμμε-

2071 3916 2180 3981 λῶς
2205 3917 2548 3987 ἡγησάμενοι
2570 3955 2586 3980 ,
2611 3913 2682 3968 τά
2709 3901 3020 3986 ψυχοκερδῆ
3044 3914 3141 3984 τῆς
3169 3913 3439 3985 ἐργασίας
3476 3913 3665 3967 αὐτῶν

2069 4008 2471 4080 ἐμπορεύματα
2507 4008 2604 4060 σὺν
2633 4003 3014 4076 ἐπαινουμένῳ
3040 4004 3188 4075 τόκῳ
3221 4004 3361 4075 πρὸς
3393 4003 3485 4059 τὸν
3531 4004 3664 4077 Ἃρ·

2073 4100 2368 4170 χιποίμενα
2405 4095 2756 4152 διεσώσαντο.

2145 4285 2252 4348 κη’.
2297 4276 2459 4331 Ἀλλά
2491 4276 2557 4348 δὴ
2584 4276 2679 4330 καὶ
2701 4277 2782 4339 είς
2815 4276 2996 4330 πᾶσαν
3022 4275 3213 4346 ἥντινα
3251 4269 3345 4329 οὖν
3370 4276 3468 4330 καί⁸
3500 4274 3663 4330 πόλιν

398 4374 504 4419 tem
551 4379 672 4418 eam
715 4361 856 4416 luem
895 4361 1101 4414 invenit
1140 4355 1500 4425 Nicephorus,
1553 4357 1765 4411 calamo
1810 4365 1967 4426 atque

2075 4371 2172 4426 ml.
2187 4367 2394 4442 χώραν,
2411 4369 2460 4420 εί
2478 4367 2708 4436 ταυτηνὶ
2723 4365 2822 4438 τὴν
2841 4365 2995 4419 νόσον
3023 4364 3382 4436 ἀκμάζουσαν
3401 4363 3664 4436 εὕρισκεν

395 4459 705 4506 atramento
747 4451 1044 4511 medicans,
1100 4446 1444 4514 curationem
1501 4444 1578 4500 illi
1628 4445 1977 4513 impendebat

397 4542 708 4599 sollicitam.
753 4540 924 4610 llujus
959 4539 1174 4608 generis
1206 4538 1484 4608 quidpiam
1514 4537 1568 4592 in
1606 4536 1770 4591 Tauri
1817 4551 1972 4589 mon-

401 4636 469 4691 tis
506 4635 576 4708 (t)
609 4635 829 4690 climate
886 4635 1118 4702 quodam
1166 4647 1230 4686 ac
1268 4632 1508 4700 satrapia
1559 4630 1803 4684 noscitur
1833 4631 1972 4698 pra:-

399 4730 626 4784 stitisse.
664 4726 908 4782 Praeerat
949 4735 1058 4781 ttuu
1099 4724 1176 4779 illi
1223 4724 1368 4794 genti
1402 4725 1508 4778 dux
1541 4737 1710 4792 usque
1743 4735 1810 4776 eo
1848 4735 1974 4790 pes-

401 4818 542 4879 simo
591 4823 720 4876 huic
761 4821 1058 4889 implicitus
1095 4819 1248 4883 vitio,
1289 4827 1350 4873 ut
1398 4827 1643 4872 scortum
1697 4817 1968 4886 quoddam

401 4913 814 4970 introducturus
847 4929 878 4968 a
917 4912 1157 4982 legitima
1209 4909 1440 4980 conjuge
1477 4909 1767 4967 divortium
1801 4906 1972 4960 medi-

401 5015 628 5062 taretur.
656 5007 826 5072 Quem
853 5003 1194 5075 Nicephorus
1216 5013 1330 5058 uta
1365 5001 1668 5056 foedissima
1700 4999 1788 5055 lue
1818 5015 1976 5053 mun-

401 5099 557 5154 daret
575 5099 779 5167 scripto
803 5097 1124 5159 admonens,
1151 5081 1332 5150 scelus
1355 5093 1651 5163 illiobjeeit
1680 5093 1732 5146 in
1759 5087 1974 5152 faciem,

403 5190 712 5261 adiecitque
747 5190 945 5254 minas,
975 5188 1198 5258 quibus,
1244 5187 1348 5242 nisi
1379 5202 1440 5242 se
1482 5185 1763 5239 continere
1794 5181 1980 5248 vellet,

401 5285 598 5340 merito
629 5282 923 5339 obnoxium
965 5279 1083 5335 fore
1129 5279 1342 5336 statuit.
1389 5281 1566 5348 Atque
1601 5279 1714 5331 lucc
1753 5275 1974 5344 quidem

400 5375 472 5434 ad
504 5391 629 5432 eum
664 5373 780 5430 fere
807 5388 864 5430 se
897 5356 1116 5432 modum
1166 5371 1455 5426 habebant.

473 5490 856 5560 (s)Anuotarat
878 5488 1170 5546 Comhelis.
1195 5486 1505 5560 viderihzec
1527 5485 1982 5560 duplicia_utrius-

399 5555 701 5684 ςιιιίίςκιιιε
722 5563 971 5619 caanobia
1014 5560 1202 5626 fuisse,
1245 5557 1422 5628 qualia
1451 5565 1574 5614 sunt
1601 5573 1632 5612 a
1659 5557 1717 5612 S.
1751 5555 1980 5628 Brigitta

399 5643 482 5684 tua
515 5641 674 5684 ttula.

395 5641 674 5688 tttstttuta.

2075 4463 2309 4533 καλάμῳ
2342 4459 2440 4514 καὶ
2491 4458 2684 4530 μέλανι
2715 4457 2812 4528 τὴν
2841 4456 3144 4528 θεραπείαν
3179 4456 3351 4526 αὐτῆς
3387 4457 3662 4528 κεραννὶς

2074 4546 2552 4622 ἐπραγματεύετο.
2597 4545 2812 4601 Ὀποῖόν
2856 4563 2910 4600 τι
2962 4545 3058 4599 καὶ
3096 4544 3220 4598 καθ’
3251 4545 3311 4599 ἐν
3341 4545 3420 4600 τῶ
3455 4545 3665 4617 Ταυρι-

2074 4638 2186 4694 κῶν
2209 4637 2511 4708 ’κλιμάτων
2557 4635 2860 4707 πεπραχὼς
2900 4635 3299 4704 ἀναφαίνεταιο
3327 4636 3357 4690 ὁ
3404 4637 3514 4708 γὰρ
3554 4637 3664 4710 τὴν

2072 4730 2194 4784 τότε
2228 4729 2322 4784 τοῦ
2352 4729 2545 4799 γένους
2571 4727 2869 4802 ἠγεμονίαν
2899 4727 3340 4800 ἐπανῃρημένος,
3373 4727 3452 4782 τῶ
3477 4715 3664 4799 αἴσχει

2068 4821 2244 4892 τούτῳ
2273 4819 2636 4887 καταποθεὶς,
2671 4819 2761 4872 ἐπ’
2789 4821 3069 4891 εἰσαγωγῇ
3113 4835 3260 4883 τινος
3296 4819 3519 4891 ἑταίρας
3555 4819 3664 4890 τῆς

2074 4911 2272 4967 ἐαυτοῦ
2305 4910 2542 4980 συζύγου
2579 4910 2866 4966 διάστασιν
2899 4913 3232 4983 ἐμελέτησεν
3255 4927 3272 4944 ο
3305 4911 3367 4965 δν
3398 4911 3662 4982 ἀποσμῆ-

2076 5001 2164 5068 Eat
2203 5001 2299 5056 τοῦ
2330 5001 2595 5071 ἐπιψόγου
2620 5001 2982 5074 ,μολύσματος
3023 5001 3187 5074 ἔργον
3217 5001 3480 5074 θέμενος,
3513 5001 3666 5074 Γρα-

2077 5096 2265 5164 φικαῖς
2296 5092 2606 5164 ὑποθήκαις
2633 5111 2697 5148 τε
2737 5095 2834 5148 καὶ
2883 5095 3140 5158 ἀπειλαῖς
3174 5095 3319 5148 κατά
3367 5093 3666 5166 πρόσωπον

2077 5185 2226 5257 αὐτῷ
2257 5187 2356 5254 τὴν
2386 5185 2663 5257 ἁμαρτίαν
2707 5188 3079 5259 παρέστησεν,
3113 5188 3208 5242 καὶ
3235 5186 3310 5252 ὡς
3339 5188 3389 5242 εί
3423 5186 3499 5257 μή
3529 5184 3664 5256 βού-

2082 5278 2227 5332 λοιτο
2255 5281 2460 5350 ταύτης
2510 5278 2849 5350 ἀποσχέσθαι
2879 5281 3118 5345 ἐκείναις
3149 5279 3407 5351 ὑπόδικος
3433 5277 3666 5342 ἐνδίκως

2085 5370 2391 5442 γενήσοιτο.
2422 5368 2532 5422 Καὶ
2561 5369 2737 5424 ταῦτα
2769 5370 2870 5441 μὲν
2901 5370 3045 5424 οὓτω
3085 5388 3162 5441 πη
3197 5369 3378 5440 ἔσχεν.

2146 5486 2212 5554 (t)
2246 5483 2461 5538 Taurus
2487 5485 2804 5540 nOtissimus
2831 5482 2976 5540 Asia:
3004 5499 3184 5550 mons,
3216 5482 3291 5554 ad
3315 5481 3661 5553 patriarcha-

2073 5551 2203 5610 tum
2239 5555 2639 5620 Autioehenum
2693 5557 2802 5610 late
2867 5567 3151 5610 extensus.
3183 5551 3420 5624 AFor'sau
3469 5565 3660 5624 partes

2074 5625 2408 5697 Pamphyliae
2438 5636 2530 5681 aut
2574 5626 2702 5682 huic
2729 5626 2923 5684 vicina:
2965 5626 3056 5684 hic
3085 5622 3416 5682 indicantur.
