3938 6220
383 288 443 355 9i
804 332 809 337 ε
1369 297 1429 355 S.
1465 295 1882 357 NICEPHORI
1920 280 2422 355 PATR'IARCIL‘E
2451 296 2556 355 (ΖΡ.
3564 301 3634 363 92

387 398 551 460 laute,
583 402 724 470 quod
759 402 912 456 vobis
950 401 1308 458 oﬂ’eusioncm
1359 405 1509 467 fecit,
1540 404 1756 472 penitus
1802 418 1948 457 amo-

2055 402 2148 456 τοῦ
2183 402 2501 472 Πνεύματος
2549 402 2800 472 συζητεῖν
2839 404 2943 459 οὐκ
2988 406 3286 473 ἀναγκαῖον
3333 407 3631 475 τιθέμεθα,

389 504 631 546 veamus.
695 491 769 547 0s
797 503 974 548 autem
1035 495 1266 560 aperire,
1299 502 1462 563 atque
1519 508 1581 548 ea
1646 508 1767 563 quae
1825 502 1948 548 sunt

2060 491 2162 545 xiv
2183 494 2231 544 εἰ
2257 490 2438 560 πάσης
2468 491 2712 561 ἀνάγκης
2743 492 3142 563 πειραθείημεν
3164 494 3336 557 αἴτια,
3364 496 3486 549 οὐδὲ
3519 500 3638 560 ταῖς

392 582 647 651 Spiritus,
672 601 794 639 cum
826 588 912 657 iis,
932 588 1022 655 qui
1056 603 1085 640 a
1110 585 1316 653 Spiritu
1350 585 1509 640 alieni
1531 595 1677 653 sunt,
1706 585 1948 640 conferre

2063 584 2156 637 ὑπ’
2178 583 2403 636 ἐκείνων
2426 582 2871 648 ἁποκνισθείσαις
2896 584 3201 655 Γραφικαῖς
3225 589 3316 640 καὶ
3336 589 3637 659 [ἰατρικαῖς

388 681 633 747 atquein
686 680 1117 748 disputationem
1151 694 1372 749 vocare,
1408 682 1548 735 haud
1603 694 1785 749 operte
1828 694 1948 750 pre-

2062 676 2360 744 ὑπείχομεν
2394 675 2610 746 ρήσεσι.
2636 675 2817 728 Πάλαι
2837 677 2947 747 γὰρ
2975 678 3081 731 ὑπὸ
3106 679 3320 733 πολλῶν
3350 680 3625 752 ἐλεγχθεῖ-

391 768 521 821 tium
554 784 674 823 esse
707 770 976 835 ducimus,
1000 785 1322 839 quacunque
1371 771 1590 826 demum
1616 772 1680 826 ad
1713 772 1816 825 hoc
1858 784 1948 824 ne-

2065 783 2176 830 σαι,
2213 765 2306 819 καὶ
2335 765 2613 835 Πατέρων,
2645 764 2966 835 τεθνήκασι.

389 857 645 910 cessitate
710 859 972 928 compulsi
1036 859 1302 917 fuerimus
1354 878 1370 914 :
1427 876 1603 931 neque
1653 858 1951 916 tamen'iis
2018 857 2343 920 sententiis,
2397 870 2534 923 quas
2589 869 2655 910 ex
2731 855 3015 925 Scriptura
3078 857 3414 929 Patrnmque
3481 862 3636 917 libris

388 945 798 1014 decerpserunt,
854 961 1138 1021 propterea
1201 952 1468 1009 cedimus.
1525 952 1645 1009 Jam
1696 953 1825 1008 olim
1883 950 2028 1006 enim
2091 964 2124 1003 a
2180 946 2369 1001 multis
2422 946 2584 1000 etiam
2644 947 2895 1005 Patribus
2955 950 3284 1017 confutatur.
3344 955 3625 1012 θιειίηοιδε

1813 1170 2043 1228 CAPUT
2085 1172 2191 1227 Vll.

585 1322 913 1394 Cotloquium
948 1324 1117 1378 sancti
1154 1320 1438 1392 Μαρίων-ἱ
1469 1339 1588 1376 cum
1617 1324 1932 1393 imperatore
1963 1323 2028 1377 de
2060 1323 2297 1394 sculptili
2325 1341 2391 1379 ea:
2421 1325 2726 1394 prwscrt'pto
2759 1325 2957 1396 Moysi:
2991 1345 3091 1384 non
3145 1330 3407 1399 faciendo.

461 1486 546 1540 ιε.
578 1484 715 1541 Tum
763 1486 1064 1556 imperator
1113 1484 1444 1554 suscipiens,
1481 1486 1606 1540 ait:
1653 1486 1735 1541 An
1791 1486 1948 1557 igitur

2125 1483 2234 1553 μβ’.
2272 1484 2380 1538 Καὶ
2412 1485 2441 1536 6
2466 1483 2721 1554 βασιλεὺς
2752 1484 3073 1553 ὑποφθάσας
3106 1488 3294 1557 φησίψ
3336 1490 3483 1549 ζΑλλ*
3510 1491 3633 1546 οὑδδ

388 1597 457 1635 ne
478 1577 686 1649 Moyses
720 1578 942 1647 quidem
973 1592 1158 1632 veram
1183 1578 1276 1630 tibi
1301 1577 1369 1631 de
1400 1578 1491 1632 his
1530 1579 1722 1633 doctus
1746 1579 1948 1633 videtur

2053 1574 2293 1643 Μωῡσῆε
2328 1590 2409 1626 σοι
2433 1575 2563 1645 περὶ
2587 1576 2793 1627 τούτων
2821 1574 2922 1644 τῆς
2975 1575 3213 1646 ἀληθοῦς
3259 1584 3635 1647 πεφωτικέναι

389 1670 764 1726 sententiam?
797 1667 933 1722 Num
974 1669 1185 1731 dubitas
1212 1666 1414 1739 Moysis
1455 1672 1618 1724 verba
1664 1669 1756 1723 Dei
1793 1670 1948 1724 verba

2053 1666 2303 1733 φαίνεται
2356 1665 2604 1735 ρήσεωςς
2649 1666 2765 1719 Οὐκ
2798 1664 2865 1718 ἂν
2911 1666 2967 1718 δὲ
2999 1668 3337 1739 ἀμφιγνοίης
3375 1671 3452 1734 ὡς
3495 1672 3631 1726 Θεοῦ

388 1777 532 1825 esse,
557 1761 646 1831 qui
673 1759 919 1830 praecipit
956 1773 1058 1813 nou
1093 1759 1395 1814 faciendum
1442 1774 1564 1815 esse
1619 1760 1818 1814 idolum
1860 1774 1948 1815 seu

2054 1757 2200 1823 λόγοι
2241 1754 2337 1808 τοῦ
2383 1756 2626 1819 Μωσέως
2667 1756 2716 1809 οἱ
2764 1755 2953 1824 λόγοι,
3011 1758 3151 1826 μήτε
3203 1759 3444 1825 εἰδωλον,
3495 1762 3633 1832 μήτε

389 1853 740 1908 simulaérum
772 1866 835 1905 ac
885 1850 1318 1915 similitudinem,
1352 1851 1511 1919 idque
1572 1866 1674 1905 non
1722 1852 1948 1905 hominis

2055 1847 2305 1917 ὁμοίωμα
2333 1850 2505 1901 ποιεῖν
2534 1846 2923 1918 ἐπιτρέποντος
2942 1887 2958 1909 ,
2990 1846 3089 1901 οὐκ
3116 1848 3408 1920 ἀνθρώπου
3447 1852 3629 1920 μόνον.

391 1948 622 2002 tantmn,
658 1939 752 1993 sed
790 1937 1035 1993 absolute
1066 1953 1130 1992 ac
1159 1938 1436 1993 indefinite
1471 1943 1545 1993 rei
1582 1940 1809 1995 alterius
1855 1956 1955 1995 cu-

385 2028 719 2099 juscunque,
750 2029 802 2083 in
833 2029 971 2084 cmlo
1002 2044 1234 2098 aereque
1271 2030 1567 2087 volantium
1598 2072 1613 2096 ,
1651 2040 1745 2084 aut
1780 2032 1959 2086 viven-

392 2120 523 2171 tium
565 2118 616 2172 iu
679 2129 845 2184 terra,
888 2119 968 2174 vel
1005 2119 1159 2188 aquis
1199 2120 1609 2173 innatantium?
1644 2120 1758 2187 Qua
1793 2121 1957 2191 igitur

390 2209 602 2263 ratione
635 2208 917 2263 fabricatis
948 2209 1278 2279 imaginibus
1321 2226 1386 2265 ac
1423 2211 1730 2267 simulacris
1787 2213 1949 2266 hono-

393 2314 504 2362 rem
566 2314 662 2354 vos
713 2300 1019 2363 adhibetis,
1063 2316 1187 2353 cum
1250 2300 1525 2370 legislator
1565 2302 1729 2356 etiam
1780 2303 1958 2359 facere

388 2392 650 2461 ejusmodi
685 2393 1005 2460 prohibeat?
1026 2390 1493 2448 PATBIARCHA.
1530 2391 1686 2447 Velut
1709 2394 1761 2447 in
1784 2394 1953 2451 altum

390 2494 712 2552 vastumque
743 2483 1124 2552 disputationis
1158 2483 1396 2553 pelagus,
1423 2498 1456 2535 ο
1502 2484 1821 2553 imperator,
1852 2499 1956 2541 nos

389 2575 760 2643 ducis;'quod
816 2575 965 2629 multi
1014 2575 1229 2641 quidem
1281 2591 1386 2630 non
1436 2591 1560 2630 raro
1599 2576 1951 2647 traiecerunt,

392 2666 587 2721 nullius
618 2675 797 2721 autem
847 2668 1278 2730 adversantium,
1309 2669 1453 2737 quod
1497 2670 1830 2736 noverimus,
1861 2671 1956 2725 di—

389 2758 609 2828 ligentia
648 2759 729 2813 sic
776 2758 1089 2827 enavigavit
1121 2765 1180 2811 ttt
1227 2759 1292 2812 ad
1352 2759 1807 2826 imperturbatum
1838 2776 1959 2831 por-

392 2860 505 2905 tum
540 2851 868 2931 pervenerit.
896 2849 1027 2903 Nam
1056 2850 1146 2904 alii
1181 2852 1424 2920 quidem,
1451 2866 1776 2922 quamquam
1799 2855 1955 2908 abso.

391 2958 519 2997 num
558 2943 874 2997 existiment
908 2943 1204 3013 imaginum
1231 2958 1386 2997 usum
1437 2955 1492 2998 et
1515 2945 1659 2999 velut
1696 2945 1951 3010 gentilitii

388 3032 566 3087 cultus
615 3033 782 3087 fetum
825 3032 1036 3087 occulto
1091 3031 1287 3089 mentis
1329 3032 1530 3101 iudicio
1570 3033 1952 3102 criminentur,

387 3138 587 3199 easque
624 3123 1006 3178 damnantibus
1057 3123 1452 3194 astipulentur;
1511 3123 1601 3178 ubi
1652 3135 1827 3180 tamen
1884 3126 1952 3180 ad

388 3230 503 3269 rem
534 3215 770 3279 venitur,
796 3214 1140 3284 puppi,quod
1169 3214 1340 3279 aiunt,
1365 3215 1590 3269 inhibita
1614 3230 1674 3272 se
1697 3215 1953 3286 paulatim

387 3305 713 3373 subducunt,
741 3304 1015 3360 contraria
1046 3314 1268 3376 agentes
1299 3306 1383 3360 his
1419 3322 1539 3375 qua:
1574 3319 1901 3362 censuerant
1930 3327 1945 3364 :

387 3398 587 3452 habent
615 3398 760 3452 enim
793 3396 1055 3465 imagines
1079 3410 1200 3451 cum
1227 3396 1280 3450 in
1314 3396 1557 3452 ecclesiis
1588 3405 1698 3451 tum
1747 3398 1802 3453 in
1837 3398 1955 3455 l'oro

386 3489 550 3559 inque
591 3488 861 3554 domibus,
891 3489 1114 3559 quidam
1160 3488 1324 3543 etiam
1375 3489 1586 3545 itineris
1631 3490 1858 3547 comites
1900 3502 1953 3548 et

381 3580 801 3636 contubernales
850 3592 994 3635 terra
1044 3578 1439 3648 marique.Alii
1494 3581 1571 3635 rei
1601 3581 1955 3652 perplexitate

382 3674 597 3742 penitus
625 3671 955 3737 latiscentes,
989 3681 1155 3741 atque
1202 3687 1230 3725 a
1264 3672 1437 3738 prima
1482 3656 1954 3744 statim'congres-

380 3765 535 3821 sione
593 3765 918 3832 abjicientcs
977 3779 1152 3828 arma,
1207 3764 1347 3818 hosti
1402 3772 1553 3834 terga
1619 3764 1849 3832 dedere;
1898 3773 1952 3821 et

380 3868 559 3922 neque
606 3854 994 3924 prophetarum
1046 3855 1307 3924 imagines
1359 3854 1555 3909 honori
1596 3855 1815 3922 habent,
1852 3870 1952 3912 nec

379 3945 741 4016 aposmlorum
770 3945 1083 4011 simulacra,
1116 3958 1293 4016 neque
1334 3957 1629 4018 martyrum
1678 3946 1950 4004 coloribus

379 4053 443 4091 ac
466 4037 719 4108 penicillo
749 4038 940 4092 ductas
981 4037 1180 4107 ﬁguras
1217 4054 1231 4091 :
1259 4038 1350 4092 sed
1381 4038 1463 4093 his
1489 4038 1742 4095 oumibus
1774 4039 1948 4094 libera

377 4140 722 4186 exstruentes
771 4131 971 4201 templa
1012 4130 1148 4185 citra
1203 4129 1367 4185 ullum
1389 4125 1703 4201 Tigurarum
1758 4130 1948 4201 imagi-

378 4238 614 4294 numque
656 4230 999 4292 apparatum,
1019 4221 1130 4278 Deo
1156 4221 1413 4277 invisibili
1438 4231 1602 4293 atque
1626 4222 1949 4292 incorporeo

371 4313 573 4381 jactant
607 4315 1029 4385 supplicationes
1074 4314 1272 4370 offerre
1324 4331 1383 4371 se
1412 4331 1474 4371 ac
1500 4325 1618 4370 vota
1649 4315 1848 4371 facere.
1877 4314 1948 4369 At

376 4406 419 4458 si
449 4405 649 4473 placet,
673 4406 725 4459 in
764 4406 923 4475 hujus
954 4407 1028 4461 rei
1078 4406 1385 4473 indaginem
1428 4406 1680 4477 ingressi,
1714 4421 1817 4460 nou
1852 4420 1947 4460 ne-

2058 1938 2242 2001 ἁπλῶς
2275 1936 2332 1991 δὲ
2360 1936 2502 1991 οὕτω
2530 1937 2622 1990 καὶ
2670 1936 2960 2007 ἀορίστως,
3001 1939 3074 2008 μὴ
3105 1939 3216 1991 τῶν
3248 1940 3372 1993 κατ’
3401 1941 3632 2012 οὐρανὸν

2055 2027 2516 2100 ἁεροπορούντων,
2559 2028 2634 2099 μὴ
2656 2026 2766 2082 τῶν
2788 2029 2845 2083 ὲν
2876 2031 2946 2099 γῇ
2973 2028 3346 2100 διαιτωμένων
3369 2069 3385 2095 ,
3418 2032 3492 2102 μὴ
3520 2034 3631 2086 τῶν

2057 2121 2116 2173 ὲν
2162 2119 2314 2174 ὕδασι
2353 2118 2704 2189 νηχομένων;
2750 2117 2876 2182 Πῶς
2921 2114 3017 2172 οὖν
3065 2120 3225 2191 ὑμεῖς
3270 2121 3487 2184 εἰκόνας
3530 2123 3631 2191 δη-

2060 2211 2443 2283 μιουργοῦντες
2485 2211 2789 2281 προσάγετε
2818 2210 3015 2273 αὑταῖς
3037 2213 3222 2280 τιμὰς,
3247 2211 3313 2278 ἀς
3343 2213 3372 2264 6
3400 2213 3632 2283 νομοθέοα

2054 2319 2151 2373 της
2183 2301 2593 2372 ἀπηγόρευσεν;
2635 2302 2677 2354 0
2710 2301 3177 2357 ΠΑΤΡΙΑΡΧΗΣ.
3240 2302 3329 2367 Ὠς
3360 2306 3442 2368 εἰς
3491 2305 3630 2375 βαθύ

2055 2409 2115 2447 τε
2144 2395 2238 2447 καί
2283 2392 2482 2464 ἀχανὲς
2522 2394 2803 2464 ζητήσεως
2862 2394 3099 2464 πέλαγος
3134 2397 3350 2465 ὲνάγεις
3384 2399 3551 2468 ἡμᾶς,
3586 2393 3634 2453 ὦ

2059 2481 2301 2553 βασιλεῦ,
2325 2483 2355 2537 δ
2390 2482 2579 2537 πολλοὶ
2608 2483 2711 2554 μὲν
2756 2483 3020 2549 πολλάκις
3065 2486 3415 2554 διέπλευσαν,
3454 2489 3633 2553 οὐδεὶς

2055 2573 2113 2628 δέ
2129 2591 2214 2642 γε,
2242 2574 2343 2628 ὅσα
2366 2574 2525 2645 ἴσμεν
2555 2575 2737 2645 ἡμεῖς,
2769 2564 2863 2628 ὲπί
2886 2575 2977 2629 τὸν
3003 2575 3198 2646 λιμένα
3222 2580 3321 2649 τῆς
3346 2578 3635 2651 ἀκριϐείας

2056 2666 2304 2733 ἀφίκετο.
2345 2668 2408 2720 Οἱ
2456 2666 2554 2737 μὲν
2601 2666 2731 2735 γὰρ,
2758 2667 3006 2736 καίτοιγε
3045 2669 3249 2723 ἄτοπόν
3292 2687 3351 2722 τι
3396 2671 3632 2739 οἰόμενοι

2054 2757 2154 2822 τάς
2177 2757 2390 2821 εἰκόνας
2421 2760 2606 2829 χρῆμα
2626 2759 2723 2812 καὶ
2755 2758 3094 2830 Ἑλληνικῆς
3135 2758 3359 2828 ἔκγονον
3387 2761 3595 2831 πλάνης
3614 2800 3631 2825 ,

2056 2850 2115 2902 ἐν
2143 2850 2241 2920 μὲν
2281 2848 2358 2920 τῷ
2392 2851 2592 2920 ἀφανεῖ
2622 2849 2724 2919 τῆς
2756 2850 2938 2920 ψυχῆς
2980 2850 3252 2922 κριτηρίῳ
3287 2851 3634 2906 διαϐάλλουσί

2053 2953 2115 2993 τε
2152 2940 2321 3004 αὑτὰς
2352 2943 2447 2994 καὶ
2482 2944 2594 3005 τοῖς
2642 2942 2971 3012 κατηγόροις
3020 2941 3398 2996 συντίθενταιο
3440 2944 3532 2997 ἐπὶ
3576 2942 3636 2996 δὲ

2054 3029 2164 3083 τῶν
2203 3031 2539 3101 πραγμάτων
2583 3031 2831 3095 ἐλθόντες
2861 3025 3116 3102 πρύμναν
3145 3049 3204 3085 τε
3261 3033 3634 3104 ἐκρούσαντο,

2055 3121 2151 3175 καὶ
2177 3122 2392 3176 ἐναντία
2420 3122 2623 3193 δρῶσιν
2654 3118 2738 3187 οἷς
2776 3125 3045 3189 ἔγνωσαν·
3081 3125 3291 3190 εἰκόνες
3317 3141 3376 3178 τε
3399 3126 3509 3196 γὰρ
3528 3126 3635 3178 αὐ-

2055 3215 2167 3274 τοῖς
2199 3214 2304 3265 εἰσι
2329 3213 2421 3266 καὶ
2451 3214 2510 3266 ὲν
2537 3217 2659 3277 ταῖς
2682 3213 3002 3285 ἐκκλησίαις
3027 3214 3124 3268 καὶ
3163 3217 3222 3268 ὲν
3252 3218 3373 3280 ταῖς
3401 3216 3634 3285 ἀγοραῖς

2054 3305 2152 3357 καί
2177 3306 2235 3357 ὲν
2270 3307 2382 3367 τοῖς
2406 3304 2597 3369 οίκοις,
2642 3306 2741 3377 ήδη
2791 3305 2849 3359 δὲ
2892 3308 2988 3359 καὶ
3034 3301 3168 3360 ἔνιοι
3214 3307 3636 3377 συνοδοιπόρους

2054 3394 2238 3466 έχουσι
2272 3396 2369 3449 καὶ
2403 3395 2746 3466 δμοδιαίτους
2794 3399 2889 3449 καὶ
2926 3396 3362 3467 πεζοποροῢντες
3391 3400 3487 3455 καὶ
3530 3417 3635 3452 πει-

2052 3483 2367 3553 λαγίξοντες
2382 3502 2398 3518 ο
2436 3487 2486 3538 οἰ
2513 3485 2568 3538 δὲ
2591 3486 2791 3549 τελέως
2814 3486 2952 3557 πρὸς
2976 3487 3079 3557 τὴν
3107 3488 3344 3559 ἀπορίαν
3365 3488 3634 3544 όκλάσαν-

2051 3590 2164 3639 τες,
2188 3575 2350 3639 εὐθὺς
2378 3576 2442 3628 ὲκ
2466 3575 2697 3647 πρώτης
2719 3576 3042 3647 συμπλοκῆς
3060 3579 3130 3631 τά
3158 3579 3300 3633 ὅπλα
3323 3579 3419 3650 τῆς
3449 3580 3633 3652 ψυχῆς

2053 3667 2459 3737 ἀπορρίψαντες
2482 3708 2497 3731 ,
2535 3667 2680 3721 νῶτα
2720 3668 2801 3738 τῷ
2846 3668 3092 3741 πολεμίῳ
3124 3672 3495 3743 παρέσχοντοο
3530 3675 3631 3727 καὶ

2047 3752 2174 3811 οὔτε
2206 3758 2514 3829 προφητῶν
2539 3758 2729 3824 αὐτοῖς
2755 3761 3027 3833 τιμῶνται
3058 3763 3291 3828 εἰκόνες,
3338 3763 3462 3818 οὔτε
3496 3766 3635 3819 ἀπο-

2048 3848 2250 3903 στόλων
2287 3849 2531 3919 μορφαὶ,
2571 3847 2696 3903 οὔτε
2731 3852 3033 3924 μαρτύρων
3065 3854 3298 3925 γραφαί·
3340 3854 3476 3908 ἀλλά
3506 3855 3633 3931 τοις-

2046 3957 2156 3995 των
2188 3941 2442 3995 ἁπάντων
2491 3941 2921 4013 ἀπηλλαγμένας
2950 3944 3051 4009 τάς
3095 3946 3396 4017 ἐκκλησίας
3427 3947 3633 4019 συστή-

2048 4050 2262 4099 σαντες,
2296 4034 2741 4105 ἀσχηματίστους
2770 4036 2867 4089 καὶ
2892 4035 3058 4091 τόπον
3093 4037 3253 4100 ὲκτδς
3278 4034 3358 4107 τῷ
3407 4037 3632 4108 ἀοράτῳ

2045 4142 2106 4179 τε
2134 4125 2228 4179 καὶ
2256 4127 2534 4198 ἀσωμάτῳ
2556 4126 2677 4197 Θεῷ
2702 4126 2803 4191 τὰς
2824 4127 3034 4181 ἑαυτῶν
3065 4128 3275 4192 ἱκεσίας
3304 4129 3628 4198 ἀνάγουσιν.

2059 4216 2221 4281 Ἀλλ’,
2254 4219 2302 4270 εἰ
2328 4217 2496 4284 δοκεῖ,
2533 4218 2608 4289 μὴ
2655 4219 2785 4290 περί
2820 4219 2920 4290 τὴν
2965 4219 3195 4291 ζήτησιν
3223 4221 3629 4291 ἀποκάμωμεν,

2051 4306 2185 4377 μηδὲ
2204 4306 2496 4378 ἀμελῶμεν
2514 4308 2611 4379 τῆς
2633 4305 2824 4379 θύρας,
2844 4310 2892 4361 εἰ
2915 4310 2989 4379 μὴ
3010 4309 3069 4362 ιν
3091 4308 3275 4377 κύκλῳ
3296 4310 3631 4379 περιιόντες,

2046 4399 2140 4453 καὶ
2175 4398 2587 4470 ἰχνηλατοῦντες
2615 4397 2694 4470 τῷ
2734 4399 2881 4471 λόγῳ
2921 4401 2980 4454 ἐν
3008 4401 3247 4464 δικτύοις
3279 4402 3449 4472 αὐτὴν
3493 4401 3634 4473 ἀλή-

375 4491 641 4563 gligitmus
666 4496 925 4564 januam;
961 4511 1027 4551 ne
1058 4495 1199 4551 forte
1234 4496 1286 4549 iu
1307 4497 1536 4551 circuitu
1573 4496 1940 4557 ambulemus:

2053 4489 2197 4543 θειαν
2238 4488 2592 4561 ὲμόάλωμεν.
2626 4490 2828 4544 ’Δκουε
2864 4489 3003 4559 δῆτα
3036 4490 3130 4543 τοῦ
3161 4491 3323 4560 λόγου
3343 4531 3358 4556 ,
3390 4487 3448 4545 εὗ
3483 4492 3633 4563 μάλα

376 4585 467 4637 sed
513 4602 608 4659 per
655 4601 750 4640 sua
789 4588 1015 4656 vestigia
1045 4588 1327 4643 veritatem
1394 4594 1773 4644 consectantes
1820 4603 1940 4643 ser-

378 4690 556 4738 moue,
601 4676 769 4744 ipsam
803 4679 941 4732 intra
1006 4678 1140 4733 retia
1200 4678 1473 4747 possimus
1525 4692 1743 4746 capere.
1778 4675 1915 4730 Audi

2048 4581 2216 4651 σοφοῦ
2238 4597 2298 4634 τε
2327 4580 2698 4653 καί’ἀληθοῦς,
2726 4581 2786 4635 6v
2812 4581 3053 4655 ἀποδέξῃ
3082 4582 3178 4636 καί
3210 4583 3546 4648 ἐπαινέσεις,
3580 4584 3633 4637 εἰ

2036 4673 2113 4743 τῷ
2136 4665 2265 4726 bim
2290 4672 2386 4727 τοῦ
2419 4673 2574 4737 ὄντος
2601 4675 2733 4745 ἐρᾷς
2761 4675 2858 4728 καὶ
2893 4676 2994 4743 τῆς
3024 4674 3286 4745 ἀληθείας
3314 4674 3557 4744 ἐφίεσαι.

376 4769 537 4837 igitur
569 4770 854 4824 admodum
885 4773 1186 4843 sapientem
1226 4786 1521 4841 verumque
1558 4784 1887 4833 sermonem,
1923 4782 2083 4839 quem
2136 4768 2293 4837 plane
2325 4768 2647 4837 probaturus
2684 4769 2759 4823 sis
2788 4784 2851 4824 ac
2890 4769 3214 4825 laudaturus
3239 4808 3255 4830 .
3290 4769 3336 4822 si
3391 4783 3517 4822 vere
3576 4768 3630 4823 id

376 4876 527 4916 amas
579 4862 720 4930 quod
781 4876 965 4917 verum
1028 4874 1129 4928 cst,
1161 4874 1216 4919 et
1268 4862 1511 4918 veritatis
1566 4861 1835 4916 desiderio
1870 4858 2093 4915 teneris.

442 5016 534 5074 45.
571 5015 831 5071 Noscisne
851 5018 974 5087 quis
1018 5019 1146 5073 olim
1185 5020 1249 5073 de
1266 5019 1377 5076 Deo
1398 5036 1552 5076 error
1570 5020 1946 5092 [Egyptiomm

375 5117 579 5163 mentes
603 5108 911 5172 incesserit,
946 5118 1114 5179 utque
1151 5110 1187 5163 ii
1222 5110 1539 5174 iucreatam,
1571 5112 1831 5181 omnique
1855 5125 1949 5164 va-

373 5209 583 5255 cautem
609 5198 841 5254 materia
880 5198 1089 5254 Domini
1122 5201 1376 5270 gloriam,
1403 5203 1471 5256 ad
1510 5203 1793 5256 materiam
1826 5200 1941 5258 lor-

374 5307 626 5362 mamque
674 5290 1043 5361 deprimentes
1103 5294 1353 5347 humana:
1396 5292 1584 5348 format
1652 5293 1941 5349 simulacra

374 5383 654 5439 colerent!
696 5384 927 5440 Osiridis
959 5383 1167 5439 scilicet
1194 5393 1360 5453 atque
1405 5385 1704 5456 Typhonis,
1737 5386 1940 5457 Orique

376 5484 468 5524 aut
497 5472 651 5529 Isidis
683 5485 845 5546 atque
875 5474 1104 5530 aliorum
1161 5476 1459 5542 hominum,
1492 5492 1724 5547 quorum
1801 5478 1942 5534 divis

374 5562 539 5617 stulte
551 5566 908 5635 ascriptorum
934 5567 1203 5622 luxuriam
1232 5568 1411 5638 arguit
1445 5569 1755 5623 institutum
1781 5570 1935 5624 vitae:

376 5656 662 5711 Ivaritiam
733 5658 1038 5731 iujuslaque
1112 5660 1290 5716 studia
1349 5661 1515 5732 bella,
1570 5662 1940 5732 opprimendis

361 5744 368 5765 1

2122 5025 2231 5089 μγ.
2292 5017 2408 5072 Οὐκ
2456 5013 2653 5079 οἶσθα,
2700 5015 2788 5070 οἶα
2833 5031 2919 5079 τις
2953 5015 3145 5086 πρώην
3199 5017 3329 5088 περὶ
3364 5018 3499 5075 Θεὸν
3528 5019 3629 5084 τὰς

2046 5090 2354 5181 Αἰγυπτίων
2374 5108 2553 5180 ψυχὰς
2574 5107 2873 5176 ἐπενέμετο
2896 5108 3092 5177 πλάνη.
3119 5110 3214 5161 καὶ
3239 5109 3313 5171 ὡς
3339 5111 3438 5181 τὴν
3468 5109 3628 5165 ἀκτι,

2045 5202 2169 5255 στὸν
2201 5217 2259 5254 τε
2293 5201 2388 5254 καί
2410 5198 2574 5253 eam
2599 5197 2696 5251 τοῦ
2721 5197 2996 5251 Δεσπότου
3025 5196 3186 5262 δόξαν
3219 5202 3625 5270 καταγαγόντες

2043 5294 2123 5356 εἰς
2153 5291 2287 5361 ὓλην
2319 5291 2411 5346 καὶ
2437 5286 2599 5354 εἶδος,
2619 5290 2964 5362 ἀνδρείκελόν
2996 5309 3049 5344 τι
3079 5294 3284 5364 ταύτην
3307 5295 3400 5348 καί
3418 5296 3628 5367 ἀνθρωσ

2052 5384 2237 5453 ποειδῆ
2277 5383 2683 5453 τετιμήκασιν;
2728 5379 2841 5446 οἶος
2866 5379 2932 5454 ἦν
2958 5383 3067 5453 ἄρα
3095 5385 3303 5449 ἐκεῖνος
3329 5387 3358 5439 6
3391 5387 3625 5455 Ὄσιρις,

2050 5479 2079 5531 6
2101 5474 2319 5543 Τυφὼν,
2352 5476 2381 5527 6
2406 5469 2593 5544 Ὧρος,
2617 5476 2650 5543 ὴ
2678 5469 2839 5538 Ἶσις,
2872 5473 2964 5527 καὶ
2990 5475 3098 5528 τῶν
3124 5476 3301 5529 ἄλλων
3321 5477 3627 5549 ἀνθρώπων

2053 5567 2190 5620 θεῶν
2213 5569 2239 5618 ὁ
2276 5565 2594 5633 κατάλογος,
2629 5558 2705 5618 ὧν
2725 5564 2995 5636 διελέγχει
3019 5567 3112 5619 καὶ
3142 5567 3491 5622 ἀποδείκνυσι
3525 5572 3627 5640 τὴν

2049 5661 2320 5731 ἀκρασίαν
2348 5661 2377 5715 6
2413 5660 2528 5732 βίος
2548 5701 2561 5726 ,
2594 5660 2693 5731 τὴν
2726 5661 2783 5714 δὲ
2825 5660 3137 5729 πλεονεξίαν
3165 5663 3194 5715 6
3224 5661 3457 5733 πόλεμος
3480 5702 3494 5728 ,
3528 5664 3627 5739 τὴν
