4022 6218
288 313 392 378 101

1823 314 1999 374 νιΤΑ

3462 317 3564 384 102

285 427 435 480 ἀλλά
482 426 578 479 καὶ
613 424 668 478 ει
693 440 779 488 τις
819 423 1058 496 ἔγχειροῖ
1089 440 1144 501 τι
1189 423 1296 478 τῶν
1337 423 1620 487 τοιούτων,
1663 421 1739 485 ὡς
1781 423 1890 476 τῶν

1993 421 2244 480 ratione?
2273 420 2478 480 PATR.
2515 423 2804 490 Nimirum,
2839 423 3017 480 nullas
3055 423 3150 480 Dei
3177 425 3438 496 imagines
3463 443 3560 483 seu

298 515 645 588 Ἑλληνικῶν
683 515 942 583 κοινωνὸν
979 515 1270 584 δογμάτων
1305 515 1518 578 ποιναῖς
1561 511 1886 566 ὐποὸἀλλειν

289 609 584 678 ἐσχάταις·
617 605 948 677 ἀνθρώπους
981 605 1041 659 δὲ
1079 606 1264 668 ὁσίους
1311 605 1610 674 γραπτέον,
1641 606 1708 674 τῇ
1749 603 1887 672 πρὸς

290 702 432 755 Θεὸν
465 698 756 770 παρρησίᾳ
783 697 882 751 καὶ⁵
921 695 1002 767 τῷ
1034 695 1264 767 καθαρῷ
1289 697 1389 766 τῆς
1417 694 1563 774 ζωῆς
1595 693 1889 766 ἑναδρυνοο

296 794 523 863 μένους,
555 790 650 842 καὶ
714 787 919 858 μέσους
953 803 1073 850 πως
1104 789 1240 857 ἡμῖν
1283 785 1380 842 καὶ
1422 787 1706 858 πορθμέας
1751 789 1887 858 πρὸς

293 883 466 936 αὑτὸν
519 879 838 950 ἐσομένους,
875 879 972 932 καὶ
1019 878 1326 947 ἀνάγοντας
1395 876 1496 948 μὲν
1537 876 1616 948 τῷ
1664 877 1784 948 Θεῷ
1816 877 1889 944 τὰ

295 972 626 1043 αἰτούμενα,
679 969 1028 1038 κατάγοντας
1073 967 1131 1022 δὲ
1161 971 1302 1040 ἡμῖν
1333 969 1430 1024 ἐπὶ
1467 967 1604 1023 Θεοῦ
1633 969 1704 1023 τὰ
1745 969 1886 1022 διδό-

300 1081 461 1134 μενα.
508 1061 588 1115 Οὐ
618 1059 934 1132 γᾱριὲστιν,
973 1059 1072 1113 οὐκ
1102 1057 1251 1112 ἔστιν
1306 1052 1410 1126 εἷς,
1461 1052 1508 1112 ὦ
1539 1057 1782 1130 βασιλεῦ,
1809 1057 1888 1129 τῷ

295 1154 420 1226 Θεῷ
459 1150 827 1225 προσιόντων,
861 1148 896 1221 ἢ
927 1149 1037 1204 ἀπὸ
1059 1149 1195 1204 Θεοῦ
1231 1151 1562 1223 τιμωμένων
1591 1152 1620 1205 ό
1639 1150 1844 1222 τρόπος
1868 1167 1892 1230 ο.

297 1246 418 1299 ἀλλ’
451 1247 488 1316 ἡ
518 1242 804 1315 παρρησία
832 1245 1237 1314 συμμετρεῖται
1281 1243 1358 1312 τῷ
1401 1243 1524 1314 βίῳ,
1548 1243 1649 1298 καὶ
1686 1246 1765 1316 τῇ.
1785 1259 1886 1297 πο⁴

295 1337 480 1408 λ.τεὲα
510 1334 850 1404 κατάλληλος
876 1336 911 1404 ἡ
937 1333 1208 1398 ἀντίδοσις
1239 1335 1450 1388 ἕπεται.
1489 1335 1621 1398 Θεὸς
1655 1335 1754 1405 μὲν
1778 1334 1887 1405 γὰρ

298 1428 378 1480 ῶν
412 1427 524 1488 ἀεὶ,
555 1423 774 1493 γένεσίν
808 1423 870 1477 τε
909 1424 1009 1478 οὐκ
1045 1424 1186 1495 ἔχων
1206 1439 1220 1454 ⁸
1253 1424 1315 1480 τὸ
1335 1425 1392 1478 δὲ
1422 1426 1524 1480 οὐκ
1561 1423 1622 1479 ὃν
1645 1425 1757 1491 ἀεὶ,
1791 1441 1886 1493 γε·-

297 1499 530 1589 νόμενον
561 1517 620 1571 δὲ
649 1515 903 1586 ὕστερον,
937 1517 1038 1586 τὴν
1069 1515 1286 1584 γένεσιν
1326 1519 1394 1571 ὲκ
1426 1517 1522 1571 τοῦ
1564 1518 1728 1581 ὄντος
1777 1515 1888 1570 ἐδέ-

301 1610 452 1674 ξατο.
484 1608 598 1661 Καὶ
634 1607 776 1660 κατὰ
806 1604 958 1659 τόνδε
996 1605 1098 1677 μὲν
1127 1606 1219 1659 τὸν
1257 1605 1440 1675 λόγον,
1473 1605 1660 1660 δοῦλον
1689 1605 1754 1660 ἂν
1784 1623 1885 1660 κα-

300 1701 446 1752 λοῖτο
469 1696 612 1750 Θεοῦ
644 1696 755 1749 πᾶν
791 1694 853 1747 τὸ
887 1695 977 1762 ἀεὶ
1017 1695 1308 1762 γινόμενον
1329 1711 1343 1723 ·
1379 1693 1442 1746 τὸ
1496 1692 1605 1764 γὰρ
1639 1692 1886 1760 γεγονὸς,

1989 515 2280 572 simulacra
2327 531 2454 573 esse
2488 516 2734 574 iacienda
2769 535 2784 572 :
2819 517 2914 572 sed
2947 525 3022 582 et,
3057 517 3104 571 si
3143 518 3265 586 quis
3297 517 3560 585 ejusmodi

1988 604 2191 674 aliquid
2236 616 2548 676 praesumat,
2593 609 2772 678 utqui
2803 609 3028 664 ,erroris
3057 609 3342 685 gentilium
3379 609 3562 665 socius

1987 695 2082 761 sit,
2123 699 2386 753 extremis
2436 701 2853 770 mancipandam
2917 702 3218 774 suppliciis.
3255 699 3564 770 Pingeudos

1987 799 2117 841 vero
2158 801 2305 850 esse,
2347 788 2442 858 qui
2491 791 2782 846 sanctitate
2833 792 3176 858 claruerunt,
3227 791 3429 861 quippe
3471 789 3562 857 qui

1989 875 2184 932 ﬁducia
2205 879 2272 934 ad
2294 876 2462 934 Deum
2481 895 2544 934 ac
2569 879 2692 936 vita:
2717 883 2978 946 munditia
3003 883 3285 955 magniﬁce
3307 881 3562 951 polleant.

1988 969 2260 1037 mediique
2308 970 2710 1038 quodammodo
2755 987 2820 1028 ac
2868 975 3016 1030 velut
3064 975 3358 1045 portitores
3407 973 3564 1027 nobis

1987 1061 2055 1114 ad
2085 1060 2241 1114 illum
2272 1061 2544 1116 exsistant
2575 1079 2590 1116 :
2617 1065 2708 1138 qui
2739 1065 2952 1120 scilicet
2985 1075 3204 1122 nostras
3236 1065 3346 1122 Deo
3393 1066 3562 1138 adve-

1987 1149 2121 1204 hant
2148 1150 2454 1217 orationes,
2495 1137 2701 1222 Deique
2736 1153 2805 1208 ad
2843 1170 2944 1210 nos
2977 1155 3116 1210 dona
3148 1155 3416 1212 deferant.
3442 1155 3566 1208 Non

1987 1240 2130 1296 enim
2157 1242 2404 1306 omnino,
2435 1257 2469 1296 ο
2499 1243 2813 1310 imperator,
2845 1260 2986 1302 unus
3021 1247 3210 1300 modus
3241 1256 3323 1298 est
3353 1259 3562 1308 eorum,

1987 1331 2078 1400 qui
2103 1333 2170 1385 ad
2196 1329 2362 1386 Deum
2389 1333 2678 1399 accedunt,
2717 1336 2920 1406 quique
2947 1353 2980 1390 ιι
3012 1337 3122 1390 Deo
3151 1339 3406 1390 honorem
3431 1350 3566 1391 cou-

1961 1430 2336 1504 sequuntur:
2368 1423 2463 1477 sed
2516 1422 2707 1477 ﬁducia
2758 1439 2857 1492 pro
2907 1425 3032 1482 vitae
3087 1426 3297 1480 ratione
3341 1427 3558 1480 modum

1987 1511 2220 1576 obtinet,
2246 1526 2594 1582 congruaque
2627 1530 2838 1571 merces
2877 1517 3344 1573 conversationem
3377 1519 3566 1587 sequi-

1990 1610 2097 1655 tur.
2129 1599 2268 1655 Nam
2299 1601 2444 1656 Deus
2469 1603 2686 1671 quidem
2717 1619 2839 1659 cum
2870 1595 3087 1674 semper
3115 1605 3210 1673 sit,
3241 1595 3422 1662 ortum
3455 1622 3563 1661 non

1988 1693 2151 1748 habet
2177 1709 2193 1747 :
2221 1693 2362 1762 quod
2395 1702 2578 1748 autem
2603 1709 2710 1748 non
2735 1709 2972 1766 semper,
2999 1696 3094 1750 sed
3127 1705 3314 1766 postea
3350 1697 3558 1752 factum

300 1789 494 1843 δοῦλον
528 1787 596 1842 ἂν
630 1785 861 1846 δικαίως
906 1781 1000 1836 τοῦ
1053 1783 1419 1852 πεποιηκότος
1477 1781 1771 1853 νομίζοιτο.
1803 1781 1884 1852 Τῇ

1992 1791 2092 1848 εει,
2119 1796 2186 1837 ex
2219 1782 2392 1838 nihilo
2425 1785 2636 1854 accepit
2671 1794 2729 1840 ut
2759 1795 2924 1842 esset.
2975 1793 3152 1856 Atque
3181 1787 3318 1843 adeo
3345 1787 3445 1844 hac
3472 1803 3564 1844 ra-

300 1882 360 1936 at
391 1880 532 1951 πρὸς
560 1877 698 1932 Θεὸν
733 1873 1036 1941 οἰκειώσει,
1068 1874 1163 1942 καὶ
1191 1877 1258 1945 τῇ
1286 1874 1518 1945 διαφορᾷ
1551 1873 1647 1944 τῆς
1676 1871 1887 1927 ἐκεῖθεν

301 1971 529 2044 αἴγλης,
563 1967 826 2039 διάφορός
854 1983 913 2020 τε
948 1965 1072 2019 καθ’
1099 1965 1288 2036 ἕτερον
1313 1967 1515 2038 τρόπον
1545 1965 1887 2038 προσηγορία

303 2064 401 2116 ἰαὶ
448 2061 643 2131 κλῆσις
705 2061 821 2122 τοῖς
867 2057 1336 2128 προσερχομένοις
1391 2056 1688 2110 ἐντίθεται.
1730 2055 1888 2109 Ὅσοι

305 2157 412 2226 μὲν
458 2154 568 2224 γάρ
601 2150 749 2222 (εόσῳ
797 2150 1072 2211 κολάσεως
1101 2148 1210 2201 τῶν
1243 2140 1736 2220 πλημμελημάτων
1781 2147 1888 2201 ἀπ-

303 2247 552 2320 έχονται.
581 2238 726 2299 οὗτοι
756 2243 1091 2314 θεράποντες
1123 2239 1191 2296 ἂν
1219 2241 1468 2309 λέγοιντο
1495 2239 1654 2304 Θεοῦ,
1688 2256 1884 2309 μαστιο

307 2339 426 2408 γίᾳι
459 2335 604 2398 τινες
644 2332 866 2404 ἀληθῶς
896 2333 992 2386 καὶ
1019 2331 1198 2385 δοῦλοι
1225 2373 1240 2397 ,
1277 2329 1506 2400 πληγῶν
1535 2333 1630 2382 καὶ
1664 2329 1890 2397 εἱρκτῆς

306 2429 401 2482 καὶ
429 2425 540 2479 τῶν
571 2424 660 2478 ἐπ’
689 2423 887 2487 αὐταῖς
912 2419 1172 2486 ἀπειλῶν,
1198 2420 1286 2472 ἵνα
1317 2420 1392 2491 μὴ
1414 2419 1726 2490 ἁμάρτωσι,
1756 2416 1892 2489 χρῄο

303 2519 491 2580 ζοντες
511 2516 588 2567 σοί
609 2514 666 2567 δὲ
687 2511 994 2583 μελλόντων
1025 2507 1247 2578 ἀγαθῶν
1285 2507 1461 2560 ἑλπίδι
1497 2505 1724 2590 πρὸςίτδ
1753 2505 1888 2572 ἀγα-

305 2606 399 2658 θον
427 2603 752 2662 νεύσαντες,
784 2597 994 2652 οίκέται
1030 2598 1128 2666 μὲν
1157 2595 1256 2648 οὒκ
1281 2593 1348 2648 ἂν
1381 2590 1756 2662 ὀνομάζοιντο,
1795 2607 1888 2660 μιο

305 2697 508 2750 σθω-τοὶ
531 2694 575 2747 δ’
600 2693 666 2748 ἂν
683 2687 821 2768 εἷεν,
846 2690 923 2755 ώς
947 2689 1012 2744 ἄν
1033 2706 1118 2752 τις
1135 2687 1294 2758 φαίη,
1319 2685 1456 2739 Θεοῦ
1481 2683 1705 2754 κέρδους
1728 2681 1892 2736 ’ἐνεκά

302 2805 365 2844 τι
394 2793 490 2842 καὶ
526 2783 723 2856 μ.σθοῦ
746 2783 814 2837 τά
836 2781 1028 2835 δέοντα
1051 2780 1412 2852 πράσσοντος.
1438 2775 1596 2830 "Odor
1618 2774 1664 2829 δ’
1686 2769 1752 2828 αὖ
1772 2775 1892 2828 τού-

303 2896 420 2941 τοις
437 2879 538 2930 ὗπε
547 2867 1008 2947 ραναϐεσηκότες,
1029 2870 1126 2925 καὶ⁵
1146 2869 1282 2940 πρὸς
1301 2867 1362 2920 τὸ
1383 2865 1550 2920 καλὸν
1569 2864 1892 2938 ἀκραὶφνῶς

304 2971 571 3042 φανέντες
598 3007 613 3032 ,
653 2952 714 3020 ού
750 2959 1213 3036 προσδοκωμένης
1269 2957 1422 3026 φόϐῳ
1469 2955 1780 3020 κολάσεως,
1827 2954 1890 3008 οὐ

305 3064 414 3116 τῶν
450 3059 757 3131 μελλόντων
781 3053 1001 3135 ἀγαθῶν
1030 3051 1204 3104 ἐλπίδι
1232 3049 1370 3120 πρὸς
1395 3048 1456 3100 τὸ
1481 3045 1684 3115 ἀγαθὸν
1707 3045 1891 3118 ᾅττουυ

310 3172 415 3218 σιν,
450 3150 589 3204 ἀλλά
618 3149 688 3202 δι’
718 3145 854 3200 αὐτὸ
884 3144 945 3198 τδ
971 3142 1136 3196 καλὸν
1164 3141 1224 3193 τὸ
1248 3138 1412 3192 καλὸν
1435 3135 1890 3208 κατεργάζονται,

308 3239 457 3299 οὗτοι
487 3244 596 3296 τῶν
623 3237 924 3308 ἀκηράτων
967 3233 1070 3304 τῆς
1117 3232 1311 3300 σοφίας
1347 3229 1642 3300 θησαυρῶν
1675 3227 1894 3298 ἔμπλη-

313 3334 535 3394 σθὲπιτες
559 3372 576 3396 ,
619 3329 730 3382 υἱοὶ
769 3324 904 3380 Θεοῦ
937 3322 1172 3378 καλοῖντ’
1201 3319 1268 3374 ἂν
1299 3319 1559 3384 δικαίως,
1593 3317 1732 3372 Θεοῦ
1761 3318 1894 3390 κλη-

316 3424 534 3498 ρςνόμοι
559 3423 653 3480 καὶ
683 3410 1390 3489 συγκληρονόμοι..Χριστοῦ
1423 3409 1858 3484 χρηματίζοντες
1876 3426 1892 3441 ο

313 3517 364 3570 οἶ
405 3516 496 3568 καὶ
547 3511 828 3578 ἄνθρωποι
879 3507 1188 3576 πεφυκότες
1238 3504 1378 3574 ὑπὲρ
1423 3501 1732 3574 ἀνθρώπων
1763 3500 1895 3556 Θεὸν

315 3607 427 3661 τῶν
459 3607 717 3660 ἀπάντων
751 3601 913 3654 πλέον
951 3595 1290 3658 ἱκετεύοντες
1316 3593 1592 3658 πείθουσι,
1623 3593 1718 3645 καὶ
1743 3591 1896 3644 τόνδε

319 3699 418 3766 μὲν
445 3697 526 3749 ἔτι
565 3693 863 3754 πολοῦντες
894 3689 986 3742 τὸν
1021 3687 1272 3758 ἀλήμονα
1304 3683 1400 3738 καὶ
1431 3681 1666 3772 ἄτακτον
1695 3680 1897 3754 χῶρον,

319 3787 558 3856 μάλιστα
581 3786 638 3840 δὲ
663 3784 785 3848 τότε
809 3777 1192 3850 γυμνωθέντες
1221 3773 1452 3847 ῥακίων,
1479 3772 1578 3828 καὶ
1603 3773 1702 3844 τὴν
1731 3773 1904 3826 όστεῖ-

1991 1874 2158 1950 tioue,
2211 1877 2466 1950 quod'lit
2515 1891 2734 1946 semper
2781 1888 2949 1946 atque
2991 1878 3185 1946 oritur,
3233 1878 3340 1934 dici
3387 1890 3568 1949 potest

1989 1948 2234 2018 famulari
2277 1948 2390 2018 Deo
2419 1981 2434 2019 :
2465 1967 2610 2034 quod
2643 1967 2787 2022 enim
2817 1967 3021 2021 factum
3043 1976 3126 2022 est
3155 1977 3320 2039 atque
3339 1948 3564 2033 editum,

1987 2052 2106 2122 ejus
2151 2057 2297 2123 quod
2353 2053 2482 2108 fecit
2515 2065 2683 2127 al‘ue
2731 2055 2906 2122 edidit
2959 2057 3212 2112 servituti
3265 2056 3568 2126 subjectum

1990 2145 2185 2200 merito
2217 2145 2539 2200 aestimatur.
2573 2145 2671 2199 Sin
2705 2157 2884 2200 autem
2911 2161 3032 2216 quae
3061 2147 3128 2200 ad
3159 2145 3330 2203 Deum
3361 2155 3448 2203 est
3472 2162 3570 2203 ne-

1989 2233 2258 2289 cessitmlo
2293 2235 2622 2305 diversaque
2685 2235 2808 2289 inde
2867 2234 3090 2290 luminis
3129 2237 3405 2306 perceptio
3439 2250 3570 2306 spe-

1988 2335 2205 2394 eteturr
2233 2325 2451 2378 diversa
2489 2339 2706 2395 quoque
2751 2327 3164 2382 nomenclatura
3186 2326 3568 2383 accidentibus

1989 2416 2269 2483 competit.
2313 2415 2506 2471 Cuncti
2535 2416 2678 2470 enim
2703 2417 2794 2486 qui
2829 2432 2889 2472 se
2910 2417 3165 2486 supplicii
3201 2427 3345 2473 metu
3371 2433 3400 2472 a
3433 2406 3564 2487 pec-

1989 2507 2125 2561 catis
2163 2505 2460 2572 abStiuent,
2515 2507 2606 2562 Dei
2649 2505 2833 2562 famuli
2861 2509 3240 2578 appellantur;
3281 2519 3338 2565 et
3375 2509 3430 2565 hi
3459 2507 3560 2564 ﬂa-

1990 2596 2210 2666 grioues
2273 2611 2512 2666 vereque
2561 2598 2704 2651 servi
2747 2599 3056 2664 exsistunt,
3111 2602 3256 2670 quod
3307 2600 3568 2656 nimirum

1990 2686 2312 2743 verberibus
2343 2696 2396 2742 et
2419 2701 2641 2742 cari-ere
2690 2703 2990 2758 eorumque
3040 2689 3206 2743 minis
3255 2699 3472 2758 egeant,
3505 2700 3572 2752 ιιι

1990 2789 2364 2835 revocentura
2394 2787 2619 2848 piccato
2653 2796 2668 2833 :
2697 2779 2790 2848 qui
2838 2794 2968 2834 vero
3008 2795 3106 2848 spe
3149 2779 3314 2836 illecti
3356 2783 3570 2836 futuro-

1989 2885 2109 2926 rum
2163 2871 2462 2939 houorum,
2517 2871 2760 2925 animum
2819 2870 3112 2930 conferunt
3157 2873 3226 2928 ad
3275 2873 3568 2936 virtutem,

1989 2960 2256 3030 mancipia
2305 2960 2446 3017 haud
2478 2961 2578 3016 rite
2619 2963 3045 3032 appellarentur,
3081 2963 3176 3018 sed
3204 2966 3568 3034 mercennarii;

1947 3051 2189 3124 ;qnippe
2235 3050 2327 3120 qui
2369 3049 2508 3104 lucri
2555 3061 2722 3120 atque
2768 3054 3034 3107 mercedis
3091 3068 3258 3110 causa
3294 3055 3440 3124 quod
3481 3065 3570 3110 est

1991 3141 2153 3198 oﬂit'ii
2188 3141 2269 3196 sui
2321 3139 2546 3195 faciant.
2584 3143 2641 3196 Si
2675 3142 2766 3210 qui
2811 3153 2996 3196 autem
3030 3143 3115 3198 his
3154 3145 3488 3214 superiores,
3512 3145 3567 3200 id

1991 3234 2162 3304 ipsum
2191 3233 2334 3305 quod
2371 3234 2661 3288 honestum
2691 3242 2778 3288 est
2803 3233 3023 3289 sincere
3058 3238 3425 3304 attendentes,
3460 3251 3570 3292 ιιυιι

1989 3325 2238 3380 exterriti
2273 3335 2417 3378 metu
2465 3324 2740 3395 supplicii,
2785 3339 3105 3380 nec-eurum
3141 3325 3406 3382 bonorum
3446 3342 3571 3401 quq

1992 3414 2046 3468 in
2084 3416 2322 3469 futurum
2359 3419 2597 3484 reposita
2627 3426 2754 3470 sunt
2781 3415 3096 3485 speillecti,
3129 3417 3183 3472 in
3211 3417 3266 3474 id
3293 3419 3435 3489 quod
3467 3421 3570 3476 ho-

1995 3521 2122 3560 num
2146 3515 2230 3560 est
2259 3504 2534 3572 feruntur,
2565 3516 2620 3562 ct
2650 3508 2774 3562 boni
2805 3508 2976 3577 ipsius
3002 3509 3176 3578 gratia
3211 3509 3413 3565 bonum
3437 3526 3570 3582 ope-

1994 3603 2229 3660 rantur;
2285 3593 2340 3648 hi
2389 3594 2788 3648 immortalibus
2822 3595 3104 3662 sapientia:
3155 3594 3428 3652 thesauris
3479 3611 3572 3650 re-

1994 3683 2145 3754 pleti,
2166 3683 2256 3737 Dei
2275 3684 2468 3738 merito
2487 3683 2580 3737 filii
2602 3683 2964 3752 appellentur,
2989 3683 3080 3738 Dei
3099 3683 3310 3740 scilicet
3329 3685 3576 3743 heredes

1994 3785 2050 3831 et
2079 3774 2282 3830 Christi
2333 3775 2648 3830 cubret-edes
2675 3773 2874 3843 eliecti.
2909 3773 2972 3829 Hi
2996 3775 3102 3840 etsi,
3129 3777 3574 3843 sunLhomines.

316 3855 418 3950 νην
463 3881 558 3932 καὶ
613 3877 913 3948 βρίθουσαν
961 3867 1426 3950 ἀποτιναξάμενοι
1473 3865 1646 3929 κόνιν,
1694 3866 1762 3936 τῇ
1797 3863 1893 3936 ῦλῃ

1997 3883 2094 3938 pro
2121 3867 2430 3932 hominibus
2458 3877 2638 3922 tamen
2669 3867 3070 3938 supplicatione
3099 3869 3167 3922 ad
3195 3871 3574 3926 universorum

315 3945 419 4043 την
475 3945 627 4042 ελψί
655 3945 1106 4038 Ὕπροσρίῷαντες,
1168 3959 1306 4030 πρὸς
1364 3945 1458 4012 τὸν
1503 3955 1662 4010 ἵλεών
1711 3973 1772 4010 τε
1805 3958 1893 4010 καὶ

2011 3959 2174 4014 Deum
2205 3958 2588 4030 deiungentes,
2623 3959 2796 4030 inagis
2827 3959 3112 4016 innectunt
3131 3970 3296 4032 atque
3319 3976 3575 4027 exorant,

318 4059 523 4128 ἀγαθὸν
553 4057 834 4126 Δεσπότην
864 4051 1101 4123 καθαροὶ
1126 4047 1386 4120 καθαρῶς
1411 4043 1826 4117 ἁναδράμωσινε

2007 4064 2129 4103 cmn
2156 4048 2455 4102 etiamnum
2477 4049 2623 4106 hunc
2650 4047 2947 4104 erraticum
2975 4059 3137 4119 atque
3157 4052 3576 4122 incompositum

321 4159 541 4204 vertunt
605 4145 867 4212 chorum;
909 4143 1033 4198 tum
1097 4155 1229 4196 vero
1290 4140 1562 4204 maxime,
1620 4150 1906 4209 postquam
1933 4155 2141 4211 pannos
2171 4142 2522 4197 mortalitatis
2561 4143 2820 4206 eauti,ac
2869 4144 3020 4211 gravi
3057 4157 3290 4199 excusso
3323 4146 3578 4213 pulvere,
3637 4199 3646 4208 ,

319 4259 379 4302 et
425 4245 642 4297 humum
693 4243 861 4296 humo
910 4237 1230 4299 reddentes,
1264 4236 1330 4296 ad
1363 4234 1862 4290 clementissimum
1889 4235 2453 4306 benignissimumque
2492 4236 2778 4290 Dominum
2825 4236 2946 4304 puri
3025 4249 3160 4304 pure
3195 4247 3576 4304 cucurrerunt,

399 4335 508 4406 μθ’.
546 4336 587 4387 0
621 4329 974 4385 ΒΑΣΙΛΕΥΣ.
1023 4327 1089 4381 Τί
1118 4322 1248 4394 οῦν;
1295 4324 1406 4379 τῶν
1459 4324 1784 4396 Ἑλληνικῶν
1837 4327 1893 4379 ού

2078 4326 2169 4384 ιι).
2211 4325 2446 4382 lllll’Eﬂ.
2485 4324 2629 4394 Quid
2671 4325 2838 4396 ergo?
2877 4324 3122 4394 nunquid
3156 4339 3302 4391 non,
3359 4336 3418 4379 ut
3459 4327 3576 4388 ais.

321 4401 639 4482 κοινωνοῦσι
659 4421 953 4492 δογμάτων
979 4421 1030 4474 oi
1051 4419 1159 4472 τῶν
1179 4418 1366 4481 ὁσίων,
1398 4415 1474 4480 ώς
1503 4415 1662 4487 ἔφης,
1695 4417 1893 4486 ἀνθρώ.

2005 4419 2212 4474 erroris
2239 4419 2518 4488 gentilium
2555 4417 2688 4472 socii
2735 4427 2884 4483 sunt,
2920 4418 3012 4488 qui
3057 4431 3245 4472 eorum
3278 4416 3578 4482 hominum,

321 4535 446 4573 πων
495 4512 960 4587 δημιουργοῦντες
1013 4511 1268 4576 είκόνας;
1319 4513 1362 4562 0
1429 4509 1893 4564 ΠΑἸῬΙΔΡΧΗΣ.

2009 4524 2148 4580 quos
2182 4513 2450 4564 sanctitas
2479 4508 2846 4574 commendat,
2873 4507 3168 4564 simulacra
3199 4519 3364 4578 atque
3391 4511 3584 4578 imagi-

325 4609 444 4678 οῦκ
471 4607 648 4668 οὕτως
693 4599 883 4664 ἁπλῶς
917 4598 1331 4670 κατηγορητέον
1369 4597 1572 4660 αὐτῶν,
1607 4597 1744 4650 ἀ).λά
1779 4593 1893 4650 σκο-

2009 4617 2106 4656 ιιεε
2137 4598 2383 4658 faciunt?
2415 4599 2621 4656 PATR.
2665 4599 2782 4656 Non
2824 4601 2905 4656 sic
2929 4608 3136 4656 temere
3165 4615 3230 4656 ac
3262 4599 3584 4670 simpliciter

323 4700 528 4770 πητέον
565 4696 662 4750 καὶ
696 4692 1096 4765 διερευνητέον.
1137 4692 1178 4744 0
1222 4687 1579 4742 ΒΑΣΙΛΕΥΣ.
1615 4688 1738 4752 Πῶς
1773 4689 1908 4760 Χρι-

323 4793 532 4847 στιανοὶ
579 4788 685 4852 τὰς
726 4783 984 4848 τοιαύτας
1029 4781 1460 4854 δημιουργοῦσιν
1503 4781 1751 4848 είκόνας;
1789 4779 1906 4844 πῶς

321 4886 668 4956 γράφουσινς
719 4881 762 4932 0
813 4873 1282 4930 ΠΑΤΡΙΑΡΧΗΣ.
1345 4871 1462 4942 Μὴ,
1493 4869 1755 4943 βασιλεῦ,
1807 4873 1905 4942 τῆς

321 4975 570 5048 ἀρρήτου
599 4972 697 5025 καὶ
722 4965 1058 5041 ὑπερουσίας
1090 4964 1430 5038 μεταδιδόασι
1475 4965 1588 5026 τοῖς
1619 4963 1904 5034 γραφομέ-

318 5081 434 5128 νοις
465 5061 656 5124 οὐσίας
683 5077 700 5128 ;
727 5061 771 5114 0
797 5054 1158 5112 ΒΑΣΙΛΕΥΣ.
1192 5055 1267 5107 Οὐ
1303 5052 1460 5123 δῆτα.
1500 5053 1542 5106 0
1571 5050 1904 5104 HATPIAP-

321 5156 487 5212 ΧΗΣ.
521 5153 764 5224 Θνητοῦς
805 5150 864 5204 δὲ
895 5149 1094 5212 αὐτοὺς
1136 5143 1426 5218 φρονοῦσιν
1459 5141 1818 5214 ἀνθρώπους;
1863 5143 1905 5196 0

321 5244 684 5301 ωειΑεγΣ.
713 5242 846 5298 Ναί.
885 5235 1418 5295 ουΑΤΡιΑΡΧΗΣ.
1454 5233 1552 5298 Τίς
1581 5229 1674 5286 οὖν
1707 5234 1740 5304 ἡ
1773 5233 1908 5304 μέμ-

321 5339 438 5410 ψις,
469 5341 517 5393 εί
546 5339 624 5402 ώς
661 5327 982 5408 ἀνθρώπους
1005 5330 1230 5394 εἰδότες,
1260 5331 1332 5394 ὠς
1358 5325 1684 5398 ἀνθρώπους
1715 5327 1903 5398 γραφῇ

324 5420 724 5503 παραδίδομενς
761 5429 856 5482 καὶ
882 5427 984 5497 τὴν
1013 5423 1154 5478 Θεοῦ
1194 5417 1592 5493 προσηγορίαν,
1623 5414 1906 5488 ἐξαίρετον

323 5522 490 5578 οὖσαν
519 5523 614 5576 κιρ.)⁸
663 5522 776 5582 τοῖς
804 5517 1086 5586 γεγονόσιν
1132 5511 1456 5582 ἐπιτεθῆναι
1503 5507 1707 5580 κυρίως
1743 5507 1904 5584 φύσιν

321 5619 423 5672 οὐκ
469 5617 726 5686 ἔχουσαν,
767 5613 862 5664 ἐπὶ
889 5609 988 5679 τῆς
1048 5605 1267 5662 πάντων
1318 5593 1663 5674 ἐξῃρημένης
1703 5599 1903 5662 ἐῶντες

321 5709 541 5773 οὐσίας,
573 5707 648 5771 ώς
691 5705 844 5774 αύτῷ
877 5703 1025 5774 μόνῳ
1061 5701 1231 5772 μόνην
1273 5695 1642 5766 ἁρμόζουσαν,
1683 5691 1900 5763 ἐκείνην

2005 4693 2401 4748 condemnandi
2431 4705 2596 4761 sunt;
2631 4695 2726 4749 scd
2753 4691 3185 4748 consideratione
3207 4694 3465 4748 utendum
3498 4703 3582 4748 ato

2007 4771 2114 4855 que
2143 4787 2416 4841 examine.
2441 4784 2673 4840 lMPER.
2709 4789 2824 4854 Qua
2854 4786 3065 4840 ratione
3093 4784 3390 4840 Christiani
3413 4785 3584 4839 simu-

2007 4873 2152 4929 lacra
2185 4874 2450 4942 ejusmodi
2483 4891 2547 4930 ac
2583 4877 2846 4946 imagines
2871 4875 3122 4930 faciunt?
3155 4890 3391 4944 quonam
3421 4879 3582 4930 modo

2008 4967 2268 5038 pingunt?
2287 4965 2492 5022 PATR.
2521 4964 2662 5021 Num
2681 5005 2697 5032 ,
2715 4981 2924 5036 quaso.
2951 4967 3270 5037 imperator,
3301 4982 3418 5029 eos,
3446 4981 3586 5036 quos

2007 5055 2284 5111 coloribus
2307 5056 2583 5112 delineant
2630 5072 2695 5113 ac
2723 5059 2974 5131 pingunt,
3005 5073 3208 5114 arcana
3237 5057 3327 5114 illa
3359 5057 3582 5126 vimque

2005 5159 2223 5200 omnem
2255 5147 2526 5201 sermonis
2553 5161 2618 5202 ac
2661 5147 2889 5203 rationis
2929 5157 3232 5216 superante
3263 5147 3580 5216 impertiant

2005 5237 2280 5294 essentia?
2321 5235 2556 5302 lMPElt.
2611 5227 2766 5294 Haud
2819 5254 2970 5295 sane.
3021 5237 3226 5294 PATR.
3261 5237 3452 5294 Nonne
3483 5251 3579 5292 eos

2009 5330 2256 5384 homines
2315 5328 2568 5386 mortales
2601 5331 2962 5386 existimant?
3022 5330 3258 5386 IMPER.
3321 5329 3578 5384 Maxime.

2008 5418 2210 5474 PATR.
2262 5420 2398 5486 Quid
2435 5421 2598 5490 igitur
2639 5423 2884 5478 criminis
2913 5433 3020 5488 est,
3069 5424 3138 5486 si,
3167 5437 3290 5476 cum
3327 5419 3578 5475 homines

2005 5511 2365 5574 Sciamus,ceu
2387 5510 2633 5566 homines
2649 5513 2902 5582 penicillo
2925 5513 3302 5580 coloriLusque
3321 5507 3583 5576 exprimi-

2007 5601 2167 5657 mus?
2189 5599 2282 5654 Dei
2313 5610 2492 5656 autem
2525 5603 2804 5674 singulare
2837 5615 3002 5673 atque
3049 5602 3312 5656 eximium
3355 5606 3578 5668 nummi,

2005 5695 2147 5762 quod
2175 5692 2374 5748 creatis
2395 5695 2614 5764 proprie
2643 5695 2883 5750 adhiberi
2906 5703 2989 5749 est
3013 5691 3368 5762 iniquissihile,
3394 5695 3450 5770 in
3485 5707 3585 5750 cs-
