4022 6218
324 338 434 406 105

1848 344 2058 409 “TA.

3498 359 3598 425 106

320 453 427 507 καὶ
453 448 666 506 ἀνωθεν
692 449 1026 521 παραδόσεις
1055 449 1168 505 τῶν
1199 449 1435 524 πρώτων
1459 450 1789 526 ἀνθρώπων,
1814 455 1913 510 ἐνα

2031 457 2198 515 lnsitae
2226 459 2506 517 hominum
2526 462 2798 522 mentibus
2818 465 2885 522 de
2910 465 3024 522 Deo
3047 468 3428 538 cogitationes,
3454 487 3604 542 quae.

322 544 462 599 Θεὸν
496 542 680 615 ἀληθῆ
710 543 876 615 μόνον
905 542 1229 612 ἐγίνωσκον
1255 543 1306 596 οἰ
1331 541 1391 596 δέ
1416 543 1519 615 τῆς
1545 543 1765 615 χθονιας
1793 548 1925 620 ἐρα·

325 634 454 689 ml.
470 633 702 707 σοφίας,
731 633 1053 704 ἀφιλοσόφῳ
1092 632 1258 705 σοφίᾳ
1290 632 1388 687 καὶ
1413 632 1559 704 λόγῳ
1589 634 1794 707 ἀλόγῳ,
1822 636 1925 706 τῆς

323 706 620 789 εύσεδείας
653 724 755 788 τὰς
800 723 961 794 ῥίζας
1008 722 1303 796 τολμηρῶς
1337 706 1790 794 ἀνασπάσαντες,
1827 725 1925 799 ἦλ-

320 816 501 883 λαξάν
535 835 595 871 τε
615 817 790 882 αύτάς
811 817 910 871 καὶ
933 817 1130 889 ἐτέραν
1157 816 1480 888 ἐτράποντο,
1506 818 1604 872 καὶ
1626 817 1923 884 πολυθεῒας

326 909 744 982 ἐμῦεϐληκότες
776 908 945 979 φυτά,
975 907 1321 981 προῦδωκαν,
1357 910 1426 982 ἣν
1459 905 1605 983 εἰχον
1637 911 1921 985 ἀλήθειαν,

327 1000 625 1073 ἀνθρώπου
664 1000 923 1072 ὁμοίωμα
954 1001 1050 1053 καὶ⁵
1095 1000 1365 1057 πετεινῶν
1394 1002 1489 1056 καὶ
1524 1002 1654 1074 est};
1687 1003 1765 1076 τῷ
1802 1005 1922 1078 Θεῷ

327 1094 771 1165 παρασχόμενοι.
818 1092 1171 1148 Ἐναλλάττει
1215 1093 1325 1165 γὰρ
1365 1093 1395 1147 ὸ
1443 1094 1711 1168 πρότερον
1750 1090 1920 1168 εἶχεν,

327 1186 459 1242 ἀντὶ
489 1186 584 1239 τοῦ
616 1185 771 1251 δντος
810 1185 874 1239 τὸ
917 1184 994 1257 μὴ
1034 1184 1213 1257 παρὸν
1250 1185 1400 1256 αὐτῷ
1446 1184 1921 1259 προαιρούμενος·

331 1280 363 1334 δ
383 1280 442 1334 δέ
477 1280 552 1353 μὴ
584 1275 751 1351 εἶχεν,
777 1280 879 1333 οὐκ
908 1278 974 1334 ἂν
1002 1277 1348 1333 ἐναλλάττειν
1377 1279 1600 1334 πώποτε
1620 1281 1816 1336 ἕλοιτο.

2026 566 2134 621 que
2163 552 2284 624 ipso
2339 553 2409 610 ab
2453 554 2612 613 initio
2653 557 2766 628 jam
2818 558 2947 614 olim
2980 560 3268 629 viguerunt
3302 561 3604 630 primorum

2013 643 2312 699 .hominum
2341 648 2686 716 traditiones,
2713 666 2877 705 unum
2934 651 3198 707 duntaxat
3222 666 3407 708 verum
3433 653 3603 710 Deum

2028 736 2464 805 cognoscendum
2518 740 2724 795 dabant
2772 758 2788 796 :
2846 749 3074 796 terrenae
3129 756 3259 798 vero
3322 743 3606 814 sapientiae

2030 837 2326 897 amatores,
2380 830 2884 905 insulsa.nihilique
2928 835 3142 890 ratione
3186 835 3358 901 ducti,
3403 837 3607 893 evulsis

2032 919 2322 974 temerario
2352 934 2488 977 ausu
2523 921 2743 992 pietatis
2772 923 3064 991 radicibus,
3100 923 3363 995 ejusmodi
3392 928 3605 998 cogita-

2031 1006 2206 1063 tiones
2256 1019 2461 1065 naturze
2541 1012 2740 1068 insitas
2785 1015 3211 1085 verissimasque
3285 1018 3608 1074 traditiones

2033 1112 2511 1159 commutaverunt
2531 1113 2954 1175 everteruntque
2977 1115 3031 1162 et
3056 1106 3286 1177 plurium
3322 1110 3607 1164 numinum

2030 1191 2369 1261 impietatem
2405 1194 2550 1249 velut
2583 1197 2776 1251 noxias
2797 1196 3009 1267 plantas
3041 1197 3357 1254 inseverunt
3388 1200 3608 1265 animis,

2032 1282 2338 1355 ipsamque,
2370 1300 2474 1356 qua
2509 1295 2668 1342 erant
2707 1289 2983 1357 instructi,
3013 1289 3303 1347 veritatem
3351 1291 3611 1361 prodide-

332 1386 492 1442 runt,
524 1386 585 1431 ut
611 1375 849 1430 hominis
915 1373 1332 1432 similitudinem
1396 1377 1791 1448 volucrumque
1851 1391 1917 1433 ac
1977 1392 2166 1435 rerum
2206 1381 2467 1452 deinceps
2522 1381 2750 1437 aliarum
2790 1382 2901 1439 Deo
2942 1383 3268 1440 tribuerent.
3297 1384 3611 1440 Commutat

335 1473 485 1527 enim
537 1472 590 1525 id
623 1469 768 1540 quod
810 1480 939 1525 ante
972 1470 1205 1527 habebat
1251 1471 1319 1536 is,
1354 1470 1445 1541 qui
1477 1473 1525 1527 ei
1566 1472 1710 1543 quod
1743 1472 1899 1529 adest
1974 1472 2029 1530 id
2061 1474 2205 1548 quod
2238 1490 2342 1532 non
2369 1478 2523 1533 adest
2576 1476 2798 1548 praefert
2832 1496 2847 1533 :
2884 1477 3220 1535 commutare
3278 1481 3433 1537 enim
3464 1481 3610 1551 quod

334 1583 444 1624 non
475 1566 664 1629 habet,
695 1578 853 1619 nemo
877 1564 931 1617 in
956 1564 1196 1618 animum
1223 1565 1444 1620 inducat
1464 1581 1640 1621 suum.

406 1657 511 1728 νβ’.
565 1659 607 1710 0
648 1656 802 1710 ΒΔΣ.
853 1650 1005 1725 ’Άρα
1061 1656 1124 1709 οὐ
1172 1656 1335 1710 τοῦτό
1384 1657 1534 1710 ἐστιν
1582 1657 1619 1711 ’ὃ
1664 1657 1921 1729 διεξῄεις,

2093 1656 2192 1712 ‘52.
2230 1654 2459 1711 IMPER.
2483 1655 2724 1711 Hoccine
2750 1664 2835 1711 est
2854 1648 2995 1727 quod
3021 1669 3276 1714 sermone
3302 1663 3608 1723 contendis.

332 1752 412 1816 ὡς
453 1750 549 1802 ἐπὶ
582 1747 748 1818 μόνου
781 1746 919 1800 Θεοῦ
948 1747 1320 1819 παραδεκτέον
1348 1748 1443 1802 τὸν
1485 1747 1585 1803 τοῦ
1630 1749 1922 1820 νομοθέτου

2031 1748 2097 1805 de
2121 1747 2234 1802 solo
2258 1745 2370 1803 Deo
2403 1747 2779 1816 accipiendum
2812 1748 3060 1817 verbum,
3090 1750 3317 1821 ejusque
3341 1753 3609 1813 duntaxat

318 1845 522 1913 ’λόγον,
577 1841 676 1895 καὶ
707 1840 784 1903 ὼς
844 1841 940 1916 ἐπὶ
1003 1842 1197 1895 τούτου
1252 1840 1355 1907 τὰς
1422 1842 1637 1906 εἰκόνας
1686 1842 1925 1916 γράφειν

335 1935 650 2001 hamus-ev;
704 1932 747 1988 0
790 1915 998 1988 ΠΑΤΡ.
1050 1931 1225 1985 Τοῦτό
1259 1948 1325 2001 γε
1376 1929 1540 2004 ἔφην,
1596 1933 1695 1987 καὶ
1745 1934 1927 2002 λέγειν

330 2026 604 2081 οὐδέποτε
629 2022 933 2093 παύσομαι.
972 2026 1014 2075 υ
1050 2022 1199 2076 ΒΔΣ.
1231 2022 1299 2075 Τί
1338 2022 1441 2094 δή;
1474 2024 1536 2077 οὐ
1581 2023 1715 2080 Θεὸν
1750 2024 1925 2097 ἀληθῆ

338 2117 439 2172 τὸν
482 2114 719 2186 Χριστὸν
757 2113 1082 2185 κηρύττειςς
1113 2113 1382 2167 ΟἩΑΤΡ.
1410 2114 1649 2184 Ἔγωγε.
1698 2117 1741 2170 0
1775 2116 1925 2172 ΒΔΣ.

343 2204 591 2280 Χριστοῦ
621 2205 679 2258 δέ
707 2206 927 2271 εἰκόνας
953 2205 1013 2258 ού
1043 2206 1310 2279 γράφεις;
1336 2208 1378 2258 0
1425 2205 1634 2260 ΠΑΤΡ.
1688 2206 1927 2276 Πάνυγε.

347 2303 392 2355 0
412 2301 561 2354 ΒᾹΣ.
593 2300 715 2363 Πῶς
742 2294 836 2353 οῦν
862 2298 999 2353 Θεὸν
1026 2298 1203 2369 ἀληθῆ
1235 2298 1328 2352 τὸν
1347 2299 1583 2370 Χριστὸν
1611 2298 1927 2372 κηρύττεις,

342 2389 589 2463 Χριστοῦ
609 2390 667 2443 δὲ
689 2389 928 2461 γράφεις
944 2388 1180 2457 εἰκόνας,
1210 2390 1260 2441 εἰ
1289 2388 1425 2475 Θεοῦ
1454 2389 1689 2459 γράφειν
1716 2389 1931 2453 εἰκόνας

342 2482 374 2536 ὁ
397 2481 700 2553 νομοθέτης
736 2479 1045 2546 ἐκώλυσενς
1078 2480 1121 2534 0
1151 2479 1362 2534 IIATP.
1398 2479 1474 2534 Εὖ
1504 2496 1586 2533 σοι
1634 2479 1864 2549 γένοιτο,
1887 2475 1933 2535 ὧ

345 2574 578 2645 βασιλεῦ
604 2590 620 2605 ο
659 2574 720 2627 τὸ
763 2572 875 2643 γὰρ
912 2571 1068 2644 παρὰ
1111 2569 1206 2625 σοῦ
1246 2571 1472 2642 κινηθὲν
1501 2573 1847 2643 παραστήσει
1874 2572 1935 2626 τὸ

342 2667 528 2737 δόγμα
556 2663 963 2736 λαμπρότερον.
998 2663 1139 2718 Εἰπὶ
1163 2663 1273 2735 γὰρ
1292 2703 1309 2732 ,
1343 2664 1405 2716 οὐ
1441 2661 1576 2717 Θεὸν
1603 2663 1804 2733 ἀληθῆ,
1840 2665 1935 2719 καὶ

342 2757 636 2828 ἄνθρωπον
678 2754 854 2825 ἀληθῆ
900 2752 996 2808 τὸν
1033 2753 1274 2825 Χριστὸν
1320 2751 1647 2825 κηρύττεις;
1696 2756 1738 2806 υ
1781 2752 1933 2807 ΒΔΣ.

344 2846 544 2911 οὕτως
573 2846 702 2916 ἐχω.
752 2848 795 2898 υ
846 2844 1054 2899 ΠΑΤΡ.
1090 2844 1414 2914 Ἄνθρωπος
1459 2842 1701 2913 γεγονὼς
1742 2846 1771 2899 ό
1797 2845 1937 2919 Χρι-

345 2940 513 3003 στὸς,
577 2938 640 2991 οὐ
715 2935 928 2999 τέλειός
992 2936 1143 2990 ἐστιν
1206 2935 1471 3001 ὡσαύτως
1538 2937 1697 2991 τοῦτο
1747 2939 1937 2994 κακεῖ-

345 3048 443 3097 νο,
497 3029 595 3083 καὶ
650 3025 776 3081 οὔτε
811 3027 917 3098 τὴν
973 3025 1185 3080 οἰκείαν
1246 3026 1413 3096 φύσιν
1464 3027 1756 3099 ἐμείωσεν,
1808 3026 1934 3081 οὔτε

2026 1837 2314 1909 pingendis
2356 1837 2687 1907 imaginibus
2717 1852 2781 1893 ac
2810 1838 3116 1894 simulacris
3142 1840 3403 1899 ducendis
3438 1843 3611 1900 inter-

2026 1929 2228 2000 dictum
2256 1931 2418 1986 esse?
2445 1930 2647 1986 PATR.
2679 1929 2795 1987 Hoc
2846 1931 3004 2002 plane
3035 1931 3177 2000 dico,
3220 1949 3324 1991 nec
3365 1950 3608 2005 unquam

2027 2029 2344 2078 cessaturus
2383 2037 2503 2078 sum
2549 2022 2755 2079 dicere.
2796 2021 3030 2079 IMPER.
3058 2023 3195 2091 Quid
3229 2026 3395 2082 vero?
3419 2026 3610 2083 Nonne

2027 2109 2298 2168 Christum
2341 2127 2527 2168 verum
2575 2113 2741 2169 Deum
2775 2115 3046 2184 profiteris
3072 2115 3099 2169 ἰ
3127 2114 3330 2172 PATR.
3351 2116 3606 2175 Maxime.

2030 2201 2263 2257 IMPER.
2294 2201 2479 2257 Nonne
2505 2216 2634 2258 vero
2663 2202 2862 2258 Christi
2907 2203 3169 2275 imagines
3196 2220 3262 2260 ac
3298 2207 3606 2263 simulacra

2029 2294 2207 2364 pingis
2222 2293 2247 2346 ?
2262 2291 2464 2347 PATR.
2481 2294 2559 2347 Ita
2576 2293 2752 2363 plane.
2764 2292 2997 2349 IMPER.
3017 2294 3295 2361 Quomodo
3312 2298 3493 2366 igitur,
3515 2300 3610 2369 qu‘i

2031 2398 2218 2438 verum
2251 2382 2416 2438 Deum
2459 2383 2736 2439 Christum
2765 2385 3056 2452 profiteris,
3076 2385 3293 2443 Christi
3344 2389 3609 2461 imagines

2036 2473 2240 2545 pingis,
2275 2490 2399 2531 cum
2451 2475 2729 2547 legislator
2761 2474 2856 2532 Dei
2892 2476 3158 2546 imagines
3189 2479 3486 2550 pingendas
3510 2495 3613 2535 ⁸νε-

2036 2565 2234 2620 tuerit?
2282 2562 2487 2619 PATR.
2524 2564 2669 2621 Bene
2721 2566 2815 2621 tibi
2872 2568 2970 2632 sit,
2999 2582 3033 2622 o
3066 2567 3386 2637 imperator,
3442 2585 3607 2640 quam

2035 2656 2179 2711 enim
2201 2656 2553 2726 quastionem
2583 2657 2822 2725 movisti,
2848 2658 3153 2713 doctrinam
3174 2659 3383 2717 clarius
3408 2662 3609 2718 confir-

2035 2748 2225 2804 mabit.
2253 2747 2413 2813 Nam,
2437 2744 2653 2815 amabo,
2684 2764 2866 2805 nonne
2888 2749 3177 2807 Christum
3209 2768 3399 2808 verum
3423 2754 3606 2810 “Deum

2036 2852 2331 2908 verumque
2372 2839 2645 2894 hominem
2698 2836 3012 2910 profiteris?
3055 2839 3290 2897 IMPEB.
3332 2841 3420 2897 'lta
3452 2858 3605 2900 sane.

2031 2928 2244 2984 PATR.
2277 2930 2532 2986 Christus
2558 2931 2724 2987 homo
2752 2930 2957 3000 factus,
2990 2947 3170 2990 nonne
3204 2935 3429 3003 perinde
3460 2935 3610 2992 Deus

2039 3032 2203 3092 atque
2230 3023 2391 3077 homo
2416 3022 2687 3092 perfectus
2723 3025 2957 3090 exsistit,
2981 3024 3202 3095 quando
3247 3041 3426 3097 neque
3448 3042 3606 3083 suam

345 3122 389 3188 ὃ,
434 3118 772 3193 προσέλαϐεν
828 3120 911 3182 εἰς
957 3116 1213 3189 θεότητος
1286 3118 1449 3186 φύσιν
1511 3119 1843 3190 μετέϐαλενς
1893 3121 1929 3174 0

2040 3111 2160 3182 ipse
2177 3121 2427 3167 naturam
2455 3115 2671 3179 minuit,
2700 3129 2801 3170 nec
2823 3129 2984 3184 quam
3003 3116 3299 3184 assumpsit
3315 3118 3369 3173 in
3388 3118 3609 3174 deitatis

348 3210 503 3265 ΒΑΣ.
553 3210 666 3263 Καὶ
728 3206 901 3278 μάλα.
940 3207 982 3259 0
1038 3206 1246 3260 ΠΑΤΡ.
1307 3207 1382 3261 Ού
1444 3207 1827 3279 συνομολογεϊς
1876 3209 1933 3263 δὲ

349 3304 450 3359 καὶ
497 3302 627 3372 φὴς,
686 3299 763 3363 ὡς
804 3298 978 3365 ,ἄλλον
1029 3298 1132 3369 μέν
1188 3297 1284 3352 καὶ
1355 3296 1515 3353 ἄλλον
1564 3299 1656 3354 τὸν
1697 3299 1933 3371 Χριστὸν

350 3396 455 3450 οὐκ
519 3393 586 3447 ἄν
652 3408 784 3444 ποτε
853 3390 1134 3461 φαίημεν·
1190 3389 1284 3444 τὸν
1342 3390 1506 3444 αὐτὸν
1544 3391 1603 3445 δὲ
1651 3391 1769 3461 ἅμα
1810 3391 1934 3445 κατ’

351 3486 484 3542 ἄλλο
528 3484 626 3538 καὶ
670 3482 800 3537 ἀλλο
822 3523 838 3549 ,
879 3482 977 3535 καὶ
1010 3480 1194 3551 ἀπαθῆ
1237 3480 1334 3535 καὶ
1380 3481 1620 3553 παθητὸν
1659 3481 1892 3551 λέγομεν
1914 3497 1930 3512 ⁸

351 3578 478 3633 καθ’
502 3576 534 3630 ὸ
558 3576 660 3648 μέν
689 3574 856 3641 Θεὸς,
875 3572 1056 3639 τοῦτο,
1090 3573 1213 3628 καθ’
1241 3573 1271 3627 ὸ
1294 3574 1350 3628 δέ
1374 3574 1665 3645 ἄνθρωπος
1691 3574 1720 3626 ό
1748 3575 1930 3641 αὐτὸς,

353 3670 570 3731 lascivo;
614 3665 682 3718 Τί
719 3664 821 3736 δή;
874 3663 934 3716 ού
971 3662 1109 3716 καθὸ
1141 3663 1241 3732 μὲν
1272 3662 1426 3731 Θεὸς,
1455 3663 1684 3734 ἀόρατός
1725 3665 1785 3718 τὲ
1816 3666 1932 3720 ἐστι

353 3758 453 3813 καὶ
483 3753 695 3825 ἀναφὴς
722 3753 821 3807 καὶ
848 3750 1174 3822 νοούμενοςλ
1196 3750 1323 3805 καθ’
1356 3750 1386 3804 ὸ
1411 3750 1469 3804 δὲ
1496 3751 1805 3823 ἄνθρωπος,
1837 3753 1932 3807 καί⁵

347 3849 553 3921 ὁρατὸς
602 3848 702 3901 »καὶ
749 3842 920 3907 ἁπτὸς
955 3844 1049 3896 καὶ
1080 3842 1443 3912 φαινόμενος;
1494 3843 1630 3914 Οὐχὶ
1678 3839 1772 3898 οὗν
1834 3844 1932 3900 καὶ

335 3938 495 3996 -Θεὸν
516 3942 674 4009 ίσμεν
696 3936 873 4008 ἀληθῆ
891 3935 987 3989 τὸν
1007 3937 1387 4006 γραφόμενον;
1411 3936 1544 4001 Θεὸς
1565 3935 1673 4005 γὰρ
1694 3936 1931 4008 ἀληθῶς,

336 4034 457 4088 οιαὶ
485 4028 794 4102 ωρκωθείς
831 4027 861 4079 ὁ
889 4026 1149 4100 Χριστός.
1192 4026 1333 4081 Ἀλλ’
1360 4027 1424 4080 οὐ
1454 4026 1576 4081 καθ’
1599 4027 1644 4080 ὸ
1673 4028 1806 4093 Θεὸς
1842 4029 1934 4083 τὸν

348 4125 595 4198 Χριστὸν
643 4121 931 4194 γράφομεν
951 4158 968 4185 ,
1020 4119 1144 4173 οὐδὲ
1192 4119 1338 4175 κατά
1373 4118 1531 4173 τοῦτο
1570 4120 1670 4183 τὰς
1717 4122 1936 4185 εἰκόνας

352 4216 516 4286 αὑτῷ
536 4212 884 4284 ἀνατίθεμεν-
921 4210 1061 4266 καθὸ
1089 4210 1148 4266 δὲ
1177 4211 1464 4284 ἄνθρωπος
1496 4207 1564 4285 ἦν
1599 4215 1628 4267 ό
1648 4212 1814 4277 αὐτὸς
1836 4215 1935 4267 καὶ

358 4309 462 4362 ἐπὶ
500 4306 604 4375 γῆς
635 4305 832 4375 ἐφάνη,
862 4305 987 4366 ταῖς
1008 4301 1185 4357 εἰκόσι
1215 4302 1552 4375 κεχρήμεθα.
1582 4303 1697 4357 Καὶ
1723 4301 1846 4356 οὔτε
1870 4301 1934 4357 τὸ

355 4397 559 4469 ὁρατὸν
590 4397 684 4450 καὶ
712 4393 1091 4465 περίγραπτον
1109 4394 1224 4453 τοῖς
1246 4393 1347 4464 τῆς
1378 4392 1644 4464 ἀορασίας
1667 4392 1767 4447 καὶ
1799 4394 1933 4450 ἀπε-

2036 3214 2285 3259 naturam
2337 3206 2643 3262 convertit?
2694 3206 3149 3265 lMPEB.‘Ptane.
3177 3209 3381 3265 PATR.
3417 3209 3609 3268 Nonne

2034 3294 2243 3363 pariter
2289 3295 2569 3352 confiteris
2599 3297 2787 3367 aisque
2813 3314 3092 3370 nunquam
3128 3314 3226 3356 nos
3254 3301 3421 3358 alium
3442 3312 3608 3374 atque

2034 3386 2200 3441 alium
2236 3385 2512 3443 Christum
2538 3388 2777 3459 dixisse;
2812 3390 2909 3446 sed
2949 3407 3114 3447 unum
3137 3395 3493 3465 eumdemque
3516 3407 3609 3449 se-

2033 3478 2269 3532 cundum
2298 3479 2443 3534 aliud
2468 3489 2632 3549 atque
2670 3480 2819 3537 aliud
2848 3490 2961 3538 tum
2987 3484 3305 3553 passibilem
3331 3493 3444 3539 turn
3470 3484 3605 3539 nulli

2033 3567 2326 3623 obnoxium
2354 3571 2589 3639 passioni
2618 3572 2831 3639 dicere;
2864 3572 3095 3628 alterum
3117 3572 3335 3628 scilicet
3356 3589 3462 3643 qua
3512 3588 3601 3627 ra-

2036 3658 2185 3718 tione
2213 3670 2298 3716 est
2313 3661 2485 3728 Deus,
2505 3661 2735 3731 alterum
2768 3677 2877 3734 qua
2900 3663 3064 3718 homo
3087 3663 3372 3730 estiQuid
3402 3666 3607 3737 igitur?

2033 3767 2140 3822 qua
2165 3752 2376 3807 ratione
2412 3753 2553 3809 Deus
2583 3761 2690 3820 est,
2721 3768 2900 3809 nonne
2931 3754 3364 3824 inaspectabilis,
3401 3757 3608 3813 intrac-

2036 3840 2236 3906 tabilis,
2266 3839 2489 3911 solaque
2521 3852 2700 3898 mente
2727 3842 3084 3913 intelligihilis
3109 3845 3237 3901 est!
3280 3861 3386 3916 qua
3418 3857 3604 3903 autem

2035 3931 2222 3998 homo,
2255 3947 2441 3988 nonne
2474 3931 2767 4003 ejusmodi,
2806 3921 3098 4003 qui'oculis
3131 3934 3323 4003 videri,
3352 3936 3609 4007 tangique

2037 4022 2286 4077 manibus
2306 4023 2497 4093 possit,
2523 4038 2586 4079 ac
2605 4037 2766 4080 sensu
2791 4025 3117 4096 conspicuus
3136 4025 3399 4082 exsistat?
3412 4026 3607 4083 Nonne

2036 4111 2202 4182 igitur
2227 4113 2391 4168 etiam
2422 4129 2543 4169 eum
2612 4115 2704 4184 qui
2759 4116 3016 4185 pingitur,
3049 4130 3235 4171 verum
3281 4116 3446 4173 Deum
3476 4133 3606 4174 nos-

2035 4202 2254 4258 cimus?
2289 4204 2430 4259 Vere
2480 4204 2626 4259 enim
2659 4203 2909 4260 Christus
2949 4204 3104 4260 Deus
3134 4214 3241 4270 est,
3276 4206 3525 4274 quamvis
3544 4219 3607 4263 et

2034 4308 2199 4350 carne
2221 4296 2480 4365 praeditus
2500 4296 2591 4350 sit.
2617 4294 2769 4350 Haud
2794 4305 2972 4351 tamen
2996 4294 3273 4351 Christum
3297 4310 3361 4350 ea
3393 4297 3605 4353 ratione

2036 4387 2336 4459 pingimus,
2369 4402 2473 4458 qua
2509 4386 2654 4442 Deus
2685 4394 2789 4452 est,
2834 4386 2918 4441 vel
2950 4386 3014 4442 ei
3048 4385 3313 4456 imagines
3343 4397 3399 4442 et
3431 4388 3607 4443 simu—

338 4485 659 4558 -ριγραψίας
706 4483 1119 4554 ἀνακομίζομεν
1178 4481 1434 4552 μέτροις,
1480 4481 1556 4545 ὡς
1607 4482 1674 4535 ἂν
1714 4480 1791 4553 μὴ
1833 4480 1929 4553 τὴν

2037 4477 2182 4534 lacra
2234 4479 2592 4549 appendimus
2626 4496 2641 4532 :
2673 4477 2769 4533 sed
2813 4478 3096 4541 duntaxat,
3142 4490 3249 4548 qua
3289 4479 3603 4559 erat’idem

350 4577 635 4648 σωτηρίαν
657 4573 1140 4644 διαψευσθείημεν,
1163 4570 1287 4625 οὔτε
1308 4571 1353 4624 δ’
1380 4566 1448 4626 αὖ
1463 4572 1524 4625 τὸ
1537 4571 1742 4642 ἀναφὲς
1765 4571 1928 4626 αὐτοῦ

354 4671 457 4724 καὶ
485 4668 718 4738 ἀόρατον
747 4665 845 4720 καὶ
865 4663 1307 4738 ἀπερίγραπτον,
1331 4665 1445 4727 τοῖς
1469 4663 1570 4734 τῆς
1598 4664 1813 4735 ἐπαφῆς
1838 4665 1932 4719 καὶ

356 4759 713 4831 περιγραφῆς
771 4758 869 4812 καὶ
921 4756 1167 4826 ὁράσεως
1226 4754 1694 4824 κατακομίζοντες
1751 4754 1957 4824 λόγοις·

344 4848 652 4921 ’μανιωδῶς
675 4847 1011 4919 διαμορφοῦν
1038 4844 1445 4918 ἐπιχειροῦμεν·
1477 4847 1676 4917 μᾶλλον
1696 4846 1754 4901 δὲ
1787 4847 1930 4900 εἰδό-

348 4956 484 5005 τες,
513 4940 599 4993 ὃτι
639 4936 889 4999 τοῦὲνὸς
938 4935 1180 5007 Χριστοῦ
1225 4935 1489 5005 πρόσεστι
1539 4936 1601 4989 τό
1632 4952 1692 4989 τε
1733 4934 1929 5008 ὁρατὸν

342 5032 452 5085 ρκαὶ
477 5032 727 5102 ἀόρατον,
769 5027 1149 5100 περίγραπτον
1177 5026 1275 5081 καὶ
1302 5027 1719 5099 ἀπερίγραπτον
1752 5027 1929 5082 ἀδιαιο

364 5122 529 5193 ρέτως
554 5137 616 5175 τε
645 5122 740 5176 καὶ
760 5117 1085 5190 ἀσυγχύτως
1106 5117 1251 5174 κατά
1270 5135 1334 5187 γε
1357 5119 1428 5172 τὰ
1449 5118 1578 5184 τῶν,
1602 5119 1664 5187 ἐξ
1688 5113 1763 5174 ὧν
1790 5121 1927 5188 ἐστι,

358 5213 575 5283 φύσεων
609 5212 719 5267 ίδια
738 5250 754 5277 ,
803 5212 1021 5283 ἐκάστῳ
1054 5210 1197 5264 κατά
1244 5209 1314 5266 τὰ
1344 5211 1823 5283 προαποδεδομένα
1869 5213 1930 5267 τὸ

359 5307 555 5357 οἰκεῖον
603 5301 901 5372 ἀπονέμειν
951 5300 1372 5373 μεμαθήκαμεν.
1413 5301 1527 5356 Καὶ
1561 5305 1718 5355 τοῦτο
1766 5301 1931 5368 δείξει

353 5394 466 5450 τῶν
488 5381 855 5464 γραφομένων
885 5391 1114 5445 etauiva
1140 5391 1170 5443 ὁ
1202 5394 1424 5462 τρόποςυ
1450 5392 1489 5463 ἢ
1527 5391 1635 5463 γὰρ
1663 5392 1722 5445 ἐν
1754 5392 1930 5466 φάτνῃ

357 5485 607 5555 κείμενον
659 5482 987 5555 γράφουσιν,
1029 5483 1062 5555 ἢ
1111 5481 1219 5537 ύπὸ
1260 5482 1363 5555 τῆς
1402 5484 1626 5553 Μητρὸς
1663 5483 1929 5538 Θεοτόκου

355 5576 709 5647 τρεφόμενον,
740 5575 776 5645 ἢ
826 5572 1125 5644 ὁμιλοῦντα
1186 5575 1299 5638 τοῖς
1350 5573 1619 5644 μαθηταῖς
1642 5613 1659 5638 ,
1712 5573 1746 5644 ἢ
1789 5589 1930 5647 παρ-

358 5666 569 5720 εστῶτα
594 5664 831 5736 Πιλάτῳ,
856 5665 889 5735 ἢ
911 5664 1006 5717 ἐπὶ
1035 5663 1193 5730 ξύλου
1226 5664 1644 5736 κρεμάμενον,ἢ
1663 5664 1763 5718 ὅσα
1791 5663 1928 5719 ἄλλα

357 5755 578 5811 τοιαῦτα
610 5754 710 5826 τὴν
750 5754 845 5808 ἐπὶ
876 5753 979 5824 γῆς
1005 5744 1169 5808 αὐτοῦ
1200 5754 1504 5823 παρουσίαν
1533 5754 1821 5809 δείκνυσιν*
1850 5750 1925 5810 ὧν

676 5853 951 5935 Damon.
985 5850 1102 5913 Gn.
1154 5852 1218 5914 C.

2036 4572 2200 4626 homo
2241 4572 2478 4641 atquein
2527 4571 2688 4626 terris
2723 4580 2807 4626 est
2834 4571 3004 4637 visus,
3034 4570 3243 4625 utimur
3273 4570 3603 4643 imaginibus

2033 4662 2151 4733 ejus
2186 4681 2203 4718 :
2236 4673 2292 4718 et
2344 4677 2525 4731 neque
2564 4662 2707 4733 Quod
2739 4662 3069 4732 aspectabile
3102 4676 3168 4718 ac
3186 4660 3467 4717 definitum
3492 4674 3599 4727 est,

2033 4752 2605 4811 commensuramusci
2629 4753 2772 4822 quod
2805 4752 3192 4821 inaspectabile
3214 4768 3278 4808 ac
3296 4753 3604 4811 incircum-

2030 4847 2289 4916 scriptum
2322 4845 2556 4909 exsistit,
2584 4859 2653 4900 tte
2702 4844 2755 4898 in
2812 4843 3004 4898 salutis
3034 4844 3250 4914 negotio
3293 4857 3542 4901 erremus
3573 4864 3596 4902 τ

2031 4954 2130 4995 ιιεε
2158 4955 2373 5004 rursus,
2404 4941 2546 5009 quod
2572 4936 2648 4992 illi
2700 4934 3064 5001 intractabile,
3090 4935 3504 5006 inaspectabile,
3531 4951 3598 4994 ac

2029 5032 2563 5102 incircumscriptum
2598 5029 2836 5095 exsistit,
2865 5028 2934 5084 ad
2988 5038 3271 5086 contactus
3312 5041 3588 5103 aspectus-

2027 5139 2133 5194 q-ue
2158 5122 2768 5194 accireumscriptienis
2821 5121 3059 5178 rationes
3093 5123 3475 5194 deprimentes,
3505 5122 3592 5177 fu-

2031 5214 2265 5269 rentium
2310 5227 2462 5269 more
2506 5212 2781 5270 coloribus
2819 5223 2982 5285 atque
3014 5214 3300 5286 pigmentis
3340 5212 3592 5285 efﬁngam

2031 5306 2277 5361 nitimur.
2291 5305 2430 5373 Quin
2449 5307 2628 5378 potius
2654 5307 2877 5362 minime
2894 5308 3203 5377 ignorantes
3222 5309 3378 5362 unius
3390 5305 3592 5362 Christi

2012 5396 2343 5465 essm-quod
2372 5396 2723 5466 aspectabilis
2749 5395 2823 5451 sit
2840 5407 2896 5451 et
2924 5411 3028 5451 non
3046 5394 3414 5466 aspectabilis,
3447 5399 3591 5467 quod

2016 5482 2472 5552 circumscriptus
2509 5493 2580 5539 -ει
2622 5484 3164 5554 incircumscriptus,
3221 5482 3395 5553 idque
3447 5493 3587 5548 cura

2028 5572 2426 5640 confusionem,
2470 5574 2621 5644 juxta
2671 5585 3010 5631 naturarum.
3041 5587 3162 5642 qua:
3206 5572 3259 5627 in
3296 5573 3416 5644 ipso
3444 5586 3590 5642 sunt,

2012 5665 2384 5736 .prOprietates
2401 5682 2418 5734 ;
2437 5675 2598 5737 prout
2621 5666 2733 5737 jam
2760 5665 3087 5735 explicatum
3112 5672 3217 5731 est,
3234 5662 3407 5735 (quod
3433 5681 3590 5723 suum

2027 5768 2104 5814 est
2116 5755 2145 5827 )
2170 5758 2365 5828 cuique
2396 5759 2636 5815 tribuere
2667 5757 2934 5813 novimus.
2970 5755 3026 5812 Id
3053 5755 3194 5827 quod
3227 5772 3416 5814 earum
3442 5760 3586 5833 ipsa-

3191 5854 3233 5916 ὅ
