4022 6218
369 297 477 364 107.

1376 295 1439 356 S.
1483 292 1908 356 NICEPHORI
1945 291 2453 351 PATRIARCllrE
2491 292 2600 353 CP.

3558 289 3660 359 108

365 424 508 474 rum,
533 421 656 477 qua:
689 405 988 478 pinguntur
1014 414 1181 475 alque
1207 413 1482 472 ponuntur
1518 403 1815 472 imaginum
1841 416 1957 456 mo-

2066 401 2214 455 οὐδὲν
2245 396 2338 474 ἦν,
2363 401 2506 454 καθδ
2537 400 2674 466 Θεὸς
2707 396 2800 473 ἦν,
2839 398 2974 456 καθὸ
3005 401 3141 457 δὲιό
3173 403 3338 469 αὐτὸς
3370 403 3660 476 ἄνθρωπος

367 503 470 555 dus
503 500 760 555 ostendet
787 515 800 552 :
827 498 1084 553 autenim
1105 497 1212 552 illa:
1237 497 1290 550 in
1316 493 1834 566 prazsnpijacentem
1867 509 1954 548 rc-

363 601 726 666 prtescntant,
756 600 850 646 aut
882 589 1129 658 Deipara:
1167 589 1410 659 parentis
1446 595 1732 658 sugentem
1763 587 1952 652 ubera,

367 691 464 736 aut
497 680 798 752 discipulos
861 678 1253 749 alloquentem,
1321 675 1406 732 vel
1451 686 1723 731 astantem
1756 675 1954 746 Pilato,

365 779 463 824 aut
492 769 547 824 in
591 769 740 838 ligno
789 769 1141 838 pendentem,
1171 773 1264 820 aut
1297 765 1342 820 si
1392 781 1501 838 qua
1545 765 1812 836 ejusmodi
1849 767 1958 820 alia

366 861 484 928 ejus
541 862 594 914 in
625 868 801 914 terras
843 858 1134 914 adventum
1175 850 1502 914 declarant:
1555 873 1786 929 quorum
1814 856 1954 913 nihil

373 963 458 1030 est
482 967 544 1007 ea
579 953 792 1008 ratione
823 967 927 1024 qua
967 953 1110 1008 Deus
1141 961 1245 1019 est,
1277 953 1373 1008 sed
1401 967 1505 1024 qua
1536 952 1680 1008 idem
1712 967 1961 1023 unusque

373 1049 492 1116 ipse
525 1047 694 1102 homo
725 1046 1046 1110 exsistebat.
1078 1045 1194 1101 Nisi
1231 1046 1379 1101 enim
1410 1046 1736 1116 quandoque
1793 1047 1958 1100 homo

367 1139 550 1194 factus
599 1148 772 1206 esset,
821 1137 1174 1206 hominisque
1227 1136 1455 1208 ﬁgurant
1495 1151 1560 1191 ac
1619 1134 1850 1190 formam
1903 1137 1957 1191 in

2059 487 2152 564 ἦν.
2186 493 2249 546 Ei
2295 493 2396 564 μὲν
2427 493 2538 566 γὰρ
2578 493 2866 566 ἄνθρωπος
2904 496 3008 550 οὐκ
3036 496 3284 565 ἐγεγόνει
3319 495 3487 561 ποτὲ,
3539 497 3662 552 οὐδὲ

2063 583 2358 658 ἀνθρώπου
2407 587 2626 657 μορφὴν
2659 582 2869 657 ἢέἷδος
2897 589 2994 642 ἐπὶ
3023 589 3130 659 γῆς
3145 570 3428 654 ’ἑκουσίως
3459 590 3660 645 ἀνέλαο

2063 675 2180 744 ϐεν,
2207 679 2311 732 οὐκ
2351 677 2419 732 ἂν
2459 677 2635 732 ταῦτα
2665 679 2960 750 ἐγράφετο,
2995 681 3116 735 οὐδὲ
3155 683 3246 735 ἐπ’
3268 680 3436 735 αὐτοῦ
3471 680 3662 754 χώραν

2063 767 2322 839 γενέσθαι
2364 770 2614 844 ἐδέχετο·
2664 773 2713 824 εί
2758 771 2815 824 δὲ
2845 771 3034 842 σὰρξό
3063 773 3238 842 Λόγος
3273 773 3515 843 ἐγένετο,
3561 775 3661 830 καὶ

2063 863 2160 916 ἐπὶ
2189 863 2294 932 γῆς
2317 863 2516 934 ἐφάνη,
2541 861 2640 916 καὶ
2669 860 2825 933 ὤφθη
2857 862 3170 930 ἀνθρώποις
3197 864 3273 928 ὡς
3303 863 3611 936 ἄνθρωπος,
3629 866 3660 918 ὁ

2061 953 2260 1026 πρώην
2287 954 2534 1025 ἄσαρκος
2559 953 2694 1018 Θεὸς
2727 954 2823 1008 καὶ⁵
2855 953 3184 1026 ἀσώματοςο
3217 956 3318 1011 οὐκ
3352 955 3419 1010 ἂν
3451 956 3658 1010 ἀδικοῖ-

2066 1064 2190 1119 μεν,
2221 1047 2298 1111 ὡς
2332 1041 2523 1119 οἶμαι,
2567 1045 2604 1101 ἃ.
2654 1047 2988 1118 ἑωράκαμεν
3023 1049 3091 1120 τῇ
3139 1049 3328 1120 γραφῇ
3369 1049 3658 1120 σημαίνειν

2061 1137 2362 1204 ἐθέλοντες.

365 1243 512 1289 terra
542 1234 964 1305 assumpsisset,
999 1249 1277 1304 nunquam
1315 1233 1432 1289 haec
1461 1233 1688 1304 pictura:
1719 1245 1839 1288 arte
1869 1232 2051 1292 efﬁcta
2081 1248 2294 1306 essent,
2328 1251 2429 1295 nec
2476 1237 2627 1294 locus
2658 1237 2851 1294 fuisset
2909 1246 2972 1292 ut
3024 1236 3081 1293 in
3129 1250 3196 1293 eo
3259 1237 3385 1292 talia
3442 1237 3657 1296 ﬁerent.

353 1325 503 1383 Cum
564 1336 744 1382 autem
774 1323 1012 1380 Verbum
1040 1339 1170 1379 caro
1225 1324 1429 1380 factum
1465 1324 1558 1390 sit,
1589 1325 1728 1380 acin
1763 1335 1906 1379 terra
1931 1328 2265 1398 apparuerit,
2299 1329 2649 1398 humanaque
2677 1327 2870 1392 forma,
2903 1327 2994 1398 qui
3031 1326 3160 1381 olim
3204 1327 3346 1382 Deus
3407 1327 3660 1397 incorpo-

367 1435 496 1475 rcus
525 1429 580 1474 et
639 1419 820 1474 carnis
855 1432 1052 1488 expers
1111 1425 1248 1484 erat,
1277 1417 1429 1474 visus
1493 1416 1586 1484 sit,
1637 1417 1774 1472 nihil
1833 1421 1903 1474 ad
1952 1419 2206 1488 iniuriam
2265 1419 2461 1477 fecisse
2519 1419 2689 1476 videri
2739 1433 3047 1490 possumus,
3090 1417 3137 1474 si
3189 1432 3253 1474 ea
3307 1432 3431 1489 qua:
3487 1419 3660 1474 oculis

363 1512 626 1578 vidimus,
683 1509 963 1566 coloribus
1017 1525 1237 1580 quoque
1263 1525 1324 1566 ac
1351 1510 1608 1581 penicillo
1658 1512 1887 1567 reddere
1912 1520 2244 1570 statuamus.

377 1676 384 1682 .
424 1605 532 1661 .55.
577 1603 812 1660 ΙΜΡΕῐὶ.
842 1603 913 1660 At
945 1605 1076 1674 quid
1108 1605 1174 1658 de
1205 1603 1522 1676 angelorum
1554 1604 1718 1673 pictis
1767 1604 1964 1676 imagi-

2139 1611 2250 1676 νγν.
2285 1607 2327 1660 Ο
2373 1606 2528 1662 ΒΑΣ.
2579 1605 2646 1660 Τι
2699 1605 2758 1661 δὲ
2809 1604 2990 1677 βούλει
3035 1601 3166 1676 περὶ
3205 1603 3308 1675 τῆς
3340 1601 3450 1656 τῶν
3487 1600 3658 1672 ἀγγέ-

357 1699 547 1764 nibus,
583 1713 882 1768 eorumque
913 1697 1064 1752 dices
1100 1695 1451 1752 simulacris?
1479 1695 1590 1751 Nec
1623 1696 1790 1764 enim,
1810 1707 1960 1767 puto,

375 1789 627 1843 dicturus
657 1802 738 1854 es,
765 1787 932 1842 etiam
965 1786 1284 1856 angelorum
1315 1788 1518 1857 ﬁguras
1541 1785 1842 1856 pictoribus
1863 1802 1964 1845 ex-

366 1881 614 1952 ploratas
647 1896 792 1945 esse,
825 1879 1014 1950 sicque
1047 1879 1170 1935 illos
1197 1879 1448 1950 pingere,
1480 1879 1631 1934 velut
1661 1879 1714 1934 in
1743 1861 1963 1950 propria

371 1977 551 2030 forma
581 1974 1019 2043 conspiciuntur.
1058 1970 1272 2028 PA'l'R.
1305 1973 1419 2042 Ego
1456 1985 1590 2026 sane
1623 1971 1744 2027 illos
1795 1987 1963 2044 ange-

369 2067 547 2124 lorum
575 2081 682 2122 nec
711 2068 943 2121 formam
969 2080 1152 2126 nosse.
1178 2079 1276 2120 nec
1303 2063 1554 2135 ﬁguram,
1575 2063 1748 2120 libens
1774 2065 1968 2120 admit-

373 2168 482 2212 tam
519 2174 535 2213 :
571 2163 738 2227 atque
773 2156 912 2210 adeo
951 2169 1052 2210 nec
1083 2153 1164 2208 sic
1201 2153 1430 2223 pingere
1474 2163 1732 2222 tanquam
1761 2151 1962 2216 sciant,

367 2247 600 2320 pingere
625 2255 824 2310 tamen,
855 2253 1008 2314 puto,
1042 2243 1275 2296 humana
1331 2240 1530 2306 forma,
1583 2250 1642 2296 ut
1668 2241 1965 2312 Scriptura:

371 2353 544 2394 sacra:
564 2351 772 2393 morem
791 2344 1002 2408 gerant.
1024 2333 1262 2388 IMPER.
1288 2331 1445 2388 Unde
1471 2334 1586 2388 haec
1605 2333 1728 2389 ais?
1748 2331 1956 2388 PATR.

373 2429 569 2487 Nescis
599 2429 873 2500 quomodo
906 2427 974 2484 de
1033 2427 1266 2498 angelis,
1301 2425 1394 2498 qui
1434 2425 1668 2482 Abrahae
1698 2425 1765 2481 ad
1796 2441 1964 2496 qner-

374 2538 500 2577 cum
536 2529 944 2592 apparuerunt,
1009 2519 1249 2590 quodam
1296 2518 1419 2574 loco
1470 2519 1620 2574 dicat
1655 2517 1964 2590 Scriptura,

376 2613 762 2684 respicientem
791 2621 907 2668 tres
942 2610 1092 2668 viros
1109 2611 1315 2667 vidisse
1343 2609 1523 2666 oculis
1547 2609 1651 2666 sibi
1682 2609 1966 2667 astantes?

369 2705 516 2774 Quid
536 2705 704 2762 vero?
729 2703 925 2761 Nonne
939 2703 1044 2760 L0t
1072 2703 1216 2760 virili
1233 2703 1416 2775 specie
1445 2713 1772 2774 apparentes
1795 2719 1966 2775 ange-

375 2800 458 2856 los
487 2799 546 2864 in
581 2797 837 2853 Sodomis
863 2795 1028 2851 domo
1070 2809 1171 2852 sua
1199 2794 1459 2864 excepit?
1482 2795 1604 2850 Non
1627 2809 1758 2867 ergo
1783 2795 1967 2866 picto-

378 2907 469 2948 res
499 2891 761 2962 ﬁgmento
807 2889 1021 2954 ludunt,
1056 2902 1166 2951 nec.
1194 2887 1360 2944 alieni
1390 2902 1423 2942 a
1465 2887 1680 2944 ratione
1735 2897 1964 2944 conatus

2066 1695 2176 1752 λων
2205 1698 2630 1772 εἰκονογραφίας
2658 1697 2880 1768 λέγειν;
2909 1698 3031 1754 οὐδὲ
3062 1698 3195 1768 γὰρ,
3241 1693 3399 1768 οἴμαι
3419 1738 3434 1763 ,
3485 1699 3656 1767 ἐρεῖς,

2063 1787 2140 1853 ὡς
2213 1791 2308 1848 καὶ
2365 1790 2464 1855 τὰς
2547 1790 2800 1860 ἀγγέλων
2867 1790 2920 1844 oi
2975 1790 3258 1860 ζωγράφοι
3323 1785 3657 1857 γινώσκουσι

2068 1881 2320 1955 μορφὰς,
2351 1883 2445 1936 καὶ
2475 1881 2614 1952 πρὸς
2643 1880 2784 1946 εἶδος
2828 1881 3043 1944 ὲκείνας
3074 1879 3480 1942 ἀποϐλέποντες
3515 1877 3657 1950 γρά-

2065 1991 2281 2046 φουσιν.
2335 1977 2378 2028 Ο
2409 1975 2617 2030 ΠΑΤΡ.
2649 1969 2804 2038 Εἶδος
2841 1973 2940 2045 μὲν
2978 1973 3157 2042 ἔγωγε
3185 1971 3220 2042 ἢ
3254 1972 3466 2044 μορφὴν
3491 1969 3660 2039 ἀγγέ-

2064 2065 2174 2120 λων
2234 2065 2338 2120 οὒκ
2383 2065 2450 2119 ἂν
2487 2064 2690 2118 εἰδέναι
2744 2063 2914 2134 φαίην
2977 2063 3198 2126 αὐτοὺς,
3227 2059 3352 2114 οὔτε
3387 2061 3463 2124 ὡς
3517 2059 3657 2113 εἰδό-

2063 2177 2164 2223 τας
2201 2162 2376 2212 ποιεῖν
2403 2157 2473 2210 τὰ
2509 2155 2840 2228 γραφόμενα
2878 2153 3020 2226 (15)·
3057 2151 3364 2225 ἀνθρώπων
3387 2152 3446 2206 δὲ
3473 2151 3658 2216 αὐτοῖς

2065 2249 2448 2322 περιτιθέασιν
2495 2244 2771 2318 εἷδος,’τῇ
2821 2247 3056 2318 Γραφῇ,
3107 2245 3185 2310 ὡς
3241 2241 3420 2315 οἶμαι,
3470 2243 3658 2296 πειθό-

2067 2359 2244 2414 μενοι.
2277 2343 2319 2396 0
2377 2342 2528 2398 ΒΑΣ.
2586 2339 2760 2394 Πόθεν
2798 2337 2958 2394 τοῦτο
3007 2338 3146 2410 (Mc;
3201 2337 3242 2391 Ο
3277 2333 3483 2391 ΠΑΤΡ.
3543 2336 3658 2390 Οὐκ

2063 2429 2244 2500 οἶσθα,
2298 2433 2377 2496 ὡς
2436 2433 2566 2504 περὶ
2607 2431 2718 2486 τῶν
2743 2430 2822 2502 τῷ
2857 2429 3112 2501 ’Δσραὰμ
3163 2429 3318 2500 παρά
3366 2427 3466 2500 τὴν
3522 2427 3657 2499 δρῦν

2061 2524 2341 2594 ὀφθέντων
2371 2523 2623 2596 ἀγγέλων
2649 2523 2842 2596 Γραφη
2873 2520 2975 2575 πού
3014 2536 3204 2590 φησιν,
3226 2520 3304 2584 ὼς
3340 2518 3659 2590 ἀναϐλέψας

2062 2617 2179 2679 τοῖς
2220 2613 2522 2686 ὀφθαλμοῖς
2565 2613 2819 2686 ’Δὸραάμ
2839 2654 2857 2681 ,
2885 2614 3036 2684 τρεῖς
3069 2611 3268 2684 ἀνδρας
3306 2611 3456 2680 αὑτῷ
3510 2627 3657 2681 παρ-

2064 2705 2311 2771 εστῶτας
2347 2702 2530 2774 εἷδεν;
2566 2706 2632 2759 Τί
2653 2706 2760 2778 δή;
2807 2706 2870 2759 οὐ
2928 2705 3058 2768 τοὺς
3089 2705 3148 2758 ὲν
3178 2703 3437 2775 Σοδόμοις
3488 2703 3659 2772 ἀγγέ-

2063 2799 2227 2868 λους,
2267 2799 2344 2863 ὡς
2389 2797 2591 2870 ἄνδρας
2643 2797 3008 2869 φαινομένους
3052 2797 3396 2869 είσήγαγεν;
3446 2794 3658 2851 Οὐκοῦν

2063 2891 2166 2947 οὐκ
2195 2891 2351 2945 αὐτοὶ
2381 2890 2748 2956 πλάττονται,
2781 2889 2906 2944 οὐδὲ
2935 2888 3136 2958 ἀλόγου
3187 2888 3398 2960 τόλμης
3435 2891 3658 2958 ἔγγονον

374 2983 562 3056 proles
578 2991 681 3049 est,
696 2981 841 3054 quod
867 2981 942 3036 ita
971 2980 1232 3051 pingunt:
1257 2980 1352 3037 sed
1385 2979 1576 3050 quales
1591 2979 1772 3050 angell
1801 2994 1965 3050 appa-

2068 2983 2252 3046 αὐτοῖς
2290 2980 2361 3036 τὰ
2421 2980 2774 3054 γραφόμενα,
2829 2980 2948 3035 ἀλλ’
2974 2968 3078 3034 οἷοι
3137 2977 3426 3049 ὤφθησαν,
3483 2979 3660 3035 τοιού·

376 3084 632 3143 ruerunt,
667 3073 810 3132 tales
828 3073 994 3130 etiam
1021 3073 1184 3142 pictis
1203 3072 1479 3130 coloribus
1498 3087 1596 3129 eos
1617 3072 1880 3128 exhibent
1900 3085 1966 3126 ac

375 3174 804 3238 repraesentant.
833 3162 1072 3220 IMPER.
1109 3162 1264 3219 Unde
1280 3177 1410 3219 vero
1431 3162 1599 3219 etiam
1622 3160 1832 3217 alarum
1859 3160 1968 3216 illis

379 3257 814 3314 additamentum
849 3254 1120 3312 accessit?
1151 3252 1364 3310 PATR.
1402 3253 1640 3310 Omnino
1683 3252 1964 3320 existimo,

377 3349 453 3405 ad
495 3347 909 3413 discretionem,
950 3359 1020 3402 ne
1059 3345 1275 3416 penitus
1333 3345 1588 3402 homines
1615 3352 1964 3414 putarentur,

379 3435 500 3494 alas
527 3435 826 3493 addidisse.
877 3433 1020 3503 Quin
1051 3449 1121 3490 ne
1174 3433 1228 3490 id
1259 3433 1480 3505 quidem
1515 3433 1734 3504 opinor,
1788 3433 1969 3489 minus

383 3541 624 3600 congrue
666 3537 933 3597 extraque
979 3526 1252 3582 rationem
1286 3525 1408 3581 illos
1439 3525 1755 3594 invenisse;
1788 3525 1884 3582 sed
1911 3533 1972 3582 ut

384 3621 497 3678 vim
521 3621 691 3688 illam,
719 3634 825 3690 qua
854 3633 985 3675 aera
1020 3618 1329 3690 pervolant,
1377 3631 1682 3688 eorumque
1718 3619 1773 3674 in
1817 3617 1971 3675 cmlis

389 3712 632 3768 divinum
652 3709 963 3766 convictum
981 3709 1378 3766 subnotarent:
1406 3716 1465 3762 ut
1483 3707 1798 3775 innuerent,
1825 3705 1970 3777 quod

389 3801 516 3860 inde
545 3802 612 3856 ad
643 3815 742 3856 nos
785 3799 992 3870 iugiter
1022 3797 1362 3854 descendant
1392 3811 1721 3868 rursumque
1754 3797 1972 3852 veloces

385 3891 686 3950 ascendant
719 3891 773 3947 in
801 3889 1026 3958 coelum,
1059 3889 1142 3946 sic
1169 3889 1468 3945 instructos
1511 3889 1616 3945 alis
1673 3889 1971 3958 pingendos

385 3983 668 4039 statuisse.
727 3979 872 4047 Quin
927 3981 1095 4036 etiam
1145 3993 1268 4035 cum
1319 3978 1503 4033 Moses
1554 3991 1772 4048 quoque
1825 3976 1970 4032 alata

383 4072 682 4131 Cherubim
705 4073 858 4143 (qua:
881 4071 996 4142 ipsa
1036 4070 1219 4142 angeli
1247 4079 1396 4135 sunt,
1429 4083 1553 4125 cum
1586 4069 1837 4126 caelestes
1863 4083 1988 4124 orn--

389 4179 491 4222 nes
525 4174 691 4234 atque
727 4162 1090 4234 iatelligentes
1121 4161 1385 4228 Virtutes,
1417 4160 1674 4232 Dionysio
1714 4171 1964 4227 auctore,

387 4267 654 4314 vocentur
677 4254 892 4326 angeli)
920 4269 1031 4310 non
1057 4254 1262 4310 absone
1288 4263 1442 4324 puto,
1470 4251 1630 4308 aliine
1658 4252 1968 4324 exemplum

2065 3091 2194 3138 τους
2231 3074 2353 3136 ταῖς
2403 3072 2612 3127 εἰκόσιν
2655 3071 3055 3143 ἐγγράφουσιν.
3093 3072 3134 3124 0
3167 3072 3322 3126 ΒΛΣ.
3353 3073 3466 3125 Καὶ
3494 3072 3659 3148 πόθεν

2065 3167 2254 3229 αὐτοῖς
2275 3163 2434 3236 ἡτῶν
2450 3163 2672 3237 πτερῶν
2703 3165 2998 3236 προσθήκη
3018 3163 3322 3236 ἐφεύρηται
3343 3181 3360 3234 ;
3388 3167 3428 3219 0
3449 3165 3656 3220 IIATP.

2067 3256 2237 3328 Οἶμαι
2293 3257 2468 3322 ὅλως,
2533 3258 2624 3312 ἵνα
2670 3257 2747 3329 μὴ
2805 3256 3089 3328 ἄνθρωποι
3142 3257 3367 3324 τελείως
3423 3260 3658 3326 νοοῖντο,

2070 3353 2139 3423 τῇ
2187 3350 2484 3422 προσθήκῃ
2528 3351 2594 3404 τὸ
2651 3349 2971 3406 διαλλάττον
3033 3350 3328 3422 ἐδήλωσαν.
3373 3351 3448 3405 Οὐ
3498 3351 3554 3404 δέ
3594 3366 3661 3420 γε

2069 3444 2268 3517 αὐτὴν,
2315 3443 2393 3509 ὡς
2439 3443 2608 3511 δοκῶ,
2663 3443 2768 3516 τὴν
2821 3445 3146 3517 προσθήκην
3209 3445 3392 3516 ἀλόγῳ
3451 3443 3663 3516 θεωρήο

2069 3553 2270 3601 σαντες
2306 3535 2503 3608 γνώμῃ
2524 3574 2542 3600 ,
2585 3535 2722 3590 ἀλλά
2756 3535 2819 3589 τδ
2852 3533 3158 3607 ἀεροπόρον
3203 3533 3388 3588 αὐτῶν
3424 3536 3661 3590 αἰνιττό-

2073 3645 2250 3702 μενοι,
2273 3627 2370 3682 καὶ⁴
2397 3619 2498 3698 τὴν
2526 3626 2651 3682 κατ’
2678 3625 2911 3696 οὐρανὸν
2939 3629 2997 3680 ὲν
3020 3625 3140 3696 Θεῷ
3162 3625 3396 3693 διαιταν,
3433 3627 3531 3680 καὶ
3557 3629 3661 3692 τάς

2068 3719 2282 3776 ἐκεῖθεν
2323 3719 2392 3774 δι’
2430 3719 2581 3789 ἡμᾶς
2627 3718 2916 3782 συντόνους
2960 3717 3252 3781 καθόδους,
3295 3717 3394 3772 καὶ
3429 3718 3532 3782 τὰς
3575 3720 3660 3784 εἰς

2070 3808 2302 3883 οὐρανὸν
2338 3807 2399 3874 ἐξ
2444 3808 2602 3880 ἡμῶν
2637 3807 2891 3878 ἑτοίμους
2925 3806 3184 3875 ἀνόδους,
3235 3808 3662 3881 ἐπτερωμένους

2069 3900 2269 3964 αὐτοὺς
2303 3891 2739 3970 ὑπογράφουσιν.
2771 3899 2916 3971 Ἤδη
2941 3899 3000 3953 δὲ
3022 3900 3116 3954 καὶ
3143 3899 3428 3964 Μωῦσέως
3457 3900 3658 3970 πτέρυ-

2071 4010 2176 4064 γας
2215 3993 2410 4064 ἔχοντα
2452 3994 2847 4064 τυπωσομένου
2910 3993 2978 4048 τά
3012 3991 3300 4063 Χερουϐὶμ
3331 3991 3577 4062 (ἄγγελοι
3604 3991 3662 4045 δὲ

2071 4087 2168 4142 καὶ
2210 4084 2423 4141 ταῦτα’
2463 4086 2557 4140 καὶ
2593 4085 2703 4156 γὰρ
2747 4084 2934 4150 ἁπλῶς
2982 4083 3080 4148 τὰς
3127 4084 3415 4158 οὐρανίους
3451 4101 3512 4138 τε
3563 4083 3661 4139 καὶ

2071 4178 2268 4250 νοεράς
2312 4178 2576 4249 δυνάμεις
2618 4176 2890 4254 ἀγγέλους
2945 4175 3206 4230 καλοῦσιν
3230 4217 3247 4244 ,
3293 4176 3370 4240 ὡς
3399 4175 3660 4248 Διονυσίῳ

2072 4271 2288 4344 δοκεῖ),
2309 4272 2412 4327 οὐκ
2438 4271 2748 4336 ἀπεικότως
2773 4269 3017 4343 ἠγοῦμαι
3045 4269 3125 4342 τῷ
3153 4268 3524 4343 παραπλησίῳ
3549 4263 3660 4324 τῶν

387 4363 684 4422 usurpasse
709 4350 968 4422 pictores.
1006 4347 1162 4405 Nunc
1189 4348 1396 4418 itaque,
1421 4347 1743 4416 imperator,
1771 4346 1964 4402 horum

2073 4331 2543 4436 παραδειγμάτων
2589 4331 2934 4436 ἐχρήσαντο..
2961 4363 3072 4418 Καὶ
3095 4331 3250 4419 ’νυνί
3273 4403 3290 4430 ,
3320 4355 3367 4416 ὧ
3405 4331 3659 4432 βασιλεῦ,

392 4444 714 4503 meminisse
743 4451 982 4512 oportet,
1011 4449 1180 4510 atque
1229 4438 1415 4494 animo
1437 4436 1673 4492 ﬁrmiter
1709 4437 1968 4504 retinere,

389 4537 554 4596 nobis
581 4537 674 4607 qni
699 4533 1016 4606 angelorum
1039 4530 1307 4602 imagines
1331 4529 1630 4600 pingimus,
1659 4535 1971 4584 creaturam
2007 4529 2019 4539 '

390 4643 516 4686 esse
547 4625 694 4696 quod
731 4623 1009 4681 coloribus
1038 4628 1202 4693 atque
1248 4619 1503 4691 penicillo
1539 4617 1870 4688 ellingimus,
1918 4625 2007 4675 et’

388 4721 475 4776 sic
493 4721 639 4790 ipsos
653 4719 806 4774 adire
831 4731 942 4782 me,
967 4730 1075 4770 non
1093 4723 1352 4784 tanquam
1373 4727 1685 4784 supremam
1711 4712 1976 4783 primam-

390 4827 500 4884 que
529 4810 824 4884 essentiam
873 4823 974 4865 suo
1009 4807 1136 4879 jure
1183 4805 1473 4862 obtineant
1505 4805 1688 4874 (absit
1715 4805 1862 4861 enim
1913 4814 1973 4861 ut

393 4881 460 4958 co
487 4881 776 4958 dementia:
818 4898 988 4965 ferar,
1039 4905 1096 4954 et
1151 4897 1297 4969 quod
1350 4906 1602 4954 creatum
1643 4905 1751 4960 est,
1801 4895 1970 4950 Deum

395 4994 681 5064 censeam)
717 4993 813 5048 sed
844 4991 993 5048 velut
1025 4990 1117 5061 qui
1148 4987 1398 5048 conservi
1423 5003 1614 5060 magna
1641 4988 1784 5060 apud
1823 5002 1974 5044 com-

398 5085 948 5144 tttttttent'Doutinum
984 5083 1210 5142 virtutis
1261 5081 1595 5142 abundantia
1639 5091 1696 5138 et
1725 5079 1976 5154 suffragii

400 5178 638 5250 polleant
663 5184 956 5248 potestate.

501 5379 525 5446 (
537 5381 624 5450 l5)
648 5377 954 5450 succinctae
979 5376 1267 5450 brevitatis
1291 5377 1572 5450 energiam
1595 5382 1704 5450 ,Aut
1729 5381 1854 5450 apte
1878 5387 1981 5450 ex-

402 5445 647 5523 pressam
681 5449 873 5508 Latine
904 5449 1130 5518 habeas,
1165 5449 1244 5506 sic
1268 5445 1482 5520 plenius
1515 5445 1678 5503 redde
1706 5462 1720 5498 :
1761 5462 1780 5496 ς
1807 5445 1985 5500 Adeo—

2077 4456 2487 4529 μνημονευτέον
2505 4456 2733 4512 ἐκείνων
2754 4458 2850 4512 καὶ
2871 4453 3046 4526 ἀπρὶξ
3071 4457 3138 4527 τῇ
3165 4454 3313 4526 ψυχῇ
3335 4452 3659 4521 φυλακτέον,

2073 4545 2153 4610 ὡς
2183 4549 2234 4600 εί
2259 4546 2356 4600 καὶ
2388 4545 2638 4616 ἀγγέλων
2663 4544 2884 4610 εἰκόνας
2915 4544 3226 4617 γράφομεν,
3263 4541 3470 4610 κτίσμα
3499 4541 3662 4595 πάλιν

2075 4640 2212 4711 ἡμῖν
2251 4639 2315 4692 τὸ
2355 4637 2727 4713 γραφόμενον,
2759 4639 2858 4692 καὶ
2908 4637 3172 4709 πρόσειμι
3198 4635 3418 4702 αὐτοῖς,
3447 4635 3546 4705 οὐχ
3587 4634 3664 4698 ὡς

2075 4729 2180 4800 τὴν
2228 4727 2495 4784 ἀνωτάτω
2541 4727 2638 4783 καὶ
2691 4725 2918 4800 πρώτην
2966 4725 3433 4798 κληρωσαμένους
3474 4723 3666 4778 οὐσίαν

2083 4819 2195 4892 (μὴ
2207 4819 2353 4875 οὕτω
2377 4819 2630 4892 μανείην,
2646 4820 2722 4885 ὡς
2741 4819 2878 4874 Θεὸν
2901 4821 3042 4874 νοεῖν
3069 4817 3132 4872 τὺ
3156 4816 3522 4888 κτιξόμενον),
3547 4815 3664 4870 ἀλλ’

2082 4913 2162 4978 ὡς
2209 4912 2520 4978 συνδούλοις
2539 4953 2554 4980 ,
2606 4911 2812 4985 πολλὴν
2861 4912 3000 4985 πρὸς
3030 4911 3125 4966 τὸν
3161 4909 3344 4966 κοινὸν
3385 4909 3667 4978 Δεσπότην

2001 5070 2010 5079 ⁸
2086 5006 2404 5080 παρρησίαν
2427 5006 2795 5080 κεκτημένοις
2817 5005 2908 5061 διὰ
2929 5004 2992 5060 τὸ
3022 5002 3282 5060 πλούσιον
3310 5001 3412 5074 τῆς
3439 4999 3669 5074 ἀρετῆςδ

2090 5385 2200 5454 que
2229 5385 2347 5456 που.
2367 5373 2631 5456 pingere,
2662 5369 2810 5429 velut
2845 5371 2934 5444 qui
2985 5367 3148 5427 talem
3189 5365 3424 5424 formata
3471 5361 3675 5419 habere

2094 5453 2242 5512 ipsos
2269 5453 2470 5500 sciant.
2511 5463 2530 5496 ι

1993 5668 2066 5686 Ψ
