4022 6218
347 322 460 402 109

1879 308 2087 373 VITA.

3536 279 3638 347 110

1810 424 2043 484 CAPUT
2080 422 2171 479 1X.

467 554 657 614 Sancti
694 549 981 621 Nicephori
1016 554 1064 603 et
1096 546 1328 601 aliorum
1362 543 1726 614 episcoporum
1761 552 1812 666 ﬁ
1840 542 2225 664 monachqtl'um
2257 554 2377 593 cum
2416 536 2731 603 imperatore
2773 530 2838 585 de
2870 524 3190 598 imaginibus
3221 520 3565 591 colloquium.

1817 629 1969 666 orum
1996 627 2108 666 cassi
2136 627 2264 665 tum.

1817 629 1969 667 orum
1996 627 2264 667 exsulum.

430 738 524 794 νϐ’.
562 734 679 790 Καὶ
720 733 751 786 ὁ
799 728 1094 801 βασιλεὺς,
1135 728 1202 799 τῇ
1242 724 1382 797 πρὸς
1408 724 1703 796 ἀπόκρισιν
1734 725 1984 796 ἀφασίᾳ,

2123 711 2211 779 54.
2239 720 2376 793 Tum
2406 720 2718 789 imperator,
2750 710 3110 783 respondendi
3138 709 3318 777 inopia
3345 721 3481 777 pene
3507 704 3645 761 elin-

360 826 647 891 πιεσθεὶς,
708 822 865 894 μόλις
928 817 1127 889 νεκρόν
1182 835 1237 870 τι
1316 817 1411 870 καὶ
1482 816 1697 885 ἀπηχὲς
1751 814 1952 885 ἐφθέγ..

363 923 514 990 ξατο.
558 915 723 971 Ἀλλὰ
774 912 873 966 καὶ
919 909 1213 981 Πατρικῶν
1251 908 1503 979 χρήσεων
1547 906 1715 977 ὲσμδν
1765 907 1814 961 oi
1860 907 1957 960 τὰ·

362 1013 554 1070 venia
601 1004 932 1081 φρονοῦντες
979 1004 1111 1075 ἡμῖν
1157 1000 1536 1071 ἐπιφέρουσιν
1579 998 1655 1063 ὡς
1701 998 1777 1071 μὴ
1820 998 1954 1051 tino-

369 1102 655 1176 στείλησθε
697 1099 843 1154 κατὰ
884 1097 1177 1169 πρόσωπον
1212 1092 1394 1146 αὐτῶν
1440 1109 1501 1146 τε
1543 1094 1639 1146 καὶ
1670 1091 1828 1164 ἡμῶν
1858 1091 1957 1164 τὴν

365 1198 527 1251 λύσιν
561 1188 917 1263 ποιήσασθαι.
957 1186 1065 1241 Καὶ
1097 1185 1126 1239 ὁ
1165 1182 1456 1246 θεσπέσιος
1500 1181 1691 1254 Πατὴρ
1725 1179 1959 1252 ἀπεκρι-

368 1303 523 1344 νατο·
552 1285 787 1355 Εἴρηται
808 1280 963 1351 ἡμῖν,
986 1270 1033 1330 ὦ
1060 1273 1309 1345 βασιλεῦ,
1333 1274 1430 1327 κα)⁸
1461 1272 1623 1327 πάλιν
1650 1273 1954 1345 είρήσεται,

372 1379 449 1442 ὡς
485 1374 579 1429 τοῦ
608 1373 880 1443 ὑμετέρου
911 1363 1364 1438 προμηθούμενοι
1397 1363 1658 1434 κράτους,
1687 1362 1782 1415 καὶ
1812 1362 1959 1431 Γρα-

374 1468 554 1539 φικῶν
601 1465 699 1518 καὶ
748 1459 1042 1531 Πατρικῶν
1085 1459 1301 1530 ῥήσεων
1329 1457 1430 1521 τὰς
1466 1454 1683 1521 λύσεις,
1720 1452 1856 1507 Θεοῦ
1881 1452 1963 1505 δι-

374 1560 577 1624 δόντος,
615 1554 950 1627 παρξξομεν·
1000 1552 1112 1612 τοῖς
1143 1549 1200 1602 δὲ
1234 1549 1335 1618 τῆς
1375 1545 1700 1617 Ἐκκλησίας
1737 1544 1967 1605 ἑαυτοὺς

375 1611 875 1719 ἑὲωὸτέᾶωίλὲᾶι
922 1642 1000 1714 τῷ
1041 1611 1351 1710 ἁναθέμαΙτι
1392 1611 1619 1700 ἑαυτούς
1666 1634 1966 1707 παραπέμ-

375 1745 544 1815 quam
590 1741 673 1803 είς
717 1736 940 1808 ὁμιλίαν
979 1734 1079 1804 οὐχ
1120 1732 1350 1804 ἥξομενο
1400 1730 1523 1784 οὐδὲ
1552 1729 1661 1800 γὰρ
1700 1727 1967 1798 ἑπισυλᾷν

378 1838 413 1909 ἢ
441 1835 728 1890 ἀποκινεῖν
753 1849 807 1884 τι
829 1829 937 1884 τῶν
961 1826 1255 1882 συναδικῶν
1270 1826 1413 1898 ὅρων
1438 1826 1471 1895 ἦ
1501 1822 1811 1895 σφραγίδων
1843 1820 1969 1892 βου-

376 1925 628 1997 λοίμεθα.
649 1924 715 1979 Ei
739 1922 798 1977 δέ
822 1937 886 1992 γε
916 1919 1105 1990 σαφῶς
1130 1916 1427 1986 διαγνῶναι
1457 1915 1766 1987 θελήσειας,
1797 1913 1873 1978 ὼς
1905 1913 1967 1966 ού

383 2018 666 2091 πρόπαλαι
699 2015 862 2085 μόνον
892 2011 1063 2065 ταῦτα
1087 2011 1541 2082 πεφρονήκαμεν,
1571 2010 1692 2066 οὐδὲ
1719 2008 1828 2082 μὴν
1852 2006 1969 2063 νυνὶ

2057 816 2199 888 guis,
2230 813 2320 868 vix
2346 811 2661 880 languidum
2696 806 2825 877 quid
2855 820 2921 859 ac
2958 802 3247 857 stridulum
3283 797 3477 854 effatus
3514 816 3527 853 :
3556 799 3648 855 At-

2058 907 2174 979 qui,
2227 904 2423 975 inquit,
2472 902 2740 973 plurimas
2797 898 3025 953 Patrum
3078 896 3438 949 auctoritates
3492 894 3650 947 nobis

2057 999 2315 1063 oﬂ'erunt,
2364 996 2457 1064 qui
2504 997 2751 1050 adversa:
2795 990 3082 1047 sententiae
3113 1001 3244 1044 sunt
3288 1006 3302 1043 :
3360 988 3650 1058 placetque

2060 1099 2301 1147 actutum
2345 1103 2409 1144 ac
2437 1087 2557 1143 sine
2591 1100 2765 1148 mora,
2799 1093 2974 1138 uteas
3018 1097 3200 1136 coram
3230 1081 3340 1135 illis
3380 1079 3648 1147 nobisque

2060 1180 2488 1238 dissolvatis.Ad
2510 1179 2621 1235 haec
2641 1177 2858 1232 divinus
2890 1173 3054 1231 Pater
3081 1196 3093 1227 :
3116 1173 3366 1245 piximus
3390 1172 3527 1242 jam,
3552 1186 3644 1224 sa-

2024 1272 2037 1287 ⁸
2065 1274 2371 1331 cratissima
2394 1272 2670 1343 maiestas,
2692 1270 3000 1338 iterumque
3022 1265 3275 1330 dicimus,
3303 1279 3424 1328 nos,
3445 1264 3644 1335 quibus

2063 1382 2209 1425 cura:
2240 1367 2314 1421 sit
2351 1374 2529 1420 vestra
2569 1361 2736 1426 salus,
2778 1369 2887 1414 tum
2922 1357 3237 1428 Scripturtc,
3276 1365 3387 1410 tum
3414 1353 3641 1409 Patrum

2062 1457 2204 1523 loca,
2229 1457 2336 1512 Deo
2359 1455 2581 1525 auspice
2610 1462 2770 1522 atque
2791 1452 3037 1522 adiutore
3065 1450 3374 1513 soluturos;
3395 1448 3539 1503 haud
3564 1459 3646 1502 ta-

2067 1564 2190 1605 men
2206 1546 2615 1610 commissuros,
2630 1553 2688 1598 ut
2710 1560 2830 1597 cum
2849 1544 2914 1597 iis
2933 1540 3280 1597 conferamus
3310 1555 3645 1606 sermonem,

2070 1640 2165 1710 qui
2190 1640 2257 1694 ab
2277 1637 2524 1694 Ecclesia
2543 1652 2664 1692 sese
2678 1636 2981 1705 ejicientes,
3006 1637 3123 1691 diro
3136 1634 3468 1689 anathemati
3501 1634 3647 1690 fece-

2071 1741 2198 1786 runt
2225 1730 2512 1786 obnoxios.
2550 1728 2661 1784 Nec
2715 1730 2859 1785 enim
2900 1730 2969 1783 ita
3001 1727 3304 1798 comparati
3336 1742 3551 1792 sumus,
3589 1736 3651 1781 nt

2072 1820 2217 1877 demi
2245 1819 2449 1889 aliquid
2492 1828 2588 1873 aut
2618 1819 2822 1873 moveri
2854 1832 2922 1871 ex
2978 1818 3067 1884 iis,
3113 1832 3235 1887 qua:
3258 1816 3523 1872 canonice
3555 1816 3650 1872 de-

2074 1922 2222 1969 creta
2257 1922 2419 1981 atque
2458 1910 2667 1966 sancita
2697 1917 2845 1974 sunt,
2880 1910 3286 1979 permittamus.
3323 1908 3421 1964 Sin
3466 1916 3649 1965 autem

2076 2004 2364 2074 perspicue
2388 2001 2520 2057 libet
2554 2016 2901 2071 cognoscere,
2941 2016 3046 2056 non
3096 2000 3226 2056 olim
3285 2011 3498 2057 tantum
3555 2018 3658 2057 nos

390 2090 540 2183 μόνοι
565 2109 750 2163 λαλεῖν
780 2102 1118 2176 ἐπειγόμεθα
1138 2142 1154 2168 ,
1186 2102 1322 2156 πολὺ
1354 2100 1412 2157 δὲ
1442 2102 1541 2157 σὺν
1574 2104 1709 2173 ἡμῖν
1738 2099 1967 2156 ἐπισκό-

2087 2109 2196 2151 eum
2228 2095 2281 2148 in
2313 2097 2530 2149 modum
2559 2094 2820 2160 sensisse,
2854 2108 2955 2149 nec
2984 2093 3127 2149 soles
3150 2099 3265 2162 jam
3305 2094 3357 2149 iu
3387 2100 3659 2151 sermonis

391 2222 511 2257 πων
538 2220 595 2255 τε
637 2199 737 2255 καὶ
785 2195 1130 2271 μοναζόντων
1166 2194 1369 2265 πλῆθος
1400 2194 1501 2248 οὐκ
1534 2194 1751 2265 ἄσημον
1781 2191 1877 2246 ἐπὶ
1903 2194 1973 2264 τῇ

392 2295 523 2367 ὀρθῇ
552 2292 757 2365 ταύτης
783 2288 1078 2361 ὁμολογίας
1103 2287 1207 2358 όδῷ
1230 2287 1322 2340 τὸν
1351 2287 1486 2340 πόδα
1512 2286 1834 2357 ἐρείδουσιν,
1865 2284 1973 2340 ίδοὺ

390 2380 539 2441 οὗτοι
573 2385 670 2439 in).
711 2382 822 2436 τῶν
849 2378 1037 2435 πυλῶν
1074 2380 1171 2449 τῆς
1226 2378 1498 2451 ὑμετέρας
1527 2376 1700 2448 αύλῆς
1730 2377 1971 2441 ἑστᾶσιν,

390 2477 487 2542 οὓς
517 2477 568 2530 εί
600 2458 937 2546 παρέσεσθαι
975 2468 1386 2533 κατανεύσοιτε,
1418 2466 1633 2521 εἴσεσθε
1655 2467 1750 2521 καὶ
1779 2466 1848 2521 δι’
1873 2466 1978 2520 αύ-

390 2569 524 2635 τῶν,
577 2566 847 2640 μηδεμίαν
892 2563 1029 2635 πρὸς
1077 2562 1138 2616 τδ
1187 2560 1347 2632 ἡμῶν
1413 2558 1697 2615 διάστασιν
1751 2557 1977 2629 ἔχοντας

395 2662 677 2733 φρόνημα-

466 2730 910 2808 νε’.-’Κατανεύει
941 2747 1037 2803 οὖν
1065 2746 1279 2810 τούτοις
1321 2745 1421 2819 τὴν
1451 2743 1676 2799 εἴσοδον·
1712 2742 1980 2799 συνεισιέ-
2030 2730 2033 2735 ’

394 2865 483 2901 ναι
509 2846 567 2900 δὲ
596 2846 783 2909 αὐτοῖς
809 2842 919 2897 τῶν
954 2843 1012 2895 ὲν
1040 2840 1184 2895 τέλει
1220 2837 1432 2894 κελεύει
1469 2837 1600 2901 τοὺς
1637 2835 1981 2908 προῦχοντας

394 2936 780 3010 ἀπῃωρημένα
798 2936 919 2999 τοῖς
958 2933 1176 3006 μηροῖς,
1208 2930 1286 2996 ὡς
1313 2931 1549 2994 ἕκαστος
1582 2925 1697 3000 εἶχε
1731 2927 1941 2995 τάξεως
1961 2966 1978 2995 ,

394 3032 466 3085 τὰ
499 3031 627 3102 ξίφη
659 3027 1024 3092 καθελόντας,
1050 3024 1300 3095 οἰόμενος
1325 3020 1582 3091 ἐκφοϐεῖν
1611 3022 1678 3093 τῇ
1707 3034 1982 3091 στρατιω-

396 3124 522 3191 τικῇ
550 3118 702 3191 χειρὶ¹
732 3118 859 3180 τοὺς
883 3115 1189 3186 ἁπτοήτους
1211 3114 1240 3166 ό
1262 3112 1519 3175 δείλαιος.
1544 3110 1862 3165 Είσελαύνει
1887 3103 1982 3164 οὖν

398 3216 428 3268 ό
456 3211 605 3285 ίερδς
634 3211 843 3273 ἐκεῖνος
866 3207 1053 3279 ὅμιλος
1078 3206 1178 3278 τῆς
1222 3204 1556 3274 Ἐκκλησίας
1585 3202 1727 3275 πρὸς
1757 3202 1826 3257 τὰ
1855 3220 1984 3275 χρυ-

403 3305 612 3375 σοφόρα
639 3302 952 3373 ἀνάκτορα,
988 3297 1160 3370 πολλῇ
1198 3298 1294 3352 καί⁸
1330 3297 1557 3368 ἀρρήτῳ
1589 3298 1656 3367 τῇ
1702 3294 1983 3368 προθυμίᾳ

402 3396 779 3468 γαυρούμενος
798 3432 815 3458 ,
846 3392 944 3447 καλ⁵
968 3390 1133 3445 οἱονεὶ
1176 3388 1309 3461 θείῳ
1339 3389 1553 3460 κέντρῳ
1593 3391 1658 3460 τῇ
1696 3388 1983 3460 παρρησίᾳ

395 3488 756 3556 νυσσόμενος·
772 3486 868 3541 καὶ
891 3484 1035 3549 ἐπεὶ,
1051 3480 1181 3538 ἔνθα
1197 3481 1454 3537 θαάσσων
1470 3480 1618 3553 (15⁸)
1639 3480 1720 3534 ἔτι
1739 3480 1768 3534 ὀ
1791 3479 1986 3550 τύραν-

404 3598 515 3647 νος,
557 3578 814 3650 ἧγγιζον,
866 3573 1036 3647 ὁρῶσι
1077 3572 1169 3627 τὸν
1191 3571 1564 3645 ἀρχιποίμενα
1606 3569 1982 3640 γεγωνότιρόν

405 3691 521 3738 πως
552 3667 1084 3741 ἀπιφθεγγόμενον,
1118 3664 1219 3719 καὶ
1247 3662 1596 3735 συλλογισμῷ
1630 3662 1721 3717 τὸν
1754 3662 1984 3734 βασιλέα

478 3849 635 3931 (ιε’).
663 3848 766 3931 ωδε
819 3845 1196 3931 θᾳάςςρνῖεςε
1237 3842 1692 3931 cuiusuis?“
1742 3844 1990 3931 seeds"?

404 3914 533 3978 noia
553 3914 805 3988 adjuncta
828 3916 1101 3987 signiﬁcat
1121 3916 1262 3988 idem
1280 3914 1622 3988 valerequod
1642 3914 1986 3988 σπεύδοντεςο

407 3991 553 4062 quod
596 3985 724 4045 licet
763 3985 1052 4062 no_n'esset
1085 3985 1233 4062 omni
1271 3985 1606 4062 auctoritate
1632 3985 1986 4062 destitutum,

407 4054 517 4119 non
560 4070 745 4116 tamen
776 4056 844 4111 ad
874 4058 1221 4111 commodum
1265 4069 1485 4111 sensum
1522 4054 1823 4110 habendum
1863 4069 1992 4124 pro-

412 4136 599 4187 liceret
623 4148 638 4183 :
662 4129 849 4196 Itaque
878 4127 1014 4180 duas
1042 4140 1203 4196 voces
1226 4125 1281 4178 in
1312 4139 1474 4196 unam
1510 4139 1615 4177 non
1643 4125 1764 4196 sine
1796 4125 1993 4180 mendo

412 4201 684 4257 coaluisse
716 4193 1056 4265 suspicatus,
1086 4195 1319 4251 distraxi
1350 4194 1604 4250 θαάσσων
1628 4193 1732 4259 ἔτι,
1769 4205 1821 4251 et
1862 4208 1990 4250 sen-

413 4286 539 4327 sum
563 4309 579 4333 ,
606 4269 774 4324 etiam
820 4264 872 4319 in
904 4265 1098 4319 Latina
1127 4266 1376 4320 versione
1409 4266 1681 4318 turbatum
1704 4306 1719 4330 ,
1756 4274 1884 4335 puto
1914 4264 1995 4319 sic

414 4336 823 4411 integre_reddi
860 4350 1059 4405 posse:
1097 4352 1116 4386 ι
1156 4335 1220 4390 Et
1253 4350 1400 4411 cunt
1424 4335 1552 4411 illuc
1582 4336 1991 4411 apprOpinqua-

416 4404 659 4464 rent'ubi
706 4406 883 4460 adhuc
915 4417 1178 4476 tyrannus
1209 4406 1565 4476 considebat,
1598 4406 1784 4460 vident
1811 4404 1993 4476 archiq

412 4474 949 4548 praesulemclatiori
972 4490 1103 4531 voce
1125 4475 1614 4548 contradicentem,
1638 4476 1860 4548 jamque
1886 4474 1996 4545 syl-

418 4544 651 4619 logismo
703 4546 994 4619 ferientem
1036 4544 1206 4615 ipsius
1241 4545 1592 4619 imperatoris
1624 4545 1776 4619 velut
1807 4544 1995 4600 recens

415 4614 527 4675 na'ti
556 4616 768 4687 pueruli
804 4615 1088 4687 infantiam
1125 4632 1138 4668 :
1169 4615 1310 4668 unde
1343 4615 1506 4668 etiam
1538 4614 1637 4683 ipsi
1670 4615 1736 4668 ad
1766 4614 1994 4684 loquen-

415 4692 540 4745 dum
557 4685 867 4742 confirmati
898 4695 1043 4745 sunt,
1065 4698 1413 4747 omnemque,
1446 4702 1464 4733 ι
1494 4694 1602 4739 etc.

457 4728 1480 4841 ξ’ᾧ)ᾜὲἓᾷῖιίίὲιιξὲῖἶξιιζ’ἇὶξὲςῇἱξίεἰ.
1496 4728 1681 4835 Ἠᾷἐά
1705 4753 2003 4841 ευηιλςῇεηι
2024 4728 2072 4787 υ

701 4824 888 4879 colunt
918 4824 976 4877 S.
1007 4821 1469 4894 Theophylactutn
1488 4825 1800 4894 episcOpunt
1834 4823 2003 4894 Nico-’

418 4899 777 4959 mediensetn,
813 4903 867 4949 et
891 4895 997 4949 ista
1027 4894 1092 4948 de
1113 4894 1215 4947 hoc
1236 4893 1379 4949 emtu
1414 4894 1655 4948 habent:
1691 4910 1711 4944 ι
1742 4893 1803 4948 S.
1838 4893 1996 4948 Nice-

417 4969 627 5039 phorus
654 4964 964 5039 patriarcha
984 4963 1621 5039 Constantinopolitanus
1642 4963 1995 5039 lectissimum

459 5032 698 5104 uernqu'e
740 5035 1055 5103 episcopum
1098 5034 1166 5087 ad
1212 5047 1275 5104 se
1319 5033 1589 5104 evocavit,
1640 5032 1996 5104 Emilianutn

462 5100 796 5178 yzicensem,
830 5100 1177 5178 eqjtytnium
1205 5102 1481 5178 sardium,
1504 5100 1803 5178 Joseph_um_
1830 5102 1997 5178 Thes-

420 5172 855 5240 salonicensem,
893 5172 1215 5245 Michaeletn
1255 5172 1652 5245 Synadensem,
1689 5173 1992 5229 Eudoxiutn

421 5248 834 5316 Amoriensent,
870 5253 926 5299 et
955 5241 1428 5316 Theophylacitum.
1479 5243 1990 5311 Nicomedieusem,

423 5318 667 5388 aliosque
702 5314 924 5388 multos,
941 5315 1053 5388 Aqui
1080 5314 1279 5388 omnes
1302 5314 1684 5388 imperatorem
1707 5328 1992 5388 convene-

424 5383 660 5451 runt,'et
684 5385 854 5440 multa
879 5386 954 5440 illi
980 5383 1053 5440 ex
1076 5384 1312 5439 oraculis
1343 5399 1625 5440 sacrarum
1659 5383 1992 5439 Litterarum

427 5458 686 5512 salutaria
722 5457 1102 5525 propinarunt.
1138 5473 1157 5507 ι
1196 5455 1271 5509 De
1304 5465 1494 5510 sancto
1543 5454 1834 5524 Euthymio
1878 5456 1996 5525 cgi-

428 5541 545 5581 mus
572 5542 628 5595 at
659 5525 866 5589 Iartii,
898 5541 964 5580 ac
988 5536 1098 5580 tum
1152 5541 1274 5595 qua:
1306 5525 1420 5591 ille,
1448 5525 1525 5579 uti
1555 5526 1646 5580 die
1669 5526 1706 5580 8
1728 5540 1851 5594 quae
1878 5540 2000 5581 san-

430 5606 547 5667 ctus
562 5594 1011 5667 Theophylactus
1035 5597 1297 5667 praaclare
1318 5604 1664 5667 perorarunt,
1686 5596 1992 5667 retulimus.

429 5666 690 5735 Coluntur
720 5664 807 5735 ἐἰ
841 5666 962 5720 aliis
998 5665 1320 5721 A‘Jmilianus
1355 5665 1644 5735 tignugusti
1668 5706 1684 5731 ,
1727 5664 1997 5735 Josepbus

433 5734 502 5792 15
539 5736 704 5802 Julii,
749 5734 979 5793 Michael
1006 5737 1077 5791 25
1110 5735 1255 5792 Maii.
1302 5736 1357 5789 In
1404 5732 1529 5791 Vita
1574 5736 1749 5792 sancti
1792 5732 1997 5792 Niceten

2079 2201 2302 2242 arenam
2339 2198 2685 2255 procurrere,
2705 2185 2798 2239 sed
2817 2184 3090 2253 copiosam
3113 2193 3277 2254 atque
3310 2196 3657 2254 praestantem

2076 2279 2458 2350 episcoporum
2521 2276 2595 2350 (ᾳ)
2626 2292 2691 2333 ac
2732 2276 3120 2332 monachorum
3163 2287 3437 2333 catervam
3475 2279 3659 2335 nobis-

2080 2387 2203 2427 cum
2244 2374 2297 2425 in
2330 2381 2493 2425 rectae
2515 2369 2876 2426 confessionis
2914 2369 3001 2423 via
3032 2368 3191 2424 ﬁrmo
3224 2372 3393 2441 gradu
3441 2373 3661 2429 consis-

2082 2472 2229 2529 tere;
2260 2477 2329 2517 en
2379 2472 2565 2518 astant
2596 2462 2650 2517 hi
2703 2463 2771 2517 ad
2824 2462 2960 2519 aula:
2991 2460 3140 2519 fores
3173 2481 3188 2517 :
3221 2479 3360 2534 quos
3387 2464 3432 2522 si
3466 2466 3661 2520 adessa

2077 2555 2401 2619 annueritis,
2435 2570 2501 2609 ex
2532 2554 2772 2624 ipsorum
2796 2569 3011 2625 quoque
3037 2571 3134 2612 ore
3183 2556 3496 2624 intelligetis
3526 2559 3663 2612 nihil

2079 2662 2174 2705 eos
2210 2654 2398 2702 nostro
2429 2646 2634 2701 distare
2661 2660 2848 2702 sensu.

2153 2738 2242 2794 55.
2285 2737 2489 2792 Annuit
2521 2736 2708 2808 itaque
2746 2746 2807 2792 ut
2840 2737 3277 2808 ingrederentur,
3314 2756 3532 2810 unaque
3559 2757 3663 2796 no-

2081 2830 2274 2887 biliunt
2315 2843 2382 2884 ac
2433 2842 2728 2898 procerum
2782 2830 3000 2885 turbam
3062 2831 3160 2901 (-r),
3207 2832 3413 2889 strictis
3466 2810 3707 2903 quibus‘

2082 2921 2317 2979 accincti
2343 2928 2503 2977 erant
2532 2919 2747 2991 gladiis,
2768 2930 2826 2974 ut
2854 2920 3119 2992 cujusque
3147 2921 3355 2978 ferebat
3375 2923 3533 2989 ordo,
3564 2924 3663 2977 ad-

2085 3029 2209 3071 esse
2243 3011 2439 3085 jubet:
2474 3021 2626 3068 ratos
2658 3012 2865 3070 scilicet
2892 3015 3059 3069 miser
3093 3012 3356 3083 futurum,
3387 3025 3443 3070 ut
3461 3015 3664 3086 imper-

2090 3106 2346 3163 territum
2370 3118 2604 3161 cuneum
2629 3120 2793 3161 manu
2815 3105 3341 3164 militarieverteret.
3363 3108 3521 3164 Subit
3538 3124 3668 3179 ergo

2089 3213 2247 3256 sacer
2280 3196 2538 3253 Ecclesia;
2564 3206 2740 3254 cattus
2769 3195 2838 3269 (ε)
2895 3199 3079 3255 aureis
3128 3199 3478 3270 laquearibus
3534 3202 3669 3258 lulta

2094 3291 2317 3362 palatia,
2372 3298 2524 3344 tanta
2556 3291 2796 3360 gestiens
2839 3290 3145 3358 alacritate,
3205 3302 3469 3363 quantum
3511 3311 3671 3351 nemo

2094 3384 2278 3440 verbis
2306 3384 2583 3454 explicare
2606 3394 2692 3441 sat
2744 3386 2962 3456 possit:
3011 3387 3474 3458 oblataque'l'andi
3505 3390 3671 3446 liber-

2095 3486 2226 3543 tate,
2263 3486 2519 3547 tanquam
2552 3478 2736 3534 divino
2765 3478 3236 3537 aculeoincitatus
3264 3481 3461 3538 festiue
3492 3483 3670 3539 locum

2096 3568 2294 3636 tenuit,
2324 3583 2433 3638 quo
2492 3578 2757 3639 tyrannus
2790 3572 3112 3627 consederat
3142 3590 3156 3626 :
3186 3582 3351 3642 utque
3394 3586 3671 3643 pastorum

2095 3661 2395 3733 principem
2450 3660 2516 3729 (ι)
2566 3660 2766 3719 clarius
2817 3663 3217 3744 quodammodo
3253 3667 3672 3737 respondentem

2089 3842 2313 3914 omissis
2367 3841 2606 3914 Iosepho
2653 3853 2708 3900 et
2750 3842 3036 3909 Eudoxio,
3106 3845 3420 3901 referuntur
3482 3847 3675 3902 Petrus

2090 3913 2377 3989 episcopus
2418 3913 2775 3989 Nicaentnt,_et
2801 3924 3039 3989 sanctus
3059 3915 3385 3989 Theodorus
3415 3921 3675 3989 prmposi-

2091 3992 2180 4038 tus
2211 3983 2577 4041 Studitarnnt.
2618 3984 2831 4040 Colitur
2863 3985 2951 4040 hic
2982 3986 3049 4039 12
3087 3983 3435 4042 Novembris.

2163 4053 2233 4127 (r)
2253 4055 2307 4109 In
2328 4054 2446 4109 Vita
2470 4056 2642 4110 sancti
2667 4053 2904 4110 Nicetm:
2932 4057 3201 4127 «Aderant
3220 4067 3276 4111 et
3296 4057 3673 4127 imperatores,

2091 4126 2383 4193 optimates
2406 4136 2462 4181 et
2491 4133 2641 4180 totus
2681 4136 2927 4179 senatus.
2955 4144 2975 4178 ι
3011 4125 3068 4180 In
3106 4125 3229 4182 Vita
3260 4125 3432 4181 sancti
3470 4127 3675 4183 Nicolai

2102 4193 2356 4261 Studitce,
2397 4196 2597 4249 dicitur
2630 4196 3054 4264 circumquaque
3102 4197 3339 4263 stipante
3374 4199 3546 4252 milite
3576 4202 3678 4251 im-

2102 4274 2405 4335 peratorem
2447 4279 2813 4334 congregasse
2844 4266 3058 4318 turbam
3091 4268 3435 4320 sacerdotum
3475 4278 3527 4321 et
3566 4285 3679 4322 lltU‘

2102 4336 2422 4389 nachornm.

2172 4406 2244 4474 (ε)
2278 4404 2332 4459 In
2366 4406 2555 4459 eadem
2600 4404 2725 4459 Vita
2765 4405 2939 4459 sancti
2981 4403 3224 4459 Nicette:
3267 4423 3285 4457 ι
3324 4406 3509 4474 Itaque
3553 4420 3678 4459 ante

2102 4474 2252 4529 illum
2300 4477 2680 4544 imperatorem
2714 4476 2866 4529 stetit
2890 4474 3120 4530 Patrum
3159 4486 3399 4539 caterva,
3435 4479 3675 4531 lectissi-

2105 4559 2315 4598 morum
2352 4546 2628 4599 hominum
2656 4559 2721 4599 ac
2751 4560 3085 4612 sanctorum,
3115 4548 3206 4615 qui
3236 4547 3444 4617 angelis
3469 4549 3680 4602 similes

2103 4625 2258 4669 erant
2287 4631 2350 4669 ac
2378 4617 2567 4669 divini.
2604 4634 2620 4665 ι

2173 4684 2239 4753 (ι)
2288 4685 2344 4739 In
2387 4686 2576 4739 eadem
2632 4684 2752 4738 Vita
2788 4704 2801 4739 :
2841 4704 2859 4737 ι
2899 4685 3288 4741 Sanctissimus
3332 4683 3674 4757 Nicephorus

2100 4769 2214 4816 eos,
2239 4756 2330 4824 qui
2353 4757 2555 4825 gradus
2581 4756 2841 4824 dignitate
2870 4765 3192 4825 praestantes
3226 4768 3401 4822 erant,
3429 4756 3626 4814 atratus
3652 4778 3666 4814 :

2093 4826 2273 4895 Agite,
2307 4827 2503 4897 inquit,
2539 4827 2705 4897 dicite
2728 4827 2882 4891 mihi,
2924 4834 3173 4896 potestne
3196 4827 3249 4881 id
3278 4832 3494 4893 cadere,
3523 4833 3666 4897 quod

2096 4911 2200 4967 non
2241 4896 2366 4949 est?
2394 4895 2464 4967 At
2488 4896 2573 4967 illi
2600 4910 2724 4949 cum
2756 4897 2821 4948 ad
2844 4898 2962 4967 ejus
2996 4897 3441 4967 interrogationis
3476 4895 3668 4954 obscu-

2097 4966 2314 5037 ritatem
2355 4964 2714 5037 ambigerent,
2746 4980 2812 5020 ac
2848 4966 2986 5020 nthil
3034 4964 3447 5037 responderent,
3487 4973 3580 5025 sed
3609 4983 3666 5023 se

2096 5035 2337 5108 vicissim
2366 5036 2726 5108 intuerentur,
2772 5052 2961 5108 rursus
2994 5042 3301 5107 patriarcha
3328 5040 3395 5093 ab
3423 5035 3501 5094 eis
3521 5055 3665 5108 qure-

2096 5103 2245 5169 sivit,
2287 5120 2413 5158 num
2444 5104 2646 5159 Leonis
2672 5115 2729 5160 et
2784 5103 3131 5162 Constantini
3181 5109 3486 5164 Isaurorum
3523 5103 3661 5162 t'etu-

2094 5189 2228 5246 pore
2278 5185 2481 5246 sancta:
2525 5175 2790 5246 imagines
2842 5179 3195 5234 cecidissent.
3245 5179 3326 5233 Illi
3372 5195 3499 5233 vero
3540 5194 3662 5233 cum

2100 5244 2278 5314 capita
2319 5245 2571 5298 deorsum
2625 5244 2997 5313 inclinassent,
3043 5258 3097 5302 et
3137 5260 3267 5304 nutu
3316 5264 3499 5304 verum
3544 5260 3665 5302 €586
3742 5299 3747 5303 .

2100 5316 2243 5388 quod
2299 5316 2611 5383 patriarcha
2684 5322 3012 5386 quaesierat,
3064 5320 3486 5388 signiﬁcassent,
3520 5318 3664 5388 quod

2101 5385 2236 5440 satis
2258 5395 2394 5458 erat_
2409 5387 2475 5438 ad
2499 5385 2717 5453 eorum,
2743 5402 2863 5458 qua:
2884 5391 3093 5458 private
3114 5385 3381 5451 dixerant,
3415 5385 3671 5457 proposi-

2100 5468 2215 5530 tum
2242 5455 2714 5530 conﬁrmandum,
2764 5455 2900 5512 tunc
2968 5461 3324 5530 patriarcha:
3363 5455 3666 5525 Quomodo,

2102 5525 2300 5596 inquit,
2333 5528 2479 5594 quod
2509 5543 2616 5581 non
2647 5538 2773 5595 stat,
2804 5525 2985 5597 ροιεεί
3024 5528 3258 5584 cadere?
3282 5529 3361 5581 Ad
3394 5531 3507 5583 hate
3536 5531 3674 5584 nihil

2101 5597 2385 5667 respondit
2431 5597 2751 5667 imperator,
2782 5600 2876 5655 sed
2906 5599 2975 5653 ad
3005 5600 3194 5653 Patres
3222 5614 3524 5655 conversus
3549 5603 3625 5654 ait
3657 5618 3674 5654 :

2105 5667 2337 5738 Scitote,
2366 5666 2577 5734 Patres,
2609 5683 2696 5724 me
2730 5670 2868 5723 idem
2897 5670 3287 5738 sentire,qnod
3317 5685 3414 5727 vos
3445 5690 3458 5726 :
3491 5671 3682 5725 simul-

2104 5751 2209 5807 que
2257 5735 2485 5806 elligicm
2534 5741 2861 5808 quamdam,
2916 5754 3077 5808 quam
3119 5735 3175 5795 in
3227 5743 3350 5798 sinu
3398 5743 3682 5816 gestabat,
