3938 6220
361 286 469 353 {ll

1360 285 1426 348 S.
1465 282 1887 346 NICEPIIORI
1927 284 2433 346 PATRIARCHE
2472 286 2583 346 CP.

3524 291 3617 358 ιιι
3682 318 3685 321 '

376 402 588 459 audiret
643 416 707 456 ac
758 399 1071 472 syllogismo
1145 415 1245 457 ceu
1322 397 1711 454 immaturioris
1778 398 1952 452 aetatis

2058 397 2133 464 ὡς
2163 400 2380 467 νεογνὸν
2425 398 2714 470 παιδάριον
2743 397 2847 469 ήδη
2888 397 3138 460 παίοντα⁹
3171 398 3327 457 ινθεν
3352 402 3448 459 καὶ
3487 408 3614 478 πρὸς

377 508 627 565 puerum,
656 503 946 566 tyrannum
976 494 1311 558 verberaret,
1345 498 1623 558 assumpto
1652 487 1814 543 etiam
1852 487 1953 566 ipsi

375 587 444 641 ad
478 583 808 655 loquendum
844 582 1061 648 robore,
1094 595 1311 636 onmem
1347 595 1375 632 a
1402 592 1461 633 se
1495 586 1762 633 terrorem
1791 589 1955 647 atque

375 677 647 750 ignaviam
671 675 1015 744 abiecerunt.

434 767 537 823 ‘56.
579 765 657 821 Ad
704 779 840 835 quos
873 770 1030 818 torvo
1065 768 1296 831 aspectu
1326 760 1429 831 (ιι),
1466 760 1550 814 vir
1598 758 1810 815 scilicet
1838 758 1953 816 leo-

373 859 491 915 nini
532 857 731 912 furoris
763 874 777 910 :
818 855 1004 924 Neque
1031 869 1146 918 vos,
1199 854 1397 925 inquit,
1425 867 1600 923 neque
1630 852 1769 907 ullos
1798 852 1951 917 alios,

374 961 434 1004 ut
462 949 678 1013 videtis,
718 948 873 1010 latet,
905 964 934 1001 a
967 945 1081 1001 Deo
1109 961 1212 1001 nos
1243 947 1590 1014 constitutos,
1628 954 1687 1000 ut
1722 944 1777 999 in
1815 946 1957 1001 cele-

362 1039 617 1095 ‘berrimo
650 1040 750 1092 hoc
782 1046 941 1105 atque
970 1034 1219 1090 rationali
1247 1048 1411 1105 grege
1436 1033 1708 1105 sequestri
1744 1049 1810 1088 ac
1840 1048 1956 1089 me-
1992 1079 1997 1085 .

368 1129 602 1183 Adiatoris
632 1128 924 1198 fungamur
948 1125 1216 1195 partibus,
1252 1125 1345 1194 qui
1382 1125 1638 1180 nimirum
1666 1124 1812 1180 omni
1840 1133 1955 1181 stu-

376 1222 469 1276 dio
498 1221 1059 1292 propensio‘ribusque
1104 1218 1304 1275 animis
1322 1220 1649 1289 satagimus,
1692 1226 1752 1273 ut
1773 1220 1953 1276 omnis

360 1309 432 1365 “in
460 1325 524 1366 eo
563 1322 688 1364 nata
712 1308 941 1363 oﬂensio
979 1307 1283 1362 auferatur.
1321 1307 1458 1375 Quia
1489 1322 1621 1378 ergo
1651 1310 1949 1364 etiamnum

376 1419 485 1457 non
518 1404 737 1465 desunt,
761 1404 851 1470 qui
888 1401 953 1456 de
988 1401 1282 1470 imaginum
1314 1400 1542 1455 veritate
1563 1399 1738 1470 deque
1765 1416 1950 1456 earum

377 1499 699 1547 adoratione
729 1492 1035 1561 disputant,
1063 1506 1129 1545 ac
1169 1489 1470 1561 Scriptura:
1500 1490 1651 1547 locos
1685 1491 1953 1563 plurimos

374 1583 463 1638 itis
493 1586 851 1639 adversantes
875 1582 1196 1653 producunt,
1247 1595 1474 1636 necesse
1517 1581 1746 1636 omnino
1779 1590 1863 1636 cst
1896 1594 1952 1636 ut

376 1677 413 1731 ii
440 1676 731 1731 solvantur
761 1692 775 1727 :
808 1684 866 1726 ut
886 1686 1078 1741 nempe
1107 1671 1182 1734 id,
1209 1671 1352 1740 quod
1383 1670 1625 1741 impense
1653 1672 1951 1741 satagimus

2054 487 2117 542 τὸ
2308 489 2487 559 λέγειν
2525 488 2979 562 ἐπερρώσθησαν,
3019 493 3114 546 καὶ
3140 495 3325 549 πᾶσαν
3352 491 3412 562 ἐξ
3444 496 3616 554 αὐτῶν

2055 579 2439 653 δειμαίνουσαν
2471 580 2677 635 δειλίαν
2720 580 3035 640 ἀπώσαντο.

2126 760 2232 828 νς’.
2275 761 2419 832 Πρὸς
2441 760 2555 828 οὒς,
2586 761 2792 833 ὑπόδρα
2823 774 2848 802 ο
2886 761 3010 818 ίδὼν
3050 765 3079 819 ό
3111 763 3392 837 θυμολέων
3436 770 3609 841 φησίν·

2053 851 2164 906 Καὶ
2196 853 2348 924 ύμῖν,
2378 853 2453 917 ὡς
2472 854 2654 925 ὁρᾶτε,
2697 854 2792 908 καὶ
2833 855 3002 910 πᾶσιν
3033 856 3303 929 ἀλάθητόν
3335 861 3501 925 ἔστιν,
3546 863 3619 929 ὡς

2055 943 2160 998 ὑπὸ
2187 943 2325 998 Θεοῦ
2357 945 2666 1015 μεσιτεύειν
2720 946 2815 1001 ἐπὶ
2844 948 3073 1021 ταυτηνὶ
3097 949 3198 1021 τὴν
3236 952 3621 1026 μεγαλώνυμον

2054 1036 2152 1090 καὶ
2200 1036 2428 1107 λογικὴν
2475 1036 2716 1109 ποίμνην
2758 1037 3096 1111 ἐτάχθημεν,
3143 1042 3254 1098 πᾶν
3312 1044 3519 1101 σκῶλον
3564 1048 3620 1102 ἐν

2053 1127 2189 1199 αὐτῇ
2217 1128 2485 1198 φυόμενον
2521 1128 2805 1198 ὁμαλίζειν
2837 1131 2933 1185 καὶ
2967 1129 3117 1185 λύειν
3147 1131 3235 1188 διὰ
3267 1136 3506 1208 σπουδῆς
3532 1140 3624 1194 καὶ

2053 1218 2365 1291 προθυμίας
2393 1219 2688 1292 τιθέμενοι.
2736 1221 2892 1275 Ἐπεὶ⁵
2920 1217 3015 1277 οῦν
3059 1239 3207 1286 τινες
3240 1226 3371 1297 περὶ
3398 1229 3499 1299 τῆς
3521 1230 3623 1285 τῶν

2053 1310 2279 1364 εἰκόνων
2310 1311 2404 1366 καὶ
2430 1311 2549 1366 νυνὶ
2577 1311 2905 1383 συζητοῦσιν
2936 1313 3227 1386 ύπάρξεώς
3250 1334 3310 1370 τε
3338 1319 3436 1372 καὶ
3466 1336 3627 1388 προσ.

2053 1402 2358 1475 κυνήσεως,
2396 1403 2625 1474 χρήσεις
2663 1403 2950 1474 Γραφικὰς
2995 1405 3391 1477 ἀντιλεγούσας
3417 1410 3625 1477 τούτοις

2053 1493 2446 1566 προφέροντες,
2479 1496 2629 1548 πᾶσα
2648 1491 2838 1549 λοιπὸν
2864 1494 3079 1567 ἀνάγκη
3106 1497 3205 1566 τήν
3240 1497 3449 1554 τούτων
3478 1500 3627 1557 λύσιν

2053 1585 2406 1658 ποιήσασθαν
2448 1585 2524 1650 ὡς
2554 1585 2621 1639 ἂν
2658 1584 2721 1639 τὸ
2762 1587 2893 1658 ήμίν
2937 1587 3373 1652 σπουδαζόμενον
3423 1591 3628 1663 (σπου-

2051 1677 2272 1742 δάζεται
2294 1677 2373 1742 δὲ,
2408 1677 2485 1740 ὡς
2516 1676 2649 1743 ίστε,
2684 1677 2903 1742 πάντως
2926 1680 3065 1750 ήμῖν
3086 1679 3147 1733 τὸ
3167 1680 3269 1752 τῆς
3295 1684 3517 1757 είρήνης
3539 1685 3629 1740 ἐπὶ

372 1766 703 1838 {satagimus
755 1773 963 1831 autem,
998 1738 1055 1816 ut
1108 1738 1275 1832 probe
1334 1738 1527 1827 nostis,
1566 1770 1624 1816 ut
1653 1778 1756 1831 pax
1781 1738 1952 1816 ‘inler

2058 1738 2267 1831 πάντας
2310 1738 2683 1838 ὁμόγνωμονν),
2731 1738 3035 1840 περαίωσιν
3081 1738 3323 1842 δέξηται.
3351 1738 3515 1838 ’τὶτζ
3539 1738 3630 1831 οὖν

378 1873 570 1913 onmcs
609 1866 662 1911 et
688 1857 846 1910 unius
875 1869 1072 1909 sensus
1114 1853 1405 1909 concordia
1442 1852 1738 1925 coalescat)
1768 1861 1953 1923 optato

373 1952 528 2004 exitu
560 1948 920 2016 compleatur.
956 1945 1053 2001 His
1096 1960 1248 2018 ergo,
1279 1960 1514 2016 quorum
1560 1946 1773 2002 animos
1800 1947 1955 2003 dubi-

382 2044 515 2097 tatio
549 2043 747 2112 pulsat,
776 2041 844 2096 ob
879 2054 1041 2111 quam
1071 2038 1469 2109 prapositiones
1518 2038 1825 2094 contrarias
1872 2039 1955 2094 in-

382 2132 610 2195 ducunt,
645 2145 869 2185 necesse
892 2138 975 2184 est
1004 2136 1061 2182 nt
1106 2127 1513 2182 conclusionem
1550 2138 1790 2182 vestram
1824 2142 1954 2198 pro-

373 2220 542 2286 betis,
600 2235 901 2290 eorumque
947 2217 1285 2284 obiectiones
1345 2216 1676 2273 dissolvatis.
1739 2217 1815 2273 De
1869 2218 1954 2274 bis

380 2328 613 2383 namque
641 2314 805 2368 ctiam
834 2322 961 2366 ante
989 2325 1117 2366 cum
1155 2308 1388 2381 praesule
1434 2309 1524 2366 hic
1551 2319 1818 2380 praesente
1841 2325 1957 2367 ser-

378 2417 595 2456 tnoncm
625 2402 990 2465 contulimus;
1018 2410 1075 2454 et
1105 2413 1250 2452 nunc
1278 2398 1432 2453 nobis
1466 2403 1672 2469 pariter
1701 2400 1753 2455 in
1786 2417 1951 2458 unum

377 2495 607 2557 coactis,
660 2507 886 2547 necesse
925 2499 1007 2546 est
1051 2499 1113 2545 ut
1164 2504 1283 2559 quae
1320 2498 1444 2544 sunt
1490 2482 1766 2561 proposita
1794 2493 1954 2549 citius

378 2584 605 2639 solvatis
640 2601 653 2638 :
686 2598 753 2637 ne
784 2581 923 2636 forte
952 2581 1229 2636 cunctatio
1251 2579 1407 2635 vobis
1440 2579 1493 2634 in
1518 2580 1716 2637 silentii
1744 2583 1954 2639 crimen

378 2686 652 2738 vertatur,
676 2683 728 2727 et
748 2671 979 2742 jnssioni
1009 2680 1209 2727 nostra:
1235 2685 1442 2726 morem
1473 2685 1579 2726 non
1601 2687 1791 2741 gerere
1813 2674 1955 2731 male

375 2768 561 2822 cedat.
595 2763 730 2819 Tum
757 2779 885 2819 vero
911 2764 1106 2835 optimi
1137 2774 1413 2835 pastorum
1440 2764 1703 2834 principis
1732 2767 1955 2824 asseciae

379 2869 448 2911 ac
476 2867 859 2926 compastores
885 2855 1008 2911 boni
1054 2855 1316 2910 adversus
1349 2852 1587 2910 Leonem
1607 2895 1624 2923 ,
1656 2855 1831 2913 ferino
1869 2859 1955 2914 di-

375 2960 540 3014 gnum
564 2947 784 3003 nomine
804 2956 858 3002 et
881 2946 1064 3017 lupino
1087 2961 1250 3003 sensu
1270 2946 1621 3013 instructum,
1646 2949 1952 3007 divinorum

2054 1859 2377 1929 διαποροῦσι
2420 1861 2515 1914 καὶ
2551 1860 2652 1924 τὰς
2686 1860 2984 1931 προτάσεις
3013 1861 3283 1930 ἐπάγουσι
3325 1863 3386 1916 τὸ
3418 1865 3630 1936 συμπέ-

2056 1966 2245 2021 ρασμα
2284 1949 2590 2022 προτείνειν
2624 1948 2964 2020 ἐπάναγκες·
2995 1951 3124 2021 περὶ
3151 1951 3260 2022 γὰρ
3291 1952 3502 2009 τούτων
3539 1955 3632 2011 καὶ

2053 2040 2133 2113 τῷ
2166 2043 2417 2112 ἀρχιερεῖ
2444 2042 3037 2112 προανεκοινωσάμεθα
3059 2080 3077 2107 ,
3116 2043 3238 2097 νυνὶ
3270 2043 3328 2098 δὲ
3360 2044 3460 2100 καὶ¹
3492 2063 3631 2118 συμο

2055 2130 2485 2203 παρουσιὰζουσι
2536 2130 2667 2201 ὑμῖν
2711 2130 3101 2203 ὲντελλόμεθα,
3138 2132 3246 2186 τῶν
3281 2135 3632 2208 κεκριμένων

2054 2226 2280 2295 ταχεῖαν
2305 2222 2492 2277 δοῦναι
2515 2221 2690 2276 λύσινσ
2726 2224 2924 2294 μήπως
2955 2223 2989 2294 ή
3020 2222 3289 2295 βραδυτὴς
3314 2226 3479 2297 σιγῆς
3508 2227 3635 2299 ύμῖν

2055 2315 2325 2387 παραιτία
2355 2315 2585 2384 γένοιτο,
2622 2314 2716 2369 καὶ
2753 2314 2855 2368 οὐκ
2886 2316 2966 2379 είς
3003 2315 3169 2370 καλὸν
3203 2317 3281 2381 ὡς
3312 2318 3637 2373 ἀπειθοῦσιν

2057 2406 2189 2476 ὑμῖν
2244 2403 2610 2475 ἀποϐήσεται.
2641 2403 2707 2457 Οί
2766 2403 2824 2458 δὲ
2884 2403 2980 2457 τοῦ
3029 2403 3199 2459 καλοῦ
3238 2405 3638 2478 ἀρχιποίμενος

2055 2499 2246 2554 ὀπαδοὶ
2285 2499 2381 2553 καὶ
2423 2494 2820 2569 συμποιμένες,
2847 2494 2988 2551 κατὰ
3009 2494 3104 2549 τοῦ
3147 2495 3506 2569 θηριωνύμου
3544 2499 3641 2552 καὶ

2054 2590 2388 2661 λυκόφρονας
2417 2589 2648 2653 Λέοντος
2677 2587 2778 2659 τὴν
2807 2587 2916 2642 τῶν
2944 2587 3107 2642 θείων
3128 2586 3327 2656 λογίων
3354 2590 3640 2664 φαρέτραν

2056 2683 2406 2747 ἑλκύσαντες,
2436 2682 2529 2736 καὶ
2554 2683 2627 2737 τὰ
2652 2683 2710 2736 ὲν
2736 2680 2875 2751 αὐτῇ
2907 2680 3017 2735 τῶν
3044 2681 3284 2763 ἐλέγχων
3313 2680 3448 2753 βέλη
3483 2685 3643 2756 ἀμοιο

2057 2774 2218 2830 σαδόν
2289 2771 2721 2838 ἐκκενώσαντες,
2794 2770 3141 2843 ὀλοσώματον
3205 2773 3355 2845 αύτῷ
3414 2774 3641 2846 πληγὴν

2055 2864 2484 2938 ἀπειργάσαντο.
2531 2864 2643 2918 Καὶ
2667 2863 2758 2918 ἵνα
2787 2863 2864 2935 μή
2892 2861 2963 2917 τὰ
2998 2863 3089 2934 ὑφ’
3117 2864 3350 2920 ἑκάστου
3392 2866 3520 2921 τότε
3547 2868 3643 2920 λε-

2056 2953 2296 3026 λεγμένα
2329 2952 2473 3007 κατὰ
2508 2950 2708 3006 λεπτὸν
2734 2950 3029 3023 διεξίοιμεν
3051 2989 3068 3016 ,
3102 2952 3233 3024 μίαν
3263 2956 3328 3008 ὲκ
3375 2955 3638 3022 πάντων.

354 3039 723 3110 eloquiorum
765 3039 1078 3108 pharetram
1111 3038 1520 3106 depromentes,
1571 3039 1734 3109 inque
1766 3056 1828 3097 ea
1863 3056 1952 3098 re-

2058 3046 2133 3112 ὠς
2194 3048 2253 3101 ὲν
2289 3044 2623 3117 ’περιλήψει,
2683 3043 2870 3118 φωνὴν
2932 3045 3345 3119 ἑκθησαίμεθα,
3402 3049 3643 3123 ἔχουσαν

374 3131 555 3198 posita
621 3129 1031 3200 coargutionum
1062 3129 1172 3185 tela
1224 3130 1581 3186 succedaneis
1618 3132 1827 3189 vicibus
1857 3129 1951 3190 ἐί-

2059 3131 2192 3191 ὧδε’

371 3223 689 3286 tundentes,
746 3237 908 3276 unam
943 3222 1040 3277 toti
1096 3223 1311 3292 corpori
1358 3221 1572 3293 plagam
1624 3225 1943 3286 intulerunt.
1981 3233 2062 3288 Ac
2091 3244 2160 3285 ne
2224 3225 2453 3297 singulis
2490 3239 2590 3297 per
2647 3226 2701 3283 id
2730 3234 2944 3298 tempus
2990 3226 3135 3283 dicta
3172 3227 3439 3287 minutius
3491 3231 3649 3289 refe-

372 3328 567 3371 rentes
588 3315 683 3389 (υ),
719 3315 878 3371 taedio
917 3315 1109 3381 simus,
1139 3330 1304 3371 unam
1347 3330 1413 3371 ex
1446 3316 1702 3372 omnibus
1730 3318 2027 3379 universim
2053 3332 2439 3389 componemus
2467 3332 2680 3383 vocem,
2705 3318 3033 3387 ejuscemodi
3066 3318 3181 3376 fere
3206 3328 3413 3376 tenore.

450 3405 542 3462 57.
585 3404 738 3471 Quod
761 3403 1006 3473 quidem,
1031 3403 1345 3473 imperator,
1378 3404 1578 3473 quibus
1601 3402 1825 3474 judiciis
1856 3421 1954 3463 ne-

378 3497 604 3563 scimus,
635 3495 919 3551 constituti
954 3495 1078 3550 sitis
1114 3504 1174 3548 ut
1205 3497 1259 3549 in
1283 3494 1489 3550 Christi
1519 3495 1761 3552 maximo
1789 3512 1953 3569 grege

376 3587 644 3661 sequestri
676 3596 858 3658 partes
901 3600 966 3642 ac
1007 3586 1322 3643 mediatoris
1371 3588 1586 3658 agatis,
1641 3602 1818 3660 neque
1851 3605 1953 3647 nos

377 3696 561 3751 neque
594 3679 733 3735 alios
758 3679 890 3734 latet
924 3677 1085 3746 ullos,
1110 3679 1186 3735 uti
1211 3679 1330 3751 ipse
1358 3679 1617 3750 loqueris.
1644 3681 1800 3749 Quod
1819 3697 1950 3739 vero

380 3783 663 3834 stateram,
714 3785 823 3840 qua
862 3782 1210 3840 sequestrum
1251 3772 1388 3842 agis,
1421 3772 1473 3827 in
1520 3773 1802 3829 adversam
1835 3775 1950 3845 ipso

376 3864 568 3918 statim
623 3861 783 3916 initin
838 3870 1048 3928 partem
1111 3862 1534 3931 propendentem
1591 3865 1949 3933 instruxeris,

382 3966 549 4006 nemo
585 3952 758 4007 nescit
797 3953 891 4022 qui
923 3961 1071 4007 recte
1101 3951 1350 4022 judicare
1405 3955 1567 4010 norit.
1597 3954 1690 4010 Ille
1717 3971 1951 4028 namque

380 4052 666 4113 aequester
699 4041 778 4113 (τί)
814 4052 898 4099 est
922 4058 987 4098 ac
1019 4043 1307 4109 mediator,
1347 4058 1451 4099 non
1485 4046 1576 4115 qui
1610 4047 1732 4113 hac,
1760 4047 1954 4105 illacve

384 4149 670 4206 perperam
708 4134 898 4197 trahit,
932 4144 1092 4204 atque
1125 4134 1191 4188 ad
1219 4135 1446 4204 gratiam
1479 4136 1618 4206 parti
1643 4138 1802 4193 alteri
1833 4153 1953 4194 mo-

383 4236 626 4282 mentum
658 4225 870 4293 tribuit,
910 4227 1003 4281 sed
1026 4225 1118 4296 qui
1145 4239 1214 4280 ex
1242 4239 1396 4296 aequo
1426 4227 1669 4299 utrisque
1694 4230 1951 4285 consulit.

382 4317 441 4373 Si
465 4333 595 4389 ergo
628 4321 698 4371 ita
736 4317 918 4373 animo
947 4316 1170 4373 allectus
1207 4330 1287 4385 es,
1347 4331 1403 4372 ut
1445 4329 1561 4375 orta
1615 4322 1668 4375 in
1699 4321 1942 4377 Ecclesia

2127 3405 2225 3470 vC’.
2256 3405 2383 3459 Ὀτι
2411 3405 2532 3476 μὲν,
2557 3397 2603 3459 ὦ
2632 3403 2875 3476 βασιλεῦ,
2893 3406 3162 3477 κρίμασιν
3188 3402 3273 3472 οἷς
3297 3411 3641 3484 ἀγνοοῦμεν,

2055 3495 2152 3550 ἐπὶ
2183 3493 2282 3566 τὴν
2316 3494 2583 3564 μεγίστην
2605 3492 2842 3565 Χριστοῦ
2880 3497 3114 3563 ποίμνην
3171 3498 3483 3565 μεσιτεύειν
3513 3501 3648 3558 ἑτά-

2055 3586 2247 3659 χθητε,
2267 3584 2366 3639 καὶ
2395 3585 2528 3655 ήμτν
2554 3583 2650 3636 καὶ
2679 3582 2949 3649 πᾶσιν,ὠς
2976 3581 3132 3654 ἔφης,
3161 3584 3432 3657 ἀλάθητόν
3455 3591 3640 3648 ἐστιν,

2058 3678 2181 3730 Ὀτι
2207 3676 2266 3729 δὲ
2302 3672 2371 3727 τὰ
2405 3670 2549 3742 ζυγὰ
2575 3670 2676 3742 τῆς
2711 3671 2990 3742 μεσιτείας
3019 3672 3078 3739 ἐξ
3104 3673 3275 3745 αὑτῆς
3297 3674 3475 3747 ἀρχῆς
3502 3678 3649 3750 ὑμῖν

2053 3765 2392 3839 ἐτερορῤεπῆ
2421 3762 2824 3829 διεσκεύασται,
2854 3763 3056 3835 ήκιστα
3082 3765 3193 3829 τοῖς
3214 3765 3422 3836 κρίνειν
3452 3769 3651 3840 ὀρθῶς

2052 3858 2439 3931 ιπισταμένοις
2482 3855 2770 3929 ἠγνόηται.
2798 3856 3041 3929 Μεσίτης
3071 3857 3180 3930 γὰρ
3207 3861 3442 3925 ἐκεῖνος,
3476 3862 3588 3936 οὐχ
3617 3865 3654 3918 ό

2050 3953 2180 4025 τῇδε
2208 3950 2242 4024 ἢ
2281 3949 2409 4023 τῇδε
2443 3948 2756 4022 παρέλκων,
2797 3949 2891 4008 καὶ
2921 3951 3022 4021 τήν
3061 3951 3256 4006 ἑαυτοῦ
3291 3953 3511 4025 θατέρῳ
3545 3959 3648 4029 ῥο-

2053 4047 2163 4116 πὴν
2203 4043 2599 4116 χαριζόμενος·
2635 4041 2753 4096 ἀλλ’
2782 4045 2813 4096 ὁ
2850 4041 2915 4096 «ce
2952 4043 3067 4098 ἴσον
3109 4033 3227 4109 τοῖς
3265 4045 3352 4115 ἐφ’
3390 4047 3653 4121 ἑκάτερα

2054 4134 2532 4208 προμηθούμενος.
2566 4135 2631 4188 Ei
2659 4128 2755 4189 οὖν
2777 4133 3054 4205 διαιτῆσαι
3084 4135 3182 4189 καὶ
3211 4134 3369 4189 λῦσαι
3395 4139 3467 4210 τῇ
3506 4139 3650 4194 Ἐκ.

2056 4227 2257 4300 κλησίᾳ
2279 4228 2345 4281 τὰ
2375 4226 2650 4282 σκάνδαλα
2674 4225 3112 4299 προτεθύμησαι,
3133 4227 3186 4281 τί
3216 4226 3292 4299 μὴ
3320 4227 3458 4299 πρὸς
3493 4230 3647 4287 πάν.

2049 4338 2149 4383 τας
2182 4320 2377 4392 ἀκλινῆ
2408 4323 2509 4394 τὴν
2554 4320 2728 4393 ῥοπὴν
2764 4319 3125 4389 ἑπιδέδειξαι;
3160 4319 3293 4391 Ὁρᾷ
3324 4321 3433 4393 γὰρ
3465 4324 3584 4389 πᾶς
3621 4326 3657 4380 6

1641 4494 1878 4550 VARUS
1915 4493 2324 4552 LECTIONES.

450 4654 472 4681 ⁸
520 4668 618 4706 ius.
655 4650 820 4723 προύς
848 4649 1077 4722 ὑπέδρα.

1891 4738 2125 4797 NOTAE.

385 4905 665 4968 extulit,et
691 4922 784 4975 per
813 4905 1217 4961 simulationem
1245 4902 1391 4959 illam
1406 4900 1639 4975 adorans
1657 4915 1719 4975 :__t
1744 4900 1956 4975 Sentio,

385 4969 739 5047 inquit,quod
761 4986 947 5047 vos,ut
969 4976 1183 5040 videtis,
1214 4987 1387 5047 neque
1411 4987 1439 5047 a_
1473 4969 1626 5047 vobis
1647 4971 1903 5047 dissideo.
1919 4988 1952 5047 _i

387 5040 492 5102 Sed
544 5040 660 5102 huic
727 5047 778 5098 in
844 5045 1112 5112 colloquio
1144 5055 1269 5097 ante
1300 5040 1669 5112 'Nativitatem
1726 5040 1955 5112 Christi,

382 5116 641 5174 videlicet
688 5130 832 5170 anno
876 5109 1260 5168 8il'exeunte
1315 5120 1533 5182 peracta
1579 5111 1859 5182 leguntur
1890 5109 1957 5182 in

383 5186 696 5258 Appendice
724 5183 1092 5258 ‘eTlteopltanis
1153 5180 1372 5258 quando
1412 5189 1466 5258 et
1504 5196 1523 5232 ι
1564 5180 1631 5258 _iu
1684 5180 1956 5235 Natalitiis

384 5248 676 5316 ecclesiam
723 5248 1019 5323 ingressus,
1055 5248 1241 5307 coram
1275 5248 1435 5323 altari
1466 5264 1535 5303 ex
1563 5249 1953 5323 imperatorum

382 5318 956 5384 consuetmline'stetit
990 5333 1044 5376 et
1071 5320 1373 5389 corporale_
1388 5332 1541 5389 sacra
1573 5318 1787 5389 Domini
1823 5336 1945 5373 nos-

387 5401 456 5452 tri
485 5400 611 5454 Jesn
643 5394 848 5452 Christi
876 5386 1235 5449 nativitate’in
1257 5403 1322 5442 eo
1343 5386 1555 5456 depicta
1585 5388 1799 5455 insigne
1818 5390 1951 5444 adoo

388 5471 535 5521 ravit
560 5477 614 5520 et
642 5467 918 5523 osculatus
937 5473 1041 5519 est.
1078 5460 1271 5519 Verum
1300 5458 1561 5512 luminum
1589 5456 1727 5513 l'esto
1754 5462 1955 5526 ingres-

386 5549 481 5605 sus
526 5552 629 5590 non
679 5535 974 5591 adoravit:
1013 5534 1362 5605 primumque
1418 5527 1547 5579 illud
1597 5528 1950 5605 simulanter,

388 5603 531 5656 haud
583 5620 745 5668 vere,
799 5598 1101 5662 exhibitura
1157 5606 1531 5668 cognoverunt
1566 5612 1580 5649 :
1612 5598 1952 5668 peractisque

386 5672 615 5741 proinde
662 5666 940 5732 Fastorum
994 5666 1293 5733 solctuniis,
1345 5666 1755 5736 Ctl‘pilnggretii
1808 5669 1951 5720 velut

2067 4899 2280 4977 Pharao
2327 4899 2585 4977 [eraelem
2629 4912 2792 4977 rete.
2824 4906 3013 4977 Annus
3046 4914 3176 4961 tunc
3224 4918 3463 4977 ceperat
3506 4911 3654 4970 813.

2139 4968 2219 5050 (ιι)
2247 4970 2302 5024 In
2336 4969 2663 5050 _Vita_sancti
2710 4972 2940 5050 Nicolai_
2964 4976 3190 5030 Studitte
3226 4992 3240 5030 :
3278 4968 3654 5050 (Arroganti

2065 5052 2143 5114 ac_
2164 5040 2542 5114 fremebundo
2569 5056 2753 5109 sensu,
2800 5044 2947 5113 quod
2975 5060 3071 5114 per
3101 5061 3341 5101 errorem
3376 5048 3429 5101 in
3463 5040 3660 5107 vvene-

2065 5109 2319 5189 ra_bilium
2383 5111 2682 5181 imaginum
2740 5109 3138 5189 restitutionem
3195 5120 3660 5189 consensissent,

2051 5178 2324 5260 adversus
2364 5178 2616 5260 magnum
2664 5183 2973 5254 pontiﬁcem
3022 5185 3309 5255 sociosque
3357 5188 3508 5242 velut
3543 5178 3662 5260 pro

2061 5256 2327 5304 concione
2356 5256 2569 5306 orabat.
2606 5268 2628 5304 ι

2131 5317 2227 5399 (υ).
2259 5318 2623 5399 Singulorum
2673 5323 2955 5399 sententia
3012 5325 3363 5399 proferuntur
3409 5325 3465 5380 in
3512 5326 3663 5387 Vita

2054 5387 2229 5469 sancti
2276 5387 2485 5445 Niceten
2515 5387 2734 5463 ;iliqua
2787 5387 3128 5463 attinguntur
3161 5413 3189 5448 ιι
3225 5392 3407 5449 Leone
3446 5411 3660 5466 gram-

2054 5467 2276 5512 IliallCO.

2126 5529 2205 5601 (ῳ)
2245 5529 2554 5584 Annotarat
2615 5531 2704 5586 hic
2752 5530 3065 5596 Combetis.,
3128 5535 3380 5601 sequestri
3434 5550 3664 5595 nomen

2056 5599 2195 5651 male
2240 5609 2556 5722 nigrpatutn
2588 5615 2618 5654 a
2659 5601 2862 5668 Leone,
2911 5606 3003 5672 qui
3057 5599 3205 5658 recti
3241 5603 3520 5672 dogmatis
3580 5612 3668 5668 sit

2056 5680 2277 5722 wrsecu
2349 5684 2394 5722 r.

2055 5680 2394 5731 persecutor.
