4022 6218
404 307 515 377 113
1935 319 2104 380 ΥΙΤᾹ
2118 367 2130 380 .
3578 316 3676 379 l‘l-l

401 421 753 496 βουλόμενος,
789 419 919 488 τοὺς
951 423 1052 496 μέν
1090 421 1181 478 τὸν
1221 421 1381 495 ὀρθὸν
1406 422 1563 494 λόγον
1594 423 1989 496 πρεσϐεύοντας

2101 427 2355 485 scandala
2392 431 2524 485 telis
2554 423 2768 485 solvere
2815 435 2978 498 atque
3035 424 3401 496 chtingucrc,
3441 439 3536 476 cur
3567 440 3671 476 ttmt

399 513 878 586 ἀπεληλαμένους,
924 515 1020 570 καὶ
1070 517 1184 579 τοῖς
1231 515 1638 589 κακουργοῦσιν
1684 516 1862 584 ἐξίσου
1901 517 1987 570 τὸν

2095 523 2257 578 etiam
2284 525 2335 577 in
2372 537 2562 579 omnes
2585 522 2790 593 pariter
2815 520 3078 576 acclinem
3116 517 3326 572 lancem
3354 515 3675 570 ostendisti?

401 607 650 662 κίνδυνον
677 605 1055 677 ὑπομένοντας
1073 623 1089 640 ·
1119 609 1250 672 τοὺς
1276 607 1334 662 δέ
1364 608 1628 663 τάναντία
1657 607 1989 681 θρησκεύον-

2097 615 2321 672 Cunctis
2337 630 2570 684 namque
2593 614 2774 684 palam
2799 612 3152 682 conspicuum
3182 618 3286 676 est,
3309 623 3404 664 eos
3427 605 3672 680 quidem,

400 716 506 770 τας
551 701 685 772 ὑμῖν
727 698 1154 770 στεργομένους,
1189 699 1284 754 καὶ
1317 700 1501 768 πάσης
1538 699 1836 772 τημελείας
1866 717 1988 770 pat-

2095 707 2186 778 qui
2217 716 2367 762 recto
2393 706 2632 778 dogmati
2663 707 2883 760 student
2915 702 3351 774 persecutionem
3403 699 3536 769 pati,
3581 714 3677 769 pa-

401 792 538 863 δρᾶς
561 790 960 855 ἀπολαύοντας.
992 792 1066 845 Ἥ
1103 791 1202 862 οὐχ
1227 784 1378 847 οὗτοι
1407 793 1508 864 μὲν
1546 793 1605 846 ἐν
1631 793 1989 864 χρυσοφόροις

2095 797 2250 866 rique
2277 793 2502 851 nefariis
2540 796 2673 850 viris
2701 804 2864 864 atque
2895 793 3240 864 patihttlariis
3287 789 3417 846 aleae
3439 788 3672 858 subjici";

404 883 721 950 αὐλίζονται
755 882 1008 956 δώμασιν
1031 923 1047 949 ,
1093 884 1244 956 ἡμᾶς
1280 883 1338 939 δέ
1377 884 1778 958 καθειργνύντα
1809 901 1992 939 στενο-

2093 901 2188 943 eos
2211 902 2364 955 vero,
2397 887 2487 959 qui
2521 901 2680 944 secus
2709 887 2975 951 sentiunt,
3013 885 3166 940 vobis
3194 885 3247 939 in
3275 881 3488 938 deliciis
3525 895 3671 946 esse.

405 979 580 1050 χωρεῖ
615 975 688 1031 τά
723 975 1114 1050 δεσμωτήριας
1145 977 1222 1032 οὐ
1257 977 1328 1032 τὰ
1365 977 1605 1050 ἐδώδιμα
1640 977 1854 1042 τούτοις
1895 977 1993 1049 τῆς

2095 982 2356 1051 omnique
2384 993 2514 1035 cura
2551 994 2616 1034 ac
2658 977 2996 1048 benignitate
3035 975 3232 1031 foveri.
3267 973 3520 1044 Nunquid
3567 989 3672 1027 non

405 1069 777 1141 ἀναπτορικῆς
808 1067 1097 1140 δαψιλείας
1124 1068 1616 1141 ἀποκεκλήρωται,
1643 1069 1792 1144 ἡμᾶς
1828 1069 1888 1124 δὲ
1916 1069 1993 1124 λι·

2095 1071 2150 1127 hi
2179 1072 2398 1142 quidem
2434 1071 2728 1126 instructas
2756 1069 2966 1124 auratis
2987 1067 3339 1138 laquearibus
3365 1066 3559 1120 domos
3581 1064 3674 1120 [ta-

413 1160 516 1232 μὸς
551 1160 754 1224 ’πιέζει
803 1159 901 1216 καὶ
956 1161 1122 1234 κόρος
1171 1159 1383 1226 ἐνδείας
1429 1160 1810 1234 ἐμπίπλησιν;
1860 1161 1998 1232 οὐχὶ

2093 1165 2310 1231 hitant;
2339 1179 2436 1220 nos
2483 1175 2664 1218 autem
2718 1177 3008 1218 carcerum
3041 1161 3306 1232 angustiae.
3366 1161 3421 1215 in
3455 1170 3664 1215 arctnm

410 1254 564 1309 πᾶσα
601 1251 785 1323 βίϐλος
825 1251 1040 1316 τούτοις
1069 1253 1281 1307 ἀνεῖται
1314 1251 1452 1324 πρὸς
1491 1250 1741 1322 ἔρευναν,
1781 1251 1904 1324 δίκη
1938 1251 1998 1306 δέ

2095 1255 2332 1328 cogunt?
2360 1253 2546 1310 Nonne
2575 1253 2660 1310 his
2693 1255 2854 1323 regiae
2881 1252 3269 1308 muniﬁcentiae
3321 1249 3534 1334 addicta
3567 1247 3675 1304 fer.

412 1349 524 1410 τοῖς
547 1347 904 1417 ἐπιχορηγεῖν
928 1343 1136 1408 ταύτας
1161 1345 1300 1416 ἡμῖν
1326 1342 1730 1416 ἐπικρέματαις
1755 1345 1824 1398 Τί
1855 1361 1998 1414 γνω-

2097 1347 2249 1412 cuia;
2310 1363 2408 1403 nos
2438 1355 2618 1402 autem
2669 1344 2844 1401 fames
2875 1345 3074 1416 premit
3107 1345 3406 1415 impletque
3447 1344 3675 1400 satietas

411 1435 624 1508 ρίζεται
659 1435 944 1508 μεσιτείας
964 1437 1026 1490 ἐν
1043 1434 1256 1500 τούτοις
1292 1435 1666 1508 ἐμπύρευμας
1698 1435 1794 1501 Τίς
1823 1437 1996 1491 ίσονο-

2095 1440 2398 1512 egcstatis?
2442 1453 2622 1494 nonne
2659 1439 2746 1494 his
2796 1452 3118 1494 concessum
3163 1447 3223 1492 ttt
3265 1452 3400 1508 quos
3455 1436 3673 1492 libuerit

412 1530 541 1599 μίας
569 1527 994 1600 ἐμπολιτεύεται
1029 1527 1248 1593 τούτοις
1283 1527 1590 1601 ἀρῤἐπειας
1625 1527 1722 1592 Τίς
1762 1529 1998 1600 ἀτρεψία

2097 1539 2410 1586 scrutentur
2443 1530 2644 1595 libros;
2683 1529 2739 1585 in
2771 1529 2860 1600 jus
2887 1541 3068 1584 autent
3093 1543 3157 1582 ac
3183 1528 3390 1583 crimen
3423 1538 3669 1594 vocatus.

405 1622 528 1689 νοδς
557 1622 869 1695 ἰσορρόπως
897 1620 1107 1686 τούτοις
1133 1623 1418 1676 ἐπιστατεῖ
1440 1620 1536 1674 καὶ
1552 1622 1712 1693 τηρεῖ
1731 1620 1792 1674 τὸ
1819 1639 1993 1676 συνει-

2098 1621 2344 1692 quisquis
2375 1621 2636 1677 librorum
2663 1619 2818 1676 nobis
2857 1619 3073 1692 cupiam
3114 1617 3352 1674 fecerit?
3411 1611 3686 1686 Quaenam

404 1713 495 1778 δὶς
536 1714 980 1786 ἀπαρέγκλιτον;
1021 1713 1210 1769 Ταῦτα
1257 1713 1440 1767 τοίνυν
1481 1712 1748 1784 ὁρῶντες,
1800 1714 1899 1768 καὶ
1935 1712 1992 1767 τὸ

2099 1713 2264 1768 rebus
2295 1713 2366 1766 ita
2397 1711 2714 1767 constitutis
2764 1710 3116 1767 mediationis
3149 1720 3241 1766 aut
3270 1711 3673 1770 conciliationis

407 1775 858 1877 πολυκλινὲςτῆς
885 1775 1168 1878 ὑμετέρας
1206 1803 1447 1870 νεύσεως
1481 1775 1854 1876 ἐννοούμενοι,
1899 1805 1994 1860 καὶ

2099 1807 2309 1874 species
2339 1804 2654 1873 agnoscitur
2671 1803 2700 1858 'f
2721 1801 2980 1870 Quaenam
3005 1801 3154 1874 viget
3177 1805 3430 1874 :rquitas,
3458 1805 3512 1859 in
3539 1818 3674 1860 neu-

403 1898 482 1960 ώς
531 1900 598 1953 ἐκ
646 1897 873 1968 πρώτης
923 1899 1024 1971 ἤδη
1072 1896 1336 1969 ἐπιϐολῆς
1379 1897 1598 1970 ἐρήμην
1641 1897 1991 1970 καταδιαιτη-

2098 1908 2236 1952 Iram
2255 1895 2446 1964 inflexa
2468 1905 2679 1967 partem
2697 1894 2722 1949 ?
2740 1895 2870 1963 Quae
2891 1894 3090 1950 mentis
3123 1897 3452 1964 constantia,
3469 1896 3671 1968 aequali

403 1987 632 2060 θείημεν
659 1988 797 2059 (16),
822 1989 884 2042 τδ
914 1991 1016 2060 τῆς
1038 1987 1338 2055 noema;
1383 1985 1710 2056 Ἐκκλησίας
1741 1989 1870 2058 σιγῇ
1911 2003 1991 2040 τι-

2097 1999 2358 2060 utrosque
2391 1987 2547 2042 lance
2574 1987 2804 2054 librans,
2835 1987 3046 2042 neutris
3077 1988 3216 2045 male
3249 1986 3521 2044 faventem
3546 2003 3677 2046 con-

410 2079 604 2151 μῶμεν
630 2079 949 2151 αίδέσιμονυ
982 2079 1059 2143 ὡς
1090 2079 1160 2134 ἀν
1191 2077 1268 2150 μὴ
1296 2076 1374 2149 τῷ
1413 2077 1666 2149 βορϐόρῳ
1694 2077 1795 2146 τῆς
1825 2076 1994 2148 βλασ-

2095 2081 2381 2136 scientiam
2437 2079 2708 2136 servans?
2763 2077 2889 2136 llaec
2951 2079 3135 2150 itaque
3185 2094 3309 2134 cum
3369 2079 3672 2145 vidi-anius,

409 2168 624 2241 φημίας
682 2169 912 2235 ἁλῶναι,
967 2169 1064 2224 καὶ
1127 2168 1427 2240 χρανθῆναι
1485 2167 1668 2238 λόγοις
1719 2167 1994 2240 ἀκόρεστα

2095 2187 2367 2246 quamque
2396 2186 2666 2242 propenso
2701 2171 2756 2226 in
2787 2171 3133 2227 adversarios
3160 2173 3343 2227 animo
3357 2187 3551 2227 eorum
3590 2187 3675 2226 re-

412 2263 554 2317 κατά
591 2263 690 2334 τῆς
723 2261 1042 2332 οἰκονομίας
1074 2258 1318 2334 Χριστοῦ
1381 2260 1818 2330 ἀσελγαίνουσιν.
1867 2258 1994 2312 Ἐπὶ

2097 2268 2198 2324 bus
2249 2265 2520 2322 studeatis
2577 2263 2682 2334 ipsi
2735 2264 3020 2320 nobiscum
3058 2273 3396 2332 reputantes,
3423 2263 3669 2331 certique

407 2351 477 2410 αὖ
515 2357 584 2428 τῇ
626 2355 986 2435 οίκουμενικῇ
1027 2354 1380 2424 καταστροφῇ
1410 2351 1495 2416 τίς
1539 2353 1669 2423 ὑμῖν
1717 2350 1995 2422 σώφρονος

2097 2359 2338 2414 futurum
2369 2366 2428 2412 ut
2471 2335 2514 2410 α’
2558 2357 2739 2423 primo
2793 2370 3088 2428 congressu
3115 2356 3298 2412 statim
3351 2357 3673 2412 datnnemur

406 2445 674 2518 λογισμοῦ
701 2445 992 2516 συνέψεται
1007 2444 1236 2516 κύριος;
1273 2443 1392 2512 Ἀφ’
1417 2441 1570 2514 ἡλίου
1601 2442 1708 2513 γὰρ
1732 2440 1993 2506 ἐκϐολῶν,

2100 2448 2288 2513 exilio,
2315 2447 2676 2502 venerandam
2707 2445 2974 2503 Ecclesia
3008 2446 3294 2503 catholicae
3320 2447 3478 2500 fidem
3507 2447 3675 2501 sileno

405 2538 510 2593 καὶ
535 2537 696 2610 μέχρι
721 2536 998 2608 Γαδείρων
1027 2535 1122 2589 καὶ
1161 2533 1503 2604 Ἡρακλείων
1532 2531 1770 2604 στηλῶν,
1816 2533 1849 2605 ἡ
1883 2532 1993 2588 τῶν

2098 2541 2176 2596 tio
2202 2540 2458 2605 colimus,
2487 2555 2556 2594 ne
2578 2537 2931 2608 blasphemiae
2975 2553 3134 2594 emno
3172 2539 3510 2606 irretiamur,
3539 2553 3675 2592 neve

408 2629 578 2701 ιερῶν
607 2629 834 2684 είκόνων
882 2627 1171 2693 σεϐἀζεται
1221 2626 1460 2698 ποίησις,
1497 2625 1566 2697 ἢν
1595 2626 1657 2678 οὐ
1703 2623 1868 2698 χθιζή
1910 2641 1996 2689 τις

2097 2631 2462 2696 sermonibus,
2500 2630 2800 2686 insatiabili
2833 2630 3132 2701 petulantia
3167 2629 3368 2687 Christi
3392 2631 3676 2700 dispensa-

409 2720 644 2787 ἐπίνοια,
671 2721 707 2792 ἡ
741 2719 984 2792 Χριστοῦ
1011 2719 1069 2774 δέ
1098 2718 1240 2792 πρὸς
1279 2717 1606 2790 ἀνθρώπους
1633 2717 1900 2790 ἐπιδημία
1934 2717 1996 2772 τδ

2101 2723 2304 2778 tionem
2340 2723 2564 2793 ejusque
2606 2722 2658 2776 in
2695 2737 2859 2777 carne
2887 2723 3210 2794 mysterium
3247 2723 3671 2792 exagitantibus,

406 2809 550 2868 εἶναι
585 2813 770 2883 σαφῶς
791 2813 1140 2884 ἐπιφέρεται.
1185 2811 1309 2866 Ἐπὶ
1347 2811 1528 2882 τούτῳ
1565 2812 1746 2866 τοίνυν
1775 2809 1854 2883 τῷ
1901 2810 1994 2866 θε-

2096 2813 2418 2884 polluatnur.
2452 2810 2612 2878 Nam,
2653 2826 2860 2883 quaeso,
2893 2813 3016 2882 quis
3049 2826 3196 2866 sanae
3215 2813 3413 2866 mentis
3441 2811 3594 2866 vobis
3621 2812 3673 2865 in

409 2903 582 2976 μελίῳ
613 2905 924 2976 προφήτας,
959 2900 1298 2965 ἀποστόλους
1329 2902 1424 2954 καὶ
1459 2900 1815 2964 διδασκάλους
1839 2903 1995 2956 ἐποι-

2097 2903 2248 2960 orhis
2279 2903 2517 2960 universi
2565 2903 2922 2958 subversioue
2955 2903 3163 2959 socium
3213 2917 3273 2959 se
3315 2903 3555 2974 praebet?
3592 2904 3677 2963 Ab

405 2997 663 3068 κοδομεϊν
693 2992 1088 3066 δεδιδάγμεθα·
1125 2991 1366 3063 βασιλεῖς
1402 2991 1460 3046 δὲ
1492 2991 1872 3064 ὑπείκεινμέν
1898 2992 1993 3047 καὶ

2097 3007 2220 3050 ortu
2254 2996 2398 3052 enim
2437 2993 2569 3050 solis
2605 2996 2669 3050 ad
2703 2994 2884 3050 Gades
2929 3009 3101 3066 usque
3147 3004 3202 3050 et
3242 2993 3541 3051 llerculeas
3575 3009 3675 3051 co-

409 3089 671 3160 στέργειν
702 3090 817 3152 τοῖς
851 3086 986 3158 παρ’
1025 3083 1606 3166 αὑτῶνὶκεκριμένοις
1651 3084 1991 3157 ἐπέγνωμεν,

2101 3087 2316 3142 lumnas
2361 3087 2568 3142 obtinet
2619 3101 2898 3142 sacrarunt
2945 3085 3240 3159 imaginum
3267 3089 3550 3143 veneratio
3589 3096 3674 3142 at-

405 3179 727 3248 νομοθετεῖν
755 3178 812 3230 δὲ
845 3177 941 3232 καὶ
969 3178 1132 3249 ὅρους
1155 3177 1223 3246 τῇ
1261 3174 1563 3247 Ἐκκλησία
1586 3175 1993 3248 σεσυλημένους

2097 3195 2206 3252 que
2234 3178 2443 3250 religio,
2467 3193 2631 3249 quam
2661 3191 2766 3232 non
2797 3191 2932 3230 nova
2963 3179 3208 3246 quaedam
3234 3176 3506 3247 uniusque
3541 3176 3670 3242 diei,

405 3269 688 3340 πηγνύναι
717 3269 953 3341 πάμπαν
985 3271 1086 3324 οὐκ
1118 3269 1386 3339 ἔγνωμεν.
1421 3269 1532 3322 Καὶ
1565 3268 1647 3322 ὃτι
1682 3267 1784 3339 μὲν
1817 3267 1992 3339 ἀληθῆ

2097 3285 2156 3327 ut
2186 3272 2360 3338 aiunt,
2385 3269 2688 3330 inventum,
2713 3267 2809 3323 sed
2843 3266 3048 3322 Christi
3073 3267 3140 3323 ad
3163 3267 3413 3324 homines
3441 3267 3678 3321 adventu

402 3363 606 3428 ταῦτα,
632 3363 712 3434 τῷ
737 3362 1002 3416 συνειδότι
1031 3361 1142 3416 τῶν
1162 3359 1450 3430 ἀκροατῶν
1473 3360 1708 3431 ἀφίεμεν
1727 3359 1790 3414 τδ
1813 3359 1990 3414 τοιοῦ-

2101 3363 2352 3419 noscitur
2378 3361 2673 3417 invexisse.
2707 3359 2888 3430 Super
2915 3361 3021 3414 hoc
3048 3360 3234 3430 itaque
3262 3359 3682 3434 fundamentum

400 3473 500 3509 τον
533 3457 839 3526 κριτήριον.
892 3453 1017 3509 Ἐπὶ
1062 3453 1158 3508 τοῦ
1207 3452 1444 3524 φοϐεροῦ
1491 3454 1604 3524 γὰρ
1649 3453 1861 3508 ἐκείνου
1899 3455 1988 3510 καὶ

2095 3457 2412 3526 prophetas,
2435 3451 2710 3523 apostolos
2731 3464 2899 3522 atque
2923 3451 3186 3508 doctores
3211 3453 3462 3507 novimus
3485 3463 3679 3516 super-

406 3545 854 3618 ἀπαραλογίστου
898 3545 1255 3617 δικαστηρίου
1286 3545 1415 3608 τοὺς
1457 3545 1660 3616 εαυτῆς
1700 3545 1992 3612 ἐπαινέτας

2099 3549 2404 3612 aediﬁcare;
2437 3545 2793 3615 imperatores
2824 3557 2950 3597 vero
2975 3558 3040 3598 ac
3075 3557 3229 3612 reges
3254 3543 3340 3598 his
3361 3541 3557 3597 cedere
3582 3542 3681 3596 de-

402 3641 441 3711 η
473 3639 702 3711 ἀλήθεια
731 3639 1102 3710 στεφανώσει,
1128 3639 1260 3703 τοὺς
1297 3637 1628 3702 ἀντιπάλους
1664 3638 1724 3693 δὲ
1761 3638 1870 3693 τῶν
1897 3641 1990 3694 εύ-

2099 3645 2251 3702 berc,
2287 3646 2340 3692 et
2380 3652 2499 3708 qua:
2541 3635 2756 3690 illorum
2805 3634 3008 3688 fuerint
3043 3634 3257 3688 lirtuata
3289 3633 3516 3704 judicio,
3549 3648 3673 3686 am-

405 3727 587 3782 σεϐῶν
613 3729 907 3798 δογμάτων
938 3731 1020 3794 είς
1044 3731 1146 3803 την
1172 3730 1266 3785 τοῦ
1293 3729 1530 3802 ψεύδους
1553 3729 1823 3804 αἰσχύνην
1853 3733 1992 3786 ἀπο-

2098 3732 2260 3804 plecti
2316 3739 2478 3801 atque
2524 3727 2825 3782 indubitata
2857 3725 3088 3792 habere;
3137 3741 3244 3782 non
3285 3715 3414 3781 vero
3463 3725 3678 3780 sancire

403 3822 587 3890 κρινεῖ
613 3821 710 3875 καὶ
742 3821 1173 3894 προκρούσεται.

2098 3827 2246 3898 leges
2267 3821 2524 3878 Ecclesia:
2549 3819 2748 3874 nedum
2788 3819 3111 3890 subreptitia
3135 3817 3354 3874 decreta
3379 3816 3556 3872 eidem
3582 3816 3681 3870 ob-

401 3913 648 3976 trudere,
687 3913 911 3985 vimque
943 3914 1049 3971 illis
1083 3929 1149 3972 ac
1189 3915 1361 3972 robur
1395 3913 1665 3972 violenter
1697 3928 1980 3989 praestare.
2027 3919 2154 3977 Haec
2193 3933 2312 3990 qua:
2373 3910 2610 3970 dicimus
2672 3927 2800 3968 vera
2833 3927 2978 3975 esse.
3005 3925 3172 3982 penes
3201 3911 3511 3968 auditorum
3544 3925 3680 3965 con-

403 4003 691 4060 scientiam
713 4005 978 4074 judicium
1023 4016 1162 4064 esto.
1209 4009 1265 4064 In
1304 4009 1586 4065 tremendo
1630 4026 1864 4081 namque
1914 4028 1978 4069 ac
2013 4013 2234 4070 omnino
2278 4011 2596 4078 incorrupto
2641 4003 2851 4076 judicio
2917 4004 3119 4061 vet-itas
3155 4021 3285 4061 suos
3361 4005 3675 4062 laudatores

401 4109 758 4162 coronatura,
793 4113 912 4164 eos,
943 4099 1037 4169 qiti
1074 4115 1218 4155 nunc
1258 4103 1364 4171 pia:
1403 4101 1665 4157 doctrina:
1698 4107 2083 4175 adversantur,
2127 4107 2181 4162 in
2222 4103 2494 4160 mendacii
2548 4101 2810 4170 probrum
2851 4099 3063 4169 rejiciet
3086 4109 3250 4168 atque
3297 4099 3541 4169 repellet.

481 4188 584 4256 νη’.
613 4189 838 4256 Τούτοις
861 4187 956 4248 οὖν
992 4193 1090 4246 καὶ
1117 4193 1395 4260 πλείστοις
1436 4195 1586 4260 ὅσοις
1617 4197 1993 4272 καταϐροντη-

2169 4198 2262 4256 58.
2301 4197 2396 4252 llis
2445 4197 2636 4266 itaque
2696 4194 2932 4264 aliisque
2983 4193 3236 4264 plurimis
3283 4193 3336 4247 iu
3385 4195 3677 4262 quemdam

407 4279 528 4344 θεὶς
550 4281 646 4353 τὴν
669 4283 933 4348 διάνοιαν,
962 4285 1058 4338 καὶ
1085 4282 1274 4357 ὥσπερ
1296 4287 1768 4360 ἐκκεκωφωμένος
1791 4290 1858 4344 τά
1878 4285 1992 4346 ὦτα

2098 4290 2267 4348 animi
2294 4299 2574 4358 stuporem
2601 4289 2758 4341 aetiis
2785 4285 2916 4352 Leo,
2943 4285 3086 4341 velut
3113 4286 3311 4340 surdus
3333 4285 3557 4338 auribus
3584 4285 3679 4340 atl-

406 4369 518 4424 una
542 4371 638 4442 τῆς
667 4373 776 4426 τῶν
805 4372 1114 4428 θεσπεσίων
1144 4375 1370 4430 ἐκείνων
1411 4377 1599 4444 φανεὶς
1632 4377 1988 4450 ἀπηχήσεως,

2100 4380 2432 4438 tuirabilium
2446 4391 2732 4450 procerum
2750 4391 2881 4432 voce
2897 4376 3122 4432 insouan
3131 4383 3181 4429 te
3194 4373 3443 4436 effectus,
3463 4385 3520 4427 ut
3536 4374 3678 4430 lassas

401 4464 484 4528 ὡς
536 4465 618 4528 είς
667 4466 831 4522 αὑτὸν
888 4466 992 4539 ἤδη
1051 4469 1576 4540 προσκεκρουκότας
1637 4470 1989 4546 ὑποτοπήσας

2098 4472 2405 4544 majestatis
2449 4485 2563 4526 sua;
2611 4469 2750 4525 citra
2787 4483 2939 4539 spem
2979 4467 3155 4524 veniat
3201 4482 3325 4524 reos
3361 4466 3574 4532 habuit,
3625 4476 3680 4521 et

401 4554 768 4626 ἀσύγγνωστα
797 4557 933 4628 (17)-
963 4559 1058 4614 καὶ
1081 4557 1338 4634 καθάπερ
1367 4562 1732 4632 συκοφαντίαν
1774 4581 1989 4638 προφα-

2095 4565 2244 4622 velut
2272 4563 2739 4620 manifestissimae
2767 4561 3056 4617 calumniae
3079 4571 3272 4616 contra
3304 4574 3363 4616 se
3397 4561 3677 4616 instructa:

401 4648 672 4718 νεστάτην
695 4649 1063 4722 ῥαψῳδηθεὶς,
1080 4651 1225 4707 οὕτω
1244 4653 1424 4724 φυγὰς
1448 4654 1725 4728 ἀνάνδρως
1740 4657 1834 4711 τοῦ
1858 4656 1988 4712 ίδίου

2097 4660 2414 4722 convictos;
2447 4655 2531 4712 sui
2563 4665 2745 4710 autem
2777 4654 2952 4709 factus
2977 4653 3225 4708 desertor
3245 4652 3540 4716 sermonis,
3571 4653 3678 4706 rit:-

404 4735 570 4805 λόγου
591 4739 916 4807 γεινάμενος
937 4781 953 4808 ,
985 4743 1236 4814 καθαρὰν
1273 4743 1370 4814 τὴν
1395 4737 1566 4816 ἧτταν
1593 4743 1990 4818 καθωμολόγη-

2096 4750 2238 4806 toria
2283 4749 2548 4804 cecidisse
2574 4761 2634 4804 se
2670 4746 2876 4818 liquido
2905 4755 2990 4800 est
3019 4743 3326 4816 professus.
3365 4741 3480 4798 Non
3527 4743 3672 4798 enim

407 4847 522 4885 σεν’
553 4835 618 4886 οὐ
644 4833 755 4904 γάρ
775 4829 925 4906 εἶχεν
946 4833 1134 4906 ὀρέξαι
1158 4839 1320 4908 χεῖρα
1346 4835 1428 4908 τῷ
1447 4835 1645 4890 ἐαυτοῦ
1669 4835 1837 4909 λόγῳ,
1867 4838 1992 4894 οὐδὲ

2097 4839 2220 4900 erat
2247 4857 2386 4896 unus
2423 4857 2488 4896 ex
2525 4841 2808 4904 omnibus,
2839 4839 2933 4910 qui
2975 4852 3196 4893 manum
3229 4837 3305 4892 illi
3337 4837 3514 4891 victus
3552 4852 3676 4903 por-

405 4922 516 4996 μὴν
543 4925 866 4996 ἀντιϐλέψαι
888 4925 1096 4998 τολμᾷν
1123 4928 1260 5000 πρὸς
1280 4929 1380 5000 τὴν
1404 4929 1516 4984 τῶν
1553 4927 1864 5001 λεγομένων
1890 4932 1989 4986 ἀν-

2096 4937 2300 5008 rigeret
2337 4953 2352 4992 :
2387 4936 2502 5006 ipse
2535 4943 2717 4989 autem
2752 4946 2853 4988 nec
2895 4931 3168 5002 respicere
3193 4931 3246 4986 itt
3278 4944 3376 4986 eos
3415 4945 3484 4986 au
3511 4929 3671 4992 iebat,

399 5015 683 5090 τίρρησιν.
720 5018 830 5072 Καὶ
862 5019 1012 5090 μάλα
1059 5021 1306 5084 είκότωςυ
1343 5021 1514 5094 ήγάρ
1556 5021 1852 5090 ἀλαζονία,
1895 5024 1987 5078 καὶ

2096 5043 2276 5098 neque
2321 5027 2558 5092 hiscere,
2588 5033 2651 5081 ut
2685 5039 2808 5095 qua:
2855 5023 3000 5078 dicta
3045 5021 3288 5088 fuerant,
3343 5020 3673 5078 confutaret.

401 5106 668 5180 βραχείας
692 5109 955 5178 ,ἐξουσίας
986 5112 1368 5184 ἐπειλημμένη
1389 5155 1404 5181 ,
1435 5115 1636 5180 τελέως
1670 5115 1988 5188 ἔμπληκτον

2094 5116 2259 5188 quue
2285 5117 2410 5188 jure
2439 5117 2714 5184 maximo;
2751 5115 3070 5184 arrogantia
3115 5114 3260 5170 enim
3292 5114 3337 5168 si
3375 5115 3460 5170 vel
3493 5114 3669 5166 modio

398 5203 553 5254 ποιεῖ
574 5200 666 5256 τδν
697 5203 917 5270 cum,
952 5204 1048 5260 καὶ
1078 5203 1325 5276 ἐξίστησι
1353 5206 1449 5262 τοῦ
1477 5211 1718 5280 φρονεῖν.
1751 5210 1904 5280 Ἀμα
1929 5209 1986 5264 δὲ

2095 5225 2218 5264 cum
2253 5209 2386 5278 quid
2422 5206 2716 5278 potestatis
2751 5216 2910 5262 nacta
2943 5221 3326 5278 quemcunque
3370 5217 3674 5274 occupare-

431 5449 448 5463 .
470 5377 588 5461 (ιβ)
623 5378 795 5463 Ιιίθει
825 5381 1030 5463 indicta
1059 5399 1246 5463 causa,
1279 5399 1374 5439 seu
1405 5393 1599 5463 negato
1634 5384 1752 5463 l_t_ico
1791 5384 1984 5463 defen-
2092 5387 2726 5463 quimanifestissimam
2757 5387 3087 5444 calumniam
3117 5391 3428 5463 struxerat,
3457 5384 3536 5463 sic
3567 5386 3674 5438 im-

401 5451 576 5533 sionis
610 5467 626 5506 :
660 5451 844 5533 itaque
871 5451 972 5533 hac
1008 5469 1144 5508 voce
1185 5451 1614 5533 Demosthenes.
1643 5453 1984 5533 Eustathius,
2095 5451 2308 5533 helliter
2343 5459 2607 5530 profugus
2649 5476 2679 5533 ιι
2715 5473 2816 5533 suo
2847 5473 3100 5533 sermone
3141 5457 3346 5526 liquido
3379 5471 3444 5510 se
3471 5457 3672 5533 victum

400 5531 459 5576 et
487 5519 579 5595 alii
613 5521 804 5595 optimi
832 5531 1083 5595 auctores
1113 5533 1383 5595 utuntur;
1417 5536 1474 5576 ut
1510 5524 1715 5579 exitum
1747 5526 1819 5580 sit
1853 5519 1987 5593 quo;
2096 5529 2275 5583 fassus
2297 5519 2378 5584 est
2403 5547 2416 5582 :
2445 5519 2550 5584 ιιοῖι
2575 5530 2720 5587 enim
2746 5529 2978 5585 facultas
2993 5519 3312 5595 suppetebat
3337 5527 3674 5582 resumenda:

400 5591 576 5669 mon
623 5589 1723 5669 'Ethutxmzattpinterpretiuexciderit
1779 5589 1988 5665 ἐρήμην

2091 5597 2358 5654 orationis
2381 5640 2397 5662 ,
2430 5615 2493 5655 ac
2530 5616 2598 5656 ne
2636 5601 2833 5655 fiducia
2863 5589 3082 5669 quidem
3097 5589 3444 5664 'respiciendt'
3477 5599 3542 5653 ad
3585 5615 3669 5652 re.

400 5659 1269 5741 καταριιαιιτηθείημενητὲιίιιιξιε,
1299 5663 1488 5741 exsilio
1515 5659 1900 5741 damnemttt‘f:
1950 5659 1984 5741 ’-

1699 5659 1900 5741 "tituli
1950 5659 1984 5741 ’-
2094 5659 2414 5726 futatiuucm
2447 5687 2636 5727 eorum
2661 5685 2782 5741 quae
2810 5659 2956 5726 diéta
2989 5659 3224 5724 fuerant.
3264 5682 3287 5719 ι

477 5730 592 5800 (t7)
631 5730 929 5802 Setiut‘ntia
963 5733 1040 5789 sit:
1087 5733 1250 5791 latius
1280 5734 1564 5791 redderem
1597 5751 1610 5789 :
1661 5754 1679 5788 ι
1725 5737 1787 5790 Et
1822 5735 1989 5791 veluti
