3938 6220
358 295 459 362 115

1352 297 1416 358 S.
1456 296 1878 359 NICEPHORI
1914 294 2422 356 PATRIARCHIE
2457 297 2571 360 (ΖΡ.

3512 301 3602 368 116

356 410 452 475 rit,
483 406 749 465 furiosum
778 407 1002 465 omnino
1042 420 1105 464 ac
1135 405 1446 463 dementem
1474 405 1673 462 reddit.
1705 403 1789 460 Ad
1816 404 1931 460 haec

2045 403 2127 457 ιιαὶ
2155 402 2428 473 ἠπίστατο
2455 402 2651 458 ἐαυτὸν
2675 402 2954 476 ἁλώσιμον
2985 408 3052 479 τῇ
3081 406 3176 461 τοῦ
3204 408 3366 478 λόγου
3430 415 3606 479 συνεξ-

357 512 519 555 causa
562 500 614 553 in
647 515 878 556 examen
925 508 1138 565 vocata,
1181 497 1271 552 illa
1316 511 1376 552 se
1421 495 1638 567 penitus
1677 511 1933 552 casurum

356 600 586 646 noverat
610 591 757 662 :jam
781 592 926 647 enim
958 592 1075 661 ipse
1101 603 1315 663 quoque
1343 589 1600 665 invictam
1625 588 1931 655 veritatem,

274 718 279 749 ._
357 697 423 738 ac
456 682 615 753 plane
661 683 1087 754 insuperabilem
1135 696 1259 738 esse
1286 680 1375 737 vel
1402 681 1935 750 invitus'compere-

356 784 463 828 rat.
520 774 883 840 Quamobrem
934 788 1104 844 nugas
1140 773 1437 841 quasdam,
1485 787 1605 842 quze
1651 770 1844 827 nihile
1875 784 1934 825 re

357 872 566 929 essent,
599 864 877 931 pra-claris
920 863 1027 918 illis
1064 861 1473 918 azmulatoribus
1504 861 1557 916 in
1588 860 1801 915 ruinam
1830 860 1934 914 im-

357 953 627 1022 pellendis
660 967 987 1021 congerens,
1036 953 1127 1007 ubi
1165 966 1318 1006 suam
1351 951 1467 1021 ipse
1499 949 1707 1005 cladem
1750 962 1933 1004 resar-

357 1045 472 1096 cire
502 1043 764 1113 nequivit,
782 1043 943 1097 minis
970 1044 1223 1110 incussis,
1249 1059 1342 1099 eos
1368 1056 1476 1097 una
1499 1057 1621 1096 cum
1650 1053 1933 1096 sacrorum

359 1135 630 1200 antistite,
672 1135 849 1205 palam
887 1137 955 1190 ab
980 1135 1104 1189 aula
1143 1134 1373 1204 expulit.
1403 1133 1449 1188 Ο
1475 1133 1578 1187 viri
1607 1134 1660 1187 in
1688 1131 1934 1188 deterius

356 1240 687 1296 propensum
757 1228 1037 1282 animum!
1073 1242 1106 1281 ο
1147 1240 1332 1281 casum
1385 1224 1704 1280 horribilem
1754 1223 1822 1276 ab
1869 1236 1933 1277 eo

358 1319 500 1386 quod
535 1318 886 1387 praestantius
932 1328 1054 1373 erat
1083 1317 1190 1387 (y)!
1224 1315 1302 1370 Ex
1327 1331 1394 1371 eo
1441 1329 1672 1385 namque
1714 1314 1933 1384 vulpina

356 1408 557 1475 posita,
603 1407 904 1473 leoninam,
940 1416 996 1461 ut
1055 1416 1140 1462 est
1170 1407 1224 1460 in
1264 1405 1573 1475 proverbio,
1619 1404 1795 1459 induit
1834 1403 1935 1457 ad-

355 1511 551 1551 versus
589 1497 927 1564 Ecclesiam,
970 1498 1262 1569 palamque
1314 1498 1581 1552 instructa
1630 1497 1749 1551 acie
1791 1495 1934 1551 illius

361 1586 844 1654 impugnatoribus
896 1591 1075 1646 socius
1107 1588 1340 1644 accessit
1378 1605 1393 1642 :
1431 1588 1484 1642 in
1513 1588 1707 1659 primis
1752 1596 1934 1643 autem

358 1676 688 1734 fortissimos
739 1681 949 1752 pugiles
986 1681 1180 1738 exsilio
1230 1696 1338 1737 non
1393 1680 1595 1735 invitos
1644 1679 1933 1751 relegans,

362 1769 496 1823 alios
529 1771 651 1826 aliis
677 1771 811 1829 locis
832 1775 1039 1830 addixit
1064 1772 1258 1845 procul
1272 1774 1340 1829 ab
1371 1771 1631 1828 Ecclesia:
1650 1771 1810 1828 atriis
1840 1786 1936 1827 se»

360 1869 541 1916 motos
576 1875 593 1915 :
623 1862 737 1918 lore
770 1865 914 1920 enim
960 1864 1353 1931 arbitrabatur,
1387 1873 1448 1929 ut
1474 1872 1595 1933 post
1624 1863 1740 1919 haec
1772 1862 1938 1918 verbo

362 1964 471 2007 uno
516 1953 785 2024 dejectum
855 1956 1253 2027 patriarcham,
1322 1954 1594 2011 haeretica:
1654 1953 1940 2023 pravitatis

362 2042 611 2099 cassibus
632 2057 885 2115 caperet;
914 2046 998 2102 sin
1022 2058 1228 2113 autem,
1254 2055 1315 2101 ut
1333 2060 1394 2101 se
1420 2044 1512 2101 ille
1530 2055 1726 2115 sponte
1752 2059 1938 2100 sacer-

363 2131 496 2187 dutii
533 2137 858 2202 praefectura
898 2138 1205 2205 abdicaret,
1249 2137 1338 2193 cui
1368 2152 1400 2193 e
1442 2151 1601 2192 sacro
1634 2136 1727 2192 illo
1772 2138 1940 2193 choro

363 2237 524 2278 nemo
568 2225 787 2294 adjulor
841 2236 1176 2298 suppeteret.
1232 2226 1393 2282 Solus
1445 2227 1630 2297 itaque
1676 2227 1943 2299 temporis

361 2309 582 2369 labores
631 2315 832 2382 ferens,
867 2317 920 2371 in
947 2330 1241 2387 supernum
1296 2315 1561 2371 auxilium
1595 2316 1778 2371 animo
1820 2326 1940 2371 crat

360 2404 628 2470 intentus,
660 2407 963 2478 orabatque
989 2416 1047 2463 ut
1079 2407 1324 2463 desolato
1346 2407 1450 2462 sibi
1473 2415 1529 2462 et
1553 2406 1765 2463 consilii
1788 2408 1937 2479 inopi

359 2495 451 2564 pia
483 2496 821 2567 benignitate
856 2499 1227 2572 Opitularetur
1255 2501 1422 2573 Deus.

2036 494 2249 563 ετάσειζο
2263 494 2505 566 ἄληπτον
2523 494 2632 568 γάρ
2667 495 2784 567 ᾔδει
2813 497 3064 562 κάκεῖνος
3084 495 3249 554 οὖσαν
3288 500 3384 554 καὶ
3410 503 3605 577 ἀήττη-

2033 605 2127 643 τον
2165 589 2266 659 τὴν
2298 587 2577 660 ἀλήθειαν.
2620 588 2785 643 Ὅθεν
2821 590 3091 662 φλυαρίας
3130 592 3230 663 μέν
3284 592 3608 664 ἐξαγωνίους

2035 680 2173 753 πρὸς
2211 680 2529 735 ὑπόπτωσιν
2550 680 2661 735 τῶν
2684 678 2941 753 ζηλωτῶν
2975 685 3200 739 ἐκείνων
3228 690 3607 759 συμφορήσας,

2036 773 2098 828 οὐ
2136 772 2391 844 δυνηθεὶς
2438 772 2494 826 δὲ
2526 773 2627 846 τὴν
2665 773 2865 828 ἐαυτοῦ
2904 768 3078 846 ἧτταν
3131 777 3606 847 ἀνακαλέσασθαι,

2034 865 2339 936 τηνικαῦτα
2395 864 2621 929 τούτους
2675 865 2932 931 ἀπειλαῖς
2986 868 3086 922 σὺν
3136 868 3215 940 τῷ
3269 874 3610 945 μυσταγωγῷ

2034 956 2146 1011 τῶν
2170 956 2460 1028 βασιλείων
2493 956 2790 1031 ὲξὼθησεν.
2827 960 2894 1013 Ὤ
2929 958 3032 1028 τῆς
3061 960 3201 1030 πρὸς
3226 961 3289 1014 τὸ
3316 964 3498 1032 χεῖρον
3518 964 3609 1018 τοῦ

2036 1049 2230 1120 ἀνδρὸς
2267 1049 2644 1114 ἀπονεύσεωςι
2684 1049 2730 1103 ῶ
2762 1050 2865 1122 τῆς
2903 1050 3000 1105 τοῦ
3045 1050 3314 1122 βελτίονος
3355 1054 3608 1108 ἀποπτῶ-

2039 1141 2212 1206 σεωςι
2271 1141 2360 1208 Ἐξ
2400 1143 2612 1195 ἐκείνου
2663 1141 2802 1214 γὰρ,
2843 1142 2919 1206 ῶς
2954 1141 2974 1182 ί
3015 1160 3181 1214 φησιν
3221 1147 3254 1214 ἠ
3305 1145 3608 1217 Παροιμία,

2035 1231 2134 1304 τὴν
2180 1232 2322 1286 κατὰ
2367 1233 2466 1301 τῆς
2529 1233 2864 1302 Ἐκκλησίας
2914 1234 3162 1289 ἐνδύεται
3217 1236 3476 1306 λεοντῆν,
3523 1238 3612 1292 καὶ

2037 1323 2290 1393 φανερῶς
2347 1325 2461 1387 τοῖς
2511 1324 2634 1378 κατ’
2688 1325 2861 1396 αὐτῆς
2909 1326 3288 1397 δπλιζομένοις
3333 1329 3614 1400 συμφράτο

2035 1432 2223 1470 retur
2278 1415 2478 1469 αὐτίκα
2530 1416 2639 1488 γὰρ
2685 1417 2844 1482 τοὺς,
2894 1419 3021 1471 ὅσον
3056 1419 3144 1472 ἐπ’
3177 1420 3398 1482 αὐτοῖς,
3450 1418 3614 1490 ἀθλη-

2033 1506 2135 1571 τὰς
2178 1508 2467 1573 ἐθελοντὰς
2503 1509 2773 1581 ὑπερορίᾳ
2801 1509 3191 1582 παρέπεμπεν,
3235 1511 3397 1566 ἄλλον
3425 1512 3613 1566 ἄλλοσε

2036 1600 2450 1673 καταμερίσας,
2484 1602 2581 1655 καὶ
2621 1601 2812 1675 πόρρω
2849 1620 2954 1657 που
2990 1602 3102 1656 τῶν
3137 1603 3238 1674 τῆς
3286 1601 3614 1673 Ἐκκλησίας

2039 1692 2393 1758 ἀποξενώσας
2441 1693 2757 1749 ἐπαύλεων
2790 1694 2975 1749 ἔπειθε
3023 1694 3133 1765 γὰρ
3166 1694 3328 1750 αὐτὸν
3372 1693 3615 1748 αὐτοϐοιῄΙ

2042 1787 2136 1840 τὸν
2163 1785 2429 1857 ἀρχιερέα
2449 1787 2564 1849 τοῖς
2590 1786 2692 1857 τῆς
2724 1787 2989 1857 αἱρέσεως
3022 1786 3238 1858 βρόχοις
3265 1788 3426 1848 ἑλεῖν,
3456 1787 3549 1839 καί⁵
3568 1785 3616 1839 εί

2049 1876 2124 1949 μὴ
2144 1876 2303 1930 τοῦτό
2327 1893 2391 1947 γε
2425 1875 2682 1948 γνώμης,
2716 1877 3056 1949 ἐκουσιότητι
3089 1878 3190 1948 τὴν
3220 1877 3319 1947 τῆς
3352 1876 3616 1947 ἱερατείας

2038 1968 2371 2024 καταλιπεῖν
2415 1969 2778 2041 προστασίαν,
2818 1969 3015 2041 ἔχοντα
3071 1970 3277 2041 μηδένα
3326 1968 3420 2022 τοῦ
3473 1967 3616 2038 ἱεροῦ

2047 2062 2350 2131 καταλόγου
2383 2063 2688 2133 συνέριθον.
2724 2063 2903 2127 Μόνος
2929 2062 3024 2117 οὖν
3063 2062 3253 2117 λοιπδν
3280 2062 3341 2116 τὸ
3368 2060 3463 2115 τοῦ
3497 2076 3620 2114 καιο

2047 2153 2145 2225 ροῦ
2185 2154 2459 2227 διαφέρων
2507 2154 2788 2223 ἐπίπονον,
2841 2155 2981 2227 πρὸς
3024 2156 3125 2226 τὴν
3158 2155 3273 2209 ἄνω
3302 2153 3623 2224 συμμαχίαν

2044 2244 2376 2311 ἀπέϐλεπεν,
2408 2245 2614 2316 ταύτην
2645 2245 2797 2316 αὐτῷ
2825 2245 3124 2316 μονωθέντι
3152 2243 3496 2316 συνάρασθαι
3526 2240 3625 2296 καὶ

2045 2338 2381 2411 ἡπορημένῳ
2416 2338 2778 2395 συλλαϐέσθαι
2806 2339 2891 2404 ῶς.
2916 2338 3168 2411 μάλιστα.

1827 2634 2058 2695 CAPUT
2098 2639 2166 2697 Χ.

365 2742 555 2799 Sancti
587 2742 880 2817 Nicophori
905 2744 959 2800 in
996 2746 1306 2816 captivitate
1354 2754 1404 2802 et
1432 2746 1973 2825 _morbo.__con_s‘tantia
1993 2768 2013 2807 :
2056 2750 2308 2823 Epistolas
2350 2754 2563 2825 scripta
2586 2772 2608 2812 :
2634 2755 2838 2825 refecta:
2873 2754 3215 2812 concitiabuli
3261 2754 3420 2810 mina:
3445 2771 3465 2811 :
3492 2771 3629 2810 ana-

1401 2815 1577 2871 thema
1601 2815 1709 2872 illit
1736 2817 1971 2888 illatum,
2007 2832 2057 2878 et
2090 2815 2146 2878 in
2168 2841 2288 2880 eum
2318 2815 2592 2894 rejectum.

432 2954 522 3011 59.
551 2953 758 3011 Vidcns
781 2961 960 3010 autem
984 2954 1393 3029 sacratissimus
1418 2955 1670 3023 antistes,
1698 2956 1934 3013 Leonem

2114 2960 2211 3016 νθ’.
2267 2960 2440 3033 Ὀρῶν
2462 2960 2520 3017 δέ
2546 2962 2636 3017 τὸν
2659 2962 2828 3036 ἄνδρα
2856 2965 2925 3019 τὰ
2952 2964 3089 3036 πρὸς
3112 2963 3211 3037 τὴν
3237 2964 3410 3038 ἀληθῆ
3444 2965 3632 3019 πίστιν

365 3064 495 3105 vere
518 3050 623 3105 (ide
650 3047 891 3117 ejurata,
913 3049 967 3105 in
986 3050 1154 3106 Deum
1170 3051 1281 3120 iam
1300 3050 1572 3121 pervicaci
1594 3065 1718 3107 esse
1738 3051 1940 3120 animo,

2046 3051 2433 3124 ἐξομνύμενον,
2465 3055 2561 3108 καὶ
2595 3054 2797 3126 ἀπειθῆ
2831 3056 2899 3111 τὰ
2937 3056 3074 3127 πρὸς
3107 3055 3244 3110 Θεὸν
3272 3036 3372 3127 ἤδη
3410 3056 3632 3110 δεικνύ·

369 3143 520 3198 illius
548 3141 706 3197 uxori
742 3141 959 3208 scribit,
996 3142 1173 3213 deque
1204 3150 1355 3197 recta
1383 3140 1824 3198 Christianorum
1855 3157 1943 3198 re-

368 3235 569 3307 ligione
613 3249 678 3290 ac
720 3233 826 3289 lide
874 3235 1175 3290 admonens
1222 3235 1479 3290 hortatur
1524 3243 1586 3289 ut
1625 3235 1943 3304 imperatori

366 3328 597 3398 viroque
644 3326 894 3389 suadeat.
944 3334 1004 3381 ut
1052 3340 1170 3382 sea
1202 3326 1537 3396 nequissima
1589 3328 1678 3382 illa
1720 3342 1945 3397 aggres-

322 3468 329 3474 .
367 3421 522 3476 sione
547 3418 842 3474 abstineat.
897 3416 1103 3475 Scribit
1139 3428 1194 3474 et
1223 3418 1404 3473 aerarii
1438 3419 1638 3488 publici
1667 3426 1778 3472 tum
1807 3427 1947 3473 tem-

368 3510 519 3581 poris
549 3509 830 3581 praefecto,
860 3524 969 3580 quo
999 3508 1342 3564 familiariter
1367 3510 1625 3565 utebatur
1650 3511 1948 3581 imperator

371 3611 594 3672 pruplet‘
627 3601 845 3657 dicendi
885 3600 1220 3667 libertatem,
1253 3610 1309 3657 et
1330 3602 1472 3672 quod
1508 3602 1561 3657 in
1592 3602 1782 3658 eadem
1819 3616 1948 3656 sen-

369 3697 538 3751 tentia
575 3706 754 3760 esset;
784 3710 854 3750 ne
883 3695 1012 3765 quid
1051 3696 1314 3751 adversus
1344 3695 1641 3751 Ecclesiam
1671 3694 1948 3762 moliatur,

371 3802 507 3841 neve
543 3788 690 3840 illam
715 3785 851 3855 jam,
897 3788 949 3840 in
981 3799 1114 3856 pace
1152 3801 1216 3840 ac
1253 3801 1433 3841 rerum
1480 3786 1775 3856 tranquillo
1808 3795 1951 3843 statu

370 3888 649 3949 agentem,
680 3893 820 3932 nova
865 3877 1178 3933 turbatione
1220 3888 1560 3933 commoveat
1596 3898 1609 3933 :
1645 3880 1739 3933 sed
1773 3879 1952 3950 potius

370 3971 644 4024 ﬂammam
686 3970 889 4036 sopiat,
930 3984 1091 4039 quam
1124 3971 1526 4025 succenderunt
1557 3978 1764 4025 aeterno
1806 3971 1952 4041 digiti

371 4061 636 4132 mpplicio
670 4061 940 4126 homines,
969 4070 1021 4116 et
1048 4059 1192 4115 feros
1238 4060 1587 4130 imperatoris
1616 4075 1796 4117 mores
1820 4061 1954 4117 deli-

370 4154 508 4208 niat.
542 4153 621 4209 llli
653 4154 887 4224 denique
927 4154 1016 4222 qui
1054 4153 1211 4222 primi
1250 4167 1279 4206 a
1326 4153 1556 4209 secretis
1602 4154 1953 4224 imperatoris

370 4262 599 4303 munere
650 4248 920 4319 iungens,
971 4245 1344 4317 Eutychiauus
1391 4245 1631 4312 nomine,
1669 4245 1953 4301 haeretico-

2045 3160 2230 3214 μενον,
2252 3145 2455 3216 γράφει
2482 3132 2791 3218 τῇἐκείνου
2814 3150 3073 3220 συνεύνῳ,
3097 3149 3194 3204 ἅτε
3227 3148 3470 3218 γυναικὶ,
3498 3150 3634 3220 περὶ

2043 3235 2148 3306 τῆς
2198 3237 2366 3307 ὀρθῆς
2420 3239 2860 3312 ὑπομιμνήσκων
2912 3241 3082 3311 αὐτὴν
3126 3242 3236 3294 τῶν
3285 3240 3633 3313 Χριστιανῶν

2046 3325 2346 3398 θρησκείας
2378 3329 2473 3383 καὶ⁵
2510 3330 2771 3396 πίστεως,
2793 3331 2888 3386 καὶ
2913 3331 2990 3395 ὼς
3017 3330 3083 3385 ἂν
3127 3331 3310 3385 πείσοι
3351 3331 3440 3384 τὸν
3471 3330 3634 3401 βασι·-

2046 3418 2145 3474 λέα
2178 3421 2273 3474 καὶ
2307 3421 2562 3475 σύνευνον
2609 3422 2952 3493 ἀποσχέσθαι
2997 3424 3098 3494 τῆς
3146 3425 3403 3493 τοιαύτης
3449 3423 3637 3490 δεινῆς

2048 3511 2438 3585 ἐγχειρήσεως.
2474 3513 2680 3585 Γράφει
2708 3514 2765 3567 δέ
2785 3515 2881 3568 καὶ
2906 3514 3041 3585 πρὸς
3065 3514 3158 3568 τὸν
3183 3514 3488 3586 τηνικαῦτα
3519 3514 3641 3568 τῶν

2048 3603 2323 3673 δημοσίων
2350 3606 2649 3676 χρημάτων
2701 3607 2927 3678 ταμίαν,
2949 3606 3300 3676 οἱκειωμένον
3321 3606 3450 3676 παρ’
3477 3604 3642 3676 αὐτῷ

2049 3698 2117 3767 τῇ
2155 3712 2215 3748 τε
2251 3696 2533 3768 παρρησίᾳ
2571 3698 2666 3751 καὶ
2715 3696 2798 3770 τῷ
2841 3699 3183 3770 φρονήματι,
3229 3698 3303 3770 μὴ
3341 3695 3485 3751 κατὰ
3531 3699 3645 3769 τῆς

2065 3785 2415 3857 Ἐκκλησίας,
2444 3788 2543 3860 ἤδη
2577 3789 2640 3842 τὸ
2672 3791 2951 3863 είρηναίον
2980 3788 3213 3862 ἐχούσης
3240 3790 3335 3844 καὶ⁵
3364 3789 3644 3843 ἀστασία-

2054 3896 2199 3946 στον,
2230 3879 2467 3935 ἐπινοεῖν
2498 3880 2531 3952 ἢ
2560 3884 2731 3935 κινεῖν
2760 3900 2881 3938 τινα
2928 3882 3112 3945 σάλον,
3157 3881 3357 3953 μᾶλλον
3406 3881 3507 3952 μὲν
3537 3880 3646 3937 οὖν

2053 3969 2148 4024 καὶ
2171 3968 2268 4041 τὴν
2292 3969 2615 4040 ἐξαφθεῖσαν
2642 3972 2782 4043 αὐτῇ
2820 3972 2973 4043 παρὰ
3005 3972 3114 4025 τῶν
3144 3972 3237 4026 τοῦ
3264 3972 3486 4025 αἰωνίου
3529 3988 3645 4024 πυο

2057 4059 2147 4131 ρδς
2187 4057 2355 4123 ἀξίων
2403 4057 2575 4129 φλόγα
2642 4060 3008 4127 καταπαύειν,
3061 4060 3156 4115 κα)⁸
3212 4060 3310 4130 τὴν
3361 4059 3647 4130 βασιλέως

2055 4150 2407 4222 καθημεροῦν
2449 4151 2774 4222 ἀγριότητα.
2831 4151 3122 4223 Γράφειδέ
3173 4152 3270 4204 καὶ
3301 4151 3380 4222 τῷ
3427 4150 3649 4221 πρώτῳ

2055 4242 2165 4296 τῶν
2198 4242 2494 4313 βασιλικῶν
2533 4243 2899 4314 ὑπογραφέων
2931 4243 3053 4297 τότε
3085 4243 3406 4313 τυγχάνοντι
3436 4242 3651 4309 (Εὐτυ-

370 4358 492 4396 rum
525 4316 974 4412 iovebut'parlt's,
1001 4348 1055 4394 et
1080 4316 1250 4394 rectae
1287 4336 1408 4393 lidei
1439 4336 1653 4407 eloquia
1689 4337 1940 4407 deprava-

2056 4336 2237 4408 χιανὸς
2260 4330 2417 4396 οὗτος
2444 4316 2574 4406 ἦν),
2605 4336 2984 4408 συναιρομένῳ
3009 4339 3121 4400 τοῖς
3144 4335 3506 4407 αἱρετίζουσι,
3540 4336 3654 4389 καὶ

369 4433 488 4495 bat,
538 4432 742 4486 diserte
791 4432 1008 4501 scripsit
1041 4429 1184 4498 quod
1217 4430 1322 4484 nisi
1358 4430 1475 4484 vias
1518 4428 1732 4483 Domini
1772 4437 1940 4484 rectas

2054 4428 2124 4482 τὰ
2155 4428 2255 4499 τῆς
2279 4428 2576 4499 ὀρθοτόμου
2608 4427 2846 4491 πίστεως
2874 4425 3419 4499 παραναγινώσκοντι
3454 4424 3652 4493 λόγια,

372 4530 618 4578 cessaret
645 4532 987 4592 pervertere,
1037 4520 1701 4593 Elymzemagi"vestigia
1744 4527 1940 4585 terens,

2051 4519 2127 4584 ὡς
2156 4520 2206 4573 εί
2242 4519 2341 4589 μὲν
2369 4521 2429 4574 οὐ
2460 4519 2739 4590 παύσηται
2765 4520 3107 4590 διαστρέφων
3128 4520 3225 4583 τὰς
3250 4520 3403 4581 ὀδοὺς
3425 4517 3655 4589 Κυρίου

370 4614 686 4683 inspectore
706 4614 812 4668 Deo
832 4623 994 4683 atque
1010 4612 1186 4672 ultore
1204 4616 1429 4670 daturus
1443 4622 1588 4669 esset
1604 4626 1818 4682 ρωπος,
1832 4612 1940 4680 qni-

2052 4610 2152 4675 τὰς
2187 4610 2403 4675 εὐθείας
2427 4649 2443 4674 ,
2479 4610 2595 4665 ἀλλ’
2636 4610 2843 4681 Ἐλύμᾳ
2895 4610 2975 4680 τῷ
3016 4611 3177 4681 μάγῳ
3236 4612 3657 4680 συμπροαιρεῐ-

368 4701 475 4756 bus
501 4716 625 4756 eum
654 4717 840 4756 amara
880 4703 1007 4757 vita:
1036 4700 1340 4758 necessitas
1373 4701 1489 4757 dire
1522 4700 1819 4756 cruciaret.
1852 4698 1940 4755 Hic

2054 4717 2145 4755 ται
2189 4701 2555 4773 πορεύεσθαι,
2590 4703 2742 4774 παρὰ
2767 4702 2864 4773 τῆς
2909 4700 3107 4773 ἐφόρου
3143 4701 3303 4769 δίκης
3350 4699 3660 4754 πείσεσθαι

372 4807 503 4848 vero
557 4803 867 4850 monentem
911 4795 1059 4851 visus
1093 4808 1387 4866 spernere,
1430 4792 1699 4848 minarum
1741 4792 1940 4862 recepit

2055 4792 2261 4863 λώϐην,
2299 4792 2399 4858 τὰς
2439 4793 2579 4867 πρὸς
2609 4794 2670 4848 τὸ
2717 4792 2818 4865 ζῇν
2856 4792 3115 4864 ἀφορμὰς
3152 4789 3341 4856 δεινῶς
3391 4788 3664 4859 ἐπαλγύ-

447 4948 491 4981 ιο

519 4949 639 5003 Act.
673 4965 791 5017 xm,
818 4949 852 5003 8
885 4948 972 5003 lt.

1635 5036 1869 5094 VARIIE
1902 5036 2304 5097 LECTlONES.

448 5158 467 5200 ι
503 5157 604 5215 Ms.
641 5150 701 5231 ᾖ.

1880 5275 2110 5333 ΝΟΤΔΕ.

450 5417 529 5488 (y)
560 5419 618 5474 ln
650 5417 771 5473 Vita
806 5416 980 5472 sancti
1012 5414 1213 5488 Nicetae
1244 5432 1255 5467 :
1296 5416 1317 5465 ι
1354 5413 1506 5488 Tunc
1548 5413 1843 5488 imperator
1868 5412 1952 5467 I‘u-
2058 5425 2224 5473 tatem
2258 5417 2404 5473 varie
2432 5418 2664 5473 mediam
2712 5425 2984 5482 secarent,
3017 5429 3089 5488 ea
3111 5427 3170 5469 re
3190 5412 3370 5488 miser
3400 5408 3457 5466 in
3486 5407 3674 5469 furo-

374 5484 828 5543 roré'admodum
862 5487 1244 5546 exardesceus,
1282 5493 1335 5539 et
1361 5484 1507 5554 quod
1531 5492 1700 5554 recte
1746 5484 1949 5539 dictum
2055 5503 2170 5547 rem
2204 5497 2381 5554 actus,
2413 5504 2603 5545 omnes
2636 5489 2701 5543 ad
2737 5504 2929 5550 unum,
2980 5484 3150 5541 multa
3189 5485 3267 5554 ira
3288 5489 3674 5554 exaestuans,

377 5553 581 5620 fuerat,
615 5559 763 5613 velut
792 5557 1112 5628 injuriosum
1141 5552 1397 5678 q‘uiddaui
1428 5552 1723 5621 accipiens,
1754 5568 1950 5607 omnes
2054 5558 2200 5628 regia
2228 5552 2471 5626 expellit,
2504 5574 2569 5616 ac
2600 5558 3000 5629 quamprimum
3029 5553 3265 5628 singulis
3287 5552 3466 5610 locum
3494 5552 3679 5613 exsie

377 5614 558 5678 eiecit.
599 5643 619 5677 ι
651 5627 708 5678 In
762 5627 883 5678 Vita
938 5625 1115 5678 sancti
1200 5625 1355 5678 icolai
1403 5623 1632 5677 Studitm
1672 5635 1688 5677 :
1733 5640 1753 5674 ι
1791 5622 1946 5677 Tunc
2057 5626 2110 5678 lii
2136 5629 2339 5678 sancit.
2379 5647 2396 5678 ι

376 5614 619 5692 θῘθείι.’›
651 5627 708 5681 In
762 5614 883 5681 Vit'a
938 5625 1115 5683 sancti
1151 5614 1355 5679 Nicolai
1403 5614 1632 5677 Studita:
1672 5614 1753 5677 ι’(
1791 5622 1946 5677 Tunc
2057 5614 2339 5686 liivsancit.
2379 5647 2396 5680 ι

378 5694 593 5756 videns.
624 5705 677 5749 ut
711 5697 743 5751 ii
777 5699 1011 5764 Spiritus
1058 5695 1238 5767 gladio
1273 5708 1535 5767 nugarum
1565 5693 1682 5763 ejus
1715 5693 1950 5764 garruli-
