  <div class='ocr_page' id='page_1' title='image "/cluster/home/n/w/nwhite01/storage/ocr_20150623/100/hvd.32044054111919/064.png"; bbox 0 0 4022 6218; ppageno 0'>
   <div class='ocr_carea' id='block_1_1' title="bbox 315 319 457 396">
    <p class='ocr_par' dir='ltr' id='par_1_1' title="bbox 315 319 457 396">
     <span class='ocr_line' id='line_1_1' title="bbox 315 319 457 396; baseline -0.077 0"><span class='ocrx_word' id='word_1_1' title='bbox 315 319 457 396; x_wconf 70' lang='grc' dir='ltr'><strong>,ιὶἸ</strong></span> 
     </span>
    </p>
   </div>
   <div class='ocr_carea' id='block_1_2' title="bbox 1881 309 2084 373">
    <p class='ocr_par' dir='ltr' id='par_1_2' title="bbox 1881 309 2084 373">
     <span class='ocr_line' id='line_1_2' title="bbox 1881 309 2084 373; baseline -0.02 0"><span class='ocrx_word' id='word_1_2' title='bbox 1881 309 2061 373; x_wconf 75' lang='lat' dir='ltr'><strong>Vl’l‘A</strong></span> <span class='ocrx_word' id='word_1_3' title='bbox 2071 356 2084 369; x_wconf 93' lang='lat'><strong>.</strong></span> 
     </span>
    </p>
   </div>
   <div class='ocr_carea' id='block_1_3' title="bbox 3540 289 3649 356">
    <p class='ocr_par' dir='ltr' id='par_1_3' title="bbox 3540 289 3649 356">
     <span class='ocr_line' id='line_1_3' title="bbox 3540 289 3649 356; baseline 0.037 -5"><span class='ocrx_word' id='word_1_4' title='bbox 3540 289 3649 356; x_wconf 73' lang='lat'><strong>113</strong></span> 
     </span>
    </p>
   </div>
   <div class='ocr_carea' id='block_1_4' title="bbox 349 399 1960 492">
    <p class='ocr_par' dir='ltr' id='par_1_4' title="bbox 349 414 1949 492">
     <span class='ocr_line' id='line_1_4' title="bbox 349 414 1949 492; baseline -0.008 -11"><span class='ocrx_word' id='word_1_5' title='bbox 349 441 572 485; x_wconf 81' lang='grc' dir='ltr'><strong>νουσαν·</strong></span> <span class='ocrx_word' id='word_1_6' title='bbox 607 416 653 492; x_wconf 81' lang='grc' dir='ltr'><strong>ᾧ</strong></span> <span class='ocrx_word' id='word_1_7' title='bbox 686 422 784 476; x_wconf 69' lang='grc' dir='ltr'><strong>καὶ</strong></span> <span class='ocrx_word' id='word_1_8' title='bbox 822 417 1169 490; x_wconf 72' lang='grc' dir='ltr'><strong>ἀνουθετήτῳ</strong></span> <span class='ocrx_word' id='word_1_9' title='bbox 1203 417 1432 488; x_wconf 79' lang='grc' dir='ltr'><strong>φανέντι</strong></span> <span class='ocrx_word' id='word_1_10' title='bbox 1479 416 1554 470; x_wconf 77' lang='grc' dir='ltr'><strong>τά</strong></span> <span class='ocrx_word' id='word_1_11' title='bbox 1583 417 1682 489; x_wconf 81' lang='grc' dir='ltr'><strong>τῆς</strong></span> <span class='ocrx_word' id='word_1_12' title='bbox 1717 414 1949 485; x_wconf 81' lang='grc' dir='ltr'><strong>ἀπειλῆς</strong></span> 
     </span>
    </p>
   </div>
   <div class='ocr_carea' id='block_1_5' title="bbox 2064 399 3635 492">
    <p class='ocr_par' dir='ltr' id='par_1_5' title="bbox 2064 399 3635 482">
     <span class='ocr_line' id='line_1_5' title="bbox 2064 399 3635 482; baseline -0.008 -16"><span class='ocrx_word' id='word_1_13' title='bbox 2064 415 2230 470; x_wconf 71' lang='lat' dir='ltr'><strong>ricem</strong></span> <span class='ocrx_word' id='word_1_14' title='bbox 2255 431 2267 467; x_wconf 94' lang='lat'>:</span> <span class='ocrx_word' id='word_1_15' title='bbox 2297 409 2560 482; x_wconf 72' lang='lat' dir='ltr'><strong>quidquid</strong></span> <span class='ocrx_word' id='word_1_16' title='bbox 2589 408 2738 465; x_wconf 85' lang='lat' dir='ltr'><strong>enim</strong></span> <span class='ocrx_word' id='word_1_17' title='bbox 2761 405 2961 463; x_wconf 77' lang='lat' dir='ltr'><strong>exmde</strong></span> <span class='ocrx_word' id='word_1_18' title='bbox 2989 401 3191 459; x_wconf 83' lang='lat' dir='ltr'><strong>misero</strong></span> <span class='ocrx_word' id='word_1_19' title='bbox 3215 401 3342 456; x_wconf 73' lang='lat' dir='ltr'><strong>vitm</strong></span> <span class='ocrx_word' id='word_1_20' title='bbox 3367 399 3635 472; x_wconf 85' lang='lat' dir='ltr'><strong>reliquum</strong></span> 
     </span>
    </p>
   </div>
   <div class='ocr_carea' id='block_1_6' title="bbox 347 507 1944 588">
    <p class='ocr_par' dir='ltr' id='par_1_6' title="bbox 347 507 1944 588">
     <span class='ocr_line' id='line_1_6' title="bbox 347 507 1944 588; baseline -0.009 -13"><span class='ocrx_word' id='word_1_21' title='bbox 347 515 796 588; x_wconf 76' lang='grc' dir='ltr'><strong>κατελάμϐανεν.</strong></span> <span class='ocrx_word' id='word_1_22' title='bbox 843 513 1002 566; x_wconf 78' lang='grc' dir='ltr'><strong>Πᾶσα</strong></span> <span class='ocrx_word' id='word_1_23' title='bbox 1029 513 1142 582; x_wconf 78' lang='grc' dir='ltr'><strong>γὰρ</strong></span> <span class='ocrx_word' id='word_1_24' title='bbox 1185 511 1220 580; x_wconf 75' lang='grc' dir='ltr'><strong>ἡ</strong></span> <span class='ocrx_word' id='word_1_25' title='bbox 1271 509 1332 574; x_wconf 66' lang='grc' dir='ltr'><strong>ἐξ</strong></span> <span class='ocrx_word' id='word_1_26' title='bbox 1385 509 1598 564; x_wconf 65' lang='grc' dir='ltr'><strong>ἑκείνου</strong></span> <span class='ocrx_word' id='word_1_27' title='bbox 1633 507 1714 580; x_wconf 79' lang='grc' dir='ltr'><strong>τῷ</strong></span> <span class='ocrx_word' id='word_1_28' title='bbox 1755 507 1944 562; x_wconf 85' lang='grc' dir='ltr'><strong>τάλανι</strong></span> 
     </span>
    </p>
   </div>
   <div class='ocr_carea' id='block_1_7' title="bbox 346 602 1943 684">
    <p class='ocr_par' dir='ltr' id='par_1_7' title="bbox 346 602 1943 684">
     <span class='ocr_line' id='line_1_7' title="bbox 346 602 1943 684; baseline -0.008 -16"><span class='ocrx_word' id='word_1_29' title='bbox 346 607 795 684; x_wconf 76' lang='grc' dir='ltr'><strong>ιπιμετρηθεῐσα</strong></span> <span class='ocrx_word' id='word_1_30' title='bbox 824 605 939 676; x_wconf 78' lang='grc' dir='ltr'><strong>ζωὴ</strong></span> <span class='ocrx_word' id='word_1_31' title='bbox 957 645 975 671; x_wconf 88' lang='grc'><strong>,</strong></span> <span class='ocrx_word' id='word_1_32' title='bbox 1011 605 1255 673; x_wconf 79' lang='grc' dir='ltr'><strong>συνεχεῖς</strong></span> <span class='ocrx_word' id='word_1_33' title='bbox 1286 602 1593 674; x_wconf 77' lang='grc' dir='ltr'><strong>ἀλγηδόνας</strong></span> <span class='ocrx_word' id='word_1_34' title='bbox 1621 602 1943 672; x_wconf 77' lang='grc' dir='ltr'><strong>ἐπάγουσα,</strong></span> 
     </span>
    </p>
   </div>
   <div class='ocr_carea' id='block_1_8' title="bbox 345 695 1945 776">
    <p class='ocr_par' dir='ltr' id='par_1_8' title="bbox 345 695 1945 776">
     <span class='ocr_line' id='line_1_8' title="bbox 345 695 1945 776; baseline -0.007 -17"><span class='ocrx_word' id='word_1_35' title='bbox 345 705 548 776; x_wconf 82' lang='grc' dir='ltr'><strong>νεκρὸν</strong></span> <span class='ocrx_word' id='word_1_36' title='bbox 589 702 836 773; x_wconf 71' lang='grc' dir='ltr'><strong>ἔμπνουν</strong></span> <span class='ocrx_word' id='word_1_37' title='bbox 881 697 1020 767; x_wconf 69' lang='grc' dir='ltr'><strong>πρὸς</strong></span> <span class='ocrx_word' id='word_1_38' title='bbox 1060 696 1130 750; x_wconf 76' lang='grc' dir='ltr'><strong>τά</strong></span> <span class='ocrx_word' id='word_1_39' title='bbox 1165 695 1262 750; x_wconf 79' lang='grc' dir='ltr'><strong>τοῦ</strong></span> <span class='ocrx_word' id='word_1_40' title='bbox 1295 696 1534 751; x_wconf 85' lang='grc' dir='ltr'><strong>θανάτου</strong></span> <span class='ocrx_word' id='word_1_41' title='bbox 1565 695 1690 750; x_wconf 78' lang='grc' dir='ltr'><strong>καθ’</strong></span> <span class='ocrx_word' id='word_1_42' title='bbox 1731 696 1945 768; x_wconf 79' lang='grc' dir='ltr'><strong>ἡμέραν</strong></span> 
     </span>
    </p>
   </div>
   <div class='ocr_carea' id='block_1_9' title="bbox 347 783 1947 869">
    <p class='ocr_par' dir='ltr' id='par_1_9' title="bbox 347 783 1947 869">
     <span class='ocr_line' id='line_1_9' title="bbox 347 783 1947 869; baseline -0.006 -17"><span class='ocrx_word' id='word_1_43' title='bbox 347 798 596 869; x_wconf 76' lang='grc' dir='ltr'><strong>παρίστη</strong></span> <span class='ocrx_word' id='word_1_44' title='bbox 617 792 958 864; x_wconf 86' lang='grc' dir='ltr'><strong>προπύλαια.</strong></span> <span class='ocrx_word' id='word_1_45' title='bbox 988 789 1149 844; x_wconf 79' lang='grc' dir='ltr'><strong>Οὕτω</strong></span> <span class='ocrx_word' id='word_1_46' title='bbox 1175 787 1510 862; x_wconf 78' lang='grc' dir='ltr'><strong>θεραπεύειν</strong></span> <span class='ocrx_word' id='word_1_47' title='bbox 1529 783 1640 842; x_wconf 80' lang='grc' dir='ltr'><strong>οἶδε</strong></span> <span class='ocrx_word' id='word_1_48' title='bbox 1666 788 1800 852; x_wconf 79' lang='grc' dir='ltr'><strong>Θεὸς</strong></span> <span class='ocrx_word' id='word_1_49' title='bbox 1819 789 1947 852; x_wconf 78' lang='grc' dir='ltr'><strong>τοὺς</strong></span> 
     </span>
    </p>
   </div>
   <div class='ocr_carea' id='block_1_10' title="bbox 349 881 1853 962">
    <p class='ocr_par' dir='ltr' id='par_1_10' title="bbox 349 881 1853 962">
     <span class='ocr_line' id='line_1_10' title="bbox 349 881 1853 962; baseline -0.013 -18"><span class='ocrx_word' id='word_1_50' title='bbox 349 887 674 962; x_wconf 73' lang='grc' dir='ltr'><strong>ἀρρωστίαν</strong></span> <span class='ocrx_word' id='word_1_51' title='bbox 697 887 768 954; x_wconf 77' lang='grc' dir='ltr'><strong>τῇ</strong></span> <span class='ocrx_word' id='word_1_52' title='bbox 809 881 1109 954; x_wconf 71' lang='grc' dir='ltr'><strong>Ἐκκλησία</strong></span> <span class='ocrx_word' id='word_1_53' title='bbox 1131 881 1381 936; x_wconf 76' lang='grc' dir='ltr'><strong>δυσίατον</strong></span> <span class='ocrx_word' id='word_1_54' title='bbox 1411 881 1853 952; x_wconf 73' lang='grc' dir='ltr'><strong>ὑπογράφοντας,</strong></span> 
     </span>
    </p>
   </div>
   <div class='ocr_carea' id='block_1_11' title="bbox 423 971 1944 1044">
    <p class='ocr_par' dir='ltr' id='par_1_11' title="bbox 423 971 1944 1044">
     <span class='ocr_line' id='line_1_11' title="bbox 423 971 1944 1044; baseline -0.006 -10"><span class='ocrx_word' id='word_1_55' title='bbox 423 978 491 1044; x_wconf 85' lang='grc' dir='ltr'><strong>ξ’.</strong></span> <span class='ocrx_word' id='word_1_56' title='bbox 551 975 780 1040; x_wconf 77' lang='grc' dir='ltr'><strong>Τούτοις</strong></span> <span class='ocrx_word' id='word_1_57' title='bbox 829 973 924 1029; x_wconf 67' lang='grc' dir='ltr'><strong>οὖν</strong></span> <span class='ocrx_word' id='word_1_58' title='bbox 975 975 1088 1038; x_wconf 74' lang='grc' dir='ltr'><strong>τοῖς</strong></span> <span class='ocrx_word' id='word_1_59' title='bbox 1133 971 1433 1044; x_wconf 72' lang='grc' dir='ltr'><strong>βιωφελέσι</strong></span> <span class='ocrx_word' id='word_1_60' title='bbox 1477 971 1572 1026; x_wconf 72' lang='grc' dir='ltr'><strong>τοῦ</strong></span> <span class='ocrx_word' id='word_1_61' title='bbox 1619 971 1944 1026; x_wconf 78' lang='grc' dir='ltr'><strong>διδασκάλου</strong></span> 
     </span>
    </p>
   </div>
   <div class='ocr_carea' id='block_1_12' title="bbox 353 1065 1942 1138">
    <p class='ocr_par' dir='ltr' id='par_1_12' title="bbox 353 1065 1942 1138">
     <span class='ocr_line' id='line_1_12' title="bbox 353 1065 1942 1138; baseline -0.003 -13"><span class='ocrx_word' id='word_1_62' title='bbox 353 1073 451 1125; x_wconf 78' lang='grc' dir='ltr'><strong>καὶ</strong></span> <span class='ocrx_word' id='word_1_63' title='bbox 482 1071 670 1138; x_wconf 78' lang='grc' dir='ltr'><strong>σοφοῖς</strong></span> <span class='ocrx_word' id='word_1_64' title='bbox 701 1066 1076 1138; x_wconf 75' lang='grc' dir='ltr'><strong>νουθετήμασι</strong></span> <span class='ocrx_word' id='word_1_65' title='bbox 1113 1065 1188 1138; x_wconf 74' lang='grc' dir='ltr'><strong>μὴ</strong></span> <span class='ocrx_word' id='word_1_66' title='bbox 1238 1065 1554 1136; x_wconf 71' lang='grc' dir='ltr'><strong>βελτιωθεὶς</strong></span> <span class='ocrx_word' id='word_1_67' title='bbox 1584 1067 1614 1119; x_wconf 87' lang='grc' dir='ltr'>ὁ</span> <span class='ocrx_word' id='word_1_68' title='bbox 1643 1065 1902 1134; x_wconf 75' lang='grc' dir='ltr'><strong>βασιλεὺς</strong></span> <span class='ocrx_word' id='word_1_69' title='bbox 1926 1109 1942 1133; x_wconf 84' lang='grc'><strong>,</strong></span> 
     </span>
    </p>
   </div>
   <div class='ocr_carea' id='block_1_13' title="bbox 353 1155 1946 1233">
    <p class='ocr_par' dir='ltr' id='par_1_13' title="bbox 353 1155 1946 1233">
     <span class='ocr_line' id='line_1_13' title="bbox 353 1155 1946 1233; baseline -0.002 -19"><span class='ocrx_word' id='word_1_70' title='bbox 353 1162 458 1233; x_wconf 79' lang='grc' dir='ltr'><strong>τὴν</strong></span> <span class='ocrx_word' id='word_1_71' title='bbox 483 1162 726 1216; x_wconf 78' lang='grc' dir='ltr'><strong>διάνοιαν</strong></span> <span class='ocrx_word' id='word_1_72' title='bbox 754 1159 890 1230; x_wconf 70' lang='grc' dir='ltr'><strong>πρὸς</strong></span> <span class='ocrx_word' id='word_1_73' title='bbox 918 1158 978 1212; x_wconf 82' lang='grc' dir='ltr'><strong>ἓν</strong></span> <span class='ocrx_word' id='word_1_74' title='bbox 1009 1157 1167 1212; x_wconf 85' lang='grc' dir='ltr'><strong>τοῦτο</strong></span> <span class='ocrx_word' id='word_1_75' title='bbox 1203 1157 1364 1228; x_wconf 87' lang='grc' dir='ltr'><strong>μόνον</strong></span> <span class='ocrx_word' id='word_1_76' title='bbox 1388 1155 1558 1228; x_wconf 80' lang='grc' dir='ltr'><strong>ἑώρα,</strong></span> <span class='ocrx_word' id='word_1_77' title='bbox 1595 1156 1692 1210; x_wconf 81' lang='grc' dir='ltr'><strong>τοῦ</strong></span> <span class='ocrx_word' id='word_1_78' title='bbox 1729 1158 1821 1212; x_wconf 73' lang='grc' dir='ltr'><strong>καὶ</strong></span> <span class='ocrx_word' id='word_1_79' title='bbox 1849 1159 1946 1212; x_wconf 80' lang='grc' dir='ltr'><strong>αὺ-</strong></span> 
     </span>
    </p>
   </div>
   <div class='ocr_carea' id='block_1_14' title="bbox 353 1247 1946 1321">
    <p class='ocr_par' dir='ltr' id='par_1_14' title="bbox 353 1247 1946 1321">
     <span class='ocr_line' id='line_1_14' title="bbox 353 1247 1946 1321; baseline -0.002 -14"><span class='ocrx_word' id='word_1_80' title='bbox 353 1253 452 1307; x_wconf 77' lang='grc' dir='ltr'><strong>τὸν</strong></span> <span class='ocrx_word' id='word_1_81' title='bbox 477 1251 711 1317; x_wconf 71' lang='grc' dir='ltr'><strong>ἐξῶσαι,</strong></span> <span class='ocrx_word' id='word_1_82' title='bbox 747 1251 842 1304; x_wconf 73' lang='grc' dir='ltr'><strong>καὶ</strong></span> <span class='ocrx_word' id='word_1_83' title='bbox 879 1252 945 1321; x_wconf 74' lang='grc' dir='ltr'><strong>τῇ</strong></span> <span class='ocrx_word' id='word_1_84' title='bbox 975 1248 1162 1320; x_wconf 79' lang='grc' dir='ltr'><strong>νύμφῃ</strong></span> <span class='ocrx_word' id='word_1_85' title='bbox 1207 1247 1446 1320; x_wconf 79' lang='grc' dir='ltr'><strong>Χριστοῦ</strong></span> <span class='ocrx_word' id='word_1_86' title='bbox 1479 1250 1946 1320; x_wconf 80' lang='grc' dir='ltr'><strong>ταλασιουργῆσαι</strong></span> 
     </span>
    </p>
   </div>
   <div class='ocr_carea' id='block_1_15' title="bbox 359 1339 1946 1416">
    <p class='ocr_par' dir='ltr' id='par_1_15' title="bbox 359 1339 1946 1416">
     <span class='ocr_line' id='line_1_15' title="bbox 359 1339 1946 1416; baseline -0.001 -18"><span class='ocrx_word' id='word_1_87' title='bbox 359 1344 564 1416; x_wconf 82' lang='grc' dir='ltr'><strong>χιτῶνα</strong></span> <span class='ocrx_word' id='word_1_88' title='bbox 588 1342 907 1414; x_wconf 86' lang='grc' dir='ltr'><strong>χηρεύσεως</strong></span> <span class='ocrx_word' id='word_1_89' title='bbox 938 1357 954 1372; x_wconf 74' lang='grc' dir='ltr'><strong>ο</strong></span> <span class='ocrx_word' id='word_1_90' title='bbox 979 1341 1280 1412; x_wconf 77' lang='grc' dir='ltr'><strong>ἐγχειρίζει</strong></span> <span class='ocrx_word' id='word_1_91' title='bbox 1321 1339 1454 1410; x_wconf 79' lang='grc' dir='ltr'><strong>γοῦν</strong></span> <span class='ocrx_word' id='word_1_92' title='bbox 1503 1340 1573 1395; x_wconf 82' lang='grc' dir='ltr'><strong>τά</strong></span> <span class='ocrx_word' id='word_1_93' title='bbox 1625 1341 1718 1394; x_wconf 75' lang='grc' dir='ltr'><strong>τοῦ</strong></span> <span class='ocrx_word' id='word_1_94' title='bbox 1785 1342 1946 1410; x_wconf 82' lang='grc' dir='ltr'><strong>λόγου</strong></span> 
     </span>
    </p>
   </div>
   <div class='ocr_carea' id='block_1_16' title="bbox 357 1431 1949 1506">
    <p class='ocr_par' dir='ltr' id='par_1_16' title="bbox 357 1431 1949 1506">
     <span class='ocr_line' id='line_1_16' title="bbox 357 1431 1949 1506; baseline 0 -18"><span class='ocrx_word' id='word_1_95' title='bbox 357 1437 463 1506; x_wconf 79' lang='grc' dir='ltr'><strong>τῆς</strong></span> <span class='ocrx_word' id='word_1_96' title='bbox 509 1434 868 1505; x_wconf 82' lang='grc' dir='ltr'><strong>Ἐκκλησίας,</strong></span> <span class='ocrx_word' id='word_1_97' title='bbox 909 1433 1006 1487; x_wconf 79' lang='grc' dir='ltr'><strong>καὶ</strong></span> <span class='ocrx_word' id='word_1_98' title='bbox 1042 1434 1110 1486; x_wconf 84' lang='grc' dir='ltr'><strong>τὰ</strong></span> <span class='ocrx_word' id='word_1_99' title='bbox 1139 1432 1249 1486; x_wconf 84' lang='grc' dir='ltr'><strong>τῶν</strong></span> <span class='ocrx_word' id='word_1_100' title='bbox 1291 1431 1455 1504; x_wconf 78' lang='grc' dir='ltr'><strong>ἱερῶν</strong></span> <span class='ocrx_word' id='word_1_101' title='bbox 1495 1433 1707 1487; x_wconf 84' lang='grc' dir='ltr'><strong>σκευῶν</strong></span> <span class='ocrx_word' id='word_1_102' title='bbox 1739 1435 1949 1506; x_wconf 81' lang='grc' dir='ltr'><strong>ἀναθή-</strong></span> 
     </span>
    </p>
   </div>
   <div class='ocr_carea' id='block_1_17' title="bbox 364 1525 1948 1600">
    <p class='ocr_par' dir='ltr' id='par_1_17' title="bbox 364 1525 1948 1600">
     <span class='ocr_line' id='line_1_17' title="bbox 364 1525 1948 1600; baseline -0.002 -17"><span class='ocrx_word' id='word_1_103' title='bbox 364 1545 513 1598; x_wconf 86' lang='grc' dir='ltr'><strong>ματα</strong></span> <span class='ocrx_word' id='word_1_104' title='bbox 557 1527 718 1600; x_wconf 74' lang='grc' dir='ltr'><strong>ἀνδρὶ</strong></span> <span class='ocrx_word' id='word_1_105' title='bbox 743 1525 844 1598; x_wconf 86' lang='grc' dir='ltr'><strong>τὴν</strong></span> <span class='ocrx_word' id='word_1_106' title='bbox 871 1525 968 1580; x_wconf 77' lang='grc' dir='ltr'><strong>τοῦ</strong></span> <span class='ocrx_word' id='word_1_107' title='bbox 999 1526 1298 1598; x_wconf 85' lang='grc' dir='ltr'><strong>Πατρικίου</strong></span> <span class='ocrx_word' id='word_1_108' title='bbox 1335 1525 1495 1592; x_wconf 80' lang='grc' dir='ltr'><strong>ἀξίαν</strong></span> <span class='ocrx_word' id='word_1_109' title='bbox 1538 1525 1820 1590; x_wconf 87' lang='grc' dir='ltr'><strong>διέποντι,</strong></span> <span class='ocrx_word' id='word_1_110' title='bbox 1853 1525 1948 1581; x_wconf 74' lang='grc' dir='ltr'><strong>καὶ</strong></span> 
     </span>
    </p>
   </div>
   <div class='ocr_carea' id='block_1_18' title="bbox 360 1616 1950 1690">
    <p class='ocr_par' dir='ltr' id='par_1_18' title="bbox 360 1616 1950 1690">
     <span class='ocr_line' id='line_1_18' title="bbox 360 1616 1950 1690; baseline -0.003 -17"><span class='ocrx_word' id='word_1_111' title='bbox 360 1621 546 1690; x_wconf 82' lang='grc' dir='ltr'><strong>πάσης</strong></span> <span class='ocrx_word' id='word_1_112' title='bbox 577 1618 683 1690; x_wconf 80' lang='grc' dir='ltr'><strong>τῆς</strong></span> <span class='ocrx_word' id='word_1_113' title='bbox 729 1619 860 1690; x_wconf 83' lang='grc' dir='ltr'><strong>περὶ</strong></span> <span class='ocrx_word' id='word_1_114' title='bbox 885 1617 1062 1672; x_wconf 82' lang='grc' dir='ltr'><strong>ταῦτα</strong></span> <span class='ocrx_word' id='word_1_115' title='bbox 1091 1617 1186 1671; x_wconf 83' lang='grc' dir='ltr'><strong>τὸν</strong></span> <span class='ocrx_word' id='word_1_116' title='bbox 1213 1617 1476 1688; x_wconf 76' lang='grc' dir='ltr'><strong>ἀρχιερέα</strong></span> <span class='ocrx_word' id='word_1_117' title='bbox 1515 1616 1754 1672; x_wconf 78' lang='grc' dir='ltr'><strong>δεικνύει</strong></span> <span class='ocrx_word' id='word_1_118' title='bbox 1785 1632 1950 1688; x_wconf 84' lang='grc' dir='ltr'><strong>φρον-</strong></span> 
     </span>
    </p>
   </div>
   <div class='ocr_carea' id='block_1_19' title="bbox 358 1705 1947 1780">
    <p class='ocr_par' dir='ltr' id='par_1_19' title="bbox 358 1705 1947 1780">
     <span class='ocr_line' id='line_1_19' title="bbox 358 1705 1947 1780; baseline 0 -18"><span class='ocrx_word' id='word_1_119' title='bbox 358 1709 502 1773; x_wconf 80' lang='grc' dir='ltr'><strong>τίδος</strong></span> <span class='ocrx_word' id='word_1_120' title='bbox 524 1709 830 1780; x_wconf 76' lang='grc' dir='ltr'><strong>ἀλλότριον·</strong></span> <span class='ocrx_word' id='word_1_121' title='bbox 853 1709 914 1762; x_wconf 86' lang='grc' dir='ltr'><strong>ού</strong></span> <span class='ocrx_word' id='word_1_122' title='bbox 944 1709 1053 1778; x_wconf 73' lang='grc' dir='ltr'><strong>γὰρ</strong></span> <span class='ocrx_word' id='word_1_123' title='bbox 1087 1708 1340 1772; x_wconf 75' lang='grc' dir='ltr'><strong>ἐνεδίδου,</strong></span> <span class='ocrx_word' id='word_1_124' title='bbox 1367 1708 1549 1763; x_wconf 83' lang='grc' dir='ltr'><strong>πάντα</strong></span> <span class='ocrx_word' id='word_1_125' title='bbox 1570 1708 1740 1772; x_wconf 84' lang='grc' dir='ltr'><strong>λίθον,</strong></span> <span class='ocrx_word' id='word_1_126' title='bbox 1767 1708 1829 1762; x_wconf 75' lang='grc' dir='ltr'><strong>τὸ</strong></span> <span class='ocrx_word' id='word_1_127' title='bbox 1853 1705 1947 1762; x_wconf 77' lang='grc' dir='ltr'><strong>τοῦ</strong></span> 
     </span>
    </p>
   </div>
   <div class='ocr_carea' id='block_1_20' title="bbox 359 1799 1948 1871">
    <p class='ocr_par' dir='ltr' id='par_1_20' title="bbox 359 1799 1948 1871">
     <span class='ocr_line' id='line_1_20' title="bbox 359 1799 1948 1871; baseline 0 -16"><span class='ocrx_word' id='word_1_128' title='bbox 359 1802 548 1870; x_wconf 80' lang='grc' dir='ltr'><strong>λόγου,</strong></span> <span class='ocrx_word' id='word_1_129' title='bbox 577 1801 767 1868; x_wconf 83' lang='grc' dir='ltr'><strong>κινῶν,</strong></span> <span class='ocrx_word' id='word_1_130' title='bbox 797 1801 874 1865; x_wconf 88' lang='grc' dir='ltr'><strong>ὡς</strong></span> <span class='ocrx_word' id='word_1_131' title='bbox 901 1800 969 1854; x_wconf 83' lang='grc' dir='ltr'><strong>ἂν</strong></span> <span class='ocrx_word' id='word_1_132' title='bbox 994 1799 1056 1854; x_wconf 76' lang='grc' dir='ltr'><strong>τὸ</strong></span> <span class='ocrx_word' id='word_1_133' title='bbox 1075 1799 1177 1869; x_wconf 82' lang='grc' dir='ltr'><strong>τῆς</strong></span> <span class='ocrx_word' id='word_1_134' title='bbox 1193 1801 1523 1871; x_wconf 83' lang='grc' dir='ltr'><strong>Ἐκκλησίας</strong></span> <span class='ocrx_word' id='word_1_135' title='bbox 1545 1800 1948 1855; x_wconf 85' lang='grc' dir='ltr'><strong>διασαλεύσειεν</strong></span> 
     </span>
    </p>
   </div>
   <div class='ocr_carea' id='block_1_21' title="bbox 362 1889 1943 1963">
    <p class='ocr_par' dir='ltr' id='par_1_21' title="bbox 362 1889 1943 1963">
     <span class='ocr_line' id='line_1_21' title="bbox 362 1889 1943 1963; baseline 0 -19"><span class='ocrx_word' id='word_1_136' title='bbox 362 1890 621 1962; x_wconf 76' lang='grc' dir='ltr'><strong>ἔρεισμα.</strong></span> <span class='ocrx_word' id='word_1_137' title='bbox 654 1889 720 1943; x_wconf 81' lang='grc' dir='ltr'><strong>Ὦ</strong></span> <span class='ocrx_word' id='word_1_138' title='bbox 748 1889 864 1954; x_wconf 85' lang='grc' dir='ltr'><strong>πῶς</strong></span> <span class='ocrx_word' id='word_1_139' title='bbox 888 1891 984 1944; x_wconf 74' lang='grc' dir='ltr'><strong>ἐπὶ</strong></span> <span class='ocrx_word' id='word_1_140' title='bbox 1014 1889 1084 1944; x_wconf 82' lang='grc' dir='ltr'><strong>τά</strong></span> <span class='ocrx_word' id='word_1_141' title='bbox 1108 1891 1238 1960; x_wconf 73' lang='grc' dir='ltr'><strong>ἑξῆς</strong></span> <span class='ocrx_word' id='word_1_142' title='bbox 1263 1893 1291 1944; x_wconf 86' lang='grc' dir='ltr'><strong>δ</strong></span> <span class='ocrx_word' id='word_1_143' title='bbox 1319 1891 1498 1960; x_wconf 87' lang='grc' dir='ltr'><strong>λόγος,</strong></span> <span class='ocrx_word' id='word_1_144' title='bbox 1531 1892 1632 1946; x_wconf 81' lang='grc' dir='ltr'><strong>οὐκ</strong></span> <span class='ocrx_word' id='word_1_145' title='bbox 1660 1891 1798 1963; x_wconf 78' lang='grc' dir='ltr'><strong>ἔχων</strong></span> <span class='ocrx_word' id='word_1_146' title='bbox 1821 1893 1943 1946; x_wconf 75' lang='grc' dir='ltr'><strong>ὅποι</strong></span> 
     </span>
    </p>
   </div>
   <div class='ocr_carea' id='block_1_22' title="bbox 364 1981 1956 2055">
    <p class='ocr_par' dir='ltr' id='par_1_22' title="bbox 364 1981 1956 2055">
     <span class='ocr_line' id='line_1_22' title="bbox 364 1981 1956 2055; baseline 0.001 -20"><span class='ocrx_word' id='word_1_147' title='bbox 364 1981 744 2054; x_wconf 76' lang='grc' dir='ltr'><strong>προϐήσεται,</strong></span> <span class='ocrx_word' id='word_1_148' title='bbox 782 1981 944 2052; x_wconf 80' lang='grc' dir='ltr'><strong>σιγῆς</strong></span> <span class='ocrx_word' id='word_1_149' title='bbox 975 1983 1372 2055; x_wconf 76' lang='grc' dir='ltr'><strong>καταστορέσαι</strong></span> <span class='ocrx_word' id='word_1_150' title='bbox 1412 1983 1602 2054; x_wconf 83' lang='grc' dir='ltr'><strong>κλίνην</strong></span> <span class='ocrx_word' id='word_1_151' title='bbox 1641 1983 1956 2054; x_wconf 85' lang='grc' dir='ltr'><strong>προείλετο,</strong></span> 
     </span>
    </p>
   </div>
   <div class='ocr_carea' id='block_1_23' title="bbox 367 2072 1957 2146">
    <p class='ocr_par' dir='ltr' id='par_1_23' title="bbox 367 2072 1957 2146">
     <span class='ocr_line' id='line_1_23' title="bbox 367 2072 1957 2146; baseline 0.001 -19"><span class='ocrx_word' id='word_1_152' title='bbox 367 2072 468 2127; x_wconf 77' lang='grc' dir='ltr'><strong>καὶ</strong></span> <span class='ocrx_word' id='word_1_153' title='bbox 499 2072 666 2145; x_wconf 81' lang='grc' dir='ltr'><strong>πρινὴ</strong></span> <span class='ocrx_word' id='word_1_154' title='bbox 707 2072 778 2126; x_wconf 74' lang='grc' dir='ltr'><strong>τά</strong></span> <span class='ocrx_word' id='word_1_155' title='bbox 823 2072 926 2142; x_wconf 77' lang='grc' dir='ltr'><strong>τῆς</strong></span> <span class='ocrx_word' id='word_1_156' title='bbox 953 2073 1111 2128; x_wconf 83' lang='grc' dir='ltr'><strong>νόσου</strong></span> <span class='ocrx_word' id='word_1_157' title='bbox 1144 2073 1453 2142; x_wconf 81' lang='grc' dir='ltr'><strong>διαγγεῖλαι</strong></span> <span class='ocrx_word' id='word_1_158' title='bbox 1499 2075 1595 2129; x_wconf 82' lang='grc' dir='ltr'><strong>τοῦ</strong></span> <span class='ocrx_word' id='word_1_159' title='bbox 1646 2076 1957 2146; x_wconf 76' lang='grc' dir='ltr'><strong>μακαρίου,</strong></span> 
     </span>
    </p>
   </div>
   <div class='ocr_carea' id='block_1_24' title="bbox 367 2160 1953 2238">
    <p class='ocr_par' dir='ltr' id='par_1_24' title="bbox 367 2160 1953 2238">
     <span class='ocr_line' id='line_1_24' title="bbox 367 2160 1953 2238; baseline 0.001 -19"><span class='ocrx_word' id='word_1_160' title='bbox 367 2165 566 2219; x_wconf 75' lang='grc' dir='ltr'><strong>ἑαυτὸν</strong></span> <span class='ocrx_word' id='word_1_161' title='bbox 596 2166 1021 2237; x_wconf 88' lang='grc' dir='ltr'><strong>νοσηλευόμενον</strong></span> <span class='ocrx_word' id='word_1_162' title='bbox 1050 2165 1328 2220; x_wconf 87' lang='grc' dir='ltr'><strong>δείκνυσιν</strong></span> <span class='ocrx_word' id='word_1_163' title='bbox 1357 2168 1370 2222; x_wconf 87' lang='lat' dir='ltr'><strong>l</strong></span> <span class='ocrx_word' id='word_1_164' title='bbox 1406 2160 1698 2238; x_wconf 76' lang='grc' dir='ltr'><strong>Εἷχεν⁶οὖν</strong></span> <span class='ocrx_word' id='word_1_165' title='bbox 1728 2165 1892 2221; x_wconf 75' lang='grc' dir='ltr'><strong>αύτδν</strong></span> <span class='ocrx_word' id='word_1_166' title='bbox 1923 2168 1953 2221; x_wconf 80' lang='grc' dir='ltr'><strong>δ</strong></span> 
     </span>
    </p>
   </div>
   <div class='ocr_carea' id='block_1_25' title="bbox 371 2253 1957 2329">
    <p class='ocr_par' dir='ltr' id='par_1_25' title="bbox 371 2253 1957 2329">
     <span class='ocr_line' id='line_1_25' title="bbox 371 2253 1957 2329; baseline 0.001 -22"><span class='ocrx_word' id='word_1_167' title='bbox 371 2253 642 2324; x_wconf 78' lang='grc' dir='ltr'><strong>σκίμπους</strong></span> <span class='ocrx_word' id='word_1_168' title='bbox 673 2255 1046 2326; x_wconf 77' lang='grc' dir='ltr'><strong>ἀσθμαίνοντα</strong></span> <span class='ocrx_word' id='word_1_169' title='bbox 1071 2256 1137 2310; x_wconf 74' lang='grc' dir='ltr'><strong>ἐκ</strong></span> <span class='ocrx_word' id='word_1_170' title='bbox 1164 2272 1315 2320; x_wconf 87' lang='grc' dir='ltr'><strong>τινος</strong></span> <span class='ocrx_word' id='word_1_171' title='bbox 1363 2255 1768 2326; x_wconf 80' lang='grc' dir='ltr'><strong>ὕποσκηψάσης</strong></span> <span class='ocrx_word' id='word_1_172' title='bbox 1797 2256 1957 2329; x_wconf 76' lang='grc' dir='ltr'><strong>ἑπιρ-</strong></span> 
     </span>
    </p>
   </div>
   <div class='ocr_carea' id='block_1_26' title="bbox 369 2343 1956 2418">
    <p class='ocr_par' dir='ltr' id='par_1_26' title="bbox 369 2343 1956 2418">
     <span class='ocr_line' id='line_1_26' title="bbox 369 2343 1956 2418; baseline 0.003 -22"><span class='ocrx_word' id='word_1_173' title='bbox 369 2343 522 2414; x_wconf 76' lang='grc' dir='ltr'><strong>ροίας</strong></span> <span class='ocrx_word' id='word_1_174' title='bbox 547 2344 630 2414; x_wconf 82' lang='grc' dir='ltr'><strong>τῷ</strong></span> <span class='ocrx_word' id='word_1_175' title='bbox 660 2343 899 2415; x_wconf 85' lang='grc' dir='ltr'><strong>σώματι,</strong></span> <span class='ocrx_word' id='word_1_176' title='bbox 934 2346 1034 2399; x_wconf 64' lang='grc' dir='ltr'><strong>καλ⁸</strong></span> <span class='ocrx_word' id='word_1_177' title='bbox 1073 2347 1208 2417; x_wconf 74' lang='grc' dir='ltr'><strong>πρὸς</strong></span> <span class='ocrx_word' id='word_1_178' title='bbox 1255 2345 1316 2398; x_wconf 80' lang='grc' dir='ltr'><strong>τὸ</strong></span> <span class='ocrx_word' id='word_1_179' title='bbox 1344 2346 1448 2418; x_wconf 79' lang='grc' dir='ltr'><strong>τῆς</strong></span> <span class='ocrx_word' id='word_1_180' title='bbox 1492 2345 1652 2400; x_wconf 83' lang='grc' dir='ltr'><strong>νόσου</strong></span> <span class='ocrx_word' id='word_1_181' title='bbox 1692 2345 1956 2411; x_wconf 79' lang='grc' dir='ltr'><strong>δυσαλθὲς</strong></span> 
     </span>
    </p>
   </div>
   <div class='ocr_carea' id='block_1_27' title="bbox 363 2433 1952 2510">
    <p class='ocr_par' dir='ltr' id='par_1_27' title="bbox 363 2433 1952 2510">
     <span class='ocr_line' id='line_1_27' title="bbox 363 2433 1952 2510; baseline 0.003 -22"><span class='ocrx_word' id='word_1_182' title='bbox 363 2433 755 2496; x_wconf 73' lang='grc' dir='ltr'><strong>ἑκπαλαίοντα.</strong></span> <span class='ocrx_word' id='word_1_183' title='bbox 804 2434 942 2488; x_wconf 85' lang='grc' dir='ltr'><strong>Ἀλλ’</strong></span> <span class='ocrx_word' id='word_1_184' title='bbox 969 2435 1124 2489; x_wconf 74' lang='grc' dir='ltr'><strong>οὐδὲν</strong></span> <span class='ocrx_word' id='word_1_185' title='bbox 1151 2435 1294 2490; x_wconf 78' lang='grc' dir='ltr'><strong>οὕτω</strong></span> <span class='ocrx_word' id='word_1_186' title='bbox 1329 2435 1422 2490; x_wconf 85' lang='grc' dir='ltr'><strong>τὸν</strong></span> <span class='ocrx_word' id='word_1_187' title='bbox 1461 2436 1672 2492; x_wconf 89' lang='grc' dir='ltr'><strong>δίκαιον</strong></span> <span class='ocrx_word' id='word_1_188' title='bbox 1697 2437 1952 2510; x_wconf 77' lang='grc' dir='ltr'><strong>ῆλγυνεν,</strong></span> 
     </span>
    </p>
   </div>
   <div class='ocr_carea' id='block_1_28' title="bbox 364 2526 1954 2602">
    <p class='ocr_par' dir='ltr' id='par_1_28' title="bbox 364 2526 1954 2602">
     <span class='ocr_line' id='line_1_28' title="bbox 364 2526 1954 2602; baseline 0.003 -22"><span class='ocrx_word' id='word_1_189' title='bbox 364 2526 444 2589; x_wconf 81' lang='grc' dir='ltr'><strong>ὡς</strong></span> <span class='ocrx_word' id='word_1_190' title='bbox 476 2528 513 2597; x_wconf 72' lang='grc' dir='ltr'>ἡ</span> <span class='ocrx_word' id='word_1_191' title='bbox 541 2527 684 2581; x_wconf 83' lang='grc' dir='ltr'><strong>κατά</strong></span> <span class='ocrx_word' id='word_1_192' title='bbox 708 2530 810 2598; x_wconf 80' lang='grc' dir='ltr'><strong>τῆς</strong></span> <span class='ocrx_word' id='word_1_193' title='bbox 856 2527 1191 2596; x_wconf 81' lang='grc' dir='ltr'><strong>Ἑκκλησίας</strong></span> <span class='ocrx_word' id='word_1_194' title='bbox 1237 2527 1603 2600; x_wconf 79' lang='grc' dir='ltr'><strong>ἔπινοουμένη</strong></span> <span class='ocrx_word' id='word_1_195' title='bbox 1650 2530 1804 2602; x_wconf 85' lang='grc' dir='ltr'><strong>ποιρά</strong></span> <span class='ocrx_word' id='word_1_196' title='bbox 1845 2529 1954 2583; x_wconf 83' lang='grc' dir='ltr'><strong>τῶν</strong></span> 
     </span>
    </p>
   </div>
   <div class='ocr_carea' id='block_1_29' title="bbox 367 2615 1955 2690">
    <p class='ocr_par' dir='ltr' id='par_1_29' title="bbox 367 2615 1955 2690">
     <span class='ocr_line' id='line_1_29' title="bbox 367 2615 1955 2690; baseline 0.003 -21"><span class='ocrx_word' id='word_1_197' title='bbox 367 2615 586 2686; x_wconf 67' lang='grc' dir='ltr'><strong>ἐχθρῶν</strong></span> <span class='ocrx_word' id='word_1_198' title='bbox 617 2616 976 2680; x_wconf 74' lang='grc' dir='ltr'><strong>ἑπισύστασις</strong></span> <span class='ocrx_word' id='word_1_199' title='bbox 997 2632 1013 2649; x_wconf 77' lang='grc' dir='ltr'><strong>ο</strong></span> <span class='ocrx_word' id='word_1_200' title='bbox 1063 2618 1284 2688; x_wconf 81' lang='grc' dir='ltr'><strong>ἐκείνην</strong></span> <span class='ocrx_word' id='word_1_201' title='bbox 1321 2619 1432 2690; x_wconf 82' lang='grc' dir='ltr'><strong>γὰρ</strong></span> <span class='ocrx_word' id='word_1_202' title='bbox 1477 2618 1637 2688; x_wconf 91' lang='grc' dir='ltr'><strong>μόνος</strong></span> <span class='ocrx_word' id='word_1_203' title='bbox 1664 2619 1829 2682; x_wconf 80' lang='grc' dir='ltr'><strong>αὐτὸς</strong></span> <span class='ocrx_word' id='word_1_204' title='bbox 1855 2617 1955 2690; x_wconf 80' lang='grc' dir='ltr'><strong>τὴν</strong></span> 
     </span>
    </p>
   </div>
   <div class='ocr_carea' id='block_1_30' title="bbox 369 2707 1947 2780">
    <p class='ocr_par' dir='ltr' id='par_1_30' title="bbox 369 2707 1947 2780">
     <span class='ocr_line' id='line_1_30' title="bbox 369 2707 1947 2780; baseline 0.001 -18"><span class='ocrx_word' id='word_1_205' title='bbox 369 2707 649 2778; x_wconf 79' lang='grc' dir='ltr'><strong>διαμάχην</strong></span> <span class='ocrx_word' id='word_1_206' title='bbox 704 2707 968 2774; x_wconf 77' lang='grc' dir='ltr'><strong>ὑφίστατο</strong></span> <span class='ocrx_word' id='word_1_207' title='bbox 993 2749 1007 2769; x_wconf 85' lang='grc'><strong>.</strong></span> <span class='ocrx_word' id='word_1_208' title='bbox 1053 2708 1230 2780; x_wconf 83' lang='grc' dir='ltr'><strong>ταύτῃ</strong></span> <span class='ocrx_word' id='word_1_209' title='bbox 1280 2709 1340 2763; x_wconf 71' lang='grc' dir='ltr'><strong>δὲ</strong></span> <span class='ocrx_word' id='word_1_210' title='bbox 1407 2709 1601 2764; x_wconf 75' lang='grc' dir='ltr'><strong>καὶτὸ</strong></span> <span class='ocrx_word' id='word_1_211' title='bbox 1639 2707 1734 2764; x_wconf 82' lang='grc' dir='ltr'><strong>τοῦ</strong></span> <span class='ocrx_word' id='word_1_212' title='bbox 1765 2709 1947 2764; x_wconf 80' lang='grc' dir='ltr'><strong>κοινοῦ</strong></span> 
     </span>
    </p>
   </div>
   <div class='ocr_carea' id='block_1_31' title="bbox 370 2799 1242 2875">
    <p class='ocr_par' dir='ltr' id='par_1_31' title="bbox 370 2799 1242 2875">
     <span class='ocr_line' id='line_1_31' title="bbox 370 2799 1242 2875; baseline 0 -19"><span class='ocrx_word' id='word_1_213' title='bbox 370 2801 576 2866; x_wconf 77' lang='grc' dir='ltr'><strong>παντὸς</strong></span> <span class='ocrx_word' id='word_1_214' title='bbox 605 2799 917 2856; x_wconf 75' lang='grc' dir='ltr'><strong>ἐκινδύνευε</strong></span> <span class='ocrx_word' id='word_1_215' title='bbox 947 2801 1242 2875; x_wconf 73' lang='grc' dir='ltr'><strong>πλήρωμα.</strong></span> 
     </span>
    </p>
   </div>
   <div class='ocr_carea' id='block_1_32' title="bbox 443 3093 1966 3172">
    <p class='ocr_par' dir='ltr' id='par_1_32' title="bbox 443 3093 1966 3172">
     <span class='ocr_line' id='line_1_32' title="bbox 443 3093 1966 3172; baseline 0.001 -18"><span class='ocrx_word' id='word_1_216' title='bbox 443 3099 548 3168; x_wconf 71' lang='grc' dir='ltr'><strong>ξαῆ</strong></span> <span class='ocrx_word' id='word_1_217' title='bbox 601 3100 876 3171; x_wconf 79' lang='grc' dir='ltr'><strong>Ὠφρυᾶτο</strong></span> <span class='ocrx_word' id='word_1_218' title='bbox 900 3093 996 3153; x_wconf 79' lang='grc' dir='ltr'><strong>οὖν</strong></span> <span class='ocrx_word' id='word_1_219' title='bbox 1049 3099 1111 3152; x_wconf 71' lang='lat' dir='ltr'><strong>rb</strong></span> <span class='ocrx_word' id='word_1_220' title='bbox 1155 3097 1300 3152; x_wconf 85' lang='grc' dir='ltr'><strong>κατά</strong></span> <span class='ocrx_word' id='word_1_221' title='bbox 1322 3097 1424 3167; x_wconf 80' lang='grc' dir='ltr'><strong>τῆς</strong></span> <span class='ocrx_word' id='word_1_222' title='bbox 1459 3099 1789 3172; x_wconf 82' lang='grc' dir='ltr'><strong>Ἐκκλησίας</strong></span> <span class='ocrx_word' id='word_1_223' title='bbox 1837 3115 1966 3156; x_wconf 82' lang='grc' dir='ltr'><strong>συν-</strong></span> 
     </span>
    </p>
   </div>
   <div class='ocr_carea' id='block_1_33' title="bbox 379 3189 1966 3264">
    <p class='ocr_par' dir='ltr' id='par_1_33' title="bbox 379 3189 1966 3264">
     <span class='ocr_line' id='line_1_33' title="bbox 379 3189 1966 3264; baseline -0.002 -17"><span class='ocrx_word' id='word_1_224' title='bbox 379 3194 578 3264; x_wconf 89' lang='grc' dir='ltr'><strong>έδριον,</strong></span> <span class='ocrx_word' id='word_1_225' title='bbox 606 3191 704 3246; x_wconf 71' lang='grc' dir='ltr'><strong>καὶ</strong></span> <span class='ocrx_word' id='word_1_226' title='bbox 722 3194 791 3262; x_wconf 82' lang='grc' dir='ltr'><strong>τῇ</strong></span> <span class='ocrx_word' id='word_1_227' title='bbox 825 3189 922 3245; x_wconf 81' lang='grc' dir='ltr'><strong>τοῦ</strong></span> <span class='ocrx_word' id='word_1_228' title='bbox 953 3190 1186 3262; x_wconf 79' lang='grc' dir='ltr'><strong>ψεύδους</strong></span> <span class='ocrx_word' id='word_1_229' title='bbox 1221 3191 1309 3245; x_wconf 75' lang='grc' dir='ltr'><strong>ἀεὶ</strong></span> <span class='ocrx_word' id='word_1_230' title='bbox 1335 3191 1542 3263; x_wconf 81' lang='grc' dir='ltr'><strong>πιμελῇ</strong></span> <span class='ocrx_word' id='word_1_231' title='bbox 1577 3192 1966 3264; x_wconf 85' lang='grc' dir='ltr'><strong>λιπαινόμενον</strong></span> 
     </span>
    </p>
   </div>
   <div class='ocr_carea' id='block_1_34' title="bbox 377 3279 1969 3357">
    <p class='ocr_par' dir='ltr' id='par_1_34' title="bbox 377 3279 1969 3357">
     <span class='ocr_line' id='line_1_34' title="bbox 377 3279 1969 3357; baseline -0.001 -17"><span class='ocrx_word' id='word_1_232' title='bbox 377 3287 562 3355; x_wconf 72' lang='grc' dir='ltr'><strong>ἐζήτει</strong></span> <span class='ocrx_word' id='word_1_233' title='bbox 589 3285 690 3357; x_wconf 85' lang='grc' dir='ltr'><strong>τὴν</strong></span> <span class='ocrx_word' id='word_1_234' title='bbox 715 3284 960 3355; x_wconf 77' lang='grc' dir='ltr'><strong>έκρηξιν.</strong></span> <span class='ocrx_word' id='word_1_235' title='bbox 993 3282 1158 3338; x_wconf 85' lang='grc' dir='ltr'><strong>Ὅθεν</strong></span> <span class='ocrx_word' id='word_1_236' title='bbox 1190 3283 1472 3338; x_wconf 81' lang='grc' dir='ltr'><strong>πείθουσιν</strong></span> <span class='ocrx_word' id='word_1_237' title='bbox 1500 3279 1658 3349; x_wconf 84' lang='grc' dir='ltr'><strong>αὖθις</strong></span> <span class='ocrx_word' id='word_1_238' title='bbox 1684 3285 1776 3339; x_wconf 81' lang='grc' dir='ltr'><strong>τὸν</strong></span> <span class='ocrx_word' id='word_1_239' title='bbox 1804 3283 1969 3338; x_wconf 81' lang='grc' dir='ltr'><strong>παντὶ</strong></span> 
     </span>
    </p>
   </div>
   <div class='ocr_carea' id='block_1_35' title="bbox 379 3373 2041 3470">
    <p class='ocr_par' dir='ltr' id='par_1_35' title="bbox 379 3373 2041 3470">
     <span class='ocr_line' id='line_1_35' title="bbox 379 3373 2041 3470; baseline -0.002 -38"><span class='ocrx_word' id='word_1_240' title='bbox 379 3379 568 3449; x_wconf 80' lang='grc' dir='ltr'>ἀνέμῳ</span> <span class='ocrx_word' id='word_1_241' title='bbox 591 3374 918 3442; x_wconf 81' lang='grc' dir='ltr'><strong>κακοδοξίας</strong></span> <span class='ocrx_word' id='word_1_242' title='bbox 945 3375 1172 3446; x_wconf 78' lang='grc' dir='ltr'><strong>βασιλέα</strong></span> <span class='ocrx_word' id='word_1_243' title='bbox 1199 3373 1530 3446; x_wconf 87' lang='grc' dir='ltr'><strong>φερόμενον,</strong></span> <span class='ocrx_word' id='word_1_244' title='bbox 1564 3373 1701 3445; x_wconf 78' lang='grc' dir='ltr'><strong>πρὸς</strong></span> <span class='ocrx_word' id='word_1_245' title='bbox 1732 3373 1969 3440; x_wconf 78' lang='grc' dir='ltr'><strong>διάλεξιν</strong></span> <span class='ocrx_word' id='word_1_246' title='bbox 1997 3411 2041 3470; x_wconf 74' lang='lat' dir='ltr'><strong><em>C</em></strong></span> 
     </span>
    </p>
   </div>
   <div class='ocr_carea' id='block_1_36' title="bbox 380 3463 1972 3534">
    <p class='ocr_par' dir='ltr' id='par_1_36' title="bbox 380 3463 1972 3534">
     <span class='ocr_line' id='line_1_36' title="bbox 380 3463 1972 3534; baseline -0.003 -11"><span class='ocrx_word' id='word_1_247' title='bbox 380 3467 762 3523; x_wconf 81' lang='grc' dir='ltr'><strong>κατασπεῦσαι</strong></span> <span class='ocrx_word' id='word_1_248' title='bbox 799 3467 1080 3522; x_wconf 84' lang='grc' dir='ltr'><strong>συνελθεῖν</strong></span> <span class='ocrx_word' id='word_1_249' title='bbox 1099 3466 1189 3520; x_wconf 82' lang='grc' dir='ltr'><strong>τὸν</strong></span> <span class='ocrx_word' id='word_1_250' title='bbox 1211 3465 1564 3520; x_wconf 84' lang='grc' dir='ltr'><strong>διδάσκαλον·</strong></span> <span class='ocrx_word' id='word_1_251' title='bbox 1594 3463 1654 3528; x_wconf 83' lang='grc' dir='ltr'><strong>ὃς</strong></span> <span class='ocrx_word' id='word_1_252' title='bbox 1683 3464 1778 3517; x_wconf 71' lang='grc' dir='ltr'><strong>ἐπὶ</strong></span> <span class='ocrx_word' id='word_1_253' title='bbox 1796 3463 1972 3534; x_wconf 87' lang='grc' dir='ltr'><strong>τούτῳ</strong></span> 
     </span>
    </p>
   </div>
   <div class='ocr_carea' id='block_1_37' title="bbox 383 3541 1970 3634">
    <p class='ocr_par' dir='ltr' id='par_1_37' title="bbox 383 3541 1970 3634">
     <span class='ocr_line' id='line_1_37' title="bbox 383 3541 1970 3634; baseline -0.003 -20"><span class='ocrx_word' id='word_1_254' title='bbox 383 3559 589 3614; x_wconf 81' lang='grc' dir='ltr'><strong>στέλλει</strong></span> <span class='ocrx_word' id='word_1_255' title='bbox 610 3558 924 3629; x_wconf 80' lang='grc' dir='ltr'><strong>Θεοφάνην,</strong></span> <span class='ocrx_word' id='word_1_256' title='bbox 961 3557 1054 3612; x_wconf 83' lang='grc' dir='ltr'><strong>τδν</strong></span> <span class='ocrx_word' id='word_1_257' title='bbox 1089 3557 1185 3627; x_wconf 84' lang='grc' dir='ltr'><strong>τῆς</strong></span> <span class='ocrx_word' id='word_1_258' title='bbox 1213 3541 1539 3628; x_wconf 73' lang='grc' dir='ltr'><strong>βασιλίσσης</strong></span> <span class='ocrx_word' id='word_1_259' title='bbox 1581 3550 1860 3626; x_wconf 81' lang='grc' dir='ltr'><strong>ὁμαίμονα</strong></span> <span class='ocrx_word' id='word_1_260' title='bbox 1879 3595 1894 3620; x_wconf 94' lang='grc'><strong>,</strong></span> 
     </span>
    </p>
   </div>
   <div class='ocr_carea' id='block_1_38' title="bbox 381 3645 1971 3720">
    <p class='ocr_par' dir='ltr' id='par_1_38' title="bbox 381 3645 1971 3720">
     <span class='ocr_line' id='line_1_38' title="bbox 381 3645 1971 3720; baseline -0.006 -14"><span class='ocrx_word' id='word_1_261' title='bbox 381 3657 476 3706; x_wconf 77' lang='grc' dir='ltr'><strong>καὶ</strong></span> <span class='ocrx_word' id='word_1_262' title='bbox 500 3652 564 3705; x_wconf 78' lang='grc' dir='ltr'><strong>τὸ</strong></span> <span class='ocrx_word' id='word_1_263' title='bbox 594 3650 876 3720; x_wconf 60' lang='grc' dir='ltr'><strong>βασιλικὴν</strong></span> <span class='ocrx_word' id='word_1_264' title='bbox 920 3648 1233 3720; x_wconf 85' lang='grc' dir='ltr'><strong>περιέκειτο</strong></span> <span class='ocrx_word' id='word_1_265' title='bbox 1263 3647 1438 3716; x_wconf 84' lang='grc' dir='ltr'><strong>ξίφος,</strong></span> <span class='ocrx_word' id='word_1_266' title='bbox 1463 3647 1540 3710; x_wconf 82' lang='grc' dir='ltr'><strong>ὡς</strong></span> <span class='ocrx_word' id='word_1_267' title='bbox 1572 3645 1640 3700; x_wconf 83' lang='grc' dir='ltr'><strong>ἂν</strong></span> <span class='ocrx_word' id='word_1_268' title='bbox 1671 3645 1764 3699; x_wconf 74' lang='grc' dir='ltr'><strong>τὸν</strong></span> <span class='ocrx_word' id='word_1_269' title='bbox 1784 3649 1971 3717; x_wconf 81' lang='grc' dir='ltr'><strong>ἀρχιε-</strong></span> 
     </span>
    </p>
   </div>
   <div class='ocr_carea' id='block_1_39' title="bbox 383 3734 1972 3817">
    <p class='ocr_par' dir='ltr' id='par_1_39' title="bbox 383 3734 1972 3817">
     <span class='ocr_line' id='line_1_39' title="bbox 383 3734 1972 3817; baseline -0.006 -19"><span class='ocrx_word' id='word_1_270' title='bbox 383 3745 483 3817; x_wconf 80' lang='grc' dir='ltr'><strong>ρέα</strong></span> <span class='ocrx_word' id='word_1_271' title='bbox 504 3744 643 3814; x_wconf 78' lang='grc' dir='ltr'><strong>πρὸς</strong></span> <span class='ocrx_word' id='word_1_272' title='bbox 664 3744 727 3797; x_wconf 76' lang='grc' dir='ltr'><strong>τὸ</strong></span> <span class='ocrx_word' id='word_1_273' title='bbox 745 3743 846 3812; x_wconf 79' lang='grc' dir='ltr'><strong>τῆς</strong></span> <span class='ocrx_word' id='word_1_274' title='bbox 867 3741 1210 3816; x_wconf 79' lang='grc' dir='ltr'><strong>συνομωσίας</strong></span> <span class='ocrx_word' id='word_1_275' title='bbox 1237 3741 1456 3809; x_wconf 70' lang='grc' dir='ltr'><strong>ἐκείνης</strong></span> <span class='ocrx_word' id='word_1_276' title='bbox 1493 3737 1776 3810; x_wconf 80' lang='grc' dir='ltr'><strong>μιαιφόνον</strong></span> <span class='ocrx_word' id='word_1_277' title='bbox 1809 3734 1972 3790; x_wconf 78' lang='grc' dir='ltr'><strong>ἑλκύ-</strong></span> 
     </span>
    </p>
   </div>
   <div class='ocr_carea' id='block_1_40' title="bbox 381 3829 1970 3904">
    <p class='ocr_par' dir='ltr' id='par_1_40' title="bbox 381 3829 1970 3904">
     <span class='ocr_line' id='line_1_40' title="bbox 381 3829 1970 3904; baseline -0.004 -14"><span class='ocrx_word' id='word_1_278' title='bbox 381 3852 497 3890; x_wconf 83' lang='grc' dir='ltr'><strong>σειε</strong></span> <span class='ocrx_word' id='word_1_279' title='bbox 530 3835 841 3904; x_wconf 84' lang='grc' dir='ltr'><strong>σύνταγμα.</strong></span> <span class='ocrx_word' id='word_1_280' title='bbox 887 3833 1027 3904; x_wconf 77' lang='grc' dir='ltr'><strong>Πρὸς</strong></span> <span class='ocrx_word' id='word_1_281' title='bbox 1061 3831 1121 3886; x_wconf 80' lang='grc' dir='ltr'><strong>ὃν</strong></span> <span class='ocrx_word' id='word_1_282' title='bbox 1153 3833 1270 3895; x_wconf 65' lang='grc' dir='ltr'><strong>τοῖς</strong></span> <span class='ocrx_word' id='word_1_283' title='bbox 1317 3829 1689 3904; x_wconf 77' lang='grc' dir='ltr'><strong>προλαϐοῦσιν</strong></span> <span class='ocrx_word' id='word_1_284' title='bbox 1720 3831 1804 3894; x_wconf 87' lang='grc' dir='ltr'><strong>είς</strong></span> <span class='ocrx_word' id='word_1_285' title='bbox 1837 3831 1970 3884; x_wconf 83' lang='grc' dir='ltr'><strong>ἀπο-</strong></span> 
     </span>
    </p>
   </div>
   <div class='ocr_carea' id='block_1_41' title="bbox 380 3922 1973 3998">
    <p class='ocr_par' dir='ltr' id='par_1_41' title="bbox 380 3922 1973 3998">
     <span class='ocr_line' id='line_1_41' title="bbox 380 3922 1973 3998; baseline -0.004 -17"><span class='ocrx_word' id='word_1_286' title='bbox 380 3928 578 3996; x_wconf 80' lang='grc' dir='ltr'><strong>λογίαν</strong></span> <span class='ocrx_word' id='word_1_287' title='bbox 603 3926 979 3998; x_wconf 83' lang='grc' dir='ltr'><strong>χρησάμενος,</strong></span> <span class='ocrx_word' id='word_1_288' title='bbox 1012 3924 1114 3996; x_wconf 71' lang='grc' dir='ltr'><strong>ήδη</strong></span> <span class='ocrx_word' id='word_1_289' title='bbox 1148 3923 1205 3977; x_wconf 72' lang='grc' dir='ltr'><strong>δὲ</strong></span> <span class='ocrx_word' id='word_1_290' title='bbox 1233 3923 1331 3977; x_wconf 78' lang='grc' dir='ltr'><strong>καὶ</strong></span> <span class='ocrx_word' id='word_1_291' title='bbox 1354 3922 1454 3994; x_wconf 78' lang='grc' dir='ltr'><strong>τὴν</strong></span> <span class='ocrx_word' id='word_1_292' title='bbox 1481 3923 1638 3976; x_wconf 87' lang='grc' dir='ltr'><strong>νόσον</strong></span> <span class='ocrx_word' id='word_1_293' title='bbox 1673 3922 1814 3993; x_wconf 76' lang='grc' dir='ltr'><strong>ἔχων</strong></span> <span class='ocrx_word' id='word_1_294' title='bbox 1841 3939 1973 3976; x_wconf 79' lang='grc' dir='ltr'><strong>συν-</strong></span> 
     </span>
    </p>
   </div>
   <div class='ocr_carea' id='block_1_42' title="bbox 383 4015 1970 4092">
    <p class='ocr_par' dir='ltr' id='par_1_42' title="bbox 383 4015 1970 4092">
     <span class='ocr_line' id='line_1_42' title="bbox 383 4015 1970 4092; baseline -0.005 -16"><span class='ocrx_word' id='word_1_295' title='bbox 383 4021 608 4092; x_wconf 74' lang='grc' dir='ltr'><strong>ήγορον,</strong></span> <span class='ocrx_word' id='word_1_296' title='bbox 650 4019 747 4073; x_wconf 77' lang='grc' dir='ltr'><strong>τοῦ</strong></span> <span class='ocrx_word' id='word_1_297' title='bbox 793 4018 932 4088; x_wconf 77' lang='grc' dir='ltr'><strong>πρὸς</strong></span> <span class='ocrx_word' id='word_1_298' title='bbox 969 4015 1209 4082; x_wconf 81' lang='grc' dir='ltr'><strong>διάλεξιν</strong></span> <span class='ocrx_word' id='word_1_299' title='bbox 1256 4015 1538 4070; x_wconf 84' lang='grc' dir='ltr'><strong>συνελθεῖν</strong></span> <span class='ocrx_word' id='word_1_300' title='bbox 1573 4017 1688 4079; x_wconf 81' lang='grc' dir='ltr'><strong>τοῖς</strong></span> <span class='ocrx_word' id='word_1_301' title='bbox 1729 4015 1970 4086; x_wconf 83' lang='grc' dir='ltr'><strong>άνιέροις</strong></span> 
     </span>
    </p>
   </div>
   <div class='ocr_carea' id='block_1_43' title="bbox 381 4104 1967 4180">
    <p class='ocr_par' dir='ltr' id='par_1_43' title="bbox 381 4104 1967 4180">
     <span class='ocr_line' id='line_1_43' title="bbox 381 4104 1967 4180; baseline -0.004 -16"><span class='ocrx_word' id='word_1_302' title='bbox 381 4111 682 4164; x_wconf 81' lang='grc' dir='ltr'><strong>ἀπείπατο.</strong></span> <span class='ocrx_word' id='word_1_303' title='bbox 714 4109 790 4163; x_wconf 85' lang='grc' dir='ltr'><strong>Οὐ</strong></span> <span class='ocrx_word' id='word_1_304' title='bbox 820 4108 952 4180; x_wconf 72' lang='grc' dir='ltr'><strong>γάρ,</strong></span> <span class='ocrx_word' id='word_1_305' title='bbox 985 4107 1120 4180; x_wconf 74' lang='grc' dir='ltr'><strong>φησὶ</strong></span> <span class='ocrx_word' id='word_1_306' title='bbox 1143 4148 1160 4172; x_wconf 86' lang='grc'><strong>,</strong></span> <span class='ocrx_word' id='word_1_307' title='bbox 1193 4106 1403 4177; x_wconf 81' lang='grc' dir='ltr'><strong>ποιμὴν</strong></span> <span class='ocrx_word' id='word_1_308' title='bbox 1433 4105 1724 4177; x_wconf 72' lang='grc' dir='ltr'><strong>προϐάτων</strong></span> <span class='ocrx_word' id='word_1_309' title='bbox 1761 4104 1967 4177; x_wconf 77' lang='grc' dir='ltr'><strong>ἕρημος</strong></span> 
     </span>
    </p>
   </div>
   <div class='ocr_carea' id='block_1_44' title="bbox 385 4195 1970 4271">
    <p class='ocr_par' dir='ltr' id='par_1_44' title="bbox 385 4195 1970 4271">
     <span class='ocr_line' id='line_1_44' title="bbox 385 4195 1970 4271; baseline -0.004 -17"><span class='ocrx_word' id='word_1_310' title='bbox 385 4203 527 4271; x_wconf 67' lang='grc' dir='ltr'><strong>πρὸς</strong></span> <span class='ocrx_word' id='word_1_311' title='bbox 553 4201 751 4264; x_wconf 87' lang='grc' dir='ltr'><strong>λύκους</strong></span> <span class='ocrx_word' id='word_1_312' title='bbox 777 4199 1064 4264; x_wconf 85' lang='grc' dir='ltr'><strong>όπλίζεται</strong></span> <span class='ocrx_word' id='word_1_313' title='bbox 1087 4239 1103 4264; x_wconf 93' lang='grc'><strong>,</strong></span> <span class='ocrx_word' id='word_1_314' title='bbox 1133 4199 1254 4252; x_wconf 78' lang='grc' dir='ltr'><strong>οὐδὲ</strong></span> <span class='ocrx_word' id='word_1_315' title='bbox 1293 4197 1396 4268; x_wconf 81' lang='grc' dir='ltr'><strong>τῆς</strong></span> <span class='ocrx_word' id='word_1_316' title='bbox 1446 4195 1646 4250; x_wconf 77' lang='grc' dir='ltr'><strong>ἑαυτοῦ</strong></span> <span class='ocrx_word' id='word_1_317' title='bbox 1697 4196 1970 4268; x_wconf 86' lang='grc' dir='ltr'><strong>σωτηρίας</strong></span> 
     </span>
    </p>
   </div>
   <div class='ocr_carea' id='block_1_45' title="bbox 393 4286 1970 4364">
    <p class='ocr_par' dir='ltr' id='par_1_45' title="bbox 393 4286 1970 4364">
     <span class='ocr_line' id='line_1_45' title="bbox 393 4286 1970 4364; baseline -0.003 -20"><span class='ocrx_word' id='word_1_318' title='bbox 393 4293 556 4362; x_wconf 89' lang='grc' dir='ltr'><strong>μόνον</strong></span> <span class='ocrx_word' id='word_1_319' title='bbox 594 4292 989 4364; x_wconf 83' lang='grc' dir='ltr'><strong>προμνώμενος</strong></span> <span class='ocrx_word' id='word_1_320' title='bbox 1013 4290 1379 4362; x_wconf 86' lang='grc' dir='ltr'><strong>θηριομαχεῖν</strong></span> <span class='ocrx_word' id='word_1_321' title='bbox 1411 4289 1822 4357; x_wconf 74' lang='grc' dir='ltr'><strong>κατεπείγεταιο</strong></span> <span class='ocrx_word' id='word_1_322' title='bbox 1851 4286 1970 4341; x_wconf 76' lang='grc' dir='ltr'><strong>ἀλλ’</strong></span> 
     </span>
    </p>
   </div>
   <div class='ocr_carea' id='block_1_46' title="bbox 385 4379 1970 4453">
    <p class='ocr_par' dir='ltr' id='par_1_46' title="bbox 385 4379 1970 4453">
     <span class='ocr_line' id='line_1_46' title="bbox 385 4379 1970 4453; baseline 0 -21"><span class='ocrx_word' id='word_1_323' title='bbox 385 4380 424 4453; x_wconf 76' lang='grc' dir='ltr'>ἦ</span> <span class='ocrx_word' id='word_1_324' title='bbox 463 4382 599 4452; x_wconf 78' lang='grc' dir='ltr'><strong>πρὸς</strong></span> <span class='ocrx_word' id='word_1_325' title='bbox 641 4382 886 4452; x_wconf 83' lang='grc' dir='ltr'><strong>μάνδραν</strong></span> <span class='ocrx_word' id='word_1_326' title='bbox 920 4381 1142 4452; x_wconf 82' lang='grc' dir='ltr'><strong>ἀσφαλῆ</strong></span> <span class='ocrx_word' id='word_1_327' title='bbox 1182 4381 1246 4434; x_wconf 81' lang='grc' dir='ltr'><strong>τὸ</strong></span> <span class='ocrx_word' id='word_1_328' title='bbox 1289 4380 1543 4452; x_wconf 88' lang='grc' dir='ltr'><strong>ποίμνιον</strong></span> <span class='ocrx_word' id='word_1_329' title='bbox 1586 4379 1970 4450; x_wconf 83' lang='grc' dir='ltr'><strong>σφραγισάμε-</strong></span> 
     </span>
    </p>
   </div>
   <div class='ocr_carea' id='block_1_47' title="bbox 383 4467 1960 4544">
    <p class='ocr_par' dir='ltr' id='par_1_47' title="bbox 383 4467 1960 4544">
     <span class='ocr_line' id='line_1_47' title="bbox 383 4467 1960 4544; baseline -0.003 -17"><span class='ocrx_word' id='word_1_330' title='bbox 383 4489 477 4536; x_wconf 87' lang='grc' dir='ltr'><strong>νος</strong></span> <span class='ocrx_word' id='word_1_331' title='bbox 499 4517 515 4539; x_wconf 90' lang='grc'><strong>,</strong></span> <span class='ocrx_word' id='word_1_332' title='bbox 549 4475 644 4528; x_wconf 77' lang='grc' dir='ltr'><strong>καὶ</strong></span> <span class='ocrx_word' id='word_1_333' title='bbox 668 4474 834 4544; x_wconf 72' lang='grc' dir='ltr'><strong>φόϐον</strong></span> <span class='ocrx_word' id='word_1_334' title='bbox 863 4467 927 4528; x_wconf 73' lang='grc' dir='ltr'><strong>οὗ</strong></span> <span class='ocrx_word' id='word_1_335' title='bbox 950 4475 1069 4527; x_wconf 74' lang='grc' dir='ltr'><strong>ἐστι</strong></span> <span class='ocrx_word' id='word_1_336' title='bbox 1099 4472 1268 4542; x_wconf 79' lang='grc' dir='ltr'><strong>φόδος</strong></span> <span class='ocrx_word' id='word_1_337' title='bbox 1305 4471 1526 4544; x_wconf 87' lang='grc' dir='ltr'><strong>μακράν</strong></span> <span class='ocrx_word' id='word_1_338' title='bbox 1571 4471 1960 4542; x_wconf 56' lang='grc' dir='ltr'><strong>ἀπωσάμενος</strong></span> 
     </span>
    </p>
   </div>
   <div class='ocr_carea' id='block_1_48' title="bbox 383 4563 1964 4636">
    <p class='ocr_par' dir='ltr' id='par_1_48' title="bbox 383 4563 1964 4636">
     <span class='ocr_line' id='line_1_48' title="bbox 383 4563 1964 4636; baseline 0.001 -20"><span class='ocrx_word' id='word_1_339' title='bbox 383 4565 530 4618; x_wconf 74' lang='grc' dir='ltr'><strong>οὕτω</strong></span> <span class='ocrx_word' id='word_1_340' title='bbox 573 4566 712 4636; x_wconf 77' lang='grc' dir='ltr'><strong>πρὸς</strong></span> <span class='ocrx_word' id='word_1_341' title='bbox 755 4568 824 4622; x_wconf 81' lang='grc' dir='ltr'><strong>τὰ</strong></span> <span class='ocrx_word' id='word_1_342' title='bbox 855 4566 966 4620; x_wconf 84' lang='grc' dir='ltr'><strong>τῶν</strong></span> <span class='ocrx_word' id='word_1_343' title='bbox 1003 4564 1186 4620; x_wconf 86' lang='grc' dir='ltr'><strong>λύκων</strong></span> <span class='ocrx_word' id='word_1_344' title='bbox 1230 4563 1650 4636; x_wconf 85' lang='grc' dir='ltr'><strong>συμφράττεται</strong></span> <span class='ocrx_word' id='word_1_345' title='bbox 1688 4564 1964 4634; x_wconf 82' lang='grc' dir='ltr'><strong>θήρατρα.</strong></span> 
     </span>
    </p>
   </div>
   <div class='ocr_carea' id='block_1_49' title="bbox 385 4654 1968 4728">
    <p class='ocr_par' dir='ltr' id='par_1_49' title="bbox 385 4654 1968 4728">
     <span class='ocr_line' id='line_1_49' title="bbox 385 4654 1968 4728; baseline -0.001 -19"><span class='ocrx_word' id='word_1_346' title='bbox 385 4655 511 4720; x_wconf 81' lang='grc' dir='ltr'><strong>Πῶς</strong></span> <span class='ocrx_word' id='word_1_347' title='bbox 555 4654 650 4710; x_wconf 83' lang='grc' dir='ltr'><strong>οὖν</strong></span> <span class='ocrx_word' id='word_1_348' title='bbox 694 4659 796 4728; x_wconf 79' lang='grc' dir='ltr'><strong>ἐμὲ</strong></span> <span class='ocrx_word' id='word_1_349' title='bbox 839 4659 951 4712; x_wconf 80' lang='grc' dir='ltr'><strong>τῶν</strong></span> <span class='ocrx_word' id='word_1_350' title='bbox 990 4657 1140 4728; x_wconf 83' lang='grc' dir='ltr'><strong>ὲμῶν</strong></span> <span class='ocrx_word' id='word_1_351' title='bbox 1189 4656 1528 4728; x_wconf 82' lang='grc' dir='ltr'><strong>θρεμμάτων</strong></span> <span class='ocrx_word' id='word_1_352' title='bbox 1573 4656 1968 4726; x_wconf 85' lang='grc' dir='ltr'><strong>χηρὼσαντες,</strong></span> 
     </span>
    </p>
   </div>
   <div class='ocr_carea' id='block_1_50' title="bbox 2051 495 3641 586">
    <p class='ocr_par' dir='ltr' id='par_1_50' title="bbox 2051 495 3641 586">
     <span class='ocr_line' id='line_1_50' title="bbox 2051 495 3641 586; baseline -0.012 -23"><span class='ocrx_word' id='word_1_353' title='bbox 2051 509 2173 576; x_wconf 87' lang='lat' dir='ltr'><strong>l‘nit,</strong></span> <span class='ocrx_word' id='word_1_354' title='bbox 2199 506 2494 562; x_wconf 82' lang='lat' dir='ltr'><strong>continuos</strong></span> <span class='ocrx_word' id='word_1_355' title='bbox 2521 501 2572 558; x_wconf 89' lang='lat' dir='ltr'><strong>ei</strong></span> <span class='ocrx_word' id='word_1_356' title='bbox 2601 501 2822 558; x_wconf 76' lang='lat' dir='ltr'><strong>dolores</strong></span> <span class='ocrx_word' id='word_1_357' title='bbox 2849 499 3122 586; x_wconf 63' lang='lat' dir='ltr'><strong>ingerens,</strong></span> <span class='ocrx_word' id='word_1_358' title='bbox 3159 495 3379 565; x_wconf 81' lang='lat' dir='ltr'><strong>spirans</strong></span> <span class='ocrx_word' id='word_1_359' title='bbox 3403 495 3641 548; x_wconf 83' lang='lat' dir='ltr'><strong>cadaver</strong></span> 
     </span>
    </p>
   </div>
   <div class='ocr_carea' id='block_1_51' title="bbox 2053 585 3638 668">
    <p class='ocr_par' dir='ltr' id='par_1_51' title="bbox 2053 585 3638 668">
     <span class='ocr_line' id='line_1_51' title="bbox 2053 585 3638 668; baseline -0.012 -11"><span class='ocrx_word' id='word_1_360' title='bbox 2053 603 2120 657; x_wconf 89' lang='lat' dir='ltr'><strong>ad</strong></span> <span class='ocrx_word' id='word_1_361' title='bbox 2147 600 2342 656; x_wconf 83' lang='lat' dir='ltr'><strong>mortis</strong></span> <span class='ocrx_word' id='word_1_362' title='bbox 2377 595 2627 668; x_wconf 75' lang='lat' dir='ltr'><strong>quotidie</strong></span> <span class='ocrx_word' id='word_1_363' title='bbox 2667 592 2900 664; x_wconf 82' lang='lat' dir='ltr'><strong>sistebat</strong></span> <span class='ocrx_word' id='word_1_364' title='bbox 2943 585 3117 646; x_wconf 84' lang='lat' dir='ltr'><strong>atria.</strong></span> <span class='ocrx_word' id='word_1_365' title='bbox 3153 589 3228 644; x_wconf 87' lang='lat' dir='ltr'><strong>Ita</strong></span> <span class='ocrx_word' id='word_1_366' title='bbox 3259 601 3458 656; x_wconf 78' lang='lat' dir='ltr'><strong>nempe</strong></span> <span class='ocrx_word' id='word_1_367' title='bbox 3495 585 3638 640; x_wconf 76' lang='lat' dir='ltr'><strong>Dens</strong></span> 
     </span>
    </p>
   </div>
   <div class='ocr_carea' id='block_1_52' title="bbox 2051 671 3635 758">
    <p class='ocr_par' dir='ltr' id='par_1_52' title="bbox 2051 671 3635 758">
     <span class='ocr_line' id='line_1_52' title="bbox 2051 671 3635 758; baseline -0.011 -7"><span class='ocrx_word' id='word_1_368' title='bbox 2051 710 2147 751; x_wconf 87' lang='lat' dir='ltr'><strong>eos</strong></span> <span class='ocrx_word' id='word_1_369' title='bbox 2173 671 2387 749; x_wconf 84' lang='lat' dir='ltr'><strong>curare</strong></span> <span class='ocrx_word' id='word_1_370' title='bbox 2433 691 2623 754; x_wconf 86' lang='lat' dir='ltr'><strong>novit,</strong></span> <span class='ocrx_word' id='word_1_371' title='bbox 2670 688 2762 758; x_wconf 86' lang='lat' dir='ltr'><strong>qui</strong></span> <span class='ocrx_word' id='word_1_372' title='bbox 2809 700 2910 758; x_wconf 87' lang='lat' dir='ltr'><strong>pro</strong></span> <span class='ocrx_word' id='word_1_373' title='bbox 2950 682 3298 740; x_wconf 81' lang='lat' dir='ltr'><strong>amanuensis</strong></span> <span class='ocrx_word' id='word_1_374' title='bbox 3336 697 3400 736; x_wconf 85' lang='lat' dir='ltr'><strong>ac</strong></span> <span class='ocrx_word' id='word_1_375' title='bbox 3439 681 3635 738; x_wconf 76' lang='lat' dir='ltr'><strong>scribe</strong></span> 
     </span>
    </p>
   </div>
   <div class='ocr_carea' id='block_1_53' title="bbox 2049 770 3642 845">
    <p class='ocr_par' dir='ltr' id='par_1_53' title="bbox 2049 770 3642 845">
     <span class='ocr_line' id='line_1_53' title="bbox 2049 770 3642 845; baseline -0.012 -5"><span class='ocrx_word' id='word_1_376' title='bbox 2049 800 2278 840; x_wconf 88' lang='lat' dir='ltr'><strong>munere</strong></span> <span class='ocrx_word' id='word_1_377' title='bbox 2307 783 2440 838; x_wconf 81' lang='lat' dir='ltr'><strong>falsa</strong></span> <span class='ocrx_word' id='word_1_378' title='bbox 2471 781 2906 844; x_wconf 85' lang='lat' dir='ltr'><strong>subscribentes,</strong></span> <span class='ocrx_word' id='word_1_379' title='bbox 2931 775 3290 832; x_wconf 74' lang='lat' dir='ltr'><strong>insanabilem</strong></span> <span class='ocrx_word' id='word_1_380' title='bbox 3317 786 3456 845; x_wconf 84' lang='lat' dir='ltr'><strong>pene</strong></span> <span class='ocrx_word' id='word_1_381' title='bbox 3475 770 3642 840; x_wconf 66' lang='lat' dir='ltr'><strong>aegri—</strong></span> 
     </span>
    </p>
   </div>
   <div class='ocr_carea' id='block_1_54' title="bbox 2057 870 2902 932">
    <p class='ocr_par' dir='ltr' id='par_1_54' title="bbox 2057 870 2902 932">
     <span class='ocr_line' id='line_1_54' title="bbox 2057 870 2902 932; baseline -0.008 0"><span class='ocrx_word' id='word_1_382' title='bbox 2057 879 2301 932; x_wconf 88' lang='lat' dir='ltr'><strong>tudinem</strong></span> <span class='ocrx_word' id='word_1_383' title='bbox 2332 874 2596 930; x_wconf 89' lang='lat' dir='ltr'><strong>inducunt</strong></span> <span class='ocrx_word' id='word_1_384' title='bbox 2621 870 2902 928; x_wconf 67' lang='lat' dir='ltr'><strong>Ecclesiae.</strong></span> 
     </span>
    </p>
   </div>
   <div class='ocr_carea' id='block_1_55' title="bbox 2117 957 3730 1035">
    <p class='ocr_par' dir='ltr' id='par_1_55' title="bbox 2117 957 3730 1035">
     <span class='ocr_line' id='line_1_55' title="bbox 2117 957 3730 1035; baseline -0.012 -10"><span class='ocrx_word' id='word_1_385' title='bbox 2117 969 2206 1026; x_wconf 83' lang='lat'><strong>60.</strong></span> <span class='ocrx_word' id='word_1_386' title='bbox 2268 967 2428 1023; x_wconf 88' lang='lat' dir='ltr'><strong>llisce</strong></span> <span class='ocrx_word' id='word_1_387' title='bbox 2492 966 2656 1035; x_wconf 87' lang='lat' dir='ltr'><strong>igitur</strong></span> <span class='ocrx_word' id='word_1_388' title='bbox 2719 963 2940 1017; x_wconf 89' lang='lat' dir='ltr'><strong>utilibus</strong></span> <span class='ocrx_word' id='word_1_389' title='bbox 3002 975 3066 1015; x_wconf 85' lang='lat' dir='ltr'><strong>ac</strong></span> <span class='ocrx_word' id='word_1_390' title='bbox 3129 957 3464 1028; x_wconf 81' lang='lat' dir='ltr'><strong>sapientibus</strong></span> <span class='ocrx_word' id='word_1_391' title='bbox 3511 971 3646 1011; x_wconf 78' lang='lat' dir='ltr'><strong>san-</strong></span> <span class='ocrx_word' id='word_1_392' title='bbox 3723 965 3730 970; x_wconf 74' lang='lat'><em>‘</em></span> 
     </span>
    </p>
   </div>
   <div class='ocr_carea' id='block_1_56' title="bbox 2047 1048 3642 1123">
    <p class='ocr_par' dir='ltr' id='par_1_56' title="bbox 2047 1048 3642 1123">
     <span class='ocr_line' id='line_1_56' title="bbox 2047 1048 3642 1123; baseline -0.011 -6"><span class='ocrx_word' id='word_1_393' title='bbox 2047 1060 2120 1117; x_wconf 85' lang='lat' dir='ltr'><strong>cli</strong></span> <span class='ocrx_word' id='word_1_394' title='bbox 2173 1059 2409 1116; x_wconf 83' lang='lat' dir='ltr'><strong>doctoris</strong></span> <span class='ocrx_word' id='word_1_395' title='bbox 2461 1055 2681 1112; x_wconf 85' lang='lat' dir='ltr'><strong>monitis</strong></span> <span class='ocrx_word' id='word_1_396' title='bbox 2707 1051 3268 1123; x_wconf 85' lang='lat' dir='ltr'><strong>increpationibusquo</strong></span> <span class='ocrx_word' id='word_1_397' title='bbox 3303 1049 3434 1104; x_wconf 85' lang='lat' dir='ltr'><strong>nihil</strong></span> <span class='ocrx_word' id='word_1_398' title='bbox 3465 1048 3642 1102; x_wconf 79' lang='lat' dir='ltr'><strong>factus</strong></span> 
     </span>
    </p>
   </div>
   <div class='ocr_carea' id='block_1_57' title="bbox 2050 1141 3645 1222">
    <p class='ocr_par' dir='ltr' id='par_1_57' title="bbox 2050 1141 3645 1222">
     <span class='ocr_line' id='line_1_57' title="bbox 2050 1141 3645 1222; baseline -0.009 -15"><span class='ocrx_word' id='word_1_399' title='bbox 2050 1152 2238 1209; x_wconf 82' lang='lat' dir='ltr'><strong>melior</strong></span> <span class='ocrx_word' id='word_1_400' title='bbox 2301 1151 2630 1222; x_wconf 84' lang='lat' dir='ltr'><strong>imperator,</strong></span> <span class='ocrx_word' id='word_1_401' title='bbox 2668 1148 2722 1202; x_wconf 92' lang='lat' dir='ltr'><strong>in</strong></span> <span class='ocrx_word' id='word_1_402' title='bbox 2781 1145 2833 1202; x_wconf 92' lang='lat' dir='ltr'><strong>id</strong></span> <span class='ocrx_word' id='word_1_403' title='bbox 2913 1159 3077 1200; x_wconf 88' lang='lat' dir='ltr'><strong>unum</strong></span> <span class='ocrx_word' id='word_1_404' title='bbox 3140 1152 3248 1196; x_wconf 83' lang='lat' dir='ltr'><strong>tota</strong></span> <span class='ocrx_word' id='word_1_405' title='bbox 3299 1141 3645 1197; x_wconf 68' lang='lat' dir='ltr'><strong>incumbebat</strong></span> 
     </span>
    </p>
   </div>
   <div class='ocr_carea' id='block_1_58' title="bbox 2047 1233 3644 1313">
    <p class='ocr_par' dir='ltr' id='par_1_58' title="bbox 2047 1233 3644 1313">
     <span class='ocr_line' id='line_1_58' title="bbox 2047 1233 3644 1313; baseline -0.011 -12"><span class='ocrx_word' id='word_1_406' title='bbox 2047 1254 2255 1309; x_wconf 86' lang='lat' dir='ltr'><strong>mente,</strong></span> <span class='ocrx_word' id='word_1_407' title='bbox 2288 1252 2347 1299; x_wconf 92' lang='lat' dir='ltr'><strong>ut</strong></span> <span class='ocrx_word' id='word_1_408' title='bbox 2395 1242 2686 1313; x_wconf 81' lang='lat' dir='ltr'><strong>expelleret</strong></span> <span class='ocrx_word' id='word_1_409' title='bbox 2747 1253 2869 1296; x_wconf 85' lang='lat' dir='ltr'><strong>eum</strong></span> <span class='ocrx_word' id='word_1_410' title='bbox 2945 1247 3000 1292; x_wconf 90' lang='lat' dir='ltr'><strong>et</strong></span> <span class='ocrx_word' id='word_1_411' title='bbox 3055 1252 3265 1308; x_wconf 70' lang='lat' dir='ltr'><strong>sponsae</strong></span> <span class='ocrx_word' id='word_1_412' title='bbox 3299 1235 3497 1291; x_wconf 75' lang='lat' dir='ltr'><strong>Christi</strong></span> <span class='ocrx_word' id='word_1_413' title='bbox 3537 1233 3644 1288; x_wconf 79' lang='lat' dir='ltr'><strong>Ee-</strong></span> 
     </span>
    </p>
   </div>
   <div class='ocr_carea' id='block_1_59' title="bbox 2049 1329 3646 1400">
    <p class='ocr_par' dir='ltr' id='par_1_59' title="bbox 2049 1329 3646 1400">
     <span class='ocr_line' id='line_1_59' title="bbox 2049 1329 3646 1400; baseline -0.007 -8"><span class='ocrx_word' id='word_1_414' title='bbox 2049 1335 2228 1392; x_wconf 64' lang='lat' dir='ltr'><strong>clesie</strong></span> <span class='ocrx_word' id='word_1_415' title='bbox 2263 1349 2478 1392; x_wconf 84' lang='lat' dir='ltr'><strong>saccum</strong></span> <span class='ocrx_word' id='word_1_416' title='bbox 2515 1340 2724 1389; x_wconf 70' lang='lat' dir='ltr'><strong>tereret</strong></span> <span class='ocrx_word' id='word_1_417' title='bbox 2791 1331 3090 1385; x_wconf 86' lang='lat' dir='ltr'><strong>viduitatis.</strong></span> <span class='ocrx_word' id='word_1_418' title='bbox 3144 1329 3422 1400; x_wconf 79' lang='lat' dir='ltr'><strong>Siquidem</strong></span> <span class='ocrx_word' id='word_1_419' title='bbox 3501 1341 3646 1398; x_wconf 76' lang='lat' dir='ltr'><strong>prae--</strong></span> 
     </span>
    </p>
   </div>
   <div class='ocr_carea' id='block_1_60' title="bbox 2050 1425 3642 1486">
    <p class='ocr_par' dir='ltr' id='par_1_60' title="bbox 2050 1425 3642 1486">
     <span class='ocr_line' id='line_1_60' title="bbox 2050 1425 3642 1486; baseline -0.006 -3"><span class='ocrx_word' id='word_1_420' title='bbox 2050 1427 2264 1484; x_wconf 80' lang='lat' dir='ltr'><strong>dicandi</strong></span> <span class='ocrx_word' id='word_1_421' title='bbox 2327 1427 2380 1482; x_wconf 91' lang='lat' dir='ltr'><strong>in</strong></span> <span class='ocrx_word' id='word_1_422' title='bbox 2454 1425 2694 1482; x_wconf 79' lang='lat' dir='ltr'><strong>Ecclesia</strong></span> <span class='ocrx_word' id='word_1_423' title='bbox 2777 1439 2973 1478; x_wconf 85' lang='lat' dir='ltr'><strong>munus</strong></span> <span class='ocrx_word' id='word_1_424' title='bbox 3027 1432 3082 1478; x_wconf 89' lang='lat' dir='ltr'><strong>et</strong></span> <span class='ocrx_word' id='word_1_425' title='bbox 3139 1435 3420 1486; x_wconf 80' lang='lat' dir='ltr'><strong>sacrorum</strong></span> <span class='ocrx_word' id='word_1_426' title='bbox 3480 1434 3642 1475; x_wconf 82' lang='lat' dir='ltr'><strong>vaso-</strong></span> 
     </span>
    </p>
   </div>
   <div class='ocr_carea' id='block_1_61' title="bbox 2049 1511 3640 1586">
    <p class='ocr_par' dir='ltr' id='par_1_61' title="bbox 2049 1511 3640 1586">
     <span class='ocr_line' id='line_1_61' title="bbox 2049 1511 3640 1586; baseline -0.009 -10"><span class='ocrx_word' id='word_1_427' title='bbox 2049 1535 2172 1576; x_wconf 85' lang='lat' dir='ltr'><strong>rum</strong></span> <span class='ocrx_word' id='word_1_428' title='bbox 2257 1519 2511 1585; x_wconf 86' lang='lat' dir='ltr'><strong>donaria,</strong></span> <span class='ocrx_word' id='word_1_429' title='bbox 2577 1519 2692 1574; x_wconf 82' lang='lat' dir='ltr'><strong>viro</strong></span> <span class='ocrx_word' id='word_1_430' title='bbox 2759 1517 2974 1573; x_wconf 78' lang='lat' dir='ltr'><strong>cuidam</strong></span> <span class='ocrx_word' id='word_1_431' title='bbox 3043 1515 3269 1586; x_wconf 84' lang='lat' dir='ltr'><strong>patricio</strong></span> <span class='ocrx_word' id='word_1_432' title='bbox 3325 1511 3640 1578; x_wconf 80' lang='lat' dir='ltr'><strong>committit,</strong></span> 
     </span>
    </p>
   </div>
   <div class='ocr_carea' id='block_1_62' title="bbox 2051 1605 3646 1686">
    <p class='ocr_par' dir='ltr' id='par_1_62' title="bbox 2051 1605 3646 1686">
     <span class='ocr_line' id='line_1_62' title="bbox 2051 1605 3646 1686; baseline -0.006 -17"><span class='ocrx_word' id='word_1_433' title='bbox 2051 1626 2180 1669; x_wconf 85' lang='lat' dir='ltr'><strong>cura</strong></span> <span class='ocrx_word' id='word_1_434' title='bbox 2261 1625 2448 1668; x_wconf 86' lang='lat' dir='ltr'><strong>eorum</strong></span> <span class='ocrx_word' id='word_1_435' title='bbox 2525 1611 2672 1666; x_wconf 85' lang='lat' dir='ltr'><strong>omni</strong></span> <span class='ocrx_word' id='word_1_436' title='bbox 2760 1609 3058 1686; x_wconf 67' lang='lat' dir='ltr'><strong>antistitem</strong></span> <span class='ocrx_word' id='word_1_437' title='bbox 3113 1607 3408 1662; x_wconf 74' lang='lat' dir='ltr'><strong>excludens</strong></span> <span class='ocrx_word' id='word_1_438' title='bbox 3461 1605 3646 1662; x_wconf 84' lang='lat' dir='ltr'><strong>:niltil</strong></span> 
     </span>
    </p>
   </div>
   <div class='ocr_carea' id='block_1_63' title="bbox 2051 1698 3746 1769">
    <p class='ocr_par' dir='ltr' id='par_1_63' title="bbox 2051 1698 3746 1769">
     <span class='ocr_line' id='line_1_63' title="bbox 2051 1698 3746 1769; baseline -0.006 -7"><span class='ocrx_word' id='word_1_439' title='bbox 2051 1707 2197 1762; x_wconf 87' lang='lat' dir='ltr'><strong>enim</strong></span> <span class='ocrx_word' id='word_1_440' title='bbox 2247 1704 2592 1762; x_wconf 86' lang='lat' dir='ltr'><strong>contentione</strong></span> <span class='ocrx_word' id='word_1_441' title='bbox 2641 1703 2814 1759; x_wconf 70' lang='lat' dir='ltr'><strong>lacteis</strong></span> <span class='ocrx_word' id='word_1_442' title='bbox 2859 1699 3159 1767; x_wconf 82' lang='lat' dir='ltr'><strong>remissior,</strong></span> <span class='ocrx_word' id='word_1_443' title='bbox 3208 1713 3424 1756; x_wconf 85' lang='lat' dir='ltr'><strong>omnem</strong></span> <span class='ocrx_word' id='word_1_444' title='bbox 3452 1739 3468 1763; x_wconf 92' lang='lat'><strong>,</strong></span> <span class='ocrx_word' id='word_1_445' title='bbox 3500 1698 3644 1769; x_wconf 73' lang='grc' dir='ltr'>ῳιαί</span> <span class='ocrx_word' id='word_1_446' title='bbox 3741 1728 3746 1732; x_wconf 64' lang='grc'><strong>›</strong></span> 
     </span>
    </p>
   </div>
   <div class='ocr_carea' id='block_1_64' title="bbox 1983 1765 3644 1864">
    <p class='ocr_par' dir='ltr' id='par_1_64' title="bbox 1983 1765 3644 1864">
     <span class='ocr_line' id='line_1_64' title="bbox 1983 1765 3644 1864; baseline -0.007 -12"><span class='ocrx_word' id='word_1_447' title='bbox 1983 1765 2026 1822; x_wconf 74' lang='grc' dir='ltr'><strong><em>Β</em></strong></span> <span class='ocrx_word' id='word_1_448' title='bbox 2053 1795 2228 1864; x_wconf 86' lang='lat' dir='ltr'><strong>aiunt,</strong></span> <span class='ocrx_word' id='word_1_449' title='bbox 2282 1797 2534 1850; x_wconf 84' lang='lat' dir='ltr'><strong>movebat</strong></span> <span class='ocrx_word' id='word_1_450' title='bbox 2615 1793 2886 1864; x_wconf 85' lang='lat' dir='ltr'><strong>lapidem,</strong></span> <span class='ocrx_word' id='word_1_451' title='bbox 2931 1800 2991 1846; x_wconf 89' lang='lat' dir='ltr'><strong>ut</strong></span> <span class='ocrx_word' id='word_1_452' title='bbox 3061 1765 3192 1846; x_wconf 82' lang='lat' dir='ltr'><strong>illud</strong></span> <span class='ocrx_word' id='word_1_453' title='bbox 3242 1765 3644 1846; x_wconf 34' lang='lat' dir='ltr'><strong>Ecclesiae&#39;su-</strong></span> 
     </span>
    </p>
   </div>
   <div class='ocr_carea' id='block_1_65' title="bbox 2057 1881 3652 1953">
    <p class='ocr_par' dir='ltr' id='par_1_65' title="bbox 2057 1881 3652 1953">
     <span class='ocr_line' id='line_1_65' title="bbox 2057 1881 3652 1953; baseline -0.006 -9"><span class='ocrx_word' id='word_1_454' title='bbox 2057 1887 2417 1944; x_wconf 87' lang='lat' dir='ltr'><strong>stentaculum</strong></span> <span class='ocrx_word' id='word_1_455' title='bbox 2467 1886 2813 1942; x_wconf 90' lang='lat' dir='ltr'><strong>convelleret.</strong></span> <span class='ocrx_word' id='word_1_456' title='bbox 2851 1885 3022 1953; x_wconf 82' lang='lat' dir='ltr'><strong>Quam</strong></span> <span class='ocrx_word' id='word_1_457' title='bbox 3080 1885 3253 1940; x_wconf 88' lang='lat' dir='ltr'><strong>libens</strong></span> <span class='ocrx_word' id='word_1_458' title='bbox 3301 1883 3394 1939; x_wconf 87' lang='lat' dir='ltr'><strong>hic</strong></span> <span class='ocrx_word' id='word_1_459' title='bbox 3443 1881 3652 1938; x_wconf 29' lang='lat' dir='ltr'><strong>lassata;</strong></span> 
     </span>
    </p>
   </div>
   <div class='ocr_carea' id='block_1_66' title="bbox 2070 1975 3645 2050">
    <p class='ocr_par' dir='ltr' id='par_1_66' title="bbox 2070 1975 3645 2050">
     <span class='ocr_line' id='line_1_66' title="bbox 2070 1975 3645 2050; baseline -0.005 -12"><span class='ocrx_word' id='word_1_460' title='bbox 2070 1981 2270 2044; x_wconf 86' lang='lat' dir='ltr'><strong>oratio,</strong></span> <span class='ocrx_word' id='word_1_461' title='bbox 2305 1995 2412 2048; x_wconf 88' lang='lat' dir='ltr'><strong>quo</strong></span> <span class='ocrx_word' id='word_1_462' title='bbox 2447 1978 2701 2044; x_wconf 87' lang='lat' dir='ltr'><strong>ulterius,</strong></span> <span class='ocrx_word' id='word_1_463' title='bbox 2749 1980 3046 2050; x_wconf 84' lang='lat' dir='ltr'><strong>procedere</strong></span> <span class='ocrx_word' id='word_1_464' title='bbox 3091 1977 3263 2048; x_wconf 80' lang='lat' dir='ltr'><strong>possit</strong></span> <span class='ocrx_word' id='word_1_465' title='bbox 3328 1991 3435 2033; x_wconf 87' lang='lat' dir='ltr'><strong>non</strong></span> <span class='ocrx_word' id='word_1_466' title='bbox 3492 1975 3645 2030; x_wconf 83' lang='lat' dir='ltr'><strong>inve-</strong></span> 
     </span>
    </p>
   </div>
   <div class='ocr_carea' id='block_1_67' title="bbox 2059 2068 3648 2136">
    <p class='ocr_par' dir='ltr' id='par_1_67' title="bbox 2059 2068 3648 2136">
     <span class='ocr_line' id='line_1_67' title="bbox 2059 2068 3648 2136; baseline -0.004 -8"><span class='ocrx_word' id='word_1_467' title='bbox 2059 2073 2217 2128; x_wconf 88' lang='lat' dir='ltr'><strong>niens</strong></span> <span class='ocrx_word' id='word_1_468' title='bbox 2240 2072 2442 2127; x_wconf 79' lang='lat' dir='ltr'><strong>silentii</strong></span> <span class='ocrx_word' id='word_1_469' title='bbox 2461 2072 2639 2128; x_wconf 88' lang='lat' dir='ltr'><strong>cubile</strong></span> <span class='ocrx_word' id='word_1_470' title='bbox 2666 2071 2768 2127; x_wconf 88' lang='lat' dir='ltr'><strong>sibi</strong></span> <span class='ocrx_word' id='word_1_471' title='bbox 2801 2079 3164 2136; x_wconf 87' lang='lat' dir='ltr'><strong>sterneret,et</strong></span> <span class='ocrx_word' id='word_1_472' title='bbox 3188 2069 3333 2126; x_wconf 83' lang='lat' dir='ltr'><strong>beati</strong></span> <span class='ocrx_word' id='word_1_473' title='bbox 3366 2068 3471 2124; x_wconf 82' lang='lat' dir='ltr'><strong>viri</strong></span> <span class='ocrx_word' id='word_1_474' title='bbox 3495 2077 3648 2122; x_wconf 76' lang='lat' dir='ltr'><strong>mor-</strong></span> 
     </span>
    </p>
   </div>
   <div class='ocr_carea' id='block_1_68' title="bbox 2061 2161 3646 2234">
    <p class='ocr_par' dir='ltr' id='par_1_68' title="bbox 2061 2161 3646 2234">
     <span class='ocr_line' id='line_1_68' title="bbox 2061 2161 3646 2234; baseline -0.003 -16"><span class='ocrx_word' id='word_1_475' title='bbox 2061 2165 2186 2218; x_wconf 89' lang='lat' dir='ltr'><strong>bum</strong></span> <span class='ocrx_word' id='word_1_476' title='bbox 2222 2165 2488 2226; x_wconf 84' lang='lat' dir='ltr'><strong>relatura,</strong></span> <span class='ocrx_word' id='word_1_477' title='bbox 2523 2165 2636 2234; x_wconf 83' lang='lat' dir='ltr'><strong>ipsa</strong></span> <span class='ocrx_word' id='word_1_478' title='bbox 2665 2179 2819 2219; x_wconf 88' lang='lat' dir='ltr'><strong>suam</strong></span> <span class='ocrx_word' id='word_1_479' title='bbox 2847 2165 3000 2232; x_wconf 84' lang='lat' dir='ltr'><strong>prius</strong></span> <span class='ocrx_word' id='word_1_480' title='bbox 3027 2163 3410 2232; x_wconf 59' lang='lat' dir='ltr'><strong>aegritudinem</strong></span> <span class='ocrx_word' id='word_1_481' title='bbox 3445 2161 3646 2230; x_wconf 77' lang='lat' dir='ltr'><strong>prole-</strong></span> 
     </span>
    </p>
   </div>
   <div class='ocr_carea' id='block_1_69' title="bbox 2063 2251 3650 2322">
    <p class='ocr_par' dir='ltr' id='par_1_69' title="bbox 2063 2251 3650 2322">
     <span class='ocr_line' id='line_1_69' title="bbox 2063 2251 3650 2322; baseline -0.003 -13"><span class='ocrx_word' id='word_1_482' title='bbox 2063 2261 2165 2309; x_wconf 88' lang='lat' dir='ltr'><strong>ret.</strong></span> <span class='ocrx_word' id='word_1_483' title='bbox 2202 2252 2426 2308; x_wconf 84' lang='lat' dir='ltr'><strong>Lectulo</strong></span> <span class='ocrx_word' id='word_1_484' title='bbox 2459 2253 3006 2322; x_wconf 86' lang='lat' dir='ltr'><strong>igiturdecumhehat</strong></span> <span class='ocrx_word' id='word_1_485' title='bbox 3030 2252 3323 2308; x_wconf 78' lang='lat' dir='ltr'><strong>diliiculter</strong></span> <span class='ocrx_word' id='word_1_486' title='bbox 3341 2251 3650 2320; x_wconf 81' lang='lat' dir='ltr'><strong>respirans,</strong></span> 
     </span>
    </p>
   </div>
   <div class='ocr_carea' id='block_1_70' title="bbox 2061 2343 3647 2416">
    <p class='ocr_par' dir='ltr' id='par_1_70' title="bbox 2061 2343 3647 2416">
     <span class='ocr_line' id='line_1_70' title="bbox 2061 2343 3647 2416; baseline -0.003 -15"><span class='ocrx_word' id='word_1_487' title='bbox 2061 2354 2117 2401; x_wconf 85' lang='lat' dir='ltr'><strong>et</strong></span> <span class='ocrx_word' id='word_1_488' title='bbox 2139 2361 2262 2401; x_wconf 89' lang='lat' dir='ltr'><strong>cum</strong></span> <span class='ocrx_word' id='word_1_489' title='bbox 2298 2346 2544 2401; x_wconf 88' lang='lat' dir='ltr'><strong>lmmoris</strong></span> <span class='ocrx_word' id='word_1_490' title='bbox 2591 2345 2828 2401; x_wconf 81' lang='lat' dir='ltr'><strong>iuliuxus</strong></span> <span class='ocrx_word' id='word_1_491' title='bbox 2855 2345 3078 2416; x_wconf 90' lang='lat' dir='ltr'><strong>quidam</strong></span> <span class='ocrx_word' id='word_1_492' title='bbox 3113 2359 3311 2414; x_wconf 87' lang='lat' dir='ltr'><strong>corpus</strong></span> <span class='ocrx_word' id='word_1_493' title='bbox 3345 2343 3647 2400; x_wconf 83' lang='lat' dir='ltr'><strong>incesseret</strong></span> 
     </span>
    </p>
   </div>
   <div class='ocr_carea' id='block_1_71' title="bbox 2063 2434 3644 2509">
    <p class='ocr_par' dir='ltr' id='par_1_71' title="bbox 2063 2434 3644 2509">
     <span class='ocr_line' id='line_1_71' title="bbox 2063 2434 3644 2509; baseline -0.003 -15"><span class='ocrx_word' id='word_1_494' title='bbox 2063 2438 2347 2509; x_wconf 90' lang='lat' dir='ltr'><strong>deplorato</strong></span> <span class='ocrx_word' id='word_1_495' title='bbox 2369 2437 2483 2494; x_wconf 81' lang='lat' dir='ltr'><strong>fere</strong></span> <span class='ocrx_word' id='word_1_496' title='bbox 2507 2440 2696 2494; x_wconf 88' lang='lat' dir='ltr'><strong>morbo</strong></span> <span class='ocrx_word' id='word_1_497' title='bbox 2729 2435 3144 2493; x_wconf 85' lang='lat' dir='ltr'><strong>conﬂictabatur</strong></span> <span class='ocrx_word' id='word_1_498' title='bbox 3167 2439 3266 2508; x_wconf 78' lang='grc' dir='ltr'><strong>(ι).</strong></span> <span class='ocrx_word' id='word_1_499' title='bbox 3292 2434 3439 2491; x_wconf 81' lang='lat' dir='ltr'><strong>Nihil</strong></span> <span class='ocrx_word' id='word_1_500' title='bbox 3465 2445 3644 2490; x_wconf 87' lang='lat' dir='ltr'><strong>tamen</strong></span> 
     </span>
    </p>
   </div>
   <div class='ocr_carea' id='block_1_72' title="bbox 2061 2527 3646 2602">
    <p class='ocr_par' dir='ltr' id='par_1_72' title="bbox 2061 2527 3646 2602">
     <span class='ocr_line' id='line_1_72' title="bbox 2061 2527 3646 2602; baseline -0.004 -14"><span class='ocrx_word' id='word_1_501' title='bbox 2061 2546 2218 2602; x_wconf 73' lang='lat' dir='ltr'><strong>teque</strong></span> <span class='ocrx_word' id='word_1_502' title='bbox 2239 2531 2416 2586; x_wconf 88' lang='lat' dir='ltr'><strong>virum</strong></span> <span class='ocrx_word' id='word_1_503' title='bbox 2435 2530 2641 2598; x_wconf 87' lang='lat' dir='ltr'><strong>justum</strong></span> <span class='ocrx_word' id='word_1_504' title='bbox 2670 2533 3038 2599; x_wconf 83' lang='lat' dir='ltr'><strong>excruciabat,</strong></span> <span class='ocrx_word' id='word_1_505' title='bbox 3069 2545 3232 2601; x_wconf 89' lang='lat' dir='ltr'><strong>quam</strong></span> <span class='ocrx_word' id='word_1_506' title='bbox 3261 2531 3404 2601; x_wconf 89' lang='lat' dir='ltr'><strong>quod</strong></span> <span class='ocrx_word' id='word_1_507' title='bbox 3437 2527 3646 2584; x_wconf 86' lang='lat' dir='ltr'><strong>inimici</strong></span> 
     </span>
    </p>
   </div>
   <div class='ocr_carea' id='block_1_73' title="bbox 2063 2623 3646 2694">
    <p class='ocr_par' dir='ltr' id='par_1_73' title="bbox 2063 2623 3646 2694">
     <span class='ocr_line' id='line_1_73' title="bbox 2063 2623 3646 2694; baseline 0 -17"><span class='ocrx_word' id='word_1_508' title='bbox 2063 2624 2324 2680; x_wconf 88' lang='lat' dir='ltr'><strong>adversus</strong></span> <span class='ocrx_word' id='word_1_509' title='bbox 2371 2623 2674 2678; x_wconf 88' lang='lat' dir='ltr'><strong>Ecclesiam</strong></span> <span class='ocrx_word' id='word_1_510' title='bbox 2725 2623 3184 2694; x_wconf 87' lang='lat' dir='ltr'><strong>conspirationem</strong></span> <span class='ocrx_word' id='word_1_511' title='bbox 3249 2623 3646 2680; x_wconf 82' lang='lat' dir='ltr'><strong>conﬂaverant.</strong></span> 
     </span>
    </p>
   </div>
   <div class='ocr_carea' id='block_1_74' title="bbox 1987 2713 3660 2786">
    <p class='ocr_par' dir='ltr' id='par_1_74' title="bbox 1987 2713 3660 2786">
     <span class='ocr_line' id='line_1_74' title="bbox 1987 2713 3660 2786; baseline 0.001 -18"><span class='ocrx_word' id='word_1_512' title='bbox 1987 2781 1993 2785; x_wconf 21' lang='grc' dir='ltr'><em>μ</em></span> <span class='ocrx_word' id='word_1_513' title='bbox 2062 2713 2198 2769; x_wconf 84' lang='lat' dir='ltr'><strong>Nam</strong></span> <span class='ocrx_word' id='word_1_514' title='bbox 2227 2713 2376 2769; x_wconf 86' lang='lat' dir='ltr'><strong>illam</strong></span> <span class='ocrx_word' id='word_1_515' title='bbox 2405 2715 2625 2785; x_wconf 87' lang='lat' dir='ltr'><strong>quidem</strong></span> <span class='ocrx_word' id='word_1_516' title='bbox 2658 2716 2900 2771; x_wconf 70' lang='lat' dir='ltr'><strong>adversze</strong></span> <span class='ocrx_word' id='word_1_517' title='bbox 2929 2715 3253 2772; x_wconf 87' lang='lat' dir='ltr'><strong>valetudinis</strong></span> <span class='ocrx_word' id='word_1_518' title='bbox 3289 2729 3523 2786; x_wconf 89' lang='lat' dir='ltr'><strong>pugnam</strong></span> <span class='ocrx_word' id='word_1_519' title='bbox 3557 2728 3660 2770; x_wconf 78' lang='lat' dir='ltr'><strong>so-~</strong></span> 
     </span>
    </p>
   </div>
   <div class='ocr_carea' id='block_1_75' title="bbox 2064 2803 3645 2875">
    <p class='ocr_par' dir='ltr' id='par_1_75' title="bbox 2064 2803 3645 2875">
     <span class='ocr_line' id='line_1_75' title="bbox 2064 2803 3645 2875; baseline 0.001 -16"><span class='ocrx_word' id='word_1_520' title='bbox 2064 2805 2150 2861; x_wconf 87' lang='lat' dir='ltr'><strong>lus</strong></span> <span class='ocrx_word' id='word_1_521' title='bbox 2178 2805 2293 2875; x_wconf 87' lang='lat' dir='ltr'><strong>ipse</strong></span> <span class='ocrx_word' id='word_1_522' title='bbox 2318 2805 2624 2860; x_wconf 86' lang='lat' dir='ltr'><strong>sustinebat</strong></span> <span class='ocrx_word' id='word_1_523' title='bbox 2651 2819 2665 2859; x_wconf 88' lang='lat'><strong>:</strong></span> <span class='ocrx_word' id='word_1_524' title='bbox 2698 2805 2801 2861; x_wconf 89' lang='lat' dir='ltr'><strong>bac</strong></span> <span class='ocrx_word' id='word_1_525' title='bbox 2834 2813 3017 2861; x_wconf 89' lang='lat' dir='ltr'><strong>autem</strong></span> <span class='ocrx_word' id='word_1_526' title='bbox 3065 2806 3180 2875; x_wconf 85' lang='lat' dir='ltr'><strong>ipse</strong></span> <span class='ocrx_word' id='word_1_527' title='bbox 3214 2806 3506 2860; x_wconf 85' lang='lat' dir='ltr'><strong>universus</strong></span> <span class='ocrx_word' id='word_1_528' title='bbox 3538 2803 3645 2860; x_wconf 82' lang='lat' dir='ltr'><strong>Ec-</strong></span> 
     </span>
    </p>
   </div>
   <div class='ocr_carea' id='block_1_76' title="bbox 2061 2896 3650 2969">
    <p class='ocr_par' dir='ltr' id='par_1_76' title="bbox 2061 2896 3650 2969">
     <span class='ocr_line' id='line_1_76' title="bbox 2061 2896 3650 2969; baseline 0 -17"><span class='ocrx_word' id='word_1_529' title='bbox 2061 2896 2250 2952; x_wconf 57' lang='lat' dir='ltr'><strong>clesia</strong></span> <span class='ocrx_word' id='word_1_530' title='bbox 2293 2908 2466 2954; x_wconf 64' lang='lat' dir='ltr'><strong>coetus</strong></span> <span class='ocrx_word' id='word_1_531' title='bbox 2505 2897 2558 2952; x_wconf 92' lang='lat' dir='ltr'><strong>in</strong></span> <span class='ocrx_word' id='word_1_532' title='bbox 2599 2897 2906 2968; x_wconf 86' lang='lat' dir='ltr'><strong>periculum</strong></span> <span class='ocrx_word' id='word_1_533' title='bbox 2959 2898 3117 2969; x_wconf 86' lang='lat' dir='ltr'><strong>longe</strong></span> <span class='ocrx_word' id='word_1_534' title='bbox 3189 2899 3487 2953; x_wconf 79' lang='lat' dir='ltr'><strong>maximum</strong></span> <span class='ocrx_word' id='word_1_535' title='bbox 3527 2907 3650 2954; x_wconf 84' lang='lat' dir='ltr'><strong>erat</strong></span> 
     </span>
    </p>
   </div>
   <div class='ocr_carea' id='block_1_77' title="bbox 2063 2987 2354 3045">
    <p class='ocr_par' dir='ltr' id='par_1_77' title="bbox 2063 2987 2354 3045">
     <span class='ocr_line' id='line_1_77' title="bbox 2063 2987 2354 3045; baseline -0.003 -3"><span class='ocrx_word' id='word_1_536' title='bbox 2063 2987 2354 3045; x_wconf 86' lang='lat' dir='ltr'><strong>adductus.</strong></span> 
     </span>
    </p>
   </div>
   <div class='ocr_carea' id='block_1_78' title="bbox 2137 3088 3641 3168">
    <p class='ocr_par' dir='ltr' id='par_1_78' title="bbox 2137 3088 3641 3168">
     <span class='ocr_line' id='line_1_78' title="bbox 2137 3088 3641 3168; baseline -0.001 -6"><span class='ocrx_word' id='word_1_537' title='bbox 2137 3105 2229 3162; x_wconf 85' lang='lat' dir='ltr'><strong>6i.</strong></span> <span class='ocrx_word' id='word_1_538' title='bbox 2265 3107 2533 3168; x_wconf 85' lang='lat' dir='ltr'><strong>Tumebat</strong></span> <span class='ocrx_word' id='word_1_539' title='bbox 2591 3113 2774 3164; x_wconf 85' lang='lat' dir='ltr'><strong>autem</strong></span> <span class='ocrx_word' id='word_1_540' title='bbox 2820 3088 3078 3164; x_wconf 64' lang='lat' dir='ltr'><strong>Ecclesiae</strong></span> <span class='ocrx_word' id='word_1_541' title='bbox 3140 3106 3641 3163; x_wconf 82' lang='lat' dir='ltr'><strong>adversansiui‘en-</strong></span> 
     </span>
    </p>
   </div>
   <div class='ocr_carea' id='block_1_79' title="bbox 2069 3199 3660 3272">
    <p class='ocr_par' dir='ltr' id='par_1_79' title="bbox 2069 3199 3660 3272">
     <span class='ocr_line' id='line_1_79' title="bbox 2069 3199 3660 3272; baseline 0.001 -19"><span class='ocrx_word' id='word_1_542' title='bbox 2069 3211 2298 3270; x_wconf 85' lang='lat' dir='ltr'><strong>sumque</strong></span> <span class='ocrx_word' id='word_1_543' title='bbox 2349 3200 2664 3266; x_wconf 88' lang='lat' dir='ltr'><strong>concilium,</strong></span> <span class='ocrx_word' id='word_1_544' title='bbox 2705 3209 2761 3255; x_wconf 91' lang='lat' dir='ltr'><strong>et</strong></span> <span class='ocrx_word' id='word_1_545' title='bbox 2809 3199 3077 3255; x_wconf 89' lang='lat' dir='ltr'><strong>mendacii</strong></span> <span class='ocrx_word' id='word_1_546' title='bbox 3131 3200 3460 3272; x_wconf 81' lang='lat' dir='ltr'><strong>pinguedine</strong></span> <span class='ocrx_word' id='word_1_547' title='bbox 3512 3200 3660 3257; x_wconf 83' lang='lat' dir='ltr'><strong>bene</strong></span> 
     </span>
    </p>
   </div>
   <div class='ocr_carea' id='block_1_80' title="bbox 2068 3285 3648 3361">
    <p class='ocr_par' dir='ltr' id='par_1_80' title="bbox 2068 3285 3648 3361">
     <span class='ocr_line' id='line_1_80' title="bbox 2068 3285 3648 3361; baseline 0.001 -19"><span class='ocrx_word' id='word_1_548' title='bbox 2068 3285 2294 3358; x_wconf 83' lang='lat' dir='ltr'><strong>fartum,</strong></span> <span class='ocrx_word' id='word_1_549' title='bbox 2331 3289 2388 3346; x_wconf 89' lang='lat' dir='ltr'><strong>in</strong></span> <span class='ocrx_word' id='word_1_550' title='bbox 2442 3290 2718 3361; x_wconf 87' lang='lat' dir='ltr'><strong>publicam</strong></span> <span class='ocrx_word' id='word_1_551' title='bbox 2772 3289 2952 3346; x_wconf 91' lang='lat' dir='ltr'><strong>lucem</strong></span> <span class='ocrx_word' id='word_1_552' title='bbox 3008 3291 3288 3360; x_wconf 65' lang='lat' dir='ltr'><strong>quatt‘ebat</strong></span> <span class='ocrx_word' id='word_1_553' title='bbox 3339 3303 3648 3359; x_wconf 86' lang='lat' dir='ltr'><strong>erumpere.</strong></span> 
     </span>
    </p>
   </div>
   <div class='ocr_carea' id='block_1_81' title="bbox 2070 3377 3650 3453">
    <p class='ocr_par' dir='ltr' id='par_1_81' title="bbox 2070 3377 3650 3453">
     <span class='ocr_line' id='line_1_81' title="bbox 2070 3377 3650 3453; baseline 0 -18"><span class='ocrx_word' id='word_1_554' title='bbox 2070 3377 2272 3436; x_wconf 87' lang='lat' dir='ltr'><strong>lterum</strong></span> <span class='ocrx_word' id='word_1_555' title='bbox 2317 3396 2448 3453; x_wconf 89' lang='lat' dir='ltr'><strong>ergo</strong></span> <span class='ocrx_word' id='word_1_556' title='bbox 2476 3392 2730 3439; x_wconf 87' lang='lat' dir='ltr'><strong>auctores</strong></span> <span class='ocrx_word' id='word_1_557' title='bbox 2756 3382 2894 3438; x_wconf 81' lang='lat' dir='ltr'><strong>ﬁunt</strong></span> <span class='ocrx_word' id='word_1_558' title='bbox 2923 3383 3262 3453; x_wconf 85' lang='lat' dir='ltr'><strong>imperatori,</strong></span> <span class='ocrx_word' id='word_1_559' title='bbox 3299 3383 3402 3438; x_wconf 88' lang='lat' dir='ltr'><strong>levi</strong></span> <span class='ocrx_word' id='word_1_560' title='bbox 3437 3383 3650 3439; x_wconf 81' lang='lat' dir='ltr'><strong>scilicet</strong></span> 
     </span>
    </p>
   </div>
   <div class='ocr_carea' id='block_1_82' title="bbox 2073 3469 3649 3544">
    <p class='ocr_par' dir='ltr' id='par_1_82' title="bbox 2073 3469 3649 3544">
     <span class='ocr_line' id='line_1_82' title="bbox 2073 3469 3649 3544; baseline 0.001 -19"><span class='ocrx_word' id='word_1_561' title='bbox 2073 3469 2280 3526; x_wconf 91' lang='lat' dir='ltr'><strong>homini</strong></span> <span class='ocrx_word' id='word_1_562' title='bbox 2304 3473 2509 3544; x_wconf 84' lang='lat' dir='ltr'><strong>quique</strong></span> <span class='ocrx_word' id='word_1_563' title='bbox 2535 3473 2682 3529; x_wconf 91' lang='lat' dir='ltr'><strong>omni</strong></span> <span class='ocrx_word' id='word_1_564' title='bbox 2707 3488 2889 3543; x_wconf 66' lang='lat' dir='ltr'><strong>pravae</strong></span> <span class='ocrx_word' id='word_1_565' title='bbox 2908 3473 3172 3530; x_wconf 72' lang='lat' dir='ltr'><strong>doctrinae</strong></span> <span class='ocrx_word' id='word_1_566' title='bbox 3199 3473 3432 3530; x_wconf 82' lang='lat' dir='ltr'><strong>ferretur</strong></span> <span class='ocrx_word' id='word_1_567' title='bbox 3466 3483 3649 3532; x_wconf 84' lang='lat' dir='ltr'><strong>vento.</strong></span> 
     </span>
    </p>
   </div>
   <div class='ocr_carea' id='block_1_83' title="bbox 2070 3562 3652 3636">
    <p class='ocr_par' dir='ltr' id='par_1_83' title="bbox 2070 3562 3652 3636">
     <span class='ocr_line' id='line_1_83' title="bbox 2070 3562 3652 3636; baseline -0.001 -18"><span class='ocrx_word' id='word_1_568' title='bbox 2070 3573 2129 3618; x_wconf 90' lang='lat' dir='ltr'><strong>ut</strong></span> <span class='ocrx_word' id='word_1_569' title='bbox 2165 3566 2442 3621; x_wconf 87' lang='lat' dir='ltr'><strong>doctorem</strong></span> <span class='ocrx_word' id='word_1_570' title='bbox 2473 3567 2528 3620; x_wconf 91' lang='lat' dir='ltr'><strong>in</strong></span> <span class='ocrx_word' id='word_1_571' title='bbox 2554 3566 2943 3636; x_wconf 85' lang='lat' dir='ltr'><strong>disputationis</strong></span> <span class='ocrx_word' id='word_1_572' title='bbox 3005 3581 3228 3620; x_wconf 85' lang='lat' dir='ltr'><strong>arenam</strong></span> <span class='ocrx_word' id='word_1_573' title='bbox 3270 3573 3447 3633; x_wconf 81' lang='lat' dir='ltr'><strong>cogat.</strong></span> <span class='ocrx_word' id='word_1_574' title='bbox 3487 3562 3652 3618; x_wconf 81' lang='lat' dir='ltr'><strong>Mittit</strong></span> 
     </span>
    </p>
   </div>
   <div class='ocr_carea' id='block_1_84' title="bbox 2073 3653 3654 3728">
    <p class='ocr_par' dir='ltr' id='par_1_84' title="bbox 2073 3653 3654 3728">
     <span class='ocr_line' id='line_1_84' title="bbox 2073 3653 3654 3728; baseline -0.001 -19"><span class='ocrx_word' id='word_1_575' title='bbox 2073 3655 2256 3724; x_wconf 86' lang='lat' dir='ltr'><strong>itaque</strong></span> <span class='ocrx_word' id='word_1_576' title='bbox 2287 3654 2675 3728; x_wconf 85' lang='lat' dir='ltr'><strong>Theophanem</strong></span> <span class='ocrx_word' id='word_1_577' title='bbox 2741 3658 2996 3726; x_wconf 69' lang='lat' dir='ltr'><strong>Augusta:</strong></span> <span class='ocrx_word' id='word_1_578' title='bbox 3025 3657 3268 3720; x_wconf 88' lang='lat' dir='ltr'><strong>lratrem,</strong></span> <span class='ocrx_word' id='word_1_579' title='bbox 3294 3653 3654 3722; x_wconf 78' lang='lat' dir='ltr'><strong>eamdemque</strong></span> 
     </span>
    </p>
   </div>
   <div class='ocr_carea' id='block_1_85' title="bbox 2075 3745 3650 3816">
    <p class='ocr_par' dir='ltr' id='par_1_85' title="bbox 2075 3745 3650 3816">
     <span class='ocr_line' id='line_1_85' title="bbox 2075 3745 3650 3816; baseline -0.002 -16"><span class='ocrx_word' id='word_1_580' title='bbox 2075 3745 2209 3816; x_wconf 91' lang='lat' dir='ltr'><strong>regii</strong></span> <span class='ocrx_word' id='word_1_581' title='bbox 2235 3745 2386 3801; x_wconf 89' lang='lat' dir='ltr'><strong>ensis</strong></span> <span class='ocrx_word' id='word_1_582' title='bbox 2427 3747 2775 3816; x_wconf 85' lang='lat' dir='ltr'><strong>portitorem,</strong></span> <span class='ocrx_word' id='word_1_583' title='bbox 2811 3755 2868 3802; x_wconf 92' lang='lat' dir='ltr'><strong>ut</strong></span> <span class='ocrx_word' id='word_1_584' title='bbox 2902 3747 2956 3802; x_wconf 91' lang='lat' dir='ltr'><strong>in</strong></span> <span class='ocrx_word' id='word_1_585' title='bbox 3008 3745 3416 3813; x_wconf 74' lang='lat' dir='ltr'><strong>coniuratorum</strong></span> <span class='ocrx_word' id='word_1_586' title='bbox 3445 3749 3650 3800; x_wconf 67' lang='lat' dir='ltr'><strong>credent</strong></span> 
     </span>
    </p>
   </div>
   <div class='ocr_carea' id='block_1_86' title="bbox 2073 3837 3652 3910">
    <p class='ocr_par' dir='ltr' id='par_1_86' title="bbox 2073 3837 3652 3910">
     <span class='ocr_line' id='line_1_86' title="bbox 2073 3837 3652 3910; baseline -0.002 -17"><span class='ocrx_word' id='word_1_587' title='bbox 2073 3840 2396 3908; x_wconf 79' lang='lat' dir='ltr'><strong>spirantium</strong></span> <span class='ocrx_word' id='word_1_588' title='bbox 2449 3850 2776 3894; x_wconf 86' lang='lat' dir='ltr'><strong>conventum</strong></span> <span class='ocrx_word' id='word_1_589' title='bbox 2829 3838 3171 3910; x_wconf 79' lang='lat' dir='ltr'><strong>pertraheret</strong></span> <span class='ocrx_word' id='word_1_590' title='bbox 3233 3837 3539 3906; x_wconf 82' lang='lat' dir='ltr'><strong>praesulem.</strong></span> <span class='ocrx_word' id='word_1_591' title='bbox 3572 3840 3652 3891; x_wconf 83' lang='lat' dir='ltr'><strong>Ad</strong></span> 
     </span>
    </p>
   </div>
   <div class='ocr_carea' id='block_1_87' title="bbox 2073 3927 3672 3998">
    <p class='ocr_par' dir='ltr' id='par_1_87' title="bbox 2073 3927 3672 3998">
     <span class='ocr_line' id='line_1_87' title="bbox 2073 3927 3672 3998; baseline -0.001 -16"><span class='ocrx_word' id='word_1_592' title='bbox 2073 3944 2234 3998; x_wconf 88' lang='lat' dir='ltr'><strong>quem</strong></span> <span class='ocrx_word' id='word_1_593' title='bbox 2291 3929 2544 3995; x_wconf 87' lang='lat' dir='ltr'><strong>antistes,</strong></span> <span class='ocrx_word' id='word_1_594' title='bbox 2601 3929 2791 3984; x_wconf 86' lang='lat' dir='ltr'><strong>iisdem</strong></span> <span class='ocrx_word' id='word_1_595' title='bbox 2843 3929 2998 3998; x_wconf 89' lang='lat' dir='ltr'><strong>ipsis,</strong></span> <span class='ocrx_word' id='word_1_596' title='bbox 3046 3942 3168 3998; x_wconf 57' lang='lat' dir='ltr'><strong>quae</strong></span> <span class='ocrx_word' id='word_1_597' title='bbox 3227 3927 3478 3997; x_wconf 85' lang='lat' dir='ltr'><strong>superius</strong></span> <span class='ocrx_word' id='word_1_598' title='bbox 3529 3935 3672 3980; x_wconf 79' lang='lat' dir='ltr'><strong>sunt-</strong></span> 
     </span>
    </p>
   </div>
   <div class='ocr_carea' id='block_1_88' title="bbox 2073 4005 3650 4090">
    <p class='ocr_par' dir='ltr' id='par_1_88' title="bbox 2073 4005 3650 4090">
     <span class='ocr_line' id='line_1_88' title="bbox 2073 4005 3650 4090; baseline -0.003 -14"><span class='ocrx_word' id='word_1_599' title='bbox 2073 4020 2330 4086; x_wconf 88' lang='lat' dir='ltr'><strong>delibata,</strong></span> <span class='ocrx_word' id='word_1_600' title='bbox 2363 4023 2679 4076; x_wconf 85' lang='lat' dir='ltr'><strong>excusando</strong></span> <span class='ocrx_word' id='word_1_601' title='bbox 2713 4037 2776 4077; x_wconf 88' lang='lat' dir='ltr'><strong>se</strong></span> <span class='ocrx_word' id='word_1_602' title='bbox 2807 4011 2973 4089; x_wconf 80' lang='lat' dir='ltr'><strong>usus;</strong></span> <span class='ocrx_word' id='word_1_603' title='bbox 3004 4021 3069 4074; x_wconf 89' lang='lat' dir='ltr'><strong>ad</strong></span> <span class='ocrx_word' id='word_1_604' title='bbox 3127 4036 3246 4090; x_wconf 72' lang='lat' dir='ltr'><strong>qua:</strong></span> <span class='ocrx_word' id='word_1_605' title='bbox 3297 4005 3439 4074; x_wconf 87' lang='lat' dir='ltr'><strong>nunc</strong></span> <span class='ocrx_word' id='word_1_606' title='bbox 3485 4021 3650 4074; x_wconf 89' lang='lat' dir='ltr'><strong>etiam</strong></span> 
     </span>
    </p>
   </div>
   <div class='ocr_carea' id='block_1_89' title="bbox 2075 4109 3652 4181">
    <p class='ocr_par' dir='ltr' id='par_1_89' title="bbox 2075 4109 3652 4181">
     <span class='ocr_line' id='line_1_89' title="bbox 2075 4109 3652 4181; baseline -0.001 -17"><span class='ocrx_word' id='word_1_607' title='bbox 2075 4112 2298 4166; x_wconf 87' lang='lat' dir='ltr'><strong>morbus</strong></span> <span class='ocrx_word' id='word_1_608' title='bbox 2329 4111 2646 4175; x_wconf 81' lang='lat' dir='ltr'><strong>accedebat,</strong></span> <span class='ocrx_word' id='word_1_609' title='bbox 2696 4113 2915 4181; x_wconf 88' lang='lat' dir='ltr'><strong>negavit</strong></span> <span class='ocrx_word' id='word_1_610' title='bbox 2966 4109 3266 4164; x_wconf 62' lang='lat' dir='ltr'><strong>allaturum</strong></span> <span class='ocrx_word' id='word_1_611' title='bbox 3321 4125 3382 4166; x_wconf 89' lang='lat' dir='ltr'><strong>se</strong></span> <span class='ocrx_word' id='word_1_612' title='bbox 3433 4120 3490 4162; x_wconf 89' lang='lat' dir='ltr'><strong>ut</strong></span> <span class='ocrx_word' id='word_1_613' title='bbox 3529 4124 3652 4163; x_wconf 89' lang='lat' dir='ltr'><strong>cum</strong></span> 
     </span>
    </p>
   </div>
   <div class='ocr_carea' id='block_1_90' title="bbox 2072 4199 3652 4274">
    <p class='ocr_par' dir='ltr' id='par_1_90' title="bbox 2072 4199 3652 4274">
     <span class='ocr_line' id='line_1_90' title="bbox 2072 4199 3652 4274; baseline -0.003 -19"><span class='ocrx_word' id='word_1_614' title='bbox 2072 4201 2316 4274; x_wconf 85' lang='lat' dir='ltr'><strong>profanis</strong></span> <span class='ocrx_word' id='word_1_615' title='bbox 2372 4201 2740 4270; x_wconf 87' lang='lat' dir='ltr'><strong>disputatione</strong></span> <span class='ocrx_word' id='word_1_616' title='bbox 2802 4199 3190 4272; x_wconf 77' lang='lat' dir='ltr'><strong>congredimur</strong></span> <span class='ocrx_word' id='word_1_617' title='bbox 3251 4218 3264 4254; x_wconf 92' lang='lat'><strong>:</strong></span> <span class='ocrx_word' id='word_1_618' title='bbox 3321 4213 3428 4252; x_wconf 88' lang='lat' dir='ltr'><strong>non</strong></span> <span class='ocrx_word' id='word_1_619' title='bbox 3483 4199 3652 4263; x_wconf 88' lang='lat' dir='ltr'><strong>enim,</strong></span> 
     </span>
    </p>
   </div>
   <div class='ocr_carea' id='block_1_91' title="bbox 2072 4289 3654 4363">
    <p class='ocr_par' dir='ltr' id='par_1_91' title="bbox 2072 4289 3654 4363">
     <span class='ocr_line' id='line_1_91' title="bbox 2072 4289 3654 4363; baseline -0.003 -15"><span class='ocrx_word' id='word_1_620' title='bbox 2072 4293 2272 4362; x_wconf 87' lang='lat' dir='ltr'><strong>inquit,</strong></span> <span class='ocrx_word' id='word_1_621' title='bbox 2309 4303 2494 4363; x_wconf 85' lang='lat' dir='ltr'><strong>pastor</strong></span> <span class='ocrx_word' id='word_1_622' title='bbox 2521 4292 2713 4346; x_wconf 85' lang='lat' dir='ltr'><strong>ovibus</strong></span> <span class='ocrx_word' id='word_1_623' title='bbox 2737 4291 3026 4346; x_wconf 87' lang='lat' dir='ltr'><strong>destitutus</strong></span> <span class='ocrx_word' id='word_1_624' title='bbox 3073 4291 3336 4346; x_wconf 87' lang='lat' dir='ltr'><strong>adversus</strong></span> <span class='ocrx_word' id='word_1_625' title='bbox 3387 4289 3542 4360; x_wconf 89' lang='lat' dir='ltr'><strong>lupos</strong></span> <span class='ocrx_word' id='word_1_626' title='bbox 3573 4290 3654 4344; x_wconf 84' lang='lat' dir='ltr'><strong>di-</strong></span> 
     </span>
    </p>
   </div>
   <div class='ocr_carea' id='block_1_92' title="bbox 2071 4383 3652 4454">
    <p class='ocr_par' dir='ltr' id='par_1_92' title="bbox 2071 4383 3652 4454">
     <span class='ocr_line' id='line_1_92' title="bbox 2071 4383 3652 4454; baseline -0.004 -14"><span class='ocrx_word' id='word_1_627' title='bbox 2071 4385 2258 4450; x_wconf 86' lang='lat' dir='ltr'><strong>micat,</strong></span> <span class='ocrx_word' id='word_1_628' title='bbox 2291 4397 2393 4439; x_wconf 89' lang='lat' dir='ltr'><strong>nec</strong></span> <span class='ocrx_word' id='word_1_629' title='bbox 2423 4399 2578 4440; x_wconf 88' lang='lat' dir='ltr'><strong>suam</strong></span> <span class='ocrx_word' id='word_1_630' title='bbox 2628 4383 2896 4438; x_wconf 80' lang='lat' dir='ltr'><strong>duntaxat</strong></span> <span class='ocrx_word' id='word_1_631' title='bbox 2941 4384 3168 4440; x_wconf 88' lang='lat' dir='ltr'><strong>salutem</strong></span> <span class='ocrx_word' id='word_1_632' title='bbox 3220 4398 3492 4454; x_wconf 67' lang='lat' dir='ltr'><strong>quaerens,</strong></span> <span class='ocrx_word' id='word_1_633' title='bbox 3527 4397 3652 4436; x_wconf 87' lang='lat' dir='ltr'><strong>cum</strong></span> 
     </span>
    </p>
   </div>
   <div class='ocr_carea' id='block_1_93' title="bbox 2073 4475 3654 4548">
    <p class='ocr_par' dir='ltr' id='par_1_93' title="bbox 2073 4475 3654 4548">
     <span class='ocr_line' id='line_1_93' title="bbox 2073 4475 3654 4548; baseline -0.003 -16"><span class='ocrx_word' id='word_1_634' title='bbox 2073 4477 2265 4534; x_wconf 80' lang='lat' dir='ltr'><strong>bestiis</strong></span> <span class='ocrx_word' id='word_1_635' title='bbox 2335 4477 2645 4548; x_wconf 83' lang='lat' dir='ltr'><strong>depugnare</strong></span> <span class='ocrx_word' id='word_1_636' title='bbox 2699 4477 2926 4534; x_wconf 81' lang='lat' dir='ltr'><strong>festinat</strong></span> <span class='ocrx_word' id='word_1_637' title='bbox 2979 4495 2994 4532; x_wconf 89' lang='lat'><strong>:</strong></span> <span class='ocrx_word' id='word_1_638' title='bbox 3049 4477 3144 4532; x_wconf 88' lang='lat' dir='ltr'><strong>sed</strong></span> <span class='ocrx_word' id='word_1_639' title='bbox 3198 4476 3286 4532; x_wconf 90' lang='lat' dir='ltr'><strong>ubi</strong></span> <span class='ocrx_word' id='word_1_640' title='bbox 3347 4484 3466 4530; x_wconf 86' lang='lat' dir='ltr'><strong>tuto</strong></span> <span class='ocrx_word' id='word_1_641' title='bbox 3533 4475 3654 4530; x_wconf 90' lang='lat' dir='ltr'><strong>loco</strong></span> 
     </span>
    </p>
   </div>
   <div class='ocr_carea' id='block_1_94' title="bbox 2074 4567 3646 4639">
    <p class='ocr_par' dir='ltr' id='par_1_94' title="bbox 2074 4567 3646 4639">
     <span class='ocr_line' id='line_1_94' title="bbox 2074 4567 3646 4639; baseline -0.003 -16"><span class='ocrx_word' id='word_1_642' title='bbox 2074 4577 2336 4637; x_wconf 79' lang='lat' dir='ltr'><strong>extraque</strong></span> <span class='ocrx_word' id='word_1_643' title='bbox 2361 4567 2588 4638; x_wconf 89' lang='lat' dir='ltr'><strong>periculi</strong></span> <span class='ocrx_word' id='word_1_644' title='bbox 2649 4567 2823 4624; x_wconf 88' lang='lat' dir='ltr'><strong>aleam</strong></span> <span class='ocrx_word' id='word_1_645' title='bbox 2875 4569 2931 4624; x_wconf 89' lang='lat' dir='ltr'><strong>itt</strong></span> <span class='ocrx_word' id='word_1_646' title='bbox 2997 4567 3150 4623; x_wconf 87' lang='lat' dir='ltr'><strong>caula</strong></span> <span class='ocrx_word' id='word_1_647' title='bbox 3213 4583 3430 4639; x_wconf 82' lang='lat' dir='ltr'><strong>gregem</strong></span> <span class='ocrx_word' id='word_1_648' title='bbox 3487 4581 3646 4621; x_wconf 82' lang='lat' dir='ltr'><strong>suum</strong></span> 
     </span>
    </p>
   </div>
   <div class='ocr_carea' id='block_1_95' title="bbox 2072 4658 3650 4727">
    <p class='ocr_par' dir='ltr' id='par_1_95' title="bbox 2072 4658 3650 4727">
     <span class='ocr_line' id='line_1_95' title="bbox 2072 4658 3650 4727; baseline -0.002 -12"><span class='ocrx_word' id='word_1_649' title='bbox 2072 4658 2378 4726; x_wconf 87' lang='lat' dir='ltr'><strong>conclusit,</strong></span> <span class='ocrx_word' id='word_1_650' title='bbox 2431 4669 2487 4715; x_wconf 88' lang='lat' dir='ltr'><strong>et</strong></span> <span class='ocrx_word' id='word_1_651' title='bbox 2543 4660 2790 4716; x_wconf 89' lang='lat' dir='ltr'><strong>timorem</strong></span> <span class='ocrx_word' id='word_1_652' title='bbox 2846 4660 2937 4716; x_wconf 91' lang='lat' dir='ltr'><strong>ubi</strong></span> <span class='ocrx_word' id='word_1_653' title='bbox 3003 4672 3088 4716; x_wconf 82' lang='lat' dir='ltr'><strong>est</strong></span> <span class='ocrx_word' id='word_1_654' title='bbox 3147 4661 3308 4714; x_wconf 87' lang='lat' dir='ltr'><strong>timor</strong></span> <span class='ocrx_word' id='word_1_655' title='bbox 3361 4660 3516 4727; x_wconf 87' lang='lat' dir='ltr'><strong>longe</strong></span> <span class='ocrx_word' id='word_1_656' title='bbox 3563 4659 3650 4713; x_wconf 70' lang='grc' dir='ltr'><strong>(ιθ-</strong></span> 
     </span>
    </p>
   </div>
   <div class='ocr_carea' id='block_1_96' title="bbox 386 4744 1960 4822">
    <p class='ocr_par' dir='ltr' id='par_1_96' title="bbox 386 4744 1960 4820">
     <span class='ocr_line' id='line_1_96' title="bbox 386 4744 1960 4820; baseline -0.001 -21"><span class='ocrx_word' id='word_1_657' title='bbox 386 4747 480 4799; x_wconf 75' lang='grc' dir='ltr'><strong>καὶ</strong></span> <span class='ocrx_word' id='word_1_658' title='bbox 504 4747 681 4802; x_wconf 82' lang='grc' dir='ltr'><strong>ταῦτα</strong></span> <span class='ocrx_word' id='word_1_659' title='bbox 704 4749 798 4820; x_wconf 62' lang='grc' dir='ltr'><strong>βίᾳ⁸</strong></span> <span class='ocrx_word' id='word_1_660' title='bbox 822 4749 924 4820; x_wconf 84' lang='grc' dir='ltr'><strong>τῆς</strong></span> <span class='ocrx_word' id='word_1_661' title='bbox 954 4748 1185 4819; x_wconf 83' lang='grc' dir='ltr'><strong>ἀληθοῦς</strong></span> <span class='ocrx_word' id='word_1_662' title='bbox 1214 4747 1388 4819; x_wconf 80' lang='grc' dir='ltr'><strong>νομῆς</strong></span> <span class='ocrx_word' id='word_1_663' title='bbox 1411 4744 1808 4812; x_wconf 84' lang='grc' dir='ltr'><strong>ἀπελάσαντες,</strong></span> <span class='ocrx_word' id='word_1_664' title='bbox 1834 4745 1960 4818; x_wconf 72' lang='grc' dir='ltr'><strong>πρὸς</strong></span> 
     </span>
    </p>
   </div>
   <div class='ocr_carea' id='block_1_97' title="bbox 2064 4744 3652 4822">
    <p class='ocr_par' dir='ltr' id='par_1_97' title="bbox 2089 4749 3652 4822">
     <span class='ocr_line' id='line_1_97' title="bbox 2089 4749 3652 4822; baseline 0.001 -19"><span class='ocrx_word' id='word_1_665' title='bbox 2089 4750 2246 4822; x_wconf 87' lang='lat' dir='ltr'><strong>pulit,</strong></span> <span class='ocrx_word' id='word_1_666' title='bbox 2303 4751 2370 4806; x_wconf 86' lang='lat' dir='ltr'><strong>ad</strong></span> <span class='ocrx_word' id='word_1_667' title='bbox 2413 4749 2662 4820; x_wconf 90' lang='lat' dir='ltr'><strong>luporum</strong></span> <span class='ocrx_word' id='word_1_668' title='bbox 2694 4766 2754 4808; x_wconf 87' lang='lat' dir='ltr'><strong>se</strong></span> <span class='ocrx_word' id='word_1_669' title='bbox 2814 4752 3161 4808; x_wconf 84' lang='lat' dir='ltr'><strong>venationem</strong></span> <span class='ocrx_word' id='word_1_670' title='bbox 3219 4750 3476 4820; x_wconf 75' lang='lat' dir='ltr'><strong>accingit.</strong></span> <span class='ocrx_word' id='word_1_671' title='bbox 3535 4750 3652 4818; x_wconf 81' lang='lat' dir='ltr'><strong>Qua</strong></span> 
     </span>
    </p>
   </div>
   <div class='ocr_carea' id='block_1_98' title="bbox 387 4837 1974 4912">
    <p class='ocr_par' dir='ltr' id='par_1_98' title="bbox 387 4837 1974 4912">
     <span class='ocr_line' id='line_1_98' title="bbox 387 4837 1974 4912; baseline 0.001 -22"><span class='ocrx_word' id='word_1_672' title='bbox 387 4837 560 4910; x_wconf 83' lang='grc' dir='ltr'><strong>θῆρας</strong></span> <span class='ocrx_word' id='word_1_673' title='bbox 584 4842 745 4910; x_wconf 89' lang='grc' dir='ltr'><strong>μόνον</strong></span> <span class='ocrx_word' id='word_1_674' title='bbox 767 4843 915 4912; x_wconf 74' lang='grc' dir='ltr'><strong>ἡμᾶς</strong></span> <span class='ocrx_word' id='word_1_675' title='bbox 933 4841 1298 4912; x_wconf 81' lang='grc' dir='ltr'><strong>προκαλεῖσθε</strong></span> <span class='ocrx_word' id='word_1_676' title='bbox 1327 4839 1534 4903; x_wconf 79' lang='grc' dir='ltr'><strong>δεινοὺς</strong></span> <span class='ocrx_word' id='word_1_677' title='bbox 1555 4837 1936 4911; x_wconf 86' lang='grc' dir='ltr'><strong>ἀπομάχεσθαι</strong></span> <span class='ocrx_word' id='word_1_678' title='bbox 1957 4855 1974 4906; x_wconf 89' lang='lat'><strong>;</strong></span> 
     </span>
    </p>
   </div>
   <div class='ocr_carea' id='block_1_99' title="bbox 2077 4841 3654 4913">
    <p class='ocr_par' dir='ltr' id='par_1_99' title="bbox 2077 4841 3654 4913">
     <span class='ocr_line' id='line_1_99' title="bbox 2077 4841 3654 4913; baseline 0 -17"><span class='ocrx_word' id='word_1_679' title='bbox 2077 4841 2243 4913; x_wconf 88' lang='lat' dir='ltr'><strong>igitur</strong></span> <span class='ocrx_word' id='word_1_680' title='bbox 2265 4843 2502 4908; x_wconf 85' lang='lat' dir='ltr'><strong>ratione,</strong></span> <span class='ocrx_word' id='word_1_681' title='bbox 2539 4858 2661 4898; x_wconf 90' lang='lat' dir='ltr'><strong>cum</strong></span> <span class='ocrx_word' id='word_1_682' title='bbox 2693 4857 2842 4898; x_wconf 87' lang='lat' dir='ltr'><strong>meas</strong></span> <span class='ocrx_word' id='word_1_683' title='bbox 2872 4843 3000 4898; x_wconf 88' lang='lat' dir='ltr'><strong>mibi</strong></span> <span class='ocrx_word' id='word_1_684' title='bbox 3023 4858 3151 4897; x_wconf 88' lang='lat' dir='ltr'><strong>oves</strong></span> <span class='ocrx_word' id='word_1_685' title='bbox 3195 4841 3552 4909; x_wconf 80' lang='lat' dir='ltr'><strong>abstuleritis,</strong></span> <span class='ocrx_word' id='word_1_686' title='bbox 3598 4851 3654 4896; x_wconf 85' lang='lat' dir='ltr'><strong>ct</strong></span> 
     </span>
    </p>
   </div>
   <div class='ocr_carea' id='block_1_100' title="bbox 387 4927 1960 5005">
    <p class='ocr_par' dir='ltr' id='par_1_100' title="bbox 387 4927 1951 5002">
     <span class='ocr_line' id='line_1_100' title="bbox 387 4927 1951 5002; baseline -0.001 -19"><span class='ocrx_word' id='word_1_687' title='bbox 387 4929 464 4983; x_wconf 79' lang='grc' dir='ltr'><strong>Οὔ</strong></span> <span class='ocrx_word' id='word_1_688' title='bbox 509 4930 668 4996; x_wconf 82' lang='grc' dir='ltr'><strong>κλέος</strong></span> <span class='ocrx_word' id='word_1_689' title='bbox 715 4931 876 4985; x_wconf 76' lang='grc' dir='ltr'><strong>τοῦτο</strong></span> <span class='ocrx_word' id='word_1_690' title='bbox 913 4932 1282 5002; x_wconf 85' lang='grc' dir='ltr'><strong>ποιμαντικῆς</strong></span> <span class='ocrx_word' id='word_1_691' title='bbox 1307 4931 1695 5000; x_wconf 82' lang='grc' dir='ltr'><strong>κατασχέσεως</strong></span> <span class='ocrx_word' id='word_1_692' title='bbox 1723 4945 1736 4960; x_wconf 90' lang='grc'><strong>·</strong></span> <span class='ocrx_word' id='word_1_693' title='bbox 1768 4927 1884 4982; x_wconf 85' lang='grc' dir='ltr'><strong>ἀλλ’</strong></span> <span class='ocrx_word' id='word_1_694' title='bbox 1925 4943 1951 4982; x_wconf 90' lang='grc' dir='ltr'><strong>ε</strong></span> 
     </span>
    </p>
   </div>
   <div class='ocr_carea' id='block_1_101' title="bbox 2064 4927 3650 5005">
    <p class='ocr_par' dir='ltr' id='par_1_101' title="bbox 2078 4931 3650 5005">
     <span class='ocr_line' id='line_1_101' title="bbox 2078 4931 3650 5005; baseline -0.003 -17"><span class='ocrx_word' id='word_1_695' title='bbox 2078 4932 2264 5004; x_wconf 90' lang='lat' dir='ltr'><strong>procul</strong></span> <span class='ocrx_word' id='word_1_696' title='bbox 2294 4949 2321 4987; x_wconf 88' lang='lat' dir='ltr'><strong>a</strong></span> <span class='ocrx_word' id='word_1_697' title='bbox 2354 4933 2500 4989; x_wconf 88' lang='lat' dir='ltr'><strong>veris</strong></span> <span class='ocrx_word' id='word_1_698' title='bbox 2541 4933 2756 5002; x_wconf 86' lang='lat' dir='ltr'><strong>pascuis</strong></span> <span class='ocrx_word' id='word_1_699' title='bbox 2786 4933 3280 5005; x_wconf 83' lang='lat' dir='ltr'><strong>abegeritis,.tmne</strong></span> <span class='ocrx_word' id='word_1_700' title='bbox 3318 4931 3650 5004; x_wconf 82' lang='lat' dir='ltr'><strong>provocatis,</strong></span> 
     </span>
    </p>
   </div>
   <div class='ocr_carea' id='block_1_102' title="bbox 392 5019 1975 5093">
    <p class='ocr_par' dir='ltr' id='par_1_102' title="bbox 392 5019 1975 5093">
     <span class='ocr_line' id='line_1_102' title="bbox 392 5019 1975 5093; baseline 0.001 -19"><span class='ocrx_word' id='word_1_701' title='bbox 392 5020 656 5093; x_wconf 80' lang='grc' dir='ltr'><strong>βούλησθε</strong></span> <span class='ocrx_word' id='word_1_702' title='bbox 733 5023 844 5078; x_wconf 83' lang='grc' dir='ltr'><strong>τῶν</strong></span> <span class='ocrx_word' id='word_1_703' title='bbox 921 5023 1257 5092; x_wconf 86' lang='grc' dir='ltr'><strong>πλασμάτων</strong></span> <span class='ocrx_word' id='word_1_704' title='bbox 1346 5019 1504 5093; x_wconf 76' lang='grc' dir='ltr'><strong>ὑμῶν</strong></span> <span class='ocrx_word' id='word_1_705' title='bbox 1585 5019 1975 5088; x_wconf 77' lang='grc' dir='ltr'><strong>ὲπιτεύξεσθαι</strong></span> 
     </span>
    </p>
   </div>
   <div class='ocr_carea' id='block_1_103' title="bbox 391 5113 1976 5186">
    <p class='ocr_par' dir='ltr' id='par_1_103' title="bbox 391 5113 1976 5186">
     <span class='ocr_line' id='line_1_103' title="bbox 391 5113 1976 5186; baseline -0.001 -18"><span class='ocrx_word' id='word_1_706' title='bbox 391 5113 664 5184; x_wconf 84' lang='grc' dir='ltr'><strong>(πλάσμα</strong></span> <span class='ocrx_word' id='word_1_707' title='bbox 691 5115 804 5186; x_wconf 78' lang='grc' dir='ltr'><strong>γάρ</strong></span> <span class='ocrx_word' id='word_1_708' title='bbox 837 5116 906 5169; x_wconf 83' lang='grc' dir='ltr'><strong>τά</strong></span> <span class='ocrx_word' id='word_1_709' title='bbox 941 5116 1032 5184; x_wconf 81' lang='grc' dir='ltr'><strong>ὑφ’</strong></span> <span class='ocrx_word' id='word_1_710' title='bbox 1058 5115 1217 5186; x_wconf 83' lang='grc' dir='ltr'><strong>ὑμῶν</strong></span> <span class='ocrx_word' id='word_1_711' title='bbox 1257 5113 1396 5185; x_wconf 82' lang='grc' dir='ltr'><strong>πρὸς</strong></span> <span class='ocrx_word' id='word_1_712' title='bbox 1453 5113 1602 5184; x_wconf 79' lang='grc' dir='ltr'><strong>ἡμᾶς</strong></span> <span class='ocrx_word' id='word_1_713' title='bbox 1632 5113 1721 5166; x_wconf 70' lang='grc' dir='ltr'><strong>ἀεὶ</strong></span> <span class='ocrx_word' id='word_1_714' title='bbox 1753 5129 1976 5185; x_wconf 84' lang='grc' dir='ltr'><strong>προτει-</strong></span> 
     </span>
    </p>
   </div>
   <div class='ocr_carea' id='block_1_104' title="bbox 390 5203 1966 5277">
    <p class='ocr_par' dir='ltr' id='par_1_104' title="bbox 390 5203 1966 5277">
     <span class='ocr_line' id='line_1_104' title="bbox 390 5203 1966 5277; baseline 0.002 -23"><span class='ocrx_word' id='word_1_715' title='bbox 390 5203 594 5274; x_wconf 53' lang='grc' dir='ltr'><strong>νόμνα</strong></span> <span class='ocrx_word' id='word_1_716' title='bbox 617 5243 633 5270; x_wconf 92' lang='grc'><strong>,</strong></span> <span class='ocrx_word' id='word_1_717' title='bbox 675 5208 770 5259; x_wconf 74' lang='grc' dir='ltr'><strong>καὶ</strong></span> <span class='ocrx_word' id='word_1_718' title='bbox 801 5207 1058 5277; x_wconf 79' lang='grc' dir='ltr'><strong>οὐδεμιᾶς</strong></span> <span class='ocrx_word' id='word_1_719' title='bbox 1089 5205 1354 5276; x_wconf 84' lang='grc' dir='ltr'><strong>ἀληθείας</strong></span> <span class='ocrx_word' id='word_1_720' title='bbox 1395 5204 1708 5276; x_wconf 74' lang='grc' dir='ltr'><strong>ἐχόμενον),</strong></span> <span class='ocrx_word' id='word_1_721' title='bbox 1735 5205 1856 5258; x_wconf 88' lang='grc' dir='ltr'><strong>δότε</strong></span> <span class='ocrx_word' id='word_1_722' title='bbox 1898 5207 1966 5276; x_wconf 79' lang='grc' dir='ltr'><strong>τῇ</strong></span> 
     </span>
    </p>
   </div>
   <div class='ocr_carea' id='block_1_105' title="bbox 391 5293 1964 5368">
    <p class='ocr_par' dir='ltr' id='par_1_105' title="bbox 391 5293 1964 5368">
     <span class='ocr_line' id='line_1_105' title="bbox 391 5293 1964 5368; baseline 0.001 -22"><span class='ocrx_word' id='word_1_723' title='bbox 391 5293 624 5348; x_wconf 72' lang='grc' dir='ltr'><strong>ἑκάστου</strong></span> <span class='ocrx_word' id='word_1_724' title='bbox 657 5298 800 5368; x_wconf 73' lang='grc' dir='ltr'><strong>ῥοπῇ</strong></span> <span class='ocrx_word' id='word_1_725' title='bbox 829 5297 891 5349; x_wconf 77' lang='grc' dir='ltr'><strong>τὸ</strong></span> <span class='ocrx_word' id='word_1_726' title='bbox 917 5297 1187 5360; x_wconf 76' lang='grc' dir='ltr'><strong>ἑκούσιον,</strong></span> <span class='ocrx_word' id='word_1_727' title='bbox 1217 5294 1458 5364; x_wconf 84' lang='grc' dir='ltr'><strong>γενέσθω</strong></span> <span class='ocrx_word' id='word_1_728' title='bbox 1503 5297 1609 5359; x_wconf 84' lang='grc' dir='ltr'><strong>πᾶς</strong></span> <span class='ocrx_word' id='word_1_729' title='bbox 1639 5296 1738 5366; x_wconf 81' lang='grc' dir='ltr'><strong>τῆς</strong></span> <span class='ocrx_word' id='word_1_730' title='bbox 1769 5295 1964 5349; x_wconf 80' lang='grc' dir='ltr'><strong>ἑαυτοῦ</strong></span> 
     </span>
    </p>
   </div>
   <div class='ocr_carea' id='block_1_106' title="bbox 396 5381 1975 5460">
    <p class='ocr_par' dir='ltr' id='par_1_106' title="bbox 396 5381 1975 5460">
     <span class='ocr_line' id='line_1_106' title="bbox 396 5381 1975 5460; baseline 0.004 -24"><span class='ocrx_word' id='word_1_731' title='bbox 396 5381 701 5458; x_wconf 77' lang='grc' dir='ltr'><strong>βουλήσεως</strong></span> <span class='ocrx_word' id='word_1_732' title='bbox 751 5387 944 5460; x_wconf 86' lang='grc' dir='ltr'><strong>κύριος</strong></span> <span class='ocrx_word' id='word_1_733' title='bbox 967 5429 982 5454; x_wconf 91' lang='grc'><strong>,</strong></span> <span class='ocrx_word' id='word_1_734' title='bbox 1013 5388 1258 5442; x_wconf 84' lang='grc' dir='ltr'><strong>λελύσθω</strong></span> <span class='ocrx_word' id='word_1_735' title='bbox 1291 5390 1361 5444; x_wconf 81' lang='grc' dir='ltr'><strong>τὰ</strong></span> <span class='ocrx_word' id='word_1_736' title='bbox 1392 5388 1750 5459; x_wconf 85' lang='grc' dir='ltr'><strong>δεσμωτήρια</strong></span> <span class='ocrx_word' id='word_1_737' title='bbox 1771 5429 1786 5455; x_wconf 91' lang='grc'><strong>,</strong></span> <span class='ocrx_word' id='word_1_738' title='bbox 1843 5388 1975 5442; x_wconf 83' lang='grc' dir='ltr'><strong>ἀνα-</strong></span> 
     </span>
    </p>
   </div>
   <div class='ocr_carea' id='block_1_107' title="bbox 464 5543 1962 5614">
    <p class='ocr_par' dir='ltr' id='par_1_107' title="bbox 464 5543 1962 5614">
     <span class='ocr_line' id='line_1_107' title="bbox 464 5543 1962 5614; baseline 0.003 -18"><span class='ocrx_word' id='word_1_739' title='bbox 464 5543 535 5612; x_wconf 76' lang='lat' dir='ltr'><strong>(z)</strong></span> <span class='ocrx_word' id='word_1_740' title='bbox 563 5545 846 5612; x_wconf 74' lang='lat' dir='ltr'><strong>Appendix</strong></span> <span class='ocrx_word' id='word_1_741' title='bbox 863 5545 1207 5614; x_wconf 83' lang='lat' dir='ltr'><strong>Theophanis</strong></span> <span class='ocrx_word' id='word_1_742' title='bbox 1244 5564 1257 5600; x_wconf 93' lang='lat'><strong>:</strong></span> <span class='ocrx_word' id='word_1_743' title='bbox 1289 5564 1308 5598; x_wconf 80' lang='grc' dir='ltr'><strong>ι</strong></span> <span class='ocrx_word' id='word_1_744' title='bbox 1339 5544 1463 5600; x_wconf 63' lang='lat' dir='ltr'><strong>Haec</strong></span> <span class='ocrx_word' id='word_1_745' title='bbox 1489 5545 1614 5600; x_wconf 91' lang='lat' dir='ltr'><strong>dum</strong></span> <span class='ocrx_word' id='word_1_746' title='bbox 1640 5555 1962 5612; x_wconf 81' lang='lat' dir='ltr'><strong>gererentur</strong></span> 
     </span>
    </p>
   </div>
   <div class='ocr_carea' id='block_1_108' title="bbox 397 5611 1939 5684">
    <p class='ocr_par' dir='ltr' id='par_1_108' title="bbox 397 5611 1939 5684">
     <span class='ocr_line' id='line_1_108' title="bbox 397 5611 1939 5684; baseline 0.001 -17"><span class='ocrx_word' id='word_1_747' title='bbox 397 5611 448 5667; x_wconf 87' lang='lat' dir='ltr'><strong>in</strong></span> <span class='ocrx_word' id='word_1_748' title='bbox 474 5611 838 5669; x_wconf 78' lang='lat' dir='ltr'><strong>inﬁrtititatent</strong></span> <span class='ocrx_word' id='word_1_749' title='bbox 875 5611 1071 5669; x_wconf 81' lang='lat' dir='ltr'><strong>decidit</strong></span> <span class='ocrx_word' id='word_1_750' title='bbox 1099 5617 1429 5684; x_wconf 86' lang='lat' dir='ltr'><strong>patriarcha,</strong></span> <span class='ocrx_word' id='word_1_751' title='bbox 1467 5619 1601 5670; x_wconf 88' lang='lat' dir='ltr'><strong>adeo</strong></span> <span class='ocrx_word' id='word_1_752' title='bbox 1639 5611 1695 5668; x_wconf 89' lang='lat' dir='ltr'><strong>ut</strong></span> <span class='ocrx_word' id='word_1_753' title='bbox 1745 5617 1939 5670; x_wconf 82' lang='lat' dir='ltr'><strong>diebus</strong></span> 
     </span>
    </p>
   </div>
   <div class='ocr_carea' id='block_1_109' title="bbox 400 5685 1966 5758">
    <p class='ocr_par' dir='ltr' id='par_1_109' title="bbox 400 5685 1966 5758">
     <span class='ocr_line' id='line_1_109' title="bbox 400 5685 1966 5758; baseline 0.003 -20"><span class='ocrx_word' id='word_1_754' title='bbox 400 5685 579 5753; x_wconf 83' lang='lat' dir='ltr'><strong>paucis</strong></span> <span class='ocrx_word' id='word_1_755' title='bbox 620 5685 771 5742; x_wconf 64' lang='lat' dir='ltr'><strong>Salus</strong></span> <span class='ocrx_word' id='word_1_756' title='bbox 815 5685 933 5756; x_wconf 83' lang='lat' dir='ltr'><strong>ejus</strong></span> <span class='ocrx_word' id='word_1_757' title='bbox 988 5701 1016 5739; x_wconf 88' lang='lat' dir='ltr'><strong>a</strong></span> <span class='ocrx_word' id='word_1_758' title='bbox 1067 5687 1291 5743; x_wconf 84' lang='lat' dir='ltr'><strong>medicis</strong></span> <span class='ocrx_word' id='word_1_759' title='bbox 1331 5687 1758 5758; x_wconf 82' lang='lat' dir='ltr'><strong>desperaretttr:</strong></span> <span class='ocrx_word' id='word_1_760' title='bbox 1806 5688 1966 5756; x_wconf 81' lang='lat' dir='ltr'><strong>cujus</strong></span> 
     </span>
    </p>
   </div>
   <div class='ocr_carea' id='block_1_110' title="bbox 2080 5025 3651 5094">
    <p class='ocr_par' dir='ltr' id='par_1_110' title="bbox 2080 5025 3651 5094">
     <span class='ocr_line' id='line_1_110' title="bbox 2080 5025 3651 5094; baseline -0.001 -14"><span class='ocrx_word' id='word_1_761' title='bbox 2080 5034 2139 5080; x_wconf 92' lang='lat' dir='ltr'><strong>ut</strong></span> <span class='ocrx_word' id='word_1_762' title='bbox 2197 5025 2461 5080; x_wconf 80' lang='lat' dir='ltr'><strong>adversus</strong></span> <span class='ocrx_word' id='word_1_763' title='bbox 2508 5039 2606 5079; x_wconf 88' lang='lat' dir='ltr'><strong>vos</strong></span> <span class='ocrx_word' id='word_1_764' title='bbox 2653 5035 2908 5094; x_wconf 83' lang='lat' dir='ltr'><strong>tanquam</strong></span> <span class='ocrx_word' id='word_1_765' title='bbox 2961 5026 3108 5080; x_wconf 84' lang='lat' dir='ltr'><strong>diras</strong></span> <span class='ocrx_word' id='word_1_766' title='bbox 3159 5027 3360 5080; x_wconf 89' lang='lat' dir='ltr'><strong>bestias</strong></span> <span class='ocrx_word' id='word_1_767' title='bbox 3416 5036 3651 5093; x_wconf 70' lang='lat' dir='ltr'><strong>pugnam</strong></span> 
     </span>
    </p>
   </div>
   <div class='ocr_carea' id='block_1_111' title="bbox 2075 5111 3647 5188">
    <p class='ocr_par' dir='ltr' id='par_1_111' title="bbox 2075 5111 3647 5188">
     <span class='ocr_line' id='line_1_111' title="bbox 2075 5111 3647 5188; baseline -0.005 -18"><span class='ocrx_word' id='word_1_768' title='bbox 2075 5114 2249 5170; x_wconf 79' lang='lat' dir='ltr'><strong>ineant</strong></span> <span class='ocrx_word' id='word_1_769' title='bbox 2273 5115 2298 5168; x_wconf 85' lang='lat'><strong>?</strong></span> <span class='ocrx_word' id='word_1_770' title='bbox 2325 5130 2428 5167; x_wconf 91' lang='lat' dir='ltr'><strong>non</strong></span> <span class='ocrx_word' id='word_1_771' title='bbox 2461 5113 2562 5170; x_wconf 91' lang='lat' dir='ltr'><strong>hoc</strong></span> <span class='ocrx_word' id='word_1_772' title='bbox 2613 5115 2822 5170; x_wconf 88' lang='lat' dir='ltr'><strong>muneri</strong></span> <span class='ocrx_word' id='word_1_773' title='bbox 2859 5117 3111 5187; x_wconf 90' lang='lat' dir='ltr'><strong>congruit</strong></span> <span class='ocrx_word' id='word_1_774' title='bbox 3139 5115 3398 5188; x_wconf 86' lang='lat' dir='ltr'><strong>pastorali</strong></span> <span class='ocrx_word' id='word_1_775' title='bbox 3425 5133 3439 5179; x_wconf 88' lang='lat'><strong>;</strong></span> <span class='ocrx_word' id='word_1_776' title='bbox 3472 5112 3566 5166; x_wconf 85' lang='lat' dir='ltr'><strong>sed</strong></span> <span class='ocrx_word' id='word_1_777' title='bbox 3601 5111 3647 5163; x_wconf 86' lang='lat' dir='ltr'><strong>si</strong></span> 
     </span>
    </p>
   </div>
   <div class='ocr_carea' id='block_1_112' title="bbox 2089 5205 3650 5277">
    <p class='ocr_par' dir='ltr' id='par_1_112' title="bbox 2089 5205 3650 5277">
     <span class='ocr_line' id='line_1_112' title="bbox 2089 5205 3650 5277; baseline -0.003 -19"><span class='ocrx_word' id='word_1_778' title='bbox 2089 5206 2249 5260; x_wconf 89' lang='lat' dir='ltr'><strong>vultis</strong></span> <span class='ocrx_word' id='word_1_779' title='bbox 2307 5205 2606 5277; x_wconf 87' lang='lat' dir='ltr'><strong>periculum</strong></span> <span class='ocrx_word' id='word_1_780' title='bbox 2670 5207 2855 5264; x_wconf 84' lang='lat' dir='ltr'><strong>facere</strong></span> <span class='ocrx_word' id='word_1_781' title='bbox 2902 5220 3203 5266; x_wconf 87' lang='lat' dir='ltr'><strong>vestrorum</strong></span> <span class='ocrx_word' id='word_1_782' title='bbox 3271 5209 3650 5276; x_wconf 73' lang='lat' dir='ltr'><strong>ligtneutorum</strong></span> 
     </span>
    </p>
   </div>
   <div class='ocr_carea' id='block_1_113' title="bbox 2086 5295 3652 5372">
    <p class='ocr_par' dir='ltr' id='par_1_113' title="bbox 2086 5295 3652 5372">
     <span class='ocr_line' id='line_1_113' title="bbox 2086 5295 3652 5372; baseline 0.001 -24"><span class='ocrx_word' id='word_1_783' title='bbox 2086 5297 2298 5367; x_wconf 84' lang='lat' dir='ltr'><strong>(revera</strong></span> <span class='ocrx_word' id='word_1_784' title='bbox 2340 5300 2484 5352; x_wconf 88' lang='lat' dir='ltr'><strong>enim</strong></span> <span class='ocrx_word' id='word_1_785' title='bbox 2529 5301 2782 5371; x_wconf 77' lang='lat' dir='ltr'><strong>ﬁgmenta</strong></span> <span class='ocrx_word' id='word_1_786' title='bbox 2839 5310 3005 5368; x_wconf 66' lang='lat' dir='ltr'><strong>sunt,</strong></span> <span class='ocrx_word' id='word_1_787' title='bbox 3057 5311 3392 5372; x_wconf 80' lang='lat' dir='ltr'><strong>quaecunque</strong></span> <span class='ocrx_word' id='word_1_788' title='bbox 3457 5295 3510 5348; x_wconf 91' lang='lat' dir='ltr'><strong>in</strong></span> <span class='ocrx_word' id='word_1_789' title='bbox 3551 5309 3652 5349; x_wconf 90' lang='lat' dir='ltr'><strong>nos</strong></span> 
     </span>
    </p>
   </div>
   <div class='ocr_carea' id='block_1_114' title="bbox 2080 5384 3645 5464">
    <p class='ocr_par' dir='ltr' id='par_1_114' title="bbox 2080 5384 3645 5464">
     <span class='ocr_line' id='line_1_114' title="bbox 2080 5384 3645 5464; baseline -0.008 -15"><span class='ocrx_word' id='word_1_790' title='bbox 2080 5403 2300 5459; x_wconf 76' lang='lat' dir='ltr'><strong>semper</strong></span> <span class='ocrx_word' id='word_1_791' title='bbox 2355 5387 2570 5459; x_wconf 85' lang='lat' dir='ltr'><strong>objecta</strong></span> <span class='ocrx_word' id='word_1_792' title='bbox 2635 5391 2982 5464; x_wconf 88' lang='lat' dir='ltr'><strong>intorquetis,</strong></span> <span class='ocrx_word' id='word_1_793' title='bbox 3011 5403 3066 5447; x_wconf 85' lang='lat' dir='ltr'><strong>et</strong></span> <span class='ocrx_word' id='word_1_794' title='bbox 3105 5390 3264 5460; x_wconf 87' lang='lat' dir='ltr'><strong>plane</strong></span> <span class='ocrx_word' id='word_1_795' title='bbox 3290 5384 3558 5455; x_wconf 79' lang='lat' dir='ltr'><strong>ejusmodi</strong></span> <span class='ocrx_word' id='word_1_796' title='bbox 3586 5395 3645 5438; x_wconf 94' lang='lat' dir='ltr'><strong>ut</strong></span> 
     </span>
    </p>
   </div>
   <div class='ocr_carea' id='block_1_115' title="bbox 2070 5542 3649 5616">
    <p class='ocr_par' dir='ltr' id='par_1_115' title="bbox 2070 5542 3649 5616">
     <span class='ocr_line' id='line_1_115' title="bbox 2070 5542 3649 5616; baseline -0.002 -15"><span class='ocrx_word' id='word_1_797' title='bbox 2070 5547 2364 5616; x_wconf 76' lang='lat' dir='ltr'><strong>imperator</strong></span> <span class='ocrx_word' id='word_1_798' title='bbox 2393 5550 2591 5604; x_wconf 88' lang='lat' dir='ltr'><strong>certior</strong></span> <span class='ocrx_word' id='word_1_799' title='bbox 2631 5549 2805 5605; x_wconf 75' lang='lat' dir='ltr'><strong>factus</strong></span> <span class='ocrx_word' id='word_1_800' title='bbox 2833 5551 2899 5605; x_wconf 89' lang='lat' dir='ltr'><strong>de</strong></span> <span class='ocrx_word' id='word_1_801' title='bbox 2932 5550 2980 5602; x_wconf 87' lang='lat' dir='ltr'><strong>vi</strong></span> <span class='ocrx_word' id='word_1_802' title='bbox 3010 5548 3151 5602; x_wconf 79' lang='lat' dir='ltr'><strong>facta</strong></span> <span class='ocrx_word' id='word_1_803' title='bbox 3184 5542 3429 5616; x_wconf 82' lang='lat' dir='ltr'><strong>nonnihil</strong></span> <span class='ocrx_word' id='word_1_804' title='bbox 3485 5544 3649 5599; x_wconf 88' lang='lat' dir='ltr'><strong>remi-</strong></span> 
     </span>
    </p>
   </div>
   <div class='ocr_carea' id='block_1_116' title="bbox 2071 5615 3650 5700">
    <p class='ocr_par' dir='ltr' id='par_1_116' title="bbox 2071 5615 3650 5700">
     <span class='ocr_line' id='line_1_116' title="bbox 2071 5615 3650 5700; baseline 0 -28"><span class='ocrx_word' id='word_1_805' title='bbox 2071 5615 2186 5672; x_wconf 72' lang='lat' dir='ltr'><strong>sit:</strong></span> <span class='ocrx_word' id='word_1_806' title='bbox 2227 5633 2292 5672; x_wconf 91' lang='lat' dir='ltr'><strong>eo</strong></span> <span class='ocrx_word' id='word_1_807' title='bbox 2321 5629 2536 5700; x_wconf 76' lang='lat' dir='ltr'><strong>mortuo</strong></span> <span class='ocrx_word' id='word_1_808' title='bbox 2564 5632 2761 5676; x_wconf 86' lang='lat' dir='ltr'><strong>cuncta</strong></span> <span class='ocrx_word' id='word_1_809' title='bbox 2801 5634 2904 5690; x_wconf 88' lang='lat' dir='ltr'><strong>pro</strong></span> <span class='ocrx_word' id='word_1_810' title='bbox 2930 5618 3203 5674; x_wconf 84' lang='lat' dir='ltr'><strong>voluntate</strong></span> <span class='ocrx_word' id='word_1_811' title='bbox 3245 5615 3460 5674; x_wconf 75' lang='lat' dir='ltr'><strong>facilius</strong></span> <span class='ocrx_word' id='word_1_812' title='bbox 3490 5630 3650 5672; x_wconf 74' lang='lat' dir='ltr'><strong>exse-</strong></span> 
     </span>
    </p>
   </div>
   <div class='ocr_carea' id='block_1_117' title="bbox 2073 5699 2673 5758">
    <p class='ocr_par' dir='ltr' id='par_1_117' title="bbox 2073 5699 2673 5758">
     <span class='ocr_line' id='line_1_117' title="bbox 2073 5699 2673 5758; baseline 0 -16"><span class='ocrx_word' id='word_1_813' title='bbox 2073 5699 2325 5744; x_wconf 84' lang='lat' dir='ltr'><strong>culorum</strong></span> <span class='ocrx_word' id='word_1_814' title='bbox 2358 5699 2621 5758; x_wconf 78' lang='lat' dir='ltr'><strong>cogitans.</strong></span> <span class='ocrx_word' id='word_1_815' title='bbox 2654 5709 2673 5742; x_wconf 73' lang='grc' dir='ltr'><strong>ι</strong></span> 
     </span>
    </p>
   </div>
  </div>
