3938 6220
336 5289 342 5318 1

337 5407 352 5488 i

382 261 482 326 119

1363 265 1426 328 S.
1464 264 1890 328 NICEPHORI
1927 266 2434 328 PATRIARCHE
2471 268 2576 328 CI’.

3537 279 3636 343 1‘20

375 377 523 434 nulla
569 377 797 434 veritate
848 377 1444 450 nitantur)'pcrmittite
1497 388 1556 434 ut
1600 379 1831 448 quisque
1875 395 1940 434 ex

2055 381 2395 447 ζευξάτωσαν
2423 383 2472 436 oi
2505 383 2562 434 ἐν
2595 381 2782 454 ἐξορία
2810 383 2986 456 πικρᾷ
3034 381 3390 454 πιεζόμενοι,
3427 384 3635 440 ἀνακαο

376 471 546 527 animi
599 471 679 526 sui
708 471 976 527 sententia
1002 471 1229 539 teratur,
1261 486 1479 542 suaeque
1534 472 1607 527 sit
1659 469 1954 534 voluntatis

378 562 612 619 arbiter.
665 563 893 619 Pateant
936 577 1226 629 carceres;
1279 561 1619 634 postliminio
1701 563 1950 631 redeant,

294 653 298 688 ‘-
379 655 472 724 qui
500 654 650 723 gravi
693 663 1043 711 macerantur
1072 654 1297 720 exsilio;
1325 654 1644 724 aperiantur
1692 654 1800 709 alta
1855 656 1952 709 de-

378 747 524 803 !ossa
553 748 718 804 humo
740 755 920 804 vestro
951 746 1040 802 illa
1071 747 1349 812 barathro,
1375 763 1440 803 ac
1461 747 1833 817 producantur
1851 746 1951 802 viri

378 841 526 897 fame
554 840 811 903 confecti,
846 840 1088 910 factique
1138 839 1263 896 sitis
1313 839 1570 902 ludibria,
1605 839 1706 894 viri
1741 839 1950 895 scilicet

379 947 609 1003 quorum
637 946 740 986 nox
772 931 1019 1000 quotidie
1054 930 1384 986 illuminatio
1415 931 1468 984 in
1499 929 1714 986 deliciis
1737 945 1948 998 eorum,

377 1034 436 1078 ut
468 1023 668 1079 cecinit
719 1024 910 1077 beatus
935 1021 1147 1078 Psaltes
1195 1021 1280 1076 “:
1322 1029 1540 1078 cessent
1569 1020 1646 1092 (α)
1701 1024 1949 1087 verbera,

300 1168 311 1180 ,
377 1119 575 1188 quibus
608 1119 714 1172 Deo
737 1118 1041 1172 alllatorum
1069 1116 1351 1172 hominum
1419 1129 1646 1186 corpora
1669 1115 1946 1185 vapulant.

374 1213 556 1280 Atque
610 1209 752 1265 adeo
792 1209 919 1264 dutn
974 1209 1088 1264 haec
1137 1208 1294 1273 ﬁant,
1346 1208 1664 1276 cunctisque
1720 1205 1948 1262 liberum

377 1301 711 1371 permittatis
737 1299 1078 1368 suffragium,
1111 1313 1290 1368 neque
1314 1298 1588 1354 violentive
1607 1295 1946 1360 concedatis,

376 1403 438 1450 ut
461 1409 586 1450 suas
614 1402 800 1466 partes
843 1402 992 1462 agat,
1020 1402 1149 1447 tunc
1201 1391 1378 1462 palam
1429 1391 1659 1462 proditis
1692 1389 1950 1445 Ecclesia:

377 1486 628 1543 hostibus
667 1485 970 1555 ejectisque
999 1525 1014 1550 ,
1053 1485 1145 1556 qui
1173 1484 1378 1539 nullum
1427 1482 1511 1538 vel
1567 1482 1710 1539 exile
1769 1496 1950 1538 sacer-

376 1582 512 1636 dotii
565 1580 856 1650 vestigium
886 1578 1142 1643 all'erunl,
1179 1593 1244 1634 ac
1290 1577 1518 1646 proinde
1553 1574 1948 1632 ecclesiasticis

378 1671 839 1746 disputationibus
874 1671 1142 1727 interesse
1163 1687 1272 1727 non
1305 1681 1557 1742 possunt,
1582 1684 1706 1726 cum
1734 1667 1949 1725 caneris

2052 472 2310 545 λυιρθήτω
2344 473 2502 544 ὑμῶν
2535 475 2603 530 τά
2636 475 2866 544 ὑπόγεια
2915 475 3168 548 βάραθρα
3191 518 3206 543 ,
3238 479 3334 533 καὶ
3365 478 3635 549 ἀναδοθὴ-

2052 583 2232 619 τωσαν
2279 567 2328 621 oi
2379 566 2544 634 λιμοῦ
2598 570 2935 640 τραυματίαι
2984 569 3081 624 καὶ
3132 569 3298 641 δίψης
3349 572 3636 641 γενόμενοι

2054 658 2304 727 παίγνια,
2341 661 2436 716 καὶ
2464 660 2647 716 νύκτα
2672 662 2978 733 φωτισμὸν,
3002 662 3147 716 κατά
3177 663 3238 716 τὸ
3267 663 3552 735 ᾀδόμενον,
3577 667 3636 720 ἐν

2050 756 2117 825 τῇ
2163 757 2340 826 τρυφῇ
2386 755 2596 810 ἑαυτῶν
2641 753 3018 827 ἐντρυφῶντες
3059 755 3378 827 ὁσημέραι·
3425 756 3636 814 λαϐέτω

2052 844 2266 898 παῦλαν
2303 847 2336 916 ἡ
2395 845 2636 914 μάστιξ,
2670 844 2740 899 τά
2773 845 2886 900 τῶν
2939 845 3248 917 θεοφρόνων
3279 846 3635 911 ὲπιξαίνουσα

2053 933 2306 1005 σώματα.
2356 934 2446 999 Ὠς
2486 937 2534 989 εί
2579 934 2756 990 ταῦτα
2783 937 3042 1005 γένοιτο,
3091 936 3187 990 καὶ
3228 937 3306 1007 τῷ
3340 940 3502 992 παντὶ
3535 939 3635 1012 τὴν

2050 1025 2361 1098 ἐλευθερίαν
2390 1027 2751 1097 ἐγγράψοιτε,
2775 1029 2871 1082 καὶ
2896 1030 2964 1098 τῇ
2999 1027 3093 1098 βίᾳ
3137 1027 3212 1098 μὴ
3241 1027 3377 1081 δῶτε
3406 1030 3476 1084 τά
3501 1031 3633 1084 ἐαυν
3691 1059 3706 1078 ι

2049 1121 2148 1190 τῆς
2179 1118 2646 1190 διαπράττεσθαι,
2679 1119 2802 1173 τότε
2845 1119 2956 1174 τῶν
2988 1122 3087 1190 τῆς
3138 1119 3474 1190 Ἑκκλησίας
3498 1139 3635 1192 προ-

2047 1213 2224 1284 δήλων
2249 1211 2480 1286 ἐχθρῶν,
2524 1212 2622 1266 καὶ
2663 1213 2774 1266 τῶν
2809 1211 2978 1283 μηδὲν
3033 1211 3339 1282 ἱερωσύνης
3372 1213 3634 1284 ἐπιφερο-

2052 1305 2230 1377 μένων
2252 1305 2526 1375 λείψανον,
2557 1305 2651 1359 καὶ
2675 1303 2768 1359 διὰ
2790 1305 2948 1358 τοῦτο
2973 1305 3065 1358 ἐπὶ
3093 1305 3406 1375 ζητήμασιν
3432 1304 3635 1375 ἐκκλη-

2051 1398 2350 1461 σιαστικοῖς
2385 1396 2740 1467 ἐγκρίνεσθαι
2785 1396 2860 1468 μὴ
2905 1395 3248 1465 δυναμένων,
3282 1396 3635 1466 ἀπεληλαμέ-

2049 1506 2176 1553 νων,
2205 1490 2318 1552 τοῖς
2347 1489 2558 1554 λοιποῖς
2598 1490 2684 1559 (εί
2723 1488 2817 1543 καί
2843 1505 2928 1552 τις
2948 1528 2963 1551 ,
2995 1489 3133 1559 ὅπερ
3163 1488 3390 1542 ἀπέστω
3414 1527 3431 1550 ,
3459 1488 3636 1542 λελεί-

2047 1581 2247 1651 ψεται)
2290 1581 2373 1644 είς
2424 1571 2618 1648 λόγους
2670 1577 2849 1635 ἐλθεῖν
2878 1580 3028 1649 ἡμᾶς
3078 1579 3310 1642 ἑαυτοὺς
3351 1577 3631 1649 πείσομεν.

2049 1674 2123 1728 Οὐ
2155 1673 2266 1744 γάρ
2300 1672 2544 1742 ἀνιέροις
2585 1670 2748 1741 θέμις
2798 1670 2936 1740 πρὸς
2983 1670 3210 1742 ἔρευναν
3261 1669 3422 1741 ιερῶν
3467 1687 3635 1725 κατα-

377 1768 399 1837 t_
422 1768 465 1822 si
498 1767 642 1836 quis,
674 1765 816 1835 quod
847 1765 1008 1831 absit,
1041 1764 1283 1834 reliquus
1313 1763 1439 1833 erit)
1485 1761 1801 1818 conferendi
1831 1773 1950 1814 ser-

2055 1761 2323 1832 λέγεσθαι.
2361 1761 2686 1816 Είπάτωσαν
2712 1763 2822 1832 γάρ
2842 1762 2891 1814 oi
2921 1762 2991 1815 τά
3023 1761 3437 1816 Κωνσταντίνου
3468 1763 3637 1818 πάλαι

379 1856 557 1911 monis
588 1870 754 1910 causa
789 1854 1086 1910 convenire
1121 1869 1226 1908 non
1277 1852 1728 1908 detrectabimns.
1765 1847 1954 1920 Neque

378 1950 523 2004 enim
549 1949 629 2002 fas
649 1957 758 2012 est,
783 1956 843 2002 ut
871 1959 994 2002 cum
1015 1945 1258 2016 profanis
1289 1959 1635 2001 communem
1675 1943 1740 1997 ad
1794 1956 1952 1998 sacra

377 2039 729 2108 disquirenda
759 2048 1080 2094 conventuin
1128 2039 1400 2092 ineamus.
1427 2036 1621 2092 Dicant
1657 2035 1825 2100 enim,
1859 2034 1951 2103 qui

377 2131 506 2188 olim
533 2131 752 2188 silentio
777 2131 1032 2185 damnata
1067 2140 1232 2199 atque
1258 2143 1547 2199 suppressa
1600 2125 1950 2182 Constantini

377 2225 593 2282 decreta
618 2231 923 2284 sectantur,
959 2223 1082 2291 quis
1104 2235 1316 2276 sacram
1354 2220 1461 2274 illis
1492 2219 1810 2286 dignitatem
1841 2216 1949 2270 im-

377 2317 659 2388 posuerit?
705 2315 992 2371 ostendant
1041 2312 1194 2380 cujus
1248 2309 1614 2366 ordinationis
1661 2310 1734 2370 vi,
1783 2324 1946 2378 qnam

377 2412 596 2481 quidem
633 2417 932 2476 agnoscant
966 2406 1113 2475 leges
1155 2404 1560 2465 ecclesiasticae,
1591 2401 1643 2454 in
1697 2400 1951 2455 sacerdo-

377 2514 491 2556 tum
519 2501 742 2572 gradum
771 2496 1138 2552 ascenderint.
1169 2493 1302 2550 Cum
1328 2494 1512 2562 itaque
1537 2489 1949 2547 ecclesiasticus

377 2593 514 2648 ordo
547 2591 799 2659 indignos
822 2603 919 2643 eos
947 2601 1069 2642 esse
1108 2582 1482 2656 testetur,quis
1505 2597 1600 2638 eos
1627 2581 1682 2636 in
1718 2581 1949 2636 ecclesia

375 2685 524 2755 inqui
555 2680 864 2738 sustineat?
892 2678 1015 2734 Haec
1048 2679 1137 2743 iis,
1170 2676 1262 2746 qui
1312 2677 1601 2742 miserunt,
1649 2675 1897 2730 renuntia
1931 2692 1945 2731 :

376 2779 468 2850 qui
529 2777 575 2833 si
625 2775 834 2832 nostris
860 2771 1206 2828 sermonibus
1236 2769 1462 2837 obsequi
1522 2769 1827 2833 videantur,
1879 2782 1947 2822 en

377 2883 594 2940 tempus
630 2883 695 2922 ac
729 2867 909 2922 locum
959 2862 1314 2934 disputationi
1363 2875 1600 2930 congrua
1655 2861 1949 2930 praestitui-

375 2977 498 3018 mus
530 2980 544 3016 :
572 2967 626 3014 et
661 2958 876 3029 quidem
908 2969 1006 3026 par
1037 2954 1259 3010 edenda:
1287 2951 1648 3008 confessionis
1687 2951 1950 3007 habendi-

2056 1850 2389 1922 σεσιγηκότα
2416 1850 2514 1905 καὶ
2535 1849 2837 1921 κατᾴδοντα
2863 1849 3224 1920 περιέποντες
3248 1849 3519 1920 δόγματα,
3548 1851 3635 1915 τίς

2051 1944 2236 2006 αὐτοῖς
2265 1941 2423 2008 ἀξίαν
2466 1939 2810 1994 ἐπιτέθεικεν
2848 1939 3038 2010 ίεράν;
3084 1941 3148 1992 ἐκ
3197 1939 3344 2003 τίνος
3381 1942 3633 2010 ἱεροφαν-

2049 2035 2208 2106 τικῆς
2251 2032 2588 2104 χειροτονίας
2627 2023 3047 2103 γνωριζομένης
3093 2032 3210 2094 τοῖς
3241 2030 3634 2102 ἐκκλησιαστι-

2049 2129 2167 2192 κοῖς
2210 2126 2400 2197 νόμοις
2447 2124 2856 2195 κατατετάχθαι
2911 2124 3088 2194 φασὶν·
3132 2126 3214 2188 είς
3265 2124 3478 2195 βαθμὸν
3524 2125 3636 2179 τῶν

2051 2221 2515 2292 ἱερουργούντων;
2559 2219 2623 2272 El
2653 2213 2748 2271 οὗν
2779 2218 2938 2284 τάξις
2971 2218 3156 2281 αὐτοῖς
3199 2218 3637 2291 ἐκκλησιαστικὴ

2047 2312 2109 2364 τὸ
2139 2309 2384 2376 ἀναξίοις
2416 2308 2558 2363 εἶναι
2594 2308 2972 2379 μαρτύρεται,
3015 2309 3102 2372 τίς
3156 2308 3360 2372 αὐτοὺς
3405 2309 3498 2362 ἐπ’
3541 2310 3648 2364 ἐκ·

2051 2402 2280 2474 κλησίας
2337 2401 2519 2470 λέγειν
2578 2400 2872 2466 άνέξεται;
2933 2400 3118 2454 Ταῦτα
3181 2402 3297 2464 τοῖς
3359 2400 3637 2457 στείλασιν

2050 2495 2197 2565 ὑμᾶς
2229 2493 2626 2565 γνωρισθήτω,
2668 2494 2764 2547 καὶ
2801 2494 2855 2546 εί
2891 2493 3004 2556 τοῖς
3043 2493 3336 2565 ἡμετέροις
3365 2511 3640 2549 καταπει-

2051 2586 2270 2649 σθέντες
2295 2585 2516 2654 ὀφθεῖεν
2548 2585 2754 2653 λόγοις,
2791 2584 2902 2637 ἰδοὺ
2933 2584 3130 2655 καιρὸν
3159 2585 3254 2638 καὶ
3295 2585 3464 2638 τόπον
3495 2587 3635 2649 τοῖς,

2051 2678 2188 2750 πρὸς
2220 2671 2302 2741 οἷς
2331 2675 2588 2748 εύκαιρόν
2644 2677 2792 2739 ἐστι,
2841 2676 3194 2746 διαλεχθῆναι
3224 2676 3503 2746 ὁρίζομεν·
3537 2677 3638 2733 καὶ

2049 2765 2261 2837 καιρὸς,
2295 2766 2460 2838 ἡνίκα
2487 2766 2553 2820 ἂν
2574 2765 2693 2836 Θεῷ
2724 2766 2898 2834 φίλον,
2923 2766 2993 2820 τά
3023 2767 3125 2836 τῆς
3155 2767 3314 2820 νόσου
3347 2769 3478 2838 ἡμῖν
3508 2768 3640 2822 ἐπι-

2049 2859 2322 2929 λωφῆσαι,
2355 2858 2452 2913 καὶ
2477 2857 2873 2927 ὑπολειφθῆναι
2902 2861 3016 2922 τοῖς
3045 2859 3181 2924 ζῶσι
3213 2859 3288 2930 δῷ
3316 2859 3470 2926 Θεὸς,
3509 2878 3640 2916 συν·-

2047 2949 2331 3019 ομολογεῖν
2384 2948 2482 3002 καὶ
2537 2947 3044 3017 συμφθέγγεσθαι·
3106 2946 3271 3011 τόπος
3321 2949 3379 3002 δὲ
3428 2949 3492 3002 τὸ
3542 2949 3640 3004 τοῦ

375 3069 484 3126 que
511 3051 762 3123 colloquii
815 3059 1025 3118 tempus
1075 3047 1201 3110 erit,
1224 3046 1313 3100 ubi
1373 3044 1484 3100 Deo
1523 3045 1658 3100 bene
1713 3039 1948 3115 propitio

2055 3041 2194 3094 θείου
2218 3040 2377 3110 λόγου
2405 3037 2676 3110 διώνυμον
2701 3039 2950 3108 τέμενος,
2984 3040 3043 3092 ὲν
3077 3031 3122 3107 ᾧ
3153 3039 3288 3104 Θεὸς
3319 3040 3559 3111 κάθηται
3589 3044 3639 3106 ⁸,

375 3109 647 3214 tantisper
667 3109 902 3196 'morbus
927 3109 1378 3206 'interquieverit,
1402 3133 1624 3202 vitaque
1655 3109 1945 3187 illius-mu-

2055 3131 2122 3186 τά
2172 3133 2238 3202 τῇ
2291 3109 2796 3202 καθολικῇίπίστει
2848 3131 3129 3200 ἀνήκοντα
3173 3109 3647 3204 διεσμιλευμένως

376 3251 510 3296 nere
529 3230 982 3304 superstesfnerit
1003 3247 1018 3284 :
1042 3228 1193 3283 locus
1210 3241 1339 3282 vero
1361 3225 1510 3281 verbi
1536 3223 1726 3289 divini,
1743 3222 1950 3279 famosa

2054 3223 2275 3277 διαιτῶν
2305 3224 2399 3277 καὶ
2425 3221 2643 3294 τρανῶν
2672 3222 3013 3276 δικαιότατα.

377 3349 442 3388 ac
480 3329 833 3389 celeberrima
873 3322 1208 3389 basilica;in
1255 3319 1668 3391 quapraesidens
1710 3317 1870 3386 Deus,
1901 3332 2023 3388 quae
2072 3328 2323 3388 spectant
2361 3318 2428 3373 ad
2470 3317 2627 3374 [idem
2659 3317 2981 3374 catholicam
3040 3316 3298 3376 distincte
3330 3320 3649 3379 subtiliter-

375 3439 483 3498 que
511 3425 786 3485 deeernet,
816 3427 868 3472 et
890 3431 1050 3486 quam
1077 3414 1379 3484 justissime
1419 3411 1748 3484 explanabit.

447 3515 538 3570 6%.
599 3513 770 3568 Porro
823 3510 912 3564 ubi
951 3508 1170 3562 nuntius
1194 3504 1355 3560 verba
1387 3503 1523 3570 haec,
1551 3505 1690 3574 ejus,
1727 3503 1819 3572 qui
1867 3504 1950 3575 ip-

377 3623 500 3663 sum
533 3605 786 3667 miserat,
815 3601 1040 3655 auribus
1072 3597 1338 3660 insonuit,
1371 3605 1427 3650 et
1457 3596 1502 3652 is
1523 3606 1718 3652 cuncta
1740 3595 1806 3651 ad
1833 3593 1954 3650 illos

377 3697 568 3753 retulit
599 3696 687 3765 qni
734 3692 1026 3748 contrariae
1071 3698 1228 3744 erant
1258 3687 1549 3756 Opinionis,
1591 3695 1774 3742 mutos
1831 3699 1951 3740 om-

379 3790 512 3843 nino
556 3795 610 3840 et
647 3798 778 3837 voce
807 3783 1097 3836 destitutos
1143 3778 1414 3842 reddidit;
1451 3778 1713 3845 gravique
1771 3773 1954 3830 cordis

380 3879 567 3932 dolore
589 3874 790 3936 allecit,
825 3881 886 3926 ut
916 3872 1005 3940 qui
1042 3884 1266 3938 prorsus
1286 3867 1636 3936 impossibilia
1662 3867 1791 3934 ipsis
1820 3880 1949 3936 pro-

377 3959 626 4042 poneret
648 3976 701 4023 et
739 3980 859 4036 qua:
887 3971 1148 4033 praestare
1177 3959 1413 4014 nullatus
1443 3959 1710 4015 valerent.
1749 3957 1950 4024 Quam-

377 4064 565 4118 obrem
619 4058 724 4128 ipsi
776 4064 967 4112 coacto
1035 4053 1180 4107 inter
1231 4065 1290 4106 se
1348 4049 1622 4114 concilio,
1687 4049 1949 4102 adversus

377 4153 636 4211 Ecclesiae
688 4147 1058 4204 ﬁrmissimum
1109 4158 1320 4198 mnrnm
1382 4157 1564 4197 coram
1625 4141 1952 4210 imperatore

376 4247 496 4301 haec
529 4243 693 4299 verba
753 4240 1042 4310 despuunt.
1077 4235 1505 4304 Haudquaquam
1578 4233 1693 4287 ﬁeri
1755 4237 1952 4301 potest,

2132 3503 2230 3574 ξβ’.
2263 3502 2450 3558 Ταῦτα
2495 3504 2590 3557 τοῦ
2635 3502 3044 3574 άγγελιαφόρου
3076 3505 3191 3568 τοῖς
3221 3505 3324 3558 ὠσὶ
3371 3505 3468 3560 τοῦ
3501 3507 3651 3578 πέμ.

2057 3596 2260 3666 ψαντος
2311 3595 2724 3666 ἐνηχήσαντος,
2769 3597 2869 3650 καὶ
2911 3595 3079 3651 αὐτοῦ
3123 3596 3180 3650 δὲ
3223 3599 3336 3660 τοῖς
3376 3598 3658 3654 τάναντία

2059 3687 2434 3758 συμφρονοῦσι
2455 3687 2601 3742 κατά
2623 3688 2792 3758 μηδὲν
2819 3687 3259 3760 ἀποκρύψαντος,
3288 3689 3428 3761 πρὸς
3458 3690 3659 3748 πᾶσαν

2057 3780 2235 3836 αὐτῶν
2265 3779 2502 3848 ἀφασίαν
2525 3780 2624 3851 τὴν
2655 3779 2904 3849 γλῶτταν
2933 3780 3231 3852 διήγειρεν,
3257 3782 3354 3836 καὶ
3378 3783 3480 3853 τὴν
3505 3801 3659 3856 καρ-

2055 3874 2174 3928 δίαν
2202 3871 2544 3942 ἐπάλγωσεν,
2576 3873 2654 3936 ὡς
2688 3873 2818 3943 περὶ
2849 3873 3130 3928 ἀδυνάτων
3154 3874 3248 3928 καὶ
3275 3873 3352 3945 μὴ
3382 3873 3660 3946 τελεσθῆ-

2056 3980 2145 4018 ναι
2187 3963 2388 4018 ἱκανῶς
2433 3964 2668 4034 ἐχόντων
2710 3963 3044 4034 ὑπάρχοντα.
3078 3965 3242 4020 Ὅθεν
3286 3965 3422 4037 πρὸς
3453 3965 3664 4038 βουλὴν

2059 4054 2288 4118 ἑαυτοὺς
2322 4054 2798 4126 συναθροίσαντες,
2828 4054 3056 4109 τοιαῦτα
3109 4055 3186 4126 τῷ
3238 4056 3468 4126 βασιλεῖ,
3509 4058 3669 4113 κατὰ

2057 4142 2151 4196 τοῦ
2194 4143 2292 4212 τῆς
2346 4142 2673 4213 Ἐκκλησίας
2717 4142 2984 4214 προδόλου
3031 4143 3303 4212 λέγοντες,
3365 4143 3664 4201 άπέπτυον

2062 4233 2308 4304 ῥήματα.
2359 4233 2472 4287 Οὐκ
2524 4233 2642 4287 ἔστι
2691 4235 2835 4289 κατά
2873 4233 3065 4289 τοῦτον
3103 4235 3197 4288 τὸν
3245 4235 3405 4303 λόγον
3451 4237 3523 4290 τά
3578 4237 3666 4310 τῷ

379 4337 509 4392 dum
534 4349 622 4391 res
655 4334 729 4388 ita
785 4331 1140 4401 transigatur,
1169 4336 1226 4382 ut
1256 4341 1376 4396 qna:
1407 4324 1677 4394 maiestati
1703 4333 1808 4378 tua:
1836 4323 1950 4377 visa

2061 4323 2256 4395 κράτει
2306 4343 2400 4378 σου
2449 4325 2755 4396 δεδογμένα
2805 4326 2902 4382 καὶ
2949 4330 3020 4400 τῇ
3079 4327 3389 4401 ἐνδημούσῃ
3442 4331 3667 4402 συνόδῳ

380 4436 534 4490 sunt,
565 4441 630 4479 ac
664 4425 919 4493 prmsenti
954 4425 1171 4476 decreta
1206 4419 1438 4488 synodo,
1474 4431 1796 4486 prosperum
1833 4414 1950 4470 exi-

2063 4415 2363 4487 κεκριμένα
2415 4417 2592 4487 πέρας
2636 4416 2820 4470 λαϐεῖν
2865 4407 3206 4489 ἀμφιδέξιον·
3253 4421 3301 4473 εί
3342 4420 3452 4492 γάρ
3490 4420 3669 4492 εὖροι

380 4481 836 4571 ιιιηιόδιίιιθοιιι.
871 4509 929 4565 Si
989 4511 1134 4565 enim
1189 4481 1489 4576 unicuique
1539 4481 1754 4576 tempus
1801 4506 1950 4560 detur

2062 4481 2256 4575 καιρὸν
2277 4507 2310 4577 ή
2335 4481 2569 4560 ἑκάστου
2597 4509 2763 4580 ῥοπὴ,
2791 4481 2921 4563 ὅποι·
2939 4481 3244 4580 τρέπεσθαι
3272 4481 3541 4581 βούλοιτο,
3565 4481 3671 4568 καὶ

377 4621 478 4677 pro
504 4605 668 4661 animi
700 4602 967 4660 sententia
1000 4617 1058 4656 se
1075 4601 1315 4656 vertendi
1347 4615 1456 4670 quo
1483 4598 1632 4665 velit,
1659 4610 1713 4655 et
1740 4599 1829 4664 iis,
1865 4599 1950 4669 qui

2057 4597 2108 4650 οί
2127 4599 2195 4668 τῇ
2221 4597 2408 4669 ἐξορίᾳ
2429 4599 2862 4670 κατακριθέντες
2887 4601 3225 4673 ἀνακομιδῆς
3241 4603 3668 4675 ἐπιτεύξαιντο,

381 4699 579 4756 exsilio
605 4697 844 4754 damnati
873 4704 1022 4762 sunt,
1051 4694 1294 4763 obtingat
1351 4695 1658 4750 revertendi
1706 4693 1956 4756 facultas,

387 4802 444 4848 et
495 4790 732 4859 propria:
764 4789 1084 4854 voluntatis,
1117 4785 1260 4841 nulla
1303 4786 1351 4839 vi
1415 4787 1705 4849 subeunte,
1751 4786 1959 4839 arbiter

381 4881 561 4950 quivis
583 4881 698 4944 iiat,
727 4879 854 4933 nudi
890 4879 1070 4934 forsan
1103 4893 1167 4934 ac
1200 4875 1298 4932 soli
1351 4875 1722 4945 relinquemur
1757 4891 1771 4929 :
1805 4873 1952 4927 futu-

380 4991 503 5032 rum
535 4980 619 5028 est
645 4972 791 5026 enim
825 4980 882 5025 ut
934 4985 1128 5025 omnes
1151 4969 1300 5024 illum
1341 4976 1533 5038 sponte
1559 4981 1653 5022 sua
1689 4979 1956 5037 propenso

380 5073 700 5136 sequantur,
716 5071 773 5115 et
792 5075 878 5116 res
897 5067 1096 5116 nostra:
1115 5059 1262 5114 omni
1281 5059 1553 5114 destitutae
1579 5071 1679 5128 ope
1701 5055 1953 5125 iaceant;

379 5157 506 5216 ideo
537 5155 677 5227 quod
714 5167 835 5208 cum
872 5151 1190 5223 proceribus
1242 5151 1443 5206 nostris
1491 5151 1542 5205 in
1572 5149 1956 5221 disputationis

431 5310 473 5342 ¹⁶
523 5313 663 5368 Psal‘.
695 5322 955 5370 cxxxvm,
997 5307 1082 5359 Η.

2061 4688 2156 4740 καὶ
2190 4689 2298 4750 πᾶς
2327 4705 2412 4752 τις
2457 4689 2557 4760 τῆς
2584 4690 2793 4755 οἰκείας
2825 4691 3096 4763 αἱρέσεως
3115 4734 3130 4759 ,
3167 4695 3442 4765 μηδεμιᾶς
3470 4697 3671 4754 ὑπού-

2061 4797 2162 4849 σης
2200 4779 2358 4849 βίας,
2401 4781 2613 4849 γένοιτο
2660 4783 2867 4854 κύριος·
2921 4785 3064 4854 τάχα
3106 4786 3304 4856 γυμνοὶ
3350 4787 3444 4840 καὶ
3490 4789 3671 4857 μόνοι

2062 4872 2567 4946 περιλειφθείημεν.
2623 4874 2854 4947 Ἐκείνῳ
2897 4876 3006 4947 γὰρ
3038 4879 3188 4931 πᾶσα
3241 4878 3436 4949 γνώμη
3489 4881 3672 4936 ἐκου-

2065 4962 2361 5036 σιαζομένη
2393 4964 2466 5028 ὡς
2497 4965 2659 5036 τάχος
2709 4966 3000 5036 συνέψεται
3026 5005 3040 5028 ,
3093 4967 3186 5020 καὶ
3231 4967 3302 5021 τά
3329 4968 3452 5022 καθ’
3495 4971 3673 5040 ἡμᾶς

2064 5057 2248 5128 πάσης
2292 5058 2546 5132 βοηθείας
2594 5060 2752 5125 ἐκτὸς
2799 5061 3216 5133 περιστήσεται,
3261 5063 3357 5115 καὶ
3409 5061 3672 5133 μάλιστα

2062 5150 2162 5220 τὴν
2217 5152 2354 5222 πρὸς
2415 5153 2542 5219 τοὺς
2590 5155 2924 5228 προκρίτους
2978 5155 3320 5226 ἀναινομένῳ
3380 5151 3668 5223 διάλεξιν,

1642 5393 1876 5450 VARIAE
1927 5394 2330 5454 LECTIONES.

1896 5533 2128 5590 NOTE.

468 5635 543 5703 (η)
576 5627 1444 5710 Decruciatibus_et_vc_rbe_ribns
1466 5626 1528 5710 _in
1560 5641 1781 5710 carcere
1815 5626 2030 5683 inﬂictis
2059 5632 2236 5700 agitur
2271 5631 2323 5687 in
2359 5630 2477 5690 Vita
2510 5634 2570 5690 S.
2617 5633 2827 5693 Nicolai
2861 5632 3114 5705 Studitr,
3171 5650 3292 5710 cap.
3331 5637 3388 5709 ό,
3419 5637 3513 5696 ubi
3562 5659 3677 5700 va-

474 5479 500 5518 ‘
534 5477 632 5532 Ms.
666 5475 958 5530 καθιεῖται.

377 5696 565 5764 τίιιυκ
606 5703 724 5760 Vita
852 5701 1122 5762 Theodori
1159 5699 1386 5756 Studita:
1415 5696 1810 5753 adnotavimus.
