4022 6218
363 235 468 302 121

1895 264 2072 324 VITA

3528 293 3628 358 122

358 353 534 406 τοῦτο
559 351 668 424 γὰρ
712 351 773 407 ού
803 352 905 426 τὴν
945 357 1219 429 τυχοῦσαν
1250 360 1564 438 ἀνατροπὴν
1593 370 1724 441 ήμίν
1750 374 1931 444 προξε.

358 449 580 474 -..ι..-.--.
647 448 804 474 ολὶ.-
836 445 909 474 ,1-
953 453 1052 474 -3-
1089 455 1290 474 ___,,\r
1493 459 1557 474 ιιι.
1665 461 1676 474 ι
1834 464 1846 474 .

2060 391 2282 474 arenam
2303 381 2635 441 descendere
2665 398 2882 458 renuat,
2907 395 3050 461 quod
3078 410 3184 464 quo
3215 397 3424 460 facilius
3475 351 3623 474 gra—v—i

356 449 604 519 νήσειεν.
647 448 804 514 Ἀλις
832 445 928 504 οὖν
951 453 1053 522 τῆς
1085 455 1463 528 προκλήσεως·
1491 459 1593 532 ήδη
1616 461 1724 532 γάρ
1757 464 1948 536 τρίτην

356 537 599 610 ταυτηνὶ
659 541 982 613 προτροπὴν
1029 547 1385 617 πεποιήμεθα
1430 551 1568 621 πρὸς
1615 553 1825 626 αὐτὸν..
1852 557 1950 609 καὶ

359 629 627 702 αὐθαδείᾳ
654 631 979 700 πειθόμενος
1000 636 1101 689 οὐκ
1123 638 1464 711 ἀπήντηκεν.
1502 641 1666 710 Ἀλλ’,
1701 646 1750 697 εί
1779 645 1947 712 δοκεῖ,

363 722 618 793 συνοδικῇ
662 724 928 796 αύθεντίᾳ
963 727 1336 799 χρησάμενοι,
1382 731 1449 785 τὰ
1495 736 1608 796 τοῖς
1660 735 1950 790 ἀπειθοῦσι

361 808 502 880 δῆλα
528 811 616 864 διὰ
647 813 982 882 γράμματος
1013 815 1164 887 αὐτῷ
1188 821 1660 892 καταστήσαιμεν,
1700 825 1948 896 ἀπαντῆ-

365 917 462 954 σαι
513 902 612 954 καὶ
659 903 1128 974 ἀπολελογῆσθαι,
1164 908 1308 980 ὑπὲρ
1355 903 1498 983 ὧνὴ
1550 911 1770 978 σύνοδος
1823 916 1946 970 κατ’

364 991 530 1046 αὑτοῦ
564 994 914 1062 ἐγκέκληται.
947 997 1260 1068 Γράφουσιν
1286 1002 1381 1056 οὖν
1413 1021 1535 1058 τινα
1564 1008 1818 1061 ταπεινὸν
1853 1010 1951 1064 καὶ

365 1085 679 1156 χωλεύοντα
705 1088 874 1158 τόμον
903 1089 1042 1160 πρὸς
1064 1091 1159 1145 τὸν
1193 1093 1292 1162 τῆς
1329 1095 1656 1166 Ἐκκλησίας
1681 1099 1946 1173 ἀρχηγὸν,

361 1177 482 1238 τοῖς
507 1176 945 1249 ἀχειροτονήτοις
977 1184 1318 1251 παρεστάναι
1344 1185 1661 1252 κελεύοντα,
1692 1190 1787 1242 καὶ
1818 1191 1950 1261 περὶ

365 1263 482 1317 τῶν
509 1263 924 1336 βεδουλημένων
953 1269 1137 1334 αὐτοῖς
1166 1270 1562 1330 διευθύνεσθαι.
1597 1278 1692 1332 ’ον
1728 1282 1951 1350 ἐπιφορ-

363 1352 616 1416 τίσαντες
643 1355 968 1420 ἐπισκόποις
997 1360 1108 1410 τισὶ
1134 1360 1230 1416 καὶ
1263 1362 1550 1434 κληρικοῖς
1568 1404 1584 1429 ,
1615 1369 1949 1437 χειροτονίας

364 1444 502 1513 ἄτερ
540 1445 892 1515 τυγχάνουσι,
920 1448 1055 1518 πρὸς
1081 1451 1174 1505 τὸν
1201 1453 1500 1526 λαμπτῆρα
1515 1457 1616 1527 τῆς
1636 1458 1949 1530 ὀρθοδοξίας

365 1535 750 1604 ὲκπέμπουσι,
797 1538 1160 1607 συζεύξαντες
1224 1543 1410 1608 αὐτοῖς
1451 1545 1608 1618 ὄχλον
1654 1550 1946 1623 ἀγυρτώδη

365 1626 461 1678 καὶ
488 1627 748 1698 ἀγοραῖον
773 1629 867 1682 καὶ
888 1631 986 1700 τῆς
1019 1633 1201 1688 αὐτῶν
1235 1634 1519 1708 βδελυρίας
1566 1639 1810 1706 ἐπάξιον.
1856 1643 1946 1707 Ὠς

2051 483 2151 525 nos
2177 471 2374 529 damno
2402 474 2617 531 alliciat.
2636 477 2780 536 Satis
2823 496 2952 554 ergo
2976 489 3114 556 quod
3140 488 3422 557 hucusque
3465 471 3625 550 obse-

2051 565 2328 621 cravimus
2375 585 2389 620 :
2411 568 2524 636 jam
2567 571 2709 624 enim
2751 574 2911 630 tertio
2935 592 3056 632 eum
3078 579 3274 636 bortati
3294 599 3501 651 sumus,
3527 603 3625 643 nec

2051 652 2140 708 ille
2167 657 2462 712 temeritati
2498 675 2609 714 suae
2635 659 2948 731 obsecutus,
2979 677 3030 720 ut
3067 669 3171 723 sibi
3223 672 3442 727 suaderi
3475 678 3626 731 sine-

2051 749 2153 808 ret,
2183 743 2392 799 induxit
2415 747 2468 800 in
2524 749 2792 806 animum.
2829 750 3008 818 Quare
3039 756 3304 824 synodali,
3333 759 3376 813 si
3427 761 3622 827 placet,

2051 834 2378 890 auctoritate
2409 837 2516 904 usi,
2543 853 2662 906 qua:
2694 842 3070 908 pervicacibus
3093 846 3398 902 denuntiari
3425 850 3620 915 solent,

2053 923 2165 979 haec
2185 925 2233 979 ei
2260 927 2462 996 scripto
2489 939 2612 984 nota
2647 931 2947 1000 faciamus;
2973 946 3032 990 ut
3057 949 3375 1004 compareat
3405 956 3618 1012 nempe,

2051 1023 2106 1069 et
2134 1017 2199 1070 de
2227 1019 2422 1084 quibus
2451 1021 2711 1077 adversus
2744 1038 2866 1078 eum
2915 1027 3154 1095 synodus
3189 1029 3462 1095 querelam
3505 1047 3621 1085 mo-

2051 1114 2158 1170 vct,
2191 1105 2512 1163 satisfaciat.
2537 1108 2798 1167 Scribunt
2838 1127 2940 1184 ego
2979 1114 3137 1168 vilem
3191 1133 3256 1171 ac
3301 1118 3619 1173 claudican-

2053 1204 2158 1250 tem
2197 1205 2400 1252 tomum
2449 1200 2516 1253 ad
2568 1199 2825 1257 Ecclesia:
2871 1205 3178 1273 praesulem,
3203 1222 3376 1277 eoque
3427 1209 3624 1276 jubent

2051 1295 2109 1342 ut
2133 1287 2241 1342 illis
2287 1304 2348 1344 se
2385 1291 2569 1359 sistat,
2595 1294 2687 1362 qui
2727 1295 3014 1352 ordinibus
3042 1298 3237 1353 initiati
3287 1315 3394 1353 non
3429 1311 3610 1366 erant,

2049 1385 2344 1444 eteorum,
2399 1395 2518 1448 quae
2575 1382 2677 1452 ipsi
2736 1383 3046 1450 voluerunt,
3071 1386 3263 1439 reddat
3321 1387 3614 1442 rationem.

2049 1466 2205 1523 Hunc
2261 1470 2500 1526 libellum
2549 1473 2873 1541 quibusdam
2916 1477 3208 1546 episcopis,
3271 1478 3614 1548 clericisque,

2047 1559 2140 1629 qui
2173 1575 2300 1617 vere
2357 1562 2504 1617 nullo
2546 1563 2783 1619 clericali
2841 1566 3177 1634 charactere,
3208 1578 3299 1621 aut
3329 1569 3618 1637 episcopali

2049 1650 2214 1706 infula
2277 1651 2457 1707 donati
2513 1666 2719 1721 essent,
2751 1656 3176 1724 committentes,
3227 1658 3503 1712 destinant
3550 1661 3617 1712 ad

362 1716 424 1768 δὲ
466 1718 574 1786 πρὸ
603 1720 792 1772 πυλῶν
827 1722 921 1774 τοῦ
977 1724 1077 1794 τῆς
1117 1726 1534 1801 ἀρχιερωσύνης
1582 1731 1931 1804 σκηνώματος

2044 1753 2206 1798 rectas
2238 1743 2357 1798 ﬁdei
2410 1745 2802 1802 lucidissimam
2851 1745 3047 1811 facem,
3075 1763 3197 1803 cum
3252 1749 3620 1804 tumultuariae

362 1807 624 1899 ἔστησαν,
645 1812 917 1884 ἀνηνέχθη
945 1814 1024 1884 τῷ
1054 1819 1279 1890 μεγάλῳ
1304 1821 1554 1892 ἀρχιερεῖ
1580 1825 1642 1878 τὸ
1666 1825 1770 1896 τῆς
1799 1844 1942 1899 παρ-

359 1898 554 1963 ουσίας
606 1901 791 1956 αὐτῶν
836 1907 1250 1975 φορτικώτατον
1315 1913 1566 1984 μήνυμα.
1622 1915 1682 1970 '0
1735 1917 1794 1972 δὲ
1848 1898 1942 1973 καὶ

360 1989 503 2082 πρὸς
519 1991 714 2082 -αύτὴν
760 1993 859 2065 τὴν
906 1995 1016 2051 τῶν
1067 2002 1425 2072 κακοφρόνων
1474 2005 1606 2061 θέαν
1639 2009 1942 2082 ἀχθόμενος

361 2080 608 2149 (τοιοῦτο
639 2085 749 2155 γὰρ
783 2087 842 2139 αἱ
888 2088 1129 2160 καθαραὶ
1181 2093 1394 2160 φύσεις,
1420 2098 1558 2167 πρὸς
1605 2101 1718 2155 πᾶν
1760 2080 1941 2160 ότιοῦν

360 2169 658 2266 ἀλλοτρίως
686 2175 786 2246 τῆς
816 2176 1076 2248 ἀληθείας
1108 2181 1230 2253 ἔχον
1260 2169 1664 2261 ἀηδιζόμεναι),
1695 2193 1796 2246 οὐκ
1825 2189 1939 2266 εἶχε

360 2261 590 2360 γνώμης
616 2265 912 2360 αύτοίςῗείς
956 2270 1174 2341 ὁμιλίαν
1206 2275 1402 2332 ἐλθεῖν.
1446 2279 1714 2354 Ἀκουσίῳ
1740 2286 1797 2340 δὲ
1847 2261 1940 2360 βίᾳ

358 2357 702 2448 νυσσόμενος-
721 2357 827 2448 imo
852 2359 946 2414 τοῦ
979 2368 1416 2438 πεπιστευμένου
1445 2371 1544 2442 τὴν
1575 2374 1740 2429 αὐτοῦ
1773 2357 1940 2448 φρουλ-

360 2441 464 2512 ρὰν
500 2446 816 2517 πατρικίου,
852 2451 929 2521 μὴ
958 2452 1308 2525 ἀποπέμπειν
1344 2441 1566 2524 τούτους
1588 2463 1668 2526 είς
1696 2441 1937 2520 τούνπίσω

354 2535 682 2603 ἀπράκτους
707 2539 1120 2612 καταινοῢντος,
1147 2545 1246 2616 ὀψὲ
1282 2549 1376 2602 καὶ
1412 2549 1566 2618 μόλις
1619 2553 1806 2618 αὐτοῖς
1835 2555 1937 2610 ἐπ-

355 2625 546 2697 αφῆκε
575 2627 672 2698 τὴν
703 2629 928 2686 εῐσοδον.

426 2893 528 2962 εἴ.
565 2896 712 2950 Εῐσω
737 2897 795 2950 δὲ
823 2899 1174 2970 γενομένους,
1208 2903 1331 2957 οὐδὲ
1363 2905 1427 2959 τὸ
1456 2905 1557 2978 τῆς
1607 2906 1766 2962 νόσου
1806 2909 1934 2974 τοὺς

2041 1849 2105 1889 ac
2138 1826 2587 1891 circumforaneae
2639 1833 3012 1893 multitudinis
3037 1840 3218 1904 turba,
3243 1841 3616 1910 quaeipsorum

2042 1924 2324 1981 dementiae
2359 1927 2628 1996 particeps
2657 1943 2716 1984 se
2749 1929 2828 1984 eis
2879 1929 3224 1997 adiunxerat.
3281 1932 3382 1987 Ubi
3435 1945 3615 1988 autem

2041 2030 2138 2085 pro
2169 2016 2490 2087 episcopalis
2540 2020 2875 2075 tabernaculi
2936 2021 3146 2076 foribus
3210 2024 3522 2087 aStiterunt,
3563 2031 3620 2077 et

2041 2106 2308 2162 adventus
2362 2108 2576 2164 illorum
2625 2109 2952 2165 durissimus
2988 2112 3210 2166 nuntius
3260 2112 3439 2182 magni
3472 2127 3612 2180 pon-

2042 2193 2206 2250 tificis
2227 2211 2388 2252 aures
2411 2197 2664 2267 pulsavit,
2711 2213 2832 2254 cum
2883 2199 3048 2254 etiam
3101 2201 3274 2270 ipsum
3327 2199 3464 2255 male
3489 2216 3618 2254 sen-

2042 2286 2288 2341 tientium
2348 2297 2626 2356 aspectum
2697 2304 2839 2360 aegre
2899 2289 3070 2345 ferret
3129 2290 3417 2359 (ejusmodi
3468 2290 3610 2345 enim

2040 2386 2164 2434 sunt
2187 2392 2337 2449 pura:
2373 2390 2609 2446 mentes,
2638 2389 2698 2435 ut
2731 2382 2992 2452 quidquid
3037 2381 3273 2436 alienum
3318 2397 3348 2436 a
3383 2381 3617 2436 veritate

2039 2478 2143 2535 est,
2175 2470 2228 2525 id
2277 2470 2433 2541 plane
2473 2472 2758 2527 molestum
2789 2474 2860 2528 sit
2895 2488 2960 2528 ac
2997 2472 3270 2544 insuave),
3304 2475 3616 2532 decreverat

1989 2634 1992 2637 _
2038 2563 2220 2617 animo
2243 2577 2470 2632 prorsus
2505 2578 2598 2618 eos
2628 2579 2734 2618 non
2786 2565 3009 2633 alloqui.
3033 2565 3274 2635 COgente
3295 2575 3476 2620 tamen
3515 2581 3614 2635 pa-

2039 2651 2216 2718 tricio,
2250 2652 2598 2706 cuicustodia
2623 2651 2740 2721 ejus
2757 2654 3046 2708 commissa
3073 2665 3212 2718 erat,
3241 2669 3307 2707 ne
3333 2655 3413 2708 sic
3443 2655 3600 2707 missi

2038 2757 2096 2797 re
2121 2742 2316 2798 infecta
2353 2752 2780 2809 reverterentur,
2811 2759 2936 2799 sero
2953 2752 3007 2799 et
3037 2744 3126 2799 vix
3152 2744 3367 2799 tandem
3396 2745 3611 2812 ingredi

2035 2833 2156 2889 illos
2185 2836 2455 2905 permisit.

2105 2924 2195 2980 63.
2226 2923 2498 2995 Ingressis
2553 2933 2761 2991 autem,
2796 2940 2866 2981 ne
2902 2926 3076 2982 morbi
3111 2925 3330 2996 quidem
3357 2925 3610 2981 molestia

354 2987 624 3052 δειλαίους
653 2989 873 3060 κατῄδει
894 2991 1176 3060 δυσαλθὲς,
1207 2995 1343 3049 ἀλλά
1365 2999 1434 3069 τῇ
1464 2999 1747 3071 συντρόφῳ
1775 3000 1931 3055 ἀναι-

357 3078 470 3104 ΩΑ-
505 3081 838 3104 -----,ι----.--
896 3084 961 3104 ,1.
996 3084 1059 3104 ,κ-
1101 3086 1188 3104 μ,
1307 3087 1321 3104 .
1406 3089 1420 3104 ,
1568 3090 1582 3104 .

2038 3016 2255 3072 miseris
2284 2987 2632 3072 liomunculis
2657 2987 2920 3088 pudorem
2977 2987 3193 3087 injecit;
3231 3018 3360 3087 quin
3417 3018 3610 3074 inolita
3672 3059 3696 3085 ο

355 3078 475 3149 δεία
505 3081 864 3151 χρησάμενοι,
894 3084 963 3136 τά
991 3084 1070 3156 τῷ
1093 3086 1283 3157 ἀτόμῳ
1304 3087 1499 3159 ἐκείνῳ
1523 3090 1676 3161 τόμῳ
1701 3107 1936 3163 κεχαρα-

358 3171 535 3243 γμένα
554 3176 836 3243 τραγικῶς
862 3177 1038 3231 εἰπεῖν
1066 3179 1454 3251 ὑπεκρίναντο.
1495 3183 1654 3237 Κατὰ
1682 3185 1800 3250 σοῦ,
1833 3203 1938 3255 φη-

357 3265 463 3329 σὶν,
493 3263 772 3330 λιϐέλλους
801 3267 850 3339 ή.
868 3267 1085 3333 σύνοδος
1120 3270 1414 3344 δεξαμένη,
1454 3273 1593 3344 πρὸς
1623 3274 1780 3330 λύσιν
1807 3277 1936 3330 τού-

354 3369 496 3418 των,
553 3356 737 3426 πάσης
786 3358 946 3422 ὲκτδς
1007 3359 1378 3431 ἀμφιλογίας,
1435 3364 1777 3435 παρέσεσθαι
1837 3368 1935 3422 καὶ

353 3444 739 3514 ἀπολογεῖσθαι
773 3450 987 3519 τρανῶς
1019 3450 1361 3513 ἐδικαίωσεν.
1405 3455 1579 3527 Πρινὴ
1622 3456 1716 3510 οὖν
1756 3459 1789 3527 ἠ
1832 3458 1935 3528 τῆς

353 3535 685 3604 ἀποφάσεως
733 3539 1004 3612 αύστηρία
1045 3543 1280 3599 διαϐᾶσα
1317 3546 1690 3619 καθαιρέσεως
1738 3551 1933 3621 ἐγκλή-

353 3644 524 3699 μασιν
554 3631 902 3700 ὑποὸάλοιτε,
946 3635 1086 3706 πρὸς
1117 3638 1178 3691 τὸ
1207 3641 1274 3710 τῇ
1310 3640 1515 3711 συνόδῳ
1545 3642 1640 3695 καὶ
1665 3642 1746 3713 τῷ
1771 3643 1929 3714 βασι-

347 3717 436 3772 λεῖ
484 3721 676 3775 δοκοῦν
731 3724 1052 3792 μετατίθεσο
1094 3729 1386 3800 φρόνημα,
1440 3732 1931 3806 συμφθεγξάμενος

344 3810 488 3879 ἡμῖν
505 3812 601 3866 καὶ
629 3814 1097 3888 όμογνωμονήσας
1125 3821 1257 3892 περὶ
1280 3823 1381 3894 τῆς
1401 3822 1512 3878 τῶν
1543 3826 1769 3882 εἰκόνων
1790 3829 1928 3883 ἀπο-

344 3903 562 3974 τροπῆς
583 3922 646 3958 τε
667 3906 764 3960 καὶ
795 3908 1182 3981 ἀπαρνήσεωςο
1207 3912 1352 3968 οὕτω
1385 3917 1494 3987 γὰρ
1523 3917 1678 3972 ἔσται
1698 3920 1790 3975 τὸν
1817 3921 1928 3974 τῶν

345 3991 608 4046 λισέλλων
647 3995 1184 4068 ἀποδιαπομπεῖσθαι
1224 4001 1451 4075 μῶμον⁹
1490 4007 1523 4078 ἢ
1571 4009 1632 4071 ές
1672 4009 1926 4064 πλεῖστον

342 4083 780 4155 ἀπαναινόμενον
814 4090 909 4143 καὶ
947 4092 1439 4165 ἑτεροφρονοῢντα,
1481 4099 1582 4170 τῆς
1620 4100 1729 4155 τῶν
1754 4103 1924 4171 ἐγκα-

342 4176 586 4266 λούντων
614 4179 799 4252 ἔνοχον
825 4180 965 4239 εἶναι
994 4188 1185 4257 σαφῶς
1214 4191 1578 4264 ἐπικλήσεως,
1609 4195 1677 4266 ἣν
1703 4198 1803 4251 οὐκ
1831 4199 1925 4254 ἀλ-

341 4265 460 4332 λως
488 4270 888 4343 ἀποτρίψασθαι
916 4276 1165 4345 δυνατὸν,
1193 4281 1268 4352 μὴ
1299 4283 1423 4354 οὐχὶ
1453 4285 1594 4340 κατά
1626 4265 1923 4357 πρόσωπον

2036 3105 2384 3176 improbitate
2444 3106 2552 3172 usi,
2619 3121 2739 3176 quae
2813 3105 3000 3162 infami
3035 3106 3126 3162 illo
3183 3116 3330 3162 tomo
3385 3115 3608 3162 exarata

2034 3208 2212 3264 erant,
2244 3214 2368 3254 cum
2421 3199 2654 3268 quadam
2700 3198 3192 3254 commiserationis
3221 3197 3405 3268 specie
3447 3197 3600 3264 loqui

2034 3305 2093 3346 se
2133 3289 2422 3360 ﬁngerent,
2455 3289 2730 3360 Acceptis,
2758 3288 2928 3356 aiunt,
2963 3291 3222 3344 adversus
3272 3297 3324 3342 te
3379 3285 3604 3350 libellis,

2033 3381 2296 3451 synodus,
2332 3391 2392 3435 ut
2415 3380 2626 3448 objecta
2651 3380 2942 3444 dissolvas,
2976 3380 3122 3436 omni
3152 3379 3606 3450 tergiversatione

2032 3481 2238 3528 semeta
2271 3473 2465 3528 adesse
2492 3481 2544 3526 te
2565 3481 2621 3528 et
2659 3474 2807 3528 clare
2855 3473 3183 3542 respondere
3221 3469 3396 3540 jubet.
3454 3469 3603 3536 Qua-

2031 3570 2252 3634 propter
2280 3565 2597 3634 priusquam
2627 3563 3098 3619 condemnatiouis
3131 3561 3396 3616 districtio
3436 3560 3603 3627 depo-

2031 3655 2244 3712 sitionis
2265 3666 2316 3710 te
2343 3671 2518 3726 paenae
2539 3655 2814 3725 subjiciat,
2836 3664 2982 3709 tuam
3009 3669 3038 3709 e
3071 3651 3283 3725 synodi,
3305 3660 3470 3720 atque
3498 3651 3603 3705 im-

2028 3746 2300 3817 peratoris
2333 3726 2603 3801 sententia
2654 3744 2986 3800 sententiam
3023 3753 3192 3808 muta,
3225 3749 3284 3796 ut
3321 3741 3460 3796 idem
3504 3753 3601 3795 no-

2029 3839 2233 3894 biscum
2264 3838 2466 3894 sentias
2515 3845 2676 3906 atque
2701 3837 2934 3901 doceas;
2963 3835 3287 3890 evertendas
3343 3834 3599 3888 nimirum

2027 3945 2148 3987 esse
2179 3931 2440 4001 imagines
2473 3938 2526 3984 et
2562 3929 2874 3995 simulacra,
2913 3943 3213 3998 earumque
3262 3943 3419 4009 usum
3466 3925 3600 3980 abo-

2027 4022 2242 4077 lendum
2278 4039 2292 4075 :
2321 4021 2402 4075 sic
2428 4035 2661 4090 namque
2685 4020 2991 4088 impositum
3015 4035 3112 4089 per
3147 4019 3356 4074 libellos
3391 4020 3598 4073 crimen

2026 4114 2208 4170 licebit
2244 4111 2535 4183 depellere.
2596 4111 2690 4166 Sin
2748 4121 2926 4166 autem
2978 4111 3374 4167 contentiosius
3413 4110 3599 4163 renuis

2024 4204 2293 4261 contraria
2319 4203 2598 4268 sentiens,
2637 4202 3009 4256 accusantium
3029 4201 3378 4271 appellationi
3412 4200 3592 4268 palam
3679 4209 3683 4213 '

2023 4295 2135 4352 eris
2156 4293 2442 4357 obnoxius,
2471 4307 2634 4364 quam
2653 4292 2770 4347 lteri
2835 4292 3024 4362 nequit
3051 4300 3112 4346 ut
3140 4289 3438 4352 amoliaris,
3480 4288 3588 4342 nisi

343 4360 562 4432 στῆναι,
600 4366 692 4419 καὶ
722 4368 851 4438 περὶ
885 4361 928 4436 ᾧ
957 4372 1006 4424 οί
1043 4371 1256 4445 ἔλεγχοι
1295 4375 1693 4435 διευθύνεσθαι.
1735 4382 1920 4436 Ταῦτα

2032 4397 2078 4444 te
2103 4401 2288 4444 coram
2311 4360 2506 4453 sistas,
2529 4399 2594 4440 ac
2638 4385 2705 4440 de
2729 4360 2954 4452 objectis
2978 4382 3260 4451 iudiceris.
3302 4371 3428 4434 Haec
3480 4377 3592 4447 lupi

338 4455 392 4506 οί
423 4454 544 4507 ἀντί⁵
591 4458 868 4528 ποιμένων
909 4461 1064 4516 λύκοι
1096 4465 1176 4534 τῷ
1205 4465 1558 4540 ἀρχιποίμενι
1604 4470 1673 4525 τά
1716 4473 1921 4544 παλίμ-

338 4561 501 4614 φημα
540 4549 1083 4623 παραφθεγξάμενοι,
1120 4556 1215 4610 καὶ
1251 4557 1344 4610 ὑπ’
1369 4557 1558 4614 ὀδόντα
1588 4579 1706 4626 πως
1739 4564 1918 4634 διαψι-

337 4634 664 4726 θυρίσαντες
716 4641 944 4711 παίγνια
997 4645 1110 4718 (ού
1162 4648 1274 4721 γάρ
1330 4649 1548 4706 ἔσθενον
1599 4653 1794 4726 ἐκείνῳ
1839 4652 1918 4725 τῷ

334 4723 714 4802 καθαρωτάτῳ
751 4731 834 4784 νοῒ
862 4735 1002 4804 μετὰ
1031 4737 1347 4808 παρρησίας
1375 4740 1647 4795 ἀντωπεῖν
1681 4741 1714 4812 ἢ
1743 4723 1915 4814 προσέ

334 4815 738 4892 φθέγγεσθαι),
769 4827 894 4896 σιγῇ
945 4826 1004 4879 τὸ
1046 4827 1147 4896 τῆς
1191 4831 1465 4902 ἐντροπῆς
1506 4832 1915 4903 ὲγκαλύψαντες

328 4903 544 4982 αἶσχος,
576 4913 677 4984 τήν
699 4913 1041 4991 βεϐυσμένην
1061 4919 1298 4994 ἔστησαν
1326 4925 1507 4979 αὐτῶν
1531 4925 1725 4996 ἀκοὴν,
1767 4928 1913 4998 ίμει-

333 5002 576 5072 ρόμενοι,
623 5007 720 5060 καὶ
763 5009 812 5061 εί
843 5009 1130 5082 δυσμενεῖς
1174 5016 1516 5086 τυγχάνοιεν,
1558 5016 1913 5084 είσδέξασθαι

325 5089 396 5145 τδ
420 5097 573 5168 παρά
598 5097 699 5167 τῆς
735 5101 948 5155 ἐκείνου
996 5104 1245 5176 γλώττης
1281 5108 1514 5178 ήδυεπὲς
1552 5110 1907 5183 ἐπιφώνημα.

403 5188 496 5256 ξδ’.
541 5190 601 5245 '0
635 5192 725 5258 δὲ,
761 5195 940 5248 καίτοι
971 5199 1037 5269 τῇ
1068 5198 1208 5270 νόσῳ
1237 5201 1593 5272 τρυχόμενος,
1627 5203 1767 5274 πρὸς
1806 5207 1908 5259 αύ-

326 5281 456 5342 τοὺς
487 5280 841 5349 ὑποφθάσας,
872 5285 1055 5353 ἔλεξεν
1080 5280 1202 5342 ὦδε·
1236 5290 1333 5354 Τίς
1366 5285 1519 5357 οὗτος
1559 5294 1587 5345 ό
1626 5293 1906 5358 λιϐέλλους

330 5371 461 5441 ἡμῖν
491 5374 754 5443 ἐπισείων
789 5378 885 5430 καὶ
926 5378 1026 5442 τὰς
1053 5379 1178 5433 καθ’
1210 5382 1369 5452 ήμῶν
1400 5383 1708 5452 ὲναγωγάς,
1734 5388 1905 5441 εἰσδε-

331 5463 596 5548 χόμενος
664 5467 836 5533 Ποίας
893 5474 1298 5545 πατριαρχικῆς
1352 5475 1617 5548 καθέδρας
1681 5476 1901 5548 εύχεται

332 5545 473 5608 εἶναι
512 5555 808 5630 πρόεδρος;
842 5561 1007 5626 Ποίας
1040 5565 1406 5637 ποιμαντικῆς
1439 5545 1718 5638 φροντίδος
1746 5545 1902 5623 έπει-

328 5639 605 5716 λημμένος
649 5655 961 5717 κανονικαῖς
987 5655 1198 5726 ὲνοχαῖς
1229 5658 1374 5730 ἡμᾶς
1400 5659 1770 5733 ὑποϐέϐληκεν
1793 5679 1806 5729 ;
1832 5663 1896 5719 El

2020 4489 2296 4551 pastorum
2326 4479 2534 4543 habitu,
2565 4487 2845 4547 pastorum
2883 4474 3113 4546 principi
3144 4471 3463 4529 inconcinne
3508 4470 3595 4525 lo-

2019 4571 2154 4638 cuti,
2186 4580 2241 4626 et
2268 4571 2471 4624 ludicra
2495 4571 2751 4639 quaedam
2799 4568 3053 4624 dentibus
3080 4573 3429 4620 susurrantes
3459 4563 3591 4634 (non

2017 4663 2162 4719 enim
2195 4669 2444 4732 poterant
2491 4662 2794 4731 purissimas
2841 4661 2916 4716 illi
2944 4659 3112 4714 menti
3149 4673 3214 4713 ex
3270 4658 3498 4711 adverso
3522 4654 3592 4708 li-

2014 4751 2163 4807 beris
2213 4750 2386 4807 oculis
2441 4750 2634 4816 obniti,
2689 4759 2781 4804 aut
2811 4750 2862 4804 ei
2911 4748 3088 4819 palam
3152 4744 3320 4817 loqui)
3369 4744 3589 4800 silentio

2015 4842 2341 4914 obtegebant
2366 4857 2478 4899 sua:
2524 4840 2862 4898 confusionis
2890 4841 3171 4909 probrum,
3202 4849 3257 4894 et
3307 4839 3590 4894 obturatas

2014 4934 2364 4990 continebant
2419 4949 2624 4999 aures;
2655 4933 2760 4988 etsi
2808 4932 3010 5002 alioqui
3037 4931 3435 4986 infensissimos
3468 4929 3590 4983 illos

2012 5025 2278 5082 mellilluas
2319 5025 2514 5094 linguae
2568 5025 2710 5079 illius
2775 5039 3033 5094 responsa
3086 5022 3338 5078 audiendi
3388 5021 3585 5090 cupido

2012 5117 2348 5173 incessisset.

2080 5208 2168 5263 64.
2200 5207 2271 5261 At
2308 5214 2566 5268 sanctus,
2605 5220 2916 5276 quanquam
2971 5203 3308 5274 egritudinis
3349 5201 3399 5255 vi
3423 5208 3581 5254 ειη-ι·

2008 5307 2116 5360 tus,
2153 5298 2364 5367 objecta
2413 5298 2702 5365 occupavit
2730 5307 2786 5353 et
2815 5298 2867 5352 iu
2910 5299 3053 5352 hunc
3098 5297 3214 5351 fere
3243 5295 3460 5349 modum
3490 5307 3580 5346 ar-

2005 5394 2120 5464 guit
2158 5410 2171 5446 :
2214 5388 2473 5456 Quisnam
2522 5404 2652 5444 vero
2685 5399 2767 5445 est
2799 5391 2898 5459 qui
2941 5389 3099 5445 nobis
3131 5386 3345 5441 libellos
3401 5384 3583 5438 inten-

2005 5484 2137 5538 dens
2195 5481 2397 5537 actoris
2452 5481 2504 5535 in
2567 5499 2667 5537 nos
2728 5491 2912 5551 partes
2972 5477 3238 5547 suscipit?
3281 5475 3577 5545 Cuiusnam

2003 5570 2279 5633 Ecclesia,
2305 5585 2424 5640 qua:
2453 5571 2799 5642 patriarcbali
2833 5568 3091 5639 dignitate
3116 5566 3336 5635 fulgeat,
3366 5581 3576 5636 praesn-

2003 5663 2105 5720 lem
2165 5680 2224 5720 se
2299 5677 2420 5721 esse
2476 5665 2777 5736 gloriatur?
2833 5662 2947 5727 Qua
3009 5669 3259 5730 suscepta
3317 5659 3580 5731 pastorali
