4022 6218
395 301 497 366 123

1389 300 1454 364 S.
1489 293 1913 358 NICEPHORI
1949 289 2461 352 PATRIARCHJE
2499 289 2613 352 GP.

3567 281 3672 348 124

389 426 545 476 cura,
583 407 860 475 canonicis
885 421 988 463 nos
1027 407 1205 478 poenis
1243 405 1578 474 subjiciHSi
1625 405 1674 460 is
1711 402 1968 472 appellet,

2082 399 2226 470 ὁτῆς
2247 399 2627 470 πρεσϐυτέρας
2669 395 2890 469 Ῥώμης
2925 389 3310 467 πηδαλιουχῶν
3339 393 3507 459 ὁσίως
3540 396 3671 460 τοὺς

389 503 483 574 qui
509 500 746 556 senioris
778 499 966 556 Roma
991 499 1360 572 gubernacula
1409 503 1603 552 sancte
1637 494 1973 559 moderatur,

389 603 588 666 praesto
612 593 830 662 sum;si
875 593 1278 648 Alexandrinus
1311 591 1543 647 antistes
1590 588 1754 644 Marci
1805 601 1975 644 evan-

389 687 602 756 gelistae
643 701 926 742 successor
967 695 1214 748 accuset,
1280 683 1408 752 quin
1456 691 1706 753 prompte
1751 693 1972 751 sequar,

390 779 526 834 nihil
582 779 873 844 detrecto;
919 777 964 831 si
1029 775 1398 830 Antiochenus
1456 789 1612 828 sacer
1665 783 1860 844 pastor
1919 773 1975 827 in

385 869 652 938 judicium
701 867 888 934 trahit,
913 866 1286 920 vadimonium
1325 880 1431 919 non
1471 864 1766 930 ἀσθενοςεί
1825 863 1978 918 deni-

390 975 518 1028 quo,
568 959 658 1028 qni
701 957 1205 1029 Hierosolymorum
1243 945 1429 1012 sedem
1473 956 1862 1020 administrat,
1908 954 1978 1010 ad

384 1049 475 1114 jus
521 1050 807 1103 dicendum
849 1050 1044 1104 adesse
1090 1049 1356 1119 praecipit,
1391 1062 1572 1102 causae
1607 1062 1743 1102 mete
1787 1047 1978 1104 deesse

391 1153 499 1192 non
529 1138 776 1192 videbor.
805 1137 900 1193 Sin
919 1148 1100 1194 autem
1132 1138 1240 1207 lupi
1269 1139 1558 1202 immanes,
1593 1149 1826 1208 quorum
1855 1138 1974 1191 anl-

390 1229 494 1284 mis
548 1231 900 1285 constitutum
962 1231 1036 1286 sit
1097 1229 1319 1285 turbare
1366 1243 1586 1298 gregem
1663 1227 1765 1284 sub
1817 1227 1978 1282 ovlna

390 1321 530 1390 pelle
555 1329 613 1373 et
644 1335 743 1375 suo
789 1321 1052 1374 insultare
1092 1319 1322 1388 pastori,
1349 1321 1471 1388 quis
1507 1320 1560 1373 in
1619 1326 1968 1386 conspectum

389 1411 550 1463 etiam
580 1411 790 1464 illorum
814 1409 1000 1465 venire
1022 1412 1285 1466 sustineat
1303 1409 1537 1480 ?quibus
1569 1409 1731 1465 etiam
1759 1408 1974 1462 divinus

385 1502 677 1587 Apostolus
705 1517 866 1571 grave
907 1501 1090 1572 judicii
1136 1503 1343 1571 pondus
1387 1501 1708 1574 portandum
1757 1499 1978 1587 indixit.

387 1585 650 1644 caeterum
678 1590 862 1660 llngite
889 1603 998 1657 me,
1014 1587 1166 1656 juxta
1191 1604 1254 1644 ea
1281 1603 1401 1658 qua!
1425 1587 1699 1658 nugamini
1729 1585 1984 1656 nulloque

388 1695 548 1734 sensu
582 1681 998 1737 deblateratisin
1025 1681 1365 1750 imperatoris
1401 1689 1741 1752 vestramque
1769 1687 1984 1734 senten-

2075 490 2272 556 οῐακας
2305 490 2586 557 ἐπικαλεῖ,
2621 487 2981 560 παρέσομαι*
3019 489 3070 542 εί
3100 489 3130 540 6
3163 488 3268 558 τῆς
3313 487 3670 560 Ἀλεξάνδρου
3760 486 3766 492 ’

2078 581 2370 656 ίεροκήρυξ
2401 582 2713 637 ἐπαιτιᾶται
2739 620 2754 644 ,
2785 579 2887 634 οὑκ
2917 576 3233 650 ἀπειθήσας
3273 579 3548 650 ἐφέψομαι
3568 594 3583 611 ’
3616 581 3671 634 εί

2075 677 2105 730 6
2135 675 2237 745 τῆς
2281 674 2554 745 Ἀντιόχου
2587 673 2908 746 ίεροποίμην
2941 673 3093 727 ἕλκει
3135 672 3274 742 πρὸς
3313 673 3534 745 κρίσιν,
3567 672 3669 727 οὐκ

2077 765 2556 838 ἀπολειφθήσομαι
2577 781 2591 796 ·
2626 767 2676 818 εί
2703 768 2732 819 6
2757 766 2824 818 τὰ
2849 763 3203 836 Ἱεροσόλυμα
3233 761 3436 818 διέπων
3467 765 3548 827 είς
3577 763 3670 817 εὖ·

2079 861 2246 932 θὺνην
2277 863 2430 933 ἡμᾶς
2468 859 2810 930 καταστῆναι
2840 857 3271 930 προσκέκληται,
3303 857 3404 911 οὑκ
3441 857 3668 913 ἀπολεί-

2077 953 2274 1025 ψομαι.
2301 953 2364 1006 Ei
2396 952 2454 1006 δέ
2497 970 2562 1022 γε
2608 952 2764 1006 λύκοι
2811 949 3000 1022 βαρεῖς
3034 951 3134 1021 τὴν
3160 949 3398 1020 ποίμνην
3429 949 3672 1019 ταράξαι

2081 1044 2407 1115 προθέμενοι
2439 1044 2730 1114 προϐάτων
2751 1043 2918 1115 δορὰν
2945 1041 3358 1112 ὑποκρίνονται,
3399 1043 3496 1096 καί⁵
3525 1042 3671 1096 κατὰ

2077 1136 2174 1190 τοῦ
2225 1136 2490 1207 Ποιμένος
2530 1135 2849 1206 ὑϐρίζουσι,
2881 1133 2966 1198 τίς
3007 1133 3196 1196 αὐτοῖς
3237 1133 3338 1186 καὶ
3388 1133 3552 1203 μόνον
3589 1134 3671 1196 είς

2081 1227 2210 1282 θέαν
2249 1227 2421 1282 ἐλθεῖν
2463 1225 2870 1290 κατανεύσειεν,
2898 1223 2982 1290 οἷς
3017 1226 3114 1279 καὶ
3166 1225 3196 1278 6
3227 1225 3374 1288 θεῖος
3411 1223 3671 1278 ’Δπόστο-

2079 1320 2170 1385 λος
2197 1318 2370 1373 τὸτοῦ
2401 1319 2670 1391 κρίματος
2699 1317 3058 1388 ἐπεφόρτισεν
3086 1317 3251 1389 ἄχθος
3275 1315 3424 1387 (Ξθ);
3450 1315 3590 1370 Ἀλλ’
3621 1318 3670 1370 εί

2087 1411 2205 1476 καὶ,
2245 1409 2392 1476 κατά
2423 1410 2515 1466 τὸν
2545 1409 2811 1480 ὑμέτερον
2839 1408 3142 1480 φλήναφον,
3172 1405 3252 1476 τῷ
3267 1406 3378 1460 τῶν
3405 1404 3672 1478 κρατούν-

2089 1519 2199 1557 των
2236 1503 2330 1556 καὶ
2364 1499 2520 1575 ὑμῶν
2546 1499 2982 1573 προστεθείημεν
3009 1499 3262 1570 δόγματι,
3287 1499 3381 1553 τὸν
3403 1497 3518 1552 τῶν
3545 1497 3670 1552 καθ’

2081 1596 2242 1669 ἡμῶν
2269 1595 2530 1651 λιϐέλλων
2556 1596 2749 1668 μῶμον
2773 1591 3224 1666 ἀποτριψαίμεθα
3247 1607 3260 1624 ·
3293 1593 3388 1647 καὶ
3415 1591 3547 1646 ποία
3574 1591 3672 1645 τά·

2086 1685 2168 1752 ξις
2193 1687 2324 1759 ἡμῖν
2343 1685 2508 1740 ἀπονε
2519 1685 2846 1757 μηθήσεται,
2873 1682 3198 1746 ὑπευθύνοις
3212 1681 3388 1746 οὖσιν,
3405 1681 3482 1746 ὥς
3503 1698 3666 1752 φατε,

389 1772 520 1825 tiam
558 1772 804 1828 manibus
833 1771 1162 1842 pedibusque
1190 1771 1484 1826 concedere
1507 1784 1658 1840 :quae
1684 1769 1822 1822 ratio
1861 1775 1943 1822 est
1963 1806 1979 1832 ,

2102 1771 2199 1826 ml.
2255 1773 2560 1835 κανονικοῖς
2603 1771 2901 1826 ἐαλωκόσιν
2951 1771 3294 1842 ἐγκλήμασις
3349 1770 3445 1830 Τίς
3498 1765 3594 1824 οὖν
3640 1773 3670 1824 6

388 1879 494 1933 qua
531 1863 864 1932 objectorum
917 1864 1071 1918 nobis
1105 1862 1404 1918 libellorum
1456 1862 1662 1916 crimen
1698 1859 1974 1928 depulsuri

2084 1863 2394 1936 αὐθημερὸν
2423 1863 2707 1935 καθαιρῶν
2741 1864 2837 1918 καὶ
2878 1862 3098 1932 ἀνάγων
3135 1864 3218 1926 είς
3255 1860 3391 1929 ὕψος
3419 1861 3512 1916 τὸν
3545 1861 3670 1916 οὒδέ

389 1957 768 2026 sumusiquis
817 1956 973 2011 nobis
1023 1955 1223 2024 gradus
1276 1955 1618 2017 decernetur,
1669 1953 1760 2020 qui
1791 1957 1972 2005 vestra

389 2048 659 2102 sententia
710 2047 787 2102 rei
820 2055 982 2116 atque
1024 2045 1242 2102 obnorii
1276 2043 1627 2100 exsistimns?
1654 2041 1787 2109 Quis
1805 2040 1973 2107 enim,

392 2138 518 2205 quis
559 2138 648 2191 ille
699 2149 781 2192 est
819 2140 1104 2208 potestatis
1148 2149 1328 2202 tantm,
1375 2123 1436 2192 ut
1481 2137 1622 2192 intra
1653 2134 1759 2190 diei
1809 2133 1967 2190 unius

392 2229 678 2297 angustias
709 2228 1016 2298 depositum
1053 2245 1117 2283 ac
1165 2245 1230 2282 ne
1256 2229 1310 2283 in
1337 2227 1524 2282 intimo
1548 2227 1766 2298 quidem
1801 2227 1972 2297 gradu

389 2319 661 2374 valentem
709 2321 1033 2386 consistere,
1077 2321 1301 2375 extollat
1345 2321 1398 2376 in
1435 2319 1794 2389 supremum?
1837 2316 1973 2374 Num

389 2412 556 2464 rudes
600 2411 739 2466 adeo
794 2427 893 2466 nos
941 2421 1103 2480 atque
1149 2410 1437 2481 imperitos
1486 2411 1814 2466 existimatis
1842 2449 1858 2476 ,
1915 2419 1978 2464 ut

389 2501 575 2556 dit-ina
609 2501 730 2569 jura
769 2519 874 2558 non
898 2505 1067 2559 simus
1094 2503 1362 2558 scrutati?
1380 2503 1508 2558 Eam
1527 2518 1659 2558 sane
1685 2513 1864 2558 notam
1882 2515 1977 2557 ne-

391 2593 476 2647 fas
511 2602 595 2646 est
641 2593 706 2646 iis
737 2593 1033 2657 ascribere,
1057 2595 1149 2663 qui
1195 2595 1486 2648 sacerdotii
1511 2593 1701 2648 infulis
1748 2594 1972 2665 fulgent.

397 2681 603 2752 Nempe
627 2684 692 2738 ad
715 2685 1018 2754 spernenda
1044 2687 1167 2754 jura
1193 2685 1448 2753 proclivis
1480 2700 1692 2756 semper
1721 2685 1974 2755 impietas

393 2784 498 2838 cst,
529 2775 692 2846 inque
745 2791 907 2830 unam
949 2786 1260 2846 comparata
1321 2777 1841 2846 transgressionem,
1868 2791 1973 2846 qua

389 2865 495 2920 sibi
525 2867 892 2936 obsequentes
931 2869 984 2921 in
1013 2867 1209 2922 inferni
1263 2867 1517 2936 laqueum
1551 2877 1608 2921 et
1653 2867 1974 2923 barathrum

389 2957 692 3027 pertrahat.
733 2957 1004 3013 Discedite
1025 2971 1154 3028 ergo
1187 2972 1216 3012 a
1245 2959 1424 3022 nobis,
1450 2958 1687 3028 operarii
1713 2957 1976 3028 iniquita-

390 3047 499 3110 tis;
531 3049 596 3100 ad
639 3047 921 3118 proprium
971 3049 1146 3104 redite
1168 3049 1458 3115 vomitum,
1493 3049 1767 3105 latrocinii
1806 3049 1971 3106 vestri

390 3152 590 3206 specus
634 3139 918 3207 lustraque
951 3143 1204 3210 repetite.
1251 3138 1364 3196 Nec
1411 3141 1558 3197 enim
1592 3139 1832 3196 futurum
1863 3148 1970 3208 est,

2078 1956 2230 2010 κάτω
2257 1955 2452 2025 στῆναι
2473 1955 2812 2026 δυνάμενον;
2841 1955 2915 2008 ’Ἡ
2940 1955 3227 2025 ἀμυήτους
3253 1955 3348 2008 καὶ
3369 1954 3670 2024 ἀνεπιστή-

2081 2063 2252 2117 μονας
2273 2047 2406 2118 περὶ
2429 2048 2528 2117 τὴν
2553 2045 2663 2100 τῶν
2685 2045 2847 2101 θείων
2864 2043 3094 2118 ἔρευναν
3123 2044 3271 2117 ἡμᾶς
3299 2043 3666 2116 ὑπειλήφατε;

2080 2137 2348 2210 Τόλμημα
2370 2137 2482 2210 (21)
2499 2140 2557 2192 ἐν
2572 2141 2686 2202 τοῖς
2703 2139 3020 2210 ίερωμένοις
3050 2131 3160 2191 οἷόν
3193 2137 3310 2192 ἐστι
3333 2137 3504 2207 κρῖμα
3525 2131 3671 2206 λογί-

2080 2227 2303 2294 ζεσθαι·
2394 2229 2534 2283 Ἀλλ’
2572 2229 2740 2292 ὅντως
2769 2229 2906 2294 πρὸς
2947 2229 3050 2302 τὴν
3085 2227 3291 2282 τούτων
3325 2226 3664 2299 παρόρασιν,

2077 2321 2172 2374 καὶ
2221 2318 2361 2392 πρὸς
2397 2319 2566 2390 μόνην
2599 2319 2915 2390 παράϐασιν
2941 2319 3165 2388 ἕτοιμον
3195 2319 3228 2389 ἡ
3268 2316 3516 2382 ἀσέϐεια,
3542 2317 3670 2382 τοὺς

2076 2409 2214 2482 αὐτῇ
2267 2409 2623 2480 πειθομένους
2667 2411 2750 2473 εἰς
2797 2409 2926 2481 ᾅδου
2975 2408 3325 2464 καθέλκουσα
3367 2409 3665 2478 πέταυρον.

2088 2501 2459 2574 Ἀποχωρεϊτε
2486 2497 2580 2556 οὗν
2614 2501 2710 2570 ἀφ’
2749 2500 2910 2572 ἡμῶν
2931 2541 2946 2566 ,
2994 2501 3224 2573 ἐργάται
3255 2500 3354 2572 τῆς
3393 2499 3626 2571 ἀνομίας
3649 2516 3664 2532 ·

2075 2595 2216 2666 πρὸς
2251 2595 2344 2648 τὸν
2392 2593 2526 2648 ίδιον
2555 2592 2712 2662 ὑμῶν
2743 2591 2941 2662 ἔμετον
2970 2591 3392 2662 ἀποστράφητε,
3435 2591 3572 2663 πρὸς
3599 2591 3668 2646 τά

2076 2687 2177 2757 τῆς
2217 2685 2477 2759 λῃστείας
2505 2684 2660 2754 ὑμῶν
2687 2683 3074 2754 ἀναστράφητε
3129 2683 3397 2753 σπήλαια.
3439 2682 3512 2736 Οὐ
3557 2681 3668 2753 γὰρ

2077 2777 2338 2848 αἱρήσετε
2380 2776 2508 2840 τοὺς
2549 2775 2645 2828 ἐπὶ
2685 2776 2751 2846 τῇ
2793 2773 2971 2846 πέτρᾳ
3003 2773 3108 2844 τῆς
3159 2773 3329 2844 ὀρθῆς
3372 2772 3668 2841 ὁμολογίας
3729 2795 3746 2802 -

2077 2867 2169 2920 τὸν
2205 2865 2328 2921 νοῦν
2377 2865 2802 2938 ἀπερείσαντας,
2830 2865 2892 2918 οὐ
2930 2864 3298 2920 καταϐαλεῖτε
3332 2865 3462 2930 τοὺς
3492 2866 3552 2918 ἐν
3588 2865 3668 2937 τῷ

2045 2946 2206 3028 θψει
2253 2957 2366 3011 τῶν
2413 2955 2713 3011 συνοδικῶν
2757 2957 2902 3028 ὅρων
2947 2957 3175 3022 ἑαυτοὺς
3221 2957 3664 3030 ἐπιστήσαντας·

2080 3047 2196 3102 ἀλλ’
2233 3051 2295 3103 ἐν
2330 3049 2459 3120 ὑμῖν
2489 3047 2674 3112 αὐτοῖς
2710 3046 3136 3120 συντριϐήσεται
3165 3048 3236 3102 τὰ
3258 3049 3362 3119 τῆς
3403 3048 3670 3122 αἱρέσεως

2081 3139 2338 3211 κύματα,
2390 3139 2664 3210 μηδεμίαν
2718 3141 2786 3212 τῇ
2829 3139 3107 3212 καθολικῇ
3158 3137 3459 3214 Ἐκκλησία
3501 3139 3672 3196 κατάο

393 3239 566 3286 uteos
591 3230 934 3303 expugnetis,
965 3232 1056 3302 qui
1081 3232 1134 3288 in
1181 3241 1345 3289 rectae
1385 3230 1743 3288 confessionis
1805 3239 1956 3300 petra

2096 3229 2286 3286 κλυσιν
2315 3227 2793 3302 προσπελάσαντα.
3047 3297 3052 3300 _

393 3319 630 3375 animum
663 3322 1032 3386 firmaverunt,
1089 3330 1180 3376 aut
1229 3330 1288 3377 ut
1328 3336 1422 3377 eos
1469 3323 1844 3392 prosternatis,
1893 3321 1986 3392 qui
2020 3323 2074 3378 i’n
2113 3323 2256 3378 celsa
2308 3323 2645 3394 synodalium
2675 3323 3045 3379 definitionum
3085 3317 3300 3394 specula
3329 3331 3442 3378 tuto
3469 3322 3672 3380 consti-

396 3419 610 3478 terunt;
652 3414 742 3468 sed
778 3413 830 3469 in
882 3414 1035 3470 vobis
1071 3413 1204 3486 ipsis
1237 3421 1508 3470 tumentes
1534 3413 1756 3470 incresis
1790 3413 1984 3470 ﬂuctus
2011 3411 2421 3486 confringentur
2451 3455 2469 3484 ,
2509 3413 2827 3486 nullumque
2885 3431 2951 3472 ex
3001 3425 3138 3472 tetra
3187 3415 3452 3484 illuvionc.
3485 3415 3673 3472 Eccle-

394 3510 491 3563 siw
510 3509 790 3564 catholica:
827 3508 1120 3566 discrimen
1157 3506 1417 3567 inferent.

466 3599 555 3654 65.
584 3597 710 3654 llaec
739 3598 821 3654 vir
842 3599 1034 3655 beatus
1079 3599 1144 3654 ad
1189 3599 1441 3657 homines
1467 3603 1614 3658 omni
1651 3615 1784 3658 sano
1813 3597 1980 3656 desti-

398 3698 546 3746 tutos
569 3703 730 3746 sensu
768 3698 824 3746 et
845 3703 1099 3762 proceres
1121 3692 1392 3748 dementia
1419 3692 1612 3764 plenos
1633 3693 1973 3762 prolocutus,

400 3783 692 3850 sequentia
714 3797 930 3853 quoque
965 3781 1214 3854 adjungit
1261 3784 1538 3852 prioribus
1567 3802 1582 3838 :
1607 3783 1870 3848 Tametsi,
1897 3781 1982 3836 in-

398 3872 540 3942 quit,
567 3882 752 3928 nostra
798 3873 912 3928 haec
944 3877 1104 3929 sedes
1143 3885 1363 3945 pastore
1407 3877 1624 3932 viduata
1674 3875 1757 3932 sic
1812 3882 1980 3940 esset,

398 3972 462 4017 ut
525 3963 704 4018 nullus
746 3963 797 4020 ci
841 3979 1029 4020 curam
1091 3965 1477 4036 impenderet,
1545 3977 1730 4022 tamen
1783 3981 1852 4022 ne
1899 3966 1980 4022 sic

401 4052 618 4124 quidem
657 4053 752 4110 ulli
789 4053 980 4111 liceret
1010 4055 1208 4112 docere
1241 4055 1509 4112 fallaciam
1538 4055 1720 4128 specie
1747 4057 1981 4128 quadam

399 4160 540 4200 vana
587 4146 912 4216 placentem,
953 4148 1068 4205 sive
1105 4158 1431 4206 conventum
1463 4159 1654 4207 contra
1695 4165 1972 4206 canonum

399 4237 718 4308 praescripta
765 4253 962 4309 cogere
1015 4249 1178 4310 atque
1221 4255 1290 4295 ex
1323 4241 1502 4296 aliena
1562 4241 1846 4311 provincia
1875 4257 1987 4299 ve-

399 4329 646 4385 nientem
679 4331 813 4386 nihil
845 4331 912 4388 ad
957 4346 1017 4386 se
1058 4341 1371 4401 spectantes
1412 4333 1675 4390 terminos
1711 4334 1852 4406 juris
1903 4334 1988 4389 di-

401 4419 559 4472 cendi
590 4435 755 4474 causa
781 4421 1058 4476 invadere.
1082 4420 1215 4478 Cum
1261 4437 1393 4478 vero
1429 4427 1664 4494 pastoris
1691 4425 1776 4480 sui
1808 4425 1985 4482 adhuc

2155 3599 2248 3666 ξεθ.
2280 3596 2467 3653 Ταῦτα
2493 3598 2634 3672 πρὸς
2651 3599 2780 3663 τοὺς
2811 3599 3002 3662 κενοὺς
3029 3598 3130 3670 μέν
3154 3599 3370 3671 φρενῶν
3392 3641 3408 3668 ,
3437 3599 3673 3672 πλήρεις

2082 3691 2142 3746 δέ
2178 3690 2498 3764 ἀφροσύνης
2549 3691 2886 3762 δυναμένους
2912 3731 2928 3758 ,
2959 3689 3250 3754 διεξελθὼν
3289 3691 3318 3744 6
3369 3691 3668 3762 μακάριος,

2084 3785 2398 3858 προσετίθει
2428 3785 2525 3840 καὶ
2552 3785 2718 3841 αὐτάο
2745 3785 2808 3839 Ei
2833 3785 2933 3856 μὲν
2963 3784 3172 3856 ἐρημίᾳ
3207 3784 3470 3855 ποιμένος
3497 3784 3672 3854 ἀπρο-

2087 3877 2428 3949 μνήστευτος
2457 3877 2487 3930 6
2531 3874 2722 3950 θρόνος
2761 3875 2962 3929 οὑτωσὶ
3007 3874 3443 3939 καταλέλειπτο,
3495 3875 3674 3930 οὐδενὶ

2084 3967 2194 4022 τῶν
2237 3968 2458 4024 πάντων
2493 3968 2622 4040 ἐξῆν
2670 3967 3034 4041 εὐπρόσωπον
3069 3969 3316 4040 σόφισμα
3368 3969 3674 4040 παραδιδά-

2091 4076 2280 4128 σκειν,
2319 4061 2354 4132 ἢ
2389 4059 2830 4133 παρασυνάγειν,
2879 4061 2976 4114 καὶ
3014 4061 3076 4126 ἐξ
3124 4060 3428 4133 ἀλλοδαπῆς
3472 4063 3567 4116 ἐπὶ
3595 4045 3677 4117 ¹τά

2045 4153 2053 4158 ”
2089 4152 2166 4222 μὴ
2204 4151 2559 4223 προσήκοντα
2601 4149 2752 4220 αὑτῷ
2797 4149 3163 4221 μετέρχεσθαι
3201 4152 3328 4222 ὅρια
3353 4168 3368 4183 ·
3399 4152 3676 4222 ἐπειδὴδὲ

2085 4245 2182 4300 καὶ
2210 4243 2491 4317 παρουσίᾳ
2507 4242 2772 4316 ποιμένος
2799 4242 3161 4315 μεγαλαυχεϊ,
3185 4246 3281 4299 καὶ
3310 4244 3408 4300 τοῦ
3437 4263 3675 4318 προστα-

2085 4336 2310 4400 τοῦντος
2328 4336 2522 4399 αἰσίως
2546 4335 2607 4390 οὑ
2633 4335 3021 4408 διαμαρτάνει,
3055 4337 3143 4402 τίς
3173 4336 3318 4408 ὑμᾶς
3347 4337 3446 4406 τῆς
3475 4341 3538 4392 ἐκ
3568 4337 3676 4392 τῶν

2087 4429 2332 4484 κανόνων
2359 4427 2645 4498 ἐπιτιμίας
2671 4427 3027 4499 ἐξαιρήσεται
3054 4424 3214 4496 λόγος
3232 4467 3246 4492 ,
3270 4429 3364 4481 ἐπὶ
3393 4445 3677 4499 κεχρυσωο

400 4511 694 4578 praesentia
749 4511 1046 4582 glorietur,
1103 4528 1204 4568 nec
1264 4514 1438 4580 desit,
1492 4516 1586 4586 qui
1645 4517 1856 4572 utiliter
1904 4516 1979 4572 illi

2089 4519 2237 4592 μένῳ
2263 4519 2361 4574 καὶ
2409 4485 2916 4590 ἠργυρωμένῳικιαὶ
2973 4485 3406 4588 τιμίοίςϋλνίθοις,
3441 4485 3676 4571 ἀποστο-

401 4601 753 4672 lcgitimeqne
798 4603 1116 4672 praesideat;
1149 4620 1268 4676 quae
1312 4621 1410 4663 vos
1447 4607 1587 4664 ratio
1631 4623 1661 4663 a
1709 4609 1988 4664 canonica:

403 4691 766 4750 districtionis
810 4695 1105 4752 severitate
1134 4698 1362 4762 eximat,
1390 4700 1482 4769 qui
1507 4716 1674 4772 super
1697 4717 1891 4758 aurum
1927 4710 1984 4759 et

403 4793 714 4853 argentum,
739 4803 1008 4858 superque
1056 4789 1266 4861 lapides
1304 4793 1574 4861 pretiosos
1599 4833 1615 4858 ,
1664 4808 1831 4863 super
1857 4793 1981 4849 fun-

403 4873 744 4939 damentum,
783 4875 1028 4945 inquam,
1071 4879 1442 4950 apostolorum
1485 4881 1819 4954 Patrumque
1869 4885 1982 4941 elo-

411 4964 557 5032 quiis
617 4967 769 5022 varie
799 4981 1147 5034 exornatum,
1197 4967 1424 5044 lignum,
1469 4969 1676 5040 fenum,
1730 4975 1984 5047 stipulam

404 5069 677 5126 perversae
711 5057 836 5115 ﬁdei
866 5073 1314 5130 superexstruere
1345 5065 1567 5123 tentatis
1607 5079 1622 5121 :
1655 5077 1714 5122 ut
1753 5067 1836 5123 vel
1866 5069 1986 5127 ideo

404 5147 580 5202 solum
614 5166 712 5218 par
733 5151 976 5206 videatur
991 5151 1144 5222 juxta
1163 5170 1351 5212 sacros
1369 5171 1608 5214 canones
1626 5159 1809 5215 violati
1839 5159 1984 5230 ipso-

407 5253 526 5292 rum
553 5237 694 5307 juris
745 5255 868 5296 reos
907 5256 1000 5296 vos
1044 5243 1230 5313 peragi
1281 5246 1373 5316 qni
1403 5257 1590 5302 contra
1631 5250 1767 5304 adeo
1809 5250 1985 5308 claras

407 5341 474 5386 ac
510 5329 828 5386 manifestas
862 5333 1115 5402 pugnatis
1157 5342 1214 5388 et
1257 5333 1512 5390 insanitis
1559 5335 1724 5406 leges,
1747 5351 1988 5410 congrue

2083 4609 2256 4682 λικοϊς
2289 4612 2386 4666 καὶ
2417 4609 2736 4682 Πατρικοϊς,
2769 4609 2936 4679 φημί,
2959 4607 3187 4677 λογίοις,
3227 4607 3464 4680 θεμελίῳ
3480 4626 3678 4663 πεποι-

2082 4705 2328 4777 κιλμένῳ
2347 4747 2362 4772 ,
2391 4703 2601 4776 ξυλώδη
2645 4703 2741 4756 καὶ
2774 4698 3025 4773 χορτώδη
3054 4701 3150 4754 καὶ
3178 4702 3492 4774 καλαμίνην
3523 4700 3698 4756 ἐποι-”

2081 4798 2332 4870 κοδομεϊν
2385 4795 2752 4852 κακοπιστίαν
2795 4793 3104 4858 ἐθέλοντας;
3135 4792 3301 4846 Ὥστε
3339 4794 3552 4848 δίκαιον
3607 4795 3676 4849 ἂν

2079 4891 2164 4962 είη
2189 4890 2284 4944 καὶ
2311 4889 2483 4960 αὐτῆς
2507 4887 2607 4960 τῆς
2631 4885 2741 4942 τῶν
2771 4886 2934 4960 ίερῶν
2960 4885 3204 4940 κανόνων
3225 4883 3519 4957 ἀκριϐείας
3547 4887 3680 4940 ὑπο-

2089 4979 2277 5044 δίκους
2311 4979 2455 5052 ὑμᾶς
2497 4977 2815 5048 ἀποφῆναι,
2851 4975 2996 5030 οὕτω
3035 4975 3176 5047 πρὸς
3209 4975 3278 5030 τά
3323 4975 3534 5046 ἐναργῆ
3587 4977 3680 5030 καὶ

2089 5067 2229 5137 δῆλα
2281 5068 2615 5140 μαχομένοις
2666 5059 2767 5122 καὶ
2828 5065 3249 5138 ἀνοηταίνουσι,
3309 5066 3409 5120 καὶ
3458 5066 3682 5138 δεσμοῖς

2091 5160 2280 5224 ἀϊδίοις
2301 5159 2596 5214 ὑποϐαλεῖν
2619 5157 3012 5230 εὐκαιρότατα.
3059 5156 3166 5212 Τὸν
3199 5152 3294 5212 οὖν
3321 5157 3525 5212 κανόνα
3553 5157 3680 5211 τού-

2089 5266 2205 5316 τοις
2228 5251 2598 5322 ὑπαναγνοὺς,
2622 5250 2720 5306 καὶ
2749 5249 3130 5322 καθαιρέσεως
3165 5250 3496 5322 κατακρίσει
3524 5265 3684 5322 περι-

2087 5343 2400 5416 δεσμήσας,
2437 5343 2542 5411 ἔξω
2572 5343 2668 5398 τοῦ
2701 5343 2851 5398 θείου
2891 5343 3182 5416 περιϐόλου
3217 5342 3478 5414 γενέσθαι
3502 5358 3677 5414 προσ-

1255 5471 1304 5528 η
1330 5471 1372 5528 Ρ
1375 5483 1480 5530 εἴτε
1508 5474 1667 5564 "g3:
1697 5473 1883 5545 συίὺιη
1912 5493 2002 5540 ιη’
2102 5490 2212 5564 tur,
2255 5492 2311 5564 et
2356 5483 2612 5564 τόλμημα
2661 5483 2756 5564 ἐν“
2775 5483 2960 5554 legens
3010 5484 3182 5564 hunc_
3197 5496 3418 5564 sensum
3449 5459 3639 5564 reddo
3661 5495 3682 5538 :

413 5534 609 5589 (ficium
637 5534 760 5597 jani
782 5537 906 5592 olim
939 5555 1040 5593 non
1070 5552 1256 5597 cessat.

490 5603 600 5695 (3!)
618 5603 837 5695 iis}?
855 5610 930 5695 μή
951 5613 1140 5695 ⁸.,ίιιιοά
1165 5613 1348 5695 nescio
1373 5627 1533 5695 φιεηι
1558 5628 1776 5695 δεθείην
1807 5616 1988 5695 τειςςετε

422 5674 632 5742 possit:
657 5674 881 5748 supplco
913 5674 1076 5750 igitur
1106 5684 1250 5750 quod
1280 5674 1554 5740 excidisse
1579 5684 1802 5742 librario
1830 5687 1982 5744 vidc-
2037 5717 2045 5722 -

2107 5573 2126 5605 ι
2168 5556 2356 5608 Audax
2405 5551 2670 5609 adversus
2718 5551 2853 5609 Deo‘
2871 5563 3116 5612 sacratos
3158 5551 3405 5616 facinus,
3448 5551 3685 5622 qualiter

2101 5632 2274 5694 potest
2300 5621 2564 5694 judicium
2592 5623 2734 5680 dici?
2764 5642 2782 5676 ι
3041 5621 3053 5633 ·
