4022 6218
306 281 413 348 125

1840 299 1914 360 VI
1919 300 2036 362 TA.

3475 300 3578 366 126

299 400 555 453 ἑταττεν.
604 401 670 453 Ol
692 399 749 454 es
778 400 857 465 ὡς
890 401 1000 456 ὑπὸ
1030 403 1294 474 μάστιγος
1321 406 1674 479 ἐλαυνόμενοι
1695 452 1710 477 ,
1742 411 1867 483 λύπη

1994 414 2216 470 omnino
2253 413 2479 470 aeternis
2517 404 2752 470 vinculis
2790 412 3133 485 subiiciendi.
3162 411 3424 468 Praelecto
3469 417 3567 483 igi-

301 490 400 543 καὶ
439 490 610 562 μανίᾳ
648 492 936 563 γενόμενοι
986 493 1238 566 κάτοχοι,
1301 497 1399 550 σὺν
1446 502 1561 564 τοῖς
1598 501 1889 573 ἑπομένοις

298 581 492 642 αὐτοῖς
525 582 872 653 κωμολόγοις
902 585 1000 638 καὶ
1032 586 1322 658 άγύρταις,
1358 591 1522 645 αὐτόν
1552 609 1611 645 τε
1641 592 1735 647 καὶ
1779 593 1823 647 Τ
1825 611 1887 647 α·

300 671 516 741 ράσιον,
546 675 678 737 τοὺς
709 676 808 744 τῆς
852 676 1183 748 Ἐκκλησίας
1220 679 1601 747 ἑδραιοτάτους
1636 683 1885 751 στύλους,

294 763 412 825 τοῖς
429 762 775 835 άναθέμασιν
790 764 1021 820 ἔϐαλλον
1047 783 1061 797 θ
1079 769 1225 823 οὓτω
1243 787 1304 824 τε
1327 771 1511 825 λοιπὸν
1524 773 1611 826 διὰ
1631 774 1729 844 τῆς
1755 774 1888 827 λεω-

297 853 471 924 φόρου
507 856 1020 927 ένασχημονοῦντες
1045 863 1094 914 οἱ
1129 863 1498 933 μιαρώτατοι,
1531 866 1625 918 καὶ
1657 865 1793 937 πρὸς
1815 867 1888 921 τά

300 942 555 1012 βασίλεια
587 947 688 1000 σὺν
724 950 840 1010 τοῖς
881 948 1025 1003 κατὰ
1058 950 1171 1005 τῶν
1218 953 1392 1021 ἁγίων
1423 954 1753 1026 σκώμμασιν
1784 957 1885 1028 ἠδη

299 1035 627 1104 φξρόμενοι,
666 1037 927 1106 ἠπείλουν
957 1040 1189 1095 ἐνώπιον
1220 1042 1315 1096 τοῦ
1363 1059 1425 1097 τε
1476 1045 1746 1115 βασιλέως
1788 1046 1886 1099 καὶ

297 1126 393 1178 τοῦ
439 1131 543 1197 τῆς
590 1129 861 1199 αἱρέσεως
895 1132 1170 1204 φορυτοῦ,
1211 1135 1316 1189 ὅσα
1363 1136 1608 1207 ἥκουσαν
1639 1137 1737 1191 καὶ
1783 1137 1885 1191 ὅσα

296 1218 586 1289 ἐποίησαν.

1997 515 2085 561 tur
2113 507 2181 563 iis
2210 522 2440 573 canone,
2457 520 2523 562 ac
2550 507 2903 577 depositionis
2924 506 3260 575 promulgata
3279 507 3572 570 sententia,

1990 591 2146 663 jubet
2198 608 2294 649 eos
2344 604 2501 665 septo
2543 595 2729 650 divino
2782 596 3069 651 excedere.
3101 594 3183 648 Illi
3235 609 3398 664 porro
3452 605 3575 648 tan-

1994 699 2157 754 quam
2219 686 2387 756 tlagro
2448 686 2647 751 abacti,
2711 696 2941 757 atroque
2986 702 3221 743 mmrore
3275 701 3338 740 ac
3391 685 3576 750 furore

1992 776 2232 845 perciti,
2292 776 2545 845 adjuncta
2614 779 2716 833 sibi
2773 780 3132 849 petulantinm
3174 778 3454 831 hominum
3521 783 3576 830 et

1992 866 2551 921 circumforaneorum
2603 878 2849 931 caterva,
2894 870 3070 938 ipsum
3117 869 3325 936 pariter
3382 882 3446 920 ac
3474 863 3576 918 Ta-

1993 957 2199 1013 rasium
2256 957 2356 1026 (ὁ),
2421 958 2760 1015 ﬁrmissimas
2812 960 3069 1014 Ecclesiae
3110 958 3409 1021 columnas,
3437 969 3572 1009 ana-t

1995 1047 2236 1104 themate
2273 1047 2477 1104 feriunt
2511 1068 2525 1104 :
2577 1059 2741 1119 atque
2788 1051 2861 1104 ita
2907 1049 3262 1120 impurissimi
3300 1048 3570 1109 homines,

1991 1139 2207 1209 publice
2251 1142 2641 1209 turpitudinem
2683 1140 2953 1209 iactantes
2976 1156 3155 1206 suam,
3188 1140 3367 1194 redire
3416 1136 3573 1191 festi-

1991 1238 2126 1284 nant
2153 1232 2219 1285 ad
2237 1231 2618 1301 imperatorem
2644 1248 2765 1287 cum
2795 1234 2867 1286 iis
2883 1233 3168 1297 conviciis,
3207 1231 3403 1301 quibus
3442 1245 3571 1282 sanq

296 1317 420 1361 ctos
474 1310 897 1378 compleverant,
930 1321 985 1367 et
1036 1328 1223 1370 coram
1262 1316 1380 1387 ipso
1417 1318 1667 1390 vulgique
1717 1318 1960 1376 haretici
1997 1318 2208 1390 impura
2264 1320 2420 1376 turba
2462 1325 2640 1378 minas
2700 1325 2970 1394 crepando
3000 1363 3016 1390 ,
3080 1324 3323 1379 referunt
3388 1321 3572 1376 omnia

297 1417 419 1472 quae
451 1404 773 1460 audiverant
817 1406 1191 1478 fecerantque.

1706 1569 1979 1643 -QAPUT
2020 1567 2113 1624 xr.

632 1674 944 1734 Periculum
973 1683 1113 1737 necis
1142 1692 1327 1739 sancto
1358 1685 1660 1758 Nireplioro
1694 1686 2006 1759 inferendae.
2046 1682 2252 1739 Ultima
2278 1684 2335 1739 in
2377 1685 2568 1755 templo
2595 1686 2893 1742 valedictio.
2928 1686 3206 1746 Exsilium.

363 1808 472 1876 ξςί
518 1810 609 1877 Ὧς
629 1809 722 1870 οὖν
753 1818 852 1888 τῆς
883 1822 1095 1876 ἑαυτῶν
1133 1825 1434 1897 καταδίκης
1461 1828 1527 1883 ὲκ
1572 1830 1675 1902 τῆς
1742 1824 1867 1888 ”κα-

1992 1894 1995 1897 _
2051 1823 2141 1881 66.
2189 1824 2265 1881 Ex
2298 1827 2561 1897 canonica
2608 1828 2769 1899 igitur
2811 1828 3153 1885 districtione
3179 1845 3299 1886 sese
3336 1828 3565 1886 damna-

293 1903 512 1995 νονικῆς
560 1907 852 1995 ἀκριϐείας
892 1912 1216 1984 ἐπῄσθοντο,
1250 1918 1345 1971 καὶ
1380 1918 1443 1971 τὸ
1472 1919 1750 1991 ἀπότομον
1777 1923 1877 1995 τῆς

296 1993 449 2063 ίερᾶς
489 1994 711 2068 ἐκείνης
741 2000 920 2072 ψυχῆς
950 2004 1058 2058 ἀπὸ
1089 2006 1200 2060 τῶν
1237 2008 1454 2065 οἰκείων
1488 1993 1877 2081 ψευδαγγέλών

293 2083 631 2152 ἀνέγνωσαν,
672 2089 896 2158 ὐφῆκαν
922 2092 1019 2147 τοῦ
1061 2095 1322 2168 θράσους,
1350 2098 1446 2153 καὶ
1479 2101 1580 2170 τῆς
1610 2099 1750 2171 πρὸς
1778 2101 1878 2156 αὑ-

290 2174 385 2227 τὸν
431 2177 649 2246 ὁμιλίας
704 2183 1030 2251 ἐθελουσίως
1065 2190 1414 2245 ἀπείπαντο·
1461 2193 1547 2263 ἐφ’
1589 2192 1784 2266 ἑτέραν
1817 2194 1876 2248 δὲ

288 2265 511 2351 ἀνοδίαν
560 2272 932 2341 τραπόμενοι,
991 2275 1083 2349 βία
1139 2279 1394 2343 καθελεῖν
1433 2279 1733 2351 έθρύλλουν
1781 2282 1874 2336 τὸν

292 2350 477 2442 ἀγιον,
500 2355 532 2425 ἢ
561 2355 810 2431 λαθραίῳ
867 2361 1241 2435 ὑπεξαγαγεῖν
1264 2365 1481 2441 θανάτῳ
1504 2369 1739 2442 μελέτην
1759 2371 1818 2424 ὲτ
1828 2371 1873 2425 ί-

288 2441 467 2499 θεντο.
503 2448 616 2500 Καὶ
654 2450 704 2502 εί
752 2452 826 2524 μή
868 2471 954 2535 τις
979 2457 1089 2513 τῶν
1114 2462 1179 2531 τῇ
1209 2460 1342 2532 ὀρθῇ
1371 2461 1498 2533 δόξῃ
1540 2463 1874 2534 προσκειμέ-

286 2550 417 2601 νων,
447 2538 642 2610 καὶτῷ
667 2542 854 2615 κλήρῳ
876 2548 1338 2620 κατειλεγμένων,
1366 2552 1436 2605 τά
1457 2553 1556 2623 τῆς
1577 2553 1870 2627 ἐπιϐουλῆς

285 2626 355 2679 ὲκ
383 2627 499 2680 τῶν
530 2630 630 2698 τῆς
665 2634 924 2706 ἀληθείας
977 2643 1324 2711 πεπυσμένος
1383 2645 1601 2714 σαφῶς,
1661 2645 1871 2715 ἀπεγύ-

285 2734 509 2786 μνωσεν
530 2760 547 2785 ,
595 2724 688 2777 καὶ
715 2725 785 2781 τά
833 2730 935 2799 τῆς
979 2731 1278 2801 ἀσφαλείας
1333 2734 1676 2807 προειδέσθαι
1732 2757 1868 2794 κατ-

282 2808 588 2902 ἔσπευσεν,
630 2817 773 2889 τάχα
813 2820 952 2890 μετά
1005 2825 1314 2895 τραγῳδίας
1360 2829 1721 2902 έχαρτυπήθη
1772 2832 1869 2888 καὶ

281 2898 380 2952 νῦν
399 2901 777 2975 ὀλοφῦρματαζ
819 2906 908 2975 Ὠς
931 2912 989 2965 δὲ
1020 2913 1115 2966 καὶ
1146 2916 1276 2987 περὶ
1295 2898 1501 2989 ταύτην
1523 2921 1571 2973 οί
1596 2898 1869 2989 φονῶντες

280 2990 385 3062 τὴν
429 2993 877 3069 δραματουργίαν
922 3004 1238 3076 ἐσφάλησαν
1298 3009 1366 3081 (ἡ
1420 3009 1531 3082 γὰρ
1584 3011 1697 3067 ἀνω
1746 3014 1868 3069 θεία

280 3083 561 3177 ῥοπὴᾼτον
609 3090 808 3177 ἑαυτῆς
851 3094 1110 3167 ἐφρούρει
1149 3099 1622 3174 θεράποντα),τὴν
1647 3105 1774 3177 περί
1800 3123 1865 3175 γε

1985 1924 2073 1973 tos
2122 1916 2456 1982 sentientes,
2513 1930 2567 1974 et
2626 1922 2765 1975 sacri
2830 1920 2976 1975 illius
3035 1923 3203 1976 animi
3272 1922 3561 1978 inﬂexibili

1977 2009 2283 2064 constantia
2310 2014 2381 2063 ex
2410 2008 2564 2065 falsis
2587 2012 2793 2066 nuntiis
2816 2012 2932 2065 suis
2956 2011 3162 2081 liquido
3189 2016 3428 2083 cognita,
3461 2030 3564 2067 an-

1978 2097 2189 2153 daciam
2223 2099 2488 2168 tantisper
2516 2101 2880 2165 remiserunt;
2919 2102 3173 2173 ultroque
3203 2119 3271 2157 ne
3295 2119 3416 2157 cum
3472 2103 3565 2158 illo

1978 2189 2031 2244 in
2086 2189 2417 2259 colloquium
2466 2192 2716 2247 venirent
2764 2193 3144 2256 decernentes,
3166 2196 3231 2248 ad
3290 2195 3433 2248 aliud
3480 2195 3565 2248 di-

1983 2277 2132 2332 vium
2177 2289 2570 2335 converterunt
2606 2296 2686 2347 se,
2714 2292 2769 2337 et
2814 2291 3063 2337 sanctum
3092 2284 3141 2337 vi
3180 2284 3560 2352 deponendum

1984 2358 2367 2436 susurrabant,
2409 2372 2492 2426 vel
2523 2373 2685 2427 etiam
2739 2389 2804 2427 ex
2839 2373 3055 2430 insidiis
3093 2374 3308 2431 occulte
3373 2374 3568 2431 tollen-

1974 2457 2122 2513 dum.
2182 2458 2263 2514 Ac
2289 2459 2450 2529 forte,
2477 2462 2578 2516 nisi
2613 2477 2644 2517 e
2691 2462 2840 2517 clero
2878 2462 3075 2532 aliquis
3103 2474 3268 2518 rectae
3309 2462 3433 2517 ﬁdei
3468 2463 3566 2517 ad-

1973 2548 2167 2605 dictior
2201 2589 2218 2615 ,
2251 2565 2389 2620 quas
2429 2567 2556 2608 vera
2614 2552 2891 2610 auditione
2939 2554 3368 2624 deprehenderat
3419 2562 3566 2608 stru-

1971 2650 2089 2696 etas
2143 2641 2194 2696 ei
2246 2642 2469 2700 insidias
2549 2646 2722 2714 palam
2798 2647 3217 2711 detexisset,et
3279 2645 3559 2699 securitati

1971 2735 2087 2805 ejus
2160 2733 2469 2791 festinasset
2533 2739 2864 2808 prospicere,
2922 2736 3141 2805 tragica:
3220 2735 3566 2790 lamentatio-

1968 2844 2066 2885 nes
2115 2829 2183 2884 de
2227 2843 2293 2886 eo
2343 2830 2397 2884 in
2430 2830 2619 2885 charta
2679 2830 2838 2885 modo
2869 2838 3107 2884 exaratae
3129 2836 3426 2883 exstarent.
3458 2824 3565 2881 Ubi

1968 2930 2152 2977 autem
2219 2937 2289 2978 ne
2339 2921 2456 2976 haec
2495 2917 2715 2989 quidem
2775 2917 3001 2988 str0pha
3045 2932 3109 2972 ex
3143 2927 3268 2972 voto
3317 2923 3564 2972 cesserat

1969 3011 2259 3069 homicidis
2308 3012 2514 3084 (divina
2542 3011 2688 3065 enim
2736 3011 3006 3081 protectio
3057 3023 3121 3064 ac
3160 3024 3291 3063 cura
3348 3007 3441 3061 l)ei
3480 3006 3562 3061 l‘a-
3608 3086 3615 3087 ί

1970 3106 2118 3161 mulo
2137 3107 2393 3176 praesidio
2416 3102 2593 3175 erat),
2624 3104 3023 3159 contenderunt
3053 3102 3204 3156 illata
3229 3101 3280 3155 vi
3309 3096 3436 3156 sede
3461 3116 3559 3155 sua

276 3170 376 3223 τοῦ
433 3172 649 3270 θρόνουῌ
688 3174 782 3251 βίᾳ.
846 3166 1097 3239 καθελεῖν
1142 3166 1380 3261 σπουδὴν
1433 3166 1675 3259 ὑφίεντο,
1704 3166 1867 3251 θάνα-

1973 3200 2207 3270 dejicere
2228 3211 2284 3255 et
2303 3201 2573 3269 deponere
2604 3205 2874 3262 sanctum,
2891 3195 3039 3250 omni
3065 3194 3415 3249 contentione
3436 3207 3561 3247 con-

279 3276 373 3313 τον
421 3263 779 3334 ἀπειλοῦντες
816 3273 988 3326 κακὸν
1016 3277 1083 3347 τῇ
1119 3277 1231 3330 τῶν
1263 3278 1402 3349 πρὸς
1435 3280 1537 3353 τὴν
1581 3280 1865 3340 ἀσθένειαν

281 3356 637 3411 συνοισόντων
656 3360 940 3432 ἀναιρέσει
960 3381 973 3395 ⁸
1005 3366 1107 3420 κάν
1133 3367 1181 3421 τ’
1201 3371 1304 3424 οὐκ
1330 3371 1614 3443 ἐνδόσιμον
1638 3371 1727 3445 ἦν,
1758 3393 1871 3431 στε-

297 3443 581 3540 ρίσκοντες
616 3451 782 3505 αὑτὸν
811 3455 910 3524 τῆς
943 3456 1007 3510 ἐκ
1035 3458 1143 3514 τῶν
1174 3460 1374 3528 ἔξωθεν
1406 3443 1721 3537 τημελείας.
1771 3470 1872 3540 τῆς

276 3550 354 3630 τε,
383 3537 444 3589 ὲν
484 3541 605 3603 ταῖς
664 3544 915 3609 συνάξεσι
956 3551 1346 3625 νενομισμένης
1388 3555 1602 3626 (22-23)
1633 3537 1871 3630 μνήμης.

280 3625 442 3722 (λῦτο)
471 3631 581 3703 γὰρ
602 3633 664 3687 τὸ
707 3637 1099 3708 μορμολυκεῖον
1135 3643 1311 3697 έκεῖνο
1343 3625 1873 3722 (έκκοπτέσθωηγάρ

276 3717 340 3772 τὸ
398 3720 626 3791 βασιλέα
673 3728 862 3782 καλεῖν
896 3731 1094 3805 αὐτὸν)
1140 3734 1447 3803 Ἰουδαϊκῶς
1477 3743 1588 3805 τοῖς
1618 3717 1867 3811 ἱερᾶσθαί

274 3811 537 3908 λαχοξσιν
561 3820 938 3893 ἐπηπείλησεν
959 3864 974 3888 ,
1002 3824 1079 3889 ὡς
1115 3827 1213 3881 ὲάν
1251 3846 1337 3893 τις
1391 3832 1553 3886 αὐτὸν
1604 3835 1867 3908 ἀρχιερέα

275 3905 495 3974 τρανῶς
526 3907 845 3979 ὀνομάσειεν
865 3953 880 3978 ,
913 3915 1340 3988 ἀποσυνάγωγος
1364 3922 1610 3995 γένηται.

1976 3301 2062 3347 tra
2078 3306 2199 3346 eum
2222 3299 2518 3356 certantes,
2544 3287 2942 3345 comminantes
2961 3302 3145 3343 necem
3165 3297 3219 3341 et
3238 3285 3485 3349 verbera,
3504 3294 3564 3339 et

1975 3383 2237 3453 quidquid
2267 3383 2446 3438 dirum
2477 3393 2583 3446 est,
2625 3381 2670 3436 si
2702 3381 2826 3450 quis
2853 3379 3295 3434 subministraret
3328 3376 3556 3447 aliquid,

1975 3475 2117 3543 quod
2174 3472 2294 3542 eius
2361 3473 2607 3528 levanda:
2645 3471 3008 3526 imbecillitati
3065 3469 3375 3535 conferret;
3433 3484 3557 3522 eum

1977 3564 2500 3633 denique,quamvis
2548 3562 2749 3616 nullam
2791 3562 2924 3629 ipsis
2977 3560 3322 3615 occasionem
3377 3558 3555 3619 daret,

1977 3664 2204 3710 externo
2234 3653 2384 3710 omni
2421 3653 2697 3723 privantes
2722 3660 2942 3715 ornatu,
2987 3652 3155 3705 etiam
3189 3648 3469 3704 memoria:
3498 3647 3552 3701 in

1972 3745 2332 3803 conventibus
2359 3745 2532 3800 sacris
2563 3759 2657 3813 per
2698 3744 2844 3814 leges
2896 3742 3160 3799 facienda:
3200 3741 3408 3795 honore
3435 3754 3557 3809 spo-

1970 3838 2193 3895 liarunt.
2221 3839 2315 3893 Sic
2344 3852 2577 3907 namque
2610 3837 2755 3891 larva
2790 3837 2874 3892 illa
2910 3836 3077 3906 (absit
3104 3839 3248 3891 enim
3287 3843 3347 3888 ut
3375 3833 3553 3903 impe-

1964 3931 2162 3985 ratoris
2213 3929 2464 4001 regisque
2546 3945 2740 3985 nomen
2795 3928 3059 3995 obtineat)
3092 3927 3280 3983 furore
3324 3925 3553 3982 Iudaico

275 4000 560 4067 percitus,
597 4003 682 4070 iis,
744 4005 835 4076 qui
887 4012 1209 4067 sacerdotali
1259 4014 1520 4084 dignitate
1580 4017 1897 4095 fulgebant,
1941 4024 2300 4079 comminatus
2364 4032 2527 4091 erat,
2574 4032 2633 4078 ut
2673 4023 2718 4078 si
2768 4022 2891 4094 quis
2935 4037 3056 4078 eum
3105 4020 3414 4093 pontiﬁcem
3460 4026 3554 4073 aut

273 4095 588 4165 episcopum
612 4099 789 4168 palam
824 4114 1065 4174 vocaret,
1116 4117 1269 4163 extra
1305 4125 1633 4185 synagogam
1673 4116 1852 4176 ﬁeret.

345 4206 450 4273 ξζν.
484 4210 657 4274 Μόνος
681 4207 778 4267 οὗν
808 4214 996 4269 λοιπὸν
1024 4218 1113 4272 ἐπ’
1143 4220 1318 4276 ἐλπίδι
1348 4226 1735 4292 κατοικισθεὶς,
1768 4231 1863 4285 καὶ

268 4300 404 4360 ταῖς
457 4298 697 4371 θλίψεσιν
734 4304 840 4358 ὑπὸ
895 4306 1033 4361 Θεοῦ
1077 4311 1438 4380 πλατυνθεὶς,
1476 4316 1554 4382 ὡς
1611 4321 1780 4375 Δαόὶδ
1830 4322 1860 4375 ὁ

273 4389 592 4480 θειότατος,
624 4394 681 4448 ἐν
716 4395 892 4468 τούτῳ
925 4398 1023 4452 καὶ
1063 4401 1211 4473 μόνῳ
1238 4404 1428 4476 φέρειν
1465 4410 1567 4463 οὐκ
1595 4411 1815 4467 ἔσθενεν
1839 4454 1855 4480 ,

269 4482 332 4533 ἐν
348 4479 434 4573 τῷ
459 4480 557 4550 τὴν
577 4483 812 4556 ποίμνην
843 4488 979 4560 όρᾷν
998 4489 1330 4562 ηθετηκυῖαν
1351 4497 1443 4551 τὸν
1462 4500 1853 4573 ἀρχιποίμενα,

268 4572 370 4624 καὶ
411 4575 527 4659 τοῖς
568 4574 755 4640 λύκοις
804 4582 1110 4653 γενομένην
1157 4585 1452 4659 ὑπόφορον.
1505 4591 1571 4645 Τί
1608 4572 1705 4648 οὖν
1748 4594 1857 4649 ἔδει

267 4666 451 4717 ποιεῖν
481 4658 551 4737 [ὦ
570 4666 683 4738 (24)
708 4668 831 4741 τᾶν]
862 4672 970 4744 πρὸ
998 4674 1100 4746 τῆς
1141 4676 1297 4748 ὑμῶν
1331 4658 1513 4737 αὐτῶν
1543 4686 1854 4757 σωτηρίας;

347 4863 395 4895 ³⁷
454 4864 599 4922 Psal.
633 4883 709 4936 tv,
757 4869 814 4936 2,

347 4998 425 5069 (ὁ)
447 5000 504 5055 In
542 5002 857 5077 Appendice
884 5004 1230 5077 Theophanis
1266 5008 1526 5065 additur:
1560 5029 1582 5064 ι
1636 5011 1697 5068 S.
1725 5012 1861 5071 Ger-

266 5084 471 5147 manus
525 5075 869 5147 patriarcha,
899 5078 988 5147 qui
1017 5075 1183 5134 Leoni
1224 5079 1466 5136 Isaurico
1493 5081 1790 5140 restiterat.
1833 5104 1855 5139 ›

264 5138 487 5194 Colitur
520 5138 589 5196 l2
608 5142 756 5201 Maii.

345 5274 552 5363 (ἓξ-Ξῖ»)
582 5276 1288 5363 Με.θάνατονάπειλοζ›ντες
1313 5287 1564 5363 κάκωσιν
1586 5290 1695 5363 τῶν
1723 5292 1862 5363 πρὸς

265 5343 374 5413 τὴν
404 5345 693 5401 ἀσθένειαν
729 5353 1083 5407 συνοισόντων
1123 5343 1424 5426 ἀναίρεσιν,
1453 5358 1570 5413 ἀλλ’
1612 5343 1846 5415 «satis:

265 5412 492 5465 δόσιιιος
541 5411 633 5465 ἦν-
669 5420 1049 5465 στερίσκονται·
1087 5426 1250 5465 ηιίτλυ
1283 5428 1382 5465 eiii»
1408 5430 1471 5465 iw
1502 5431 1613 5465 0:7“:
1644 5431 1844 5465 lcum...

265 5411 492 5484 δόσιμος
541 5411 633 5487 ἦν,
669 5420 1049 5494 στερίσκοντες
1087 5411 1265 5479 αὐτὺν’
1283 5411 1382 5499 τῆς
1407 5411 1473 5482 ἒκ

263 5485 966 5581 ἷέεὲελὲῗςιέῗὲξνέῗῖἱ
993 5494 1673 5581 σμηάξεσενενοξιισμέκεης
1705 5504 1848 5581 μκή-

267 5568 428 5643 μης.-
562 5554 793 5643 quibus
816 5554 972 5643 longe
1022 5554 1450 5643 intricatissimis
1471 5607 1487 5632 ,
1504 5554 1609 5624 'sed
1629 5554 1848 5629 'modica

264 5626 657 5710 calenda'tione
689 5630 745 5686 in
781 5626 936 5710 textu
964 5637 1263 5710 correctis,
1301 5637 1389 5693 hic
1440 5626 1583 5710 nunc
1630 5626 1845 5698 demum

267 5704 468 5750 sensus
490 5692 717 5756 Latinus
738 5702 964 5759 exsistet
987 5721 1001 5758 :
1024 5720 1047 5759 ι
1062 5692 1262 5762 Μοιοιῐί
1276 5692 1843 5769 committsﬁte‘s'iﬁéii

2062 4230 2152 4286 67.
2182 4231 2240 4286 In
2267 4231 2380 4287 sola
2414 4232 2578 4303 igitur
2610 4247 2707 4302 spe
2744 4231 3000 4300 deinceps
3030 4228 3306 4290 fundatus.
3327 4238 3383 4283 et
3410 4223 3552 4284 sicut

1970 4323 2346 4380 divinissimus
2375 4324 2546 4379 David
2590 4325 2642 4377 in
2696 4320 3143 4377 tribulationibus
3177 4320 3436 4374 dilatatus
3480 4319 3547 4382 ",

1968 4430 2133 4469 unum
2204 4415 2309 4471 hoc
2353 4424 2412 4471 ut
2462 4414 2634 4471 ferret
2689 4413 2882 4470 adduci
2941 4428 3046 4467 non
3090 4420 3341 4483 poterat,
3403 4415 3550 4476 quod

1966 4506 2173 4563 Christi
2226 4522 2486 4579 gregem,
2555 4521 2770 4563 summo
2827 4517 3046 4578 pastore
3099 4504 3355 4575 abiecto,
3407 4503 3551 4573 lupis

1961 4598 2273 4668 expositum
2324 4600 2672 4669 praedamque
2711 4598 2911 4654 factam
2953 4597 3187 4653 videret.
3240 4595 3379 4663 Quid
3414 4609 3550 4665 ergo

1968 4701 2066 4758 per
2091 4696 2328 4745 vestram
2359 4689 2596 4760 ipsorum
2636 4690 2868 4747 salutem
2900 4689 3190 4760 agendum,
3228 4687 3361 4757 quid
3407 4702 3547 4756 prai-

1914 5009 1919 5014 ’
1961 5023 2069 5071 tem
2097 5026 2283 5071 earum
2311 5015 2583 5072 ablatione
2618 5032 2799 5073 rerum
2840 5033 2960 5077 quae
2986 5018 3285 5076 inﬁrmitati
3306 5020 3545 5077 levandae

1961 5086 2359 5162 conducerent;
2394 5097 2447 5143 et
2475 5086 2753 5160 (quamvis
2782 5086 2926 5143 nulla
2949 5091 3167 5144 adesset
3195 5092 3397 5162 causa)
3430 5094 3541 5160 pri-

1958 5164 2152 5231 vantes
2180 5158 2356 5225 ipsum
2382 5158 2492 5211 tam
2526 5167 2753 5231 esterno
2786 5168 2983 5231 ornatu
3019 5174 3185 5231 quam
3215 5158 3453 5231 legitima
3485 5162 3541 5217 in

1962 5224 2140 5300 sacris
2168 5224 2712 5300 commemoratione.
2750 5247 2772 5281 ι
2809 5229 3014 5284 Deinde
3038 5224 3191 5285 istud
3231 5224 3344 5295 τοῖς
3391 5232 3542 5300 ἱερᾶ-

1965 5295 2369 5417 σῗμιὶλαξοῦσι,
2401 5297 2704 5368 simplicius
2731 5300 2945 5365 reddes,
2975 5300 3164 5370 quibus
3194 5317 3348 5354 sacra
3365 5295 3542 5369 facere

1965 5380 1995 5417 ο
2054 5381 2103 5417 ιο
2127 5381 2210 5417 sse
2238 5404 2255 5417 .

1964 5367 2255 5420 obtiaisret.

2027 5381 2270 5508 iam;
2294 5428 2361 5505 ᾧ,
2389 5452 2498 5508 quo
2533 5452 2632 5508 per
2659 5438 3029 5507 conjecturam
3063 5449 3298 5502 mutato.
3328 5449 3532 5495 cmtera

1955 5504 2038 5581 sic
2064 5504 2445 5581 in’terpretor':
2483 5527 2502 5561 ι
2533 5504 2671 5581 Quid
2701 5504 2862 5581 igitur
2890 5511 3195 5581 faciendum
3221 5511 3295 5574 ei,
3327 5511 3538 5566 charis-

1954 5574 2245 5651 s_imi_,_pr_o
2275 5588 2456 5651 vestra
2498 5574 2693 5651 salute,
2719 5574 2861 5650 'quid
2886 5650 2889 5651 ν
2896 5579 3271 5651 praestandum
3320 5582 3475 5636 erat?
3506 5600 3529 5635 ι

1954 5643 2034 5699 Ac
2063 5643 2257 5721 deinde
2304 5648 2357 5703 in
2388 5648 2494 5705 ﬁne
2537 5643 2788 5721 periodi":
2834 5666 2855 5702 ι
2886 5643 2963 5706 [lt
3008 5659 3269 5721 quantum
3317 5652 3369 5707 in
3416 5653 3541 5721 ipso

1956 5723 2074 5771 erat
2103 5715 2156 5772 in
2186 5727 2471 5787 peccatum
2500 5715 2607 5776 non
2650 5717 2962 5776 laberentur
2982 5715 3049 5790 εὶ
3080 5727 3133 5777 et
3176 5721 3334 5793 paulo
3364 5716 3489 5794 post
3511 5763 3529 5790 .
