4022 6218
411 260 511 327 127
1396 264 1457 325 S.
1500 262 1921 325 NICEPHORI
1960 259 2466 321 ΡΑΤΒῘΑΒΟΗιΕ
2505 258 2615 320 CP.
3560 252 3669 319 128

408 372 659 426 standum
689 371 846 427 erat?
870 369 1118 439 Quandiu
1138 370 1467 428 multitudini
1494 370 1864 441 periculorum
1889 370 1975 424 in-
2006 408 2014 430 .

2116 367 2621 440 ίδιαπράττεσθαι;
2651 366 2831 438 Μέχρι
2850 363 2997 431 τίνος
3023 367 3088 438 τῇ
3112 364 3365 438 δαψιλείᾳ
3395 365 3506 421 τῶν
3538 366 3675 421 δυσ·

412 463 701 518 natandum
731 464 809 519 sic
837 473 897 519 ut
924 479 1034 520 non
1081 472 1440 534 mergeretur,
1467 478 1575 518 non
1611 463 1829 518 cederet
1880 476 1979 517 ne-

2117 459 2259 531 ερῶν
2301 460 2682 531 ἑπινήχεσθαι,
2737 460 2835 515 καὶ
2878 460 2981 514 οὐκ
3008 459 3308 527 ἐνδιδόναι,
3347 459 3410 513 οὐ
3450 458 3532 530 τῷ
3569 476 3671 514 πο-

410 554 596 624 quitiae
647 558 925 625 temporis,
967 570 1073 610 non
1120 554 1291 624 pejori
1325 554 1606 623 potestati,
1629 567 1858 623 eamque
1893 567 1985 609 se-

2116 551 2233 624 ηρῷ
2262 550 2443 623 καιρῷ
2475 550 2913 622 παραχωρῆσαι,
2937 549 3000 604 οὐ
3031 552 3098 622 τῇ
3131 549 3479 622 πονηροτέρᾳ
3508 549 3670 631 ἐξου-

411 642 703 710 quentibus
736 642 910 697 locum
964 642 1152 696 daret?
1184 641 1465 708 Quomodo
1521 657 1720 699 cavere
1770 650 1985 713 poterat

2122 645 2177 716 ίᾳ
2196 684 2211 708 ,
2248 644 2344 697 καὶ
2375 645 2491 707 τοῖς
2526 642 2730 714 ταύτην
2762 644 2959 711 ἀγουσι
2991 641 3179 696 δοῦναι
3207 641 3405 708 τόπον,
3435 641 3514 705 ὡς
3545 641 3624 714 μὴ
3647 681 3667 711 ,

413 738 475 783 ιιι
529 744 633 785 non
685 730 1001 785 laberentur
1062 730 1117 785 in
1165 740 1468 801 peccatum,
1518 734 1662 803 quod
1723 733 1986 788 adversus

2116 736 2208 804 όγε
2234 738 2315 799 είς
2348 734 2511 790 αὐτὸν
2535 730 2704 807 ἦκον,
2734 734 2981 806 ἁμαρτίᾳ
3013 734 3377 803 περιπεσεῖν;
3414 734 3525 787 Καὶ
3559 733 3673 802 γάρ

414 818 592 889 ipsum
627 820 951 888 patrabant?
980 818 1116 875 Nam
1166 836 1234 876 ne
1265 835 1358 876 eos
1381 821 1600 892 quidem
1632 836 1662 876 a
1698 836 1794 877 sua
1829 821 1986 877 abdi-

2122 825 2225 897 nsp
2255 824 2365 879 τῶν
2404 822 2821 895 ἐπηρεαζόντων
2867 823 2963 875 καὶ
3001 821 3306 875 διωκόντων
3344 821 3662 894 ἐφρόντιζε,

413 909 570 964 cahat
596 925 746 977 cura,
782 913 872 980 qui
909 911 1257 967 lacessebant
1291 912 1508 982 injuriis
1562 927 1800 983 eumque
1857 926 1987 984 per-

2118 916 2176 969 δν
2204 914 2528 970 διδάσκαλον
2559 913 2798 985 Χριστὸν
2827 913 2886 967 ὲν
2911 911 3088 984 τούτῳ
3116 912 3480 983 μιμούμενος.
3522 912 3667 967 Ἀλλ’

418 1002 812 1068 sequebantur,
870 1002 1075 1073 pietate
1128 1002 1332 1059 Christi
1377 1004 1699 1075 discipulum
1742 1002 1985 1058 imitans.

2117 1008 2184 1060 ὐκ
2213 1009 2411 1061 ἐκεῖνοι
2431 1004 2663 1060 τοιοῦτοί
2696 1004 2886 1066 ποθεν,
2910 1004 3030 1072 οἵγε
3054 1004 3197 1073 κατά
3226 1004 3322 1058 τοῦ
3355 1006 3670 1074 εὐεργετεῖν

413 1088 532 1145 Non
575 1092 656 1147 sic
691 1102 870 1148 autem
926 1095 1025 1161 illi,
1092 1110 1325 1164 quorum
1382 1109 1550 1148 unum
1591 1094 1697 1149 hoc
1747 1093 1986 1148 studium

2116 1095 2428 1169 πειρωμένου
2462 1096 2835 1166 ἐπιτιθέμενοι
2867 1097 3108 1168 σπουδὴν
3140 1096 3552 1153 ἀπεδείκνυντο.
3590 1100 3668 1154 Οὐ

415 1191 535 1236 erat
563 1191 724 1251 atque
765 1199 950 1255 opera,
984 1196 1042 1240 ut
1101 1185 1381 1242 beneﬂciis
1428 1184 1562 1242 solis
1609 1193 1823 1240 certare
1874 1184 2014 1239 stu-5

2116 1188 2195 1260 ’ἀρ
2227 1188 2555 1259 καθυφῆκαν
2588 1188 2709 1242 κατ’
2741 1186 2909 1241 αὐτοῦ
2949 1179 3081 1241 κενά
3124 1186 3362 1258 μελετᾷν
3385 1227 3398 1251 ,
3440 1188 3536 1242 καὶ
3573 1187 3670 1242 θα-

417 1272 635 1327 dentem
682 1274 893 1330 insidiis
941 1283 1280 1344 appeterent.
1334 1272 1444 1329 Nec
1489 1274 1633 1329 enim
1687 1274 1867 1328 inania
1933 1273 1986 1327 in

2116 1281 2281 1343 άτους
2322 1278 2667 1343 ιπαπειλεῖν,
2708 1277 2821 1331 ἐσθ’
2858 1278 2949 1331 ὅτε
3011 1278 3112 1348 τῆς
3165 1277 3344 1349 πύλης
3386 1278 3495 1346 ἔξω
3532 1279 3670 1349 (τῆς

417 1374 539 1415 eum
569 1362 836 1429 meditari,
864 1374 1176 1434 mortesque
1224 1365 1494 1420 intentare
1526 1364 1805 1419 desierunt
1839 1364 1989 1433 prius

2116 1367 2427 1438 Εκκλησίας
2453 1366 2636 1439 φημὶ)
2673 1365 2878 1434 ἐξῶσαι
2907 1366 3001 1419 καὶ
3036 1366 3429 1421 ἀποκτιννύναι
3460 1366 3669 1437 ὁμοθυ-

417 1465 581 1521 quatn
624 1462 779 1508 extra
838 1463 1051 1523 portam
1091 1453 1412 1526 (Ecclesium
1475 1454 1701 1522 scilicet)
1758 1452 1987 1522 ejectum

2116 1458 2258 1513 ιαδὸν
2279 1500 2293 1523 ,
2337 1460 2457 1512 κατ’
2489 1459 2704 1527 ἐκείνην
2727 1458 2823 1510 καὶ
2857 1456 3015 1510 αὐτο)⁸
3041 1456 3141 1526 τὴν
3172 1457 3461 1527 Κυριακὴν
3489 1473 3669 1527 παρα-

418 1542 751 1606 occiderent.
773 1545 928 1616 juxta
984 1546 1196 1603 Domini
1242 1546 1553 1616 parabolam
1597 1546 1741 1601 illam
1791 1547 1988 1601 unani-

2116 1548 2253 1620 ῑολὴν
2283 1549 2569 1619 λέγοντες,
2599 1548 2796 1614 Δεῦτε,
2830 1549 3277 1616 ἀποκτείνωμεν
3326 1547 3537 1613 αὐτὸν,
3569 1548 3667 1600 καὶ

418 1634 582 1691 ntiter
642 1637 928 1693 dicentes:
972 1637 1150 1695 Venite
1197 1639 1498 1693 occidamus
1531 1654 1674 1703 eum,
1722 1646 1770 1692 et
1820 1637 1988 1707 possi-

2116 1641 2484 1710 ιατὰσχωμεν
2498 1640 2614 1708 τὴν
2628 1640 3038 1709 κληρονομίαν
3055 1636 3433 1693 αὐτοῦ.”Οθεν
3449 1636 3526 1707 τῷ
3540 1637 3670 1691 ἀθο-

417 1726 638 1781 dcamus
684 1728 1039 1784 hereditatem
1077 1730 1192 1799 ejus
1218 1730 1284 1785 “'.
1306 1730 1439 1785 Cum
1478 1729 1663 1801 itaque
1714 1728 1988 1784 illumina-

2116 1728 2251 1801 ιώτῳ
2272 1709 2354 1784 νοτ
2371 1709 2713 1801 ίπροφητίκός
2740 1746 2826 1794 τις
2852 1729 2931 1783 ὢν
2967 1729 3061 1783 καὶ.
3091 1728 3306 1798 βλέπων
3330 1728 3402 1781 τὰ
3424 1729 3671 1799 εμπροσ-

420 1815 645 1871 tissimte
674 1818 870 1873 mentis
907 1818 1080 1884 radio,
1112 1819 1199 1875 cui
1224 1818 1523 1889 prophetici
1560 1818 1764 1890 aliquid
1789 1816 1997 1873 afﬂatus

2116 1821 2218 1884 ὶεν,
2254 1819 2352 1891 τὴν
2389 1819 2813 1890 πεπωρωμένην
2867 1818 3052 1873 αὐτῶν
3088 1818 3318 1887 καρδίαν
3360 1817 3505 1888 δρῶν
3534 1816 3672 1888 πρὸς

422 1906 626 1962 inesset
672 1908 742 1963 ad
790 1911 1062 1965 anteriora
1087 1910 1485 1980 prospicienda,
1533 1909 1747 1965 illorum
1789 1909 1856 1962 ad
1881 1922 1999 1963 sce-

2116 1910 2308 1980 ιῐματα
2345 1907 2531 1963 λοιπὸν
2584 1907 3003 1962 ἀποϐλέπουσαν
3026 1946 3042 1973 ,
3073 1906 3379 1960 ἐπιστέλλει
3419 1905 3497 1977 τῷ
3533 1922 3673 1977 κρα-

422 1994 508 2051 lus
552 2009 885 2054 escecatum
936 2010 1101 2071 atque
1152 2001 1205 2055 in
1254 2002 1454 2057 caedem
1493 2001 1776 2055 incitatum
1808 1999 1999 2067 depre-

421 2084 689 2141 henderet
720 2088 982 2155 animum,
1016 2090 1070 2144 in
1100 2090 1215 2145 haec
1245 2090 1407 2145 verba
1435 2091 1746 2159 imperatori
1775 2089 1994 2144 scribit:

493 2173 582 2231 68.
613 2176 875 2245 Exposcit
928 2188 1163 2249 tempus,
1193 2189 1251 2235 ut
1302 2181 1581 2237 humilitas
1642 2190 1849 2247 nostra,
1879 2194 2001 2250 quae

423 2266 479 2320 in
523 2268 663 2323 hanc
692 2270 1073 2329 necessitatem
1104 2281 1267 2343 atque
1304 2273 1727 2329 invaletudinem
1759 2272 1998 2337 devenit,

424 2358 495 2413 ad
526 2359 654 2426 justi
708 2373 951 2419 tenacem
988 2365 1320 2433 maiestatem
1347 2375 1581 2421 vestram
1629 2366 1743 2421 haec
1780 2365 1997 2420 referat.

426 2446 699 2505 Hactenus
724 2466 820 2521 pro
843 2452 985 2508 virili
1013 2462 1198 2509 nOstra
1226 2454 1479 2510 facultate
1514 2455 1725 2512 tuendae
1756 2455 2002 2511 veritatis

427 2552 493 2592 ac
522 2539 740 2608 pietatis
779 2556 940 2597 causa
992 2543 1413 2611 decertavimus,
1436 2559 1612 2615 neque
1657 2560 1846 2601 eorum
1884 2560 2003 2616 qua:

429 2632 603 2686 nostri
661 2634 901 2690 muneris
953 2645 1109 2690 erant
1138 2636 1454 2713 .quidquam
1491 2637 1737 2693 videmur
1787 2637 2004 2693 subtra-

428 2722 596 2787 xisse,
630 2733 986 2794 procurantes
1015 2735 1074 2782 ut
1103 2741 1277 2795 neque
1297 2728 1603 2797 petentibus
1640 2727 1872 2782 defuerit
1889 2741 2006 2782 ser-

434 2810 610 2865 monis
634 2812 948 2870 conferendi
981 2814 1234 2883 facultas,
1265 2830 1441 2885 neque
1464 2815 1712 2889 doctrina
1741 2814 2007 2886 recipien-

435 2902 599 2959 tibus.
652 2903 943 2976 Postquam
999 2921 1128 2962 vero
1185 2921 1252 2963 eo
1310 2907 1531 2964 nomine
1598 2907 2004 2963 tribulationem

433 3009 648 3049 onmem
667 3006 722 3050 et
748 2996 1053 3067 angustiam
1074 2997 1550 3069 atllictionemque,
1571 2999 1870 3066 infamiam,
1888 3012 2008 3054 car-

433 3104 609 3152 ceres,
640 3089 1085 3160 proscriptiones,
1114 3090 1490 3145 fantulantium
1518 3093 1683 3147 etiam
1732 3089 2004 3160 jacturam

434 3178 779 3249 pertulimus,
811 3194 877 3234 eo
908 3180 1121 3236 tandem
1154 3190 1519 3250 proruperunt
1545 3181 1788 3252 quidam,
1825 3182 1917 3252 qui
1949 3194 2010 3236 se

435 3268 720 3337 episcopos
752 3266 963 3336 dicunt,
996 3278 1054 3325 ut
1107 3268 1364 3337 majorem
1408 3270 1687 3340 prioribus
1731 3280 2010 3326 contume-

433 3354 563 3408 liam
587 3357 743 3411 nobis
774 3358 1076 3428 probroque
1107 3358 1436 3429 irrogarent,
1460 3374 1580 3414 cum
1612 3359 1754 3428 vulgi
1778 3359 2012 3415 circum-

440 3443 649 3500 foranei
706 3447 858 3502 turba
895 3448 1199 3519 gladiisque
1250 3463 1314 3505 ac
1357 3449 1519 3520 lignis
1564 3449 1829 3506 instructa
1873 3450 2008 3507 olfe-

375 3604 384 3613 .
438 3546 622 3593 rentes
649 3553 707 3594 se
735 3540 908 3596 nobis.
939 3541 1118 3609 Atque
1146 3540 1219 3595 illi
1253 3540 1493 3611 quidem,
1524 3541 1764 3612 cujusvis
1793 3541 2013 3613 generis

440 3628 685 3683 convicia
711 3628 1049 3700 injuriasque
1072 3629 1412 3700 impudenter
1440 3630 1910 3702 inverecundeque
1958 3631 2013 3687 in

439 3731 540 3772 nos
580 3717 959 3787 iactaverunt;
1000 3735 1175 3790 neque
1207 3719 1303 3776 Dei
1355 3722 1605 3777 timorem
1646 3721 2015 3791 concipientes

439 3808 643 3873 animo,
677 3823 779 3864 nec
821 3810 930 3864 ulla
966 3811 1112 3865 ducti
1145 3813 1444 3867 reverentia
1477 3828 1606 3883 erga
1644 3828 1800 3868 suunt
1845 3827 2015 3883 quon-

441 3900 564 3952 dam
598 3899 909 3968 prtesulent,
953 3915 1186 3972 eumque
1208 3912 1446 3960 extrema
1495 3904 1903 3959 decumbentem
1924 3918 2018 3958 va-

444 3988 722 4054 letudine,
779 4005 843 4046 ac
891 3991 1348 4069 solo‘languente
1385 3994 1583 4065 spiritu
1632 3994 2015 4065 superstitem;

445 4081 598 4136 turba
651 4096 800 4148 vero,
829 4098 948 4153 quae
1002 4084 1125 4140 illos
1179 4085 1576 4153 comitabatur,
1609 4095 1723 4141 tum
1772 4100 1859 4141 me
1906 4094 2019 4140 tum

443 4174 782 4229 decessorem
804 4176 1101 4232 antistitem
1155 4176 1291 4232 diris
1313 4177 1531 4234 devovit
1560 4198 1574 4233 :
1595 4178 1736 4247 quod
1757 4177 2022 4233 ambobus

444 4265 735 4333 gloriosum
766 4276 852 4322 est
876 4276 932 4322 et
964 4269 1130 4324 decus
1157 4269 1471 4324 maximum.
1500 4268 1677 4339 Super
1698 4270 1815 4324 haec
1841 4277 2021 4323 autem

2096 1999 2279 2055 τοῦντι
2301 1999 2391 2055 διὰ
2416 1998 2618 2067 λέξεως
2647 1992 2751 2053 ὦδε
2775 2014 2791 2031 ⁸

2171 2174 2272 2247 ξῆῆ
2325 2176 2535 2249 Καιρδς
2580 2176 2803 2231 ἀπαιτεῖ
2849 2175 2951 2249 τὴν
2993 2176 3273 2249 ἡμετέραν
3309 2168 3673 2242 ταπείνωσιν,

2099 2267 2182 2331 είς
2208 2266 2307 2340 τὴν
2338 2268 2661 2339 περίστασιν
2682 2267 2889 2340 ταύτην
2910 2268 3005 2323 καὶ
3027 2267 3129 2340 τὴν
3164 2267 3488 2340 σωματικὴν
3513 2267 3678 2323 ἀσθέ-

2100 2376 2250 2414 νειαν
2300 2358 2596 2426 ἐλθόντας,
2624 2359 2799 2414 ταῦτα
2852 2360 2989 2431 πρὸς
3029 2360 3093 2413 τὸ
3133 2360 3471 2430 φιλοδίκαιον
3519 2358 3676 2429 ὐμῶν

2102 2450 2302 2521 κράτος
2340 2451 2659 2519 ἀναγαγεῖν.
2695 2450 2842 2515 Ἕως
2870 2450 2966 2504 τοῦ
2990 2450 3085 2504 νῦν
3110 2451 3502 2522 ἠγωνισάμεθα
3533 2450 3679 2505 κατά

2100 2540 2201 2613 τὴν
2231 2539 2462 2610 δύναμιν
2489 2537 2649 2611 ἡμῶν
2682 2538 2824 2610 ὑπὲρ
2845 2539 2947 2608 τῆς
2970 2538 3231 2610 ἀληθείας
3263 2539 3357 2593 καὶ
3382 2538 3486 2608 τῆς
3519 2538 3679 2590 εὐσε⁸

2102 2630 2295 2695 ϐείαςο
2330 2632 2445 2698 καὶ,
2486 2631 2563 2694 ὡς
2608 2630 2909 2701 δοκοῦμεν,
2953 2630 3108 2684 οὐδὲν
3145 2630 3529 2699 παρελίπομεν
3571 2627 3680 2681 τῶν

2103 2722 2607 2795 κεχρεωστημένων
2639 2724 2774 2794 ἡμῖν
2795 2763 2810 2791 ,
2852 2722 2990 2793 μήτε
3020 2721 3157 2792 πρὸς
3182 2720 3419 2788 διάλεξιν
3455 2719 3566 2774 τῶν
3597 2720 3684 2773 αί-

2103 2812 2362 2880 τούνιων,
2379 2817 2515 2885 μήτε
2543 2813 2678 2884 πρὸς
2702 2812 3053 2867 διδασκαλίαν
3075 2812 3183 2865 τῶν
3211 2810 3520 2883 δεχομένων
3549 2809 3685 2865 καθ-

2105 2902 2525 2975 υστερήσαντες.
2572 2902 2795 2973 Ἐπειδὴ
2858 2902 2915 2956 δὲ
2948 2901 3039 2956 διά
3093 2899 3252 2955 τοῦτο
3288 2902 3472 2955 πᾶσαν
3504 2899 3684 2969 θλίψιν

2107 2993 2205 3048 καὶ
2235 2993 2598 3065 στενοχωρίαν
2617 2994 2712 3047 καὶ
2738 2993 2984 3046 κάκωσιν
3011 2989 3411 3061 ὑπεμείναμεν,
3432 2987 3683 3058 ἀτιμίας,

2110 3083 2386 3153 φυλακὰς,
2426 3083 2740 3155 δημεύσεις,
2783 3082 2891 3136 τῶν
2936 3081 3359 3153 ὑπηρετούντων
3410 3080 3544 3150 ἡμῖν
3583 3079 3687 3148 τὴν

2111 3174 2348 3247 βλάϐηντ
2381 3176 2445 3229 τὸ
2483 3175 2794 3229 τελευταῖον
2822 3170 2978 3248 ἧλον,
3020 3175 3164 3238 τινὲς
3225 3173 3511 3235 δοκοῦντες
3548 3165 3688 3224 εἶναι

2109 3266 2402 3321 ἐπίσκοποι
2430 3308 2445 3333 ,
2478 3267 2571 3320 καὶ
2606 3265 2826 3319 πλείονα
2874 3265 2985 3318 τῶν
3019 3263 3403 3337 προλαϐόντων
3425 3260 3533 3333 ’τὴν
3568 3262 3690 3316 ἀτι-

2115 3356 2245 3430 μίαν
2294 3359 2427 3428 ἡμῖν
2469 3357 2861 3428 προσήγαγον,
2906 3356 3301 3429 ἐπιφερόμενοι
3330 3354 3488 3424 ὄχλον
3521 3353 3692 3422 ἀγυρ-

2110 3449 2257 3520 τὼδη
2280 3450 2376 3504 καὶ
2409 3448 2701 3520 δημοτικὸν
2731 3448 2869 3519 μετά
2898 3448 3184 3520 μαχαιρῶν
3210 3447 3306 3501 καλ⁵
3336 3446 3533 3512 ξύλων,
3564 3446 3688 3498 ἑπι-

2115 3545 2412 3614 στήσαντες
2443 3543 2575 3612 ἡμῖν
2604 3539 2821 3603 αὐτούς.
2858 3540 2967 3594 Καὶ
2993 3539 3150 3593 αὐτοὶ
3183 3537 3281 3607 μὲν
3315 3537 3498 3590 πᾶσαν
3529 3534 3689 3606 ὓϐριν

2114 3633 2491 3705 ἀναισχύντως
2544 3633 2639 3687 καὶ
2675 3630 2910 3694 ἀναιδῶς
2944 3630 3365 3702 προσήνεγκαν,
3422 3627 3558 3698 μήτε
3597 3625 3693 3679 τὸν
3772 3614 3779 3620 ’

2117 3725 2282 3795 φόϐον
2313 3723 2407 3778 τοῦ
2441 3723 2578 3777 Θεοῦ
2617 3723 2675 3776 ὲν
2736 3721 2811 3792 νῷ
2838 3719 3117 3783 λαϐόντες,
3156 3721 3291 3791 μήτε
3322 3717 3398 3782 ὡς
3428 3715 3695 3788 ἀρχιερέα

2117 3816 2295 3873 αὐτῶν
2325 3832 2458 3869 ποτε
2502 3813 2763 3884 γεγονότα
2813 3810 3237 3881 εὐλαϐηθέντες,
3284 3808 3380 3863 καὶ
3426 3808 3607 3861 ταῦτα
3635 3808 3694 3861 ὲν

2118 3908 2326 3980 ἐσχάτῃ
2368 3906 2621 3977 ἀσθενείᾳ
2675 3903 2949 3973 κείμενον,
3001 3902 3098 3955 καὶ
3144 3900 3245 3973 τὴν
3299 3899 3468 3969 πνοὴν
3533 3897 3695 3969 μόνον

2120 3997 2341 4070 ἔχοντα’
2384 3998 2433 4051 οἱ
2460 3995 2519 4050 δὲ
2554 3995 2699 4066 δχλοι
2747 3993 2847 4065 ὲμέ
2872 4010 2930 4047 τε
2961 3991 3172 4046 καὶτὸν
3212 3990 3559 4063 προλαϐόντα
3593 3989 3698 4060 ἁρ-

2120 4087 2313 4160 χιερέα
2363 4089 2477 4149 τοῖς
2511 4085 2850 4155 ἀναθέμασιν
2879 4082 3122 4149 ἔϐαλλον,
3148 4082 3286 4152 ὅπερ
3311 4083 3446 4151 ἡμῖν
3471 4079 3697 4149 γέγονεν

2123 4178 2369 4251 εὐφημία
2399 4179 2495 4232 καὶ
2524 4176 2802 4247 ιγκὼμιον
2836 4174 3116 4245 μέγιστον.
3145 4171 3302 4227 Μετά
3326 4170 3498 4225 ταῦτα
3520 4171 3701 4224 πάντα

2124 4271 2194 4327 τά
2244 4271 2392 4325 κακά
2442 4268 2784 4339 ἠκούσαμεν,
2840 4267 2924 4320 δτι
2978 4268 3027 4320 oi
3082 4265 3183 4335 τῆς
3212 4262 3471 4333 ἀληθείας
3511 4261 3700 4332 ἐχθροὶ

445 4356 627 4411 omnia
665 4357 807 4412 utala
840 4367 987 4415 certa
1017 4362 1246 4430 cognovi
1272 4361 1540 4416 relatione
1563 4360 1809 4429 veritatis
1838 4360 2014 4415 hostes

2125 4362 2317 4432 ἐνεδρα
2356 4359 2478 4414 καθ’
2515 4358 2674 4430 ἡμῶν
2700 4356 3115 4423 συσκευάζουσι,
3162 4353 3473 4425 βουλόμενοι
3517 4351 3703 4406 ἐπιθέ-

447 4444 708 4500 adversus
746 4460 845 4501 nos
869 4446 1098 4507 insidias
1142 4458 1399 4505 struere:
1439 4449 1601 4520 idque
1628 4448 1736 4503 illis
1763 4448 2026 4521 constitu-

450 4541 566 4587 tum
596 4546 736 4598 esse,
764 4543 826 4588 ut
848 4535 932 4589 vel
956 4534 1229 4607 deponant
1260 4538 1345 4593 vel
1369 4537 1486 4593 neci
1517 4538 1732 4593 tradant
1750 4538 2022 4592 violentae.

451 4620 529 4676 Ne
557 4637 687 4694 ergo
728 4623 908 4680 scelus
940 4633 1148 4680 tantum
1189 4625 1304 4693 fiat,
1331 4626 1492 4697 inque
1522 4627 1862 4698 majestatem
1904 4640 2027 4682 ves-

454 4721 593 4766 tram
623 4714 828 4769 crimen
858 4714 1082 4783 recidat,
1106 4731 1229 4772 cum
1264 4716 1436 4784 major
1469 4717 1615 4773 nulla
1655 4717 1710 4772 in
1749 4731 1847 4774 nos
1900 4732 2025 4787 per-

452 4803 659 4857 secutio
707 4804 1006 4874 excogitari
1054 4808 1249 4876 possit,
1280 4822 1503 4863 necesse
1559 4808 1782 4864 omnino
1829 4816 1914 4863 est
1967 4817 2025 4864 ut

455 4891 792 4962 invitiatque
825 4895 1089 4965 nolentes,
1118 4898 1261 4953 velut
1285 4898 1353 4953 ab
1392 4897 1620 4955 infensis
1661 4898 1817 4955 nobis
1863 4899 2028 4955 hosti-

455 4985 561 5040 bus
613 4988 1047 5055 persecutionem
1098 4991 1267 5061 passi,
1306 5000 1491 5048 nostra
1537 4991 1831 5063 migremus
1876 4992 2026 5059 sede,

458 5076 656 5132 divinis
695 5077 837 5134 circa
868 5093 971 5135 nos
999 5094 1194 5152 resque
1244 5091 1461 5139 nostras
1482 5083 1701 5152 iudiciis
1749 5093 1806 5141 et
1842 5084 2027 5153 dispo-

459 5167 646 5223 sitioni
688 5170 1117 5241 acquiescentes,
1162 5174 1390 5245 ejusque
1434 5175 1755 5247 benignitati
1811 5183 2032 5247 agentes

459 5273 554 5327 gra
563 5259 681 5314 tias.

536 5411 581 5443 "
634 5412 824 5469 Matth.
853 5416 1077 5483 311,58.

476 5560 500 5594 ι
534 5544 812 5621 Christum
843 5550 1157 5621 magistrum
1189 5550 1244 5605 in
1287 5549 1659 5621 hocimitatus
1685 5566 1705 5621 :7
1741 5566 1759 5599 ι
1796 5545 1900 5621 Pro
1926 5562 2032 5621 quo

444 5617 653 5701 ἰιεεείι)
678 5616 1230 5691 (ιιιοιηοάυίεευίιιετὶι
1255 5660 1272 5690 ,
1308 5640 1327 5674 ι
1361 5619 1562 5690 pietate
1585 5616 1782 5675 Christi
1812 5617 2045 5688 discipu-

2127 4453 2253 4507 σθαι
2299 4453 2454 4523 ἡμῖν,
2503 4449 2598 4503 καὶ
2640 4450 2673 4520 ῆ
2710 4445 3050 4519 ἀναίρεσινῆ
3079 4443 3358 4508 κατένεξιν
3394 4443 3578 4513 βιαίαν
3606 4442 3703 4497 καὶ

2127 4542 2423 4614 θανατικὴν
2456 4538 2786 4612 ποιήσασθαι
2814 4540 2896 4601 είς
2929 4538 3099 4608 ἡμᾶς.
3133 4535 3230 4590 Ἴν⁹
3260 4531 3357 4590 οὖν
3389 4535 3590 4591 ἄτοπον
3625 4534 3702 4606 μὴ

2124 4635 2371 4707 γένηται,
2399 4630 2798 4704 μηδὲάμαρτία
2817 4627 3111 4701 ἀναδράμῃ
3130 4626 3210 4691 είς
3236 4626 3298 4680 τδ
3317 4627 3522 4698 κράτος
3546 4624 3703 4695 ὐμῶν

2126 4729 2146 4797 (
2164 4726 2352 4797 ἐπειδὴ
2379 4723 2602 4777 πλείονα
2622 4719 2864 4791 διωγμὸν
2886 4718 3241 4791 ἐπινοηθῆναι
3266 4718 3391 4773 καθ’
3423 4716 3581 4788 ἡμῶν
3600 4717 3705 4770 οὐκ

2131 4819 2335 4887 ἐστιν),
2358 4817 2584 4879 ἄκοντες
2629 4815 2725 4868 καὶ
2766 4811 2843 4885 μὴ
2890 4811 3226 4883 βουλόμενοι,
3250 4810 3345 4864 καὶ
3379 4808 3705 4879 διωκόμενοι

2131 4909 2237 4963 ὐπὸ
2282 4906 2392 4961 τῶν
2444 4903 2880 4976 ἐπηρεαζόντων.
2914 4899 3127 4971 ἀνάγκη
3184 4901 3336 4954 πᾶσα
3370 4898 3706 4970 μεταστῆναι

2131 4999 2283 5071 ἡμᾶς
2319 4993 2415 5050 τοῦ
2449 4994 2641 5067 θρόνου
2677 4991 2862 5064 ἡμῶν·
2893 4991 2989 5045 καὶ
3015 4989 3090 5055 ὡς
3137 4990 3166 5042 δ
3199 4989 3333 5054 Θεὸς
3384 4990 3563 5059 κρινεῖ
3609 4987 3709 5041 καὶ

2133 5087 2482 5160 οἰκονομήσει
2532 5083 2601 5138 τά
2627 5082 2753 5137 καθ’
2796 5081 2964 5152 ἡμᾶς,
3012 5078 3315 5150 στέργομεν
3347 5079 3444 5131 καὶ
3475 5077 3709 5147 εὐχαριο

2139 5181 2369 5253 στοῦμεν
2392 5181 2459 5250 τῇ
2487 5175 2788 5246 ἀγαθότητι
2813 5171 3001 5227 αὐτοῦ.

2144 5545 2253 5598 lum
2288 5541 2513 5597 imitari.
2554 5561 2571 5594 ι
2616 5540 2767 5609 Quod
2798 5546 2949 5595 esset
2974 5537 3039 5609 ad
3071 5543 3317 5609 sanctum
3346 5532 3704 5600 Stephanum,

2152 5614 2217 5669 dc
2253 5630 2356 5683 quo
2394 5612 2567 5668 nullus
2594 5607 2680 5667 hic
2708 5625 2886 5667 sermo
2907 5648 2921 5675 ,
2953 5607 3315 5664 referendum.
