4022 6218
287 263 388 329 129

281 469 585 541 ἐπιστολὴν
616 467 939 536 δεξάμενος,
977 470 1072 523 καὶ
1103 472 1335 540 μανικόν
1361 489 1415 525 τι
1445 475 1540 526 καὶ
1569 474 1879 546 σαρδόνειον

289 561 760 633 περιμειδιάσας,
815 561 911 612 ἐπὶ
939 563 1006 632 τῇ
1049 562 1492 636 προδεικνυμένῃ
1527 565 1616 636 βίᾳ
1655 569 1876 637 προστί-

283 652 413 723 θησι
475 652 782 722 βιαιότερα.
832 650 924 721 Τῷ
969 651 1078 722 γὰρ
1109 652 1432 723 φρουράρχῃ
1478 655 1752 726 πατρικίῳ
1783 657 1877 710 τοῦ

286 742 556 814 θεοφόρου
582 742 800 813 Πατρός
828 741 1231 813 στρατιωτικὴν
1275 744 1604 815 ἐγχειρήσας
1647 746 1878 818 ἀπόμοι-

288 853 417 908 ραν,
451 833 729 904 μεσούσης
802 833 904 904 ήδη
939 834 1156 898 νυκτὸς,
1196 833 1288 888 τὸν
1320 835 1412 888 τοῦ
1447 838 1625 904 φωτὸς
1669 839 1876 911 Κυρίου

288 919 671 999 [λαμπτῆρα]
692 921 1104 993 ὲξοστρακίζειν
1133 923 1443 979 ἐκέλευσεν.
1477 925 1542 978 Τί
1572 925 1767 995 teuto;
1801 930 1876 982 Οὑ

280 1016 385 1086 τῆς
399 1013 541 1070 κατὰ
569 1012 804 1086 Χριστὸν
828 1013 1240 1078 ὲπισυστάσεως
1258 1014 1569 1070 διαλλάττει
1595 1018 1658 1071 τὸ
1689 1018 1878 1090 δρᾶμα

284 1108 385 1160 καὶ
440 1105 765 1175 σύνταγμα·
831 1103 951 1156 οὑδὲ
995 1103 1105 1176 γὰρ
1157 1104 1264 1171 ἔξω
1305 1107 1496 1170 νυκτὸς
1545 1110 1743 1162 ἐκεῖνοι
1776 1111 1876 1174 τὰς

283 1197 434 1252 κατὰ
473 1195 713 1267 Χριστοῦ
752 1194 916 1267 βολὰς
965 1195 998 1266 ἢ
1049 1195 1345 1262 ὲπιῆουλὰς
1393 1198 1720 1266 διετίθεσαν,
1780 1204 1875 1254 καὶ⁵

280 1286 438 1345 οὗτοι
463 1289 634 1342 νύκτα
662 1289 962 1358 συνήγορον
996 1286 1211 1358 ἔχοντες
1243 1289 1330 1342 ἐπ’
1362 1289 1453 1363 ἴσῃ
1491 1291 1751 1364 προδοσίᾳ
1780 1292 1874 1347 τοῦ

283 1381 457 1436 καλοῦ
482 1380 752 1450 Ποιμὲνος
782 1379 1151 1449 ἐλεγχόμενοι.
1206 1379 1266 1432 '0
1288 1380 1345 1433 δὲ
1373 1380 1473 1450 τὴν
1501 1381 1650 1452 ὥραν
1682 1383 1874 1454 ἐληλυ-

281 1473 460 1537 θυῖαν,
491 1473 584 1524 καὶ
605 1471 704 1542 τὴν
743 1473 974 1541 σπεῖραν
1011 1471 1102 1523 ἐπ’
1137 1469 1300 1523 αὑτὸν
1330 1471 1574 1542 ἐμπίδων
1594 1472 1750 1542 δίκην
1781 1474 1875 1528 καὶ

282 1565 583 1636 παρνόπων
638 1562 910 1634 ᾲττόντων
968 1559 1267 1631 θεώμενος,
1319 1563 1551 1632 αἰτήσας
1596 1563 1751 1634 φῶτα
1779 1566 1874 1618 καὶ

281 1661 382 1726 τῆς
440 1655 630 1723 κλίνης
679 1654 1009 1718 διαναστὰς,
1068 1653 1378 1724 ὑπερείδειν
1410 1655 1577 1708 αὑτὸν
1627 1655 1708 1708 ἐνὶ
1763 1657 1872 1709 τῶν

1817 275 2016 339 VITA.

353 377 455 446 ἔθ’.
495 376 714 448 Ταύτην
856 375 1086 450 πληγὴνξ
1109 378 1349 450 ὑστάτην
1397 382 1424 434 ό
1453 382 1754 454 κοπρόνους
1781 387 1862 458 rip

3459 348 3560 375 ιυν

2060 391 2149 448 69.
2195 393 2306 451 llac
2329 399 2555 468 epistola
2582 417 2680 460 ceu
2717 404 3009 462 novissima
3043 407 3197 481 plaga
3221 423 3442 484 accepta
3479 417 3564 471 in-

3459 303 3560 375 130

1981 484 2393 553 quinatissimus
2434 492 2522 548 ille
2561 495 2801 561 animus,
2829 495 3206 569 furiosumque
3243 502 3445 572 aliquid
3494 521 3560 561 ac

1981 576 2292 633 sardonium
2342 583 2674 642 subridendo
2724 589 3180 657 immurmurans,
3233 593 3331 659 illi,
3394 610 3559 665 quam

1981 669 2244 726 hactenus
2283 678 2614 746 ostenderat,
2649 680 2919 738 violentia:
2948 683 3263 740 violentiora
3294 687 3558 759 adjungit.

1979 759 2214 818 Patricio
2239 779 2494 835 namque,
2514 769 2658 826 illius
2688 774 2926 828 carceris
2946 789 3052 843 quo
3070 776 3279 832 divinus
3293 779 3451 835 Pater
3483 793 3564 837 te-

1987 853 2217 907 nebatur
2234 856 2489 924 praefecto
2509 859 2600 930 (c).
2622 865 2922 918 contradita
2943 866 3162 922 militari
3185 884 3369 934 manu,
3384 872 3558 926 media

1991 952 2153 999 nocte
2182 944 2478 1002 Dominica:
2516 949 2654 1005 lucis
2688 954 2968 1023 prazcepit,
2999 965 3060 1010 ut
3097 958 3268 1012 virum
3307 971 3556 1015 sanctum

1979 1033 2032 1087 in
2057 1034 2312 1090 exsilium
2363 1039 2700 1106 deportaret.
2724 1041 2836 1097 Cur
2870 1059 3000 1100 vero
3051 1047 3194 1101 istud
3215 1048 3240 1103 ἲ
3263 1047 3467 1119 Nempe
3500 1060 3559 1107 ut

1977 1124 2156 1180 fabula
2180 1137 2234 1182 et
2267 1129 2600 1186 machinatio
2628 1147 2867 1201 praesens
2900 1136 2967 1189 ah
2992 1151 3056 1191 ea
3102 1153 3224 1208 quae
3249 1140 3300 1194 in
3342 1141 3558 1199 Christo

1977 1226 2348 1276 antmesserat
2392 1223 2772 1292 coniuratione
2829 1241 2934 1284 non
2981 1228 3270 1286 dissideret
3302 1250 3316 1285 :
3349 1248 3473 1288 nam
3503 1245 3560 1290 et

1977 1309 2056 1365 illi
2092 1313 2271 1367 noctis
2294 1312 2562 1370 beneﬂcio
2597 1317 2679 1371 usi
2708 1332 2836 1374 suas
2865 1321 2916 1374 in
2947 1319 3223 1376 Christum
3276 1325 3557 1383 machinas

1977 1412 2136 1472 atque
2202 1404 2426 1460 insidias
2483 1409 2897 1476 instruxerunt;
2935 1423 2990 1466 et
3045 1414 3096 1467 hi
3152 1416 3317 1470 simili
3376 1419 3554 1475 noctis

1977 1491 2190 1548 favente
2221 1495 2458 1563 silentio,
2503 1513 2690 1566 parem
2751 1501 2876 1554 boni
2914 1505 3148 1570 pastoris
3190 1506 3552 1574 proditionem

1974 1593 2318 1653 perpetrasse
2347 1600 2672 1648 noscuntur.
2716 1591 2832 1659 Ipse
2877 1608 3039 1660 porro
3091 1596 3280 1650 horam
3341 1599 3553 1654 venisse

1977 1675 2184 1742 videns,
2213 1685 2268 1730 et
2297 1678 2577 1734 cohortem
2632 1681 2864 1736 culicum
2895 1683 3068 1738 instar
3116 1701 3180 1740 ac
3219 1686 3552 1744 locustarum

285 1747 556 1801 εἰωθότων
584 1745 954 1816 προσέταττεν
982 1743 1102 1814 (ἔτι
1133 1745 1242 1814 γὰρ
1281 1745 1342 1797 τὸ
1367 1747 1467 1816 τῆς
1496 1745 1654 1799 νόσου
1684 1747 1862 1818 ἤκμα-

1969 1765 2277 1821 salientium
2307 1769 2406 1823 sibi
2442 1769 2783 1838 ingruentem
2813 1785 3098 1843 contuens,
3127 1777 3312 1832 lumen
3351 1779 3547 1834 inferri

286 1839 377 1904 ζεν
403 1838 653 1908 ἄλγημα,
706 1836 858 1906 καὶή
888 1835 1167 1888 διοικοῦσα
1201 1835 1262 1888 τὸ
1299 1835 1458 1906 σῶμα
1500 1837 1733 1893 ὑπέλυεν
1782 1838 1875 1892 δύ-

284 1930 471 2000 ναμις.)
493 1945 506 1958 ’
544 1930 640 1982 καὶ
674 1931 745 1998 τῇ
771 1927 872 1998 μὲν
903 1929 1028 1998 λαιᾷ
1049 1926 1119 1980 τὰ
1143 1927 1243 1997 τῆς
1264 1927 1572 1994 ἀσθενείας,
1611 1929 1686 1993 ὡς
1715 1929 1870 2002 ἔφην,

285 2022 592 2094 ὑπέρειδεν,
633 2024 700 2092 τῇ
741 2021 892 2091 δεξιᾷ
917 2019 973 2072 δὲ
1017 2019 1112 2072 τοῦ
1149 2020 1296 2074 θείου
1342 2023 1748 2093 ἐπειλημμένος
1772 2041 1873 2077 πυ·-

288 2117 473 2186 ρείου,
503 2114 604 2178 τὰς
639 2114 749 2166 τῶν
791 2113 956 2185 ἱερῶν
1008 2111 1236 2167 ἐκείνων
1292 2113 1552 2185 ταμιείων
1608 2115 1871 2181 εὑωδίαζε

283 2208 533 2278 δώματα.
565 2206 785 2268 Φθάσας
819 2201 912 2259 οὖν
947 2205 1028 2268 είς
1054 2204 1147 2257 τὸν
1173 2203 1267 2257 τοῦ
1303 2205 1564 2276 μεγίστου
1616 2206 1722 2260 νεὼ
1773 2225 1870 2260 πε-

285 2300 549 2370 ρίπυστον
578 2298 694 2367 (25)
741 2299 1178 2368 κατηχούμενον,
1207 2297 1266 2349 ὲν
1297 2289 1343 2364 ᾧ
1370 2297 1628 2362 πολλάκις
1663 2299 1866 2354 παννύ-

279 2405 404 2460 χοις
441 2390 693 2461 ἐλιπάρει
723 2389 785 2442 τὸ
819 2389 974 2442 Θείον
1020 2389 1296 2455 ἐντεύξεσι
1317 2429 1332 2454 ,
1380 2390 1526 2443 δυοῖν
1556 2389 1862 2460 λαμπάδοιν

283 2483 507 2553 ὑφῆπτε
551 2481 759 2552 κηρῶν,
802 2478 921 2534 εἶτα
954 2481 1026 2535 τὰ
1057 2483 1114 2534 ὲν
1161 2482 1318 2552 χερσὶ
1353 2481 1573 2552 μεθεὶς,
1604 2483 1863 2556 ἀνωτέρω

275 2589 342 2625 τε
393 2571 507 2626 τῶν
549 2573 844 2643 δρωμένων
873 2575 1186 2644 γενόμενος,
1223 2573 1284 2626 τὸ
1315 2573 1413 2646 μὲν
1444 2573 1606 2645 σῶμα
1643 2575 1854 2646 πρηνὲς

275 2665 361 2726 είς
399 2664 511 2732 γῆν
547 2663 890 2730 καταϐαλὼν,
933 2664 1116 2735 δρθιον
1152 2665 1210 2718 δὲ
1249 2663 1348 2736 τὴν
1369 2663 1548 2738 ψυχὴν
1580 2666 1866 2730 ἀνατείνας

276 2756 360 2818 είς
387 2754 621 2824 οὐρανόν
660 2771 675 2786 υ

1974 1855 2158 1924 jussit,
2208 1873 2270 1912 ac
2292 1873 2349 1913 se
2406 1859 2604 1916 lectulo
2659 1863 2896 1933 erigens,
2943 1883 3106 1920 unum
3157 1882 3189 1923 e
3241 1869 3553 1926 domesticis

1979 1947 2250 2004 fulciendo
2295 1951 2399 2006 sibi
2442 1968 2663 2023 operam
2719 1959 3066 2014 commodare
3115 1959 3308 2028 jubet:
3339 1963 3553 2030 vigebat

1977 2038 2122 2092 enim
2175 2039 2350 2096 adhuc
2400 2043 2742 2109 mgritudinis
2805 2046 3006 2112 dolor,
3064 2063 3128 2103 ac
3182 2064 3287 2118 qua
3347 2054 3552 2120 regitur

1975 2141 2195 2196 corpus,
2230 2128 2516 2186 fatiscebat
2562 2132 2815 2189 facultas.
2843 2134 3031 2206 Itaque
3057 2141 3279 2193 sinistra
3308 2143 3547 2208 quidem,

1977 2211 2051 2266 uti
2105 2214 2391 2283 dicebam,
2440 2218 2862 2276 imbecillitatem
2917 2235 3271 2292 sustentans,
3329 2229 3549 2284 dextera

1977 2304 2306 2362 thuribulum
2353 2312 2579 2380 accepit,
2627 2323 2682 2368 et
2727 2329 3010 2370 sacrarum
3071 2319 3283 2373 illarum
3349 2323 3547 2376 aedium

1979 2401 2116 2448 tecta
2143 2399 2296 2452 suavi
2347 2398 2602 2455 lustravit
2655 2403 2913 2474 incenso;
2953 2409 3281 2478 veniensque
3313 2411 3364 2464 in
3405 2420 3544 2466 tem-

1973 2485 2045 2554 pli
2075 2488 2299 2543 maximi
2335 2492 2638 2548 exaudibile
2664 2498 3156 2565 catechumenium,
3180 2501 3269 2556 ubi
3291 2519 3395 2558 non
3424 2520 3547 2559 raro

1971 2577 2454 2646 supplicationibus
2502 2583 2554 2638 in
2616 2593 2756 2640 totas
2812 2589 3092 2657 productis
3145 2604 3330 2648 noctes
3375 2593 3545 2650 Deum

1969 2671 2263 2728 obsecrare
2323 2689 2702 2745 consueverat,
2747 2681 2882 2738 duos
2932 2687 3178 2740 accendit
3215 2703 3405 2744 cereos
3443 2691 3542 2760 (ά),

1969 2760 2358 2836 dimittensque
2384 2782 2447 2822 ea
2477 2770 2680 2836 omnia,
2709 2787 2828 2842 qua;
2865 2775 2918 2828 in
2960 2778 3210 2834 manibus
3269 2790 3450 2846 erant,
3490 2789 3546 2835 et

275 2850 493 2906 cunctis
521 2863 643 2917 quae
665 2847 764 2903 sub
792 2856 1069 2915 aspectum
1109 2845 1312 2903 cadunt
1341 2845 1567 2904 effectus
1629 2849 1904 2920 superior,
1964 2867 2196 2924 pronum
2248 2857 2305 2912 in
2353 2867 2554 2914 terram
2604 2877 2800 2932 corpus
2852 2867 3067 2933 stravit,
3127 2879 3443 2942 rectumque
3487 2873 3542 2927 in

275 2941 476 2997 caelum
507 2941 752 2994 animum
785 2941 1045 3012 dirigens,
1076 2940 1152 2994 ait
1182 2960 1195 2996 :

346 3041 411 3088 o’.
451 3032 564 3088 Καὶ
585 3035 670 3096 σὺ,
696 3037 886 3103 φησὶν,
918 3035 946 3086 ό
970 3031 1356 3114 ὑπερμεγέθης
1390 3033 1485 3088 καὶ
1509 3033 1814 3108 ὑπερφυὴς,
1836 3035 1862 3088 ό

2041 3038 2128 3097 70.
2161 3040 2228 3097 Ει
2282 3052 2338 3098 ιιι
2395 3057 2608 3100 omnem
2680 3047 3109 3116 magnitudinem
3167 3065 3232 3108 ac
3289 3065 3540 3112 naturam

274 3127 385 3179 τῶν
401 3124 876 3196 θαυμασιωτάτων
903 3126 1220 3195 κτισμάτων
1244 3123 1479 3196 Κύριος,
1511 3126 1606 3180 καὶ
1643 3128 1742 3196 τῆς
1764 3127 1862 3180 άν-

275 3221 634 3292 εξερευνήτου
655 3220 849 3289 σοφίας
870 3259 886 3282 ,
915 3215 983 3291 ἧς
1013 3219 1189 3291 βραχὺ
1227 3220 1380 3290 μόλις
1418 3222 1483 3274 ὲκ
1499 3220 1706 3275 τούτων
1729 3221 1861 3274 ὑπο-

277 3313 494 3383 φαίνεις
513 3312 690 3382 ᾖνος,
723 3311 883 3380 μόνος
903 3309 1154 3382 εὑρέτης,
1176 3311 1473 3381 ἐπιφάνηθι
1493 3311 1861 3384 φιλανθρώπῳ

281 3403 582 3474 κηδεμονία
601 3402 696 3455 ἐπὶ
723 3402 822 3472 τὴν
847 3399 1090 3472 μεγάλην
1123 3402 1217 3456 καὶ
1245 3401 1459 3473 ὑψηλὴν
1483 3399 1578 3454 τοῦ
1604 3401 1736 3455 ναοῦ
1763 3418 1857 3455 σου

279 3493 741 3566 θαυματοποιίαν,
797 3493 855 3546 ἐν
905 3487 949 3561 ᾧ
983 3491 1093 3546 τῶν
1127 3492 1414 3563 ἁχράντων
1439 3492 1534 3546 καὶ
1565 3491 1860 3564 ἀκηράτων

351 3722 469 3796 (9.5)
503 3721 654 3796 Alias
699 3729 755 3774 et
792 3717 1129 3787 frequentius
1163 3713 1450 3796 pluraliter
1478 3713 1546 3767 τὰ
1575 3712 1852 3796 πατηχούο

283 3782 427 3866 μενα
447 3782 788 3866 ἰιιιειιιάοῳιο
827 3782 1421 3866 αι’κατηχουμενεῖονη
1449 3786 1592 3866 quod
1629 3782 1856 3866 Ifa'tinus

278 3854 766 3928 servat'interpr'es
799 3875 814 3912 :
850 3854 1257 3928 auctore's‘vide
1284 3854 1424 3928 apud
1475 3854 1786 3928 MeursiuuL
1801 3854 1854 3906 in

279 3932 600 4004 Glossario:
641 3920 1074 4004 'u_sunt_Simep_n
1105 3920 1428 4004 Thessalum
1480 3923 1575 3978 lib.
1619 3920 1856 4004 De_‘Sa-_

284 4000 762 4065 cram.,describit
793 3997 879 4074 his
905 3995 1084 4050 verbis
1113 4013 1126 4049 :
1162 4013 1180 4046 ι
1225 3993 1664 4074 Catechumena,
1698 3991 1750 4046 id
1777 3999 1860 4074 est

279 4075 806 4140 catechumenorunr
849 4066 1064 4140 domus,
1089 4074 1375 4140 propterea
1388 4066 1706 4140 _excogitata
1735 4068 1860 4140 sunt

280 4143 537 4197 utetiam
568 4139 621 4192 hi
654 4137 837 4190 auditu
876 4131 1107 4202 visuque
1147 4131 1261 4187 solo
1291 4131 1602 4185 divinorum
1639 4131 1859 4200 partici-

279 4227 382 4280 pes
407 4210 618 4273 flerent,
646 4216 700 4261 et
725 4205 882 4280 labiis
907 4201 1377 4280 linguaque-fidem
1406 4201 1808 4280 profiterentur.
1830 4217 1849 4251 ι

281 4270 458 4336 Erant
501 4270 677 4331 autem
720 4276 966 4342 porticus
991 4270 1082 4327 vel
1113 4270 1313 4325 atrium
1345 4271 1544 4342 templo
1573 4270 1672 4339 ipsi
1716 4284 1856 4339 prte-

279 4360 530 4412 tensum,
556 4347 638 4400 vel
661 4341 834 4412 ipsius
865 4343 1050 4411 templi
1079 4357 1204 4409 pars
1232 4341 1493 4412 anterior,
1526 4341 1580 4394 in
1609 4354 1716 4409 quo
1747 4354 1853 4394 non

280 4411 574 4492 baptizatis
607 4411 797 4469 licebat
837 4415 1134 4492 consistere
1164 4424 1335 4480 usque
1367 4411 1490 4463 dum
1521 4423 1680 4465 sacra
1736 4424 1852 4479 my-
1891 4437 1937 4492 ι)

279 4481 448 4544 stéria
479 4486 812 4541 inferrentur
839 4484 903 4536 ad
932 4481 1119 4535 altare.
1152 4498 1170 4531 ι

358 4559 425 4628 (ε)
449 4556 506 4610 ln
540 4555 846 4628 Appendige
871 4551 1220 4628 Theophanis
1251 4548 1367 4603 hzec
1411 4548 1477 4603 de
1513 4548 1632 4628 ejus
1665 4546 1860 4628 exsilio

279 4617 638 4682 narrantur?
681 4641 701 4674 ι
765 4617 1038 4677 Caeterum
1103 4620 1196 4674 Dei
1250 4635 1414 4672 manu
1473 4617 1853 4672 miraculorum

278 4698 556 4754 eﬂ'ectrice
581 4691 830 4747 nonnihil
863 4689 1177 4744 sublevatus
1211 4697 1293 4744 est
1324 4688 1679 4759 patriarcha:
1704 4685 1854 4759 quod

278 4783 404 4823 cum
426 4764 681 4820 rescisset
700 4760 1064 4824 Chamaeleon,
1089 4756 1424 4828 quorundam
1449 4757 1775 4828 ope'milites
1798 4756 1852 4810 in

275 4834 667 4908 patriarcbium
687 4832 823 4885 clam
858 4827 1142 4908 penetrare
1169 4828 1328 4908 jussit
1353 4836 1415 4908 et.
1439 4827 1662 4908 silentes
1680 4827 1852 4908 abdu-

273 4896 410 4962 cere
463 4925 476 4960 :
523 4913 643 4958 erat
699 4896 873 4975 μοι·ῐο’
917 4896 1245 4975 jejuniorum
1289 4899 1534 4975 initium.
1575 4896 1848 4975 lgonferIa

275 4978 469 5043 itaque
500 4965 1077 5043 multitudiuecoacti,
1106 4965 1539 5043 velut_Jud:ei_in_
1571 4966 1845 5043 Christum

276 5035 612 5104 insilientes,
655 5057 776 5094 cum
817 5039 1008 5108 gladiis
1052 5048 1105 5090 et
1150 5038 1311 5115 lignis
1348 5035 1591 5115 ecclesia}
1646 5035 1843 5115 atrium

276 5103 648 5182 repleverunt,
681 5103 1055 5182 clamanteset
1079 5103 1409 5182 tumultuose
1441 5103 1799 5158 vociferantes
1824 5122 1839 5159 :

272 5177 668 5254 caiperuntque
723 5179 999 5254 exsecrari
1047 5187 1124 5254 "et
1173 5178 1304 5229 diris
1357 5177 1620 5254 devovere
1663 5183 1847 5254 sancta

274 5257 335 5310 in
369 5243 655 5307 'memoria
703 5251 988 5323 defunctos
1040 5246 1368 5323 Germanum
1426 5255 1480 5323 et
1535 5243 1842 5323 Tarasium,

279 5328 393 5380 into
416 5337 466 5377 et
499 5322 886 5389 Nicephorum.
914 5319 1044 5393 Quae
1091 5318 1305 5393 quidem
1341 5315 1568 5393 audiens
1599 5315 1844 5393 patriar-

271 5399 402 5456 rha,
454 5392 562 5446 Deo
597 5385 720 5444 cum
762 5390 1018 5456 lacrymis
1054 5387 1259 5457 gratias
1289 5386 1422 5454 egit,
1471 5385 1611 5452 quod
1637 5385 1851 5457 pietatis

271 5451 628 5520 defendenda
657 5473 828 5533 causa
857 5451 972 5510 haec
1016 5451 1209 5533 audire
1276 5451 1596 5533 mereretur.
1645 5451 1846 5533 Confe-

272 5548 404 5590 stun
433 5529 769 5602 conspiranti
804 5529 1020 5602 impetu
1053 5526 1285 5602 populiis
1319 5523 1530 5584 insiliit,
1565 5525 1696 5602 utin
1749 5537 1844 5590 pa-

271 5593 596 5660 triarchium
625 5593 1022 5674 ingrederetur.
1055 5593 1190 5650 Μοχ
1226 5593 1466 5674 Thomas
1497 5596 1716 5674 quidam
1748 5608 1844 5660 pa-

274 5673 589 5739 tricius,bis
612 5664 894 5734 exEOuSul,
916 5668 1004 5737 qui
1023 5677 1150 5720 tunc
1171 5667 1312 5720 velut
1338 5664 1844 5734 impcratm'isjussu

1963 3145 2252 3201 superans,
2297 3149 2509 3191 summe
2553 3137 2883 3194 mirabilium
2921 3155 3100 3196 rerum
3127 3143 3406 3212 Dominus,
3438 3148 3540 3200 im-

1963 3223 2501 3294 pervestigahilisque
2533 3225 2840 3293 sapientiae,
2879 3227 3031 3296 cujus
3054 3231 3140 3285 vix
3166 3242 3326 3289 tenue
3372 3236 3544 3304 quod-

1963 3313 2087 3368 dam
2112 3327 2177 3368 ex
2204 3313 2292 3369 his
2317 3314 2605 3384 vestigium
2637 3317 2975 3375 subobscure
2997 3323 3259 3387 ostendis,
3289 3325 3544 3380 inventor

1959 3405 2133 3472 solus,
2159 3405 2548 3476 benignissima
2583 3410 2895 3478 dignatione
2928 3421 3016 3466 tua
3050 3427 3116 3469 ac
3163 3431 3294 3469 cura
3335 3431 3540 3486 apparo

1961 3509 2124 3567 super
2149 3511 2342 3567 magna
2369 3511 2433 3553 ac
2463 3498 2682 3555 sublimi
2731 3502 2996 3558 mirabilis
3037 3505 3221 3574 templi
3259 3506 3334 3560 tui
3395 3515 3538 3561 stru-

1961 3711 2260 3786 Ecclesiam
2310 3712 2587 3786 tutandam
2618 3725 2973 3786 susceperat,
3016 3717 3184 3786 portis
3220 3717 3532 3786 patriarchii

1959 3783 2217 3856 o_cclusis_,_
2249 3795 2343 3856 eos
2371 3784 2638 3856 _removit,
2675 3783 2825 3856 velut
2866 3783 3046 3856 inscio
3095 3783 3420 3856 imperatore
3460 3790 3534 3843 is-

1965 3852 2218 3906 tiusmodi
2277 3851 2522 3906 facinora
2577 3854 2814 3908 molitus.
2863 3853 3118 3910 Protinus
3164 3851 3229 3909 ad
3285 3857 3534 3912 Chamae-

1963 3921 2194 3996 leontetn
2241 3921 2499 3996 praefatus
2555 3925 2640 3996 vir
2674 3924 2997 3996 profectus,
3035 3927 3398 3981 inordinatum
3436 3943 3534 3996 po-

1966 3990 2076 4060 puli
2119 4001 2324 4066 m_o_tum
2373 3990 2732 4066 denuntiavit.
2779 3995 2872 4049 ille
2919 4011 3016 4064 pro
3071 3997 3230 4050 solito
3276 3990 3532 4066 mendax,

1967 4075 2067 4114 nec
2096 4061 2221 4128 quid
2267 4077 2386 4114 uam
2419 4063 2584 4125 scire,
2614 4079 2712 4117 nec
2757 4061 3082 4133 quemquam
3129 4080 3157 4118 a
3208 4079 3267 4119 se
3305 4061 3532 4122 missum

1967 4143 2183 4184 necare.
2211 4078 2434 4184 verum.
2467 4131 2663 4184 innuit.
2721 4135 3041 4184 necessitate
3099 4136 3430 4184 compulsus.
3475 4145 3532 4184 et

1965 4145 2097 4184 neua
2107 4143 2183 4184 re.

1965 4145 2183 4200 negare.
2220 4145 2434 4194 verum,
2467 4145 2663 4199 tnqutt,
2721 4145 3041 4189 necessnate
3099 4145 3430 4202 compulsus,
3475 4145 3532 4191 'el

1963 4201 2130 4253 animi
2175 4213 2408 4254 mmrore
2439 4209 2618 4270 tactus
2649 4202 2894 4270 populus,
2917 4205 2968 4254 in
3001 4201 3306 4269 hujusmodi
3331 4205 3532 4258 factum

1962 4270 2232 4340 prorupit.
2265 4269 2548 4340 stibittfert
2579 4269 2854 4324 Thomas:
2893 4271 2952 4325 Si
2999 4287 3121 4324 eum
3161 4272 3391 4340 jusseris
3431 4287 3532 4326 ex-

1963 4339 2118 4407 pelli,
2152 4339 2404 4408 domine,
2437 4354 2542 4392 non
2579 4353 2712 4408 Opus
2764 4340 2971 4408 mttltis.
2998 4339 3228 4394 Tantum
3285 4343 3532 4396 homines

1967 4409 2100 4463 duos
2119 4410 2291 4472 mitte,
2323 4407 2561 4480 aliosque
2593 4407 2684 4476 qui
2716 4407 2948 4464 efferant
2979 4427 2994 4464 :
3033 4425 3140 4464 non
3177 4413 3318 4464 enim
3354 4413 3533 4480 ingra-

1970 4487 2221 4551 vescente
2240 4478 2652 4551 _va|e_tutline,_a
2677 4494 2760 4551 se
2801 4489 2976 4548 potest
3006 4481 3340 4549 procedere:
3371 4478 3534 4551 at'que

1966 4546 2038 4622 ita
2067 4547 2419 4622 discedet.__ld
2457 4549 2530 4602 ita
2587 4546 3263 4622 fecit,submissis_nocte,
3291 4553 3381 4622 qui
3435 4546 3532 4619 pa-

1964 4617 2256 4690 triarcham
2277 4617 2569 4690 _ejicerent
2649 4619 2916 4690 Ecclesia.
2953 4639 2985 4690 AD
3045 4617 3326 4690 incidebat
3371 4617 3532 4690 porro

1962 4686 2239 4742 Dominica
2274 4685 2656 4758 Sexagesima,
2687 4687 2893 4743 Gracia
2937 4688 3230 4745 Orientalis
3256 4685 3528 4756 Errl'esize,

1959 4767 2079 4827 post
2135 4772 2294 4824 quam
2346 4757 2609 4824 jejunium
2661 4759 3048 4827 auspicabatur
3093 4775 3233 4811 anno
3260 4759 3442 4816 815m
3477 4776 3531 4814 κι

1956 4825 2262 4914 Eebruarii,
2290 4829 2442 4914 εχειο
2462 4827 2599 4914 iturae
2625 4827 2715 4888 18,
2737 4825 2871 4914 solis
2891 4829 2981 4909 εἳ,
3007 4828 3531 4914 Ιιι-ιει-ίιμῌΟιιιίιιιοειξξ

1953 4891 2020 4949 G.
2055 4896 2269 4950 Interim
2322 4891 2680 4964 Theophanes
2737 4896 2873 4951 infra
2905 4891 2974 4954 in?
3009 4899 3113 4951 alia
3157 4897 3276 4952 Vita
3308 4918 3430 4954 llltllt
3469 4902 3532 4957 l7

1950 4967 2140 5021 scribit
2167 4982 2223 5020 ιιι
2253 4965 2376 5021 ldus
2406 4967 2582 5020 Martii
2612 4984 2631 5016 ι
2659 4969 2712 5020 in
2743 4968 2990 5020 exsilium
3011 4969 3239 5036 ejectum
3272 4970 3480 5037 fuisse;
3507 4989 3525 5021 ι

1950 5037 2383 5109 quod_intclligi_
2415 5046 2586 5104 potest
2644 5039 2710 5090 de
2759 5038 3019 5109 ejectionc
3059 5055 3166 5108 quo
3213 5041 3328 5109 ipse
3385 5039 3531 5094 Cou-

1955 5106 2300 5177 stautinopoli
2335 5106 2677 5177 discesserat,
2712 5106 2954 5177 utpaqu
2981 5106 3100 5176 post
3128 5106 3340 5164 dicitur.

2023 5175 2101 5244 (ιι)
2137 5173 2254 5248 Vita
2284 5177 2340 5248 ξ.
2366 5176 2563 5248 Nicetis
2590 5191 2604 5225 :
2649 5196 2666 5228 ι
2706 5173 2853 5232 Tunc
2876 5173 3171 5248 imperator
3197 5181 3340 5234 misit
3367 5194 3531 5231 unum

1951 5256 2019 5319 ett
2055 5246 2407 5314 optimatibus
2431 5285 2446 5309 ,
2465 5247 2555 5314 qui
2592 5248 2870 5318 tyrannico
2891 5246 3038 5303 mure
3063 5250 3236 5319 ipsum
3262 5251 3528 5317 deposuit,

1960 5314 2057 5369 ille
2094 5331 2219 5368 vero
2248 5332 2370 5369 cum
2409 5319 2462 5369 in
2508 5314 2756 5386 magnam
2800 5314 3097 5372 ecclesiam
3143 5314 3531 5382 descendisset,

1958 5396 2242 5456 ct_cereas
2291 5386 2438 5440 iaces
2489 5387 2864 5449 accendisset,
2920 5390 3186 5456 thuraque
3225 5400 3280 5440 et
3338 5401 3532 5454 preces

1956 5454 2315 5526 adhibuisset.
2335 5470 2457 5510 cum
2474 5459 2703 5524 populus
2733 5459 2848 5525 ipse
2875 5458 3016 5510 illius
3037 5454 3530 5526 peregrinationem

1955 5524 2362 5591 lamentaretur,
2389 5527 2528 5580 hanc
2557 5524 3078 5581 babuit’oratiouem
3115 5543 3130 5580 :
3169 5524 3328 5593 Filii,
3373 5526 3537 5580 Chri.

1951 5595 2160 5652 sxianos
2187 5611 2280 5652 vos
2307 5595 2506 5660 inveni,
2535 5595 2871 5653 Christianos
2908 5610 3000 5652 vos
3027 5595 3296 5667 relinquo.
3335 5615 3359 5650 ι

2260 4146 2434 4194 erum,
2467 4131 2663 4199 inquit,
2721 4131 3041 4189 necessitate
3080 4136 3430 4202 compulsus,
3475 4145 3537 4191 et
