3938 6220
454 340 554 410 I31

451 467 598 519 tura,
631 453 683 508 in
719 465 828 522 quo
859 452 1312 506 iulemeratorum
1346 459 1412 500 ac
1457 428 1846 499 iiumortalium
1885 457 2032 512 mys-
2059 458 2106 508 Α

452 549 715 603 teriornm
773 544 1088 600 holocausta
1165 537 1496 606 suscipiens,
1559 545 1904 604 peccatorum
1951 549 2035 587 re-

451 639 766 694 missionem
796 637 904 700 his,
935 635 1024 704 qui
1052 633 1212 702 digne
1232 629 1340 684 illis
1359 627 1709 698 impartiendi
1735 624 2031 688 astiterint,

452 727 707 785 conferre
737 725 1002 781 statuisti.
1029 722 1140 778 lloc
1171 734 1407 788 namque
1432 719 1580 771 onmi
1615 718 1776 770 sorde
1805 715 2036 784 laheque

453 820 816 888 purissimum
850 824 940 868 tua
972 810 1352 884 potentissima
1387 810 1610 863 dextera
1643 821 1788 860 nunc
1817 819 2036 875 quoque

451 908 846 980 protegendum
907 904 1262 969 commendo;
1311 900 1458 972 quod
1509 914 1609 969 ego
1665 913 1892 954 munere
1943 907 2036 952 tuo

451 1003 586 1056 mihi
633 999 1036 1060 concreditum,
1066 1011 1165 1066 pro
1198 993 1340 1048 virili
1391 1008 1508 1048 mea
1561 1001 1748 1046 sancte
1811 1003 2031 1043 conser-

451 1108 605 1156 vaus,
639 1092 693 1146 in
727 1105 868 1144 verre
901 1087 1258 1158 philomphia:
1313 1093 1468 1155 petra
1500 1083 1714 1137 firmum
1735 1081 2031 1147 custodivi;

449 1185 714 1253 templum
760 1181 988 1244 scilicet,
1019 1181 1164 1248 quod
1196 1193 1295 1232 ceu
1347 1175 1499 1230 locus
1527 1189 1591 1229 ac
1623 1172 2031 1228 tabernaculum

449 1277 634 1346 gloria:
668 1287 793 1338 tum,
831 1273 1258 1342 pulcherrimum
1291 1267 1540 1323 decorem
1572 1282 1725 1321 suum
1757 1265 2030 1330 sermit;

449 1369 594 1422 filios
631 1366 724 1420 tibi
749 1375 912 1432 atque
941 1363 1184 1416 hzeredes
1212 1359 1544 1414 venerabilis
1565 1357 1764 1412 lavacri
1802 1355 2034 1412 fecunda

447 1456 598 1525 prole
657 1455 917 1523 plurimos
964 1449 1154 1516 edidit,
1220 1450 1644 1518 innumerosque
1691 1447 1810 1518 ,ἱυεί
1860 1447 2034 1517 paeni-

449 1545 616 1596 tentia
665 1540 1194 1595 misericordissima;
1274 1546 1379 1592 tua:
1433 1538 1738 1592 clementia:
1788 1537 2036 1591 reconci-

448 1637 622 1690 liavit.
682 1633 829 1697 Tibi,
868 1633 1146 1697 Salvator,
1196 1645 1508 1700 quanquam
1573 1629 1808 1698 indignis
1858 1628 2034 1682 mani-

448 1729 574 1791 hus,
599 1725 902 1794 depositum
943 1723 1099 1776 trado
1133 1737 1150 1775 :
1185 1720 1518 1790 iudiciorum
1563 1728 1783 1773 tuorum
1811 1717 2029 1788 abysso,

449 1832 558 1886 quo
613 1791 869 1868 malueris
917 1815 1076 1867 modo
1136 1812 1476 1882 disponenda
1537 1810 1800 1865 concedo.
1866 1791 2106 1879 lingitB

443 1907 560 1961 'Leo
605 1908 867 1962 adversus
905 1904 1076 1958 aedem
1121 1913 1392 1968 sanctam,
1422 1917 1676 1972 quaerens
1720 1911 1779 1956 ut
1826 1903 2022 1969 rapiat,

441 2001 676 2068 suisque
729 1997 930 2052 catulis
965 1996 1372 2050 aceommodam
1413 1993 1579 2048 faciat
1614 1991 2031 2047 habitationem.

447 2087 568 2142 Non
589 2089 845 2142 dormitet
872 2088 1137 2141 adversus
1153 2084 1409 2140 elfreuem
1427 2085 1571 2140 illius
1587 2085 1868 2139 audaciam
1895 2083 2035 2139 luci-

451 2183 710 2234 dissimth
742 2195 806 2235 ac
835 2179 1220 2250 insoporabilis
1244 2178 1437 2234 oculus
1469 2188 1613 2234 tuus.
1644 2176 1846 2233 Noscat
1872 2190 2034 2246 quem

452 2273 766 2338 offenderit,
813 2279 868 2327 et
919 2274 972 2325 in
1002 2285 1169 2340 quem
1209 2280 1378 2326 oestro
1413 2269 1700 2340 impotenti
1742 2268 2037 2324 bacchatus

453 2367 547 2422 sit.
569 2365 827 2419 Pastores
849 2363 1096 2432 luporum
1118 2355 1514 2416 immanitatem
1539 2357 2034 2414 convertit.‘0vium

453 2457 645 2512 faciles
692 2455 926 2519 animos,
961 2461 1020 2507 ut
1071 2453 1138 2507 iis
1186 2453 1564 2522 obsequantur
1620 2453 1712 2521 qui
1761 2452 1899 2506 bene
1948 2463 2038 2504 re-

454 2559 587 2620 gunt
625 2564 688 2603 ac
750 2555 1042 2617 praesunt,
1104 2558 1170 2599 ac
1223 2545 1278 2599 in
1336 2543 1716 2600 inobetlientize
1767 2543 2033 2598 feritatem

452 2640 737 2708 compulit.
763 2639 848 2714 Ab
871 2638 988 2708 ejus
1014 2650 1202 2692 errore
1224 2650 1442 2705 gregem
1491 2634 1688 2700 libera,
1726 2635 1817 2704 qui
1847 2647 1907 2689 se
1959 2631 2035 2688 illi

451 2733 685 2787 necdum
735 2729 1009 2800 adiunxit,
1041 2727 1422 2782 remissionem
1487 2740 1516 2780 a
1561 2725 1724 2780 malis
1765 2723 2032 2788 obtineat,

455 2831 680 2877 eruatur
753 2833 785 2872 a
831 2817 1108 2888 periculis.
1150 2815 1398 2870 Dextera:
1452 2825 1555 2868 tuae
1605 2813 1878 2883 possessio
1912 2821 2032 2878 cst;

451 2929 526 2970 ne
548 2913 636 2977 iis,
659 2926 864 2982 qumso,
896 2910 1052 2964 cedat
1089 2909 1142 2962 in
1171 2909 1404 2978 praedam
1432 2906 1522 2975 qui
1573 2907 1744 2976 ipsam
1788 2910 2037 2974 quaerunt

457 3007 747 3061 devorare.
781 3002 892 3055 Nos
915 3013 1096 3054 autem
1129 2999 1222 3068 qui
1266 2997 1318 3051 in
1356 3005 1446 3050 tua
1487 3009 1588 3050 nos
1623 2995 1826 3066 judicia
1852 2993 2035 3074 proje-

452 3099 650 3158 cimus,
685 3108 847 3148 manu
876 3095 1044 3147 ducas
1065 3109 1131 3146 ac
1159 3091 1363 3162 dirigas
1402 3103 1510 3159 quo
1531 3087 1897 3157 gnberuatrici
1931 3097 2036 3140 tua:
2061 3131 2106 3188 α

458 3187 812 3260 providentiae
845 3185 1019 3240 visum
1079 3182 1262 3236 fuerit.
1319 3181 1498 3244 Vides,
1552 3179 1803 3243 Domine,
1833 3186 2034 3248 quanta

457 3279 619 3332 nobis
647 3276 904 3331 violentia
945 3273 1263 3328 incumbat:
1299 3285 1386 3336 ue,
1419 3271 1668 3334 obsecro,
1712 3284 1740 3322 a
1796 3267 2035 3323 retribu-

466 3371 635 3433 tione,
659 3383 780 3437 quin
811 3381 877 3420 ex
905 3365 994 3420 illa
1019 3373 1124 3430 est,
1157 3378 1256 3417 nos
1286 3361 1568 3416 excludas.
1597 3359 1677 3415 Ne
1705 3358 1852 3414 velut
1876 3361 2038 3430 impe-

466 3463 600 3516 ritos
625 3461 906 3526 minusque
925 3456 1154 3511 solertcs
1187 3465 1434 3524 pastores
1461 3467 1659 3524 arguas
1685 3469 1700 3506 :
1733 3465 1873 3505 unus
1891 3453 2035 3505 enim

462 3553 718 3622 solusque
765 3565 847 3615 es,
877 3549 964 3605 cui
1013 3559 1072 3603 ut
1106 3550 1383 3618 sapienter
1423 3547 1682 3617 oumique
1733 3546 2039 3616 prudentia:

465 3649 622 3700 laude
653 3654 805 3712 regat
839 3657 903 3698 ac
948 3651 1158 3710 pascat,
1185 3654 1511 3695 concessum
1549 3647 1650 3694 est.
1689 3637 1768 3694 Ne
1807 3637 2038 3708 pigritiae

451 3739 802 3800 dantnentur,
825 3745 1084 3802 tanquam
1115 3733 1194 3787 illi
1217 3733 1385 3786 dediti
1437 3732 1588 3786 utilia
1630 3732 1894 3786 doctrina
1917 3729 2038 3799 pri-

454 3829 655 3882 ltllliViB
677 3825 1116 3896 prodiderimus;
1141 3832 1402 3891 quantum
1432 3822 1576 3876 enim
1603 3837 1699 3892 per
1721 3820 2036 3876 facultatem

449 3918 608 3974 licuit
633 3917 832 3972 collata
861 3928 1052 3984 Opera,
1081 3913 1200 3992 haec
1253 3927 1474 3981 quoque
1512 3912 1633 3980 tibi,
1671 3910 2037 3984 primogenito

447 4011 632 4068 omnis
659 4016 946 4072 creatura,
983 4005 1325 4060 servavimus
1369 4003 1559 4060 illiesa.

523 4121 614 4176 71.
645 4109 775 4174 Vale
825 4117 980 4181 mihi,
1013 4114 1238 4186 SOphia,
1267 4113 1425 4172 Verbi
1472 4115 1643 4172 divini
1691 4116 1886 4172 durum
1945 4115 2054 4173 llr.

1451 339 1514 398 s.
1552 333 1974 398 NICEPHORI
2012 313 2668 394 PATRIARCM‘CP.

3615 327 3719 392 332

2138 441 2456 512 μυστηρίων
2497 439 2596 503 τάς
2641 437 3054 509 όλοκαρπώσεις
3086 435 3380 508 δεχόμενος
3406 418 3718 514 ,κάμαρττμ

2139 533 2325 604 μάτων
2353 531 2674 604 ἀπαλλαγὴν
2696 533 2806 595 τοῖς
2831 529 2998 595 ἀξίως
3030 530 3414 602 μετειληχέναι
3439 538 3722 606 παραστή-

2139 645 2293 681 σασιν
2339 629 2553 690 ἑαυτοῖς
2611 628 2868 696 χορηγεῖν
2919 623 3268 688 ὲδικαίωσας.
3327 624 3532 680 Τοῦτον
3588 629 3718 699 γάρ,

2138 718 2342 782 παντὸς
2393 717 2586 770 σπίλου
2632 717 2724 771 καὶ
2771 715 2968 786 μώμου
3015 715 3207 787 πόρρω
3255 717 3614 787 τυγχάνοντα,
3652 722 3719 790 τῇ

2136 813 2448 880 παγκρατεῖ
2493 809 2588 863 καὶ
2619 809 2714 862 νῦν
2753 811 2898 880 χειρί
2933 825 3028 860 σου
3069 808 3451 879 παρατίθημι,
3478 809 3553 872 ὡς
3589 811 3721 882 παρ’

2135 903 2306 972 αὐτῆς
2355 902 2448 956 καὶ
2487 901 2804 964 πιστευθεὶς
2829 900 3018 954 τοῦτον
3048 901 3144 955 καὶ
3184 900 3526 972 διατηρήσας
3559 903 3721 968 ὁσίως

2137 996 2216 1057 εἰς
2241 995 2504 1067 δύναμιν,
2542 993 2636 1048 ἐπὶ
2679 995 2748 1066 τῇ
2796 992 2974 1065 πέτρᾳ
3003 995 3104 1063 τῆς
3124 991 3358 1064 ἀληθοῦς
3403 993 3722 1064 φιλοσοφίας

2136 1087 2527 1158 ἐρηρεισμένον
2557 1083 2799 1154 ἐφύλαξα
2824 1099 2838 1113 ’
2872 1083 2947 1147 ὡς
2978 1083 3142 1146 τόπος
3181 1083 3274 1136 καὶ
3327 1084 3600 1155 σκήνωμα
3623 1085 3722 1156 τῆς

2139 1179 2238 1248 σῆς
2263 1177 2422 1249 δόξης
2463 1175 2567 1248 τὴν
2595 1175 2792 1230 ἑαυτοῦ
2837 1174 3129 1244 παγκάλην
3163 1174 3498 1244 εὐπρέπειαν
3526 1174 3720 1228 διεσώ-

2139 1289 2290 1332 σατο,
2327 1269 2479 1334 υἱούς
2523 1286 2606 1324 σοι
2651 1268 2746 1322 καὶ
2796 1267 3170 1338 κληρονόμους
3225 1267 3315 1320 ὂιά
3373 1266 3474 1336 τῆς
3517 1268 3720 1338 σεπτῆς

2136 1361 2524 1434 κολυμϐήθρας
2573 1359 2802 1422 πολλοὺς
2859 1359 3211 1428 ὑπηγάγετο,
3275 1357 3366 1412 διὰ
3424 1358 3718 1429 μετανοίας

2135 1451 2426 1506 ἀνενδότου
2476 1452 2542 1522 τῇ
2581 1448 2944 1519 εύσπλάγχνῳ
2978 1447 3238 1519 εὐμενείᾳ
3288 1463 3384 1500 σου
3441 1447 3721 1518 κρείττους

2135 1542 2374 1615 ἀριθμοῦ
2435 1540 2879 1614 προσῳκείωσεν.
2923 1539 3038 1605 Σοὶ,
3079 1539 3298 1611 Σῶτερ,
3337 1538 3434 1610 τὴν
3465 1529 3722 1610 παρακα-

2133 1634 2404 1706 ταθήκην,
2452 1633 2502 1686 εί
2541 1631 2638 1688 καὶ
2662 1630 2911 1696 ἀναξίαις
2936 1629 3149 1702 χερσὶν,
3191 1629 3502 1700 ἐπιδίδωμι,
3537 1647 3722 1702 παρα-

2135 1726 2300 1799 χωρῶ
2342 1729 2409 1796 τῇ
2445 1728 2512 1798 σῇ
2557 1724 2667 1778 τῶν
2707 1723 2998 1793 κριμάτων
3029 1721 3254 1793 ἀϐύσσῳ
3282 1721 3349 1774 τά
3383 1721 3503 1775 κατ’
3529 1721 3722 1787 αὐτὸν,

2134 1816 2209 1882 ὡς
2229 1815 2471 1878 εὐδοκεῖς
2487 1814 2850 1868 διατίθεσθαι.
2867 1811 3018 1865 Λέων
3035 1811 3155 1864 κατ’
3177 1811 3350 1880 αὐτῆς
3371 1810 3683 1882 ὲπωρύεται
3703 1854 3720 1880 ,

2137 1905 2318 1979 ζητῶν
2343 1905 2614 1978 ἁρπάσαι,
2645 1903 2875 1966 καὶτοῖς
2906 1901 3102 1956 ἑαυτοῦ
3143 1902 3404 1974 σκύμνοις
3435 1905 3724 1974 ἑτοιμάσαι

2134 1995 2358 2066 δαψιλὲς
2385 1995 2704 2066 οἰκητήριον
2722 2008 2736 2022 ·
2775 1993 2850 2063 μὴ
2871 1990 3288 2056 ὲπινυσταξάτω
3319 1992 3460 2046 κατά
3492 1993 3594 2064 τῆς
3617 1994 3724 2046 αὐ-

2135 2089 2230 2143 τοῦ
2255 2087 2560 2160 τολμηρίας
2584 2087 2614 2142 ό
2642 2086 2911 2157 παμφαής
2939 2100 3034 2138 σου
3065 2085 3162 2138 καὶ
3188 2084 3490 2156 ἀκοίμητος
3517 2085 3726 2155 ὀφθαλ-

2139 2181 2238 2254 μός
2258 2198 2274 2212 ο
2299 2181 2514 2251 γνώτω,
2546 2179 2652 2233 τίνι
2681 2177 3151 2250 προσκέκρουκεν,
3181 2179 3274 2231 καὶ
3305 2178 3444 2249 προς
3466 2177 3526 2232 ὃν
3546 2179 3726 2246 ἀκρα-

2133 2271 2244 2336 τῶς
2285 2269 2712 2342 πεπαρῴνηκεν.
2753 2269 2849 2332 El;
2887 2267 3069 2323 λύκων
3102 2267 3398 2340 θηριωδίαν
3433 2269 3562 2333 τοὺς
3595 2286 3727 2324 ποι-

2137 2363 2308 2435 μένας
2358 2361 2718 2434 μετήμειψεν,
2766 2360 2866 2430 τὴν
2915 2359 3052 2430 πρὸς
3097 2359 3226 2423 τοὺς
3252 2359 3438 2423 καλῶς
3485 2360 3729 2429 ἄγοντας

2135 2453 2244 2508 τῶν
2292 2451 2583 2525 προϐάτων
2631 2451 2945 2506 εὐπείθειαν
2997 2450 3133 2524 πρὸς
3180 2449 3464 2516 ἀπειθείας
3517 2450 3730 2522 ήὶασεν

2135 2543 2467 2615 ἀχρειότητα
2485 2560 2500 2576 ο
2526 2543 2778 2615 ἀρπασον
2796 2541 2902 2614 τῆς
2930 2541 3097 2596 αὐτοῦ
3112 2541 3342 2614 πλάνης,
3360 2542 3422 2596 τὸ
3451 2541 3527 2616 μή
3551 2559 3733 2616 προσ-

2135 2635 2290 2688 τεθὲν
2321 2633 2472 2706 αὐτῷ
2499 2635 2784 2706 ποίμνιον·
2831 2633 3080 2704 ἀνεθήτω
3135 2633 3246 2687 τῶν
3304 2633 3515 2700 δεινῶν,
3539 2634 3728 2689 ἀπαλ-

2122 2723 2358 2796 -λαγήτω
2379 2723 2485 2778 τῶν
2517 2724 2817 2797 δυσχερῶν.
2847 2725 2961 2796 Τῆς
2991 2723 3092 2796 σῆς
3131 2724 3316 2796 χειρός
3347 2725 3464 2778 ἐστι
3491 2723 3728 2796 κτῆμα⁶

2141 2814 2216 2886 μὴ
2245 2817 2360 2880 τοῖς
2392 2817 2686 2869 καταπιεῖν
2717 2815 2939 2887 ζητοῐσι
2981 2815 3197 2884 γένοιτο
3250 2815 3493 2888 θήραμα.
3540 2816 3734 2888 Ἠμᾶς

2135 2904 2192 2958 δὲ
2229 2907 2342 2970 τοῖς
2384 2907 2498 2970 σοῖς
2535 2906 2762 2970 ἑαυτοὺς
2804 2905 3204 2978 ὲπιρῤίψαντας
3251 2907 3508 2978 κρίμασι,
3567 2924 3734 2980 χειρ-

2139 2997 2421 3068 αγωγοίης
2443 2998 2548 3051 καὶ
2583 2997 2839 3074 ρδηγοίης
2867 2997 2992 3051 ὅποι
3008 2993 3163 3066 φίλον
3193 2999 3260 3069 τῇ
3292 3001 3358 3070 σῇ
3390 2998 3736 3070 κυϐερνήσει

2141 3089 2496 3159 παρίσταται.
2529 3087 2643 3160 Τήν
2675 3088 2796 3160 βίαν
2823 3091 2980 3160 ὁρᾷς,
3008 3090 3161 3161 ὅσην,
3192 3089 3366 3160 Κύριε
3385 3106 3400 3122 ·
3434 3089 3510 3162 μὴ
3535 3091 3642 3162 τῆς
3669 3089 3738 3158 ἐξ

2141 3181 2312 3252 αὐτῆς
2357 3181 2720 3254 ἐγγινομένης
2759 3181 3084 3246 ἀντιδόσεως
3113 3181 3260 3253 ἡμᾶς
3291 3181 3734 3250 ἀποκλείσειας,

2141 3273 2218 3347 μὴ
2247 3273 2324 3338 ὡς
2349 3273 2616 3345 ἀπείρους
2657 3274 2754 3328 καὶ
2800 3272 3070 3338 ἀσκεύους
3104 3273 3370 3345 ποιμένας
3398 3273 3699 3344 ὲλέγξειας
3721 3293 3738 3308 ·

2139 3363 2223 3416 σοὶ
2241 3363 2352 3436 γάρ
2380 3363 2528 3434 μόνῳ
2547 3363 2610 3416 τὸ
2637 3362 3080 3436 ὲπιστημονικῶς
3107 3364 3260 3432 ἀγειν
3287 3364 3381 3417 καὶ
3403 3363 3744 3434 ποιμαίνειν

2137 3453 2309 3526 κεκλή
2317 3471 2508 3526 ρωται.
2529 3454 2624 3526 Μὴ
2641 3455 2780 3526 ρᾳθυ
2788 3453 2916 3525 μίαν
2936 3453 3426 3526 κατακριθείημεν,
3449 3453 3525 3516 ὡς
3545 3455 3743 3530 ταύτῃ

2137 3547 2428 3620 προδόντες
2473 3547 2541 3601 τά
2582 3547 2682 3620 τῆς
2734 3545 3084 3612 διδασκαλίας
3151 3546 3389 3618 βιωφελῆ
3438 3563 3746 3624 πρωτοτρ-

2139 3644 2298 3694 κεῖαο
2345 3643 2411 3713 τῇ
2453 3639 2564 3714 γὰρ
2601 3640 2745 3695 κατὰ
2789 3639 3019 3712 δύναμιν
3048 3642 3393 3713 ⁸συνεισιρορᾷ
3425 3641 3748 3698 καὶταῦτα

2140 3749 2258 3800 σοι,
2287 3731 2366 3804 τῷ
2417 3733 2752 3806 πρωτοτόκῳ
2791 3733 2974 3804 πάσης
3010 3733 3110 3805 τῆς
3151 3733 3412 3802 κτίσεως,
3462 3733 3750 3808 ἀλώϐητα

2137 3822 2548 3895 τετηρήκαμεν.
2792 3819 2815 3835 ⁸

2208 4122 2306 4172 οα’.
2349 4115 2522 4190 Χαῖρέ
2567 4133 2680 4186 μοι,
2717 4115 2904 4186 Σοφία,
2937 4115 2998 4170 τδ
3021 4114 3117 4170 τοῦ
3161 4115 3308 4170 θἐίον
3336 4114 3498 4186 λόγου
3530 4117 3761 4189 σαφῶς

438 4229 711 4282 anumque
783 4211 1069 4281 perspicue
1140 4208 1467 4277 delubrum;
1519 4221 1685 4266 recta:
1753 4210 1877 4266 fidei
1933 4211 2033 4268 tibi

2138 4207 2459 4280 ἀμείλικτον
2489 4208 2735 4280 τέμενος,
2766 4209 2850 4262 σοὶ
2877 4207 2947 4262 τὰ
2969 4207 3070 4279 τῆς
3095 4205 3406 4282 όρθοδοείας
3433 4208 3761 4280 ἐπιτίθημι

434 4307 690 4364 «claustra
723 4305 964 4374 impono,
997 4317 1118 4372 quae
1166 4301 1330 4358 nullis
1375 4316 1614 4372 unquam
1657 4302 2033 4359 haereticorum

2138 4301 2365 4374 κλεῖθρα
2383 4342 2399 4366 ,
2450 4302 2670 4373 μοχλοῖς
2715 4301 3102 4374 αἰρετιζόντων
3133 4300 3389 4372 οὐδαμῶς
3432 4302 3763 4373 συντριϐό-

442 4401 702 4456 vectibus
751 4397 1152 4483 intrangautur.
1205 4393 1326 4449 Tibi
1375 4394 1607 4450 sincera:
1673 4393 2033 4450 confessionis

2141 4410 2300 4464 μενοι.
2332 4393 2446 4460 Σοὶ,
2485 4396 2554 4466 τῇ
2592 4393 2852 4466 σφραγῖδι
2887 4394 2989 4466 τῆς
3015 4391 3348 4465 εἰλικρινοῦς
3389 4392 3720 4464 όμολαγίας
3741 4437 3761 4460 ,

439 4488 633 4560 sigillo
688 4469 949 4550 munitae,
991 4483 1214 4540 Patrum
1267 4485 1485 4540 decreta
1526 4493 1586 4539 ut
1623 4486 2033 4554 concrederem,

2138 4485 2206 4539 τὰ
2233 4485 2342 4539 τῶν
2373 4483 2634 4558 Πατέρων
2663 4485 3107 4557 ἀσφαλισάμενος
3138 4485 3388 4556 δόγματα
3409 4526 3424 4554 ,
3478 4501 3767 4542 καταπι-

436 4593 632 4648 «ψθι-αι
671 4578 903 4646 pretium
957 4575 1110 4639 duxi.
1137 4589 1258 4645 qua
1297 4575 1458 4632 nulla:
1509 4592 1748 4648 unquam
1803 4578 2033 4636 violave-

2138 4578 2364 4634 στεῦσαι
2396 4579 2578 4645 καλῶς
2619 4578 3072 4650 προτεθύμημαι,
3117 4579 3388 4650 μηδαμῶς
3415 4580 3535 4642 ταῖς
3574 4583 3770 4652 αἱρε-

443 4668 563 4720 2rint
587 4665 964 4720 haereticorum
999 4664 1227 4720 tecbuze.
1262 4661 1422 4732 Vale,
1450 4665 1584 4721 mihi
1613 4667 1810 4722 dilecta
1842 4669 2032 4725 cathe-

437 4758 574 4823 dra,
604 4773 766 4826 quam
823 4757 927 4812 nisi
977 4757 1032 4812 vi
1061 4757 1293 4813 adactus
1479 4760 1800 4828 conscendi,
1835 4775 1867 4814 a
1924 4778 2030 4834 qua

440 4864 599 4904 nunc
646 4851 780 4905 cedo
823 4851 874 4903 vi
926 4850 1115 4918 majori
1143 4851 1423 4922 depulsus.
1459 4849 1674 4918 Valete,
1722 4863 2027 4927 martyrum

437 4939 692 4994 divinam
734 4939 988 4994 virtutem
1021 4943 1294 5010 spirantes
1331 4940 1546 5008 tumuli,
1567 4943 1818 5012 aedesque
1837 4959 2028 5012 sacrae,

435 5027 780 5098 evangelicis
847 5028 1036 5096 figuris
1086 5043 1142 5086 et
1195 5033 1593 5098 certaminum,
1648 5033 1845 5104 quibus
1903 5043 2032 5092 sunt

438 5119 748 5186 defunctis,
795 5120 1042 5176 historiis
1091 5135 1394 5190 exornatae,
1420 5125 1474 5180 in
1523 5139 1662 5194 quas
1713 5126 1892 5181 insani
1927 5127 2028 5182 ho-

441 5213 628 5268 mines
677 5210 946 5282 profanas
997 5213 1217 5282 quidem
1264 5230 1460 5270 manus
1537 5215 1814 5287 injicieut;
1882 5219 2028 5274 haud

448 5314 632 5360 tamen
664 5305 1064 5374 impendentem
1097 5306 1200 5360 sibi
1236 5307 1304 5362 ab
1339 5308 1538 5364 invicta
1567 5310 1660 5366 Dei
1704 5326 1866 5367 manu
1895 5311 2028 5368 sub-

447 5397 745 5468 ici-fugient
781 5397 1062 5452 ultionem.
1099 5397 1228 5454 Vale
1254 5409 1310 5454 et
1350 5411 1430 5466 tu,
1457 5399 1552 5456 Dei
1590 5419 1780 5475 magna
1809 5405 2025 5470 civitas,

440 5499 513 5540 ne
567 5497 834 5560 quotquot
883 5489 934 5543 in
997 5497 1049 5543 te
1107 5503 1252 5544 sanae
1307 5489 1744 5549 orthodoxorum
1801 5491 2024 5550 Patrum

517 5730 551 5776 ιι
581 5732 662 5790 An
695 5737 1187 5811 ἑγκαλυνδούμενοι
1215 5740 1298 5796 vel
1333 5738 1835 5816 ὲγκαλυπτόμινοι.

2129 4673 2313 4735 τικαῖς
2337 4670 2724 4742 ἀντιστροφαῖς
2757 4669 3056 4742 πληθῆναι
3081 4669 3576 4742 δυνάμενα.Χαῖρέ
3626 4691 3772 4744 μοι,

2131 4761 2406 4833 καθέδρα,
2437 4761 2522 4832 ἐφ’
2549 4761 2617 4833 ήν
2667 4761 2770 4814 οὐκ
2797 4759 3078 4824 ἀϐιάστως
3123 4759 3353 4832 ἐπέϐην,
3403 4762 3499 4814 καί
3526 4757 3619 4835 ἧς
3654 4764 3778 4818 νῦν

2129 4855 2402 4927 ὑποχωρῶ
2436 4853 2767 4926 βιαιότερον.
2794 4855 3060 4926 Χαίρετε,
3084 4854 3244 4924 σηκοὶ
3275 4852 3588 4927 μαρτύρων
3632 4857 3783 4916 θεό-

2133 4945 2358 5018 ληπτοι,
2385 4949 2503 5011 τοῖς
2541 4945 2923 5015 εὐαγγελικοῖς
2951 4945 3044 4999 καὶ
3060 4943 3374 5015 ἀθλητικαῖς
3400 4953 3782 5024 χαρακτῆρ-

2132 5055 2216 5094 σιν
2237 5038 2724 5111 ὲγκαλυνόμενοιιι,
2742 5033 2924 5110 ὲφόἷς
2943 5041 2994 5094 oi
3018 5039 3380 5112 ἀφραίνοντες
3401 5041 3785 5101 ὲπιϐαλοῦσι

2133 5134 2236 5205 μὲν
2268 5133 2530 5204 βεϐήλους
2579 5137 2802 5208 χεῖρας,
2857 5134 2958 5206 οὐχ
3004 5133 3268 5204 ὐφελοῦσι
3315 5135 3372 5191 δὲ
3397 5135 3500 5206 τὴν
3529 5137 3620 5192 ὲκ
3657 5143 3788 5214 τῆς

2135 5227 2408 5296 ἀηττήτου
2477 5225 2660 5299 χειρὸς
2725 5226 2912 5290 αὐτοῖς
2961 5225 3361 5298 ἐπηρτημένην
3420 5227 3787 5291 ἀντίδοσιν.

2133 5315 2307 5388 Χαῖρε
2370 5320 2464 5372 καὶ
2517 5320 2603 5381 σὺ,
2644 5317 2784 5373 Θεοῦ
2839 5319 3175 5391 μεγαλόπολι
3207 5359 3224 5386 ,
3287 5320 3381 5374 καὶ
3445 5321 3577 5376 ὅσοι
3641 5329 3797 5395 τοῖς

2134 5407 2345 5476 ὑγιέσιν
2397 5411 2456 5464 ὲν
2501 5410 2588 5464 σοὶ
2629 5409 2726 5465 καὶ
2769 5411 3064 5484 Πατρικοῖς
3110 5410 3794 5490 ὲπξρείδονταιδόγμα.

2137 5513 2240 5563 σιν,
2273 5497 2368 5563 οὓς
2397 5503 2508 5564 τοῖς
2569 5499 2706 5556 Θεοῦ
2756 5503 2850 5556 καὶ
2891 5481 3006 5568 σοῖς
3049 5481 3404 5575 ὑποίέϐληκα
3433 5481 3796 5586 Mign-etv,
