4022 6218
386 331 494 397 135

1383 330 1441 390 S.
1486 328 1906 392 NICEPHORI
1976 327 2482 388 PATRIARCHzE
2516 327 2624 387 (ΣΡ.

3548 320 3652 386 136

387 457 545 498 curas
573 441 900 508 redolentem
928 438 990 510 (i)
1021 445 1076 495 et
1097 438 1270 494 securi
1302 438 1518 494 militari
1540 440 1702 495 boum
1723 437 1962 494 voratori

2074 442 2161 496 καὶ
2196 441 2577 512 στρατιωτικῷ
2610 439 2807 494 πέλυκι
2836 435 3192 507 τῷΒουθοίνα
3222 435 3334 505 (9.7)
3361 435 3651 508 παραϐαλ-

387 533 612 588 llerculi
669 531 1118 602 comparabilem,
1176 531 1277 586 soli
1317 531 1495 585 ventri
1537 531 1836 602 saginando
1889 531 1971 586 in-

387 633 596 679 tentum
631 631 685 678 et
704 623 1006 678 eduliorum
1028 621 1250 676 delicias
1272 628 1716 684 consectautem;
1749 622 1968 692 regendi

388 726 569 770 autem
605 714 802 784 peritia
859 711 1008 767 omni
1057 713 1397 780 destitutum,
1428 727 1525 766 nec
1585 713 1688 768 nisi
1755 714 1971 768 solceca:

386 822 455 861 ac
487 806 736 860 barbarie
779 803 1033 856 dictionis
1091 819 1319 873 gnarum
1349 803 1639 860 artiﬁcem.
1703 803 1880 868 Hunc,
1911 811 1970 857 ut

391 912 511 964 qua:
534 904 660 948 sunt
716 892 892 947 media
926 893 1090 946 missa
1145 893 1364 962 faciam,
1423 896 1582 951 unius
1609 897 1748 951 lucis
1785 895 1970 950 labore

389 981 672 1054 expoliens
714 985 1097 1053 erudiensque,
1151 985 1515 1042 sacerdotalis
1566 987 1971 1056 tremendaeque

389 1078 536 1131 sedis
584 1077 864 1130 constituit
910 1078 1232 1147 praesidem;
1269 1094 1488 1147 sumque
1543 1079 1714 1148 ipsius
1765 1079 1970 1149 supinae

391 1168 587 1220 anima:
625 1166 752 1238 (non
788 1168 933 1222 enim
959 1168 1163 1222 Christi
1194 1168 1402 1238 ovium)
1443 1169 1711 1223 barbarus
1759 1169 1972 1239 procla-

390 1259 562 1312 mavit
591 1269 884 1328 pastorem.
928 1259 1060 1313 Inde
1089 1275 1154 1312 ex
1203 1260 1494 1330 episcopis,
1529 1261 1620 1328 qui
1653 1260 1768 1315 sive
1793 1261 1970 1330 poenis

391 1350 568 1404 adacti
594 1350 708 1404 sive
739 1350 900 1404 etiam
925 1360 1117 1416 sponte
1151 1349 1203 1405 in
1236 1349 1356 1419 ejus
1393 1359 1785 1404 concesserant
1823 1363 1966 1417 veta,

394 1451 559 1508 atque
583 1457 646 1495 ex
685 1441 1034 1494 novatoribus
1060 1441 1414 1510 profanisque
1465 1442 1742 1511 magistris
1781 1459 1973 1512 gracu-

390 1532 563 1585 lorum
593 1533 945 1586 tumultuario
974 1541 1243 1588 conventu
1286 1534 1541 1596 adunato,
1576 1534 1826 1590 Ecclesiae
1876 1535 1970 1590 ad-

391 1639 607 1678 versum
667 1625 718 1677 in
791 1623 1030 1677 Ecclesia
1095 1624 1383 1678 concilium
1436 1625 1578 1694 cogit
1609 1626 1717 1696 (j):
1761 1628 1813 1679 in
1863 1641 1970 1695 quo

393 1716 660 1784 quidquid
692 1715 820 1768 olim
856 1715 1045 1769 insano
1073 1715 1254 1769 studio
1279 1725 1593 1770 annotatum
1622 1726 1970 1782 congestum-

2070 532 2330 602 λόμενον,
2362 531 2502 601 πρὸς
2533 531 2702 601 μόνην
2745 529 2842 600 τὴν
2869 529 3116 598 γαστέρα
3154 527 3422 598 βλέποντα
3452 529 3546 580 καὶ
3581 527 3652 580 τά

2069 623 2179 676 τῶν
2204 621 2504 693 ζωμαρίων
2545 620 2807 683 ἐπιεικῶς
2845 617 3268 690 καρυκεύματα,
3309 618 3492 688 πάσης
3526 619 3652 672 ἐπι-

2072 713 2410 785 στημονικῆς
2465 711 2758 781 ἐμπειρίας
2798 709 3115 780 ἀλλότριον,
3151 707 3252 778 τῆς
3297 707 3354 761 δέ
3403 708 3652 764 σολοίκου

2028 813 2039 820 ”
2069 807 2166 860 καὶ
2191 805 2470 876 βαρϐάρου
2502 803 2700 869 λέξεως
2735 802 2830 855 καὶ
2862 800 2982 854 λίαν
3023 799 3391 870 ἐμπείραμον.
3423 797 3650 864 Τοῦτον,

2071 898 2161 952 ἵνα
2191 896 2257 950 τά
2309 897 2368 950 ἐν
2415 895 2566 966 μέσῳ
2605 894 2804 964 παρεὶς
2838 889 3052 964 [σιγῶ],
3096 891 3411 961 αὒθήμερον
3444 889 3654 953 πλύνας

2070 988 2167 1042 καὶ
2199 987 2458 1054 σοφίσας,
2492 985 2586 1038 ἐπὶ
2624 987 2718 1037 τὸν
2765 982 3042 1054 ἱερατικὸν
3084 981 3176 1035 καὶ
3207 981 3435 1051 φρικτὸν
3461 980 3653 1053 θρόνον

2070 1079 2348 1149 ἐφίστησι,
2387 1077 2485 1131 καὶ
2521 1077 2758 1147 ποιμένα
2799 1075 2898 1145 τῆς
2935 1073 3126 1127 ἐαυτοῦ
3157 1072 3436 1134 λυκώδους
3467 1072 3652 1144 ψυχῆς

2073 1171 2167 1242 (οὺ
2206 1169 2319 1242 γάρ
2341 1168 2448 1223 τῶν
2477 1166 2717 1239 Χριστοῦ
2778 1163 3146 1238 θρεμμάτων)
3179 1167 3208 1218 ὁ
3237 1162 3516 1235 βάρϐαρος
3551 1164 3650 1218 ἀν-

2069 1261 2394 1332 ηγόρευσεν.
2435 1258 2720 1313 Ἐντεῦθεν
2754 1258 2942 1334 λοιπὸν
2987 1256 3050 1310 ἔκ
3073 1273 3135 1309 τε
3164 1255 3272 1310 τῶν
3316 1255 3650 1309 πεισθέντων

2069 1351 2387 1405 ἐπισκόπων
2422 1350 2480 1416 ἐξ
2511 1346 2785 1416 αἰκισμῶν
2841 1345 2874 1416 ἢ
2925 1345 3021 1398 καὶ
3057 1342 3461 1412 ἐκουσιότητος,
3492 1339 3558 1393 ἐκ
3587 1354 3655 1393 τε

2069 1441 2180 1495 τῶν
2203 1440 2636 1512 νεωτεριζόντων
2673 1441 2768 1492 καὶ
2796 1438 3030 1508 ἀνιέρων
3061 1433 3400 1490 διδασκάλων
3433 1448 3648 1503 συμφο-

2075 1533 2242 1603 ρήσας
2267 1529 2532 1600 κολοιώδη
2561 1529 2672 1600 (28)
2699 1529 2917 1598 λέσχην,
2941 1527 3001 1579 τὸ
3023 1525 3164 1579 κατά
3187 1524 3286 1593 τῆς
3319 1521 3649 1593 Ἐκκλησίας

2072 1625 2130 1676 ἐν
2159 1625 2224 1693 τῇ
2267 1622 2566 1692 Ἐκκλησία
2598 1620 2878 1688 συνίστησι
2911 1616 3296 1687 βουλευτήριον
3331 1629 3344 1644 ·
3379 1614 3439 1666 ἐν
3538 1613 3648 1666 πά-

2073 1733 2172 1778 σας
2209 1715 2308 1778 τὰς
2341 1711 2839 1785 προμελετηθείσας
2870 1710 3111 1780 ἀνοήτως
3145 1703 3518 1777 παραγραφὰς
3554 1702 3651 1757 καὶ

391 1823 498 1876 que
547 1807 787 1870 fuerant,
842 1808 1109 1870 meditati,
1161 1817 1477 1861 evomercnt
1529 1816 1584 1861 et
1625 1808 1966 1861 consarcina-

2074 1804 2380 1876 περικοπὰς
2407 1803 2882 1874 προσεμέσαντες,
2917 1800 3014 1852 καὶ
3045 1797 3144 1867 τὴν
3176 1793 3649 1867 προκαττυθεῖσαν

395 1907 501 1948 tum
531 1896 679 1963 prius
720 1895 770 1947 in
824 1893 1234 1965 Blacheruis(k)
1281 1895 1620 1950 Constantini
1685 1897 1970 1966 synodum,

391 1987 635 2040 subsidio
687 1997 1052 2050 assumentes,
1110 1987 1250 2041 hanc
1308 1987 1449 2041 illius
1503 1986 1970 2042 conﬁrmatiOnem

393 2074 755 2143 appellarunt,
814 2083 974 2143 atque
1005 2073 1058 2127 id
1090 2089 1352 2142 perquam
1382 2074 1576 2129 merito
1604 2092 1618 2128 :
1654 2090 1773 2128 cum
1823 2075 1970 2128 enim

390 2180 509 2216 eum
545 2179 606 2216 ex
676 2162 900 2218 Patrum
953 2163 1209 2232 suffragio
1255 2179 1415 2219 omne
1477 2167 1642 2220 robur
1692 2167 1968 2232 deﬁceret,

394 2272 592 2324 rit-que,
625 2265 682 2308 ut
742 2256 826 2308 lex
887 2256 1257 2310 ecclesiastica
1316 2266 1492 2320 cavet,
1549 2258 1968 2326 apostolicarum

391 2349 602 2401 scdium
653 2347 927 2400 antistites
987 2347 1122 2402 ullos
1187 2349 1591 2404 consentientes
1639 2351 1967 2416 haberet,ex

296 2461 303 2465 ·
391 2443 472 2494 sui
531 2441 799 2494 similibus
831 2454 926 2493 sua
968 2439 1352 2503 conﬁrmabat,
1389 2453 1452 2494 ac
1482 2440 1767 2496 mendacio
1800 2455 1967 2495 cona-

393 2534 552 2586 batur
587 2532 802 2583 veritati
861 2531 1160 2598 imponere.
1191 2529 1286 2585 His
1317 2531 1490 2600 prima
1524 2532 1832 2601 pestilentis
1854 2547 1968 2586 sua:

393 2623 652 2676 sessionis
710 2621 797 2675 die
831 2621 1082 2684 sancitis,
1121 2631 1427 2676 conventus
1475 2622 1688 2677 solutus
1721 2630 1822 2677 est.
1865 2621 1966 2678 Se-

388 2712 579 2780 quenti
641 2718 819 2764 autem
872 2710 926 2763 in
998 2725 1164 2764 unum
1227 2710 1582 2774 confluentes,
1633 2721 1966 2783 occeperunt

391 2800 525 2854 falsa
553 2801 802 2870 dogmata
830 2815 926 2854 sua
958 2815 1253 2868 exponere,
1276 2816 1396 2870 quae
1421 2802 1584 2856 etiam
1640 2803 1817 2871 palam
1840 2818 1965 2873 pro-

393 2892 646 2944 didcruut
675 2890 938 2944 saevitiam
999 2890 1296 2958 pra-fracta:
1353 2906 1466 2946 suae
1501 2893 1736 2947 malitiae.
1773 2891 1965 2958 Quaeso

395 2993 606 3046 autem,
669 2980 1011 3034 crudelitatis
1040 2995 1226 3034 eorum
1256 2981 1637 3036 enormitatem
1677 2983 1960 3037 attendite.

2075 1895 2133 1947 ἐν
2192 1893 2526 1965 Βλαχέρναις
2588 1889 3007 1944 Κωνσταντίνου
3073 1885 3300 1940 σύνοδον
3357 1883 3649 1954 ἐπίκουρον

2073 1984 2284 2054 ἔχοντες
2303 2020 2319 2046 ,
2350 1979 2760 2050 ἐπικυρωτικὴν
2811 1977 3017 2047 ταύτην
3065 1974 3282 2046 ἐκείνης
3307 1973 3606 2042 ὠνόμασαν
3630 2009 3647 2035 ,

2071 2079 2168 2131 καὶ
2193 2077 2315 2129 λίαν
2363 2076 2611 2138 εἰκότως.
2643 2075 2740 2126 Ἐκ
2775 2071 2887 2143 γὰρ
2919 2070 3205 2140 Πατρικῆς
3235 2067 3568 2138 συνηγορίας
3586 2065 3649 2118 τὸ

2071 2167 2240 2239 κῦρος
2301 2168 2401 2220 οὐκ
2453 2164 2716 2236 ἔχουσαν,
2751 2163 2878 2217 οὔτε
2921 2164 2980 2230 ἐξ
3029 2159 3404 2217 ἀποπολικῶν
3440 2158 3647 2228 θρόνων

2071 2258 2378 2328 συνέδρους,
2406 2257 2482 2320 ὡς
2515 2256 2677 2327 νόμος
2718 2257 2866 2308 ἐστὶν
2897 2252 3367 2326 ὲκκλησιαστικδς,
3407 2248 3646 2322 εὐπορή-

2071 2366 2263 2412 σασαν,
2297 2349 2363 2401 ἐκ
2395 2349 2453 2401 δὲ
2482 2348 2591 2401 τῶν
2627 2347 2832 2418 ὁμοίων
2861 2347 2996 2416 αὐτῇ
3033 2345 3104 2400 τὰ
3133 2345 3332 2414 ἑαυτῆς
3367 2344 3644 2412 ἐπικυροῖ,

2068 2441 2162 2493 καὶ
2205 2439 2284 2509 τῷ
2325 2439 2515 2509 ψεύδει
2562 2441 2821 2511 πειρᾶται
2875 2434 3336 2508 παραλογίζεσθαι
3377 2434 3476 2504 τὴν
3513 2433 3647 2503 ἀλήο

2069 2529 2242 2585 θειαν.
2262 2530 2450 2584 Ταῦτα
2480 2533 2548 2602 τῇ
2591 2531 2783 2602 πρώτῃ
2821 2529 2922 2600 τῆς
2969 2527 3250 2598 λυμώδους
3290 2525 3473 2580 αὐτῶν
3507 2525 3642 2578 καθ-

2068 2620 2230 2692 έδρας
2307 2621 2492 2691 ἡμέρᾳ
2545 2620 2904 2683 θεσπίσαντες
2949 2618 3253 2672 διελύοντο·
3299 2619 3366 2688 τῇ
3395 2615 3454 2669 δέ
3505 2612 3648 2685 μετά

2064 2709 2272 2781 ταύτην
2298 2710 2391 2763 ἐπὶ
2415 2709 2478 2762 τὸ
2509 2709 2641 2763 αὐτὸ
2667 2710 2981 2782 συνέρρεον,
3023 2708 3118 2762 καὶ
3142 2705 3254 2761 τῶν
3281 2705 3378 2759 τοῦ
3412 2702 3645 2776 ψεύδους

2065 2802 2356 2873 δογμάτων
2385 2803 2722 2873 ἀπήρχοντο,
2750 2803 2807 2856 ἐν
2834 2796 2869 2876 ᾗ
2895 2801 2990 2855 καὶ
3015 2801 3079 2854 τὸ
3105 2799 3315 2872 άπηνές
3340 2798 3443 2870 τῆς
3466 2794 3646 2851 αὐτῶν

2065 2895 2404 2967 ἀτεράμονος
2436 2894 2740 2966 κακότητος
2773 2895 3152 2951 διεδείκνυντο.

461 3096 553 3151 74.
586 3095 718 3150 Cum
766 3104 924 3149 recta:
953 3091 1313 3149 confessionis
1361 3093 1646 3162 episcopos
1695 3095 1959 3163 quosdam

2133 3097 2226 3152 06'.
2252 3097 2364 3150 Καὶ
2385 3097 2548 3169 δρᾶτε
2569 3097 2666 3170 τὴν
2693 3097 3001 3170 ὑπερϐολὴν
3024 3099 3126 3170 τῆς
3149 3099 3457 3172 ὠμότητος.
3485 3102 3647 3158 Ἀπουο

393 3188 764 3257 delegissent,
821 3200 958 3254 quos
1011 3201 1039 3237 a
1103 3186 1275 3254 prima
1335 3185 1520 3239 statim
1579 3186 1963 3256 congressione

392 3277 673 3332 subactum
708 3277 772 3330 iri
822 3275 1232 3338 existimabant,
1275 3276 1450 3329 sacris
1485 3275 1695 3330 illorum
1723 3277 1964 3332 vestibus

393 3370 447 3422 in
480 3369 718 3422 minutos
769 3381 973 3436 pannos
1008 3366 1322 3431 conscissis,
1345 3381 1436 3421 eos
1463 3380 1565 3436 pro
1605 3364 1827 3434 majoris
1874 3381 1968 3422 ec-

393 3464 575 3518 clesia:
626 3463 836 3518 foribus
885 3473 1082 3530 lentos,
1124 3463 1272 3518 velut
1332 3463 1544 3517 vinctos
1587 3470 1735 3516 stare
1775 3460 1968 3530 praeci-

393 3558 572 3625 piunt,
601 3557 878 3624 multaque
899 3557 963 3609 ad
989 3571 1082 3610 eos
1109 3556 1364 3624 imperite
1381 3555 1690 3624 loquentes,
1716 3569 1778 3607 ac
1809 3567 1968 3607 rana-

395 3663 516 3701 rum
543 3662 690 3700 more
725 3648 857 3701 nihil
891 3647 1222 3703 cohaerentia
1255 3657 1418 3716 atque
1451 3647 1707 3702 distincta
1767 3643 1964 3699 tumul-

395 3741 574 3793 tuarie
607 3739 935 3804 ell'utientes,
961 3755 1056 3810 per
1087 3740 1325 3795 medium
1355 3755 1454 3795 eos
1482 3755 1798 3796 consessum
1825 3736 1968 3793 trahi

390 3829 602 3898 jubent.
631 3830 724 3884 His
754 3845 884 3884 vero
901 3831 966 3884 ad
996 3833 1252 3900 nequitiae
1297 3831 1557 3900 praesides
1605 3832 1825 3901 prepius
1874 3845 1969 3884 ac-

395 3921 710 3976 cedentibus
740 3920 977 3975 clamore
1006 3922 1216 3976 sublato
1275 3923 1548 3991 imperant
1599 3919 1826 3992 gradum
1864 3922 1972 3977 sis-

399 4021 533 4075 tere,
562 4021 955 4081 perspectaque
979 4011 1032 4066 in
1069 4012 1134 4067 iis
1168 4010 1442 4067 obﬁrmati
1472 4013 1638 4067 animi
1702 4022 1967 4067 constan-

396 4101 681 4170 tia,quam
727 4101 872 4156 nulla
922 4101 1244 4170 iujuriarum
1291 4103 1373 4170 vis
1427 4113 1616 4172 posset
1663 4101 1969 4158 convellere

377 4193 574 4262 .(duris
603 4192 747 4248 enim
781 4193 970 4263 petris,
1013 4193 1230 4264 altaque
1253 4183 1446 4251 radice
1490 4193 1612 4250 ﬁxis
1661 4194 1968 4266 quercubus

2067 3187 2355 3259 λεξάμενοι
2389 3187 2500 3242 τῶν
2527 3188 2630 3258 τῆς
2659 3189 2828 3261 ὀρθῆς
2857 3189 3154 3260 ὁμολογίας
3209 3193 3526 3248 ἐπισκόπων
3566 3211 3654 3248 τιο-

2069 3280 2207 3346 νὰς,
2265 3279 2360 3343 οὒς
2409 3278 2680 3346 ἐτόπαζον
2732 3281 2838 3335 ὑπὸ
2879 3285 3072 3352 χεῖρας
3111 3283 3260 3352 σφῶν
3309 3286 3373 3339 ἐκ
3425 3285 3650 3357 πρώτης

2073 3370 2335 3440 ἐπιϐολῆς
2385 3369 2574 3439 άγειν,
2627 3365 2748 3425 εἷτα
2783 3373 2883 3436 τάς
2915 3373 3068 3444 ἱεράς
3114 3375 3433 3445 ἀμπεχόνας
3468 3375 3648 3430 αὐτῶν

2076 3462 2158 3524 είς
2188 3461 2355 3531 ῥάκια
2387 3460 2562 3531 μικρὰ
2591 3461 3042 3534 περιρρήξαντες,
3076 3464 3182 3534 πρὸ
3203 3465 3311 3517 τῶν
3341 3465 3526 3520 πυλῶν
3551 3464 3648 3523 τοῦ

2079 3551 2336 3624 μεγίστου
2382 3551 2488 3606 νεὼ
2523 3553 2920 3625 κατεχομένους
2963 3554 3040 3618 ὡς
3087 3553 3376 3625 δεσμώτας
3424 3558 3650 3613 ἑστάναι

2076 3642 2478 3715 προσέταττον,
2515 3645 2609 3698 καὶ
2636 3645 2701 3716 δὴ
2732 3646 2902 3700 πολλά
2927 3647 3048 3700 κατ’
3072 3645 3251 3700 αὐτῶν
3285 3648 3653 3720 βατταρίσαν-

2071 3751 2196 3800 τες,
2240 3736 2337 3789 καὶ⁸
2385 3734 2676 3807 βατράχων
2719 3736 2876 3809 δίκην
2916 3737 3206 3808 ἀσύμϐατα
3255 3739 3350 3793 καὶ
3399 3726 3649 3814 ἄναρθρα

2073 3827 2498 3900 θορυϐήσαντες,
2526 3829 2618 3883 διὰ
2643 3829 2815 3901 μέσης
2834 3831 2933 3900 τῆς
2959 3829 3166 3884 ἑαυτῶν
3183 3831 3453 3902 καθέδρας
3479 3835 3648 3904 προσ-

2071 3920 2359 3974 τάττουσιν
2381 3918 2658 3976 ἕλκεσθαι.
2698 3920 2788 3974 Ἑν
2812 3912 2858 3988 ᾧ
2896 3920 2953 3974 δὲ
2977 3923 3093 3984 τοῖς
3133 3921 3233 3990 τῆς
3258 3922 3458 3984 κακίας
3485 3921 3650 3992 ἐξάρ-

2073 4025 2191 4080 χοις
2223 4009 2628 4080 προσήγγιζον,
2665 4013 2858 4082 στῆναι
2886 4011 2977 4065 διὰ
3007 4011 3137 4082 βοῆς
3173 4012 3513 4067 ἐπεκέλευον.
3559 4012 3648 4076 Ὠς

2073 4101 2130 4154 δέ
2159 4099 2220 4153 τὸ
2273 4099 2483 4172 ἑδραῖον
2530 4101 2710 4155 αὐτῶν
2745 4103 2883 4172 πρὸς
2915 4103 3016 4166 τὰς
3039 4103 3323 4175 ’ἐπηρείας
3359 4105 3650 4158 ἀτίνακτον

2074 4192 2302 4252 ἔϐλεπον
2331 4191 2350 4264 (
2369 4192 2598 4266 πέτραις
2625 4195 2734 4266 γὰρ
2765 4197 3018 4269 στερραῖς
3050 4197 3084 4268 ἢ
3115 4196 3272 4269 δρυσὶ
3300 4196 3648 4270 βαθυρρίζοις

446 4463 533 4545 fi)
584 4462 922 4545 Theodotum
971 4467 1301 4545 flagitem!!!
1361 4466 1968 4545 Leoni-Grammatice,
2003 4475 2050 4532 ι)
2077 4473 2249 4545 tebat.
2292 4472 2372 4545 ibi
2389 4473 2541 4545 risus
2563 4511 2580 4540 ,
2611 4475 2770 4530 ‘lusus
2791 4515 2805 4539 ,
2841 4474 3040 4540 hletae,
3095 4474 3420 4545 turpiloquia
3454 4474 3647 4530 haberi

385 4533 1090 4612 ρει-ευριρῴΑρρειιιίὶο-ἱε
1129 4551 1142 4586 :
1180 4555 1198 4588 ι
1231 4537 1394 4612 ﬁlium
1441 4537 1726 4612 Michaelis
1759 4533 1969 4612 patricii

389 4601 677 4668 Melissini,
709 4600 1047 4658 Constantini
1080 4606 1420 4672 imperatoris
1467 4607 1730 4664 Caballini
1759 4600 1832 4664 δι)
1861 4622 1971 4666 ter-

386 4672 667 4748 tianicjus
692 4689 912 4748 uxorem
945 4673 1305 4748 leviri._lstuni
1340 4677 1675 4732 Theodotum
1702 4679 1969 4748 Spatharo

385 4742 776 4822 candidatum,
815 4745 1050 4811 Opinatis
1087 4744 1202 4812 ejus
1245 4742 1966 4822 consentientem,_maritali

391 4817 708 4890 nuptiarum
756 4827 960 4866 corona
1012 4824 1274 4890 notatum,
1336 4819 1543 4870 tonderi
1590 4817 1841 4890 jussitet
1873 4835 1972 4890 pa-

388 4875 693 4959 ὲτίδτφδθξη
716 4886 1070 4959 ;ευηεεετενθτί,ο
1111 4875 1411 4959 celatum-
1429 4897 1512 4940 εει
1540 4875 1812 4959 οξιςίιιθιίο
1847 4875 1965 4959 eius

383 4949 684 5025 faseltatis
701 4949 854 5025 festo
862 4953 1016 5025 ⁵(ει-90
1033 4952 1437 5025 ipsis-Kalendis
1466 4956 1682 5024 Aprilis)
1707 4949 1958 5025 hominis,

380 5020 640 5087 inquam,
670 5019 967 5098 qui_ru1'hil’
994 5019 1276 5098 spirituale
1309 5019 1551 5098 calleret,
1597 5027 1742 5098 nulla
1773 5019 1961 5098 Scrip-E

382 5098 532 5168 ~tur_t_e
551 5159 553 5161 ι
574 5099 726 5158 parte
761 5089 1194 5168 fereteruditus,
1229 5092 1499 5150 uisi‘forte
1527 5096 1797 5150 levissima
1825 5115 1841 5153 :
1867 5089 1962 5168 q'ui

386 5158 595 5214 «nullam
620 5173 745 5236 erga
777 5157 941 5212 Deum
963 5163 1214 5228 pietatem
1238 5173 1558 5236 ostentaret,
1591 5175 1798 5220 tantum
1821 5157 1964 5236 qu'od

385 5230 810 5285 mansuetudine
837 5242 1129 5305 praestaret
1140 5243 1208 5305 Aet
1242 5233 1413 5287 bonus
1455 5235 1761 5305 hominibus
1795 5230 1962 5305 appa-

390 5309 542 5354 reret
563 5301 1064 5377 commendabatur:
1091 5301 1188 5355 Hie
1211 5315 1332 5356 cum
1355 5301 1964 5377 patriarchalemdigni-

395 5379 570 5443 tateiu‘
619 5369 915 5443 subiisset,
966 5371 1188 5438 opiparn
1257 5369 1563 5443 meridiana
1623 5369 1960 5443 serotina'que

389 5438 656 5493 carnibus
685 5439 946 5508 appositis
981 5444 1146 5508 coepit
1184 5441 1387 5510 agitare
1414 5444 1682 5507 convivia,
1711 5438 1963 5500 clericos-

388 5523 503 5573 que
532 5524 594 5579 ac
621 5509 916 5564 m0nachos
944 5525 1042 5564 uec
1078 5524 1183 5563 uou
1207 5509 1516 5579 episcopos,
1543 5514 1762 5579 juvenili
1802 5526 1962 5570 aetate

385 5577 638 5654 carnium
671 5593 772 5654 esu
812 5581 1164 5654 abstinentes,
1200 5577 1582 5654 continentiam
1617 5591 1960 5654 abrumpere.

390 5652 456 5721 et
478 5645 544 5695 ad
579 5647 864 5764 influviem
893 5651 1178 5705 comedere
1202 5650 1458 5719 compulit
1492 5668 1505 5704 :
1535 5663 1588 5707 et
1612 5654 1698 5708 ubi
1727 5645 1956 5722 primunt

392 5721 572 5764 metas
593 5727 852 5764 Duruna-
893 5721 1166 5764 lmneelae-
1207 5722 1528 5764 rnnlinenlin
1562 5733 1609 5764 pt
1641 5726 1807 5764 virtue
1839 5727 1953 5764 nni-

391 5711 572 5780 pietas
593 5711 855 5786 plurima,
893 5721 1169 5788 honestas,
1207 5711 1530 5777 continentia
1562 5733 1612 5778 et
1641 5711 1807 5795 virtus
1839 5727 1953 5779 cui-

2077 4543 2282 4620 absque
2317 4543 2640 4620 disciplina:
2688 4547 3066 4620 cujuscunque
3101 4543 3240 4614 .jugo
3307 4543 3566 4620 uidisses.
3623 4563 3646 4599 ι

2073 4612 2280 4667 Similia
2317 4614 2568 4680 leguntur
2601 4615 2655 4667 in
2688 4612 2806 4669 Vita
2838 4616 2896 4668 S.
2929 4612 3152 4669 Niceten.

2143 4682 2209 4752 (ἱ)
2241 4681 2337 4738 Est
2387 4683 2492 4738 hoc
2522 4684 2937 4738 conciliabulum
2994 4686 3154 4741 tomis
3182 4682 3546 4738 Conciliorum
3575 4683 3652 4738 in-

2071 4765 2297 4817 sertum,
2331 4754 2424 4808 sed
2457 4753 2525 4807 ad
2569 4767 2765 4808 annum
2790 4753 3078 4820 8M,eum
3112 4753 3354 4808 habitum
3393 4753 3650 4809 sitanuo

2070 4821 2131 4876 8|
2144 4821 2198 4886 5,
2237 4837 2422 4876 mense
2444 4822 2637 4891 Aprili.

2143 4890 2218 4963 (lt)
2252 4891 2307 4945 ln
2328 4890 2518 4963 eadem
2568 4893 2880 4963 Appendice
2907 4910 2936 4944 ι
2982 4892 3255 4963 Legerunt
3287 4901 3492 4948 tomum
3526 4891 3650 4947 edi-

2072 4961 2207 5014 tum
2229 4975 2273 5043 _a
2307 4961 2683 5043 defensoribus
2713 4961 3127 5034 pseudosynodi,
3163 4966 3526 5043 “gegetum
3569 4977 3648 5016 vtt

2072 5031 2263 5116 synodi
2301 5033 2366 5111 ad
2395 5029 2731 5086 Blaehernas
2784 5029 3132 5114 vocaverunt.
3177 5049 3197 5084 ›
3227 5031 3285 5086 S.
3318 5030 3647 5113 {Theodorus

2071 5098 2284 5155 btudtta
2315 5099 2408 5154 hb.
2433 5115 2495 5162 tt,
2528 5116 2613 5169 ep.
2640 5103 2707 5157 15
2728 5103 2794 5155 ad
2818 5101 3185 5157 Patrtarcbam
3221 5101 3645 5155 Antiochenum:

2077 5186 2097 5220 ι
2145 5169 2415 5240 Synodus,
2446 5171 2642 5238 inquit,
2670 5170 2816 5230 facta
2843 5182 2948 5238 est,
2968 5181 3202 5227 veterem
3246 5172 3389 5225 illam
3423 5172 3648 5240 impiam

2072 5242 2426 5305 conﬁrmans,
2451 5249 2502 5294 et
2528 5244 2907 5306 orthodoxam,
2949 5240 3224 5297 Nicanatn
3247 5242 3479 5304 scilicet,
3508 5255 3646 5294 ana-

2075 5310 2316 5363 themate
2343 5311 2625 5363 damnans.
2671 5330 2690 5362 ι

2139 5377 2574 5452 (27),Βουθοίνας
2604 5395 2699 5435 seu
2744 5380 3032 5452 Βουθοίνης
3092 5380 3298 5436 Grazcis
3332 5381 3516 5452 dictus
3555 5386 3647 5452 est.

2068 5447 2505 5522 Herculesquod
2557 5451 2761 5517 boves,
2810 5447 3049 5522 integros
3067 5467 3180 5506 uno
3227 5449 3385 5522 epulo
3425 5447 3645 5503 absunt-'-

2065 5521 2240 5587 psisse
2271 5519 2584 5585 ﬁngeretur.

2134 5587 2245 5674 (ἐξ)
2275 5587 3090 5674 Vide-turad‘elymounominis
3122 5587 3642 5674 nolet-6;,‘gracuftu,

2060 5657 2247 5722 alludi,
2279 5659 2419 5726 quod
2464 5675 2492 5711 a
2528 5657 2773 5713 κολεῦειν
2837 5661 3211 5715 tumultuando
3246 5657 3463 5715 ductum
3510 5673 3643 5713 ceu-

2061 5729 2163 5780 suit
2197 5728 2388 5783 (Igcltus
2429 5727 2797 5799 Rhodiginus,
2838 5731 2928 5785 lib.
2966 5747 3084 5794 χιιι,
3118 5748 3232 5801 sup.
3268 5733 3323 5787 4.
