4022 6218
413 303 520 372 ius
1401 309 1460 368 s.
1502 305 1920 369 NICEPHORI
1959 299 2465 364 PATRIARCHE
2503 299 2614 360 cr.
3561 278 3666 354 156

411 415 600 487 grandi
625 414 832 473 scelere
863 415 918 473 in
953 429 1076 472 eum
1112 423 1510 487 perpetrarent,
1562 423 1674 468 tum
1705 413 1848 483 quod
1878 429 1976 468 sae-

2107 410 2258 480 ἀφῆς
2285 406 2629 462 καταλέλυκε·
2653 401 2951 475 σκήνωσιν,
2984 398 3083 454 καὶ⁵
3123 399 3250 470 σιγῇ
3281 397 3353 453 τὰ
3379 397 3482 469 τῆς
3513 397 3667 470 ἱερᾶς

413 501 534 571 plus
565 501 679 570 ipsa
713 502 927 559 vindice
951 501 1204 570 veritate,
1239 502 1512 556 rationum
1539 499 1656 568 ejus
1685 501 1734 556 vi
1764 501 1979 556 fuerant

2107 499 2291 569 κείνης
2335 489 2584 565 γλώττης
2625 491 2898 558 διεδέξατο
2943 489 3126 559 λόγια,
3157 489 3235 551 ὡς
3277 487 3371 541 ἐπί
3399 504 3454 542 τι
3480 487 3662 557 χαρᾶς

414 589 707 656 coniutati;
739 605 805 644 ne
832 591 934 646 hoc
959 589 1176 660 quidem
1209 586 1510 649 sibil'acile
1540 586 1889 656 indulgebant
1921 595 1979 640 ut

2107 590 2385 662 ινέδραμον
2420 584 2840 670 σκοπευτήριον,
2873 583 2970 636 καὶ
3009 583 3197 636 πᾶσαν
3230 579 3533 650 ὑπόκρισιν
3578 576 3669 630 διὰ

411 694 476 734 ex
511 681 764 750 nequitia:
795 697 907 736 suae
952 680 1174 738 latebris
1221 679 1519 749 prodirent.
1557 679 1634 736 Ex
1661 693 1768 748 quo
1799 689 1978 734 autem

2107 678 2354 750 ὀφώδους
2393 675 2594 748 ἀχλύος
2637 668 3042 744 ’ἀπονιψάμενοι
3063 711 3080 737 ,
3110 671 3296 741 γυμνῇ
3327 673 3397 742 τῇ
3425 668 3665 739 κεφαλῇ.

411 769 658 824 divinum
691 770 822 822 illud
869 769 1277 826 tabernaculum
1314 768 1521 824 tumqu
1555 769 1830 824 conditum
1875 778 1981 832 est,

2107 773 2140 826 ii
2187 772 2252 844 δὴ
2281 771 2598 840 λεγόμενον,
2637 765 2709 820 τὰ
2744 765 2846 836 τῆς
2889 763 3182 836 τερθρειας
3234 761 3415 815 αὐτῶν
3459 764 3670 816 ἀνακα-

411 862 476 913 atl
517 861 758 916 melioris
795 861 960 921 sortis
1002 863 1184 916 sedem
1243 861 1423 916 anima
1479 861 1894 930 commigrante,
1929 870 1984 915 et

2107 863 2347 918 tumcum
2399 859 2616 933 Meet;
2627 873 2794 929 ματα,
2837 856 2984 926 ἅπερ
3009 855 3130 917 ταῖς
3161 851 3506 922 πολυφώτοις
3534 849 3666 920 τηλ-

409 939 687 1004 silentium
707 966 874 1006 sacris
898 951 1046 1006 illius
1075 951 1270 1021 lingua:
1291 952 1504 1020 eloquia
1531 951 1712 1006 divina
1739 961 1980 1014 tenuere,

2107 953 2312 1022 ιυγίαις
2343 952 2452 1006 τῶν
2506 951 2679 1021 λόγων
2708 947 2806 1018 (εὖ
2832 942 2980 1019 οἴδα)
3007 943 3106 1000 τοῦ
3133 943 3348 1016 Πατρδς
3371 944 3672 1012 σκεδασθῆ-

410 1055 689 1097 emersere
735 1043 1084 1100 tenebriones
1121 1044 1194 1098 illi
1223 1043 1368 1098 velut
1391 1041 1461 1097 ad
1495 1043 1672 1098 laetum
1713 1043 1980 1110 quoddam

2107 1061 2262 1109 ιεται,
2293 1045 2386 1099 καὶ
2431 1047 2511 1108 τίς
2561 1041 2908 1114 ἀνυπαρξίαν
2957 1039 3204 1111 χωρήσει
3243 1040 3344 1092 καί⁵
3398 1040 3668 1109 περιστιή-

409 1134 778 1200 spectaculum
809 1153 823 1190 :
859 1143 914 1188 et
952 1134 1214 1204 quidquid
1249 1133 1615 1189 simulationis
1663 1141 1802 1198 erat,
1851 1133 1984 1188 cali-
2091 1152 2264 1190 σεται.

411 1228 600 1296 giuosa
639 1227 982 1297 detergentcs
1010 1227 1274 1290 caecitate,
1309 1228 1473 1292 nudo,
1499 1237 1558 1280 ut
1584 1225 1756 1292 aiunt,
1799 1227 1977 1294 capite
2015 1229 2411 1300 praestigiarum
2485 1242 2704 1284 suarum
2754 1241 2926 1297 nugas
2987 1223 3317 1296 producunt,
3367 1235 3508 1291 quas
3537 1217 3672 1272 nihil

414 1323 600 1378 dubito
623 1323 974 1378 lucidissimis
1005 1323 1331 1390 scriptorum
1359 1322 1504 1378 beati
1537 1321 1638 1376 viri
1667 1322 2052 1391 splendo‘ribus
2079 1324 2424 1394 dissipandas
2452 1317 2881 1394 redigendasq'ue
2911 1321 2963 1375 lu
2994 1319 3246 1374 nihilum.

483 1415 574 1470 9|.
610 1414 871 1483 Equidem
901 1415 1042 1482 quod
1077 1417 1255 1470 victus
1277 1423 1440 1484 atque
1463 1415 1746 1470 certamini
1777 1430 1984 1471 causae-

413 1521 518 1573 que
542 1507 718 1574 impar
742 1507 1066 1568 exstiterim,
1097 1506 1301 1562 invicto
1327 1506 1399 1561 illi
1423 1507 1566 1561 inter
1596 1506 1981 1576 perorandum,

415 1596 707 1660 ascribam,
749 1597 794 1651 si
827 1599 1096 1666 quomodo
1133 1607 1487 1668 paternorum
1527 1597 1799 1654 viscerum
1833 1613 1986 1653 amo-
2032 1625 2038 1631 -

418 1702 531 1740 rem
573 1685 844 1742 intiectam
877 1688 942 1741 ad
967 1687 1355 1751 miserendttm,
1395 1689 1796 1758 sollicitamque
1827 1688 1988 1744 inter-

417 1777 718 1831 cessionem
779 1783 926 1838 tuam
989 1777 1122 1840 mihi
1173 1779 1312 1848 apud
1377 1778 1546 1834 Deum
1589 1779 1986 1834 meditatricem

418 1867 714 1924 obtineam.
765 1866 848 1922 Tu
888 1882 1038 1934 vero,
1067 1869 1232 1924 divini
1287 1870 1559 1939 inspector
1607 1869 1987 1936 tabernaculi,

420 1957 717 2027 doctorque
761 1973 831 2014 ac
871 1967 1046 2030 mysta
1093 1959 1471 2026 disertissime,
1525 1961 1618 2028 qui
1654 1961 1707 2015 in
1743 1959 1992 2030 supernis

418 2063 700 2103 sacrorum
737 2049 1137 2118 principatuum
1173 2050 1332 2105 atriis
1377 2051 1646 2114 ambulas,
1673 2065 1738 2106 ac
1765 2065 1991 2120 corrup-

421 2141 586 2196 tionis
624 2145 862 2196 nesciam
897 2151 1120 2203 sortem,
1168 2143 1434 2210 sedesque
1479 2141 1820 2198 immortales
1857 2155 1992 2210 pro-

419 2229 542 2298 pius
573 2229 726 2286 adire
767 2230 1036 2294 meruisti,
1087 2233 1224 2284 bona
1263 2231 1370 2286 illis
1403 2240 1587 2299 parata
1615 2233 1865 2301 adeptus,
1896 2233 1990 2302 qui

419 2319 640 2374 actione
683 2320 882 2381 exculti
949 2321 1518 2390 contemplationeque
1571 2323 1790 2376 virtutis
1835 2321 1994 2377 fasti—

419 2412 570 2480 gium
590 2412 866 2466 consecuti
892 2419 1036 2472 sunt.
1065 2410 1222 2479 plena
1248 2425 1436 2465 eorum
1457 2411 1710 2468 satietate
1734 2413 1990 2483 repleris;

421 2498 692 2567 abiectum
729 2508 894 2568 atque
942 2499 1204 2553 incultum
1240 2512 1600 2568 crassumque
1623 2502 1764 2564 ,vitaz
1793 2511 1996 2558 nostra:

422 2589 597 2644 solum
626 2603 724 2646 nec
762 2589 864 2644 nisi
911 2587 1093 2644 fenum
1135 2589 1438 2658 proterens,
1473 2591 1880 2659 diligentissima
1904 2603 1994 2648 tua
2033 2577 2036 2580 ’

425 2681 494 2734 nd
523 2681 700 2735 solum
737 2680 885 2735 illurn
935 2680 1244 2742 animorum
1275 2681 1544 2737 cultorem
1585 2683 1996 2750 intercessione,

425 2773 644 2844 frugum
702 2771 854 2827 ferax
904 2771 1124 2836 cliicito,
1163 2781 1220 2827 et
1247 2773 1530 2842 quidquid.
1570 2773 1646 2827 illi
1701 2774 1996 2829 diliicilinm

425 2865 704 2932 spinarum
741 2863 999 2932 bonaeque
1041 2863 1326 2918 adversum
1374 2864 1672 2920 habitudini
1707 2867 1848 2921 inest
1875 2866 2000 2922 imis

428 2963 459 3006 a
486 2954 758 3008 radicibus
780 2954 970 3008 evelle.
998 2954 1068 3009 lis
1097 2955 1187 3023 qui
1214 2955 1445 3018 seducti,
1465 2941 1530 3010 et"
1547 2965 1833 3010 exsecrata
1851 2972 2000 3012 com-

2158 1423 2270 1486 ιιαθ.
2321 1417 2462 1487 Ἐγὼ
2486 1415 2543 1472 δὲ
2573 1415 2763 1470 λοιπὸν
2785 1415 2882 1470 τὸν
2907 1403 3008 1484 τῆς
3032 1415 3174 1486 ὲμῆς
3197 1413 3377 1484 ἥττης
3400 1410 3496 1464 καὶ
3525 1407 3678 1462 πτώο

2091 1521 2228 1572 σεως
2253 1507 2345 1562 διὰ
2376 1507 2470 1561 τοῦ
2505 1506 2762 1575 ὲπιλόγου
2789 1507 2992 1560 ἀνοίσω
3021 1505 3160 1576 πρὸς
3186 1503 3244 1558 σὲ
3267 1503 3360 1556 τὸν
3380 1503 3673 1572 ἀήττητον,

2091 1601 2265 1664 εῐπως
2312 1600 2426 1653 τῶν
2451 1599 2737 1669 πατρικῶν
2785 1609 2882 1652 σου
2931 1597 3260 1665 σπλάγχνων
3300 1595 3400 1664 τὴν
3438 1591 3677 1662 στοργήν

2091 1690 2302 1757 κινήσω
2343 1689 2482 1760 πρὸς
2519 1688 2692 1753 ἔλεον,
2733 1689 2826 1742 καὶ
2855 1687 2954 1756 τήν
2983 1689 3064 1746 είς
3111 1685 3246 1738 Θεδν
3279 1681 3678 1752 μεσιτεὺουσαν

2093 1777 2247 1850 ὑμῶν
2264 1780 2630 1850 κηδεμονικὴν
2645 1777 2946 1850 πρεσδείαν
2972 1773 3202 1829 ἑλκύσαι
3210 1791 3291 1844 μι.
3315 1773 3389 1826 Σῦ
3410 1771 3490 1836 δὲ,
3515 1764 3560 1823 ὦ
3577 1771 3678 1838 τῆς

2091 1871 2244 1935 θείας
2295 1873 2502 1942 σκηνῆς
2553 1871 2767 1924 δπόπτα
2831 1870 2930 1924 καὶ
2978 1866 3312 1940 μυσταγωγὲ
3357 1865 3454 1918 καί⁹
3499 1863 3678 1934 μύστα

2089 1961 2392 2032 τρανότατι
2417 2003 2432 2025 ,
2451 1962 2480 2014 ό
2507 1963 2627 2025 ταῖς
2654 1962 2764 2014 ἄνω
2789 1961 3135 2032 ίεραρχικαῖς
3156 1956 3372 2018 αὐλίαις
3406 1967 3678 2025 συμπερι-

2095 2051 2298 2116 πολῶν,
2335 2053 2434 2104 καὶ
2478 2054 2546 2124 τῇ
2580 2051 2876 2122 ἀνωλέθρῳ
2915 2047 3072 2120 λήξει
3103 2047 3200 2102 καὶ
3230 2049 3350 2110 ταῖς
3379 2045 3678 2116 ἀκηράτοις

2099 2143 2290 2213 μονατς
2319 2142 2701 2212 προσπελάσαι
2744 2139 3022 2205 ἀξιωθεὶς,
3059 2139 3162 2192 καὶ
3193 2137 3304 2190 τῶν
3337 2136 3678 2208 ἡτοιμασμέ-

2093 2248 2201 2286 νων
2229 2221 2641 2303 ἐμφορούμενος
2667 2231 2912 2300 ἀγαθῶν,
2934 2233 3050 2293 τοῖς
3073 2229 3163 2283 διὰ
3201 2228 3456 2299 πράξεώς
3489 2245 3550 2280 τε
3582 2230 3678 2280 καὶ

2096 2323 2330 2394 θεωρίας
2357 2325 2418 2377 τὸ
2448 2327 2549 2394 τῆς
2583 2323 2788 2394 ἀρετῆς
2829 2321 3128 2394 κεφάλαιον
3173 2321 3550 2390 εὐπορήσασιν
3570 2336 3585 2351 ο
3619 2318 3680 2371 τὸ

2093 2415 2190 2469 τοῦ
2219 2415 2336 2486 βίου
2363 2412 2848 2485 χαμερπὲςήμῶν
2893 2412 2988 2466 καὶ
3026 2411 3442 2484 κεχερσωμένον
3471 2410 3568 2464 καὶ
3598 2409 3682 2462 ἔν-

2097 2503 2242 2566 υλον,
2265 2507 2333 2574 τῇ
2378 2504 2516 2574 πρὸς
2543 2503 2638 2556 τὸν
2667 2503 2831 2573 μόνον
2863 2503 3116 2572 γεωργὸν
3143 2502 3254 2554 τῶν
3283 2501 3476 2572 ψυχῶν
3502 2502 3682 2570 ἐμμε-

2094 2596 2329 2666 λεστάτῃ
2381 2594 2652 2666 πρεσϐεία
2689 2610 2783 2647 σου
2815 2593 3104 2663 σιτοφόρον
3155 2592 3278 2646 ἀντὶ
3325 2589 3680 2662 σχοινοιρόρου

2095 2693 2292 2756 δεῖξον,
2329 2692 2508 2748 πᾶσαν
2545 2689 2828 2760 μοχθηρὰν
2861 2689 2968 2742 καὶ-
3009 2687 3150 2758 πρὸς
3199 2687 3420 2752 εὐεξίαν
3461 2683 3682 2738 ἀντιτύ-

2102 2800 2219 2846 πως
2241 2781 2474 2852 ἔχουσαν
2507 2779 2890 2852 προθέλυμνον
2922 2779 3259 2850 ὑφελόμενος
3284 2770 3552 2837 ἄκανθαν,
3585 2778 3686 2832 καὶ

2101 2874 2244 2946 χειρὶ
2291 2871 2600 2934 κλαπέντας
2629 2872 2725 2929 καὶ
2771 2869 3032 2942 κοινωνίᾳ
3068 2870 3426 2940 χρανθέντας,
3469 2869 3587 2923 ἀλλ’
3621 2868 3684 2922 οὐ

2101 2963 2164 3016 τὸ
2183 2963 2286 3030 τῆς
2309 2963 2672 3034 συνειδήσεως
2717 2959 3199 3031 συμμολυνθέντας
3229 2961 3532 3040 κριτήριον,
3565 2961 3680 3022 τοῖς

429 3045 688 3102 munione
732 3045 950 3115 polluti,
987 3047 1338 3124 conscientize
1386 3058 1564 3101 tamen
1592 3046 1858 3117 judicium
1893 3064 1998 3104 non

2107 3051 2192 3104 διὰ
2245 3049 2538 3122 μετανοίας
2575 3052 2671 3105 καὶ
2723 3053 2931 3120 πικρᾶς
2982 3049 3267 3118 ἐπιτιμίας
3315 3047 3688 3119 ἀπονίψασθαι

2025 3097 2070 3154 C

427 3150 581 3200 aeque
612 3133 942 3192 faerlaverunt
989 3135 1223 3204 indulge,
1283 3147 1342 3189 ttt
1376 3150 1516 3192 verm
1559 3137 1890 3205 pmnitentia:
1923 3139 2002 3192 la-

2107 3145 2440 3200 κατάνευσον
2484 3143 2749 3212 δάκρυσί,
2777 3144 2998 3211 τέμνειν
3027 3159 3089 3194 τε
3140 3143 3234 3195 καὶ
3261 3137 3420 3204 αὖθις
3456 3142 3557 3211 τήν
3587 3142 3690 3210 τῆς

429 3225 634 3294 rrymis
679 3224 852 3280 labem
887 3227 1196 3296 detergent,
1248 3228 1742 3297 iterumque'viam
1787 3237 2005 3284 teneant

433 3317 700 3378 veritatis,
741 3318 938 3386 quibus
985 3321 1266 3376 conversio
1313 3321 1428 3376 sola
1467 3319 1686 3387 suliicit,
1741 3321 2004 3376 doctrina:

430 3408 744 3462 nullatenus
777 3409 979 3480 indigis
1011 3429 1027 3465 :
1054 3411 1271 3480 subtilis
1303 3413 1446 3466 enim
1473 3412 1732 3467 doctrinm
1759 3423 1866 3468 tim
1889 3413 2006 3469 ine-

429 3497 778 3555 luctabilibus
817 3501 1158 3559 docutneutis
1198 3517 1262 3558 ac
1290 3502 1770 3560 informationibtts
1797 3504 2006 3561 llrmius

433 3589 484 3642 in
514 3590 932 3658 apostolicarum
965 3601 1425 3664 paternarumqne
1455 3595 1797 3650 sanctionum
1823 3596 2004 3666 crepi-

431 3681 557 3736 dine
608 3681 786 3736 detixo
823 3684 1030 3750 animo,
1090 3686 1514 3751 inconcussam,
1550 3685 1696 3741 velut
1746 3687 1848 3742 sub
1896 3685 2006 3743 Deo

433 3781 594 3834 teste,
623 3775 894 3828 servaturi
925 3790 1113 3830 smnus
1137 3775 1262 3832 ﬁdei
1288 3777 1682 3842 sinceritatem,
1709 3792 1872 3848 quam
1899 3778 2008 3833 ins-

435 3871 524 3914 tar
551 3864 780 3917 seminis
813 3864 1096 3933 cujusdam
1136 3867 1188 3921 in
1213 3867 1476 3922 cordibus
1511 3878 1803 3923 servatam.
1825 3867 2010 3924 fovea-

437 3968 580 4008 ntus.
613 3953 803 4023 Neque
836 3971 969 4010 vero
995 3955 1330 4013 defensionis
1357 3959 1471 4028 ipsa
1501 3958 1738 4024 exilitas,
1767 3969 2008 4015 assenta-

439 4044 516 4098 tio
540 4049 786 4110 quazdam
819 4048 1126 4120 frigidaque
1157 4065 1425 4120 nugarum
1457 4051 1734 4106 ventilatio
1763 4052 2010 4108 videatur

437 4137 610 4202 vobis,
647 4138 939 4208 plurimum
974 4143 1116 4211 apud
1143 4141 1311 4196 Deum
1343 4141 1648 4198 valentibus
1669 4162 1686 4198 ς
1711 4147 1806 4200 sed
1830 4145 2010 4201 cordis

439 4230 616 4300 reipsa
650 4219 884 4288 dolentis
918 4235 1184 4305 germina,
1213 4251 1278 4290 ac
1311 4234 1634 4294 aﬂlictiones
1667 4239 1834 4293 animi
1881 4253 2012 4294 con-

441 4320 576 4375 triti.
619 4322 891 4378 lnveniam
939 4327 1115 4382 locum
1169 4329 1498 4398 modumque
1550 4330 1819 4398 reliquum
1868 4331 2012 4400 apud

2103 3236 2361 3308 ἀληθείας
2401 3235 2520 3289 ὀὸδν
2542 3234 2905 3298 καταξίωσον,
2956 3233 3128 3304 μόνης
3157 3233 3518 3304 ἐπιστροφῆς,
3571 3233 3690 3284 ἀλλ’

2101 3327 2165 3379 οὐ
2199 3325 2421 3396 διδαχῆς
2448 3323 2742 3394 δεομένους
2769 3323 2830 3394 τὸ
2855 3322 3099 3376 σύνολον.
3135 3323 3268 3384 Ταῖς
3299 3322 3410 3393 γὰρ
3435 3323 3692 3394 ἀναντίρμ

2107 3417 2290 3486 ρήτοις
2324 3413 2626 3485 ὑποθήκαις
2671 3413 2766 3466 καὶ
2827 3412 3216 3468 ὑποτυπώσεσι
3255 3413 3364 3467 τῶν
3407 3414 3690 3484 ὑμετέρων

2106 3507 2320 3577 εὐήχων
2339 3506 2516 3574 λόγων
2537 3505 2636 3576 τὴν
2669 3505 2844 3576 φρένα
2875 3503 3089 3572 παγίως
3116 3504 3208 3554 ἐπὶ
3231 3505 3296 3572 τῇ
3324 3500 3555 3574 κρηπῖδι
3581 3503 3692 3555 τῶν

2103 3596 2482 3651 ἀποστολικῶν
2508 3599 2604 3649 καὶ
2637 3595 2926 3667 πατρικῶν
2951 3593 3340 3664 θεσπισμάτων
3369 3593 3692 3661 ἐρείσαντες

2105 3688 2439 3758 ἅκλόνητον,
2475 3688 2552 3750 ὡς
2593 3687 2688 3740 ἐπὶ
2725 3687 2967 3759 μάρτυρι
3008 3685 3168 3758 Θεῷ,
3207 3686 3602 3756 τετηρήκαμεν
3631 3685 3694 3739 τὸ

2107 3781 2203 3836 τοῦ
2235 3781 2512 3851 δόγματος
2555 3781 2850 3850 εἰλικρινὲς
2872 3821 2888 3843 ,
2921 3775 3012 3834 οἶά
3059 3795 3112 3832 τι
3163 3777 3390 3847 σπέρμα
3435 3781 3562 3842 τοῖς.
3591 3771 3696 3848 τῆς

2107 3873 2338 3945 καρδίας
2365 3871 2742 3943 αἰσθητηρίοις
2772 3871 2986 3939 τρανῶς
3040 3868 3443 3930 διασώσαντες.
3474 3869 3586 3922 Καὶ
3613 3869 3694 3942 μὴ

2107 3963 2170 4018 τὸ
2211 3965 2310 4035 τῆς
2347 3961 2644 4030 ἀπολογίας
2690 3959 2945 4026 ἀνάξιον..
2980 3959 3192 4014 θωπεία
3233 3976 3320 4021 τις
3354 3960 3448 4012 καὶ
3481 3957 3696 4027 ὑπόψυ-

2108 4071 2242 4128 χρος
2267 4053 2537 4124 φλυαρία,
2566 4052 2715 4106 αίτία
2750 4051 2947 4122 φανείη
2987 4054 3101 4114 τοῖς
3135 4049 3368 4104 πλεῖστα
3389 4049 3542 4118 παρᾶ
3573 4049 3696 4120 Θεῷ

2109 4147 2430 4218 δυναμένοις
2463 4145 2626 4214 ὕμῖνυ
2663 4144 2780 4198 ἀλλ’
2819 4144 2896 4207 ὼς
2923 4140 3154 4214 καρδῖας
3179 4143 3532 4212 ὀδυνωμένης
3562 4157 3693 4208 γεν-

2111 4233 2362 4302 νήματα,
2437 4234 2531 4286 καὶ
2591 4233 2772 4302 ψυχῆς
2841 4229 3220 4302 ἀλγυνομένης
3275 4229 3690 4300 σμντρίμματα.

2114 4324 2294 4378 Τόπον
2337 4325 2433 4378 καὶ
2460 4324 2666 4396 τρόπον
2707 4323 3174 4394 ὑπολελειμμένον
3214 4325 3344 4392 παρ’
3393 4324 3527 4392 ὑμῖν
3587 4325 3698 4394 ἀφ-

441 4425 539 4468 vos
587 4417 870 4484 expiandae
925 4417 1216 4487 hiet-escas,
1269 4436 1338 4476 ne
1383 4423 1608 4478 omnino
1659 4421 2007 4478 succumbam

2115 4416 2290 4480 ἐσεως
2337 4416 2638 4488 εὖροιμεν,
2687 4417 2765 4479 ὡς
2825 4417 2892 4470 ἀν
2950 4415 3026 4487 μὴ
3081 4414 3340 4470 παντελεῖ
3371 4414 3698 4486 πιεζόμενος

439 4519 754 4572 oppressus,
791 4523 861 4563 ne
887 4509 1268 4567 irrcmetliabili
1316 4511 1694 4584 desperatione
1727 4515 2011 4581 coniicitur,

443 4607 508 4648 uc
547 4595 690 4652 velut
724 4598 770 4652 is
799 4601 892 4669 qui
935 4601 1144 4672 exiguae
1191 4603 1484 4674 voluptatis
1523 4606 1699 4674 pretio
1740 4606 2014 4676 primitiva

447 4683 649 4749 vendit,
684 4701 750 4740 eo
777 4690 921 4757 quod
953 4705 1222 4756 congruas
1269 4703 1508 4762 paterna:
1536 4710 1740 4752 mensae
1771 4697 2016 4752 victimas

453 4786 558 4826 non
609 4776 886 4844 obtulerit,
936 4783 1182 4854 ahjiciar.
1231 4785 1425 4844 Certus
1465 4788 1613 4842 enim
1661 4803 1780 4842 sum
1807 4785 1930 4842 fore
1959 4795 2018 4849 ut

449 4873 668 4933 propter
702 4871 846 4926 hunc
889 4874 1094 4946 lapsum
1140 4895 1242 4934 uon
1292 4881 1516 4934 minima
1557 4880 1886 4951 patiar;'sed
1925 4896 2015 4934 va-
2051 4869 2054 4872 ’

453 4952 627 5022 pulem
655 4960 840 5016 multis
865 4967 1093 5036 :quippe
1114 4969 1202 5034 qui
1227 4970 1434 5026 Domini
1453 4971 1786 5027 voluntatem
1806 4972 2014 5038 sciens,

450 5059 573 5099 eam
620 5065 726 5106 non
778 5051 1036 5124 fecerim,
1101 5063 1344 5134 adeoque
1409 5063 1645 5119 fortuitlo
1693 5079 1760 5120 ne
1812 5074 2019 5120 aeterno

457 5139 673 5208 planctu
703 5146 952 5218 lugeam;
991 5166 1232 5222 quaerens
1265 5157 1360 5212 sed
1389 5172 1496 5212 non
1527 5157 1810 5213 inveniens
1843 5157 2018 5228 poenio

459 5237 642 5293 tentias
677 5239 872 5297 locum.
908 5243 1064 5300 Nunc
1099 5261 1226 5318 ergo
1247 5293 1252 5298 .
1274 5247 1589 5320 adjutriccm
1624 5265 1844 5305 manum
1889 5263 2018 5320 por.-

459 5327 606 5398 rige,
644 5344 708 5384 ac
747 5349 905 5400 quem
959 5337 1344 5396 incredulitatis
1411 5341 1608 5396 ﬂuctus
1676 5342 2015 5410 involverat,

461 5421 704 5476 extrahe.
726 5422 838 5478 Non
871 5442 957 5482 me
981 5427 1258 5502 dentergat
1287 5442 1581 5502 tempestas
1613 5448 1876 5503 aquarum
1897 5449 2022 5504 pra-

465 5511 650 5568 vitatis
715 5513 1010 5585 hzereticte,
1070 5538 1242 5594 neque
1303 5527 1590 5582 absorbent
1639 5541 1726 5582 me
1777 5527 1939 5582 alicui
1991 5543 2019 5581 a

467 5601 696 5658 veritate
729 5620 916 5664 sensus
933 5611 1292 5680 profundum,
1323 5629 1498 5684 neque
1529 5625 1718 5686 urgeat
1741 5629 1908 5684 super
1939 5631 2022 5670 me

468 5704 530 5744 os
557 5704 711 5745 suum
739 5706 948 5766 puteus,
985 5702 1250 5760 turbidam
1287 5718 1445 5778 atque
1497 5706 1748 5764 letltalcm
1783 5708 2021 5764 eversio-

2117 4507 2432 4562 ὑποπτώσει
2491 4507 2832 4580 ἀνιατρεύτῳ
2883 4506 3152 4578 βληθείην.
3204 4506 3550 4575 ὑπογνῶσει,
3601 4507 3701 4562 καὶ

2116 4601 2484 4674 ἀπορριφείην
2517 4601 2594 4666 ὠς
2630 4603 2660 4655 ό
2690 4601 2860 4655 πάλαι
2891 4600 3096 4671 μικρᾶς
3122 4599 3322 4670 ἡδονῆς
3347 4599 3596 4663 ἀντιδοὺς
3629 4600 3702 4654 τὰ

2117 4694 2314 4748 ἑαυτοῦ
2346 4694 2714 4764 πρωτοτόκια,
2747 4695 2871 4748 ἐπεὶ
2903 4693 2979 4766 μὴ
3005 4696 3252 4766 πατρικῇ
3283 4692 3536 4765 τραπέζῃ
3564 4693 3702 4748 ἀνά-

2117 4787 2253 4854 λογα
2301 4788 2650 4857 προσαγήοχε
2687 4785 2930 4856 θύματαε
2967 4787 3284 4855 Πὲπεισμαι
3328 4785 3438 4856 γὰρ
3480 4786 3558 4849 ὡς
3599 4787 3704 4840 οὐκ

2119 4877 2378 4947 ἐλάχιστα
2416 4877 2514 4930 τοῦ
2561 4877 2772 4932 τοιοῦδε
2827 4877 2992 4948 χάριν
3043 4875 3342 4948 πτώματος
3389 4873 3657 4948 πείσομαι
3682 4921 3700 4944 ,

2119 4967 2258 5022 ἀλλὰ
2293 4969 2496 5032 πολλὰς
2517 5010 2532 5033 ,
2563 4968 2641 5032 ὡς
2673 4969 3010 5038 ἐπεγνωκὼς
3045 4969 3106 5022 τὸ
3149 4969 3246 5022 τοῦ
3289 4967 3566 5027 Δεσπότου
3611 4969 3704 5022 θέ-

2119 5060 2270 5131 λημα
2325 5062 2420 5114 καὶ
2471 5059 2546 5132 μὴ
2599 5061 2870 5131 ποιήσας,
2926 5061 3242 5132 δαρήσομαι
3276 5061 3372 5114 καὶ
3413 5061 3706 5133 όπὲραντα

2125 5150 2610 5223 μετακλαύσομαι,
2649 5135 2727 5218 ῶς
2774 5153 2876 5222 οὐχ
2901 5151 3154 5223 εὑρηκὼς
3198 5151 3407 5221 καίπερ
3455 5149 3708 5221 ζητήσας

2125 5243 2452 5314 μετάμελον.
2497 5243 2614 5298 Νῦν
2651 5237 2744 5297 οὖν
2773 5244 2936 5314 χεῖρά
2983 5259 3076 5313 μοι
3107 5242 3364 5314 βοηθείας
3401 5243 3703 5315 ἐπόρεξον,

2122 5337 2218 5389 καὶ
2241 5335 2318 5406 τῷ
2334 5336 2566 5393 κλύδωνι
2585 5335 3108 5390 κατασαπτισθίντα
3135 5337 3234 5406 τῆς
3259 5335 3524 5398 ἀπιστίας
3547 5335 3708 5389 ἀνέλ-

2124 5443 2289 5482 κυσον
2309 5443 2324 5458 ο
2349 5429 2424 5500 μή
2454 5445 2522 5500 με
2551 5428 3011 5483 καταποντισάτω
3037 5428 3296 5496 καταιγὶς
3326 5427 3538 5488 ὑδάτων
3556 5431 3708 5502 αἱρε-

2124 5521 2314 5584 τικῶν,
2354 5523 2491 5592 μηδὲ
2527 5521 2851 5577 καταπιέτω
2876 5537 2943 5590 με
2981 5521 3144 5591 βυθὸς
3180 5521 3385 5593 ἀχανὴς
3418 5521 3708 5592 ἀλλοτρίου

2125 5615 2223 5684 τῆς
2253 5613 2511 5685 ἀληθείας
2545 5615 2898 5684 φρονήματος
2921 5653 2936 5676 ,
2991 5613 3128 5684 μηδὲ
3168 5613 3418 5683 συσχέτω
3476 5614 3564 5668 ἐπ’
3607 5613 3712 5685 ἐμὲ

2128 5705 2307 5777 φρέαρ
2351 5705 2412 5758 τὸ
2448 5706 2624 5777 στόμα
2647 5745 2663 5772 ,
2706 5704 2954 5775 πηγὰζον
2988 5705 3302 5776 ἀνατροπὴν
3343 5703 3574 5774 θολερᾶιν
3612 5707 3716 5760 καλ
