4022 6218
415 271 519 342 ibi)

1397 277 1457 335 S.
1500 271 1920 336 NICEPHORI
1959 267 2468 332 ΡΑΤΒΙΛΒΟΙΙᾹΞ
2507 269 2618 328 CP.

3575 253 3683 322 160

413 388 846 456 inexspectatum
897 383 1062 440 habet
1109 383 1363 452 laudem;
1396 387 1477 441 sic
1510 387 1575 442 ab
1621 400 1686 441 eo
1727 387 1990 440 abet-rans

2107 383 2252 452 inatv
2277 397 2294 412 ο
2329 379 2618 448 γινώσκων
2657 378 2740 432 ὅτι
2773 374 2832 432 τὸ
2879 373 2979 446 μὶν
3011 372 3296 444 ἐπιτυχεῖν
3331 369 3680 441 ἀπροσδόκη-

415 477 628 532 veniam
657 491 755 547 pro
789 475 954 544 animi
995 478 1230 532 candore
1266 485 1562 530 mereatur.

2094 489 2187 525 τον
2217 470 2332 541 ἔχει
2361 469 2453 522 τὸν
2481 469 2704 523 ἔπαινον
2724 507 2742 532 ,
2773 467 2836 522 τὸ
2861 465 2920 520 δὲ
2961 463 3296 535 σφάλλεσθαι
3338 457 3678 532 συγγνώμην

2093 560 2434 632 εὐγνώμονα.

689 1133 798 1196 DE
826 1133 1154 1196 EXSILIO
1191 1129 1478 1194 SANCTI
1525 1125 1986 1200 NICEPHORI,
2018 1126 2124 1187 ET
2169 1122 2794 1187 TRANSLATIONE
2829 1122 3422 1198 RELIQUIARUM,

1342 1293 1583 1351 Auctore.
1617 1289 1952 1362 Theophane
1983 1289 2306 1361 presbytero
2335 1297 2394 1346 et
2424 1287 2746 1358 praeposito.

1041 1449 1271 1509 CAPUT
1309 1446 1353 1506 Ῑ.

456 1569 642 1628 Sancti
671 1566 962 1638 Nicepltori
999 1565 1418 1638 patriarchatus,
1454 1560 1720 1627 exsilium,
1755 1561 1951 1618 obitus.

2098 1445 2236 1518 perii
2254 1427 2472 1516 sceptra
2491 1443 2564 1520 (υ)
2592 1444 2998 1509 moderabatur,
3018 1453 3074 1498 et
3098 1443 3440 1512 Nicephorus
3461 1457 3676 1496 sacram

2097 1537 2332 1594 excelsa:
2352 1547 2516 1607 atque
2543 1536 2760 1592 urbium
2795 1535 2996 1605 regina:
3026 1535 3266 1591 civitatis
3297 1533 3482 1589 sedem
3522 1531 3672 1586 obtio

2027 1661 2072 1717 Β
2101 1633 2284 1699 nebat,
2316 1632 2408 1702 qui
2431 1631 2655 1686 luminis
2699 1631 2892 1702 instar;
2920 1639 3184 1700 perpetuo
3233 1625 3515 1709 fulgeptis,
3549 1624 3678 1678 uni-

487 1707 542 1760 l.
574 1704 810 1760 Plurima
847 1701 1094 1772 proiecto
1125 1699 1364 1756 diversis
1402 1697 1800 1774 occasionibus
1826 1707 1994 1766 atque

2107 1738 2318 1782 versum
2370 1722 2557 1778 orbem
2612 1697 2890 1776 terrarum
2925 1697 3201 1794 virtutum
3257 1697 3426 1772 radiis
3483 1714 3680 1770 illumi-

418 1795 778 1867 temporibus.
800 1793 853 1848 in
880 1787 1135 1864 gentibus
1154 1800 1212 1846 et
1228 1789 1548 1847 civitatibus
1573 1789 1834 1859 praeclara
1858 1789 1994 1846 faci-

415 1901 578 1950 nora,
599 1885 666 1938 ad
689 1882 920 1938 eximias
934 1881 1028 1936 Dei
1043 1881 1517 1950 maximarumque
1539 1895 1723 1936 rerum
1740 1882 1994 1936 demons-

418 1978 682 2032 trationes
701 1975 846 2030 iacta
879 1973 1238 2043 sunt,quibus
1261 1986 1388 2028 vera
1422 1973 1597 2041 ipsius
1621 1973 1858 2043 cognitio
1873 1985 1994 2039 per-

418 2069 606 2138 spicue
641 2067 1088 2122 fuitcontirmata
1125 2083 1140 2120 :
1171 2065 1628 2136 quemadmodum
1664 2065 1720 2120 in
1765 2065 1996 2120 Psalmis

417 2160 634 2212 canitur
659 2156 673 2211 ἑ
697 2157 822 2210 Dies
839 2157 948 2210 dici
967 2163 1172 2210 eructat
1187 2155 1417 2219 uerbum,
1435 2162 1485 2208 et
1507 2170 1612 2208 nos:
1635 2157 1777 2208 nocti
1793 2153 1996 2208 indicat

417 2247 693 2302 scientiam
721 2247 790 2300 “.
822 2245 1032 2313 Quibus
1057 2243 1244 2299 verbis
1301 2243 1406 2298 etsi
1457 2253 1716 2313 perpetua
1777 2243 1866 2298 illa
1900 2245 1992 2301 Dei

420 2340 618 2402 virtus,
645 2351 830 2391 rerum
863 2335 1109 2391 omnium
1166 2343 1332 2403 atque
1379 2334 1626 2390 universi
1673 2336 1828 2390 orbis
1865 2351 2000 2392 con-

419 2427 695 2482 servatrix
727 2441 792 2482 ac
843 2419 1179 2482 moderatrix
1220 2424 1514 2488 indicatur.
1557 2438 1663 2480 non
1699 2427 1880 2483 minus
1917 2437 2000 2482 ta-

421 2535 570 2584 men,
615 2519 725 2572 imo
764 2533 897 2573 vero
931 2519 1103 2588 magis
1126 2517 1293 2572 etiam
1347 2517 1728 2586 signiﬁcantur
1757 2533 1842 2581 ea,
1877 2533 1998 2588 quia:

423 2611 626 2666 nostris
663 2609 1000 2680 temporibus
1024 2608 1080 2664 in
1117 2607 1320 2678 primis
1345 2607 1672 2664 excellentia
1704 2619 1870 2679 atque
1899 2611 1998 2664 ad-

424 2701 698 2756 mirabilia
727 2711 879 2771 gesta
908 2709 1040 2755 sunt
1063 2699 1134 2755 ab
1157 2699 1350 2754 eadem
1407 2699 1522 2770 ipsa
1555 2700 1740 2756 divina
1769 2703 1996 2766 virtute,

421 2809 543 2862 qua:
579 2794 782 2849 eximia
808 2793 1054 2873 potentia
1072 2807 1178 2848 sua
1207 2801 1406 2848 cuncta
1433 2793 1702 2863 gubernat
1731 2785 1796 2848 ac
1838 2779 1998 2864 regit.

423 2884 708 2956 Siquidem
734 2899 843 2940 non
877 2883 932 2938 in
953 2899 1060 2938 una
1085 2892 1263 2954 parte,
1303 2897 1480 2954 neque
1503 2884 1556 2939 in
1584 2894 1746 2955 gente
1777 2887 1998 2942 minima

2097 1815 2282 1874 nabat.
2313 1813 2435 1868 iam
2469 1811 2608 1868 etin
2646 1810 2893 1881 principe
2931 1824 2996 1866 ac
3036 1810 3194 1864 beata
3247 1806 3522 1862 Trinitate
3567 1820 3677 1860 una

2099 1915 2156 1963 et
2177 1905 2362 1960 eadem
2377 1903 2640 1966 essentia,
2660 1907 2716 1956 et
2743 1900 2798 1954 in
2821 1914 2925 1954 una
2954 1898 3052 1953 Dei
3070 1895 3234 1954 Verbi
3257 1910 3480 1952 carnem
3505 1895 3678 1950 induti

2097 1997 2488 2069 personaduat
2517 2004 2745 2058 naturae,
2771 2001 2829 2046 et
2875 1991 2995 2046 dua:
3034 1989 3345 2045 voluntates
3377 1987 3682 2044 clarissime

2099 2091 2318 2146 inerant
2336 2085 2660 2156 apportuuis
2696 2081 2948 2138 conciliis
2967 2081 3281 2138 constituta
3297 2086 3355 2136 et
3369 2077 3680 2140 declarata,

2097 2178 2394 2238 contrariis
2443 2174 2794 2247 opinionibus
2834 2171 3054 2242 rejectis
3103 2180 3270 2241 atque
3326 2168 3682 2238 improbatis,

2099 2283 2154 2326 et
2197 2270 2351 2326 utilis
2401 2282 2690 2323 sacrarum
2749 2265 3048 2335 imaginum
3089 2277 3222 2318 usus
3265 2260 3380 2331 iam
3423 2259 3554 2314 inde
3615 2256 3681 2312 ab

2101 2362 2259 2418 initio
2277 2347 2564 2416 institutus
2588 2366 2644 2414 et
2666 2372 2764 2425 per
2793 2343 2988 2410 manus
3019 2349 3276 2418 traditus,
3305 2352 3358 2406 in
3418 2350 3673 2406 omnibus

2105 2450 2366 2509 Ecclesiis
2382 2457 2576 2507 ornate
2601 2439 2910 2516 decoreque
2937 2443 3449 2520 demonstrabatur;
3477 2455 3673 2511 quem-

2101 2540 2392 2602 admodum
2443 2538 2712 2612 proximis
2758 2536 3132 2607 temporibus,
3187 2533 3501 2592 sanctorum
3583 2529 3685 2585 Pa-

2102 2645 2244 2690 trum
2273 2632 2564 2690 concilium
2594 2629 3000 2686 celebrantium.
3040 2624 3319 2698 suﬂragiis
3352 2625 3432 2696 (ω)
3477 2621 3676 2679 divini-

2103 2735 2190 2780 tus
2209 2719 2831 2790 iuerat‘comprobatus.

2172 2814 2228 2869 5.
2262 2813 2464 2868 Verum
2491 2819 2852 2880 posteaquam
2900 2805 3242 2878 Nicephorus
3271 2802 3366 2876 (ῃ),
3391 2803 3688 2874 imperator

2103 2922 2211 2962 una
2245 2921 2370 2962 cum
2404 2903 2516 2958 lilio
2538 2899 2700 2970 hujus
2725 2902 2855 2959 vita:
2905 2899 3070 2954 linem
3123 2898 3352 2953 sortitus
3381 2905 3485 2960 est,
3514 2903 3569 2964 et
3622 2893 3688 2945 ad

421 2988 518 3032 aut
547 2976 950 3032 contemnenda
975 2975 1242 3044 ejusmodi
1297 2977 1568 3032 bonorum
1623 2992 1850 3034 munera
1914 2981 1997 3034 vi-

2107 2995 2426 3062 Miehaelem
2446 2994 2520 3065 (ι)
2545 2991 2666 3061 ejus
2687 3005 2945 3064 generum
2976 2987 3192 3059 imperii
3223 2985 3544 3069 gubernatio
3571 2999 3692 3053 per-

423 3077 702 3139 gnerunt:
735 3071 830 3124 sed
873 3070 1088 3141 publice
1115 3079 1170 3125 et
1193 3070 1418 3138 passim,
1453 3079 1508 3126 et
1545 3071 1599 3126 in
1637 3073 1858 3141 proprio
1911 3061 1998 3128 at-

425 3160 740 3230 que‘electo
770 3161 981 3217 Christi
1009 3161 1182 3226 clero,
1215 3161 1308 3230 qui
1347 3160 1579 3230 apostoli
1629 3154 1773 3219 Petri
1816 3165 2001 3222 verbis

425 3253 622 3307 merito
671 3264 902 3308 vocatur
939 3251 1124 3322 regale
1165 3252 1562 3316 sacerdotium,
1589 3269 1724 3323 gens
1787 3266 1999 3322 sancta,

421 3344 657 3414 populus
717 3343 1098 3414 acquisitionis
1123 3345 1193 3399 ’⁷.
1229 3343 1428 3399 Verum
1483 3347 1744 3416 quoniam
1809 3363 1994 3402 rerum

415 3434 793 3488 maximarum
823 3437 1146 3504 argumenta
1184 3437 1674 3504 praestantissimos
1717 3441 2004 3509 requirunt

411 3533 801 3587 enarratores,
834 3525 928 3594 qui
965 3525 1182 3581 dicendi
1207 3527 1258 3580 vi
1285 3539 1380 3583 eas
1421 3527 1640 3585 valeant
1697 3524 2000 3601 e’xplica're,

421 3627 492 3669 ne
531 3613 782 3669 inornata
820 3615 1088 3672 orationis
1144 3603 1652 3676 tennitate‘earum
1709 3622 2006 3694 amplitudo
2081 3626 2085 3630 ’

421 3704 972 3775 imminuatur;ego,
1033 3707 1127 3778 qui
1191 3709 1463 3766 orationis
1515 3697 1708 3768 laboro
1770 3729 2006 3785 pauper-

421 3803 576 3860 tate,
633 3796 989 3853 vehementer
1041 3813 1072 3852 a
1129 3799 1420 3856 scribendo
1481 3801 1800 3878 deterrebar
1853 3824 1866 3860 :
1910 3805 2006 3860 sed

421 3896 608 3940 tamen
657 3888 893 3943 assiduis
947 3894 1034 3944 me
1072 3889 1141 3945 ad
1207 3903 1407 3946 munus
1438 3881 2002 3966 hoc‘suscipiendum

423 3977 834 4032 adhortantium
858 3981 1113 4048 precibus
1144 3997 1248 4038 non
1275 3984 1424 4052 potui
1456 3999 1561 4039 non
1603 3987 2002 4057 obtemperare.

425 4069 518 4124 Dei
579 4070 762 4140 igitur}
802 4071 894 4140 qui
927 4071 1146 4128 dicendi
1203 4070 1518 4130 facultatem
1541 4077 1824 4147 elargitur,
1852 4079 2007 4132 heni-

417 4159 636 4229 gnitate
673 4163 936 4226 conlisus,
977 4163 1046 4218 ad
1077 4164 1426 4220 scribendum
1457 4167 1682 4232 accedo,
1717 4167 2007 4236 adiuvante

423 4263 513 4304 me
567 4251 824 4318 precibus
883 4251 1000 4308 suis
1029 4255 1442 4324 orationemque
1477 4257 1788 4313 moderante
1820 4259 2005 4314 divino

423 4339 587 4394 Patre
641 4339 968 4410 Nicephoro,
999 4343 1090 4412 qui
1122 4343 1182 4398 sé
1214 4345 1371 4400 nobis
1394 4347 1690 4400 maximum
1728 4348 1794 4402 ad
1818 4347 2006 4406 dicen-
2036 4343 2086 4404 Ι)

425 4431 556 4484 dum
595 4443 972 4502 argumentum
1006 4434 1256 4504 pmbttit.
1390 4507 1394 4510 η

495 4521 554 4575 Ω.
572 4521 712 4576 Cum
746 4523 1008 4591 praeclare
1037 4539 1126 4581 res
1151 4511 1351 4582 nostra:
1371 4541 1492 4583 sese
1529 4528 1814 4598 haberent,
1847 4545 1902 4588 et
1937 4547 2005 4590 ex

417 4615 666 4671 utilitate
719 4629 784 4670 ac
839 4617 1103 4688 dignitate
1159 4631 1504 4690 gererentur,
1545 4633 1674 4679 tunc
1719 4625 2000 4692 nimirum,

425 4721 552 4762 cum
583 4723 724 4763 unus
755 4709 808 4764 in
861 4706 1105 4765 Ecclesia
1169 4725 1368 4766 sensus
1427 4713 1669 4782 vigebat,
1718 4724 1775 4770 et
1837 4717 2004 4788 impia

423 4809 622 4854 cuncta
653 4815 716 4854 ac
747 4801 1035 4872 peregrina
1065 4802 1339 4872 dogmata,
1377 4813 1632 4874 tanquam
1667 4808 1876 4863 scelera
1916 4822 2004 4865 at-

423 4904 536 4958 que
565 4890 774 4958 piacula
807 4889 1124 4946 detestanda
1158 4890 1440 4960 rejiciens,
1471 4909 1662 4952 omnes
1722 4897 2006 4956 haeretico-

427 4995 548 5036 rum
573 4995 745 5050 nugas
781 4981 846 5034 ad
905 4981 1135 5038 nihilum
1179 4984 1488 5055 redigebat;
1515 4984 1852 5057 Nicephorus
1906 4991 2009 5046 im-

505 5158 554 5192 “
597 5155 742 5213 Psal.
786 5173 944 5237 svnt,
979 5157 1034 5212 5.
1111 5159 1189 5213 "l
1215 5159 1360 5216 Pctr.
1388 5178 1448 5225 lt,
1475 5161 1531 5216 9.

497 5296 571 5366 (tt)
600 5291 938 5366 Nicephofus
985 5295 1163 5350 iactus
1207 5307 1292 5352 est
1343 5298 1640 5364 imperator
1690 5313 1834 5354 anno
1871 5299 1997 5354 802.

501 5367 888 5436 txlt‘iicaunmn
915 5383 951 5420 Ii
989 5367 1232 5421 habitum
1284 5385 1425 5421 anno
1466 5367 1592 5430 787,
1623 5367 1710 5423 cui
1752 5369 2005 5426 interluc-

430 5435 765 5491 rttnt-Patres
793 5437 918 5491 550.
1123 5445 1135 5454 '

505 5508 582 5574 (y)
612 5509 946 5574 Nit'upitortts
969 5507 1184 5560 occisus
1216 5505 1286 5559 26
1325 5504 1448 5576 Julii
1483 5505 1607 5576 anni
1661 5505 1785 5570 8H,
1809 5523 2002 5576 Stlpt‘r-

432 5573 543 5646 ταῖς
565 5573 884 5646 Statum-ius
918 5579 1061 5630 iiltus
1091 5575 1349 5643 usquead
1380 5577 1437 5628 ii
1476 5575 1720 5630 Januarii
1750 5573 2004 5646 proximi.

511 5644 591 5708 (ι.)
641 5643 870 5699 Michael
916 5647 1272 5715 Curopzdates
1327 5647 1656 5700 acclamatus
1711 5643 2006 5718 ixitperutur

2103 3087 2274 3159 venit,
2303 3086 2406 3142 sub
2431 3084 2650 3140 leonino
2687 3080 2908 3136 nomine
2950 3079 3250 3134 crudeliter
3297 3077 3576 3137 frendens,
3611 3076 3691 3128 in-

2101 3179 2246 3233 vasit
2295 3175 2622 3240 nunevalde
2660 3187 2839 3228 szthts
2891 3171 3256 3240 immanisque
3285 3167 3416 3233 Leo,
3453 3183 3522 3221 ex
3577 3169 3685 3220 Ar-

2106 3268 2286 3324 menia
2316 3281 2488 3340 genus
2519 3267 2724 3321 ducens
2752 3283 2766 3320 :
2797 3263 2891 3334 qui
2921 3271 2976 3318 et
3006 3261 3370 3318 defectionem
3406 3275 3435 3312 a
3473 3257 3605 3324 Deo,
3631 3266 3705 3341 et,

2101 3363 2366 3416 adversus
2404 3359 2810 3427 imperatorem,
2847 3353 2988 3422 apud
3021 3367 3180 3422 quem
3217 3353 3270 3404 in
3299 3353 3506 3404 honore
3536 3360 3681 3412 erat,

2105 3451 2329 3523 minime
2359 3449 2649 3504 obscuram
2683 3456 2778 3500 aut
2825 3457 3024 3504 lectam
3079 3444 3420 3516 tyrannidem
3473 3440 3682 3495 machi-

2105 3535 2359 3598 nubatur.
2377 3533 2540 3608 Quod
2583 3539 2802 3608 quidem
2861 3537 2936 3592 illi
2969 3551 3000 3592 e
3061 3535 3334 3590 sententia
3362 3531 3626 3586 successit
3657 3548 3672 3584 :

2105 3649 2228 3687 nam
2259 3649 2356 3704 per
2380 3633 2488 3686 vim
2513 3631 2614 3685 sibi
2645 3631 2934 3700 imperium
2962 3627 3258 3704 vindicavit
3287 3624 3390 3696 (a).
3417 3623 3688 3678 Caeterum

2102 3725 2250 3781 hami
2277 3723 2440 3798 aliter
2473 3724 2626 3778 duxit
2653 3723 2950 3792 potentiam
2998 3733 3154 3786 suam
3199 3717 3316 3772 fore
3348 3717 3690 3776 diuturnam,

2105 3815 2207 3869 nisi
2238 3823 2430 3869 contra
2465 3829 2562 3880 nos
2591 3815 2856 3870 audacter
2917 3811 3118 3868 bellum
3145 3809 3473 3888 susciperet,
3501 3815 3559 3862 et
3601 3819 3692 3860 ve-

2104 3905 2425 3963 ncrabilium
2464 3905 2762 3976 imaginum
2793 3903 3076 3958 interitum
3109 3901 3258 3956 omni
3299 3901 3482 3956 studio
3526 3904 3694 3966 atque

2105 4008 2222 4053 arte
2257 3997 2564 4052 moliretur.
2594 3998 2696 4052 Ad-
2719 3997 2866 4052 hunc
2913 3995 3056 4060 enim
3091 3993 3332 4048 furorem
3363 4001 3530 4060 atque
3593 3989 3692 4042 de-

2103 4073 2366 4142 mentiam
2405 4105 2434 4142 a
2467 4087 2826 4152 daemonibus,
2853 4101 2882 4140 a
2941 4085 3140 4154 quibus
3193 4081 3598 4160 instruebatur,
3631 4089 3690 4154 et

2106 4179 2264 4236 falsis
2292 4190 2478 4236 vatum
2520 4179 2866 4234 mendacium
2917 4175 3149 4232 somniis
3175 4183 3229 4228 et
3263 4173 3486 4228 incertis
3555 4183 3694 4226 tem-

2106 4285 2298 4342 porum
2330 4269 2618 4340 promissis
2647 4269 2854 4324 misere
2882 4264 3198 4337 compulsus
3231 4275 3372 4318 erat.

2180 4362 2236 4420 4.
2268 4361 2496 4430 lmpium
2527 4371 2708 4416 autem
2747 4369 2912 4430 atque
2932 4359 3109 4413 audax
3139 4355 3356 4410 facinus
3378 4353 3444 4407 ad
3475 4360 3695 4422 Optatos

2115 4453 2293 4508 exitus
2313 4468 2374 4508 se
2401 4443 2784 4522 perducturum
2811 4468 2919 4506 non
2950 4449 3214 4519 speravit,
3233 4446 3336 4501 nisi
3365 4441 3688 4514 prteclarunt

2119 4545 2380 4600 Ecclesiae
2407 4545 2624 4608 ducem,
2659 4551 2714 4599 et
2741 4543 2810 4598 ab
2841 4541 2988 4597 omni
3047 4529 3477 4610 reprehensione
3507 4547 3693 4615 remo;

2109 4643 2258 4700 tum,
2277 4646 2438 4690 rectm
2461 4637 2727 4692 doctrinae
2768 4633 3035 4710 regulam,
3079 4623 3442 4702 Nicephorum
3471 4642 3501 4681 e
3529 4641 3691 4680 sacra

2107 4728 2237 4790 sede
2267 4728 2608 4796 exturbaret,
2632 4739 2688 4784 ut
2749 4730 2982 4800 propriae
3025 4724 3268 4780 malitia}.
3309 4717 3694 4793 propugnacu-

2110 4815 2219 4870 lum
2259 4815 2556 4872 Ecclesiam
2595 4813 3059 4884 constitueret,“
3117 4813 3328 4868 nemine
3397 4809 3688 4866 conatibus

2109 4908 2224 4962 suis
2255 4918 2613 4978 repugnante,
2650 4909 2835 4965 omnia
2871 4923 2939 4962 ex
2963 4907 3235 4965 sententia
3261 4919 3359 4958 sua
3390 4913 3445 4958 et
3469 4916 3690 4964 eorum,

2112 4999 2204 5068 qui
2265 4999 2368 5054 sibi
2425 4997 2726 5068 favebant,
2787 5009 2903 5055 tuto
2971 4997 3372 5054 moderaretur.
3449 4991 3692 5046 Primum

2105 5303 2142 5358 2
2164 5305 2350 5362 octob.
2379 5306 2506 5362 anni
2533 5307 2660 5361 811.

2179 5376 2254 5445 (α)
2287 5376 2395 5432 Leo
2425 5389 2718 5432 coronatur
2761 5377 2822 5432 11
2846 5377 2967 5445 jttiii
3001 5378 3130 5432 anni
3160 5375 3267 5431 815
3300 5395 3312 5428 :
3352 5373 3695 5431 correximus

2105 5448 2460 5518 autemquod
2499 5447 2771 5518 interpres
2802 5448 2894 5504 hic
2931 5447 3140 5502 Leontii
3181 5462 3377 5501 nomen
3423 5460 3537 5518 pro
3579 5445 3694 5495 leo-

2109 5516 2241 5639 :titho
2257 5513 2474 5596 nomine
2503 5513 2801 5588 scripserat
2822 5519 2876 5572 in
2901 5518 3398 5594 atnpltiholia'vocis
3423 5513 3694 5574 novato;

2129 5603 2174 5638 tu
2225 5597 2494 5639 ttctttatus.

2129 5597 2494 5642 talluctnatus.
