4022 6218
326 264 432 332 161

1859 263 2060 324 VITA.

3483 259 3586 324 162

324 382 500 450 igitur
553 385 768 444 tempus
806 372 1244 436 nbservabat,.ut
1293 386 1418 426 eum
1465 372 1677 434 artibus
1717 389 1780 428 ac
1815 375 1912 430 do-
1945 393 1990 445 Α
2021 392 2127 446 que
2171 376 2453 448 suppliciis
2483 376 2774 433 alliciebat.
2805 376 2910 431 Alii
2946 377 3090 431 enim
3125 376 3367 446 ipsorum
3415 377 3587 447 plagis

330 474 401 527 lis
455 471 507 525 in
539 468 868 524 sententiam
907 479 1062 522 suam
1093 464 1408 528 adduceret,
1449 465 1661 538 ﬁngens
1687 480 1808 522 sese
1856 467 1912 523 in

343 573 499 618 recta
557 563 872 628 dogmaturn
945 555 1344 612 exercitatione
1407 559 1641 612 versari.
1701 555 1908 613 Verum

329 669 459 710 cum
491 652 576 707 vir
607 651 701 706 ille
745 649 1054 704 divinarum
1091 661 1276 702 rerum
1313 647 1682 716 peritissimus
1710 657 1766 702 et
1785 663 1914 718 prac-

327 741 716 806 dentissimus,
739 748 852 792 tum
919 735 1526 802 multisssermonibus,
1574 745 1684 791 tnnt
1727 736 1914 806 Scrip-

337 848 587 892 turarum
617 828 973 895 testimoniis,
999 837 1113 883 tum
1149 826 1455 898 longissimi
1485 829 1748 896 temporis
1773 842 1911 884 cono

335 925 623 984 suetudine
678 919 1098 990 comprobatum
1135 920 1434 987 imaginum
1489 933 1647 975 usum
1695 921 1918 977 demon-

335 1025 542 1071 straret
559 1026 664 1067 nec
685 1021 870 1066 tamen
904 1009 1226 1064 insolentem
1280 1009 1557 1064 hominem
1577 1023 1608 1062 a
1639 1009 1929 1079 proposito-

335 1113 532 1174 posset
573 1101 877 1165 dimovere,
911 1109 1042 1156 tunc
1074 1099 1265 1164 'dolus,
1295 1099 1388 1170 qui
1444 1109 1608 1154 antea
1659 1099 1912 1166 latuerat,

335 1197 392 1250 in
423 1196 672 1265 apertum
716 1191 904 1262 erupit
944 1209 960 1247 :
1015 1206 1196 1246 mores
1254 1191 1400 1245 enim
1454 1190 1662 1246 ferinos
1707 1190 1915 1247 nomini

329 1294 709 1357 congntentes
753 1286 1004 1352 gerebat.
1028 1281 1222 1352 itaque
1271 1291 1528 1352 tanquam
1577 1283 1917 1352 perniciosus

333 1378 562 1447 quidam
589 1390 744 1446 aper,
759 1384 853 1429 aut
877 1374 1222 1430 smvissimus
1249 1371 1360 1438 leo,
1389 1375 1748 1444 immanisque
1775 1373 1914 1439 fera,

333 1466 678 1543 salutaribus
703 1463 950 1536 ﬂagistri
997 1463 1342 1520 documentis
1389 1465 1472 1520 sic
1525 1479 1689 1520 aures
1733 1465 1916 1519 occlu-

335 1559 495 1622 dens,
546 1567 608 1611 ut
659 1557 810 1626 aspis
851 1555 1334 1622 incantationibus,
1385 1555 1522 1610 nihil
1570 1557 1915 1621 movebatur,

335 1647 435 1702 sed
462 1645 798 1700 obstinatius
817 1643 1150 1700 iusaniebat.

407 1755 462 1808 5.
501 1753 701 1808 Statim
735 1753 903 1824 igitur
931 1762 987 1807 et
1016 1753 1238 1824 pietatis
1270 1753 1388 1810 zelo
1426 1764 1484 1810 et
1540 1758 1907 1826 prmstantiori
1943 1745 1988 1802 Β

334 1845 544 1902 auxilio
571 1846 934 1900 conﬁrmatus
961 1845 1066 1912 vir,
1092 1845 1235 1902 cuia
1257 1847 1487 1903 victoria
1519 1863 1716 1904 nomen
1764 1861 1905 1917 erat,

335 1950 390 1993 et
422 1949 710 2007 propterea
744 1937 1088 2008 Nicephorus
1107 1941 1431 2006 vocabatur;
1459 1949 1684 1998 strenue
1711 1943 1910 2000 adver-

334 2045 433 2084 sus
461 2030 798 2099 impietatem
833 2039 890 2085 et
922 2040 1210 2102 tyrannum
1239 2030 1535 2102 impietatis
1560 2033 1900 2090 defensorem

337 2123 646 2184 instruitur,
679 2121 999 2191 coactisque
1043 2123 1318 2192 primariis
1347 2125 1744 2198 sacerdotibus,
1769 2128 1904 2182 viris

337 2223 454 2266 tum
511 2214 618 2266 vita
675 2225 792 2268 tum
855 2214 1099 2268 doctrina
1147 2215 1410 2284 probatis,
1454 2217 1548 2286 qui
1601 2217 1762 2272 simul
1811 2235 1908 2289 pro

334 2307 540 2374 pietate
567 2319 811 2374 pugnare
836 2305 1012 2375 parati
1060 2315 1240 2374 erant,
1267 2307 1334 2360 de
1357 2308 1638 2363 communi
1683 2319 1908 2366 senten-

337 2396 412 2448 tia
439 2394 626 2464 ioiqne
649 2409 709 2449 se
739 2405 1024 2463 gerentem
1054 2395 1463 2465 imperatorem,
1499 2398 1628 2452 licet
1679 2400 1906 2460 frustra.

331 2480 721 2558 coarguerunt,
759 2497 817 2542 et
872 2496 1132 2556 tanquam
1173 2489 1625 2558 contumeliosum
1679 2477 1774 2546 Dei
1815 2507 1905 2548 re-

335 2593 574 2647 rumque
597 2578 898 2632 divinarum
933 2581 1142 2634 hostem
1168 2579 1510 2649 iudicarunt.
1537 2581 1904 2648 Quamobrem

331 2685 605 2740 arrogans
620 2682 676 2724 et
701 2672 971 2740 superbus-
993 2671 1084 2726 ille
1103 2671 1390 2736 confestim
1423 2683 1478 2727 et
1505 2673 1906 2731 simulationem

331 2773 498 2824 quam
561 2759 890 2820 occultabat.
950 2761 1186 2827 aperire,
1211 2767 1276 2812 et'
1295 2761 1627 2828 reconditam
1686 2763 1908 2818 malitiae

331 2845 628 2910 rationem,
678 2856 934 2914 tanquam
992 2848 1388 2901 redundantem
1449 2849 1739 2916 quamdam
1787 2867 1909 2907 cor-

335 2943 619 3004 ruptorum
653 2936 950 2992 humerum,
973 2951 1042 2990 ex
1061 2938 1334 2992 cruditate
1353 2941 1589 3007 copiam,
1622 2955 1901 3007 evomere,

333 3033 430 3078 aut
459 3024 733 3080 deformes
782 3033 839 3080 et
885 3024 1242 3098 imperfectos
1285 3041 1351 3080 ex
1417 3027 1612 3082 abortu
1667 3028 1809 3084 feltts
1853 3030 1905 3083 in

2015 480 2082 521 ac
2113 467 2402 522 tormentis
2439 467 2756 522 crudelibus
2777 466 3236 522 excruciabantur
3263 481 3277 520 :
3309 466 3400 520 alii
3447 468 3589 520 fame

2014 563 2072 610 et
2121 555 2212 610 siti
2280 557 2335 611 in
2389 570 2613 610 carcere
2655 555 2746 610 diu
2803 554 3187 625 premebantur
3219 571 3233 610 :
3265 555 3416 608 multi
3469 556 3590 612 sine

2015 645 2124 700 ulla
2189 647 2361 701 venite
2399 661 2496 716 spe
2549 645 2909 700 mittebantur
2963 645 3020 699 in
3084 645 3337 700 exsilium
3397 663 3413 699 :
3477 661 3584 700 non

2013 734 2174 804 pauci
2235 734 2613 804 spoliabantur
2664 734 2902 789 fortunis
2957 733 3028 788 ob
3073 733 3124 787 id
3170 734 3384 797 solum,
3441 735 3587 802 quod

2015 834 2174 880 erant
2199 826 2421 898 pietatis
2453 826 2682 879 studiosi
2711 842 2726 879 :
2755 825 2977 894 quidam
3009 826 3196 889 etiam,
3223 835 3284 878 ut
3310 824 3452 880 fama
3479 833 3587 890 est,

2013 917 2152 974 clam
2213 917 2570 972 necabantur.
2631 915 2882 971 Nonnulli
2925 917 3089 987 igitur
3133 917 3488 986 magistratus
3529 925 3589 970 et

2015 1010 2070 1064 in
2097 1009 2392 1080 dignitates
2420 1007 2723 1071 constituti,
2753 1017 2810 1062 et
2840 1009 3173 1072 sacerdotes,
3205 1017 3260 1064 et
3309 1009 3588 1074 monachi,

2014 1107 2070 1153 et
2103 1113 2172 1152 ex
2215 1097 2422 1167 reliqua
2473 1097 2844 1162 multitudine,
2895 1097 3090 1172 partim
3145 1097 3485 1166 impetrantis
3534 1099 3587 1152 vi

2017 1190 2294 1260 pertracti,
2313 1178 2391 1244 illi
2411 1189 2792 1253 adhaerebant;
2813 1188 3011 1256 partim
3031 1197 3196 1248 metu,
3218 1189 3412 1256 partim
3439 1189 3589 1258 igna-

2013 1281 2122 1346 via,
2157 1279 2352 1350 partim
2386 1279 2570 1350 gloria
2597 1279 2898 1350 cupiditate
2924 1281 3412 1348 corrumpebantur
3445 1295 3458 1332 :
3492 1277 3586 1332 sed

2014 1373 2256 1428 maxima
2289 1387 2415 1443 pars
2436 1373 2659 1428 stabiles
2702 1381 2760 1428 et
2793 1379 3114 1427 constantes
3145 1371 3206 1425 in
3241 1372 3346 1436 title
3375 1371 3588 1426 animos

2015 1465 2396 1519 conservabat.

2082 1578 2136 1634 7.
2160 1575 2316 1634 Tunc
2358 1591 2515 1632 sacra
2560 1577 2616 1632 in
2665 1577 2826 1646 regite
2857 1576 3098 1632 civitatis
3150 1577 3278 1630 sede
3327 1586 3444 1630 tres
3470 1575 3586 1631 veri

2016 1669 2252 1738 pastoris
2285 1667 2606 1733 adversarii,
2629 1667 2822 1722 ordine
2871 1681 3010 1720 unus
3059 1675 3181 1735 post
3199 1665 3384 1728 alium,
3425 1668 3587 1734 impie

2013 1761 2395 1824 consederunt,
2428 1758 2738 1814 Theodotus
2771 1757 2866 1829 (ε),
2892 1757 3180 1822 Antonius,
3205 1767 3258 1813 et
3296 1755 3534 1812 Joannes
3565 1773 3582 1812 :

2015 1850 2107 1919 qni
2135 1859 2387 1920 tanquam
2415 1863 2608 1918 graves
2641 1847 2860 1923 quidam
2896 1847 3033 1918 lupi,
3061 1835 3260 1918 passim
3291 1847 3584 1903 Ecclesiam

2015 1941 2392 1997 laceraverunt
2417 1955 2480 1995 ac
2505 1943 2854 1996 devoraruut.
2893 1937 2958 1993 Et
2990 1939 3113 1992 aliis
3149 1941 3204 1992 in
3249 1939 3383 1993 locis
3429 1947 3485 1994 et
3515 1938 3591 1994 ci-

2014 2033 2305 2098 vitatibus,
2352 2032 2591 2102 ejusdem
2621 2030 2894 2101 opinionis
2941 2031 3256 2086 sacerdotes
3315 2045 3378 2084 ac
3417 2029 3587 2087 duces

2017 2123 2282 2192 imperiti,
2320 2135 2376 2178 et
2402 2123 2602 2177 nullius
2647 2122 2806 2192 pretii
2854 2121 3106 2176 homines
3135 2119 3394 2175 Ecclesiis
3451 2137 3586 2189 prte-

2015 2213 2142 2270 fecti
2175 2222 2303 2267 sunt
2333 2227 2350 2264 :
2387 2212 2481 2282 qui
2515 2211 2850 2266 exsecrabile
2885 2225 2950 2266 ac
2998 2210 3376 2266 detestandum
3427 2223 3590 2266 sectae

2015 2315 2126 2356 sua:
2163 2300 2442 2355 decretum
2489 2300 2654 2368 impie
2685 2307 2740 2378 et
2783 2298 2945 2353 stulte
2977 2298 3384 2362 contirmantes,
3421 2301 3588 2356 variis

2017 2391 2193 2445 modis
2221 2393 2292 2445 ita
2317 2391 2499 2446 conati
2523 2401 2650 2444 sunt
2682 2391 2978 2460 imaginum
3009 2405 3164 2444 nsunt
3191 2394 3475 2460 abrOgare,
3506 2403 3586 2456 ut,

2027 2492 2288 2554 quantum
2333 2484 2388 2536 in
2418 2483 2552 2548 ipsis
2581 2481 2704 2547 fuit,
2741 2482 2944 2535 nullum
2982 2499 3164 2537 earum
3189 2481 3470 2553 vestigium
3505 2498 3588 2538 reé

2019 2572 2382 2642 linqueretur,
2414 2575 2559 2644 quod
2584 2573 2670 2629 vel
2701 2573 2795 2628 Dei
2825 2573 2986 2629 Verbi
3021 2590 3242 2648 carnem
3267 2575 3467 2637 induti,
3499 2575 3587 2631 vel

2014 2662 2372 2717 sanctissimae
2410 2663 2500 2718 Dei
2539 2661 2855 2723 Genitricis,
2897 2663 2980 2717 vel
3011 2663 3314 2732 caelestium
3354 2666 3573 2734 angelo-

2017 2769 2156 2819 rum,
2189 2763 2283 2808 aut
2327 2755 2490 2808 totius
2528 2753 2718 2824 reliqui
2769 2764 3078 2812 sanctorum
3113 2764 3276 2830 atque
3315 2754 3586 2824 iustorum

2013 2845 2220 2900 ordinis
2243 2845 2480 2914 speciem
2505 2859 2617 2914 prae
2649 2843 2912 2900 seferrct.
2945 2845 3072 2903 Erat
3095 2855 3272 2900 autem
3297 2846 3586 2900 admoduttt

2013 2933 2308 2989 absurdum
2360 2944 2415 2988 et
2469 2948 2675 3004 grave,
2727 2934 2913 2988 videre
2977 2935 3176 3002 passim
3235 2945 3585 2990 sacrosancta

2017 3027 2212 3095 templa
2240 3026 2308 3079 ab
2341 3025 2590 3080 obscuris
2629 3033 2686 3080 et
2723 3027 3078 3082 exsecrandis
3111 3025 3441 3090 hominibus,
3466 3025 3585 3095 pui-

255 3173 262 3180 ,
333 3114 514 3170 lucem
545 3115 711 3170 edere
733 3117 958 3172 coactus
982 3125 1088 3172 est.
1121 3115 1424 3186 Tyrannica
1473 3119 1636 3187 igitur
1683 3121 1907 3175 audacia
1936 3103 1980 3161 CI
2012 3117 2322 3171 chritu-line
2355 3131 2450 3169 sua
2483 3126 2542 3170 et
2575 3118 2846 3171 veteribus
2882 3118 3214 3170 ornamentis
3243 3115 3488 3184 spoliari.

333 3205 748 3262 celeberrimum
805 3207 1260 3276 patriarcbam,e
1309 3209 1438 3264 sede
1471 3224 1570 3265 sua
1624 3211 1908 3276 depulsum

334 3298 389 3351 in
415 3297 617 3352 exsilio
641 3297 826 3352 vivere
853 3299 1117 3368 compulit
1143 3299 1218 3370 (ὁ)
1252 3316 1270 3354 :
1304 3313 1372 3354 nc
1401 3299 1530 3355 illud
1557 3301 1776 3370 quidem
1817 3317 1910 3357 ve-

334 3387 497 3450 ritus,
532 3387 580 3442 si
611 3386 748 3440 nihil
789 3386 962 3453 aliud,
985 3387 1130 3456 quod
1174 3388 1526 3457 itnpositione
1553 3399 1608 3443 et
1657 3390 1912 3460 obsigna-

339 3479 487 3532 tione
515 3493 776 3532 tnannnm
799 3477 977 3548 ipsius
1001 3479 1307 3549 (quodﬂeri
1325 3495 1430 3534 non
1459 3477 1668 3550 debuit)
1689 3481 1903 3550 imperii

333 3581 594 3622 coronam
627 3583 940 3638 acceperat.
965 3569 1166 3626 Verum
1189 3579 1249 3634 ut
1275 3571 1568 3626 verisimile
1598 3583 1703 3638 est,
1727 3571 1909 3627 defec-

334 3657 503 3710 tionis
551 3669 608 3712 et
688 3660 995 3729 tyrannidis
1053 3660 1262 3714 lubrico
1319 3660 1521 3729 lapsus,
1573 3662 1738 3718 simul
1782 3676 1906 3718 cum

335 3745 540 3812 pietate
562 3748 908 3815 prudentiam
935 3749 1272 3803 et'rationem
1291 3763 1356 3803 ac
1374 3759 1616 3816 mentem
1627 3751 1904 3808 amiserat.

331 3833 524 3904 Itaque
570 3837 804 3892 nefanda
849 3839 1146 3918 impietatis
1183 3850 1348 3909 atque
1386 3841 1626 3896 audacia:
1665 3842 1906 3898 facinora

330 3929 782 3998 aggrediebatur.

405 4042 460 4095 6.
495 4043 815 4097 Patriarcba
839 4051 1082 4106 verornt
1117 4044 1326 4112 paciﬁci
1370 4045 1614 4116 magistri
1671 4039 1908 4118 discipu-

329 4131 445 4194 lus,
486 4132 556 4185 ab
577 4131 823 4187 Ecclesia
856 4131 1112 4186 discessit
1147 4134 1320 4188 tristis
1342 4143 1397 4187 et
1431 4135 1903 4204 iactytnabundus,

329 4231 398 4273 ut
425 4222 519 4288 qui
547 4236 798 4290 sponsam
832 4222 1256 4286 immaculatum.
1285 4225 1386 4280 sibi
1421 4239 1455 4279 a
1487 4226 1598 4282 Deo
1627 4228 1903 4296 traditam,

326 4314 582 4370 discessu
609 4329 707 4369 suo
759 4324 1080 4372 tumentem
1132 4318 1688 4389 ingemiscentemque
1741 4320 1908 4376 relin-

2081 3205 2135 3260 8.
2167 3206 2345 3274 Atque
2373 3204 2475 3258 ista
2499 3205 2718 3274 quidem
2745 3205 2869 3263 tnali
2899 3205 3195 3259 dominatio
3235 3207 3584 3276 gravissimas

2010 3296 2348 3352 calamitates
2391 3297 2615 3364 invexit,
2663 3308 2718 3354 et
2761 3307 2970 3362 cuncta.
3007 3297 3326 3366 permiscuit
3364 3314 3428 3350 ac
3458 3313 3582 3364 pcr-

2012 3387 2269 3452 turbavit,
2303 3405 2409 3442 ttott
2441 3390 2641 3457 exiguo
2691 3398 2781 3442 aut
2811 3388 2965 3444 brevi
3000 3392 3260 3457 temporis
3290 3389 3576 3445 intervallo

2011 3477 2355 3544 imperatoris
2385 3481 2579 3542 robore
2620 3481 2853 3545 munita,
2875 3481 2970 3535 sed
3005 3480 3224 3546 triginta
3265 3482 3346 3548 (ά)
3409 3495 3580 3548 pr0pe

2009 3584 2274 3624 annorum
2334 3573 2532 3640 spatio.
2581 3571 2824 3636 Quorum
2851 3571 3490 3640 cumquatuordecimov)
3523 3574 3576 3624 in

2007 3659 2200 3715 exsilio
2221 3661 2378 3716 divus
2406 3660 2566 3716 Pater
2581 3660 2921 3728 Nicephorus
2966 3663 3336 3731 transegisset,
3361 3663 3430 3714 ab
3476 3663 3580 3716 hac

2010 3753 2224 3808 mortali
2257 3754 2366 3808 vita
2390 3754 2646 3823 migravit
2670 3755 2737 3808 ad
2778 3754 3142 3808 immortalem
3181 3770 3195 3807 :
3235 3763 3292 3808 et
3330 3755 3578 3825 sepultus

2009 3855 2096 3903 est
2139 3847 2292 3916 juxta
2341 3847 2596 3916 templum
2644 3846 2816 3901 sancti
2855 3849 3108 3917 martyris
3151 3845 3423 3902 Theodori
3463 3889 3479 3915 ,
3516 3849 3568 3901 in

2009 3940 2342 3994 monasterio
2395 3941 2540 4008 quod
2571 3939 2688 4008 ipse
2711 3953 2742 3990 a
2771 3937 3138 3992 fundamentis
3171 3947 3573 3992 construxerat.

2007 4025 2066 4082 In
2094 4028 2198 4084 hoc
2236 4029 2560 4093 ettim,,cnm
2601 4039 2753 4084 esset
2785 4029 3045 4082 multatus
3089 4027 3302 4091 exsilio,
3327 4023 3470 4096 piam
3520 4037 3578 4080 et

2007 4131 2217 4172 sacram
2255 4119 2419 4172 vitam
2449 4117 2708 4179 traduxit,
2740 4127 2797 4170 et
2819 4117 3082 4170 virtutum
3129 4120 3310 4170 studio
3339 4127 3572 4172 mentem

2007 4220 2159 4258 suam
2205 4203 2495 4274 diligenter
2543 4205 2781 4258 excoluit
2810 4199 2986 4273 atque
3028 4207 3377 4273 expurgavit,
3409 4221 3575 4274 seque

2008 4311 2200 4366 purum
2230 4295 2325 4352 Dei
2356 4309 2646 4366 rerumque
2666 4295 2974 4352 divinarum
3005 4295 3263 4364 templum
3302 4296 3572 4360 exhibuit,

327 4415 549 4476 queret.
582 4405 846 4476 Populum
877 4417 1057 4462 autem
1089 4419 1144 4464 et
1168 4387 1383 4480 gregem
1411 4427 1569 4466 suum
1585 4387 1904 4482 opportunis
1935 4450 1978 4506 Β
2005 4403 2130 4506 cf!”
2155 4387 2350 4506 similis
2377 4397 2523 4506 85‘s.?“
2549 4389 2890 4506 β”εεῖξθηξξηθ
2912 4387 3177 4506 ξιξίωυι,
3221 4397 3336 4506 ωξξ
3382 4401 3570 4506 ¹¹⁸⁰¹³ξξ’

326 4498 678 4553 sermonibus
709 4500 1012 4554 instruebat
1039 4510 1096 4555 et
1121 4503 1528 4568 cohortabatur,
1555 4515 1614 4560 ut
1634 4507 1900 4574 integram

328 4590 384 4641 in
419 4589 638 4643 vinculo
667 4591 818 4658 pacis
861 4591 1018 4646 iidem
1049 4593 1390 4648 observaret.
1421 4596 1602 4651 Atille
1629 4593 1914 4654 insaniens-

325 4689 386 4732 et
412 4679 602 4734 furore
649 4683 914 4750 percitus,
943 4683 1200 4752 pietatem
1258 4699 1356 4752 pro
1383 4686 1591 4741 viribus
1647 4688 1906 4757 pergebat

331 4773 631 4826 insectari:
675 4787 775 4828 nec
825 4787 1112 4828 contentus
1155 4777 1249 4840 iis,
1271 4791 1396 4845 qua:
1431 4777 1489 4832 in
1536 4779 1901 4848 patriarcham

331 4863 573 4915 divinum
621 4864 994 4930 commiserat,
1019 4867 1198 4922 adhuc
1261 4866 1484 4923 malitia:
1529 4885 1641 4925 sua!
1684 4883 1900 4940 specta-

330 4955 472 5021 cula,
505 4958 984 5013 lamentationibus
1007 4967 1064 5012 et
1093 4961 1384 5030 gemitibus
1405 4963 1588 5032 digna,
1623 4963 1676 5016 itt
1719 4963 1902 5033 plures

330 5047 546 5101 edebat.
587 5048 816 5114 Omnes,
839 5051 934 5119 qui
986 5061 1135 5108 recta
1179 5054 1426 5108 veritatis
1467 5056 1715 5122 dogmata
1754 5069 1906 5108 com-

333 5137 470 5203 plexi
504 5153 628 5192 cum
663 5143 926 5212 magistro
965 5154 1376 5211 consenserant,
1409 5147 1672 5214 primario
1713 5160 1900 5200 sacer-

329 5231 504 5294 dotes,
527 5234 932 5304 monachosque
987 5247 1042 5290 et
1084 5245 1404 5306 pratslanles
1442 5238 1496 5292 itt
1546 5239 1899 5308 p0pnlo,tum

327 5322 476 5378 Viros
517 5337 626 5379 tum
672 5322 834 5381 etiam
869 5329 1122 5392 feminas,
1153 5344 1258 5382 non
1304 5330 1540 5385 ferendis
1579 5335 1755 5401 pcenis
1812 5343 1897 5386 at-

389 5501 464 5566 lb)
489 5501 713 5568 Eicctns
742 5514 828 5559 est
853 5505 917 5559 14
938 5505 1214 5562 Februarii
1250 5508 1376 5564 anni
1413 5505 1536 5561 8l5.

389 5571 458 5636 (c)
498 5571 822 5628 Theodotus
841 5575 1162 5639 Cassiteras,
1191 5579 1458 5634 Antonius
1482 5592 1548 5632 ex
1591 5576 1804 5639 szlteo,
1824 5586 1883 5632 et

311 5637 552 5699 Joannes
580 5643 700 5700 sive
727 5643 930 5700 Jannes
963 5637 1248 5718 Syncellns
1271 5663 1415 5702 anno
1454 5647 1556 5702 84:!
1583 5637 1877 5718 depositus.

2006 4483 2158 4538 stictc
2182 4492 2294 4536 tttnt
2324 4481 2611 4552 pontificite
2639 4484 2760 4538 vita:
2779 4481 3098 4554 dignitatem
3131 4483 3423 4537 virtutibus
3456 4483 3570 4537 suis

2002 4575 2308 4630 exornavit.

2074 4685 2130 4741 9.
2163 4685 2437 4742 Hactenus
2493 4689 3060 4752 comtttemoravitnns,
3115 4686 3573 4756 qnetnadmodum

2005 4779 2350 4834 beatissimus
2412 4778 2767 4848 Nicephorus,
2817 4788 2876 4831 ttt
2927 4779 3164 4848 optimus
3218 4782 3574 4848 gubernator,

2008 4887 2205 4925 munus
2237 4871 2666 4926 eclcesiasticum
2725 4872 3000 4940 sapienter
3033 4873 3430 4928 adtniniStrarit
3471 4890 3486 4928 :
3517 4881 3573 4928 et

2012 4973 2118 5016 tant
2148 4963 2269 5016 vitm
2291 4963 2574 5018 honestate
2605 4975 2766 5031 quam
2798 4963 3123 5033 cognitionis
3165 4965 3489 5021 excellentia
3516 4977 3572 5022 et

2005 5071 2200 5110 sensus
2233 5070 2422 5110 omnes
2441 5062 2498 5110 et
2529 5053 2770 5108 animum
2818 5065 2964 5112 recte
2995 5058 3060 5111 ad
3120 5057 3380 5128 pietatem
3415 5060 3569 5114 insti-

2005 5149 2209 5202 tuerit:
2247 5157 2302 5202 et
2344 5146 2485 5217 quod
2517 5148 2580 5200 ad
2609 5145 2767 5202 fidem
2820 5150 3073 5218 pertinet,
3101 5152 3388 5221 tranquille
3433 5167 3576 5206 sem-

2003 5256 2096 5310 per
2119 5254 2336 5293 cursum
2383 5242 2612 5294 tennerit
2641 5251 2697 5295 et
2747 5241 3018 5312 legitimas
3054 5247 3176 5299 vitae
3207 5244 3380 5298 civilis
3413 5243 3566 5297 insti-

2001 5331 2236 5386 tut'iones
2255 5333 2557 5386 obscrvarit
2591 5345 2604 5386 :
2638 5337 3158 5404 ctquemadmodnm
3185 5335 3404 5398 invidia,
3447 5351 3552 5403 qua

2067 5506 2144 5570 ((1)
2175 5506 2256 5560 Ab
2287 5523 2432 5564 anno
2469 5507 2594 5572 815,
2630 5509 2698 5563 ad
2727 5524 2926 5562 annum
2948 5505 3070 5562 84:2.

2063 5576 2133 5636 (ρ)
2183 5576 2298 5631 into
2334 5593 2460 5632 cum
2491 5579 2555 5634 M
2608 5579 2781 5634 exsilii
2826 5593 3029 5632 annum
3079 5579 3298 5644 ageret,
3357 5573 3563 5644 scilicet

1991 5666 2020 5704 a
2051 5647 2116 5704 l5
2147 5646 2325 5705 Martii
2350 5663 2437 5704 an.
2461 5649 2566 5704 815
2583 5663 2754 5718 usque
2772 5649 2839 5705 ad
2862 5663 2950 5703 an.
2975 5646 3098 5711 8:28,
3118 5643 3182 5700 et
3212 5643 3359 5701 diem
3378 5643 3559 5702 21ml.
