4022 6218
404 221 502 284 163

1417 228 1476 285 S.
1516 225 1930 286 NlCE-PHORI
1970 226 2470 285 FATRIARCHIE
2509 226 2614 285 (ΣΡ.

3533 218 3639 282 liii

398 349 543 392 recte
598 336 738 408 facta
795 351 1022 408 carpere
1069 341 1386 404 consuevit,
1445 340 1618 392 livore
1677 351 1965 405 commota,
1998 359 2042 412 Α
2072 341 2339 410 proponit.
2367 340 2609 408 Cumque
2631 339 2772 392 idem
2797 349 2986 390 omnes
3011 333 3310 388 sentientes
3339 337 3639 403 comperis-

396 444 518 478 cnm
552 425 749 482 Christi
775 443 991 498 gregem
1020 430 1239 497 eptintis
1285 430 1593 498 quibusque
1623 440 1838 482 auctum
1881 443 1964 484 at-

393 531 502 586 que
539 529 791 571 ornatum
821 520 1081 572 institutis
1119 519 1318 572 intueri
1349 534 1456 572 non
1509 528 1709 586 posset,
1732 519 1966 572 Leonem

396 609 808 674 imperatorem,
839 609 1205 677 perniciosum
1259 609 1455 662 anima:
1513 611 1744 676 propria:
1784 610 1966 664 inimi-

404 716 549 766 cum,
580 700 872 768 impulerit,
904 709 1240 753 utnovarutn
1266 715 1445 754 rerum
1481 703 1535 753 itt
1571 703 1829 770 religione
1850 713 1966 756 stu-

395 793 491 846 dio
524 793 782 844 adversus
809 792 973 844 Deum
1023 791 1350 860 insurgeret,
1385 802 1441 846 et
1487 808 1584 859 pro
1623 793 1825 846 viribus
1881 808 1966 846 res

400 895 618 936 sanctas
648 893 810 951 atque
835 883 1048 938 divinas
1079 887 1420 939 contumeliis
1445 885 1683 940 alliceret
1734 895 1789 940 et
1834 877 1965 939 con-4

403 975 715 1039 tantinaret,
751 984 806 1028 et
834 976 902 1030 ad
931 986 1235 1030 extremum
1286 992 1316 1031 e
1354 992 1510 1032 sacra
1563 981 1691 1032 sede
1723 978 1963 1030 divinum

397 1069 539 1120 hunc
569 1068 744 1122 virmu
772 1068 1084 1141 exturbaret
1118 1079 1278 1137 atque
1309 1069 1363 1122 in
1415 1070 1662 1124 exsilium
1701 1069 1920 1135 eliceret
1949 1085 1962 1121 :

396 1157 487 1209 ubi
523 1157 810 1210 virtutibus
839 1167 894 1210 et
924 1159 1476 1227 contemplationibus
1520 1161 1756 1211 animum
1806 1174 1966 1212 excoa:

398 1245 514 1301 lens
537 1256 590 1300 et
619 1263 742 1300 cum
770 1249 876 1300 Deo
905 1263 1150 1311 versans,
1184 1250 1320 1302 bene
1348 1249 1610 1317 beateque
1638 1253 1807 1300 vitam
1855 1258 1961 1300 tra-

393 1337 573 1391 duxit.
605 1337 755 1390 Nunc
790 1345 973 1389 autem
1004 1347 1211 1404 tempus
1236 1347 1320 1390 est
1353 1347 1430 1402 ut,
1462 1353 1581 1392 cum
1628 1337 1964 1406 providentia

397 1427 490 1480 Dei
525 1429 614 1494 qui
644 1429 831 1479 mortis
856 1427 1102 1480 umbraut
1123 1429 1174 1484 in
1200 1429 1528 1482 matutinum
1550 1429 1890 1497 splendorem
1911 1438 1966 1481 et

399 1515 652 1568 tenebras
679 1515 733 1568 in
767 1502 940 1570 lucem
1000 1515 1288 1576 convertit,
1322 1531 1608 1572 maerorem
1661 1527 1822 1583 atque
1859 1516 1962 1570 tri-

397 1605 602 1656 stitiant
630 1604 686 1669 in
712 1605 966 1672 gaudiuttt
991 1602 1336 1672 la'titiamque
1364 1605 1736 1674 commutavit,
1763 1605 1814 1656 itt
1837 1605 1962 1658 reli-

2067 442 2171 496 set,
2206 433 2506 499 diurnoque
2565 430 2683 499 ejus
2755 429 2832 499 rei
2897 424 3169 481 desiderio
3233 425 3429 487 teneri.
3469 436 3639 494 atque

2067 524 2245 576 animo
2267 521 2566 576 excruciari
2603 529 2820 588 propter
2849 516 3124 586 religionis
3158 516 3212 570 itt
3249 531 3312 570 ea
3347 532 3405 571 re
3460 527 3638 576 mutas-

2067 614 2358 678 tationem;
2391 612 2701 680 postulavit,
2735 621 2794 664 ut
2835 625 2894 664 se
2937 609 3160 662 Patrum
3195 609 3360 662 etiam
3403 609 3640 664 auctori-

2069 705 2273 759 tatibus
2313 706 2381 759 ad
2419 704 2704 758 veritatem
2732 701 3160 766 conﬁrmarent,
3188 715 3324 769 quas
3370 701 3535 755 variis
3584 703 3637 755 in

2066 797 2218 850 libris
2251 797 2628 850 invenissent:
2668 792 3048 860 mandavitque
3074 806 3182 860 quo
3224 793 3274 844 itt
3305 791 3422 844 loco
3452 791 3636 859 palatii

2067 888 2362 958 praefinitus
2391 897 2566 942 cintus
2590 883 2960 940 ecclesiati‘cus
3007 883 3291 940 universus
3329 893 3636 953 cogeretur,

2065 987 2120 1032 et
2147 979 2214 1030 ad
2254 979 2506 1046 populum
2542 992 2602 1030 ea
2658 976 2724 1028 de
2780 991 2838 1029 re
2881 989 3043 1042 quam
3090 973 3431 1042 apertissime
3473 975 3637 1026 verba

2069 1070 2292 1124 faceret.
2355 1069 2527 1121 Tanta
2603 1076 2783 1120 autem
2875 1065 3168 1119 multitudo
3228 1061 3520 1128 confluxit,
3582 1073 3640 1116 ut

2067 1174 2294 1213 numero
2310 1158 2691 1224 comprehendi
2719 1172 2822 1210 non
2847 1165 3053 1224 posset.
3076 1154 3464 1209 Cunvenerunt
3485 1155 3630 1206 enim

2068 1266 2172 1304 non
2197 1250 2368 1304 solum
2393 1249 2491 1314 illi,
2515 1249 2607 1317 qui
2636 1257 2868 1302 mentem
2899 1263 3086 1302 sanam
3112 1247 3407 1316 impietatis
3432 1257 3638 1314 tetnpos

2069 1341 2220 1394 ribus
2255 1348 2664 1404 conservaram,
2693 1353 2881 1392 verum
2925 1339 3090 1391 etiam
3119 1337 3424 1406 complures
3449 1351 3515 1388 ex
3547 1337 3634 1401 iis,

2067 1430 2159 1496 qui
2214 1443 2336 1482 cum
2379 1425 2599 1495 pietatis
2656 1426 2905 1480 hostibus
2959 1433 3370 1488 consenserant,
3434 1424 3636 1492 quique

2067 1518 2389 1573 sacerdotiis
2409 1527 2462 1569 et
2495 1515 2751 1570 Ecclesiis
2777 1515 3029 1584 regendis
3064 1516 3131 1568 ab
3159 1514 3292 1582 ipsis
3319 1514 3477 1569 electi
3515 1512 3636 1568 fue-

2071 1621 2195 1664 rant
2241 1629 2253 1664 :
2307 1626 2337 1664 e
2382 1608 2714 1677 vestigioque
2765 1615 2972 1660 mutata
3033 1607 3328 1670 sententia,
3371 1621 3486 1671 eos,
3539 1603 3634 1672 qui

397 1708 500 1762 qua
528 1693 786 1747 orationis
819 1703 971 1763 parte
1002 1693 1241 1747 breviter
1292 1694 1750 1758 demonstremus,
1779 1711 1967 1764 quem.
1999 1699 2042 1754 Β
2069 1710 2285 1756 sanctas
2341 1700 2600 1768 imagines
2639 1705 3034 1768 oppugnarunt,
3074 1695 3406 1763 anathemati
3448 1695 3633 1766 subje-

397 1784 685 1836 adtnodutu
721 1798 937 1838 sacrum
989 1783 1130 1836 illius
1189 1798 1386 1852 corpus
1434 1785 1485 1837 itt
1526 1786 1725 1860 regiam
1781 1786 1966 1844 urbem

401 1874 722 1941 translatum
760 1873 830 1926 sit
861 1891 875 1927 :
905 1873 1006 1926 hoc
1036 1874 1182 1927 enim
1211 1874 1365 1927 nobis
1396 1875 1738 1943 potissimum
1774 1889 1968 1942 propo-

402 1981 684 2024 sueranuts
725 1965 898 2029 ;licet
950 1965 1001 2017 itt
1050 1964 1170 2019 aliis
1215 1966 1374 2018 rebus
1415 1966 1762 2036 recensendis
1796 1966 1966 2028 simus

398 2056 689 2108 ittttttorali.

1013 2191 1242 2246 CAPUT
1281 2192 1348 2246 ll.

388 2303 592 2375 (Torpus
639 2306 806 2357 sancti
875 2302 1163 2373 Niceti/tori
1210 2323 1400 2373 magna
1451 2307 1779 2360 solemnitate
1824 2305 1960 2365 Catt-

788 2378 1180 2444 stantinopolim
1215 2381 1554 2429 translatum.

468 2552 553 2607 10.
586 2551 943 2620 Posteaquam
993 2554 1158 2615 enim,
1196 2553 1451 2607 defuncto
1505 2552 1807 2626 Theophila
1869 2560 1958 2626 (Γ),

396 2647 679 2714 imperium
711 2646 777 2698 ad
803 2646 919 2714 ejus
951 2663 1170 2699 uxorem
1203 2645 1544 2699 Theodoram
1583 2649 1680 2717 (g),
1713 2658 1767 2701 et
1795 2649 1961 2703 illium

396 2753 581 2792 eorum
619 2734 932 2789 Micltaeleut
973 2737 1258 2790 admodum
1294 2737 1690 2792 adulescentem
1721 2741 1960 2807 delatum

393 2838 493 2890 est,
553 2828 606 2879 in
657 2827 876 2895 pietatis
926 2827 1165 2878 studium
1195 2843 1487 2897 curamque
1521 2831 1751 2884 maxime
1811 2833 1963 2886 incu-

397 2919 511 2970 llllli.
562 2918 798 2981 femina;
839 2933 962 2970 vere
997 2917 1088 2970 Dei
1116 2934 1342 2971 munere
1371 2921 1449 2988 (ut
1483 2936 1673 2974 nomen
1717 2921 1832 2989 ejus
1877 2923 1962 2976 itt-

398 3009 560 3076 dicat)
593 3009 741 3072 data,
777 3023 840 3059 ex
877 3008 1128 3061 omnibus
1161 3009 1434 3076 prmelaris
1466 3021 1521 3065 et
1575 3013 1788 3080 magnis
1829 3012 1961 3067 faci-

398 3097 644 3159 noribus,
702 3096 899 3164 quibus
953 3097 1224 3165 principes
1269 3099 1482 3165 probari
1533 3100 1961 3163 solent,ttul|unt

399 3188 742 3255 praestantius
798 3187 1135 3250 existimans,
1169 3204 1276 3256 quo
1309 3191 1473 3244 tutius
1525 3191 1627 3245 sibi
1679 3192 1962 3261 imperium

395 3280 758 3341 confirmaret,
805 3288 898 3331 aut
934 3279 1141 3332 virilem
1184 3281 1233 3333 itt
1273 3278 1504 3334 feminea
1543 3298 1769 3350 persona
1813 3284 1964 3339 forti-

399 3368 637 3421 tudinem
683 3377 1174 3437 excrceret,quam
1232 3371 1279 3423 si
1335 3371 1550 3438 pietatis
1583 3383 1635 3426 et
1692 3375 1965 3444 religionis

395 3455 543 3508 cultu
573 3454 738 3508 Deum
769 3457 870 3508 sibi
903 3457 1195 3525 propitium
1226 3458 1500 3512 redderet.
1526 3460 1580 3513 ld
1616 3472 1794 3516 autem
1821 3464 1964 3518 nullo

397 3555 553 3614 pacto
605 3545 816 3597 facilius
855 3554 948 3596 aut
991 3544 1332 3598 commodius
1390 3561 1550 3614 posse
1606 3551 1958 3618 cotttingere,

394 3650 556 3703 quam
601 3633 646 3687 si
680 3633 1143 3701 perturbationem
1178 3635 1230 3687 in
1284 3635 1522 3689 Ecclesia
1569 3635 1774 3702 jamdiu
1819 3644 1966 3690 exci-

397 3737 558 3778 tatam
579 3728 814 3787 sedaret,
848 3737 901 3780 et
927 3735 1136 3792 partem
1173 3728 1224 3780 itt
1257 3727 1348 3780 illa
1396 3731 1589 3782 morbo
1622 3730 1960 3783 laborantem

395 3821 678 3871 reduceret
731 3817 796 3868 ad
841 3819 1124 3871 sanitatem
1169 3834 1184 3870 :
1230 3830 1310 3884 ut,
1340 3822 1432 3887 qui
1479 3821 1619 3874 inter
1666 3836 1726 3876 se
1772 3823 1965 3876 animis

394 3916 574 3958 essent
604 3905 915 3970 abalienati,
937 3908 1356 3961 conciliarentur
1374 3919 1535 3978 atque
1578 3911 1719 3964 idem
1745 3913 1964 3966 omnino

395 4000 663 4050 sentirent
693 4015 712 4050 ε
748 3999 826 4050 sic
853 3999 996 4051 enim
1024 3998 1160 4063 fore,
1194 4010 1254 4054 ut
1285 4017 1406 4055 cum
1433 4017 1537 4056 una
1556 4015 1698 4057 esset
1722 4018 1961 4056 omnium

395 4091 659 4143 sententia
681 4100 847 4158 atque
875 4091 1013 4144 idem
1040 4107 1256 4157 sensus,
1290 4107 1418 4147 vera
1451 4097 1771 4164 sinceraque
1806 4097 1959 4160 fides,

393 4182 756 4250 apostolorum
797 4183 1126 4254 Patrutnque
1170 4185 1432 4240 institutis
1475 4196 1728 4255 tanquam
1775 4188 1963 4242 solidis

396 4275 762 4327 fundamentis
793 4275 1084 4342 inhaerens,
1117 4277 1270 4329 firma
1302 4286 1464 4345 atque
1511 4278 1805 4332 immobilis
1835 4295 1961 4332 con-

394 4377 747 4421 servaretur:
779 4376 834 4421 et
861 4368 964 4422 sibi
1007 4369 1264 4436 deinceps
1287 4369 1494 4439 imperii
1529 4372 1848 4439 gubernatio
1876 4372 1952 4423 l‘a-

397 4457 516 4511 cilis
553 4473 616 4511 ac
643 4459 944 4513 tolerabilis
983 4475 1322 4528 permanere.

470 4546 555 4600 ll.
595 4545 715 4600 llaec
744 4547 908 4614 igitur
943 4564 1064 4601 cum
1092 4549 1182 4602 illa
1207 4566 1332 4604 vere
1365 4551 1544 4603 animo
1586 4551 1857 4605 exet-Heus
1896 4567 1959 4606 ac

395 4650 572 4694 mente
611 4640 763 4693 fortis
813 4641 1011 4709 llegina
1063 4641 1276 4708 ingenio
1309 4657 1410 4696 suo
1472 4645 1861 4712 excogitasset,
1903 4653 1960 4698 et

396 4731 675 4796 prudentia
719 4732 1152 4798 considerasset;
1207 4749 1263 4787 re
1322 4749 1442 4786 cuin
1509 4735 1634 4798 illis,
1668 4735 1756 4803 qui
1803 4745 1963 4788 erattt

396 4821 446 4874 itt
481 4822 796 4886 magistratu
831 4835 882 4876 et
922 4825 1183 4893 dignitate
1213 4826 1509 4889 constituti,
1539 4830 1956 4891 conuuunicata,

393 4916 626 4967 accersit
653 4930 770 4966 cum
813 4914 942 4982 ipsis
972 4932 1063 4969 cos
1099 4919 1187 4985 qui
1231 4918 1371 4970 inter
1411 4919 1701 4971 monachos
1735 4929 1957 4985 prasta-

394 5009 516 5059 liant
549 5047 564 5072 ,
629 5016 682 5060 ct
741 5007 802 5059 de
843 5009 1134 5077 imaginum
1173 5008 1560 5067 instauratione
1607 5010 1958 5076 quaestionem

461 5279 522 5346 (ι)
551 5277 672 5330 f'ost
690 5275 927 5346 Leonem
954 5279 1251 5346 Armenum
1278 5282 1337 5346 et
1371 5272 1687 5327 Michaclent
1712 5271 1956 5332 Balbum,

391 5344 494 5400 sub
546 5364 654 5416 quo
696 5344 1035 5416 Nrephorns
1094 5345 1203 5398 vita
1268 5344 1492 5416 iunctus
1549 5352 1665 5416 «ξδιὶ
1712 5354 1962 5416 regnarat

389 5412 728 5486 'l'ltropltilus
764 5412 910 5468 Balbi
950 5415 1113 5476 ﬁlius,
1146 5414 1446 5468 exstinctus
1497 5413 1599 5467 sub
1640 5413 1800 5465 ftnem
1834 5412 1963 5464 anui

389 5487 482 5539 Sil
522 5501 613 5542 aut
645 5489 862 5541 initium
895 5487 1199 5554 sequentis.

461 5559 533 5624 (g)
574 5561 630 5610 S.
672 5552 1365 5624 'l‘ltcudorteintperatricis
1403 5555 1572 5608 \‘itam
1630 5552 1878 5607 dedimus
1912 5569 1965 5605 xr

390 5624 703 5680 Februarii:
749 5628 798 5681 in
834 5641 938 5697 qua
993 5627 1275 5697 sequentia
1317 5627 1424 5682 late
1478 5624 1838 5694 explicantur,
1887 5626 1965 5677 uti

2068 1803 2280 1854 εβιίιιιι.

2137 1907 2224 1960 12.
2254 1906 2367 1972 Qua
2400 1905 2615 1976 quidem
2659 1905 2821 1959 celeri
2843 1914 2899 1957 et
2938 1903 3210 1972 inSperata
3248 1918 3427 1957 rerum
3472 1918 3624 1968 cont-.-

2068 1980 2385 2060 mutatione,
2419 1996 2676 2060 Joannes,
2700 1997 2790 2064 qui
2827 2007 2952 2050 tunc
2979 1997 3142 2063 impie
3172 2011 3366 2050 munus
3412 1995 3632 2064 ponti“,-

2067 2092 2208 2143 ciunt
2229 2089 2668 2149 administrabat,
2702 2095 2922 2156 stupore
2945 2100 2998 2142 et
3027 2089 3220 2142 tuentis
3247 2087 3476 2157 caligine
3501 2101 3632 2156 cap-

2069 2195 2174 2252 tus,
2195 2195 2386 2247 parum
2434 2178 2627 2242 abfuit,
2665 2178 2795 2246 quitt
2843 2179 2947 2232 sibi
2987 2180 3102 2246 ipse
3151 2194 3342 2231 manus
3394 2176 3630 2241 aﬂerret,

2068 2287 2402 2342 mortemque
2454 2271 2838 2336 conscisceret.
2873 2268 2970 2322 llie
3004 2268 3147 2332 enim
3193 2269 3416 2322 sceleris
3472 2276 3636 2335 caput

2063 2379 2122 2422 et
2150 2382 2357 2421 summa
2394 2363 2571 2417 fuerat
2609 2379 2624 2417 :
2663 2362 2753 2432 qui
2788 2377 2910 2422 cum
2948 2360 3110 2429 impie
3136 2360 3380 2423 sentiret,
3406 2369 3460 2412 et
3492 2359 3633 2427 apud

2068 2464 2442 2528 imperatorem
2479 2453 2821 2510 auctoritate
2865 2462 3045 2523 posset
3095 2463 3254 2506 antea
3304 2452 3632 2521 plurinttttn,

2065 2563 2185 2598 eum
2229 2545 2524 2597 mendaciis
2555 2553 2611 2596 et
2677 2542 2817 2602 dolis
2867 2541 3207 2609 impudenter
3261 2541 3635 2594 inconsidera-

2066 2646 2222 2701 teque
2245 2635 2514 2699 confictis,
2545 2633 2598 2685 in
2633 2631 2931 2700 impietatis
2950 2629 3629 2702 barathrumimpellebat.

2065 2724 2140 2778 Eo
2181 2726 2344 2786 igitur
2369 2735 2588 2792 propter
2627 2722 2848 2790 flagitia,
2877 2736 2997 2789 qua:
3039 2721 3090 2773 itt
3117 2720 3285 2774 Deum
3319 2721 3631 2782 admiserat,

2065 2831 2170 2868 uno
2213 2815 2454 2869 omnium
2494 2829 2761 2869 consensu
2799 2823 2853 2866 et
2904 2813 3117 2866 cunctis
3151 2823 3262 2865 tum
3307 2825 3634 2880 magnorum

2065 2909 2448 2974 imperatoruttt
2485 2946 2499 2968 ,
2560 2914 2672 2958 tum
2743 2905 2982 2957 universi
3048 2913 3224 2959 cretus
3278 2905 3634 2958 ecclesiastici

2065 2999 2358 3069 snil‘ragiis,
2416 3016 2445 3050 a
2503 3013 2656 3051 sacra
2713 2998 2841 3050 sede
2897 3011 3019 3050 cum
3086 2996 3383 3065 ignominia
3435 2999 3631 3068 eiecto,

1989 3056 2033 3112 θ
2067 3056 2466 3157 Μυιιιονάἱυέυρ)
2500 3089 2580 3141 vir
2604 3097 2658 3142 et
2688 3089 2792 3141 vita
2827 3099 2881 3140 et
2905 3056 3151 3144 doctrina
3180 3087 3331 3141 valde
3353 3056 3632 3158 probatus,

2062 3196 2117 3236 et
2153 3183 2245 3252 qui
2304 3198 2400 3250 pro
2444 3181 2676 3234 veritate
2718 3190 2775 3233 et
2823 3179 3082 3248 religione
3138 3179 3402 3249 permulta
3451 3190 3632 3234 certa-

2065 3275 2207 3328 mina
2261 3286 2317 3327 et
2356 3273 2574 3341 longum
2623 3271 2872 3325 exsilium
2935 3269 3252 3338 pertulerat,
3298 3277 3461 3340 atque
3508 3271 3636 3327 inde

2062 3361 2235 3430 plagis
2269 3369 2326 3413 et
2374 3373 2597 3413 carcere
2639 3359 2728 3412 ditt
2770 3359 3048 3412 cruciatus
3095 3357 3352 3424 redierat,
3382 3359 3636 3424 omnibus

2065 3453 2116 3504 iit
2175 3451 2437 3520 dignitate
2493 3450 2804 3502 constitutis
2878 3448 3304 3516 approbantibus
3339 3488 3354 3514 ,
3428 3449 3636 3510 electus

2063 3555 2182 3605 est,
2239 3537 2330 3612 qui
2383 3558 2592 3596 sacram
2646 3542 2844 3608 regina:
2907 3541 3119 3595 urbium
3160 3542 3405 3597 civitatis
3451 3543 3633 3598 sedem

2063 3636 2357 3689 oblitteret.

2137 3727 2224 3778 t3.
2247 3725 2397 3778 Tunc
2422 3724 2614 3780 Nicaea:
2645 3726 2942 3778 secundum
2968 3724 3228 3779 divinitus
3257 3725 3489 3780 electum
3515 3741 3636 3780 san-

2074 3829 2218 3869 ctnnt
2248 3815 2641 3870 ωουιιιειιὶςυιιι
2671 3816 2985 3881 concilium,
3013 3817 3155 3884 quod
3183 3815 3351 3871 lrena:
3372 3816 3432 3887 (i)
3465 3817 3636 3886 impe-

2065 3908 2301 3972 ratricis,
2322 3923 2508 3961 verum
2530 3908 2596 3960 ab
2622 3909 2735 3976 ipsa
2755 3909 2900 3984 pace.
2927 3923 3124 3962 nomen
3143 3909 3417 3972 habentis,
3451 3921 3506 3964 et
3528 3909 3634 3963 Τει-

2067 4000 2191 4055 rasii
2225 3998 2442 4052 tnaxiuti
2473 3998 2882 4066 beatissitnique
2904 3999 3230 4065 patriarcha:
3283 4001 3464 4052 studio
3481 4001 3627 4052 cele-

2064 4093 2402 4158 bratumest,
2429 4091 2625 4144 inerit’o
2653 4093 2866 4145 ﬁrmant
2887 4091 3128 4145 obtinuit
3156 4093 3535 4145 auctoritatem
3569 4108 3632 4145 ac

2067 4184 2260 4248 robur;
2294 4197 2420 4239 cum
2469 4197 2680 4245 omnes,
2715 4197 2857 4250 quat,
2899 4182 3006 4236 Deo
3063 4180 3366 4248 aspirattte,
3413 4184 3467 4235 in
3518 4185 3635 4252 ipso

2064 4275 2280 4330 decreta
2338 4275 2570 4337 fuerant,
2603 4273 3041 4338 comprobarent.
3090 4271 3243 4328 Tunc
3285 4289 3477 4347 ontnes
3535 4274 3636 4326 Ec-

2063 4366 2241 4420 clesia:
2271 4381 2426 4423 suum
2461 4365 2661 4432 ubique
2702 4365 2868 4419 decus
2901 4375 3245 4432 receperuut,
3273 4374 3327 4421 cl.
3354 4367 3636 4419 venerabi-

2067 4459 2194 4520 l_iuut
2244 4456 2536 4525 imaginum
2581 4457 2866 4524 splendore
2899 4455 3118 4511 fuerunt
3173 4455 3636 4524 illustrane:eje-

2070 4552 2278 4618 ctisque
2308 4549 2434 4612 illis,
2464 4549 2558 4616 qui
2608 4563 2703 4602 eas
2739 4545 2947 4600 nefarie
2984 4547 3410 4610 insectabantur,
3451 4563 3636 4602 sacer-

2069 4645 2222 4697 dotes
2257 4643 2308 4697 itt
2333 4643 2416 4702 cis
2447 4657 2510 4695 ac
2540 4642 2726 4706 duces,
2763 4641 2893 4695 recti
2929 4640 3198 4715 dogmatis
3223 4641 3474 4706 studiosi,
3509 4650 3637 4694 sunt

2067 4734 2366 4790 constituti.

2139 4827 2230 4881 14.
2261 4824 2628 4890 Quadriennio
2654 4824 2815 4894 igitur
2844 4834 2970 4894 post
3044 4819 3446 4875 sacratissimus
3521 4821 3637 4874 Mc-

2068 4919 2304 4978 tltodius,
2348 4917 2529 4970 divino
2579 4919 2737 4984 plane
2795 4916 2987 4984 spiritu
3032 4915 3316 4983 impulsus,
3337 4924 3639 4983 oppettune

2071 5009 2459 5076 sapienterque
2539 5009 2777 5062 divinam
2833 5005 3236 5077 imperatricem
3296 5005 3636 5061 Theodoram

2067 5283 2120 5332 et
2151 5275 2359 5328 scelera
2398 5273 2589 5326 .launis
2621 5288 2715 5328 seu
2738 5273 2965 5330 Joannis
2998 5273 3345 5342 patriarchae.

2141 5343 2214 5410 (Ill
2282 5345 2516 5396 Sanctus
2542 5343 2847 5399 Methodius
2894 5345 3091 5400 colitur
3125 5343 3187 5398 14
3219 5342 3388 5408 Junii,
3430 5352 3646 5399 creatus

2071 5415 2379 5482 patriarcha
2407 5430 2553 5468 anno
2580 5415 2706 5470 842.

2143 5484 2204 5551 (ἰ)
2237 5485 2500 5563 Colun_t_ur
2521 5484 2896 5563 satieta__lt_-ctt_e
2937 5485 3249 5563 imperatrix
3284 5486 3348 5542 l3
3395 5484 3645 5563 Augusti,

2073 5563 2125 5610 et
2153 5565 2373 5619 sanctus
2397 5555 2651 5612 'l'arasius
2674 5556 2744 5609 ‘23
2773 5555 3075 5629 Februarii.
