3938 6220
207 286 323 351 165

1670 362 1687 373 Ι
1748 289 1937 351 Vl'I‘A.

3368 290 3467 355 166

213 399 536 463 admonuit,
582 412 692 452 non
731 412 859 453 esse
901 413 970 453 ex
1001 399 1214 475 imperii
1267 407 1321 453 et
1364 399 1593 469 reipubl.
1638 399 1811 468 digni~
1840 406 1883 458 Α
1916 417 2037 452 cunt
2069 398 2401 453 cousiiluunl
2427 415 2530 453 tton
2571 399 2856 452 habentem
2888 401 3150 454 maculam
3187 418 3357 470 tit-quc
3375 421 3469 458 rn-

216 501 356 555 tate,
392 488 537 558 quod
565 488 919 542 venerandus
958 497 1012 542 et
1044 488 1185 543 inter
1214 487 1549 557 patriarchas
1579 488 1803 542 illustris

211 583 583 651 Nicephorus,
610 580 705 650 qui
757 593 856 649 pro
887 578 1131 648 gloriosa:
1172 578 1666 649 sinceraeqttetidei
1707 579 1802 634 de-

212 672 469 727 fensione
525 686 555 724 a
616 684 773 723 saera
832 668 963 723 sede
1027 668 1323 737 depulsus,
1382 669 1435 723 iu
1491 669 1803 738 longissimo

216 763 420 818 exsilio
467 760 762 815 defunctus
812 769 957 823 erat,
1005 756 1371 829 negligeretur
1431 776 1449 814 :
1513 760 1611 813 sed
1652 761 1801 815 omni

218 852 409 908 studio
443 852 746 905 curandum
784 864 929 915 esse,
965 858 1026 905 ut
1053 850 1295 905 divinum
1327 865 1522 919 corpus
1543 853 1711 922 ipsius
1748 852 1801 906 in

220 945 503 998 civitatem
549 938 951 1009 reportaretur.
983 941 1232 1011 Alioquin
1282 942 1478 1012 ingrati
1511 944 1677 997 animi
1718 941 1803 995 vi-

218 1036 377 1099 tiuttt,
404 1032 605 1102 inquit,
633 1048 740 1087 non
770 1030 1115 1095 evitabimus,
1146 1031 1190 1085 si
1233 1040 1356 1100 post
1384 1042 1613 1085 mortem
1638 1032 1801 1085 etiam

218 1127 398 1192 ipsum
448 1124 504 1177 in
531 1122 748 1186 exsilio,
797 1130 1054 1190 tanquam
1107 1120 1232 1189 jure
1292 1121 1629 1186 damnatum,
1675 1122 1803 1175 reli-

220 1215 513 1282 querimus
543 1232 556 1266 :
593 1212 899 1282 prasertitn
927 1226 1049 1263 cum
1082 1226 1189 1264 non
1225 1211 1541 1280 ignoremus
1583 1226 1679 1265 eos
1712 1212 1802 1280 qui

218 1321 282 1358 ex
345 1319 548 1373 genere
603 1313 763 1357 erant
810 1301 1042 1372 Ioseph,
1090 1303 1143 1356 itt
1188 1301 1595 1358 benedictionis
1651 1312 1805 1371 parte

222 1391 494 1459 posuisse,
535 1399 594 1443 ut
643 1389 815 1457 patris
865 1404 989 1447 ossa
1042 1399 1162 1459 post
1228 1390 1648 1460 quadringentos
1695 1391 1806 1446 fere

219 1497 394 1535 annos
430 1498 499 1535 ex
557 1479 800 1552 Egypto
844 1480 897 1534 in
958 1480 1374 1537 Chananitidem
1424 1491 1802 1551 exportarent,

216 1574 369 1640 Quod
416 1589 545 1628 cum
596 1573 672 1626 ita
715 1572 807 1636 sit,
841 1587 961 1636 nos,
990 1572 1082 1642 qui
1147 1587 1337 1627 sumus
1402 1573 1624 1642 pietatis
1686 1573 1804 1639 lilii,

221 1666 421 1719 diutius
488 1664 692 1733 privari
721 1664 994 1743 patientur
1022 1665 1201 1718 Patris
1251 1664 1397 1720 illius
1430 1665 1740 1734 praesentia,
1773 1679 1803 1719 a

220 1773 327 1826 quo
353 1755 558 1810 divinis
583 1739 929 1813 documentis
944 1755 1161 1811 enutriti
1186 1756 1409 1811 smnus?
1432 1755 1555 1811 lites
1584 1757 1802 1825 quidem
1836 1738 1879 1794 Β

223 1847 486 1909 omnium,
512 1860 655 1913 quas
706 1846 947 1899 intuetur
991 1844 1092 1908 sol,
1116 1844 1327 1898 urbium
1356 1846 1806 1914 priestantissitna

226 1948 279 1995 et
329 1939 481 2009 regia
537 1939 767 2001 civitas,
818 1937 963 1992 sacri
1010 1938 1170 1993 ducis
1218 1948 1380 2006 atque
1431 1941 1667 2009 pastoris
1722 1941 1807 1996 sui

231 2032 492 2101 reliquias
538 2040 764 2086 sanctas
801 2030 1095 2096 desiderat,
1125 2045 1259 2099 quas
1286 2030 1374 2101 pie
1411 2042 1703 2087 conservet
1750 2041 1807 2086 et

226 2124 383 2177 colat.
402 2122 605 2193 Sponsi
627 2122 713 2175 sui
746 2122 1035 2192 praesentia
1063 2122 1277 2176 fruatur
1312 2137 1526 2176 rursum
1560 2122 1803 2180 Ecclesia

229 2217 393 2284 ipsius
425 2214 830 2280 amantissima,
855 2221 1034 2283 etquo
1067 2212 1560 2281 vivoinjustissima
1583 2213 1807 2281 impera.

230 2308 357 2361 toris
385 2323 551 2361 manu
599 2307 834 2376 spoliata
866 2304 990 2369 fuit,
1027 2305 1223 2360 mortui
1270 2320 1494 2374 corpus,
1529 2299 1806 2360 annuente

226 2399 464 2454 studiosa
489 2400 731 2467 pastoris
758 2398 1129 2468 imperatrice,
1167 2398 1583 2469 complectatur.
1613 2398 1807 2455 Cernis

226 2490 679 2557 quemadmodum
709 2489 800 2544 hic
832 2489 1083 2559 populus,
1110 2490 1202 2559 qui
1233 2505 1332 2558 per
1380 2498 1432 2544 te
1464 2505 1690 2545 securus
1747 2491 1801 2544 in

223 2596 351 2635 vera
385 2580 656 2649 religione
697 2580 1057 2650 conquiescit,
1095 2564 1399 2635 incredibili
1458 2582 1636 2635 studio
1689 2587 1812 2650 post

224 2683 465 2727 mortem
499 2673 655 2726 etiam
688 2687 876 2729 vocem
912 2671 1027 2742 ejus
1060 2672 1248 2729 audire
1283 2672 1335 2725 in
1367 2672 1561 2741 spiritu
1609 2684 1808 2726 concu-

226 2765 423 2834 piscit?
454 2763 608 2830 Quod
633 2766 677 2819 si
708 2764 1117 2819 tabernaculum
1145 2764 1264 2835 ejus
1299 2773 1510 2818 tantum
1542 2763 1611 2818 ad
1633 2778 1691 2818 se
1719 2779 1806 2818 re-

229 2858 393 2913 latum
447 2857 748 2925 aspexerit,
779 2871 839 2912 se
881 2857 1029 2911 illum
1069 2857 1242 2926 ipsum
1296 2855 1563 2924 recepisse
1599 2856 1811 2932 Spiran-

231 2957 335 3002 tem
382 2947 748 3014 existimabit,
782 2958 836 3003 et
880 2958 1134 3017 tanquam
1192 2951 1506 3004 thesaurum
1566 2950 1807 3019 aliquem

229 3040 686 3108 pretiosissimum
711 3041 972 3096 recondet
997 3051 1049 3097 et
1081 3041 1410 3097 observabit.
1435 3039 1530 3095 llis
1561 3042 1809 3110 precibus
1839 3094 1875 3110 η

1837 3096 1878 3148 C
1916 3104 2088 3172 ipsum
2111 3111 2410 3171 gestantes,
2434 3100 2485 3155 in
2511 3100 2838 3154 Sanctorum
2864 3098 3247 3165 Apostolorum
3278 3101 3480 3169 templo

232 3130 783 3188 eLcobortationibus
805 3134 1087 3188 celerrime
1130 3150 1193 3188 ac
1216 3134 1574 3189 libentissime
1609 3134 1809 3203 inclyta

235 3226 421 3278 annuit
465 3225 780 3292 imperatrix
826 3243 840 3279 :
875 3225 1221 3294 Perspicuum
1273 3234 1357 3280 cst
1394 3226 1560 3287 enim,
1613 3226 1807 3295 inqttit,

236 3318 334 3372 hoc
363 3320 506 3386 apud
556 3333 747 3374 omnes
786 3328 1035 3389 posteros
1062 3330 1118 3372 et
1151 3317 1282 3379 mihi
1342 3327 1395 3372 ct
1440 3315 1627 3372 liberis
1674 3317 1811 3371 meis

238 3408 427 3463 honori
461 3412 515 3462 in
526 3419 731 3466 turum.

310 3500 399 3557 £5.
444 3500 601 3555 Tunc
633 3516 789 3556 sacer
822 3500 1062 3555 civitatis
1086 3498 1335 3564 antistes,
1369 3513 1490 3552 cum
1521 3496 1814 3552 saeerdotb

239 3596 337 3649 bus
384 3605 441 3648 et
493 3595 781 3649 monachis
834 3594 1196 3662 universoque
1257 3586 1475 3661 populo,
1506 3592 1571 3644 ad
1628 3590 1811 3646 Sancti

238 3685 508 3740 Theodori
560 3685 820 3754 templum
870 3686 1098 3749 accedit,
1146 3684 1200 3737 in
1247 3700 1353 3752 quo
1406 3682 1580 3751 gratia
1644 3682 1814 3750 pit-ttae

244 3778 484 3846 reliquiae
532 3776 810 3846 iacebant,
834 3788 1040 3844 easque
1086 3790 1208 3830 cum
1243 3773 1590 3827 veneratione
1636 3783 1692 3827 et
1738 3772 1813 3826 la-

238 3870 443 3939 crymis
497 3868 885 3937 complodens,
916 3877 1172 3935 tanquam
1218 3876 1469 3922 sanctum
1513 3864 1688 3935 ipsum
1735 3864 1815 3918 vit-

240 3967 456 4012 ventem
488 3959 569 4013 sic
588 3958 862 4013 allocutus
890 3967 978 4011 est
1010 3974 1023 4011 :
1054 3955 1098 4012 Ο
1126 3957 1211 4011 vir
1230 3955 1562 4021 beatissime,
1592 3958 1683 4023 qui
1707 3956 1811 4011 cis—

242 4051 361 4104 tiem
393 4050 670 4104 laboribus
701 4059 757 4105 et
789 4050 1072 4115 :erumnis,
1099 4049 1298 4119 quibus
1326 4058 1548 4103 sanctus
1574 4046 1811 4103 Joannes

242 4141 689 4211 Chrysostomus,
728 4140 955 4195 allectus
992 4156 1073 4207 es,
1106 4141 1248 4195 sicut
1290 4140 1481 4194 eodem
1534 4138 1813 4209 religionis

242 4231 432 4284 studio
488 4240 540 4284 et
616 4229 832 4285 dicendi
912 4227 1159 4282 libertate
1218 4227 1540 4295 praestabas;
1610 4226 1812 4296 quique

244 4322 452 4391 pariter
468 4331 522 4375 ct
545 4322 671 4375 sede
690 4321 956 4390 privatus,
984 4329 1036 4373 et
1063 4318 1320 4373 multatus
1350 4317 1559 4380 exsilio,
1587 4328 1640 4371 et
1669 4318 1808 4371 idem

244 4414 463 4483 triginta
526 4415 684 4467 trium
744 4426 1010 4465 annorum
1088 4412 1320 4479 spatium
1379 4408 1619 4487 extorris
1694 4417 1808 4462 tum
1842 4421 1885 4475 ί)

241 4503 401 4554 vivus
432 4512 541 4554 tum
595 4510 837 4553 mortuus
889 4500 1194 4568 transegiin
1227 4516 1240 4552 :
1287 4514 1427 4552 nunc
1465 4510 1516 4552 te
1550 4498 1704 4552 nobis
1734 4498 1808 4553 ιιιί

243 4590 633 4645 amantissimis
684 4591 949 4653 restitue,
1001 4601 1162 4659 atque
1213 4589 1338 4643 hinc
1390 4588 1692 4654 discedens,
1742 4588 1808 4642 ad

244 4683 459 4750 propria
508 4683 647 4744 redi,
689 4692 747 4734 ut
802 4693 854 4735 te
884 4697 1054 4742 nunc,
1089 4691 1147 4732 ιιι
1182 4679 1356 4749 ipsum
1401 4679 1553 4744 olim,
1586 4679 1810 4747 populus

251 4774 321 4825 ttti
352 4775 788 4828 studiosissimus
822 4788 947 4826 cunt
976 4771 1175 4842 gaudio
1229 4771 1506 4840 suscipiat.
1532 4768 1650 4823 Tibi
1680 4770 1810 4823 alie-

248 4880 344 4917 nus
384 4880 413 4917 a
454 4864 564 4918 Deo
590 4865 883 4934 imperator
931 4864 1129 4916 viventi
1169 4862 1481 4917 adversatus
1528 4871 1610 4915 est
1649 4870 1700 4915 et
1760 4870 1811 4915 te

249 4956 644 5009 inconsiderate
682 4956 754 5009 ab
795 4953 1034 5009 Ecclesia
1078 4954 1282 5023 depulit
1316 4970 1329 5006 :
1365 4955 1458 5007 sed
1499 4953 1686 5023 dignas
1731 4952 1811 5004 lu-

250 5061 369 5099 rore
406 5062 507 5101 suo
547 5061 739 5115 poenas
767 5046 935 5112 dedit,
961 5046 1378 5116 miserandaque
1402 5046 1547 5098 exitu
1586 5045 1810 5112 imperio

250 5137 407 5189 simul
451 5148 505 5191 et
536 5137 641 5190 vita
673 5138 919 5204 privatus
958 5144 1062 5199 est,
1097 5136 1443 5204 audaciaeque
1495 5151 1605 5189 sua:
1633 5136 1807 5188 debita

252 5229 465 5294 prazmia
500 5227 638 5280 tulit.
674 5226 845 5281 Hodie
881 5227 1255 5296 imperatores,
1293 5225 1402 5280 Deo
1446 5234 1660 5293 propter
1692 5242 1805 5280 uto-

254 5332 365 5370 nnn
406 5319 662 5387 pietatem
713 5319 1048 5385 cltarissimi,
1079 5330 1292 5373 mortuo
1338 5317 1633 5373 Ecclesiam
1685 5321 1807 5371 red-

254 5407 405 5474 dunt,
437 5426 624 5479 quam,
657 5419 716 5463 ιιι
761 5408 855 5464 lilii
913 5424 1011 5479 per
1070 5409 1417 5480 Evattgclium
1469 5407 1667 5476 cﬂ'ecti,
1698 5423 1810 5463 me-

322 5587 386 5649 (il
416 5589 474 5640 ltt
504 5587 723 5643 Blenaais
758 5587 965 5642 Graecis
989 5585 1227 5646 additur.
1260 5586 1317 5641 S.
1345 5584 1574 5655 Sophim.

1903 506 2042 555 gain,
2080 490 2290 557 qualem
2319 489 2426 543 tuis
2460 498 2704 543 ornatam
2733 501 2784 541 et
2809 489 3178 543 cuntirmalam
3212 492 3472 547 institutis

1906 580 2195 649 reliquisti.
2228 581 2429 649 Aspice
2474 590 2528 635 et
2558 582 2677 634 vide
2703 591 3056 652 congregatos
3092 580 3252 645 illius,
3281 582 3371 651 qtti
3403 597 3471 636 ex

1905 670 2206 738 pmpinquo
2236 677 2519 731 venerunt,
2557 682 2680 721 cum
2706 668 2897 735 reliqui
2930 669 3281 735 procttltuunt
3313 668 3379 722 ad
3414 684 3473 720 sn

1909 759 2139 813 reditum
2173 768 2489 827 exspectent
2522 775 2538 812 :
2569 772 2705 827 quos
2741 766 2817 823 ιιι,
2853 758 2998 817 velut
3044 758 3338 826 orphanns,
3364 758 3472 811 noli

1904 859 1993 903 tua
2046 859 2338 903 mmrentes
2381 848 2625 902 absentia
2676 849 3003 916 relinquere.
3038 846 3241 902 Habeat
3282 849 3475 902 civitas

1908 950 1996 993 tua
2030 940 2150 995 loco
2192 941 2436 995 muneris
2477 940 2849 1009 pretiosissimi
2909 950 3053 993 tuum
3103 940 3472 993 beatissinnntt

1910 1031 2336 1094 tabernaculum,
2362 1045 2468 1100 quo
2503 1029 2670 1100 magis
2697 1044 2857 1098 quam
2885 1030 3095 1101 imperii
3127 1030 3476 1099 amplitudine

1907 1132 2098 1175 ornata
2127 1122 2396 1192 glorietur
2433 1131 2487 1174 ct
2520 1121 2772 1192 gaudeat.

1980 1256 2070 1312 16.
2108 1257 2234 1315 Βίης
2263 1272 2396 1311 voce
2421 1256 2585 1321 ﬂebili
2625 1257 2930 1327 supplicans
2954 1257 3349 1316 sacratissitntts
3381 1274 3475 1325 pa-

1909 1350 2143 1404 triarcha
2171 1349 2496 1412 Methodius,
2525 1359 2848 1406 nocturnum
2893 1348 3224 1421 psalmorum
3258 1362 3473 1402 cantum

1908 1450 1963 1494 et
2009 1439 2295 1511 mysticum
2347 1440 2673 1495 saeriilciutu
2715 1456 2838 1494 cum
2881 1440 3077 1509 populo
3127 1439 3267 1494 ﬁdeli
3307 1443 3473 1509 perti-

1908 1531 2083 1594 ciens,
2133 1529 2448 1598 praclarum
2500 1544 2531 1585 θ
2572 1529 2777 1584 tumulo
2822 1545 3017 1599 corpus
3079 1530 3297 1592 retexit,
3333 1530 3475 1599 quod

1910 1620 2246 1691 undeviginti
2282 1636 2548 1675 annorum
2595 1621 2770 1689 spatio
2798 1620 3082 1690 integrum
3120 1623 3338 1675 omnino
3379 1638 3477 1689 pu—

1910 1725 2143 1786 rumque
2171 1720 2445 1775 manserat
2474 1728 2487 1765 :
2518 1720 2572 1765 et
2596 1712 2649 1765 in
2689 1726 2812 1764 arca
2847 1711 2912 1763 ab
2950 1710 3067 1778 ipso
3121 1712 3474 1778 compositmn

1907 1815 1963 1859 et
2000 1803 2341 1858 sacerdotum
2397 1801 2644 1856 manibus
2692 1801 2989 1862 sublatum,
3024 1816 3144 1855 cunt
3184 1800 3478 1856 luminibus

1906 1905 1962 1950 et
2020 1895 2286 1964 frequenti
2337 1895 2667 1963 psalmorum
2709 1902 2871 1948 cantu
2924 1893 2977 1946 itt
3044 1894 3218 1945 navim
3268 1893 3333 1946 ad
3380 1894 3481 1949 hoc

1913 1997 2156 2056 paratam
2178 1986 2386 2040 illatum
2410 1995 2513 2040 est.
2536 1984 2642 2040 Sed
2665 2000 2787 2040 cum
2818 1984 3013 2039 fretum
3061 1983 3391 2049 traiecisset,
3426 1993 3480 2041 et

1909 2080 1977 2133 ad
2032 2077 2186 2133 urbis
2236 2078 2388 2131 littus
2448 2073 3216 2146 apprOpittqttasset,Michael
3266 2074 3481 2142 juvenis

1910 2167 2003 2223 Dei
2048 2184 2179 2223 cura
2242 2168 2561 2236 imperator,
2618 2175 2671 2219 et
2730 2165 3081 2233 amplissimis
3129 2164 3480 2232 dignitatibus

1910 2268 2228 2330 praestantes
2274 2258 2396 2325 viri,
2439 2267 2495 2312 et
2559 2256 2792 2328 patricii,
2850 2266 2903 2310 et
2934 2256 3124 2323 reliqui
3154 2256 3322 2319 cives,
3372 2255 3477 2308 ιευιι

1908 2354 2167 2421 facesque
2226 2351 2475 2406 manibus
2520 2360 2787 2414 tenentes,
2814 2349 3029 2405 obviam
3074 2359 3477 2417 processerunt,

1911 2456 1966 2499 et
2005 2459 2186 2497 arcam
2220 2443 2364 2496 illam
2398 2441 2689 2511 pretiosam
2721 2456 2844 2495 cum
2892 2439 2996 2494 ilde
3032 2456 3096 2495 at:
3134 2440 3480 2495 veneratione

1911 2534 2150 2591 humeris
2168 2534 2280 2588 suis
2309 2536 2624 2598 subeuntes,
2648 2532 2713 2586 ad
2738 2531 2981 2600 Magnam
3008 2545 3178 2600 usque
3199 2537 3479 2598 gestarunt

1912 2626 2219 2687 ecclesiam,
2250 2639 2315 2680 ex
2346 2641 2450 2694 qua
2485 2626 2575 2697 (j),
2606 2624 2879 2693 pontilicia
2906 2623 3173 2693 dignitate
3195 2622 3477 2694 spoliatus,

1909 2717 2119 2787 eiectus
2148 2717 2343 2772 fuerat.

1985 2832 2071 2885 ΓΙ.
2109 2830 2237 2890 lude
2263 2843 2499 2893 rursum,
2544 2826 2778 2889 assiduis
2837 2826 2966 2881 item
3016 2827 3226 2881 diurnis
3257 2843 3477 2882 l~OC|ltI"

1913 2924 2106 2994 nisque
2160 2922 2491 2992 Psaltnorutn
2557 2919 2808 2975 cantibus
2861 2919 3096 2974 vicissim
3155 2930 3390 2985 utentes.
3428 2930 3482 2974 et

1913 3031 2036 3071 cum
2097 3014 2243 3069 ontni
2310 3013 2572 3067 lutninunt
2614 3026 2813 3082 genere
2857 3025 2952 3080 per
3019 3012 3251 3065 mediam
3295 3011 3478 3064 urbem

1914 3194 2271 3248 collocnrunt.
2312 3190 2488 3244 'l‘anta
2515 3200 2697 3245 autem
2737 3200 2856 3243 erat
2874 3192 3250 3243 concurrentis
3295 3192 3477 3261 populi

1914 3284 2155 3337 virorum
2191 3293 2245 3337 et
2275 3282 2600 3334 feminarum
2634 3290 2795 3348 atque
2828 3290 3045 3333 aetatum
3081 3281 3322 3332 omnium
3344 3281 3483 3333 ntul-

1912 3374 2106 3438 titudo,
2138 3382 2197 3425 ιιι
2235 3371 2506 3427 numerari
2539 3388 2642 3425 tton
2697 3380 2901 3440 posset.
2951 3370 3008 3425 ltt
3042 3371 3199 3425 biviis
3240 3372 3382 3425 t-nittt
3429 3384 3483 3424 et

1914 3463 2234 3534 porticubus
2291 3463 2698 3532 premebantur,
2753 3471 2808 3517 et
2848 3462 3047 3530 ultique
3081 3478 3177 3531 per
3218 3463 3323 3515 vim
3377 3463 3481 3516 sibi

1914 3558 2119 3613 exitum
2181 3555 2447 3624 parabant
2484 3572 2501 3607 t:
2532 3554 2666 3609 adeo
2698 3563 2773 3618 ut,
2809 3554 3058 3621 quamvis
3085 3552 3265 3607 multa:
3310 3569 3478 3621 prap-

1917 3658 1999 3703 ter
2042 3647 2398 3715 imperatores
2442 3653 2496 3698 et
2558 3645 2869 3697 sacerdotes
2920 3642 3086 3696 variis
3146 3643 3484 3712 temporibus

1914 3739 2260 3793 celebritates
2290 3733 2621 3796 exstiterint,
2647 3734 2792 3789 nulla
2833 3743 3014 3789 tamen
3050 3749 3173 3788 cunt
3218 3734 3320 3788 hac
3350 3751 3483 3789 cou-

1915 3830 2044 3885 l’erri
2125 3838 2305 3898 queat.
2379 3826 2633 3882 Nonnulli
2700 3827 2865 3882 etiam
2936 3827 2989 3881 itt
3053 3826 3137 3881 via
3198 3827 3482 3896 spiritibus

1915 3917 2208 3972 immundis
2251 3918 2454 3981 vexati,
2493 3917 2617 3971 dum
2679 3917 2747 3972 ab
2796 3917 2915 3973 aliis
2961 3919 3477 3986 compritnerentur,

1916 4010 2254 4067 miserandas
2303 4022 2466 4081 atque
2531 4009 2825 4065 maledicas
2870 4025 3032 4067 voces
3078 4011 3396 4066 emittebant
3462 4031 3477 4067 :

1916 4116 2144 4169 quorum
2184 4117 2215 4154 ιι
2274 4115 2502 4156 numero
2537 4101 2763 4169 quidam
2825 4101 2893 4155 ab
2954 4103 3070 4170 ipso
3103 4104 3278 4157 curati
3331 4112 3478 4156 sunt.

1915 4190 2100 4259 Populi
2134 4190 2299 4257 igitur
2351 4190 2553 4259 impetu
2588 4190 2674 4243 vix
2715 4188 2939 4249 evitato,
2994 4199 3239 4242 sanctum
3291 4188 3478 4242 eximii

1914 4282 2241 4351 patriarcha:
2307 4296 2505 4351 corpus
2574 4281 2628 4334 in
2693 4280 3048 4334 celeberrimo
3100 4279 3479 4348 Apostolorum

1921 4373 2139 4442 templo,
2164 4374 2335 4428 sacris
2374 4371 2645 4443 mysteriis
2694 4370 2803 4425 Deo
2836 4370 3093 4439 peractis,
3127 4370 3179 4424 itt
3232 4370 3481 4438 sepulcro

1920 4480 2112 4521 recens
2133 4472 2445 4520 constructo
2473 4464 2722 4517 manibus
2770 4461 2942 4532 ipsius
2968 4461 3223 4517 Methodii
3253 4477 3476 4531 compo-

1918 4557 2079 4611 situm
2107 4565 2214 4619 est,
2237 4556 2395 4611 tertio
2433 4553 2559 4609 ldus
2583 4553 2759 4609 Martii
2793 4550 3013 4624 (k),qtto
3049 4552 3264 4622 quidem
3294 4553 3379 4606 die
3426 4554 3480 4607 itt

1917 4647 2170 4702 exsilium
2201 4647 2362 4699 etiam
2394 4644 2599 4714 eiectus
2628 4644 3147 4713 iuerat,ututraque
3182 4658 3241 4700 re
3266 4645 3337 4700 sit
3367 4661 3476 4700 tuc-

1918 4738 2215 4793 morabilis.

1994 4868 2078 4922 l8.
2103 4865 2213 4922 Nos
2269 4873 2473 4931 autem,
2520 4881 2553 4920 ο
2604 4864 2826 4919 Patrum
2885 4863 3251 4930 sanctissime,
3309 4881 3343 4919 ο
3392 4880 3481 4919 sa-

1917 4974 2133 5012 crorum
2181 4974 2490 5028 przeconum
2535 4958 2734 5021 decus,
2771 4956 2861 5025 qui
2894 4955 3037 5026 digiti
3078 4956 3205 5011 facti
3261 4971 3479 5019 smnus,

1921 5060 1977 5101 ut
2030 5059 2081 5102 te
2122 5059 2177 5102 et
2235 5057 2548 5105 terrestrem
2603 5048 2929 5103 haberemus
2980 5048 3152 5102 civcnt
3210 5056 3263 5101 et
3322 5047 3482 5100 cwle-

1917 5148 2054 5194 stem
2115 5140 2254 5207 apud
2297 5138 2469 5193 Deum
2520 5140 2959 5204 intercessorem,
2997 5138 3063 5193 ad
3114 5155 3294 5193 arcam
3336 5147 3480 5191 luant

1915 5241 2036 5279 cum
2069 5226 2340 5281 desiderio
2380 5226 2707 5292 accedimus,
2749 5242 2980 5296 eamque
3019 5243 3142 5281 cum
3201 5225 3347 5279 omni
3394 5238 3481 5275 vc-

1915 5317 2197 5372 neratione
2250 5317 2694 5387 complectentes,
2748 5321 2847 5374 itas
2893 5320 2985 5373 tini
3038 5332 3197 5370 voces
3247 5313 3478 5368 eli'uttdi-

1916 5424 2036 5464 ntus
2073 5425 2085 5462 :
2117 5407 2163 5464 Ο
2191 5409 2501 5465 sublimium
2524 5422 2579 5466 et
2613 5427 2938 5467 arcanorum
2961 5409 3338 5481 mysteriorum
3372 5405 3483 5461 ins-

415 5630 671 5715 Additur~
692 5630 983 5713 ἧιῖεἰειίέιιι
1043 5630 1299 5713 Menaeis:
1350 5674 1368 5709 t
1416 5630 1918 5721 ubigtttttivcrsaria
1952 5652 2069 5724 eius
2100 5655 2361 5712 memoria
2399 5655 2699 5726 peragitur.
2736 5670 2759 5706 ο
