3938 6220
407 282 506 346 167

1395 278 1457 337 S.
1496 273 1920 336 NICEPHORI
1959 270 2482 334 ΡΑΤΒΙΑΒΕΗᾹΞ.
2520 269 2625 332 CP.

3548 262 3651 327 16.8

408 401 594 462 pector
627 398 680 443 et
737 386 1170 456 contemplator;
1226 399 1260 439 o
1291 383 1460 440 divini
1505 393 1766 450 aspectus
1817 391 1976 448 alque
2006 385 2052 440 Α
2082 389 2190 434 tem
2220 375 2691 461 institutapvariis
2719 373 2945 430 inlibris
2993 389 3021 426 a
3069 381 3122 427 te
3180 371 3371 428 relicta
3418 371 3651 443 perlegi-

407 477 713 550 splendoris
744 475 914 545 gloria
939 477 1157 530 abunde
1198 483 1418 543 propter
1451 473 1648 527 mentis
1681 471 1977 540 puritatem

411 567 706 634 illustrate;
733 583 768 620 ο
792 566 1234 635 patriarcharum
1259 575 1422 634 atque
1445 563 1756 632 pontiﬁcum
1798 563 1977 616 socie.-

410 657 535 712 tatis
597 653 886 724 particeps.
913 653 1020 722 qui,
1059 661 1114 710 et
1165 652 1379 708 nomine
1415 660 1470 706 et
1527 665 1592 706 re
1647 648 1808 704 simul
1851 665 1975 706 cum

408 743 518 797 illis
544 742 792 796 victoria:
821 739 1094 809 prmconia
1127 748 1183 794 et
1209 739 1456 809 prmuia,
1483 741 1742 794 aerumnis
1771 747 1826 794 et
1877 753 1970 807 pe-

409 831 598 886 riculis
620 827 916 897 superatis,
958 827 1252 896 percepisti
1283 841 1300 882 :
1327 826 1544 896 suscipe
1577 827 1804 898 benigne
1857 827 1973 882 sin-

407 925 516 980 ceri
539 923 719 978 cordis
747 936 875 992 erga
928 929 983 976 te
1040 921 1198 975 ﬁdem
1225 930 1281 976 et
1305 918 1670 984 affectionem,
1703 916 1974 972 vicissim-

407 1029 512 1083 que
539 1023 783 1082 tuaspro
811 1011 971 1068 nobis
997 1009 1087 1067 ad.
1123 1011 1290 1068 Deum
1318 1025 1484 1080 puras
1515 1017 1800 1077 castasque
1841 1021 1973 1076 pre-

407 1119 497 1158 ces
521 1105 720 1158 exhibe
769 1120 784 1157 :
825 1111 884 1157 ut
941 1100 1188 1156 Ecclesia
1239 1109 1434 1156 sancta
1482 1099 1535 1153 in
1585 1096 1976 1168 tranquillitate

405 1205 675 1260 versetur,
705 1206 760 1249 et
789 1193 1154 1262 ﬁdesintegra
1182 1191 1542 1248 custodiatur.
1570 1189 1625 1244 In
1649 1196 1974 1258 perpetuum

387 1285 564 1356 [nobis
609 1285 779 1341 Deum
815 1284 1112 1356 propitium
1155 1281 1346 1349 redde,
1376 1290 1431 1338 et
1465 1295 1584 1345 nos,
1631 1279 1724 1351 qui
1778 1280 1976 1350 jucun-

407 1375 630 1434 dissima
667 1386 753 1433 tua
789 1382 1166 1444 monumenta,
1197 1375 1290 1445 qui
1337 1372 1700 1445 pulcherrima
1737 1370 1980 1446 ad‘salu-

2081 482 2228 532 mus,
2264 465 2324 521 in
2369 455 2514 523 recta
2551 465 2863 536 dogtnntum
2905 461 3370 539 doctritta‘lirmos
3403 463 3650 518 immobi-

2081 555 2270 624 lesque
2309 568 2603 630 conserva_
2633 565 2687 608 et
2733 553 2786 606 in
2815 551 2962 607 omni
3023 561 3331 622 temporum
3383 552 3650 609 varietate

2078 656 2436 703 constantes:
2483 647 2544 699 tit
2583 659 2802 700 omnem
2859 643 3123 712 reliquam
3175 645 3342 696 vitam
3402 644 3653 714 exemplo

2080 749 2174 794 tuo
2199 749 2388 794 sancte
2417 777 2422 782 ρ
2449 736 2838 806 trausigamus,
2895 745 2954 790 ut
2994 736 3106 792 Deo
3163 719 3316 806 citari
3374 735 3567 802 simus,
3596 745 3654 792 et

2079 829 2376 900 quaajustis
2403 829 2668 898 promissa
2699 836 2852 890 sunt,
2873 827 3011 882 bona
3034 841 3464 895 consequamur,
3509 827 3653 884 illius

2081 919 2459 975 misericordia
2510 934 2578 976 ac
2628 933 2875 982 munere,
2920 917 3012 990 qui
3067 928 3291 988 propter
3337 933 3436 972 nos
3485 919 3652 975 homo

2083 1011 2226 1076 ﬁeri,
2254 1020 2310 1066 et
2335 1025 2502 1066 carne
2549 1008 2774 1066 indutus
2805 1009 2978 1064 videri
3023 1025 3130 1063 non
3171 1017 3256 1064 est
3311 1009 3650 1080 dedignatus,

2081 1101 2328 1163 Christus
2357 1102 2497 1156 Deus
2531 1111 2718 1156 noster
2746 1118 2783 1168 ε,
2810 1101 2904 1170 qui
2940 1100 3206 1157 colendus
3244 1109 3302 1155 et
3341 1101 3652 1156 adorandus

2079 1202 2167 1248 est
2191 1209 2315 1264 cum
2346 1192 2530 1260 Patre,
2558 1193 2651 1262 qui
2683 1201 2774 1266 est
2814 1202 2942 1248 ante
2985 1191 3334 1262 principium,
3365 1200 3422 1258 et
3467 1192 3652 1248 divino

2082 1279 2316 1352 Spiritu,
2341 1281 2434 1350 qui
2455 1281 2813 1352 estejusdem
2837 1295 2962 1337 cum
2997 1281 3109 1338 illis
3135 1281 3408 1352 essentia,
3433 1291 3652 1337 auctor-

2083 1388 2189 1448 que
2225 1372 2352 1432 vitte
2387 1374 2438 1429 in
2474 1371 2670 1432 saecula
2696 1373 3037 1432 saeculorum.
3065 1369 3260 1430 Amen.
3519 1357 3530 1365 ’
