3952 6202
413 311 516 378 183

419 522 488 575 ab
513 521 760 575 omnibus
789 519 1198 589 aspectabilibns
1227 514 1796 586 inaspectabilibusque
1822 525 1971 564 crea-

417 593 564 664 turis.
583 608 782 662 cultam
808 615 864 660 et
887 607 1183 660 adoratam.
1697 603 1701 606 ’

465 699 674 782 ‘Trium
705 706 882 752 autem
919 698 1274 765 bypostaseon
1295 708 1429 762 quas
1460 692 1515 746 in
1556 689 1819 744 Trinitate
1850 700 1978 740 con-

415 777 738 850 sideramus,
771 785 874 838 alia
901 790 983 837 est
1013 783 1192 846 Pater,
1229 781 1491 851 principio
1523 793 1734 842 carens,
1779 777 1976 830 nullam

412 861 531 932 suae
555 875 852 930 existentiae
879 887 1097 927 causam
1127 871 1359 934 habens,
1392 883 1565 937 neque
1594 868 1737 922 enim
1767 864 1980 919 aliunde

415 974 520 1030 est,
550 965 642 1019 sed
669 979 698 1017 a
729 963 925 1032 seipse,
957 971 1008 1016 et
1045 962 1098 1014 in
1137 961 1311 1028 seipso
1341 959 1504 1013 habet
1539 972 1677 1012 esse.
1717 955 1832 1008 Alia
1862 971 1982 1009 rur-

414 1053 679 1110 sumestF
685 1053 826 1117 ilius,
853 1053 942 1121 qui
971 1051 1218 1120 principii
1245 1063 1574 1118 expersnon
1597 1055 1699 1110 est,
1729 1059 1794 1099 ex
1823 1043 1984 1097 Patre

415 1144 560 1199 enim
593 1154 676 1198 est
713 1161 726 1196 :
770 1143 928 1196 Pater
966 1155 1196 1209 namque
1239 1137 1358 1193 Filii
1395 1137 1721 1208 principium
1749 1142 1803 1187 et
1833 1133 1981 1200 origo

413 1234 632 1298 existit;
662 1233 806 1302 quod
841 1232 884 1286 si
917 1231 1171 1299 temporis
1212 1229 1418 1282 initium
1447 1234 1688 1296 spectes,
1718 1238 1869 1293 atque
1894 1221 1984 1274 Fi-

393 1304 520 1377 .lius
549 1323 811 1392 principio
843 1330 992 1375 caret
1028 1335 1091 1373 ac
1138 1319 1298 1388 Pater
1331 1337 1342 1370 :
1377 1323 1460 1371 est
1493 1317 1638 1369 enim
1680 1323 1980 1382 temporum

415 1411 682 1476 conditor,
714 1427 819 1464 non
851 1408 1122 1476 subjectus
1141 1407 1369 1476 tempori
1395 1423 1409 1470 ;
1443 1403 1780 1475 inseparabili
1805 1409 1984 1455 autem

414 1509 724 1569 aeternaque
777 1499 1121 1570 generatione
1170 1511 1236 1550 ex
1286 1497 1448 1550 Patre
1492 1497 1688 1560 elucet,
1731 1503 1985 1562 tanquam

415 1588 600 1660 gloria:
638 1587 780 1642 illius
827 1586 1076 1657 splendor
1119 1594 1464 1655 pateramque
1499 1573 1812 1658 substantiaé
1859 1581 1987 1634 cha-

413 1687 616 1735 racter.
650 1670 772 1731 Alia
822 1678 1034 1731 tandem
1067 1684 1149 1731 est
1191 1676 1422 1744 Spiritus
1455 1683 1697 1738 sanctus,
1726 1687 1792 1725 ex
1828 1671 1987 1725 Patre

1395 295 1457 360 S.
1495 291 1916 359 NICEPHORI
1954 294 2464 356 PATRIARCHA".
2495 295 2616 356 (ΣΡ.

416 433 539 504 pari
567 432 830 502 potentia,
854 430 1042 501 :eqnali
1082 431 1230 501 regni
1266 426 1545 496 majestate
1582 424 1931 495 gloriﬁcatam
1958 437 1972 483 ;
2003 422 2054 480 Α
2431 432 2434 436 '

3527 288 3628 352 ιω

2144 688 2252 734 Τῶν
2289 681 2340 734 ἐν
2374 677 2553 752 Τριάδι
2585 682 2950 753 θεωρουμένων,
2988 683 3045 734 τὸ
3080 682 3170 750 μὲν
3197 687 3367 756 Πατὴρ
3398 679 3636 754 ἄναρχος

2077 772 2160 824 καί
2201 771 2432 828 ἀναιτίως
2470 770 2744 842 ὑπάρχων
2769 771 2830 822 οὐ
2857 771 2954 841 γὰρ
2993 765 3051 822 ἔτι
3071 790 3225 834 τινος,
3254 773 3304 824 ἐν
3331 772 3496 846 ἑαυτῷ
3533 777 3636 849 γὰρ

2076 862 2136 915 τὸ
2184 859 2306 917 εἶναι
2351 861 2508 932 ἔχων.
2544 866 2614 916 Τὸ
2655 860 2708 916 δέ
2756 863 2871 920 Υἱὸς
2923 865 3005 915 καί
3047 864 3130 916 οὐκ
3174 861 3423 939 ἄναρχος,
3453 868 3507 919 ἐκ
3544 873 3638 922 τοῦ

2078 951 2270 1025 Πατρὸς
2311 953 2430 1022 γὰρ,
2471 953 2614 1025 ἀρχὴ
2653 953 2754 1025 γὰρ
2799 951 2912 1005 Υίοῦ
2954 955 3142 1025 Πατὴρ,
3186 955 3252 1012 ὡς
3291 947 3466 1008 αἴτιον·
3498 957 3542 1008 εί
3587 955 3642 1010 δέ

2079 1047 2169 1100 τήν
2213 1043 2316 1096 ἀπὸ
2359 1042 2551 1114 χρόνου
2592 1042 2860 1111 λαμϐάνοις
2893 1041 3082 1115 ἀρχὴν,
3107 1045 3190 1096 καί
3225 1039 3468 1117 ἄναρχος·
3498 1065 3644 1104 "om-

2081 1136 2172 1190 τὴς
2213 1135 2312 1206 γὰρ
2364 1132 2561 1204 χρόνων
2623 1134 2729 1201 οὐχ
2779 1133 2880 1186 ὑπὸ
2945 1132 3169 1202 χρόνον·
3217 1142 3463 1206 γεννητῶς
3519 1138 3642 1206 μιν,

2083 1221 2256 1282 ἀιδίως
2317 1220 2371 1276 δὲ
2421 1225 2502 1275 καί
2551 1221 2868 1282 ἀδιαστάτως
2925 1223 3185 1293 ὶιιὶὸιμῷας
3235 1232 3306 1294 τῷ
3359 1230 3531 1299 Πατρί,
3579 1229 3646 1287 ὡς

2085 1315 2405 1384 ἀπαύγασμα
2433 1310 2791 1385 [ἀπαύγασμα]
2835 1323 2926 1374 τῆς·
2970 1312 3113 1379 δόξης
3156 1318 3354 1378 καὶτῆς
3400 1328 3648 1392 πατρικῆς

2087 1407 2359 1477 χαρακτήρ
2405 1402 2754 1462 ὑποστάσεως.
2815 1405 2881 1457 Τὸ
2934 1402 2988 1457 δέ
3037 1411 3232 1475 Πνεῦμα
3269 1405 3414 1476 ἅγιον
3457 1407 3510 1460 ἐκ
3557 1413 3648 1462 τοῦ

2086 1491 2277 1566 Πατρὸς
2305 1496 2393 1548 τήν
2442 1489 2654 1564 ὕπαρξιν
2686 1486 2834 1561 ἕχον,
2867 1493 2924 1544 οὗ
2951 1501 3194 1562 γεννητῶς
3221 1497 3332 1566 μὲν,
3372 1491 3475 1549 ἀλλ’
3495 1496 3650 1560 ἦκτο·

2086 1585 2300 1652 ρευτῶς,
2347 1577 2520 1638 ἀῖδίως
2557 1582 2714 1651 Πατρί
2767 1582 2847 1633 καί
2893 1581 2994 1652 Υίῷ
3045 1585 3491 1652 συνθεωρούμενον,
3559 1585 3651 1648 οὐκ

2091 1666 2318 1744 ἄναρχον
2349 1672 2440 1740 μὲν
2481 1668 2566 1724 διὰ
2606 1676 2696 1727 τήν
2743 1670 2797 1722 ἐκ
2829 1676 2919 1724 τοῦ
2949 1675 3140 1746 Πατρὸς
3164 1675 3476 1745 ἕκπὸρευσιψ
3505 1677 3650 1750 ἀρχή

415 1761 832 1834 nonriativitate,
871 1769 962 1823 sed
1002 1768 1346 1838 processione
1369 1765 1724 1820 substantiam
1761 1763 1983 1823 habens,

2100 1765 2188 1834 γὰρ
2233 1765 2313 1816 καί
2347 1763 2500 1817 αὑτοῦ
2539 1761 2564 1816 ὁ
2614 1767 2780 1836 Πατὴρ
2825 1765 2962 1818 κατά
3009 1765 3091 1820 τὸν
3140 1773 3229 1821 τοῦ
3269 1767 3436 1823 αἰτίου
3481 1768 3652 1840 λόγον,

417 1865 770 1932 eamdemque
794 1878 915 1920 cum
936 1852 1096 1916 Patre
1123 1869 1176 1916 et
1193 1861 1329 1916 Filio
1349 1862 1705 1916 aeternitatem
1733 1858 1986 1922 sortitus;

416 1961 653 2008 aeternus
677 1952 910 2021 quidem,
931 1967 1038 2006 non
1070 1958 1246 2005 tamen
1272 1951 1473 2020 absque
1501 1949 1788 2020 principio,
1815 1956 1875 2002 ut
1893 1937 1991 2018 qui

419 2055 452 2094 ιι
481 2039 642 2094 Patre
674 2039 929 2108 procedat
963 2053 977 2092 :
1025 2047 1108 2093 est
1138 2039 1280 2094 enim
1320 2038 1480 2092 Pater
1524 2037 1734 2092 ratione
1766 2037 1990 2107 originis

417 2141 477 2188 et
525 2132 666 2188 illius
711 2147 922 2200 quoque
986 2131 1306 2199 principium
1359 2145 1374 2184 :
1421 2145 1606 2186 verum
1666 2129 1732 2183 ad
1785 2133 1994 2198 tempus

418 2221 566 2292 quod
601 2221 813 2283 attinet,
839 2227 892 2274 et
918 2219 1033 2288 ipse
1059 2233 1272 2286 quoque
1296 2209 1545 2287 principii
1576 2231 1770 2286 expers
1791 2225 1896 2271 est.

496 2309 648 2366 Unus
675 2307 838 2377 igitur
861 2315 944 2362 est
981 2307 1122 2364 Deus
1145 2305 1307 2361 Pater
1331 2322 1396 2360 ex
1421 2321 1528 2375 quo
1549 2306 1749 2372 omnia,
1780 2313 1836 2359 et
1855 2322 1993 2380 unus

417 2398 682 2454 Dominus
730 2396 887 2452 Jcsus
917 2395 1165 2451 Christus
1195 2411 1290 2464 per
1332 2411 1489 2464 quem
1522 2396 1732 2458 omnia,
1774 2404 1828 2449 et
1855 2412 1993 2450 unus

422 2485 660 2557 Spiritus
693 2471 914 2541 sanctus
939 2485 994 2540 in
1023 2500 1183 2554 quem
1211 2485 1412 2539 omnia.
1442 2485 1522 2538 Ex
1554 2485 1640 2540 his
1666 2485 1844 2539 tribus
1870 2501 1993 2554 per-

418 2575 580 2632 fectis
614 2592 720 2631 una
758 2575 1179 2647 perfectissima,
1222 2576 1330 2631 imo
1361 2576 1651 2631 secundum
1683 2593 1742 2631 se
1779 2577 1995 2632 absolu-

418 2665 627 2722 tissima
643 2671 855 2722 constat
880 2665 1073 2734 deitas;
1087 2665 1505 2740 proprietatibus
1526 2680 1657 2720 sane
1671 2665 1994 2720 distinctivis

421 2770 488 2812 ac
530 2756 902 2829 personalibps
930 2755 1247 2826 hypostases
1289 2755 1430 2809 inter
1462 2769 1520 2809 se
1559 2763 1682 2810 sunt
1729 2755 1994 2810 distinctae

423 2838 697 2916 (quaelibet
725 2858 955 2912 namque
983 2857 1368 2911 personarum,
1398 2845 1558 2897 etiam
1592 2844 1635 2897 si
1665 2853 1886 2914 propter
1909 2860 1994 2900 es-

421 2934 612 2990 sentia:
639 2931 1068 3000 conjunctionem
1116 2932 1183 2984 ab
1219 2931 1388 2986 altera
1417 2932 1622 2986 secerni
1664 2949 1770 2988 non
1808 2942 1991 3003 queat,

419 3017 751 3092 proprietate
786 3027 967 3074 tamen
1001 3019 1605 3090 personali'mentisque
1640 3031 1896 3092 conceptu
1927 3023 1994 3077 ab

423 3111 598 3165 altera
625 3109 995 3180 distinguitur,
1024 3109 1272 3179 Deusque
1311 3111 1600 3180 perfectus,
1630 3111 1734 3180 hoc
1762 3122 1845 3168 est
1873 3129 1992 3168 om-

421 3201 584 3256 nibus
613 3179 830 3255 deitatis
855 3200 1275 3269 proprietatibus
1299 3179 1486 3260 ornata
1519 3179 1909 3257 essexnoscitur
1943 3212 1996 3258 et

376 3350 389 3362 ,
423 3291 710 3361 creditur),
735 3297 791 3344 at
832 3306 999 3345 unum
1027 3285 1242 3348 interim
1291 3292 1568 3356 diyinitate
1617 3299 1742 3345 sunt
1786 3307 1994 3346 omnes.

422 3379 633 3437 Rursus
656 3381 782 3436 licet
805 3380 963 3436 simul
991 3379 1293 3450 conjunctae
1324 3390 1434 3437 tres
1463 3382 1590 3446 sint,
1633 3398 1770 3436 unus
1801 3383 1996 3437 nihilo-

422 3472 605 3528 minus
652 3472 906 3526 adoratur
954 3471 1096 3528 Deus
1135 3487 1150 3525 :
1203 3471 1410 3526 obtinet
1460 3472 1550 3526 hic
1590 3471 1735 3526 cnim
1783 3472 2000 3526 trinitas

423 3561 720 3618 secundum
752 3560 1108 3614 substantiam
1132 3601 1146 3624 ,
1190 3561 1368 3615 unitas
1396 3561 1558 3614 etiam
1593 3561 1886 3615 secundum
1915 3576 2001 3616 es-

421 3645 688 3717 sentiam;
730 3659 890 3720 atque
916 3650 990 3704 ita
1024 3657 1210 3704 contra
1248 3650 1492 3704 insanam
1528 3649 1999 3718 inordinatamque

424 3739 704 3810 paganica:
754 3739 986 3792 vesania:
1036 3737 1474 3807 confusionisque
1524 3737 1840 3804 seditionem
1896 3754 2001 3792 non

426 3826 741 3896 polyarchia
775 3842 805 3880 a
842 3826 995 3881 nobis
1039 3827 1252 3891 colitur,
1290 3829 1384 3882 sed
1421 3829 1763 3894 monarchia;
1791 3837 2005 3882 monar—

429 3915 556 3969 cbia
605 3923 782 3968 autem
828 3931 933 3969 non
977 3915 1136 3970 unius
1189 3931 1433 3984 persona:
1485 3915 1910 3986 circumscriptio
1981 3957 1998 3983 ,

429 4018 501 4059 ne
544 4001 780 4058 Iudaicae
834 3991 1113 4058 tenuitatis
1158 4003 1500 4074 infamiaeque
1548 4003 2004 4074 imperlectionem

428 4093 827 4163 ruditatemque
855 4092 1200 4159 inducamus,
1239 4093 1332 4148 sed
1371 4108 1529 4162 quam
1561 4105 1768 4148 natura:
1789 4095 2006 4164 aequali-

429 4170 850 4251 tas,~sententias
876 4184 1184 4251 concordia,
1234 4184 1488 4239 motionis
1525 4185 1797 4251 identitas,
1839 4187 2008 4242 idem-

431 4287 540 4345 que
567 4275 896 4345 singulorum
919 4284 1080 4331 nutus
1106 4276 1172 4330 ad
1194 4291 1357 4330 unum
1381 4276 1638 4331 declarat.
1667 4277 1780 4333 Hoc
1803 4287 2003 4344 autem,

2093 1850 2320 1926 ἄναρχον
2345 1851 2399 1908 δέ
2428 1856 2514 1910 καί
2537 1853 2808 1918 αὐτὸ,κατά
2831 1855 3040 1926 χρόνον.

2420 2178 2443 2196 l

2162 2295 2222 2352 Er
2304 2293 2331 2315 φ
2467 2297 2478 2312 1
2543 2297 2558 2315 ο
2711 2301 2722 2318 ν
2797 2298 2839 2316 1⁸0
2903 2295 2928 2313 Ὗ
3011 2298 3022 2310 ⁸
3111 2298 3124 2314 1
3347 2301 3358 2319 ι
3537 2301 3552 2318 Ι
3643 2319 3668 2330 -

2201 2319 2244 2358 ις
2275 2319 2368 2353 ουν
2394 2306 2516 2358 Θεος
2536 2319 2562 2352 ο
2590 2307 2756 2374 Πατηρ
2791 2319 2837 2361 ες
2869 2319 2926 2351 ου
2967 2319 3031 2353 τα
3058 2317 3246 2362 παντα,
3275 2319 3361 2352 και
3388 2295 3460 2358 εἷς
3490 2315 3658 2374 nupta.

2092 2390 2289 2449 Ἰησοῦς
2318 2392 2536 2463 Χριστὸς
2563 2388 2629 2444 δι’
2645 2386 2704 2442 οὗ
2741 2391 2806 2444 τὰ
2848 2387 3036 2456 πάντα,
3068 2391 3153 2442 καί
3197 2387 3248 2442 ἓν
3288 2396 3488 2458 Πνεῦμα
3527 2392 3668 2466 ἅγιον

2093 2481 2146 2534 ἰν
2166 2478 2204 2553 ᾧ
2241 2483 2305 2534 τὰ
2336 2483 2522 2536 πάντα.
2557 2480 2646 2534 Ἐκ
2681 2487 2781 2535 τῶν
2809 2473 2959 2552 τριών
2993 2480 3186 2535 τελείων
3209 2476 3262 2534 ἓν
3285 2482 3560 2557 ὐπερτελές
3583 2495 3665 2541 καί

2093 2571 2377 2644 προτέλειον
2462 2572 2635 2630 θεὸτης
2654 2587 2667 2599 ⁶
2707 2577 2814 2630 τοῖς
2854 2573 2942 2640 μὲν
2964 2573 3306 2644 ἀφοριστικοῐς
3341 2575 3425 2626 καί
3451 2595 3666 2649 προσω-

2094 2668 2262 2719 πικοῖς
2309 2657 2548 2730 ἰδιώμασι
2582 2662 2660 2712 καί
2693 2659 2917 2720 ἁὶλήλοις
2945 2658 3239 2732 διαφέροντα
3263 2675 3278 2691 ⁸
3314 2662 3526 2716 ἕκαστον
3565 2667 3667 2736 γὰρ

2093 2747 2306 2815 τούτων,
2319 2755 2416 2804 τῶν
2444 2749 2593 2820 φύσει
2615 2748 2928 2821 ἀχωρίστων
2951 2745 3032 2802 διὰ
3049 2749 3105 2802 τὸ
3127 2749 3341 2821 συναφὲς
3360 2756 3448 2807 τῆς
3467 2752 3669 2816 οὐσίας,

2091 2841 2239 2901 ἡνίκα
2280 2847 2390 2900 ταῖς
2419 2845 2511 2894 τοῦ
2540 2845 2627 2893 νοῦ
2669 2839 2922 2898 ἕπιϐολαῖς
2952 2840 3236 2912 μιρῖζέται,
3257 2841 3380 2899 Θεὸς
3414 2841 3668 2915 ὁμολογεῖ-

2095 2947 2181 2983 ται
2226 2925 2516 3004 παρ’ἠμῶν,
2571 2930 2654 2982 καί
2699 2927 3018 2993 πιστεύεται,
3070 2931 3272 2984 πάντων
3319 2931 3668 3004 πὶηρίστατον

2095 3022 2341 3092 ὑπάρχον
2384 3027 2482 3076 τῶν
2529 3029 2620 3081 τῆς
2667 3020 2899 3080 θεότητος
2951 3019 3251 3091 ἰδιωμάτων.
3309 3023 3396 3075 Καὶ
3445 3025 3510 3076 τὰ
3551 3025 3669 3096 τρία

2111 3073 2285 3092 qm”.
2396 3073 2429 3076 ν
2542 3073 2614 3081 η,
2981 3073 3013 3074 ,,
3060 3073 3072 3091 ⁸
3175 3073 3180 3074 ,
3348 3073 3374 3075 η
3561 3073 3668 3096 ,πη

2022 3073 2066 3134 C
2100 3113 2323 3172 ἀλλήλοις
2370 3113 2747 3182 συναπτόμενα,
2772 3105 2842 3170 εἷς
2887 3111 3007 3170 Θεὸς
3055 3110 3176 3183 παρ’
3216 3113 3327 3182 ἡμῖν
3355 3119 3668 3180 προσκυνεῖ-

2100 3221 2201 3266 ται,
2243 3198 2513 3274 τριαδικῶς
2545 3201 2632 3269 μὶν
2662 3195 2795 3254 κατᾶ
2825 3205 2916 3258 τήν
2953 3201 3261 3265 ὑπόστασιν,
3306 3199 3580 3270 μοναδικῶς
3610 3201 3671 3256 δέ

2099 3290 2232 3344 κατά
2288 3293 2379 3348 τήν
2423 3287 2620 3356 οὓσίαν,
2664 3293 2750 3343 καί
2799 3291 3065 3363 μοναρχία
3111 3289 3234 3363 παρ’
3261 3291 3378 3358 ἡμῖν
3414 3291 3468 3344 τὸ
3504 3294 3669 3362 τιμώ-

2099 3403 2277 3455 μενον,
2343 3383 2400 3435 οὗ
2465 3383 2760 3455 πολυαρχία
2804 3379 2887 3436 διὰ
2935 3381 2992 3436 τὸ
3041 3377 3254 3436 ἄτακτον
3307 3385 3388 3434 καί
3448 3389 3675 3437 στασιῶ-

2101 3473 2184 3534 δες
2214 3481 2304 3533 τῆς
2333 3470 2612 3532 Ἑλληνικῆς
2662 3473 3022 3546 ἐμϐροντησίας
3055 3475 3138 3526 καί
3183 3475 3526 3544 συγχύσεως·
3573 3493 3674 3545 μο-

2099 3569 2298 3640 ναρχία
2346 3563 2422 3631 δὲ,
2459 3567 2564 3635 οὐχ
2610 3567 2640 3622 ἡ
2679 3567 2783 3623 ἑνὸς
2836 3567 3114 3638 προσώπου
3165 3571 3449 3638 περιγραφή
3499 3563 3576 3635 [ἦν
3617 3569 3677 3621 ἐν

2103 3657 2392 3726 πρυσώπῳν
2427 3651 2752 3729 περιγραφῇ,
2784 3651 2869 3709 διὰ
2905 3653 2964 3708 τὸ
3012 3653 3182 3712 ἁτελίς
3228 3657 3312 3706 καί
3340 3653 3672 3724 στοιχειῶδες

2102 3755 2192 3806 τῆς
2241 3744 2729 3810 Ἰονδαῖκῆθπενίᾶε
2775 3749 2856 3800 καὶ
2905 3745 3220 3808 νηπιότητος.
3262 3746 3445 3804 aras
3475 3752 3679 3819 φύσεως

2105 3835 2362 3904 ὁμοτιμία,
2390 3839 2472 3890 καί
2505 3839 2703 3906 γνώμης
2730 3837 3004 3908 σύμπνοια,
3040 3839 3124 3890 καί
3157 3836 3404 3894 ταυτότης·
3434 3843 3681 3897 κινήσεως

2105 3923 2372 3992 δείκνυσιν,
2397 3927 2477 3979 καί
2523 3927 2654 3998 πρὸς
2697 3927 2755 3980 τὸ
2801 3923 2852 3980 ἓν
2897 3928 2928 3984 ἡ
2970 3933 3068 3980 τῶν
3110 3927 3158 3990 ἐξ
3189 3929 3347 3980 αὑτοῦ
3373 3927 3675 3990 σύννευσις,

2110 4014 2236 4090 ὅπερ
2290 4018 2372 4070 ἐπί
2401 4023 2491 4076 τῆς
2535 4024 2770 4086 γεννητῆς
2814 4015 3013 4088 φύσεως
3041 4018 3340 4086 ἀμήχανον,
3401 4016 3431 4092 ᾖ
3473 4039 3622 4088 φησιν
3647 4020 3678 4072 ὁ

2106 4108 2262 4178 μέγας
2301 4108 2350 4160 ἓν
2401 4107 2647 4176 θεολόγοις
2683 4107 2974 4180 Γρηγὸριος,
3002 4109 3085 4160 καί
3107 4105 3248 4162 οὐδὲν
3275 4109 3332 4163 τὸ
3359 4109 3682 4178 συνημμένον

2108 4199 2189 4250 καί
2213 4197 2454 4268 ισυμφυὶς
2482 4205 2572 4260 τῆς
2619 4197 2670 4249 ἐν
2704 4185 3241 4272 τριάδιθεωρουμένης
3286 4197 3519 4258 Θεὸτητος
3563 4195 3685 4253 δια-ο

2107 4287 2356 4358 τέμνεται.
2388 4284 2776 4358 ’Λλλοτριούσθω
2817 4287 2917 4357 γὰρ
2948 4287 3107 4354 ἡμῶν,
3137 4288 3222 4339 καί
3259 4288 3621 4356 ἆποτεμνίσθω
3643 4290 3677 4345 ἦ

433 4365 736 4422 secundum
777 4380 1050 4418 summum
1081 4365 1230 4418 illum
1256 4365 1559 4445 theologum
1585 4365 1920 4435 Gregorium,
1951 4369 1996 4427 in

2109 4380 2197 4430 τοῦ
2221 4371 2503 4444 μανιώδους
2528 4378 2716 4447 ’Δρείου
2747 4373 3010 4439 κακοδοξία
3039 4377 3127 4428 καί
3167 4375 3358 4429 λύσσα·
3390 4375 3684 4452 ἀδιαίρετος

435 4455 726 4527 generabili
763 4463 956 4509 natura
1001 4455 1176 4509 locum
1210 4456 1410 4511 habere
1441 4473 1545 4512 non
1571 4466 1747 4528 potest
1775 4477 1788 4513 :
1825 4460 2016 4516 unitas

434 4545 580 4598 enim
607 4554 662 4599 et
681 4545 930 4614 cognatio
956 4545 1169 4600 deitatis
1192 4545 1244 4600 in
1271 4545 1510 4602 trinitate
1531 4549 1884 4604 considerata:
1911 4563 2006 4604 ne-

434 4650 707 4706 quaquam
739 4635 1076 4701 distrahitur,
1124 4644 1218 4690 aut
1267 4636 1321 4690 in
1352 4646 1535 4708 partes
1571 4647 1809 4703 secatur,
1847 4645 1904 4692 ut
1941 4638 2008 4694 ﬁt

434 4723 494 4778 in
515 4726 675 4779 rebus
703 4727 919 4790 creatis,
949 4725 1072 4779 dum
1101 4726 1373 4795 supposita
1405 4727 1843 4796 multiplicantur.
1869 4725 2008 4781 Pro-

437 4813 528 4868 cul
573 4814 716 4869 enim
754 4815 940 4872 insana
969 4822 1021 4870 ct
1065 4813 1266 4871 furiosa
1310 4815 1426 4870 Arii
1461 4816 1641 4885 opinio
1672 4824 1728 4870 et
1769 4816 1950 4872 rabies
1975 4832 2006 4870 a

437 4901 598 4956 nobis
626 4901 852 4960 facessat
879 4923 892 4957 :
923 4913 1009 4960 est
1031 4907 1170 4959 enim
1199 4904 1436 4960 Trinitas
1459 4905 1749 4958 secundum
1781 4903 2007 4975 gloriam

443 5000 500 5046 et
526 4993 878 5047 aeternitatem
910 4995 1080 5048 modis
1105 4997 1352 5050 omnibus
1383 4995 1630 5059 indivisa,
1659 4993 1910 5064 nullaque
1939 5008 2008 5047 ex

437 5089 597 5152 parte
622 5081 719 5136 abs
747 5097 864 5136 sese
897 5082 1157 5149 alienata;
1201 5100 1372 5154 neque
1399 5087 1468 5142 ob
1516 5085 1568 5139 id
1606 5092 1784 5138 tamen
1817 5083 2012 5137 divinae

440 5185 691 5243 persona:
716 5188 775 5228 se
802 5183 989 5228 mutuo
1012 5184 1320 5244 permeant,
1349 5177 1452 5230 hoc
1475 5185 1584 5241 est,
1619 5176 1676 5229 in‘
1704 5191 1761 5230 se
1785 5175 2012 5229 invicem

443 5269 874 5318 transmutantur
897 5303 913 5328 ,
957 5262 1050 5316 sed
1090 5263 1283 5316 harum
1333 5263 1584 5334 quaelibet
1617 5262 2016 5318 indemutabilis

442 5361 630 5409 manet
655 5360 711 5408 et
731 5349 1012 5408 ineonfusa
1045 5360 1100 5409 et
1127 5363 1324 5407 :eterna
1344 5345 1369 5419 ς’
1398 5353 1553 5424 longe
1585 5357 1725 5408 enim
1767 5355 2017 5408 amande-

445 5449 536 5497 tur
562 5443 899 5515 pellaturqne
931 5444 1105 5500 insani
1143 5443 1425 5514 stolidique
1457 5443 1673 5499 Sabellii
1715 5443 2014 5513 deceptoria

450 5530 714 5588 confusio.

527 5616 760 5675 Veneror
781 5640 990 5695 quoque
1012 5633 1063 5680 et
1085 5626 1249 5681 adoro
1271 5625 1652 5680 incarnationis
1675 5624 2010 5694 mysterium,

2107 4465 2207 4536 γὰρ
2233 4465 2264 4521 ἡ
2292 4464 2420 4522 αἰδτή
2457 4465 2632 4537 Τριάς,
2680 4462 2797 4535 δόξῃ
2847 4465 2930 4516 καί
2975 4462 3224 4521 ἁῑδιὸτητι
3267 4469 3336 4534 μή
3381 4467 3685 4538 μεριζομὸηο

2107 4553 2234 4625 μηδέ
2268 4552 2748 4626 ἆπαλλοτριουμίνη,
2776 4547 2890 4606 οὔτε
2913 4560 3012 4608 τῶν
3031 4555 3313 4626 θεαρχικῶν
3340 4554 3682 4608 ’ἳποστάσεων

2111 4650 2536 4715 μεταπιπτουσῶν
2587 4645 2670 4720 διαί
2718 4650 3122 4714 περιχωρουσῶν
3167 4647 3243 4703 εἰς
3293 4643 3525 4706 ἀλλήλας,

2111 4735 2184 4806 ἐφ’
2200 4735 2416 4794 ἑκάστης
2467 4737 2656 4790 τούτων
2692 4736 3060 4802 ἀμεταπτώτου
3111 4738 3193 4792 δαί
3233 4737 3538 4807 ἀσυγχύτου
3585 4758 3686 4807 φυ-

2111 4825 2412 4894 λαττομένης
2458 4833 2548 4882 τῆς
2583 4823 2888 4890 ἆῐδιὸτητος,
2939 4825 3110 4895 πόρῤω
3159 4826 3260 4898 γὰρ
3297 4821 3682 4893 ἀποπεμτὲσῦω

2109 4905 2194 4956 καί
2224 4901 2581 4958 ἆπελαυνέσθω
2603 4905 2634 4962 ἠ
2662 4910 2750 4958 τοῦ
2774 4904 3139 4974 ματαιόφέονος
3174 4905 3436 4960 suamne
3466 4906 3602 4958 ἀπατ
3613 4925 3680 4962 ηδ

2111 4999 2222 5052 ﬁmi
2257 4994 2544 5067 σύγχυσις.

2171 5635 2300 5688 Σέϐω
2338 5636 2390 5691 δέ
2434 5635 2516 5689 καί
2563 5641 2833 5707 προσκυνῶ
2867 5635 2927 5692 ro‘
2957 5639 3058 5709 πρὸ
3102 5639 3295 5694 πάντων
3334 5643 3429 5692 τῶν
3463 5636 3667 5691 αἰώνων
