3994 6198
422 301 524 365 185

1407 297 1774 361 EPISTULA
1815 297 1916 359 AD
1951 298 2257 360 LEONEM
2301 299 2392 360 ΙΙΙ
2421 301 2694 364 ΡΑΡΑΜ.

3540 294 3637 358 ltiti

418 417 698 492 ὁρωμένου
739 416 1035 490 μυστήριον,
1066 410 1146 468 ίπ⁸
1159 412 1404 480 ἐσχάτων
1433 409 1486 468 di
1507 419 1608 468 τῶν
1633 412 1832 487 χρόνων
1857 415 1972 468 ἀπο·

2085 423 2209 470 ante
2227 417 2406 470 omnia
2425 415 2618 470 saecula
2642 410 3056 484 pmdeﬁhitum,
3101 410 3156 465 in
3179 411 3484 468 novissimis
3508 428 3634 469 vero

415 503 650 572 καλυφθῆ
695 501 778 555 bri
816 503 1052 575 ’σωτηρίᾳ
1097 501 1291 562 παντὸς
1335 507 1425 555 τοῦ
1473 503 1642 572 γίνονς
1691 504 1829 568 ἡμῶν
1851 541 1866 564 ,
1897 505 1980 557 καί

414 591 728 646 infatuat"
753 588 840 644 διὰ
879 597 970 648 τῆς
995 589 1210 662 μεγάλης
1236 590 1692 660 συγ-καταϐάσεως,
1719 609 1798 643 και
1821 590 1980 659 ἆρὀήε

414 705 506 741 του
547 685 832 742 οἰκονομίας
860 688 952 736 τοῦ
993 682 1218 741 ίνόςτῆς
1247 681 1417 754 ἁγίας,
1450 685 1534 736 καί
1562 686 1810 744 ζωοποιοῦ
1830 681 1978 754 Τριὰ·

413 773 503 834 de;
529 778 754 846 Χριστοῦ
780 777 874 827 τοῦ
912 771 1144 830 ἀληθινοῦ
1168 777 1294 826 Θεοῦ
1335 773 1504 840 ἡμῶν·
1529 772 1612 826 ἶνα
1643 769 1752 824 ὅθεν
1779 771 1895 840 ἡμῖν
1919 769 1976 822 τὸ

416 861 534 920 εἶναι
559 865 752 938 ὑπῆρξε
777 861 865 917 διὰ
897 868 986 922 τήν
1008 860 1199 932 ἄφατον
1225 864 1378 916 αὐτοῦ
1417 861 1724 930 ἁταθότητα,
1765 861 1977 914 ίντιῦοεν

414 957 497 1011 ταί
518 955 578 1009 τό
601 947 662 1008 εὖ
687 948 816 1006 εἶναι
843 954 967 1023 ἡμῖν
1009 953 1304 1027 χαρισθείη.
1348 952 1598 1023 ὀμολογῶ
1639 946 1734 1003 οὖν
1767 953 1850 1004 καί
1885 966 1972 1004 πι-

411 1047 609 1111 entio,
651 1043 806 1100 αὑτὸν
858 1046 944 1099 τόν
987 1045 1077 1098 ἕνα
1125 1052 1216 1103 τῆς
1259 1049 1554 1118 ζωαρχικῆς
1593 1045 1680 1096 καί
1727 1044 1975 1117 μακαρίας

411 1127 621 1210 ι·μὸοέ
646 1133 735 1188 τόν
759 1137 854 1188 τοῦ
881 1138 1007 1187 Θεοῦ
1035 1133 1152 1186 Υίόν
1185 1135 1267 1186 καί
1298 1129 1455 1204 Λόγον
1487 1132 1578 1184 τόν
1610 1137 1684 1203 τῷ
1709 1133 1866 1205 ῐίατρί
1891 1133 1976 1184 καί

412 1230 492 1298 τῷ
728 1224 978 1294 Πνεῦματι
1051 1219 1224 1281 ἄϊδίως
1285 1223 1828 1297 συμπροσκυνούμενον
1888 1222 1974 1274 καί

411 1307 848 1378 συνδοξαζόμενον,
895 1312 964 1369 ὡς
1009 1308 1274 1379 όμοούσιον
1327 1311 1413 1362 καί
1458 1310 1734 1382 σύνθρονον
1777 1311 1973 1382 ἀπείρῳ

410 1398 751 1472 φιλανθρωπίᾳ
793 1394 1078 1468 κινούμενον
1121 1397 1254 1468 πρὸς
1283 1391 1446 1452 οἶκτον
1485 1393 1576 1451 τοῦ
1619 1399 1802 1452 οἰκείου
1848 1397 1974 1452 πλά-

408 1507 606 1556 σματος
623 1529 640 1554 ,
696 1485 904 1560 εὐδοκία
949 1493 1173 1561 πατρικῇ
1213 1488 1292 1540 καί
1346 1491 1639 1557 οὶκτιρμοῖς,
1690 1489 1874 1561 χάριτί
1915 1506 1972 1542 τε

409 1581 494 1632 καί
534 1580 780 1652 συνεργίᾳ
819 1583 912 1632 τοῦ
942 1578 1189 1650 παναγίου
1236 1579 1538 1647 ῐινεύματος,
1579 1578 1876 1632 κατελθόντα
1917 1578 1973 1631 ίκ

412 1675 505 1722 τῶν
549 1669 774 1743 οὐρανῶν
820 1673 936 1726 τοῖς
995 1666 1270 1739 ἀνθρώποις
1331 1673 1807 1742 συναναστραφῆναι
1827 1705 1844 1732 ,
1887 1667 1972 1722 ἵνα

2079 506 2407 575 temporibus
2433 506 2500 560 ad
2531 505 2694 561 totius
2719 504 2938 557 humani
2977 502 3186 571 generis
3226 501 3454 556 salutem
3483 513 3636 572 pate-

2077 591 2297 657 factum,
2319 602 2374 649 et
2396 597 2759 663 pet'magnum
2783 592 2932 656 illum
2955 591 3428 661 admirabilemque
3452 594 3632 659 unius,

2075 689 2275 735 sanctae
2297 681 2626 750 viviﬁcaaque
2653 682 2933 736 Trinitatis
2959 695 3222 749 personaz,
3247 679 3448 736 Christi
3477 683 3636 738 nimi-

2077 785 2194 824 rum
2249 771 2362 825 veri
2416 772 2510 824 Dei
2550 772 2740 836 nostri,
2795 771 3113 825 descensum
3136 810 3151 834 ,
3207 770 3636 840 ineﬂ'abilemque

2075 855 2310 923 ejusdem
2336 859 2788 928 dispensationem
2815 869 3270 924 consummatum;
3295 869 3356 914 ut
3373 863 3512 917 unde
3539 878 3637 931 per

2073 948 2498 1018 inexplicabilem
2529 950 2694 1018 ipsius
2728 951 3020 1003 bonitatem
3048 965 3167 1004 esse
3197 965 3410 1005 eramus
3438 953 3630 1012 sortiti.

2073 1039 2199 1094 inde
2232 1041 2395 1094 etiam
2422 1040 2594 1109 ipsum
2619 1040 2761 1094 bene
2785 1054 2903 1093 esse
2941 1040 3326 1108 acciperemus.
3365 1040 3636 1095 Confiteor

2073 1127 2253 1196 itaque
2294 1136 2350 1182 et
2392 1129 2554 1182 credo
2591 1128 2808 1182 unicum
2837 1127 3254 1196 opulentissimae
3285 1129 3637 1184 beatissima:-

2071 1229 2175 1282 que
2202 1215 2482 1278 Trinitatis
2523 1215 2879 1284 suppositum,
2927 1216 3099 1283 ipsum
3141 1216 3387 1271 videlicet
3423 1219 3518 1272 Dei
3547 1218 3635 1272 Fi-

2070 1301 2200 1357 lium
2225 1312 2281 1358 et
2308 1302 2562 1368 Verbum,
2578 1304 2720 1372 quod
2749 1317 2870 1358 cum
2893 1303 3005 1356 Deo
3017 1301 3176 1356 Patre
3203 1313 3260 1357 et
3288 1303 3486 1374 Spiritu
3511 1320 3633 1361 sau-

2070 1399 2158 1446 cto
2179 1392 2234 1446 in
2258 1406 2417 1446 omne
2437 1407 2610 1445 aevum
2632 1391 2790 1449 simul
2813 1391 3066 1444 aduratur
3082 1399 3138 1444 et
3173 1393 3633 1462 conglorilicatur,

2069 1491 2130 1536 ut
2155 1491 2280 1553 pote
2301 1482 2492 1537 iisdem
2516 1481 2867 1537 coessentiale
2891 1489 2946 1534 et
2966 1481 3233 1549 coaequale
3257 1483 3518 1548 existens,
3547 1485 3633 1539 in-

2069 1573 2219 1626 ﬁnita
2281 1572 2610 1640 benignitate
2657 1578 2714 1625 et
2757 1571 3124 1624 misericordia
3179 1585 3304 1641 erga
3359 1573 3635 1642 proprium

2068 1661 2275 1730 plasma
2307 1667 2534 1724 motum,
2562 1659 2855 1714 accedente
2893 1660 2999 1712 huc
3025 1669 3248 1728 paterna
3276 1659 3548 1714 voluntate
3581 1671 3638 1715 et

411 1758 525 1815 τοὺς
570 1756 963 1828 κατακριθέντας
1007 1747 1141 1825 ἡμᾶς
1177 1755 1335 1810 πάλαι
1371 1764 1434 1826 ᾤ
1487 1755 1714 1830 ἁμαρτίᾳ
1757 1759 1840 1810 καί
1878 1765 1971 1818 τῆς

2072 1749 2438 1814 miseratione,
2485 1757 2542 1803 et
2581 1749 2756 1802 sancti
2783 1762 2994 1817 quoque
3027 1746 3260 1816 Spiritus
3280 1749 3474 1818 gratia,
3498 1747 3638 1816 ejus-

411 1855 596 1922 τρυφῆς
620 1847 1006 1907 ίκπεπτωκότας
1033 1846 1364 1922 παραδείσου,
1404 1850 1484 1902 καί
1512 1855 1573 1923 τῇ
1605 1850 1761 1922 φθορᾷ
1785 1841 1970 1908 ὑπενη-

409 1939 680 2009 δεγμίνους
729 1937 918 2012 χάριτι
981 1941 1330 2008 ἆνασώσηται,
1377 1944 1460 1994 καὶ
1516 1942 1652 2002 θείας
1709 1942 1972 2002 κοινωνοὺς

408 2029 765 2102 imp-piamen
818 2031 1037 2099 φύσεως.
1084 2031 1372 2090 ἐνοικήσας
1419 2032 1514 2104 γὰρ
1562 2033 1614 2086 ίν
1665 2039 1728 2103 τῇ
1779 2033 1972 2106 ’γαστρί

412 2125 498 2179 εἰς
547 2121 816 2194 Παρθένου,
871 2123 956 2176 καί
1005 2123 1187 2194 κυρίως
1235 2124 1322 2175 καί
1378 2119 1570 2182 ἆληθῶς
1597 2123 1841 2178 Θεοτόκου
1889 2124 1973 2178 καί

403 2205 584 2278 ψυχὴν
627 2211 716 2263 καί
759 2209 928 2283 σάρκα
978 2210 1411 2282 προκαθαρθείσης
1453 2218 1526 2283 τῷ
1570 2212 1840 2282 Πνεῦματι,
1886 2212 1973 2265 καί

411 2293 526 2352 ὅλον
574 2299 646 2356 εἷς
696 2297 876 2352 ἔαυτόν
941 2298 1210 2370 ἀνειληφώς
1255 2300 1307 2362 ἒξ
1368 2300 1523 2359 αὐτῆς
1583 2302 1641 2354 τό
1698 2302 1969 2376 ἡμέτερον,

404 2387 582 2461 ὥσπερ
622 2389 674 2440 iv
709 2389 856 2462 ἀρχῇ
895 2389 1300 2452 ζωοπλαστῆσας
1335 2391 1420 2444 τὶν
1460 2388 1733 2464 ἄνθρωπον,
1756 2393 1970 2466 προῆλθε

402 2475 528 2535 θεὸς
556 2479 955 2550 σεσαρκωμίνος,
965 2479 1138 2549 μείνας
1165 2482 1318 2533 τοῦτο
1353 2475 1481 2554 ὅπερ
1509 2477 1566 2537 ἦν
1591 2480 1737 2540 Θεὸς.

475 2733 712 2807 Παρθένον
739 2736 826 2789 καί
849 2737 982 2807 μετά
1015 2737 1163 2791 τόκον
1196 2742 1286 2798 τήν
1315 2740 1580 2814 ὑπερφυῶς
1609 2745 1694 2796 καί
1732 2744 1968 2820 ἀρρήτως

404 2830 656 2878 τεκοῦσα
689 2831 1038 2898 συντηρήσας,
1069 2827 1313 2897 μηδαμῶς
1351 2837 1442 2890 τῆς
1487 2833 1616 2887 κατὰ
1655 2834 1804 2902 φύσιν
1831 2853 1969 2906 παρ-

401 2913 564 2970 ᾶενίας
589 2915 874 2984 τραπείσης
894 2916 968 2975 είς
989 2913 1190 2980 ἔνδειξιν
1211 2917 1366 2975 ἀληθῆ
1383 2926 1474 2979 τῆς
1494 2920 1624 2974 κατὰ
1643 2927 1732 2979 τήν
1753 2920 1970 2996 πρόοδον

403 3000 564 3056 αὐτοῦ
609 3010 700 3062 τῆς
742 3009 1019 3074 γεννήσεως
1069 3005 1314 3082 ἆτριψίας
1357 3011 1446 3061 καί⁸
1481 3009 1810 3066 ἀναλλοιόντου
1850 3009 1966 3066 δια-

2070 1837 2298 1906 demque
2341 1838 2716 1907 cooperatione
2749 1837 2816 1892 de
2851 1836 2987 1892 caelo
3024 1837 3388 1901 descendisse,
3423 1846 3480 1891 et
3511 1854 3636 1893 cum

2071 1926 2376 1981 hominibus
2403 1933 2774 1980 conversatum
2802 1939 2943 1988 esse,
2973 1939 3078 1994 quo
3108 1940 3206 1979 nos
3233 1925 3433 1980 dudum
3469 1942 3635 1996 prop-

2071 2025 2156 2072 ter
2181 2025 2460 2087 peccatum
2489 2018 2792 2082 damnatos,
2822 2023 2879 2070 et
2902 2031 2934 2070 e
2954 2014 3188 2084 paradisi
3223 2017 3427 2071 deliciis
3449 2017 3636 2086 expul-

2071 2123 2176 2172 sos,
2207 2108 2644 2177 corruptioniquc
2683 2107 2974 2170 obnoxios,
3003 2121 3100 2175 per
3120 2106 3346 2176 gratiam
3385 2106 3634 2167 salvaret,

2070 2207 2127 2252 et
2153 2198 2350 2253 divinae
2391 2205 2594 2251 natura;
2617 2197 2912 2265 participes
2936 2194 3189 2250 ediceret.
3229 2196 3284 2249 ln
3315 2204 3468 2249 utero
3493 2197 3635 2255 enim

2070 2289 2307 2359 Virginis
2327 2302 2454 2342 vere
2483 2288 2806 2358 proprieque
2831 2285 3074 2355 Deiparze
3105 2285 3432 2348 inhabitans,
3451 2294 3507 2340 et
3538 2299 3634 2354 per

2072 2379 2329 2449 Spiritum
2357 2387 2602 2434 sanctum
2632 2378 2868 2432 animam
2891 2386 2945 2431 et
2966 2392 3186 2430 carnem
3215 2377 3317 2431 sibi
3349 2377 3634 2447 adaptans,

2070 2479 2346 2539 totamque
2361 2477 2597 2524 nostram
2615 2476 2887 2530 naturam,
2901 2467 3348 2535 quemadmodum
3365 2469 3636 2522 hominem

2070 2562 2124 2615 in
2151 2560 2416 2630 principio
2441 2559 2690 2622 ﬁnxerat,
2719 2557 2821 2611 sibi
2843 2557 3136 2621 ascisccns,
3160 2557 3360 2625 prodiit
3385 2556 3528 2611 Deus
3563 2556 3636 2612 in-

2069 2657 2344 2705 carnatus.

2139 2739 2412 2809 Virginem
2440 2751 2674 2806 quoque,
2709 2752 2829 2806 quae
2853 2736 3337 2806 supernatnraliter
3360 2743 3415 2791 et
3441 2734 3632 2792 inena-

2067 2827 2248 2884 biliter
2271 2834 2572 2896 pepererat,
2598 2833 2720 2894 post
2750 2833 2964 2894 partum
2989 2825 3249 2895 virginem
3269 2826 3634 2891 conservavit,

2068 2919 2378 2990 virginitate
2415 2917 2559 2972 illius
2584 2917 2878 2971 secundum
2903 2923 3152 2970 naturam
3191 2916 3334 2971 nulla
3377 2932 3446 2972 ex
3482 2925 3636 2986 parte

2069 3007 2342 3061 demutata
2376 3012 2468 3058 aut
2508 3004 2860 3068 labefactata,
2893 3003 2961 3057 ad
2989 3002 3376 3072 designandum
3416 3018 3512 3081 per
3545 3018 3634 3057 se-

403 3100 578 3160 μονῆς.
626 3091 782 3174 Ὀ.τῷ
827 3098 987 3170 Πατρί
1021 3092 1123 3169 γὰρ
1169 3104 1424 3170 συμφυὴς,
1467 3099 1492 3154 ό
1534 3099 1805 3170 όμοούσιος
1851 3103 1967 3172 ἡμῖν

2070 3095 2258 3150 (ιιιιιάω
2275 3094 2571 3148 nativitatis
2593 3108 2926 3162 processum,
2953 3091 3151 3147 nullam
3181 3107 3404 3162 prorsus
3429 3101 3638 3148 natura)

403 3183 536 3237 κατά
581 3183 774 3247 πάντα,
824 3189 989 3260 χωρὶς
1034 3187 1290 3260 ἁμαρτίας
1340 3189 1628 3260 γενόμενος,
1671 3193 1968 3262 σπίρματος

402 3271 636 3344 ’Δϐραᾶμ
677 3273 1095 3342 ὶπιλαμϐάνεται,
1141 3275 1515 3351 παραπλησίοὶς
1572 3281 1692 3350 ἡμῖν
1755 3299 1970 3334 κεκοινω-

401 3363 562 3420 νηκὸς
602 3362 820 3429 αἵματος
863 3366 942 3416 καί
969 3364 1178 3438 σαρκός’
1218 3369 1385 3441 σάρκα
1458 3367 1802 3438 ἄψυχὼμίνην
1838 3369 1970 3424 ἀνεί-

400 3448 520 3522 ληφε
566 3453 722 3523 ψυχῇ
771 3455 940 3528 λογικῇ
985 3459 1072 3510 καί
1109 3465 1256 3529 νοερᾷ
1296 3458 1528 3529 οὐδαμῶς
1567 3466 1970 3533 προϋποστᾶσαν

403 3547 496 3627 τίς
527 3538 687 3614 ἄκρας
729 3543 976 3610 ίνῶσεως,
1022 3547 1146 3603 ἀλλὰ
1202 3554 1294 3618 μία
1335 3551 1463 3627 σὰρξ
1514 3547 1761 3621 ἔμψυχος
1801 3551 1968 3623 λογική

402 3625 492 3682 δαί
525 3637 617 3689 τῆς
648 3633 782 3686 κατά
827 3634 1040 3708 Χριστόν
1079 3637 1337 3707 συμφυΐας
1381 3625 1702 3703 πιστεύεται,
1744 3641 1803 3692 οὔ
1851 3640 1976 3693 κατὰ

403 3721 566 3791 χάριν
600 3725 867 3784 σκηνώσας
912 3726 960 3777 ἐν
997 3726 1136 3797 ύμῖν,
1187 3725 1291 3780 ἀλλ’
1310 3726 1425 3788 ὅλος
1464 3727 1550 3800 ὅλῃ
1695 3733 1976 3804 ἀνθρωπεία

401 3805 574 3882 ptim-
599 3815 948 3884 συμπλακεὶς·
1000 3818 1357 3888 ἀσυγχύτως,
1401 3823 1482 3874 καί
1529 3819 1844 3894 ἆδιαιρίτως,
1889 3825 1977 3876 καί

405 3899 677 3974 ὑπερφυῶς
715 3907 805 3960 τὴν
833 3903 1011 3960 ἕνωσιν
1055 3906 1416 3981 ἐργασάμενος,
1445 3910 1526 3963 ἶνα
1551 3911 1604 3963 αί
1642 3911 1972 3967 συνελθοῦσαι

403 3991 582 4044 οὐσίαι
635 3991 864 4052 θεότητός
913 4013 969 4050 τε
1015 3998 1101 4048 καί
1131 3997 1534 4069 ἀνθρωπότητος,
1563 4000 1613 4052 ἂν
1656 3997 1866 4058 ἰδιότητι
1908 4009 1972 4076 τῇ

405 4085 536 4136 κατᾶ
560 4085 707 4154 φύσιν
732 4083 1048 4155 διαμείνωσι,
1077 4091 1160 4142 καί
1201 4086 1430 4160 οὐδαμῶς
1459 4091 1528 4149 είς
1557 4090 1771 4151 ἀλλήλας
1819 4111 1974 4162 μετα·

410 4169 596 4225 ϐῶσιν·
633 4177 673 4226 εἰ
709 4177 793 4227 καί
837 4186 862 4213 ⁸
905 4177 1224 4236 κατακλίσεις
1270 4185 1341 4250 τῷ
1378 4178 1510 4250 λόγῳ
1562 4185 1655 4238 τῆς
1713 4180 1974 4253 συμφυΐας

411 4269 741 4336 παραχωρεῖν
788 4264 1008 4326 εὗσεϐὖς
1053 4273 1262 4339 νοοῦμεν
1305 4265 1389 4322 διὰ
1433 4273 1524 4326 τήν
1571 4275 1670 4320 τῶν
1717 4269 1972 4338 ὀνομάτων

2071 3187 2215 3244 illius
2243 3187 2537 3242 accessisse
2565 3185 2947 3249 mutationem,
2990 3191 3084 3236 aut
3113 3182 3504 3236 alterationem.
3535 3181 3638 3248 Qui

2069 3291 2202 3347 ergo
2250 3276 2487 3345 ejusdem
2530 3282 2613 3329 est
2666 3289 2789 3328 cum
2843 3273 3003 3327 Patre
3055 3280 3300 3336 naturai,
3343 3271 3499 3326 nobis
3543 3286 3640 3340 per

2071 3368 2251 3421 omnia
2270 3407 2284 3431 ,
2317 3373 2540 3435 peccato
2570 3373 2779 3419 tantum
2810 3364 3053 3428 seclusa,
3085 3363 3259 3417 factus
3284 3371 3367 3417 est
3387 3377 3640 3418 coessen—

2073 3455 2248 3518 tialis;
2297 3454 2500 3509 etenim
2524 3455 2730 3509 semine
2758 3454 3030 3507 Abraham
3056 3461 3338 3522 suscepto,
3373 3454 3552 3508 carnis
3585 3459 3642 3506 et

2069 3546 2365 3614 sanguinis,
2395 3546 2617 3614 perinde
2640 3559 2704 3597 ac
2738 3560 2876 3598 unus
2902 3560 2966 3597 ex
2998 3544 3170 3607 nobis,
3200 3544 3374 3596 factus
3402 3552 3486 3596 est
3509 3559 3636 3612 par-

2069 3637 2256 3705 ticeps,
2281 3649 2606 3702 carnemque
2631 3636 2809 3687 anima
2837 3633 3168 3702 intelligente
3197 3633 3530 3688 viviﬁcatam
3555 3649 3641 3688 as-

2071 3727 2317 3796 sumpsit,
2362 3725 2509 3778 nullo
2556 3725 2771 3792 quidem
2817 3733 2974 3792 pacto
3023 3733 3150 3778 ante
3183 3737 3449 3777 summam
3481 3724 3638 3778 1llam

2068 3817 2320 3873 unionem
2349 3815 2779 3884 praeexistentem
2805 3853 2820 3878 ,
2861 3813 2956 3866 sed
2985 3811 3140 3868 simul
3180 3827 3398 3866 carnem
3425 3851 3440 3877 ,
3480 3811 3640 3866 simul

2073 3906 2251 3960 anima
2307 3903 2532 3958 rationis
2578 3912 2824 3972 compote
2866 3903 3157 3956 animatam
3184 3939 3200 3966 ,
3247 3903 3406 3956 simul
3461 3903 3638 3958 Verbo

2071 3997 2311 4062 unitam;
2359 4011 2462 4050 nec
2498 4011 2714 4050 rursum
2757 3977 3049 4049 secundum
3094 3993 3262 4048 solam
3306 3993 3534 4062 gratiam
3583 3993 3639 4046 in

2073 4091 2257 4138 nostra
2289 4091 2477 4136 natura
2505 4083 2804 4145 habitavit,
2843 4081 2938 4136 sed
2964 4089 3110 4134 totus
3135 4081 3232 4134 toti
3266 4081 3512 4134 humanae
3545 4096 3636 4134 na-

2072 4181 2208 4228 tura:
2232 4172 2548 4240 coniunctus
2567 4212 2581 4237 ,
2609 4170 2969 4233 inconfusam,
3001 4169 3318 4223 indivulsam
3338 4210 3352 4234 ,
3378 4184 3626 4240 superna-

2071 4263 2401 4329 turalcmquc
2448 4259 2699 4313 unionem
2746 4265 2997 4325 operatus
3034 4264 3165 4310 est:
3204 4257 3383 4310 divina
3414 4258 3638 4312 enimet

413 4349 675 4417 ἐπέζευξεν,
714 4352 903 4422 ἐπινοίᾳ
949 4357 1048 4429 γὰρ
1085 4355 1210 4428 μόνῃ
1246 4359 1334 4411 καί
1369 4358 1423 4410 οῦ
1469 4354 1739 4430 πράγματι
1779 4356 1972 4413 ’διίστα-

2070 4356 2301 4408 humana
2347 4359 2535 4404 natura
2581 4349 2723 4402 inter
2764 4361 2824 4401 se
2869 4355 3128 4402 coeuntes
3181 4347 3236 4400 in
3273 4347 3503 4400 naturali
3539 4363 3634 4401 sua

408 4440 529 4583 26::
573 4440 837 4518 δοξάζομεν
857 4483 873 4513 ε
922 4444 1004 4502 διὰ
1051 4453 1142 4508 τὴν
1195 4449 1430 4538 ὑπερφυόι
1479 4457 1576 4505 τῶν
1641 4451 1970 4508 συνελθόντων

509 4549 607 4583 σοι

509 4549 607 4585 σενι

485 5259 555 5315 τό
594 5257 861 5334 μοναδικόν
887 5259 938 5316 δὲ
967 5263 1051 5315 καί
1068 5253 1250 5318 ζ’νιαῒον
1277 5269 1368 5322 τῆς
1391 5260 1752 5327 ὑποστάσεως,
1784 5257 1968 5332 φυλάτ-

419 5349 590 5402 τεσθαι
653 5347 953 5419 πιστεύομεν
1020 5347 1238 5419 ἄτμητον
1299 5352 1380 5403 καὶ
1443 5347 1660 5421 ἀρῤαγές
1721 5345 1967 5418 διαμενονο

421 5435 775 5492 καταϐαλέσθαι
822 5439 918 5510 γὰρ
947 5439 978 5496 ἦ
1015 5435 1360 5510 φαντασιὼδης
1387 5441 1476 5492 τοῦ
1519 5439 1806 5496 ἀπατεῶνος
1871 5437 1971 5490 Εὖ-

491 5561 768 5643 tJVerius,
793 5569 928 5643 κατὰ
940 5568 1251 5643 κλήσειςλ...3
1273 5571 1394 5641 περὶ
1424 5577 1620 5643 χωρεῖν
1645 5588 1656 5622 :
1682 5578 1743 5624 nt
1761 5569 1830 5624 sit
1854 5584 1968 5643 set};

2067 4443 2395 4513 proprietate
2434 4439 2783 4493 indemutata:
2837 4437 3131 4506 persistunt
3165 4445 3636 4506 perseverantque,

2068 4549 2166 4588 nec
2205 4531 2312 4585 ulla
2353 4545 2416 4584 ex
2445 4536 2600 4598 parte
2624 4527 2774 4587 inse
2797 4535 2986 4580 mutuo
3021 4525 3498 4580 transformamur.
3537 4527 3644 4579 Vc-

2069 4631 2372 4678 rumtamen
2413 4625 2634 4690 propter
2653 4616 2951 4671 naturalem
2977 4615 3122 4670 illam
3155 4615 3440 4668 coitionem
3467 4622 3522 4667 et
3541 4629 3606 4667 co

2066 4711 2268 4782 pulam,
2286 4706 2560 4764 nominum
2584 4720 2796 4776 quoque
2818 4702 3356 4760 communicationem
3375 4710 3634 4757 mutuam-

2067 4816 2172 4870 que
2197 4798 2674 4868 reciprocationem
2695 4796 2782 4864 pie
2803 4793 3200 4848 concedendam
3235 4792 3634 4858 ekistimamus,

2069 4890 2496 4964 quandoquidem
2523 4892 2742 4956 prOpter
2765 4883 3044 4955 physicam
3077 4882 3219 4936 illam
3242 4882 3610 4938 admirandam

2069 4995 2172 5054 que
2201 4979 2506 5037 coeuntium
2535 4985 2850 5031 naturarum
2871 4975 3012 5029 inter
3033 4989 3092 5030 se
3117 4975 3392 5038 unionem,
3423 4987 3529 5028 non
3553 4989 3630 5036 re,

2071 5073 2164 5127 sed
2197 5070 2309 5124 sola
2349 5066 2746 5136 imaginatione,
2772 5065 2930 5120 unius
2971 5065 3320 5135 ejusdemque
3347 5063 3629 5132 quamdam

2067 5165 2158 5218 hic
2189 5159 2583 5216 distinctionem
2611 5157 2916 5211 statuimus.

2140 5257 2309 5310 Porro
2348 5261 2524 5308 autem
2550 5292 2564 5318 ,
2610 5252 2752 5319 quod
2782 5266 2903 5306 cum
2939 5259 3256 5306 naturarum
3293 5247 3631 5303 distinctione

2071 5362 2313 5421 personae
2337 5344 2680 5415 singularitas
2701 5341 3044 5413 ejusdemque
3065 5341 3244 5396 unitas
3265 5326 3527 5392 indivulsa
3551 5339 3629 5389 in-

2067 5433 2478 5504 interruptaquc
2501 5451 2716 5506 semper
2745 5435 3004 5489 consistat
3031 5433 3450 5501 permaneatch
3482 5423 3625 5491 (nam

2069 5573 2458 5640 conjunctiouis.
2487 5591 2576 5628 eas
2603 5577 2656 5628 in
2684 5590 2737 5628 se
2757 5573 2972 5626 invicem
3002 5567 3242 5621 exsistere
3260 5564 3341 5632 pic
3363 5561 3628 5634 intelliga-

425 5635 618 5703 tentia;
675 5637 956 5690 secundum
1005 5635 1370 5708 appellationis
1401 5635 1668 5702 [ratione
1721 5638 1977 5693 naturalis
2071 5635 2202 5698 mus.
2237 5643 2553 5699 llsnolers.
