3994 6198
427 275 514 345 101

1391 269 1475 338 ’8.
1517 271 1935 334 NICEPUORI
1981 270 2480 334 PATRIARCIIJS
2518 273 2628 336 ΟΡ.

3535 276 3640 341 192

429 401 487 444 et
520 403 746 460 pugnas,
777 361 985 442 honoro
1018 402 1229 457 quoque
1256 395 1310 442 et
1355 403 1582 441 veneror
1607 393 1975 439 sacrosanctas

2089 391 2245 452 τιμαῖς
2280 394 2500 456 στεφανῶ
2521 389 2726 448 αὐτοὺς,
2761 385 2842 442 ὅτι
2865 386 2996 459 ὗπίρ
3025 396 3114 448 τῆς
3139 379 3283 453 δόξης
3311 398 3401 445 τοῦ
3432 395 3636 450 πάντων

429 480 640 534 illorum
672 481 882 532 tumbas
919 487 976 532 et
1004 479 1338 546 sepulturas;
1370 477 1560 545 dignos
1599 475 1824 542 denique
1867 473 1982 527 illos

428 571 575 642 ipsos
605 583 817 631 censeo,
875 569 964 636 qui
1013 567 1238 621 summis
1288 566 1580 618 honoribus
1629 564 1980 626 decorentur,

429 660 782 727 maximisque
809 656 1052 709 laudibus
1075 656 1390 716 evehantur,
1418 653 1670 722 quoniam
1691 665 1788 718 pro
1815 651 1983 719 gloria

429 747 526 802 Dei
541 731 777 802 omnium
805 754 1043 798 nostrum
1059 742 1354 796 Salvatoris
1369 741 1679 809 sanguinem
1701 755 1856 794 suum
1868 753 1987 809 pro—

429 839 698 900 fuderunt,
724 844 778 889 et
812 835 952 888 hanc
1000 834 1198 888 ﬂuxam
1240 832 1886 902 praesentemque'yitam,
1917 830 1987 884 ob

430 944 578 982 suam
607 928 658 981 in
683 926 848 980 Deum
869 919 1184 980 charitatem
1212 925 1450 983 animose
1475 929 1811 990 spreverunt,
1849 921 1988 974 vivi-

437 1017 674 1084 ﬁeasque
701 1031 762 1069 ac
788 1015 1047 1069 salutares
1075 1014 1214 1067 illius
1238 1013 1607 1082 perpessiones
1626 1010 1818 1063 imitati
1841 1017 1982 1063 sunt.

429 1104 772 1172 Complector
799 1104 978 1157 itidem
1008 1102 1344 1168 suscipioque
1368 1116 1473 1154 non
1520 1099 1691 1152 solum
1719 1111 1986 1151 veneran-

437 1195 536 1249 das
561 1195 758 1248 Christi
784 1195 1019 1247 omnium
1047 1191 1342 1245 Salvator-is
1369 1190 1536 1244 nostri
1569 1189 1773 1251 iconas,
1798 1197 1853 1242 et
1895 1203 1987 1241 ve-

433 1284 701 1338 nerabiles
747 1282 1096 1335 sanctissimae
1125 1281 1214 1332 Dei
1244 1279 1430 1332 matris
1475 1277 1752 1345 imagines,
1799 1291 1985 1330 verum

433 1388 617 1426 sacras
661 1384 870 1438 quoque
920 1377 1224 1422 sanctorum
1265 1367 1500 1420 omnium
1527 1364 1726 1434 elligies
1762 1377 1988 1433 eamque

431 1463 831 1517 venerationem
863 1460 967 1513 illis
990 1458 1237 1522 exhibeo,
1267 1471 1428 1525 quam
1457 1456 1629 1511 honor
1658 1470 1844 1510 eorum
1871 1469 1985 1508 me-

429 1553 537 1606 rito
566 1551 819 1619 postulat.

509 1641 768 1692 Amanter
843 1645 1098 1707 praeterea
1152 1645 1566 1705 reverenterque
1621 1651 1868 1699 veneror,
1932 1643 1986 1690 et

2079 475 2221 541 ⁴ἡμῶν
2259 481 2482 547 Σωτῆρος
2507 481 2634 528 Θεοῦ
2659 477 2717 530 τὸ
2745 473 2869 546 αἷμα
2909 477 3136 545 ἐξέχεαν,
3165 482 3248 532 καί
3284 489 3374 541 τῆς
3405 488 3650 552 προσκαί-

2074 581 2175 634 ρου
2210 564 2340 624 ζωῆς
2377 559 2460 614 διὰ
2486 567 2575 619 τὴν
2617 565 2686 621 εἰς
2725 565 2874 617 αὐτόν
3145 569 3534 640 κατεφρόνησαν,
3565 554 3649 642 με.

2079 653 2238 719 μηταί
2271 657 2363 706 τοῦ
2409 656 2651 713 ζωοποιοῦ
2689 656 2774 706 καί
2808 657 3062 726 σωτηρίου
3104 655 3297 716 πάθους
3326 661 3483 714 αὐτοῦ
3506 664 3651 735 τινά-

2083 757 2246 808 μινοι,·
2263 741 2612 808 ἀσπαζόμενος
2633 739 2738 808 ἅμα
2755 748 2818 810 τῇ
2842 748 2931 796 τοῦ
2951 745 3156 797 πάντων
3178 755 3403 817 Σωτῆρος
3421 757 3647 821 Χριστοῦ

2077 829 2338 902 σεϐασμίᾳ
2385 829 2528 883 εἰκόνι
2579 837 2669 889 τῆς
2707 849 2761 884 τε
2789 829 3044 902 πανάγνου
3082 837 3168 888 καί
3214 840 3529 912 Θιομήτορος
3566 843 3647 894 καί

2082 919 2202 976 τοὺς
2229 919 2452 979 σεπτούς
2479 921 2558 972 καί
2585 919 2762 989 ἁγίους
2791 920 2952 972 αὐτῶν
2978 929 3327 996 χαρακτῆρας,
3345 927 3644 998 προσνέμων

2086 1009 2256 1067 αὐτοῖς
2279 1013 2369 1066 τήν
2394 1009 2523 1063 κατά
2549 1013 2698 1079 τιμήν
2724 1010 3085 1080 προσκύνησιν.

2156 1619 2282 1694 Πρὸς
2323 1622 2521 1680 τούτοις
2565 1623 2834 1685 ἀσπασίως
2886 1623 3208 1698 ἀποδέχομαι
3251 1632 3332 1685 καί
3365 1639 3496 1700 τιμῶ
3539 1631 3636 1696 τοὶς

431 1729 723 1798 amplector
766 1736 968 1796 septem
1017 1742 1198 1782 sacras
1237 1736 1291 1780 et
1325 1727 1682 1782 (ecumenicas
1735 1727 1982 1796 synodos,

2089 1708 2231 1780 ἁγίας
2279 1716 2363 1766 καί
2411 1709 2748 1780 οίκουμενικάς
2785 1717 2916 1771 ἑπτὰ
2952 1719 3191 1779 συνόδους
3223 1725 3312 1777 καί
3347 1725 3413 1776 τὰ
3450 1727 3499 1777 ὲν
3541 1729 3638 1779 αὖ·

429 1819 714 1885 omniaque
754 1817 1202 1885 super-naturalia,
1245 1825 1298 1869 et
1347 1817 1604 1870 salutaria
1649 1817 1898 1885 dogmata
1932 1824 1987 1869 et

433 1908 670 1968 decreta,
699 1921 818 1974 qum
842 1921 870 1958 a
915 1905 1116 1959 sanctis
1165 1913 1219 1958 et
1247 1905 1442 1957 divinis
1487 1904 1738 1958 Patribus
1767 1904 1984 1969 nostris,

433 2009 568 2064 quos
579 1995 705 2048 olim
733 1994 964 2063 Spiritus
988 2001 1206 2047 sanctus
1230 1995 1295 2046 ad
1319 1994 1606 2046 Ecclesiam
1619 2007 1769 2045 suam
1802 2008 1988 2062 regen-

435 2084 557 2136 dam
583 2088 1006 2150 pasccndamque
1042 2081 1291 2146 instituit,
1317 2081 1370 2134 in
1404 2081 1510 2134 illis
1544 2088 1758 2135 exstant
1781 2083 1985 2151 sancita

433 2180 490 2227 et
513 2171 887 2225 determinata.

504 2261 562 2313 lu
610 2261 801 2328 primis
845 2261 1058 2330 quidem
1117 2277 1325 2316 sacram
1371 2262 1474 2316 318
1520 2262 1987 2318 celeberrimorum

439 2347 660 2402 Patrum
688 2351 966 2418 synodum,
991 2351 1080 2417 qui
1097 2351 1363 2418 quondam
1387 2351 1526 2419 apud
1552 2340 1782 2404 Ni’czea'm
1803 2351 1987 2405 civita-

428 2445 542 2490 tem
571 2445 758 2490 contra
785 2437 1002 2506 impium
1026 2447 1081 2492 et
1104 2439 1366 2492 furiosum
1395 2439 1580 2494 Arium
1603 2448 1984 2506 convenerunt,

432 2539 552 2594 quze
592 2534 646 2579 et
690 2526 978 2595 impietatis
1019 2538 1290 2582 auctorem
1325 2529 1392 2581 ab
1425 2527 1662 2582 Ecclesia
1690 2528 1911 2596 expulit,
1933 2537 1988 2583 et

431 2612 590 2666 ﬁdem
618 2628 800 2666 veram
841 2625 1147 2684 rectamque
1187 2629 1511 2684 persacrum
1529 2613 1727 2667 illudet
1749 2617 1986 2670 divinum

431 2701 730 2770 symbolum
757 2704 910 2757 nobis
943 2706 1206 2773 exposuit,
1242 2714 1295 2758 et
1321 2706 1484 2758 Deum
1508 2704 1760 2768 Verbum,
1787 2705 1986 2772 Deique

430 2790 625 2844 Filium
649 2805 754 2844 non
780 2803 1080 2847 creaturam
1099 2834 1112 2857 ,
1144 2801 1204 2846 ut
1226 2795 1342 2860 ille,
1376 2795 1468 2848 sed
1496 2794 1639 2848 Patri
1671 2795 1984 2848 homousion

430 2888 484 2934 et
505 2889 712 2933 certum
734 2886 1023 2950 verumque
1054 2883 1239 2946 Deum,
1264 2891 1319 2938 et
1357 2899 1536 2938 rerum
1567 2885 1802 2938 omnium
1829 2899 1982 2938 crea-

437 2977 609 3022 torem
631 2981 750 3022 esse
770 2971 1065 3025 orthodoxe
1086 2971 1481 3024 determinavit.

2083 1809 2199 1862 ταῖς
2227 1802 2620 1876 δογματισθίντα
2645 1811 2728 1860 καί
2748 1812 3069 1882 κηρυχθέντα
3093 1813 3197 1865 Θεῖὰ
3222 1832 3272 1867 τε
3303 1817 3386 1868 καί
3406 1814 3640 1890 ὖπερφυῆ

2085 1897 2166 1948 καὶ
2202 1900 2425 1970 σωτήρια
2471 1894 2700 1966 δόγματα
2745 1901 2887 1970 παρὰ
2933 1907 3030 1952 τῶν
3067 1900 3216 1954 ὁσίων
3263 1905 3347 1956 καὶ
3383 1905 3642 1976 Θιοφόρων

2084 1985 2312 2057 Πατέρων
2361 1987 2519 2054 ἡμῶν,
2565 1985 2654 2045 οὓς
2703 1989 2836 2040 κατά
2879 1991 3049 2058 καιρὸν
3083 1988 3220 2042 ἔθετο
3255 1992 3314 2044 τὸ
3363 2002 3426 2053 ην
3455 1999 3555 2062 ῦμα
3581 1995 3643 2048 τὸ

2083 2069 2224 2144 ἅγιον
2259 2077 2532 2143 ποιμαίνειν
2559 2080 2647 2133 τήν
2673 2074 2957 2133 Ἐκκλησίαν
2996 2081 3153 2132 αὐτοῦ
3182 2084 3263 2133 καί
3295 2079 3497 2136 διέπειν.

2153 2256 2333 2320 Πρῶτοι
2374 2251 2464 2318 μίν
2500 2253 2589 2308 τήν
2618 2252 2668 2304 ἐν
2704 2255 2878 2322 Nimia}
2915 2252 3250 2306 συνελθοῦσαν
3289 2261 3387 2307 τῶν
3421 2255 3642 2313 τιη’ἆοι-

2083 2335 2239 2406 δὶμων
2274 2339 2505 2412 Πατίρων
2533 2341 2669 2409 ἡμῶν
2706 2339 2910 2392 σύνοδον
2928 2379 2942 2402 ,
2974 2343 3105 2393 κατά
3132 2347 3220 2394 τοῦ
3251 2339 3539 2405 δυσσεϐοῦς
3563 2350 3642 2400 καὶ

2081 2427 2358 2496 μανιώδους
2386 2425 2590 2498 ’Δρείου’
2641 2425 2691 2480 ὃν
2727 2437 2817 2487 τῆς
2852 2429 3138 2488 Ἐκκλησὶας
3187 2432 3437 2495 ἐξώσασα,
3471 2437 3643 2490 πίστιν

2085 2519 2198 2585 ἡμῖν
2229 2519 2378 2577 ἀληθῆ
2405 2522 2486 2571 καί
2520 2520 2789 2578 εὖθυτὰτην
2825 2517 2906 2573 διὰ
2934 2527 3022 2572 τοῦ
3057 2522 3190 2594 ἱεροῦ
3227 2525 3310 2574 καί
3343 2526 3475 2578 Οείου
3513 2547 3644 2592 συμ-

2084 2610 2231 2663 ϐόλου
2270 2612 2556 2682 ἐξεφώνησν
2594 2614 2679 2664 τὸν
2713 2611 2832 2665 Θεὸν
2880 2615 3058 2682 Λόγον,
3090 2616 3176 2666 καὶ
3211 2619 3300 2666 τοῦ
3343 2621 3470 2667 Θεοῦ
3511 2614 3637 2677 Υίόν,

2085 2703 2142 2754 οὐ
2199 2701 2392 2770 κτίσμα
2437 2699 2546 2755 κατ’
2567 2701 2714 2755 αὐτὸν
2737 2740 2751 2763 ,
2811 2699 3078 2770 όμοούσιον
3128 2700 3180 2756 δᾶ
3225 2699 3298 2774 τῷ
3349 2707 3505 2777 Πατρί
3557 2708 3644 2760 καί

2071 2791 2432 2862 ,συναναρχοη
2465 2791 2533 2848 ὡς
2555 2790 2674 2843 Θεὸν
2701 2789 2920 2846 ἀληθινὸν
2947 2793 3030 2844 καί
3053 2792 3260 2848 κτίστην
3287 2797 3384 2845 τῶν
3411 2792 3644 2860 όιπᾴντων

2085 2876 2351 2950 ὀρθοδὸξως
2380 2876 2726 2949 ίδογμὰτισεν.

498 3057 708 3116 Deinde
718 3074 845 3114 vero
874 3058 972 3112 i50
991 3069 1293 3112 sanctorum
1322 3061 1874 3130 divinissimurumque
1893 3060 1990 3114 Pa-

2157 3047 2286 3106 Εἷτα
2315 3056 2402 3110 τὴν
2428 3051 2536 3120 μετ’
2551 3053 2707 3110 αὐτήν
2752 3053 2798 3105 ἐν
2847 3048 3007 3123 ταύτῃ
3051 3059 3114 3124 τῇ
3155 3050 3374 3122 βασιλίδι
3410 3057 3508 3105 τῶν
3547 3053 3646 3108 πό·

431 3150 868 3222 trumsynodum,
895 3165 1014 3218 quae
1028 3158 1148 3219 post
1165 3150 1392 3203 Nicaeam
1417 3151 1468 3202 in
1497 3151 1596 3204 hac
1619 3151 1759 3220 regia
1779 3151 1992 3206 civitate

440 3251 624 3297 coacta
655 3239 1017 3293 Macedonium
1047 3238 1414 3306 impiissimum
1443 3237 1673 3306 Spiritus
1699 3239 1868 3291 sancti
1895 3239 1993 3291 im-

432 3340 782 3402 pugnatorem
807 3329 1202 3392 exauctoravit,
1225 3329 1512 3382 ostendens
1543 3329 1692 3382 illum
1729 3344 1834 3382 non
1874 3344 1992 3383 esse

430 3421 557 3488 quid
578 3427 835 3481 creatum,
859 3418 952 3470 sed
979 3431 1159 3470 verum
1187 3418 1351 3469 Deum
1375 3416 1520 3470 Patri
1542 3417 1743 3470 etFilio
1766 3432 1860 3484 per
1879 3431 1994 3469 om-

437 3509 528 3562 nia
578 3508 912 3569 homousion,
954 3508 1141 3560 eadem
1175 3521 1387 3560 sacrum
1422 3507 1721 3576 symbolum
1761 3506 1994 3573 Spiritus

426 3598 599 3652 sancti
623 3598 803 3651 verbis
830 3596 998 3650 fusius
1023 3597 1328 3665 explicavit,
1371 3597 1499 3664 quin
1525 3606 1579 3650 et
1606 3597 1992 3665 Apollinarium

431 3701 646 3754 quoque
667 3687 935 3738 hominem
968 3700 1093 3739 vere
1133 3684 1379 3739 stolidum
1421 3693 1474 3738 et
1514 3685 1757 3738 insanum
1801 3687 1868 3739 ab
1898 3685 1994 3738 Ec-

435 3774 596 3828 clesia
625 3773 846 3840 pepulit.

506 3863 632 3916 Post
657 3863 794 3914 hanc
818 3869 995 3914 autem
1031 3863 1267 3930 suscipio
1309 3877 1516 3916 sacram
1541 3864 1645 3923 200
1690 3873 1993 3917 sanctorum

437 3951 653 4004 Patrum
677 3950 1054 4018 doctorumque
1077 3950 1346 4003 hominum
1370 3951 1644 4019 synodum,
1675 3967 1789 4018 qua:
1810 3961 1995 4005 contra

434 4053 689 4094 vesanum
735 4037 1037 4093 Nestorium
1074 4039 1510 4108 blasphemasque
1552 4037 1788 4105 ejusdem
1836 4056 1994 4094 voces

434 4129 628 4200 Ephesi
666 4129 818 4193 colit,
859 4131 1215 4198 ‘eumdemque
1265 4131 1430 4200 gradu
1459 4138 1513 4184 et
1551 4129 1666 4184 loco
1727 4131 1912 4194 movit,
1943 4137 2002 4184 et

433 4235 593 4274 unam
613 4235 733 4274 esse
759 4219 955 4274 Christi
975 4211 1042 4273 ὀι
1062 4221 1155 4274 Dei
1185 4221 1350 4273 nostri
1378 4235 1681 4288 personam,
1711 4221 1842 4273 duas
1871 4235 1997 4273 vero

430 4312 668 4381 ejusdem
715 4321 934 4366 naturas
979 4313 1094 4366 sine
1129 4313 1236 4366 ulla
1278 4313 1592 4366 confusione
1621 4327 1685 4365 ac
1729 4313 1995 4367 divisione

432 4401 574 4454 inter
593 4416 652 4454 se
677 4402 855 4454 unitas
877 4401 1258 4465 determinans,
1291 4417 1455 4455 unum
1485 4417 1700 4455 rursum
1725 4403 1993 4456 eumdem-

432 4501 538 4556 que
569 4487 734 4541 Deum
760 4499 815 4541 et
837 4489 1104 4542 hominem
1139 4489 1298 4542 simul
1322 4505 1441 4542 esse
1483 4490 1781 4552 declarans,
1827 4505 1889 4543 ac
1912 4507 1994 4543 sa-

431 4589 579 4629 cram
605 4576 814 4629 tandem
851 4575 1112 4644 virginem
1146 4575 1364 4629 Mariam
1393 4590 1518 4630 vere
1543 4576 1862 4644 proprieque
1888 4575 1996 4632 dei—

433 4679 619 4732 param
655 4680 773 4719 esse
799 4666 1169 4734 pronuntians.
1206 4685 1213 4693 ·

504 4755 838 4822 Complector
856 4763 1046 4824 quarto
1085 4771 1294 4809 sacram
1323 4755 1426 4810 6'50
1447 4755 1746 4810 divinorum
1781 4756 1994 4825 Deoque

437 4845 735 4899 afllatorum
770 4845 984 4898 Patrum
1017 4847 1347 4900 Chalcedone
1384 4855 1689 4900 coactorum
1714 4849 1994 4916 synodum,

434 4950 555 5003 qua:
582 4933 922 5002 impiissimos
950 4935 1238 5004 Eutychcm
1263 4945 1315 4988 et
1331 4935 1664 4998 Dioscorum,
1687 4935 1998 4988 obscuram-

437 5039 540 5093 que
564 5037 627 5075 ac
657 5025 990 5076 tenebrosam
1021 5025 1325 5076 eorumdem
1360 5023 1722 5078 confusionem
1752 5024 2000 5076 condem-

438 5117 605 5170 navit.
635 5115 726 5168 liis
765 5115 1103 5168 anathemate
1128 5115 1402 5183 iugulatis,
1445 5131 1606 5167 uninn
1645 5114 2000 5181 vcumdcmque

434 5206 704 5262 Christum
747 5205 912 5258 Deum
943 5221 1005 5259 ac
1037 5206 1318 5259 Dominum
1365 5215 1606 5259 nostrum
1641 5213 1693 5257 et
1729 5205 1999 5258 hominem

435 5295 752 5365 perfectum,
790 5302 844 5348 et
871 5294 1036 5346 Deum
1078 5307 1289 5346 rursum
1321 5293 1617 5361 perfectum
1641 5308 1758 5346 esse
1793 5293 1845 5344 in
1869 5293 2001 5344 dua—

440 5383 540 5436 bus
563 5383 776 5451 quidem
809 5383 1036 5444 naturis,
1065 5382 1118 5435 in
1151 5397 1255 5435 una
1281 5395 1410 5435 vero
1453 5395 1680 5448 persona
1731 5378 2008 5432 inconfuse

442 5470 808 5540 lndivulseque
827 5474 1140 5526 existentem
1156 5471 1648 5540 piedeprardicavil.

514 5559 647 5615 Tum
675 5563 914 5630 quintam
939 5575 1148 5615 rursum
1193 5575 1400 5614 sacram
1435 5561 1530 5614 165
1570 5567 1875 5614 sanctorum
1903 5557 2003 5611 Pa-

2091 3139 2211 3194 λεων
2260 3141 2704 3214 συναθροισθεῖσαν
2755 3147 2852 3193 τῶν
2893 3141 2964 3211 ρν’
3002 3142 3345 3194 θεοπνεύστων
3393 3145 3644 3212 Πατέίωνο

2090 3231 2172 3283 τὸν
2211 3231 2406 3284 ἀνόσιον
2434 3231 2869 3300 πνευματομάχον
2907 3231 3215 3284 καθελοῦσαν
3251 3231 3536 3284 Μακεδόνων
3566 3235 3648 3286 καί
3733 3257 3742 3264 ·

2091 3325 2178 3376 τήν
2207 3326 2298 3374 τοῦ
2337 3321 2475 3390 ἱεροῦ
2504 3321 2760 3390 συμϐόλου
2793 3319 2978 3374 ἔκνοιαν
3021 3323 3402 3385 ἔξαπλὼσασαν,
3432 3326 3516 3376 καί
3543 3331 3647 3383 τοῖς

2090 3417 2182 3464 τοῦ
2218 3411 2360 3480 ἁγίου
2402 3412 2682 3480 Πνεῦματος
2713 3412 2874 3482 λόγοις
2903 3413 3339 3484 ἕπιτρανὼσασαν,
3381 3416 3498 3468 Θ;ὸν
3531 3417 3648 3474 ἀλη-

2092 3499 2219 3553 θινὸν
2256 3498 2517 3566 ὁμοούσιον
2565 3507 2637 3571 τῷ
2676 3503 2832 3574 Πατρί
2875 3505 2960 3554 καί
2998 3489 3069 3572 72,3
3107 3503 3206 3573 Υίῷ
3252 3507 3333 3555 καὶ
3375 3505 3430 3556 οὐ
3465 3507 3648 3570 κτίσμα

2091 3589 2237 3642 αὐτὸν
2290 3589 2670 3661 βεϐαιῶσασαν,
2727 3593 2811 3644 καί
2855 3589 3196 3664 ’Δπολινόιριον
3246 3593 3327 3646 τὸν
3365 3593 3646 3664 Λαοδικέα,

2093 3677 2175 3729 τὸν
2205 3673 2356 3736 ὅντως
2397 3674 2584 3747 ἄφρονα
2620 3680 2703 3730 καὶ
2737 3679 2944 3734 ἀνόητον
2991 3687 3080 3738 τῆς
3111 3679 3408 3740 ,Ἐκκὶητίας
3455 3684 3646 3744 tineam-

2092 3768 2336 3837 ρύξασαν.

2106 3889 2113 3894 -
2163 3855 2278 3910 Μεθ’
2321 3857 2378 3914 ἣν
2408 3861 2495 3914 τήν
2522 3858 2572 3909 ὲν
2609 3857 2796 3926 Ἐφέσῳ
2823 3857 2882 3910 τὸ
2917 3857 3159 3931 πρότερον
3184 3864 3645 3931 συναγηγερμένην,

2093 3953 2192 3998 τῶν
2213 3945 2355 4016 ἱερῶν
2376 3943 2645 4002 διακοσίων
2671 3945 2980 4000 διδασκάλων
3005 3948 3152 4018 ἁγίαν
3175 3948 3382 4002 σύνοδον
3409 3959 3531 4004 κατά
3565 3964 3652 4005 Χε-

2093 4036 2300 4104 στορίου
2325 4041 2416 4088 τοῦ
2454 4036 2811 4107 ματαιόφρονος
2845 4039 2927 4088 καὶ
2962 4045 3060 4091 τῶν
3099 4039 3276 4092 ἐκείνου
3303 4041 3643 4111 βλασφημιῶν,

2091 4120 2144 4177 δν
2163 4124 2459 4182 καθελοῦσα.
2476 4129 2592 4195 μίαν
2605 4132 2700 4180 τοῦ·
2713 4135 2938 4200 Χριστοῦ
2961 4131 3038 4182 γαί
3065 4135 3188 4182 Θεοῦ
3209 4132 3346 4198 ἡμῶν
3361 4131 3466 4183 καθ’
3480 4133 3650 4185 ἕνωσιν

2095 4215 2400 4278 ὑπόστασιν,
2431 4219 2513 4269 καί
2539 4211 2630 4270 δύο
2667 4219 2840 4287 φύσεις
2883 4220 3197 4288 ἀσυγχύτως
3235 4224 3316 4274 καί
3362 4221 3650 4296 ἀδιαιρέτωῖ

2098 4313 2261 4374 σοφῶς
2299 4304 2618 4376 ἐδογμάτισε,
2657 4310 2740 4360 τὸν
2771 4311 2926 4362 αὐτὸν
2959 4311 3081 4362 Θεὸν
3110 4313 3196 4363 καί
3232 4308 3488 4382 ἄνθρωποι
3525 4314 3653 4365 dmo-

2094 4399 2310 4466 φήνασα,
2347 4398 2431 4448 καί
2466 4401 2554 4453 τὴν
2579 4395 2725 4466 ἁγίαν
2763 4402 2974 4471 Μαρίαν,
3006 4401 3188 4472 κυρίως
3215 4403 3296 4454 καί
3319 4401 3508 4460 ἀληθῶς
3534 4411 3654 4454 650-

2095 4479 2240 4534 τόκον
2279 4479 2652 4552 ὁμολογήσασα.
3083 4479 3089 4484 ’

2165 4753 2302 4806 Μετὰ
2337 4759 2504 4806 ταῦτα
2525 4761 2624 4806 τῶν
2651 4753 2698 4806 ἕν
2727 4752 3019 4824 Καλχηδόνι
3055 4755 3444 4830 συνδραμόντων
3481 4759 3654 4820 ἐξα-ιο-

2099 4844 2222 4895 σίων
2247 4843 2510 4912 τριάκοντα
2534 4843 2703 4895 ίνθίων
2725 4845 2811 4898 καί
2827 4845 3086 4915 Θεοφόρων
3117 4848 3245 4898 Πατέ
3248 4866 3367 4917 ρων,
3401 4847 3510 4904 ἥτις
3538 4849 3658 4904 τοὺς

2101 4927 2390 4991 δυσσεϐεῖς,
2426 4927 2664 4998 Εὑτυχέα
2685 4933 2765 4983 καί
2802 4931 3094 5004 Διόσκορον,
3120 4939 3196 4983 καῑ
3236 4939 3324 4990 τήν
3351 4933 3544 5002 ζοφώδη
3577 4939 3658 4985 καὶ

2102 5020 2446 5090 ἐσκοτισμένην
2483 5022 2644 5072 αὐτῶν
2670 5022 2934 5092 σύγχυσιν
2976 5021 3295 5085 κατεδίκασε,
3323 5027 3406 5076 καί
3444 5027 3660 5084 τούτους

2101 5110 2522 5179 ἀναθεματίσασα,
2553 5110 2733 5162 τέλειον
2773 5113 2930 5164 αὐτὸν
2975 5113 3116 5174 Θεὸν,
3146 5116 3228 5165 καί
3255 5114 3436 5166 τέἳςιον
3466 5111 3658 5184 ἄνθρω-

2101 5221 2196 5254 nov
2222 5203 2308 5255 τὸν
2337 5203 2480 5255 αὐτὸν
2515 5203 2731 5275 Χριστὸν
2752 5205 2832 5254 καί
2857 5202 2975 5256 Θεὸν
3007 5205 3142 5274 ἡμῶν
3167 5207 3209 5256 ἐν
3241 5203 3332 5256 δυο
3359 5205 3546 5272 φύσεσι
3576 5206 3663 5255 κιί

2101 5291 2390 5344 ὑποστάσει
2440 5297 2531 5360 μιᾷ
2583 5292 2899 5361 ἀσυγχύτους
2949 5295 3028 5344 καὶ
3085 5291 3382 5367 ἀδιαιρέτως
3435 5287 3662 5351 εὐσεϐῶς

2106 5385 2413 5456 ἀνεκήρυξιν.

2177 5556 2288 5611 "Eri.
2321 5561 2412 5614 μὴν
2457 5558 2537 5610 καί
2571 5561 2661 5614 τήν
2699 5553 2838 5614 αὔεις
2869 5556 2975 5609 κατ’
2996 5557 3146 5614 αὐτὴν
3172 5560 3256 5613 τήν
3286 5555 3662 5628 Θεοφρούρητον
