3994 6198
339 207 482 272 193-

1306 205 1668 270 EPISTOLA
1707 209 1808 271 AD
1846 211 2155 276 LEONEM
2195 217 2288 277 III
2325 220 2618 284 PAPAM..

3466 235 3566 304 134

339 327 503 381 πόλιν
541 324 966 398 συγκροτηθεῖςαν
1003 323 1148 392 ἁγίαν
1186 325 1416 395 πέμπτην
1447 327 1658 382 σύνοδον
1685 337 1782 384 τῶν
1807 334 1885 405 ρῖε

2007 341 2146 388 trum
2187 335 2460 404 synodum,
2503 351 2620 404 quae
2655 336 2709 391 in
2737 338 2840 394 hac
2885 340 3077 397 iterum
3121 346 3298 403 divina
3340 349 3558 423 Deoque

337 419 500 489 ἁγίων
529 416 761 486 Πατίρων
787 415 945 482 ἡμῶν,
978 417 1085 476 ἦτις
1115 417 1180 470 τά
1211 415 1472 491 Θεοδώρου
1498 423 1582 473 καί
1605 425 1901 494 Νεστορίου,

335 508 470 577 πρὸς
506 501 562 559 δέ
601 505 688 556 καί
721 501 1022 575 Ὠριγὲνους.
1061 502 1277 573 Διδύμου
1319 525 1372 559 τε
1421 510 1508 560 καί
1544 509 1788 582 Εὐαγρίου
1817 511 1904 561 καί

335 601 442 648 τῶν
487 593 812 664 ἀμφάύτούς
840 591 1116 655 κακοδόξων
1147 595 1309 652 ἀσεϐῆ
1357 593 1606 666 δόγματα,
1645 585 1770 654 τέως
1813 599 1902 665 μὲν

338 685 488 756 παρὰ
539 689 647 740 τοῖς
689 680 885 740 πολλοῖς
919 683 1262 756 κρυπτόμενα,
1310 690 1576 738 τηνικαῦτα
1617 682 1671 738 δὲ
1713 692 1904 757 πικρῶς

341 768 623 843 ἆναςξυέντα
676 773 761 824 καί
813 771 1266 828 ἀναϐλαστῆσαντα
1317 773 1544 842 ἐξέτεμε·
1603 770 1663 826 δι’
1684 770 1748 825 ὧν
1801 777 1900 848 γὰρ

345 857 498 912 αἰετοί
553 856 830 930 ὶληρὼδουν
890 857 1312 928 μυθολογημάτων
1334 895 1350 920 ,
1397 857 1636 930 Ἰουδαϊκῇ
1699 879 1754 912 τε
1817 863 1903 914 καί

345 945 596 1022 ἐλληνικῇ
631 932 844 1018 ’μᾶλλον
865 984 884 1012 ,
941 945 971 1004 ἧ
1027 953 1348 1020 Χριστιανικῇ
1409 943 1525 1014 δόξῃ
1579 945 1903 1004 ἐπηκολούθη-

345 1057 466 1090 σαν.
1317 1057 1323 1068 '
1384 1097 1392 1106 ,
1769 1109 1776 1115 ι

413 1139 562 1208 ἐξῆς
605 1148 692 1201 τὴν
724 1143 868 1199 ἕκτην
907 1150 1006 1197 τῶν
1041 1143 1114 1214 ρο¹
1159 1143 1302 1216 ἱερῶν
1336 1143 1526 1222 ἀνδρῶν
1565 1150 1900 1219 οἰκουμενικήν

343 1230 560 1286 σύνοδον
617 1235 698 1286 καί
751 1230 910 1291 αυτὴν
957 1237 1086 1290 κατὰ
1135 1241 1289 1290 τοῦτο
1349 1237 1408 1290 τὸ
1459 1237 1708 1308 βασίλειον
1764 1235 1898 1294 ἄστυ

345 1326 675 1395 συνηγμένην,
703 1327 788 1378 καὶ
824 1331 921 1380 τῶν
945 1328 1077 1380 κατᾶ
1101 1327 1316 1398 Χριστὸν
1345 1328 1540 1397 φύσεων
1564 1330 1656 1388 τὰς
1680 1349 1734 1384 τε
1772 1327 1900 1384 ἰδιό-

342 1434 500 1472 τητας
537 1415 623 1466 καί
654 1415 888 1484 φυσικὰς·
909 1415 1160 1488 ένεργείας
1196 1419 1287 1470 καί
1320 1417 1541 1478 θελήσεις
1587 1417 1894 1492 κηρύεασαν,

343 1502 780 1571 ἆναθεματίσασαν
809 1499 861 1556 δὲ
883 1502 1140 1576 Θεόδωρον
1163 1504 1252 1558 τὸν
1281 1513 1372 1565 tu”;
1407 1509 1570 1580 Φαρὰν
1607 1508 1894 1573 έπίσκοπον,

344 1595 424 1644 καί
458 1594 714 1663 Ὃνὼριον,
764 1591 917 1661 Κῦρόν
967 1613 1019 1647 τε
1065 1595 1148 1647 καί
1187 1594 1406 1667 Σεδογιον,
1449 1597 1659 1668 neego»,
1709 1598 1896 1651 Παῦλον

2006 427 2209 479 addicta
2273 428 2484 482 civitate
2524 437 2728 494 coacta,
2782 431 2942 500 impia
2979 434 3261 504 Theodori,
3308 438 3560 509 Nestorii,

2001 507 2264 584 Origenis,
2307 517 2534 586 Didymi,
2560 519 2788 588 Evagrii,
2819 523 3248 593 reliquorumque
3275 507 3557 585 heretico;

2001 618 2120 656 rum
2153 606 2404 672 praedicta
2445 609 2764 662 sectantium
2795 611 3063 680 dogmata,
3099 615 3296 668 dudum
3347 618 3563 685 quidem

1999 701 2123 748 ante
2165 695 2302 762 apud
2341 695 2620 764 plerosque
2671 701 2904 764 occulta,
2945 717 3041 770 per
3089 703 3142 756 id
3181 719 3310 758 vero
3355 714 3561 777 tempus

1999 783 2219 836 acerbos
2245 785 2416 838 denuo
2454 801 2632 842 ramos
2664 790 3009 858 surculosque
3044 791 3390 859 proferentia,
3407 795 3554 863 jusle

1999 869 2196 924 excidit
2220 888 2233 923 :
2255 887 2372 939 qum
2396 873 2538 927 enim
2563 875 2661 943 ipsi
2684 887 2861 931 mente
2883 879 3049 932 delira
3070 889 3123 932 et
3141 871 3380 935 fabaloSe
3401 883 3564 951 profi-

1999 959 2272 1040 tebantur,
2289 975 2350 1012 ea
2365 960 2666 1016 Judaaorum
2680 972 2734 1016 et
2744 957 3072 1034 paganorum
3092 970 3458 1040 imaginationi
3470 989 3562 1026 vo-

1997 1046 2132 1110 rius,
2163 1033 2323 1114 quam
2367 1048 2794 1105 Christianorum
2823 1053 2944 1107 ﬁdei
2977 1065 3334 1110 consentanea
3379 1067 3556 1114 erant.

2065 1137 2192 1191 Post
2240 1140 2381 1194 hanc
2408 1148 2460 1194 et
2496 1149 2702 1194 sextam
2731 1158 2943 1212 quoque
2984 1153 3222 1199 sanctam
3251 1155 3303 1200 et
3331 1160 3562 1203 cacume-

1995 1229 2169 1283 nicam
2195 1229 2295 1282 170
2323 1240 2629 1286 sanctorum
2673 1235 2913 1288 virorum
2951 1237 3234 1306 synodum,
3274 1237 3467 1292 iterum
3493 1241 3552 1294 in

1995 1317 2138 1386 regia
2165 1317 2260 1371 hac
2281 1319 2412 1372 urbe
2452 1331 2823 1390 congregatam
2849 1338 3099 1388 veneror,
3138 1339 3256 1393 qua:
3276 1341 3374 1395 pro
3405 1335 3561 1381 natu-

1994 1421 2174 1460 rarum
2212 1406 2414 1460 Christi
2444 1409 2670 1474 ratione,
2699 1411 2936 1480 ejusdem
2963 1428 3172 1481 quoque
3201 1415 3558 1484 proprietates

1993 1495 2369 1570 naturalesque
2413 1500 2770 1566 Operationes,
2808 1509 2864 1554 et
2880 1501 3178 1556 voluntates
3226 1505 3470 1558 distinxit
3488 1520 3554 1558 ac

1990 1585 2315 1652 praedicavit,
2357 1593 2410 1640 et
2452 1588 2788 1644 Theodorum
2825 1591 3130 1659 episcopum
3169 1592 3403 1658 Pharan,
3445 1593 3554 1650 Ho—

343 1684 428 1732 καί
464 1683 667 1752 Πέτρον,
703 1681 821 1739 τούς
857 1686 1191 1754 συγχωρήσει
1237 1692 1364 1739 Θεοῦ
1401 1689 1531 1742 κατά
1574 1693 1664 1746 τήν
1699 1685 1885 1746 Ἐκκλη-

1995 1673 2223 1738 norium,
2270 1673 2486 1746 Cyrum,
2523 1675 2787 1746 Sergium,
2839 1655 3124 1750 liyrrh-um,
3171 1655 3414 1748 Paulum,
3463 1683 3559 1737 Pe-

341 1773 460 1822 σίαν
509 1770 560 1820 έν
600 1777 662 1842 τῇ
718 1770 966 1842 ἱερωσύνῃ
1012 1773 1387 1846 εἰσφθαρένταςο
1425 1773 1501 1830 ἴτι
1527 1777 1610 1830 καί
1643 1779 1896 1850 Μακάρων

343 1858 430 1912 εἰν
448 1855 763 1928 ’Δντιοχείας
811 1857 1156 1929 ὀνομασθέντα
1211 1863 1458 1937 πρόεδρον
1476 1903 1492 1928 ,
1529 1868 1614 1919 καί
1657 1868 1899 1938 Στέφανον

341 1953 426 2004 τὸν
476 1953 659 2007 τούτου
706 1953 928 2022 μαθητήν
949 1968 966 1986 ⁸
1006 1955 1134 2026 πρὸς
1175 1953 1228 2009 δέ
1277 1958 1360 2010 καί
1408 1956 1770 2028 Πολυχρόνιον,
1808 1961 1898 2012 τὸν

341 2042 643 2113 ηπιὸγρονα
678 2044 910 2116 γέροντα·
949 2042 994 2096 οἳ
1031 2041 1082 2096 ἓν
1125 2044 1328 2114 θέλημα,
1371 2048 1456 2099 καί
1497 2048 1613 2117 μίαν
1649 2047 1896 2119 ένέργειαν

341 2131 426 2184 Exi
473 2138 561 2186 τοῦ
613 2139 840 2202 Σωτῆρος
914 2133 1048 2202 ἡμῶν
1107 2133 1333 2207 Χριστοῦ
1385 2136 1471 2188 καί
1527 2141 1654 2188 Θεοῦ
1721 2133 1893 2198 ἐδόξα-

342 2224 450 2282 ζον.
1278 2243 1282 2247 ·

408 2397 520 2449 Ἐπί
555 2393 741 2454 ταύτης
771 2395 823 2450 δὲ
863 2395 1008 2450 πάλιν
1035 2397 1120 2449 καί
1155 2395 1284 2465 μετά
1311 2399 1474 2448 ταῦτα
1499 2398 1588 2452 τήν
1615 2395 1664 2447 ἂν
1705 2393 1896 2466 Νικαίᾳ

341 2485 404 2538 τό
435 2482 672 2555 δεύτερον
707 2485 1042 2539 συνελθοῦσαν
1065 2490 1161 2538 τῶν
1182 2485 1233 2537 ίν
1267 2491 1372 2543 τοῖς
1398 2479 1504 2536 καθ’
1524 2485 1655 2552 ἡμᾶς
1681 2481 1892 2552 χρόνοις

337 2577 412 2648 ρν⁹
433 2563 696 2645 ’Πατέρων
745 2573 958 2643 ἕϐδόμήν
993 2577 1077 2627 καί
1113 2574 1244 2648 ίεράν
1279 2571 1487 2627 σύνοδον
1510 2613 1525 2636 ,
1569 2574 1678 2632 ἥτις
1722 2573 1894 2632 πάσας

339 2665 436 2720 τὰς
465 2663 823 2732 προλαϐούσας
860 2662 1007 2733 ἁγίας
1043 2661 1283 2720 συνόδους
1321 2661 1678 2734 ίπεσφρὰγισε,
1706 2661 1793 2714 καί
1827 2661 1892 2716 τὰ

338 2753 536 2804 τούτων
571 2747 818 2821 δόγματα,
858 2756 958 2804 τῶν
1003 2755 1202 2804 σεπτῶν
1248 2751 1333 2802 καί
1377 2750 1514 2824 ἱερῶν
1558 2749 1754 2802 εἰκόνων
1803 2755 1892 2808 τήν

337 2839 566 2910 ἀρχῆθεν
626 2835 1028 2911 παραδεδομένην
1095 2845 1157 2907 τῇ
1212 2837 1477 2908 Ἐκκλησία
1549 2834 1891 2910 προσκύνησιν

335 2929 627 2992 ἀνεδέξατο,
666 2927 887 3004 ὁρίσασα
927 2928 1284 3002 παραπλησίως
1321 2928 1475 2986 «ora;
1518 2921 1590 2995 τῷ
1629 2927 1774 2994 τύπῳ
1801 2931 1885 2980 τοῦ

333 3010 582 3083 ζωοποιῶ
653 3025 872 3092 σταυροῦ
938 3019 1341 3094 προσκυνεῖσθαι.
1411 3015 1740 3084 ’Δπεϐἁλομεν
1793 3023 1884 3076 τῆς

333 3111 626 3172 Ἐκκλεεσίας
659 3113 780 3172 τούς
814 3109 888 3184 ἄγ’
907 3109 1053 3183 ὕϐρει
1088 3112 1172 3164 καί
1215 3115 1535 3180 καταστροφῇ
1577 3109 1768 3162 τούτων
1807 3127 1886 3161 κε-

329 3201 736 3270 νολογήσαντας,
785 3199 870 3254 καί
913 3194 1012 3253 τῶν
1059 3191 1366 3270 Χριστιανῶν
1419 3198 1882 3268 κατηγορήσαντας,

337 3287 419 3342 ὅτι
446 3291 516 3347 ὡς
543 3291 670 3347 θεοῖς
697 3289 870 3348 αὐτοῖς
897 3286 1296 3362 προσεκύνησαν·
1327 3284 1564 3338 τουτέστι
1592 3281 1880 3348 Θεοδόσιον,

335 3383 618 3448 Βασίλειον,
665 3384 910 3456 Σισίννιον,
933 3382 1052 3440 τοὺς
1104 3377 1390 3452 παροράσει
1443 3381 1568 3431 Θεοῦ
1621 3375 1882 3448 ἱερατικῶν

329 3472 514 3544 θρόνων
548 3470 824 3544 ἄρξαντας.

397 3645 497 3694 καί
523 3639 716 3702 ταύτας
751 3643 844 3700 τὰς
871 3640 1128 3716 εἰρημένας
1156 3637 1298 3707 ἁγίας
1344 3636 1684 3708 οἱκουμενικὰς
1731 3637 1880 3691 συνόο

323 3727 454 3788 δους
497 3729 840 3798 ἀποδέχομαι,
867 3731 954 3782 καί
989 3729 1182 3782 πάντων
1203 3733 1300 3782 τῶν
1329 3727 1558 3796 ἐκκρίτων
1595 3728 1680 3795 καί
1717 3747 1880 3796 μακα·

476 3817 702 3888 Πατέρων
735 3817 800 3870 τά
833 3835 887 3868 τε
913 3813 1136 3885 δόγματα
1170 3815 1260 3866 καί
1279 3816 1545 3884 πονὴματα
1565 3814 1875 3885 ἀσπάζομαι,

328 3907 400 3965 ὥς
427 3904 748 3962 διδασκαλίαν
779 3908 1105 3964 ἀνεπίληπτον
1129 3908 1212 3960 καί
1253 3908 1504 3979 σωτηρίας
1541 3907 1778 3972 θεμέλιον,
1803 3911 1880 3962 καί

329 3993 418 4054 οὓς
441 3997 473 4052 ἡ
499 3995 725 4053 καθολικὴ
744 3994 1003 4053 Ἐκκλησία
1027 3997 1292 4068 προσίεται
1319 3993 1662 4066 ἀποδέχομαι,
1684 3999 1768 4049 καί
1793 3995 1879 4056 οὓς

325 4082 670 4148 ἀποτρέπεται
704 4084 1103 4156 ἀποστρέφομαι.
1141 4081 1504 4151 Ἀποϐοἱλλομαι
1541 4082 1594 4137 δέ
1632 4087 1716 4137 καί
1753 4105 1879 4138 παν·

329 4171 485 4231 τελῶς
512 4173 859 4246 ἁποτρέπομαι
893 4175 1014 4232 τοὺς
1049 4173 1150 4228 ἀπὸ
1191 4177 1404 4244 Σίμωνος
1443 4179 1532 4228 τοῦ
1571 4172 1760 4246 Μάγου,
1794 4177 1878 4230 καί

1992 1767 2152 1826 trum,
2180 1763 2268 1830 qui
2290 1765 2554 1834 permissu
2572 1766 2667 1818 Dei
2691 1782 2788 1836 per
2813 1769 3207 1837 corruptionem
3240 1778 3293 1822 et
3315 1769 3556 1829 fraudem

1991 1849 2048 1903 in
2077 1851 2328 1909 Ecclesiae
2354 1857 2714 1910 sacerdotium
2742 1859 3090 1928 irrepserant,
3135 1861 3422 1916 Macarium
3448 1863 3558 1918 An-

1992 1945 2202 1999 tiochia:
2233 1947 2552 2014 antistitem,
2578 1956 2632 2002 et
2670 1948 2999 2018 Stephanum
3051 1951 3268 2006 Macarii
3325 1955 3556 2024 discipu-

1991 2031 2122 2097 lum,
2149 2042 2203 2086 et
2248 2034 2656 2104 Polychronium
2686 2038 2941 2106 puerilem
2978 2039 3328 2107 insanumque
3367 2057 3550 2097 senem

1991 2121 2314 2175 anathemati
2340 2123 2564 2190 subjecit
2591 2142 2604 2177 :
2637 2135 2798 2178 unam
2822 2127 2965 2180 enim
2992 2127 3048 2181 bi
3079 2129 3338 2182 duntaxat
3369 2130 3554 2184 volun-

1990 2219 2175 2278 tatem,
2207 2229 2471 2283 unamque
2507 2217 2872 2284 operationem
2914 2217 3127 2275 Christo
3156 2219 3428 2276 Servatori
3451 2237 3552 2276 no-

1990 2311 2103 2358 stro
2133 2305 2467 2359 tribuendam
2501 2321 2622 2361 esse
2648 2308 2932 2363 docebant.

2046 2391 2275 2459 Recipio
2306 2391 2520 2446 tandem
2565 2395 2849 2461 septimam
2872 2408 3081 2450 sacram
3120 2398 3220 2451 l50
3246 2408 3554 2457 sanctorum

1989 2480 2211 2536 Patrum
2238 2483 2499 2552 synodum
2541 2492 2725 2537 nostro
2759 2485 2862 2540 hoc
2895 2500 3008 2540 aevo
3036 2487 3088 2539 in
3118 2487 3330 2544 civitate
3375 2489 3550 2545 Nicaea

1989 2570 2160 2626 denuo
2191 2571 2534 2634 celebratam,
2559 2586 2676 2640 qua:
2713 2587 2899 2627 omnes
2953 2577 3316 2642 praecedentes
3361 2593 3543 2638 sacras

1988 2661 2218 2730 synodos
2245 2674 2539 2728 earumque
2579 2659 2829 2729 dogmata
2855 2677 2920 2715 ac
2957 2643 3170 2716 décreta
3210 2665 3550 2722 conﬁrmavit

1987 2757 2041 2804 et
2065 2750 2458 2816 quodammodo
2477 2749 2803 2818 obsignavit,
2833 2766 3213 2820 sacrarumque
3235 2769 3299 2808 ac
3325 2770 3551 2809 venera-

1986 2836 2174 2890 bilium
2217 2836 2514 2910 imaginum
2553 2835 2753 2889 cultum
2779 2837 3253 2906 adorationcmque
3273 2837 3386 2906 jam
3427 2841 3550 2896 inde

1987 2925 2053 2980 ab
2075 2925 2224 2980 initio
2248 2925 2500 2980 Ecclesiis
2529 2926 2779 2978 traditam
2805 2927 3038 2996 suscepit
3054 2927 3401 2997 deﬁnivitque
3430 2945 3540 2985 non

1984 3030 2138 3070 secus
2157 3016 2488 3070 venerandas
2515 3031 2634 3069 esse
2659 3024 2818 3086 atque
2842 3017 3068 3072 viviﬁcm
3094 3020 3269 3072 crucis
3296 3020 3546 3090 efﬁgiem.

1978 3106 2082 3160 Eos
2132 3105 2364 3180 proinde
2413 3120 2480 3160 ex
2513 3105 2776 3178 .Ecclesiis
2805 3105 3066 3174 ejicimus,
3106 3108 3195 3176 qui
3249 3107 3542 3162 in-harum

1979 3194 2348 3250 contumeliam
2377 3202 2431 3248 et
2459 3195 2790 3249 eversionem
2841 3195 2978 3249 futili
3032 3197 3348 3266 garrulitate
3391 3197 3548 3252 Chri~

1979 3285 2166 3340 stianis
2191 3287 2472 3352 insultant,
2515 3289 2666 3356 quasi
2703 3283 2922 3342 deorum
2961 3291 3079 3344 loco
3134 3292 3395 3347 hactenus
3429 3293 3544 3346 illas

1976 3373 2203 3428 habeant
2225 3383 2668 3459 venerenturque,
2692 3378 2874 3444 quales
2899 3387 3022 3432 sunt
3049 3379 3378 3434 Theodosius
3405 3420 3420 3444 ,
3444 3381 3545 3434 Ba-

1978 3461 2146 3525 silius,
2173 3471 2227 3515 et
2255 3461 2547 3527 Sisiunius,
2592 3465 2679 3532 qui
2721 3466 2814 3518 Dei
2852 3467 3201 3533 permissioue
3221 3469 3537 3537 episcopali-

1976 3548 2075 3602 bus
2089 3551 2303 3606 sedibus
2319 3551 2454 3620 prter
2453 3566 2598 3606 uere.

2045 3635 2154 3690 llas
2177 3621 2354 3706 itaque
2382 3641 2664 3708 prccdictas
2689 3654 2870 3693 sacras
2907 3648 2958 3694 et
2983 3642 3338 3697 meumenicas
3377 3658 3538 3714 syno-

1977 3725 2074 3780 dos
2123 3728 2373 3796 suscipio,
2427 3737 2480 3782 ct
2515 3730 2756 3782 omnium
2814 3730 3110 3784 electorum
3156 3732 3540 3802 beatorumque

1976 3813 2191 3868 Patrum
2218 3814 2464 3886 dogmata
2506 3825 2560 3870 et
2585 3817 2858 3886 opuscula,
2901 3827 3101 3890 atquae
3152 3819 3222 3872 ab
3269 3821 3412 3873 onmi
3450 3836 3536 3874 re.-

1973 3903 2326 3970 prehensionc
2379 3905 2607 3962 alienam
2647 3907 2948 3961 doctrinam
3001 3907 3299 3976 salutisque
3346 3907 3537 3963 fundao

1976 4002 2212 4046 mentum
2257 3995 2582 4059 contineant,
2621 4011 2686 4049 ex
2721 3997 2900 4051 animo
2929 3997 3272 4064 complector,
3322 3997 3534 4050 demum

1975 4096 2316 4150 quoscunque
2344 4083 2579 4138 Ecclesia
2604 4087 2864 4140 catholica
2895 4086 3102 4154 recipit,
3127 4086 3244 4151 illos
3277 4101 3374 4154 ego
3398 4101 3538 4153 quo-

1977 4186 2079 4239 que
2099 4171 2318 4240 recipio,
2341 4182 2396 4226 et
2418 4187 2760 4243 quoscunque
2784 4175 2885 4228 ista
2908 4184 3207 4240 aversatur,
3235 4175 3351 4229 illos
3389 4176 3533 4244 ipsos

323 4259 494 4332 μέχρι
527 4266 614 4314 τοῦ
671 4259 819 4338 δεῦρο
855 4271 944 4324 τῆς
993 4263 1250 4322 εὐσεϐείας
1303 4263 1624 4317 παντάπασιν
1681 4263 1874 4318 ἀποπε-

1984 4267 2032 4312 et
2070 4272 2171 4328 ego
2217 4259 2400 4314 itidem
2454 4275 2691 4314 aversor.
2745 4261 3008 4316 Exsecror
3043 4262 3206 4316 etiam
3248 4263 3528 4331 modisque

326 4347 610 4412 πτωκὸτας,
647 4354 733 4404 καί
781 4349 949 4414 δόξαις
994 4358 1220 4426 πονηρῶν
1263 4350 1525 4424 δογμάτων
1567 4354 1648 4405 καί
1695 4354 1872 4425 φθορο-

325 4440 481 4490 ποιῶν
516 4437 840 4510 έμφυρέντας,
865 4441 948 4491 καί
986 4443 1074 4497 τὴν
1111 4445 1208 4494 τῶν
1255 4438 1406 4510 ἁγίων
1441 4441 1720 4516 παράδοσιν
1745 4443 1878 4524 .029:-

323 4529 595 4591 τήσαντας,
639 4530 722 4582 καί
763 4529 846 4583 τὸν
883 4531 1058 4602 πικρὸν
1091 4535 1188 4584 τῶν
1225 4534 1447 4594 ζιζανίων
1479 4533 1672 4608 σπόρον
1718 4555 1873 4590 συνα-

323 4613 520 4682 ναμίξαι
552 4611 734 4686 “ritis
767 4617 1052 4694 ὃρθοδοξίας
1079 4619 1270 4694 ἀρούρᾳ
1305 4621 1648 4691 τολμήσαντας
1685 4623 1872 4685 αὐτούς

320 4721 376 4754 τε
427 4703 789 4773 ἆναθεματίζω,
831 4710 916 4762 καί
971 4709 1160 4768 πάντας
1205 4710 1322 4768 τούς
1369 4702 1642 4778 επομένους
1681 4713 1868 4779 αὐτοῖς,

320 4794 404 4843 καὶ
439 4794 505 4851 ὡς
541 4793 702 4863 λύμην
751 4804 842 4855 τῆς
891 4799 1020 4852 κατὰ
1053 4799 1268 4871 Χριστόν
1316 4799 1604 4860 Ἐκκλησίας
1641 4799 1869 4858 διαπτύω

321 4884 403 4933 καί
435 4891 507 4956 τῷ
531 4885 802 4957 ἁναθέματι
827 4888 1204 4942 καθυποεάάλω.
1236 4893 1395 4960 Ἦμεῖς
1431 4891 1522 4958 μέν
1549 4885 1633 4943 οὖν
1659 4891 1714 4944 τό
1753 4891 1870 4959 ἡμέε-

319 4990 461 5042 τερον
495 4975 719 5048 τρόνημα
751 4985 864 5036 τοῖς
910 4979 1310 5049 μακαριωτάτοις
1355 4979 1474 5049 ύμῖν
1518 4981 1600 5033 καί
1633 4977 1870 5035 Θιοδιδά·

319 5079 451 5118 κτοις
501 5065 632 5117 κατὰ
683 5072 849 5122 ταῦτα
885 5063 1225 5133 δεδηλωμένων
1273 5071 1761 5140 προσπεφωνήκαμεν
1796 5075 1869 5139 τῷ

320 5141 502 5201 ἄνωθεν
554 5153 872 5224 κεκρατηκότι
930 5153 1319 5225 έκκλησιαστικῷ
1383 5156 1552 5225 θεσμῷ
1620 5155 1866 5225 ἑπόμενοι,

319 5229 421 5286 οἷόν
457 5257 552 5290 τινι
583 5239 805 5310 ἐμψύχῳ
847 5246 1038 5315 κήρυκι,
1066 5250 1136 5312 τῷ
1161 5241 1216 5297 δὲ
1253 5246 1390 5313 ἡμῶν
1417 5244 1870 5317 προσχρησάμενα

320 5328 392 5393 τῷ
427 5325 720 5398 γράμματι,
750 5338 839 5388 τῆς
865 5332 914 5382 ἐν
941 5339 1135 5405 Χριστῷ
1182 5334 1380 5404 ἀγάπης
1431 5336 1514 5387 καί
1553 5336 1681 5405 πρὸς
1723 5335 1868 5392 ἀλλή-

319 5407 434 5470 λους
467 5419 751 5485 συμπνοίας
793 5419 874 5470 καί
911 5417 1139 5487 ὁμονοίας
1191 5421 1284 5478 τὰς
1326 5419 1506 5492 ἐγγύας
1555 5423 1863 5492 ἐπαγομένῳ.

321 5495 456 5554 Ἡδὲ
487 5500 712 5576 ύμεετέρα
752 5506 1064 5576 ποθεινοτὶρα
1109 5508 1158 5561 ἰν
1207 5511 1363 5583 κυρίῳ
1409 5508 1676 5581 ἀδελφότης
1721 5513 1862 5578 ἀμεί-

1976 4349 2222 4402 omnibus
2240 4349 2496 4419 detestor,
2519 4350 2611 4418 qui
2635 4365 2667 4403 a
2697 4350 2914 4406 Simone
2947 4351 3095 4422 Mago
3123 4352 3531 4422 appellationem

1973 4439 2148 4493 sortiti
2167 4445 2220 4492 et
2247 4439 2314 4492 ab
2339 4440 2482 4493 omni
2515 4455 2734 4509 prorsus
2767 4442 2966 4510 pietate
2993 4444 3158 4508 exuti,
3198 4443 3263 4497 ad
3290 4459 3522 4512 praesen-

1972 4536 2078 4587 tem
2107 4543 2275 4596 usque
2294 4529 2430 4582 diem
2469 4543 2752 4597 pravorum
2797 4525 3197 4601 exitialiuinque
3221 4536 3528 4602 tlogmatum

1971 4618 2305 4687 opinionibus
2359 4627 2666 4673 sanctorum
2705 4619 3043 4674 traditionem
3073 4620 3346 4676 inﬁrmare
3382 4623 3528 4676 viru-

1971 4706 2278 4776 lentumque
2307 4708 2635 4762 zizaniorum
2671 4725 2854 4764 semen
2893 4711 3202 4765 orthodoxa:
3240 4712 3363 4766 ﬁdei
3393 4728 3522 4783 agro

1970 4797 2274 4864 immiscere
2319 4813 2422 4852 non
2465 4808 2716 4862 cessant;
2773 4801 2895 4863 hos,
2944 4799 3184 4867 inquam,
3228 4815 3524 4870 omnesque

1971 4886 2274 4941 eorumdem
2299 4902 2553 4955 sequaces
2587 4901 2854 4952 exsecror,
2881 4897 2936 4941 et
2960 4889 3120 4960 veluti
3162 4891 3524 4950 Ecclesiarunt

1971 4973 2168 5030 Christi
2203 4985 2378 5044 pestes
2416 4991 2607 5044 respuo
2627 4988 2682 5030 et
2715 4978 3128 5032 anathematizo.
3168 4979 3276 5032 Nos
3303 4982 3524 5049 proinde

1971 5064 2329 5118 Ecclesiarum
2354 5067 2704 5130 sanctionem,
2739 5065 2982 5134 qumjam
3009 5068 3131 5124 inde
3152 5070 3218 5124 ab
3247 5070 3397 5124 initio
3429 5073 3523 5123 ob-

1973 5155 2152 5218 tinuit,
2187 5155 2378 5220 secuti,
2428 5157 2574 5211 hisce
2618 5157 2818 5212 nostris
2859 5157 3053 5214 litteris
3078 5159 3241 5213 veluti
3285 5161 3519 5213 animato

1971 5245 2197 5312 quodam
2222 5259 2488 5313 praecone,
2523 5253 2578 5298 et
2605 5247 2882 5300 charitatis
2908 5247 2960 5300 in
2985 5247 3198 5302 Christo
3223 5256 3520 5313 mutuasque

1969 5333 2110 5387 inter
2137 5347 2234 5390 nos
2257 5335 2555 5388 concordiae
2579 5345 2633 5388 et
2659 5337 2907 5391 amicitia:
2926 5337 3149 5408 vadibus
3172 5337 3274 5398 usi,
3315 5349 3409 5388 vos
3433 5351 3520 5410 sa-

1967 5419 2211 5474 lutandos
2260 5429 2599 5490 nostramque
2648 5425 2962 5477 sententiam
3009 5423 3156 5475 vobis
3190 5421 3516 5480 beatissimis

1967 5511 2180 5578 Deoque
2225 5512 2426 5566 edoctis
2469 5515 2610 5567 hunc
2649 5515 2700 5567 in
2747 5515 2956 5566 modum
2989 5511 3274 5564 faciendam
3307 5514 3521 5584 putavi-
