3952 6202
231 235 312 303 tot
1207 232 1524 294 samera
1555 231 1958 293 ADVERSUS
2005 231 2554 294 ICONOMACIIOS.
3371 220 3478 299 i202

3065 379 3470 393 -u—mou..__~

1220 477 1492 565 ANG.
1570 474 1779 562 MAI
1861 475 2495 572 PRIEFATIO

323 633 396 694 in
461 633 528 693 S.
569 629 913 713 Nicephori
955 624 1636 724 Constantinopolitani
1683 625 1914 705 scripta
1977 629 2274 692 adversus
2329 633 2785 696 Iconomachos
2845 637 2923 697 ab
2987 638 3128 717 ipso
3167 638 3358 700 edita.

1416 745 1739 807 (Bibliotheca
1769 750 1926 811 Nova,
1957 757 1991 799 t.
2017 751 2072 810 V,
2109 766 2155 814 p.
2193 753 2263 814 v.)

286 868 323 924 1.
368 866 634 922 Sor-ctum
667 861 1034 935 Nicephorum
1061 863 1325 918 doctrinae
1353 861 1686 930 pietatisque
1721 861 1942 918 detibus
1974 875 2200 920 cunctos
2225 866 2539 937 Byzantinus
2578 867 2841 923 Ecclesim
2877 881 2997 938 post
3027 869 3480 940 Chrysostomunt

229 956 468 1024 praesules
498 968 816 1022 superasse,
856 965 984 1006 vere
1017 950 1147 1004 mihi
1177 948 1384 1003 dixisse
1410 947 1626 1002 videtur
1652 948 1948 1005 Auselmns
2009 950 2336 1020 Bandurius,
2374 955 2465 1024 qui
2502 955 2644 1009 illius
2678 970 2844 1025 opera
2892 973 2958 1011 ex
3011 974 3149 1011 mss.
3199 959 3476 1028 colligi-re,

232 1056 274 1100 et
297 1045 506 1099 duobus
541 1041 942 1112 comprehensa
974 1038 1340 1094 voluminibus
1362 1037 1528 1092 edere
1576 1037 1980 1104 consdtucrat;
2034 1053 2345 1110 quanquam
2383 1041 2502 1111 ejus
2525 1041 2840 1108 consilium,
2883 1059 2987 1097 non
3038 1045 3256 1098 insolito
3287 1045 3481 1104 linum-

240 1148 414 1190 narunt
449 1147 638 1186 rerum
664 1145 818 1194 casu,
856 1136 1044 1196 postea
1089 1124 1334 1181 evanuit.
1373 1123 1506 1178 Mihi
1564 1123 1617 1177 iu
1649 1123 1914 1179 Vaticana
1959 1123 2288 1182 bibliOtheCa
2313 1128 2418 1182 duo
2449 1143 2561 1198 pra:
2580 1124 2808 1184 casteria
2839 1133 3122 1199 ~obscrrati
3157 1133 3375 1185 luerunt
3401 1136 3484 1184 in.

239 1222 493 1277 editorum
519 1217 813 1288 Nicephori
847 1215 1172 1284 scriptorum
1203 1213 1458 1267 codices:
1499 1226 1641 1266 unus
1681 1210 1864 1266 in-l'ol.
1896 1213 2298 1282 pulcherrimus
2329 1223 2506 1280 vetus,
2553 1214 2710 1282 cujus
2741 1217 2975 1285 primam
3019 1217 3271 1286 paginam
3315 1219 3484 1271 habes
3541 1231 3552 1242 ’

237 1309 283 1362 in
315 1309 416 1362 hoc
444 1316 635 1360 nostro
664 1303 942 1358 volumine
967 1309 1078 1356 are
1097 1313 1390 1363 excusant;
1422 1299 1577 1366 isque
1596 1297 1846 1352 continet
1878 1317 1891 1351 :
1934 1300 1986 1352 l.
2018 1299 2428 1368 Apologeticum
2459 1315 2554 1370 pro
2584 1303 2758 1356 sacris
2791 1303 3324 1372 imaginibusmncm
3359 1305 3482 1357 dico
3507 1309 3522 1321 '

233 1396 500 1466 majorem,
528 1397 587 1448 u't
609 1403 640 1448 'a
673 1393 887 1447 minore
925 1389 1032 1444 alio
1062 1389 1418 1465 distinguant,
1455 1391 1524 1441 de
1554 1401 1663 1456 quo
1695 1385 1879 1453 mox);
1912 1384 1966 1438 9..
2003 1383 2138 1440 Tres
2163 1389 2426 1442 adversus
2461 1388 2876 1442 Constantinum
2903 1390 3329 1460 Cuprouymutn,
3359 1391 3446 1444 lco
3466 1421 3481 1430 -

237 1485 540 1538 noinacbunt
569 1483 770 1544 dirum,
797 1477 1218 1532 Antirrheticos.
1241 1476 1394 1528 Alter
1418 1483 1599 1528 autem
1624 1475 1808 1543 (quem
1837 1473 1999 1541 paulo
2021 1475 2196 1526 serius
2219 1483 2396 1542 empta
2411 1473 2525 1544 jam
2554 1475 2794 1530 editione
2827 1476 3049 1546 reperi),
3081 1480 3294 1546 priscus
3325 1495 3479 1546 teque
3529 1525 3539 1531 ,

232 1574 404 1630 codex.
430 1569 773 1639 subjunctam
815 1563 1036 1619 Nicaeuo
1071 1579 1110 1618 ιι
1143 1556 1376 1618 concilio
1399 1560 1628 1630 praebuit
1674 1559 1810 1613 inihi
1841 1559 2086 1628 ejusdem
2123 1560 2738 1639 Nicephoriorationem
2769 1578 2862 1617 seu
2899 1564 3139 1618 libellum
3173 1581 3268 1634 pro
3303 1578 3485 1620 sacris

233 1661 342 1712 item
375 1637 732 1727 imaginibus,
753 1668 914 1722 quem
947 1650 1341 1722 Apologelicum
1363 1649 1616 1702 minorem
1637 1646 1918 1718 inscripsi.
1948 1645 2116 1702 Porro
2147 1649 2293 1703 hunc
2323 1649 2589 1705 minorem
2617 1637 2984 1718 aNicephoro
3016 1650 3189 1706 fuisse
3217 1657 3484 1720 composi-

233 1759 326 1799 tum
355 1748 462 1798 sub
508 1743 693 1798 Leone
721 1741 1004 1805 Armenio,
1032 1739 1235 1809 pariter
1257 1735 1640 1802 lconomacho,
1691 1749 1836 1789 anno
1860 1733 2002 1800 815;
2055 1734 2315 1804 majorem
2341 1747 2544 1804 autem,
2583 1747 2841 1808 regnante
2873 1739 3084 1803 eodem,
3115 1755 3206 1792 an.
3233 1739 3358 1802 817,
3385 1745 3482 1794 dc-

233 1833 514 1887 tnoustravi
545 1833 596 1884 iu
622 1838 773 1901 parte
813 1827 1103 1883 voluminis
1136 1825 1329 1880 Latina
1369 1840 1424 1894 p.
1463 1825 1522 1878 ll
1550 1833 1606 1878 et
1632 1822 1752 1877 174.
1780 1821 2046 1876 Editionis
2071 1833 2253 1878 autem
2285 1824 2430 1880 [tunc
2460 1825 2707 1880 ordinem
2735 1825 2920 1901 tenui,
2955 1837 3008 1880 ut
3033 1827 3207 1895 primo
3232 1838 3341 1882 tres
3373 1831 3485 1882 An-

230 1923 510 1974 :irrlieticos
541 1898 823 1989 ponerem,
849 1931 1078 1986 quorum
1097 1913 1475 1986 jucundiorem
1497 1910 1784 1967 lectionem
1817 1909 1931 1964 fore
1959 1911 2264 1966 existimavi
2292 1931 2305 1966 :
2335 1913 2529 1968 deinde
2577 1898 2842 1983 Majorem
2877 1915 3296 1985 Apologeticum,
3329 1920 3484 1986 cujus

231 2009 506 2076 prolixius
540 2018 594 2064 et
623 2007 732 2060 alta
765 2003 1048 2074 theologia:
1075 2013 1254 2059 strues
1287 2001 1460 2056 multo
1485 2000 1662 2070 majus
1689 1997 2057 2054 studiosorum
2082 1998 2254 2053 otium
2293 2000 2554 2069 requirit:
2578 2010 2763 2071 postea
2801 2002 3060 2057 collocavi
3086 2002 3481 2073 Apologelhzu‘m

234 2099 474 2151 minorem
507 2110 630 2150 cum
671 2094 924 2164 adjuncta
976 2091 1425 2161 interpretatione
1457 2107 1472 2142 :
1508 2087 1738 2157 denique
1769 2086 1935 2141 trium
1988 2086 2460 2164 Antirrhcticorum
2493 2100 2546 2142 et
2581 2089 2904 2159 Apologett'ci
2954 2091 3178 2158 majoris
3226 2093 3478 2146 Latinam

233 2186 344 2236 item
397 2181 936 2252 interpretationem,
970 2193 1094 2232 cum
1121 2178 1268 2232 brevi
1298 2177 1646 2231 materiarum
1674 2173 1878 2230 indice.

296 2271 354 2325 ll.
398 2269 613 2326 Bellum
645 2268 786 2338 apud
812 2265 1044 2322 Graecos
1065 2263 1520 2320 lconoclasticum
1545 2278 1668 2316 cum
1696 2261 1847 2317 multi
1889 2261 2002 2330 jam
2037 2264 2379 2333 scripserint,
2406 2279 2505 2336 ego
2533 2266 2672 2322 hanc
2699 2269 2915 2336 quidem
2943 2269 3218 2324 crambem
3249 2287 3354 2324 non
3387 2286 3478 2323 re-

241 2375 468 2429 coquam
510 2375 526 2412 :
562 2355 658 2412 sed
693 2357 818 2426 quia
843 2353 1188 2423 Nlcephorus
1224 2353 1276 2405 in
1305 2349 1534 2405 Minoris
1568 2349 1893 2421 Apologetici
1943 2352 2102 2406 titulo
2128 2354 2203 2406 ait
2231 2367 2290 2407 se
2334 2367 2496 2408 causa
2529 2355 2654 2408 novi
2689 2357 3002 2429 schismatis
3059 2358 3323 2425 scribere,
3375 2349 3478 2411 huc
3555 2395 3564 2401 -

237 2427 394 2500 unum
433 2448 637 2504 dicam,
670 2441 970 2497 demortuis
997 2449 1308 2495 sanctarum
1342 2438 1640 2508 imaginum
1672 2439 1920 2494 hostibus
1952 2437 2137 2494 Leone
2187 2439 2430 2496 Isaurico
2472 2451 2527 2496 et
2552 2439 2935 2514 Coprouymo,
2963 2427 3137 2516 eaque
3197 2447 3388 2502 haeresi
3425 2449 3477 2502 iu

228 2534 455 2588 Nic-aeno
480 2542 524 2587 tt
552 2530 784 2585 concilio
805 2545 898 2583 an.
932 2521 1057 2593 787,
1080 2528 1356 2590 damnata,
1378 2539 1567 2580 rursus
1591 2527 1690 2579 sub
1718 2524 1898 2581 Leone
1922 2526 2204 2592 Armenio,
2237 2542 2397 2598 quem
2430 2528 2606 2584 laetus
2623 2522 2732 2596 jam
2765 2534 3073 2600 patriarcha
3097 2531 3470 2604 Nicepliorus,

130 2674 144 2689 ,
225 2639 311 2675 an.
337 2621 478 2685 8T3,
509 2623 889 2682 coronaverat,
924 2629 956 2670 e
985 2614 1262 2670 cineribus
1287 2612 1404 2668 suis
1435 2621 1682 2666 renatum
1711 2614 1918 2668 erroris
1959 2613 2218 2684 hydrum,
2256 2629 2397 2669 novo
2433 2616 2486 2670 in
2517 2614 2759 2672 Ecclesia
2803 2621 3110 2686 scliismati,
3142 2624 3206 2677 de
3231 2638 3340 2692 quo
3384 2622 3478 2677 Ni-

224 2711 512 2779 cephorus
543 2707 802 2777 loquitur,
839 2704 1180 2759 occasionem
1209 2700 1510 2768 obtulisse;
1547 2716 1657 2771 quo
1710 2712 1954 2770 tempore
2006 2702 2228 2756 brevem
2275 2703 2456 2772 primo
2526 2705 2946 2774 Apologeticum,
2989 2710 3146 2778 quasi
3187 2713 3478 2779 quamdam

224 2797 630 2860 velitationem,
663 2793 832 2849 edidit
861 2809 876 2846 :
909 2791 962 2846 in
996 2804 1102 2858 quo
1131 2803 1310 2843 rerum
1342 2799 1619 2858 geSIarom
1647 2787 1762 2856 jam
1797 2789 1922 2844 inde
1962 2789 2030 2844 ab
2073 2791 2230 2844 initio
2259 2793 2470 2847 erroris
2498 2795 2879 2862 compendium
2915 2797 3270 2862 adumbrans,
3317 2799 3474 2852 inve-

220 2887 370 2941 hitur
405 2893 610 2956 postea
630 2883 687 2936 in
717 2889 995 2951 apostatas
1026 2877 1326 2946 praesertim
1351 2874 1659 2944 episcopos,
1693 2875 1783 2942 qui
1815 2889 1845 2928 a
1875 2877 1996 2934 lldei
2027 2879 2082 2934 in
2117 2877 2336 2935 Niceno
2358 2881 2592 2936 concilio
2615 2882 2796 2952 jurata
2829 2898 3018 2940 rursus
3049 2886 3466 2942 discesserant:

213 2977 300 3030 cui
331 2973 605 3036 concilio,
631 2984 940 3040 quanquam
965 2967 1140 3021 sacris
1169 2967 1404 3018 nondum
1437 2961 1622 3016 infulis
1649 2963 1930 3033 praeditus,
1958 2965 2299 3038 Nicephorus
2326 2971 2442 3038 ipse
2464 2969 2815 3038 interfuerat,
2842 2975 3026 3044 ibique
3049 2991 3146 3045 pro
3169 2977 3475 3034 orthodoxa

218 3064 474 3118 doctrina
507 3067 889 3132 peraraverat,
919 3065 977 3109 ut
1007 3053 1126 3124 ejus
1155 3053 1490 3124 biographus
1522 3048 1767 3120 lgnatius
1791 3051 2058 3110 diaconus
2081 3068 2290 3122 narrat,
2325 3066 2382 3112 et
2408 3057 2700 3128 synodales
2723 3072 2880 3114 actus
2909 3071 3194 3118 testantur.
3231 3046 3502 3135 Scripto,’

214 3167 271 3206 ut
312 3154 458 3218 dixi,
493 3163 646 3203 anno
677 3147 782 3202 813
814 3145 1020 3200 Minore
1070 3141 1435 3212 Apologetico,
1464 3149 1682 3196 secutus
1707 3147 1792 3195 est
1821 3141 2330 3198 calamitosissimus
2365 3159 2537 3200 annus
2559 3146 2688 3213 8l5,
2716 3162 2824 3216 quo
2863 3137 3204 3218 Nic-ephorus
3231 3171 3258 3206 a
3290 3153 3474 3208 Lenito

213 3241 484 3296 Armenio
511 3235 878 3293 lconomacho
906 3233 1146 3304 dejectus
1183 3233 1312 3286 sede
1345 3231 1644 3299 pulsusque
1683 3229 1737 3283 in
1767 3230 2020 3287 exsilium
2057 3231 2180 3297 fuit,
2213 3242 2338 3301 post
2365 3247 2568 3286 annum
2601 3235 3004 3302 patriarcltatos
3037 3253 3262 3304 nonum,
3309 3258 3473 3308 quem

213 3347 358 3388 anno
387 3330 620 3386 scilicet
653 3327 760 3381 8οὺ
801 3333 1136 3394 susceperat.
1167 3325 1224 3374 lu
1254 3320 1448 3374 exsilio
1482 3319 1647 3390 igitur
1672 3319 2234 3386 caetera-conscripsit
2285 3334 2474 3390 opera,
2499 3337 2692 3391 nempe
2755 3321 3016 3392 Majoreiu
3075 3326 3473 3396 Apologeticam

217 3437 354 3474 anno
395 3418 539 3484 817,
575 3427 630 3470 et
653 3413 852 3469 deinde
897 3411 1304 3474 Antirrheticos,
1343 3419 1400 3462 ut
1429 3408 1546 3477 ipse
1575 3408 1735 3463 initio
1757 3407 1918 3478 pritni
1951 3420 2051 3461 nos
2073 3407 2231 3460 docet
2257 3422 2275 3472 ;
2300 3409 2474 3462 donec
2503 3423 2647 3462 anno
2670 3409 2797 3476 8'28,
2835 3415 3285 3481 septuagcuarius
3315 3416 3474 3480 obiit,

206 3509 290 3564 vel
314 3510 376 3564 in
408 3507 624 3564 caelum
648 3503 831 3573 potius
860 3499 1193 3556 fortissimus
1219 3496 1556 3552 orthodoaiae
1597 3496 1746 3567 pugil
1779 3495 2038 3552 evolavit.

269 3597 366 3652 ιιι.
411 3595 545 3651 Jam
577 3593 720 3663 quod
746 3593 944 3645 attinet
973 3589 1042 3642 ad
1068 3584 1480 3650 Antirrheticoa,
1509 3584 1612 3639 etsi
1642 3583 2022 3654 Copronymus
2052 3580 2250 3648 inultos
2277 3589 2405 3636 ante
2427 3596 2600 3636 annos
2621 3584 2729 3636 vita
2763 3593 3097 3650 execsscrat,
3125 3585 3477 3643 nihilominus
3526 3583 3531 3586 ’

197 3689 521 3756 prudenter
548 3681 890 3752 Nicephorus
919 3687 1086 3734 totam
1123 3692 1275 3732 suam
1302 3685 1490 3730 contra
1522 3672 1910 3729 lconomacbos
1937 3669 2301 3724 invectiouem
2325 3669 2380 3723 in
2406 3667 2741 3740 Copronymi
2765 3673 2965 3728 diserte
2993 3689 3194 3729 nomen
3221 3677 3476 3739 contulit,

199 3787 314 3828 tum
353 3773 692 3830 nriiberius
715 3771 780 3824 de
803 3777 1016 3822 mortuo
1041 3765 1387 3835 loqueretur;
1423 3774 1533 3816 tum
1566 3761 1693 3829 quia
1723 3761 1934 3814 mutato
1970 3761 2209 3824 nomine,
2247 3769 2306 3812 nt
2327 3759 2403 3813 ait
2428 3771 2612 3828 poeta,
2643 3761 2710 3815 de
2738 3759 2916 3816 Leone
2946 3765 3208 3820 Armenio
3236 3766 3475 3831 vivente,

193 3877 244 3917 et
266 3863 619 3932 religiosum
655 3857 855 3912 bellum
889 3853 1247 3918 instaurante,
1277 3849 1458 3904 fabula
1489 3857 1600 3904 tota
1642 3849 1920 3902 narrabat.
1951 3845 2098 3901 Nihil
2125 3847 2271 3902 enim
2301 3849 2766 3915 eratevidentius,
2798 3867 2979 3920 quam,
3009 3855 3232 3928 quoties
3257 3854 3469 3922 Copi-n-

188 3965 402 4020 nymus
450 3946 792 4006 feriebatur,
831 3941 991 3997 taties
1023 3938 1206 4010 jacula
1253 3939 1322 3990 ad
1358 3935 1596 3990 Leonem
1649 3935 1798 4004 paris
1825 3934 2010 3988 meriti
2042 3936 2318 3990 hominem
2349 3945 2654 4006 penetrare.
2684 3936 2816 3993 Pars
2849 3943 2902 3994 in
2936 3941 3020 3995 his
3079 3943 3475 3998 Antirrheticis

187 4041 603 4106 inexspectata
637 4041 692 4085 et
721 4029 937 4084 curiosa
973 4037 1078 4091 est,
1111 4035 1188 4080 tot
1213 4025 1300 4080 illa
1339 4031 1616 4092 segmenta
1639 4036 1760 4090 quae
1801 4024 2106 4077 recitantur
2133 4037 2162 4076 a
2192 4022 2498 4092 Nicephoro
2533 4025 2656 4079 libri
2689 4026 2954 4081 hactenus
2982 4028 3240 4097 incogniti
3280 4032 3471 4084 leonu-

181 4127 568 4187 machormn,
594 4117 922 4187 Coprouymi
955 4114 1104 4186 regio
1139 4114 1359 4168 nomine
1398 4122 1452 4166 et
1478 4112 1804 4165 auctoritate
1831 4111 2044 4181 scripti,
2077 4126 2238 4180 quem
2271 4111 2625 4182 Niccpltorus
2662 4115 3024 4183 particulatim
3071 4117 3262 4170 irridet
3309 4128 3473 4186 atque

181 4215 428 4267 refutat.
477 4209 561 4264 Ibi
589 4208 869 4262 enimvero
894 4203 1123 4259 subtiles
1164 4203 1546 4256 haereticorum
1580 4199 1807 4266 techute,
1841 4199 2099 4252 simulata
2137 4202 2329 4268 pictas,
2367 4209 2824 4269 argumentorum
2873 4199 3124 4265 fallacim,
3160 4200 3484 4274 cwtct'aaqne

171 4299 484 4368 ejusmodi
520 4296 743 4350 fraudes
771 4298 1037 4363 apparent
1063 4309 1077 4345 :
1125 4305 1246 4358 qua:
1267 4289 1446 4343 omnia
1479 4286 1814 4354 Nicepliorus
1837 4285 2052 4341 sublimi
2085 4285 2317 4354 ingenio,
2346 4286 2494 4353 gravi
2520 4286 2779 4340 doctrina:
2802 4286 3184 4344 ecclesiastica:
3211 4293 3476 4360 pondere,

179 4392 424 4445 exactis
470 4385 671 4456 logicae
700 4386 836 4436 artis
889 4380 1091 4448 regulis
1143 4379 1344 4432 invicte
1376 4377 1696 4446 promeruit.
1757 4375 1824 4430 Et
1870 4377 1924 4428 in
1975 4373 2153 4442 primo
2203 4373 2420 4442 quidem
2456 4373 2545 4427 diu
2575 4385 2631 4427 et
2679 4383 2838 4430 acute
2871 4376 2936 4428 de
2974 4388 3165 4430 natura
3202 4379 3478 4447 imaginis,

169 4480 244 4535 de
279 4485 628 4548 promtypo
657 4488 752 4527 seu
780 4474 1106 4540 archetypo,
1131 4468 1198 4520 de
1233 4465 1468 4536 pictura,
1499 4464 1568 4519 de
1598 4463 1982 4531 descriptione,
2011 4463 2078 4517 de
2106 4462 2410 4532 hypostasi,
2446 4463 2510 4518 de
2545 4464 2928 4535 enhypostato,
2963 4476 3012 4520 et
3040 4467 3107 4522 dc
3139 4469 3480 4523 circumscri~

163 4581 264 4637 μω
327 4566 720 4637 potissimum
751 4572 807 4614 et
843 4559 1340 4624 incirctttnscripto.
1371 4554 1428 4607 lu
1463 4553 1707 4607 secundo
1736 4565 1918 4606 autem
1966 4552 2237 4628 breviore,
2277 4553 2416 4605 inter
2447 4562 2640 4606 caetera
2667 4553 2732 4608 de
2775 4555 3001 4625 angelis,
3055 4555 3121 4610 de
3150 4556 3477 4612 tnauul’actis

171 4654 597 4718 Cherubinis,
621 4662 676 4706 et
703 4651 832 4720 quid
856 4650 967 4703 sint
994 4648 1226 4718 γράφειν
1258 4655 1313 4699 ct
1351 4643 1716 4715 περιγράφειν

1918 4639 2174 4704 lerivatis,
2211 4651 2265 4694 ct
2297 4640 2459 4694 multa
2491 4641 2800 4708 huiusmodi
2829 4644 3104 4697 edisserit.
3143 4641 3360 4700 Tertius
3386 4647 3479 4700 tle-

159 4750 346 4814 uique
384 4758 514 4798 seu
549 4751 866 4808 postremus
895 4736 1315 4797 Antirrhcticus,
1349 4733 1505 4787 valde
1536 4731 1780 4800 prolixus
1809 4739 1864 4783 et
1897 4727 2104 4790 varius,
2131 4727 2419 4782 historiam
2453 4730 2651 4798 partim
2685 4739 2741 4784 ct
2773 4731 3076 4785 honorandi
3107 4748 3294 4788 sacras
3343 4735 3478 4789 inia-

155 4837 332 4906 giues
373 4832 660 4887 rationes
695 4826 1010 4896 potissimas
1042 4825 1265 4894 exponit
1295 4839 1309 4876 :
1335 4835 1566 4890 quarum
1601 4819 1869 4888 praecipua
1905 4825 1989 4870 est
2019 4831 2150 4870 usus
2174 4817 2386 4886 priscos
2414 4827 2471 4872 et
2509 4827 2790 4883 constans,
2831 4817 2883 4872 id
2911 4829 2994 4872 est
3020 4821 3264 4888 traditio,
3295 4819 3482 4879 Eccle-

153 4927 260 4979 sia!
292 4916 664 4978 catholicas,
709 4929 829 4984 qua:
856 4913 1000 4966 iconi
1036 4922 1091 4966 et
1113 4909 1263 4965 cruci
1293 4907 1588 4962 Dominica:
1621 4917 2032 4977 martyrumque
2071 4915 2125 4960 et
2153 4918 2466 4962 Sanctorum
2499 4911 2740 4961 virorum
2786 4907 3032 4978 reliquiis
3067 4919 3122 4964 et
3157 4912 3485 4984 imaginibus

148 5012 317 5068 nullo
352 5019 652 5074 tenuiore
681 5003 942 5056 honorem
979 5014 1084 5054 non
1117 4996 1324 5052 tribuit.
1357 4993 1546 5063 Itaque
1575 4992 1988 5058 iconmnachos,
2018 4995 2109 5062 qui
2153 4995 2442 5050 catholicis
2489 4988 2815 5048 idololatrici
2843 4997 3021 5051 cultus
3053 4999 3259 5055 crimen
3287 5002 3484 5071 impin-

143 5105 408 5174 ςὼειιιι,
473 5106 639 5147 novo
664 5092 936 5144 haereseos
966 5086 1122 5142 titulo
1153 5093 1434 5153 nuncupat
1463 5083 1704 5153 Χριστια

1919 5081 2130 5154 γὸρους.
2184 5082 2388 5138 Praeter
2418 5084 2517 5138 hos
2555 5093 2668 5139 tres
2697 5103 2726 5138 a
2776 5086 2932 5139 nobis
2955 5087 3129 5142 editos
3158 5089 3480 5143 Λυκίη-1θαί-

145 5169 270 5252 cu,
311 5177 686 5240 Bandurius
716 5175 853 5232 alios
886 5189 1106 5245 quoque
1151 5171 1444 5241 Nicephori
1482 5169 1872 5224 Antiriheticos
1911 5173 1964 5226 in
2007 5171 2290 5226 codicibus
2336 5172 2492 5238 vidit,
2535 5187 2733 5246 nempe
2781 5175 2831 5229 ι,
2864 5175 3142 5232 Adversus
3186 5178 3478 5233 Eusebium

141 5291 329 5335 secta
368 5263 836 5330 lconoclastica:
865 5265 1190 5334 principem.
1219 5261 1275 5314 Ξ.
1307 5261 1584 5316 Adversus
1612 5258 2004 5328 Epiphanidem
2038 5268 2487 5313 consectaneum.
2517 5257 2572 5313 '5.
2619 5261 2900 5317 Adversus
2933 5278 3029 5318 eos
3050 5265 3140 5334 qui
3181 5263 3480 5317 Salvatoris

139 5367 500 5436 imaginem
537 5355 747 5411 idolum
775 5367 898 5407 esse
933 5351 1210 5405 dicebant.-
1253 5347 1732 5436 Verumtamendii
1767 5358 1878 5402 tres
1918 5347 2178 5416 postremi
2209 5347 2260 5402 in
2297 5343 2576 5406 Vaticanis
2611 5352 2744 5406 mihi
2779 5351 3058 5407 codicibus
3089 5369 3194 5406 non
3221 5367 3478 5406 occurre-

136 5432 452 5526 ιοιιῖμι).
497 5444 641 5500 «ιειιιι
675 5441 1020 5496 Theodorum
1055 5451 1271 5509 quoque
1302 5437 1597 5500 Studitam,
1627 5432 1922 5502 Nicephori
1959 5435 2424 5504 contemporalem
2461 5452 2524 5490 ac
2551 5437 2899 5504 fainiliarcm,
2926 5449 3034 5494 tres
3073 5448 3258 5492 contra
3291 5435 3482 5493 lcouo-

211 5577 307 5644 τι)
343 5562 778 5633 Nicephorum
803 5565 910 5627 pro
935 5557 1110 5613 sacris
1138 5557 1465 5626 imaginibus
1507 5556 1614 5611 vidi
1651 5557 1772 5612 citat

227 5645 376 5695 '53-
415 5637 594 5695 £89,
628 5632 748 5695 I92,
790 5629 907 5684 196.

1921 5557 2084 5611 etiam
2123 5573 2151 5611 a
2183 5554 2416 5628 Georgio
2455 5559 2768 5615 llaiuartolo
2809 5558 2862 5612 in
2904 5557 3174 5611 Chronico
3215 5569 3318 5610 nis.
3361 5553 3481 5616 Tal.

132 5663 188 5717 ρ.
227 5645 376 5708 εδδ,
415 5645 594 5697 £89,
628 5645 748 5695 192,
790 5645 907 5684 ‘l'dli.

483 5722 782 5780 i’A'rnoc.
832 5711 948 5770 Gn.
985 5707 1052 5768 C.

2815 5651 2821 5658 ’
3139 5702 3173 5770 2
