3994 6198
396 290 422 297 ”
439 285 549 350 203
1418 286 1477 346 S.
1520 228 1940 347 NICSPHORI

2131 279 2486 341 mancum
2530 280 2636 343 cp.
3597 277 3705 345 20%

446 397 669 450 mat-hos
710 393 995 464 scripsisse
1044 393 1445 449 Antirrheticos
1472 434 1486 461 ,
1519 407 1682 448 nemo
1713 400 1836 462 post
1879 387 2318 444 Sirmondiauam
2368 389 2600 457 ipsorum
2644 386 2937 445 editionem
2978 384 3156 445 nescit
3186 402 3202 441 :
3232 391 3609 445 verumtamen
3650 388 3709 446 hi

452 482 582 535 nihil
645 482 849 536 nostris
873 521 889 546 ,
919 490 1113 552 praeter
1143 480 1353 534 titulum
1385 489 1437 534 et
1480 488 1875 549 argumentum,
1907 477 2083 532 simile
2112 476 2328 531 habent.
2884 552 2890 557 .

526 566 612 622 ιν.
655 568 925 623 Caeterum
959 576 1086 622 ante
1139 565 1517 619 Antirrheticos
1542 606 1558 632 ,
1587 564 1976 635 Apologeticum
2000 563 2251 632 majorem
2280 563 2576 632 scripserat
2609 563 2659 617 in
2695 562 2868 618 exsilii
2903 563 3106 633 pariter
3136 561 3322 633 quiete
3350 561 3710 636 Nicephorus,

452 671 589 724 upus
645 656 853 723 grande
896 668 962 708 ac
996 654 1251 722 spissum,
1306 652 1611 706 eruditione
1656 650 1912 720 plurima,
1960 648 2373 714 declamatione,
2405 650 2727 715 invectione,
2765 649 3175 719 egressionibus
3229 649 3394 705 etiam
3446 652 3616 707 variis
3659 662 3714 706 et

457 742 716 811 episodiis
771 742 1062 812 ﬁguratum
1095 751 1257 810 atque
1288 739 1633 794 redundans.
1672 738 1855 808 Stylus
1887 736 2124 791 auctoris
2157 750 2303 799 acer,
2359 745 2470 791 tum
2525 736 2610 790 hic
2640 745 2750 790 tum
2781 738 2835 790 in
2866 736 3253 802 Antirrheticis,
3278 738 3712 794 adversariorum

459 831 636 883 latera
695 838 752 883 et
807 829 1107 897 praesertim
1131 826 1457 898 Copronymi
1488 826 1595 880 alte
1621 825 1957 887 confodiens,
1989 837 2213 890 quorum
2239 822 2447 876 nullum
2471 823 2659 877 vitium
2692 837 2798 876 non
2829 823 3026 878 acerbo
3048 823 3417 879 conviciorum
3450 824 3565 881 sale
3587 840 3712 896 per-

460 914 661 968 fundit.
724 915 1016 969 Conlendit
1049 914 1193 969 enim
1225 928 1340 980 eos,
1382 922 1579 983 prater
1616 926 1824 967 morum
1867 910 2249 980 turpitudinem
2278 910 2535 980 graphice
2563 910 2917 979 descriptam,
2946 910 3107 964 modo
3144 924 3269 966 esse
3301 909 3714 968 Phantasiastas

454 1009 551 1055 aut
615 999 1022 1072 MonOphysitas
1049 1010 1100 1056 et
1131 1000 1457 1068 Acephalos,
1498 998 1659 1053 modo
1685 997 1916 1053 Arianos
1947 1005 2035 1049 aut
2066 995 2388 1052 hiauit-haece
2422 996 2505 1051 vel
2549 994 2796 1059 Judaeos,
2832 996 3031 1051 Christi
3077 1011 3141 1052 ac
3189 996 3251 1052 Β.
3290 997 3473 1054 Maria:
3534 998 3711 1055 infert.

452 1088 706 1143 sissimos
760 1088 966 1154 hosws,
995 1080 1270 1150 ethnicos,
1304 1086 1696 1150 Antichristos,
1722 1084 1924 1139 diaboli
1955 1083 2094 1137 ﬁlios
2120 1100 2135 1138 :
2168 1082 2368 1151 passim
2390 1081 2623 1150 denique
2646 1081 2892 1145 stolidos,
2920 1082 3189 1146 ebriosos,
3221 1098 3286 1139 ac
3310 1083 3515 1139 belluas
3532 1086 3719 1155 appel-

454 1178 556 1229 lat.
631 1172 957 1243 Quanquam
991 1189 1184 1244 reapse
1215 1173 1279 1228 ad
1308 1172 1713 1243 Copronymum
1751 1171 1897 1241 quod
1923 1171 2117 1226 attinet
2149 1169 2285 1224 nihil
2334 1184 2434 1240 par
2465 1168 2721 1234 fmditati,
2751 1169 2994 1236 stevitim,
3043 1170 3413 1241 impietatique
3457 1171 3575 1240 ejus
3608 1174 3714 1227 dici

449 1258 650 1328 potuit.
723 1259 849 1314 Haac
882 1273 1064 1322 narro,
1097 1274 1204 1313 non
1253 1258 1382 1327 quia
1417 1258 1467 1311 id
1498 1266 1604 1312 tam
1634 1257 1927 1312 vehemens
1963 1265 2018 1310 et
2058 1255 2401 1324 prmfractum
2453 1255 2824 1312 invectionum
2864 1270 3038 1324 genus
3093 1257 3258 1313 indoli
3293 1274 3427 1314 mea:
3466 1260 3712 1329 placeat;

460 1344 555 1400 sed
606 1355 666 1400 ut
737 1360 850 1399 rem
897 1353 1057 1414 prout
1098 1357 1157 1399 se
1198 1342 1363 1398 habet
1397 1358 1663 1412 exponam
1710 1356 1877 1395 :nam
1915 1356 2015 1396 nec
2042 1343 2213 1397 sancti
2245 1343 2554 1415 Hieronymi
2588 1342 3276 1401 ardentioresinvectiones
3306 1346 3506 1402 imitari
3556 1347 3716 1418 vulgo

459 1431 717 1487 solemus.
766 1429 1069 1500 Caeteroqui
1134 1429 1302 1497 zelus,
1353 1430 1526 1487 honor
1557 1428 1760 1484 Christi
1785 1437 1877 1483 aut
1910 1428 2123 1485 virtutis
2144 1429 2399 1498 oﬁ‘ensus,
2424 1431 2684 1487 solemnia
2729 1431 3004 1497 scandala,
3055 1432 3341 1503 impiorum
3383 1436 3712 1503 triumphus,

461 1520 720 1574 honorum
765 1518 1168 1589 oppressiones,
1195 1516 1471 1587 religionis
1500 1517 1679 1582 ruina,
1702 1510 2069 1587 sicjnterdum
2093 1526 2400 1573 sanctorum
2424 1519 2634 1573 animos
2662 1517 3021 1584 inﬂammant,
3045 1520 3151 1575 utii
3174 1522 3471 1589 praesertim
3492 1524 3580 1592 qui
3606 1506 3716 1577 et..-

458 1608 700 1677 quentia:
752 1606 953 1676 impetu
991 1604 1188 1672 valent,
1205 1605 1441 1675 querelis
1464 1604 2017 1675 etvituperationibus
2033 1604 2150 1661 sine
2172 1604 2330 1660 modo
2358 1602 2507 1659 frena
2533 1605 2797 1660 relaxent.
2823 1604 2939 1661 Jam
2963 1607 3049 1662 hic
3072 1606 3436 1677 Apologetictts
3464 1610 3515 1663 in
3536 1611 3719 1679 priore

462 1694 548 1750 sui
566 1704 745 1766 parte,
767 1695 888 1750 ﬁdei
908 1684 1660 1763 orthodoxm‘descriptiouem
1682 1692 1944 1757 continet,
1964 1700 2017 1745 et
2034 1699 2363 1760 quantopere
2381 1688 2675 1770 Christiani
2696 1691 2765 1746 ab
2782 1690 3103 1747 idololatriae
3128 1692 3362 1749 crimine
3413 1696 3594 1749 absint
3617 1697 3716 1751 de-

461 1792 755 1837 monstrat.
779 1782 982 1838 Deinde
1002 1782 1055 1837 in
1085 1782 1260 1837 media
1290 1781 1685 1851 quodammodo
1710 1788 1863 1850 parte
1879 1777 2150 1847 complura
2167 1777 2357 1831 recitat
2384 1790 2662 1832 sacrorum
2691 1776 2986 1832 Bibliorum
3021 1777 3351 1843 testimonia,
3383 1790 3442 1835 ut
3463 1784 3716 1837 Ostendat

473 1869 832 1924 idololatriam
857 1884 887 1923 a
918 1868 1139 1925 Christo
1158 1881 1388 1940 prorsus
1418 1867 1588 1923 fuisse
1609 1867 1961 1931 destructam,
1985 1865 2056 1919 ita
2081 1873 2136 1918 ut
2154 1862 2294 1917 illius
2321 1862 2557 1919 Ecclesia
2582 1863 2779 1919 morbo
2808 1863 2911 1919 hoc
2940 1863 3188 1920 laborare
3213 1880 3318 1921 non
3342 1868 3535 1936 possit,
3556 1883 3718 1922 secus

466 1973 529 2010 ac
550 1956 1156 2027 Χριστιανοκατήγοροι
1210 1952 1458 2011 heretici
1486 1952 1977 2010 calumniabantur.
1998 1950 2041 2005 T

2156 1960 2208 2005 et
2231 1950 2331 2005 alia
2364 1950 2672 2006 scribuntur
2700 1951 2954 2020 plurima,
2977 1968 3097 2022 qua:
3125 1951 3296 2009 ferme
3321 1970 3350 2009 a
3380 1956 3617 2025 capitulo
3642 1956 3712 2012 65

450 2043 747 2096 ordiuntur
768 2081 785 2107 ,
808 2041 873 2097 de
912 2042 1105 2098 ritibus
1133 2041 1326 2106 variis,
1358 2041 1565 2112 ﬁguris,
1593 2040 1959 2103 tabernaculo,
1989 2053 2137 2103 area,
2158 2038 2527 2108 prtecipueque
2546 2039 2609 2095 de
2639 2037 3070 2094 Cberubinorum
3102 2041 3295 2109 positis
3317 2042 3371 2096 in
3402 2056 3463 2096 ea
3497 2042 3710 2110 formi,

450 2136 517 2178 et
554 2127 622 2181 de
662 2125 1008 2182 Salomoniee
1072 2127 1272 2197 templo
1303 2127 1535 2196 ejusque
1571 2126 1743 2182 sacris
1792 2124 2206 2180 emblematibus
2235 2133 2326 2178 aut
2358 2127 2690 2181 ornamentis
2720 2125 2922 2181 dicitur
2949 2144 2963 2181 :
2993 2142 3112 2198 quae
3150 2129 3330 2183 onmia
3365 2130 3508 2185 sacri
3538 2130 3716 2186 cultus
3814 2138 3817 2141 ‘

399 2229 402 2232 '
462 2227 681 2280 genera,
713 2216 780 2269 ad
806 2228 1085 2269 sacrarunt
1116 2213 1409 2283 imaginum
1444 2214 1773 2269 suadendum
1809 2214 2218 2266 venerationem
2245 2220 2434 2266 auctor
2457 2212 2642 2267 trahit.
2676 2211 3030 2285 Tutn.multis
3061 2213 3366 2284 huiusmodi
3389 2216 3470 2271 dis
3486 2220 3714 2286 putatis,

463 2301 923 2371 praescriptionem
956 2300 1189 2371 denique
1212 2301 1649 2370 octingentorum
1673 2314 1941 2354 annorum
1972 2300 2183 2369 arripit,
2208 2297 2272 2352 ab
2292 2298 2542 2365 Ecclesiae
2569 2300 2879 2370 primordiis
2903 2316 3078 2372 usque
3105 2303 3172 2357 ad
3193 2312 3405 2358 aetatem
3435 2319 3622 2370 suam;
3658 2317 3713 2358 ut

465 2388 595 2442 hinc
628 2389 944 2456 concludat,
971 2388 1232 2444 honorem
1254 2389 1427 2443 sacris
1464 2386 1791 2455 imaginibus
1819 2389 2022 2454 absque
2049 2399 2219 2440 sacrae
2258 2385 2593 2454 antiquitatis
2620 2388 2967 2443 accusatione
3000 2389 3186 2459 negari
3220 2404 3324 2444 non
3358 2405 3532 2460 posse.
3569 2390 3713 2445 Jam-

466 2488 594 2530 vero
661 2490 781 2529 cum
817 2491 846 2529 a
904 2474 1193 2546 Nicephori
1273 2475 1600 2543 temporibus
1633 2489 1804 2543 usque
1852 2476 1917 2528 ad
1946 2482 2130 2529 nostra
2161 2472 2280 2542 plus
2306 2487 2465 2542 quam
2501 2473 2645 2528 mille
2675 2474 2801 2528 anni
2836 2474 3196 2542 decurrerint,
3229 2488 3607 2546 perseverante
3635 2480 3714 2532 in;

467 2562 625 2616 terim
692 2562 832 2631 apud
884 2561 1195 2617 Catholicos
1248 2575 1527 2617 sacrarum
1564 2560 1855 2632 imaginum
1887 2560 2252 2625 veneratione,
2287 2558 2529 2629 sequitur
2552 2569 2608 2614 ut
2637 2562 2971 2631 praescriptio
2998 2563 3174 2619 multo
3205 2565 3382 2619 adhuc
3426 2565 3714 2635 longzvior

469 2648 624 2703 nobis
677 2646 858 2703 faveat
883 2649 1142 2704 adversus
1164 2648 1458 2717 hodiernos
1487 2647 1896 2703 occidentalium
1930 2647 2203 2717 regionum
2236 2645 2641 2713 Iconomachos,
2669 2650 2758 2718 qui
2790 2663 2821 2703 a
2850 2650 3103 2706 damnato
3148 2650 3239 2705 illo
3270 2667 3457 2725 errore
3482 2654 3713 2706 nondum
3792 2652 3805 2661 ’

467 2737 767 2791 discedunt.
787 2735 963 2805 Atque
996 2736 1052 2790 bi
1076 2736 1301 2803 utinam,
1335 2745 1532 2804 praeter
1563 2732 2137 2811 Nicephorum,legant
2166 2732 2324 2788 docili
2359 2734 2541 2788 animo
2555 2736 2732 2804 magni
2763 2737 3046 2805 Augustini
3079 2737 3227 2793 locos
3268 2739 3525 2794 classicos
3568 2740 3711 2793 circa

467 2825 723 2876 honorem
771 2821 871 2877 SS.
893 2832 1189 2894 martyrum
1221 2817 1298 2876 De
1335 2821 1395 2877 ϐ.
1427 2821 1495 2875 D.
1528 2821 1623 2875 lib.
1654 2836 1767 2885 χιχ,
1801 2836 1919 2890 cap.
1956 2820 2085 2884 ult.,
2122 2835 2327 2874 necnon
2357 2822 2601 2875 eumdem
2640 2820 2834 2876 Contra
2859 2820 3121 2877 Faustum
3148 2822 3479 2879 ManichJih.
3499 2825 3666 2888 “.21
3696 2827 3712 2879 l

540 2909 604 2962 V.
641 2909 753 2979 Age
786 2923 936 2976 vero,
968 2911 1189 2978 quinam
1222 2922 1372 2964 meus
1402 2908 1455 2962 in
1484 2907 1586 2963 hoc
1612 2909 1817 2963 edendo
1847 2906 2147 2977 Nicephoro
2174 2906 2324 2961 labor
2356 2905 2541 2973 fuerit,
2569 2907 2602 2960 ii
2635 2907 2796 2963 facile
2820 2909 3185 2973 aestimabunt,
3219 2911 3311 2980 qui
3342 2911 3527 2981 plures
3585 2927 3714 2966 eru-

472 2999 616 3051 ditos
649 3013 839 3051 saxum
869 2997 921 3051 id
957 3009 1176 3051 versare
1214 2995 1426 3050 molitos
1454 2995 1653 3060 sciunt,
1680 2995 1773 3050 sed
1824 2994 2205 3064 defatigatione
2236 3004 2330 3047 aut
2374 2993 2633 3063 impensis
2666 2994 2955 3052 deterritos
2998 2997 3297 3053 abstitisse.
3329 2998 3462 3053 Nam
3522 3010 3717 3069 praeter

466 3085 819 3149 Bandurium,
840 3083 1142 3138 Turrianus
1164 3084 1348 3150 etiam,
1379 3082 1621 3147 Crusius,
1642 3081 2018 3145 Combeﬁsius,
2051 3093 2228 3150 atque,
2248 3090 2305 3136 ut
2335 3081 2514 3145 audio,
2542 3079 2793 3146 Aliatius,
2827 3082 2894 3137 de
2926 3083 3166 3139 editione
3216 3084 3318 3139 hac
3370 3085 3716 3166 cogitarunt;

471 3187 524 3227 et
559 3172 806 3227 Petavius
834 3172 948 3241 ipse
977 3170 1186 3225 nonnisi
1212 3170 1374 3225 breve
1398 3168 1754 3241 fragmentum
1797 3168 2033 3239 pr0tuiit.
2069 3166 2229 3223 Certe
2254 3168 2321 3222 ad
2349 3166 2597 3222 Latinam
2630 3168 3038 3225 translationem
3066 3172 3213 3240 quod
3264 3172 3500 3237 attinet,
3552 3189 3715 3242 quant

462 3260 702 3315 diversis
725 3259 1058 3329 temporibus
1093 3257 1232 3312 inter
1259 3257 1438 3312 varias
1462 3256 1860 3326 occupationes,
1879 3263 1935 3311 et.
1969 3256 2129 3310 modo
2157 3254 2211 3308 itt
2247 3254 2398 3321 urbe,
2430 3254 2588 3310 modo
2616 3255 2967 3326 peregrinans
3002 3296 3017 3322 ,
3062 3258 3386 3327 scriptitavi,
3440 3275 3528 3314 res
3590 3262 3719 3329 qui-

475 3353 597 3403 dum
639 3365 734 3418 per
775 3364 834 3403 se
899 3347 1123 3403 molesta
1154 3356 1207 3401 et
1233 3346 1437 3415 prolixa
1470 3346 1683 3401 taedium
1720 3345 1994 3415 ingerebat
2027 3360 2043 3399 :
2074 3342 2282 3413 perstiti
2312 3353 2511 3408 tamen,
2537 3357 2845 3413 quanquam
2875 3346 3055 3401 multis
3086 3345 3223 3402 locis
3250 3357 3468 3417 propter
3510 3349 3717 3403 theolo-

474 3440 650 3503 gicum
678 3434 877 3491 Graecae
914 3434 1118 3489 schola:
1146 3433 1487 3499 locutionem,
1522 3432 1766 3502 aliasque
1806 3431 2071 3495 salebras,
2105 3444 2210 3484 non
2245 3443 2369 3484 raro
2406 3431 2727 3494 testuabam,
2763 3446 2945 3507 neque
2970 3447 3054 3487 me
3080 3448 3294 3504 semper
3318 3450 3431 3489 rem
3481 3434 3715 3490 feliciter

469 3522 716 3591 egessisse
748 3529 989 3575 autumo.
1023 3518 1165 3573 Sane
1192 3516 1479 3585 Nicephori
1511 3515 1693 3572 stilum
1736 3515 1984 3585 Pltotius,
2008 3529 2046 3571 ct

2161 3514 2251 3581 65,
2282 3514 2336 3570 in
2368 3515 2560 3584 primis
2591 3514 2772 3571 laudat
2815 3535 2827 3571 :
2873 3517 3206 3592 Καλλιλεξίᾳ
3237 3536 3299 3572 τε
3354 3521 3451 3574 καὶ
3481 3521 3719 3596 συνθήκῃ

477 3606 637 3676 λόγου
662 3605 1022 3676 κεχρημένος,
1047 3605 1136 3675 οἵᾳ
1163 3603 1229 3658 ἂν
1250 3604 1516 3673 χρήσαιτο
1539 3602 1568 3654 ὁ
1617 3600 1908 3674 ῥητορικὸς
1944 3600 2022 3664 ὡς

2142 3600 2282 3671 ηθῶς
2332 3600 2428 3655 καὶ
2459 3600 2673 3666 τέλειος
2702 3603 2845 3675 ἀνήρ
2899 3622 2913 3659 :
2963 3605 3044 3659 Ea
3075 3609 3347 3660 verborum
3381 3618 3644 3663 venustate
3671 3620 3719 3663 et

482 3694 738 3747 orationis
770 3691 1142 3759 compositione
1193 3680 1378 3753 utitur,
1414 3690 1621 3759 qualem
1657 3686 1925 3742 adhiberet
1968 3688 2230 3758 perfectus
2262 3689 2473 3744 omnino
2510 3697 2712 3744 arator.
2769 3688 3021 3746 Profecto
3065 3707 3232 3762 purus
3265 3701 3349 3749 est
3375 3693 3721 3750 hellenismt's

484 3779 791 3848 Nicepituri,
826 3778 1114 3832 artiﬁciosa
1136 3787 1199 3831 et
1226 3787 1413 3831 ornata
1436 3776 1691 3840 elocutio,
1725 3789 1828 3830 non
1858 3784 2038 3830 tamen
2069 3775 2233 3831 Attici
2263 3777 2477 3846 generis
2544 3779 2639 3833 sed
2672 3778 2858 3834 Asiani
2894 3797 2911 3848 ;
2947 3780 3056 3836 imo
3112 3796 3219 3836 non
3266 3782 3433 3838 semel
3483 3794 3541 3837 ut
3592 3782 3727 3835 mihi

486 3866 700 3930 quidem
735 3865 948 3919 videtur
997 3862 1290 3932 tautol0gia
1332 3875 1563 3933 peccans
1593 3860 1676 3916 vel
1699 3861 1887 3917 saltem
1919 3860 2266 3933 perissologia
2303 3881 2316 3917 :
2353 3878 2476 3918 nam
2507 3864 2835 3921 sententiam
2866 3866 3035 3922 semel
3064 3868 3294 3936 dictam,
3324 3870 3427 3925 alia
3487 3861 3606 3924 mox
3647 3884 3728 3922 ra-

490 3954 631 4008 tione
675 3951 925 4021 replicat,
985 3948 1319 4004 multimodis
1346 3957 1642 4003 commutat
1675 3958 1730 4002 et
1763 3956 1948 4003 versat
1977 3964 1990 4001 :
2021 3957 2076 4003 et
2097 3949 2239 4019 quod
2263 3949 2353 4004 alii
2392 3965 2499 4005 uno
2527 3960 2799 4007 commate
2830 3953 3169 4022 clauderent,
3219 3956 3267 4010 is
3312 3956 3526 4027 integro
3552 3955 3729 4010 inter-

487 4042 612 4095 dum
672 4038 880 4110 periodi
916 4037 1122 4093 ambitu
1171 4035 1463 4106 expandit;
1496 4034 1745 4106 quodque
1770 4042 1925 4090 antea
1956 4036 2190 4100 dixerat,
2216 4033 2400 4090 multis
2416 4036 2611 4093 deinde
2639 4037 2979 4109 interpositis
3009 4039 3062 4094 in
3097 4055 3324 4096 scenam
3351 4043 3526 4097 denuo
3570 4043 3733 4096 retiu-

480 4129 581 4182 cit.
615 4125 926 4196 Aliquando
953 4124 1118 4180 etiam
1152 4123 1238 4178 vel
1266 4122 1435 4177 nimia
1463 4122 1667 4193 ingenii
1702 4125 1972 4189 ubertate,
2004 4122 2091 4177 vel
2122 4124 2423 4195 anagogico
2454 4125 2751 4195 mysticove
2785 4141 2949 4182 sensu
3005 4128 3279 4199 abreptus,
3328 4130 3400 4184 ita
3445 4144 3541 4201 per
3570 4146 3728 4185 sacra

484 4213 652 4269 ltiblia
683 4221 931 4283 vagatur,
967 4221 1025 4265 ut
1060 4224 1196 4280 pene
1226 4206 1420 4266 devius
1453 4219 1607 4265 extra
1640 4224 1794 4264 suum
1842 4209 2172 4279 propositum
2199 4208 2458 4266 deerrare
2500 4212 2767 4267 videatur.
2798 4212 3064 4270 Caeterum
3098 4213 3342 4285 Nicepho
3358 4216 3399 4270 ri
3432 4217 3600 4270 dictio
3628 4232 3733 4271 no-

487 4302 609 4356 bilis
645 4311 748 4365 est,
780 4300 989 4365 utdixi,
1019 4298 1222 4363 suavis,
1257 4298 1508 4365 rotunda,
1540 4306 1593 4351 et
1635 4297 1787 4367 quasi
1810 4298 2134 4367 pompatica,
2163 4297 2464 4367 cuiusmodi
2495 4299 2720 4354 decebat
2742 4300 3050 4367 hominem,
3095 4301 3264 4369 ontni,
3308 4311 3368 4356 ut
3393 4303 3466 4356 ait
3491 4302 3735 4374 lgnatius

487 4388 838 4457 biographus,
897 4384 1301 4456 disciplinarum
1335 4397 1535 4455 genere
1563 4400 1592 4438 a
1633 4383 1864 4453 pueritia
1902 4382 2201 4450 excultum,
2250 4384 2555 4440 scribendis
2606 4386 2855 4455 plurimis
2896 4389 2988 4442 diu
3026 4390 3348 4454 exercitum,
3403 4389 3518 4443 otio
3566 4390 3735 4443 etiam

440 4508 459 4529 -.
492 4476 876 4541 abundantem,
918 4482 975 4528 et
1000 4471 1257 4527 librorum
1311 4471 1637 4541 optimorum
1658 4469 1990 4540 supellectile
2010 4470 2154 4526 laute
2174 4470 2520 4529 instructum.
2549 4473 2834 4531 Postremo
2858 4490 2960 4531 non
2989 4490 3171 4531 meum
3198 4477 3294 4531 sed
3333 4476 3586 4531 Bandurii
3635 4478 3731 4546 ju-

492 4562 687 4617 dicinm
723 4575 939 4630 ponam,
971 4558 1023 4612 in
1064 4568 1353 4628 conspectu
1384 4556 1633 4627 cogitata:
1669 4570 1780 4611 sua:
1821 4555 2076 4611 editionis
2119 4557 2193 4612 ita
2235 4558 2525 4627 loquetuis.
2557 4560 2754 4626 Quanti
2786 4563 3104 4617 aestimanda
3174 4561 3282 4618 sint
3312 4562 3505 4617 isthaee
3538 4579 3728 4634 opera,
3770 4586 3783 4597 -

493 4651 592 4703 rtsi
633 4664 721 4703 res
749 4650 861 4718 ipsa
896 4662 991 4717 per
1024 4660 1083 4700 se
1136 4646 1407 4716 loquatur,
1435 4643 1621 4713 paucis
1649 4654 1825 4697 tamen
1861 4659 2148 4700 recensere
2179 4660 2247 4699 ne
2288 4646 2535 4717 pigeat...
2566 4648 2640 4719 (ὑ)
2762 4651 2769 4666 ⁸
3248 4639 3258 4650 ’

570 4735 657 4789 Ἣ.
710 4733 830 4788 Jam
860 4733 939 4805 (ε)
991 4735 1180 4787 horum
1209 4729 1502 4800 Nicephori
1535 4745 1756 4800 operum
1789 4730 2000 4787 fructus
2029 4731 2186 4801 paulo
2210 4732 2389 4787 adhuc
2417 4736 2818 4790 numerosiores
2846 4738 3115 4793 recenseri
3138 4753 3365 4809 queunt.
3393 4742 3528 4798 Nam
3558 4743 3742 4811 primo

498 4825 681 4875 insunt
716 4819 1018 4875 testimonia
1055 4818 1356 4890 dogmatica
1424 4818 1491 4872 de
1516 4816 1639 4871 ﬁdei
1667 4816 1898 4872 indubia:
1923 4819 2267 4882 necessitate,
2294 4819 2361 4874 de
2392 4821 2760 4876 sacratissima
2789 4819 3154 4890 Eucharistia,
3177 4828 3241 4881 de
3260 4828 3586 4883 auctoritate
3615 4843 3745 4897 per-

506 4907 769 4976 mnptoria
799 4907 1012 4960 concilii
1052 4904 1399 4968 tecumenici,
1433 4903 1499 4958 de
1524 4901 1780 4957 Romana:
1804 4903 2060 4960 Ecclesiae
2087 4904 2344 4976 primatu,
2374 4906 2440 4962 de
2477 4907 2806 4978 virginitatis
2845 4908 3070 4974 honore,
3100 4913 3166 4966 de
3206 4914 3416 4983 angelis
3445 4915 3645 4981 multa,
3682 4925 3744 4970 et

497 4999 562 5049 (le
589 4995 711 5049 aliis
737 4994 852 5067 (d);
884 5011 951 5048 ne
982 4994 1111 5063 quid
1129 4994 1305 5047 dicam
1332 4992 1394 5047 de
1415 4990 1756 5046 invocatione
1779 5000 2117 5058 sanctorum,
2135 5008 2257 5062 quae
2282 5002 2395 5049 toto
2415 4996 2596 5066 operis
2618 5003 2939 5066 argumento
2955 5001 3387 5055 commendatur.
3415 5001 3554 5056 Sunt
3573 5003 3742 5057 etiam

569 5196 644 5277 (ὁ)
671 5194 799 5277 Qua:
840 5194 927 5277 hic
954 5194 1318 5277 rssecavimus
1340 5194 1454 5277 iege
1470 5209 1638 5277 supra
1664 5193 2069 5277 CCI.”i.'_7.m[‘-:DIT.
2178 5197 2497 5277 eepltorntn,
2529 5209 2692 5270 atque
2720 5181 2845 5257 'alia
2898 5202 2965 5259 de
3013 5205 3202 5261 eodem
3238 5204 3546 5277 Nicephoro
3594 5210 3745 5265 dicta

576 5262 646 5331 te)
690 5262 834 5319 inter
874 5265 931 5318 S.
966 5263 1254 5333 Nicephori
1304 5262 1611 5333 laudatores
1636 5265 1851 5319 cxrellit
1882 5262 2064 5318 Tlteo-
2177 5262 2492 5321 honoriﬁca.

500 5344 665 5415 dorus
719 5334 962 5415 Studitla,
997 5332 1156 5415 quem
1200 5348 1299 5415 nos
1318 5334 1554 5415 feliciter
1590 5332 1692 5388 hoc
1736 5334 1922 5415 eodem
1977 5348 2071 5387 vo—
2178 5334 2328 5415 _‘_(d)
2352 5337 2449 5415 Sic
2482 5353 2695 5415 ex._gr.
2730 5340 2787 5394 in
2818 5341 2971 5410 Apol.
3003 5344 3203 5414 majore
3250 5360 3370 5415 cap.
3414 5344 3507 5412 26,
3561 5346 3744 5404 innuit

505 5409 705 5485 [tantine
740 5405 912 5485 simul
968 5404 1201 5458 edimus.
1238 5402 1358 5456 Fuit
1395 5404 1573 5485 cuith
1596 5404 1822 5485 aequalis
1850 5403 2068 5485 cjusJac
2175 5402 2518 5485 iiii-ephorus
2551 5402 3292 5485 pictorumantimen'siorum
3317 5402 3743 5485 lusum'(quiad;

504 5472 821 5555 fuittiliaris._
838 5485 892 5528 et
936 5488 1303 5555 mrntnnarutn
1335 5472 2069 5555 prouortltotloxiaexautla-
2175 5476 2280 5528 huc
2316 5472 2366 5528 in
2401 5472 2596 5531 Graeca
2634 5478 2871 5555 Ecclesia
2899 5485 3250 5555 perseverat)
3303 5472 3532 5549 quorum
3552 5472 3739 5543 ὐιιιηιι

508 5560 683 5599 inmitti
710 5546 912 5622 socius,
935 5555 994 5622 et
1020 5544 1236 5622 biennio
1258 5542 1564 5622 auteillu‘tu
1592 5543 1938 5622 ticutortuus.
1968 5542 2066 5622 l_.e-
2173 5560 2294 5622 cum
2324 5560 2423 5622 ego
2446 5572 2451 5575 τ
2478 5552 2829 5622 aspexerim,
2859 5542 2980 5620 ej'us
3018 5542 3434 5622 descriptionem
3487 5556 3578 5611 hic
3625 5542 3742 5612 non

512 5634 571 5677 ea
599 5628 705 5669 itur
740 5618 880 5684 apud
933 5611 1280 5668 Sirmondum
1319 5612 1561 5678 epistolae
1591 5613 1815 5665 Sttulitm
1865 5610 1929 5664 ad
1978 5611 2073 5664 Ni-
2171 5610 2484 5668 subtraham
2516 5610 2589 5671 ε]
2629 5610 2926 5675 Linteolum
2959 5623 3010 5675 in
3053 5610 3213 5692 cujus
3238 5626 3415 5682 medio
3450 5610 3736 5694 munisti:
