3952 6202
406 223 545 287 ⁴ΞΟῚ

1469 224 1530 282 S.
1572 219 1991 282 NICEPHORI
2028 215 2537 279 PATRIARCH/E
2573 216 2685 278 ΟΡ.

3591 218 3706 284 208

444 336 883 393 Christianorum
938 336 1253 408 religionem
1307 337 1601 407 impietatis
1654 335 1859 391 idolicas
1923 350 2024 404 pu-

2131 331 2477 405 Χριστιανῶν
2519 330 2852 396 θεοσέϐειαν,
2906 328 3224 396 δυσσεϐείας
3281 330 3564 403 είδωλικῆς
3609 333 3709 386 διὰ

448 447 589 496 ram,
653 431 825 486 sacris
902 429 1098 485 litteris
1161 429 1426 494 recitatis,
1479 428 1793 498 praecedens
1843 442 2022 481 sermo

451 522 813 587 monstravit;
853 522 975 578 illos
1003 536 1136 577 vero
1160 522 1251 591 qui
1282 521 1621 590 iniquitatem
1660 520 1713 575 in
1745 519 2020 575 excelsum

448 616 613 672 locuti
649 624 781 670 sunt
818 616 835 645 ⁸
868 628 933 667 ac
966 613 1234 678 meditati,
1266 627 1365 667 ceu
1400 612 1682 667 dementes
1731 612 2023 665 traducens

448 709 648 780 abegit.
676 706 832 762 Nunc
856 717 1034 760 autem
1062 704 1292 759 accincti
1313 703 1491 759 denuo
1508 703 1737 758 alterum
1759 702 2024 758 adversus

446 801 779 869 impietatem
838 796 1172 867 ingredimur
1212 795 1471 851 stadium.
1522 794 1819 863 Quoniam,
1881 795 2025 850 sicut

439 893 551 959 jam
585 899 741 944 antea
774 887 1250 957 dixinms,‘dnplex
1280 903 1308 942 a
1345 888 1591 944 veritatis
1623 887 1871 943 hostibus
1895 902 2025 942 con-

448 994 529 1035 tra
558 978 939 1036 orthodoxiam
971 977 1217 1047 praelium
1248 979 1637 1043 committitur,
1658 993 1757 1033 nos
1785 992 2022 1048 quoque,

447 1072 589 1129 haud
625 1086 783 1127 secus
815 1087 977 1141 quant
1007 1073 1211 1126 zelotes
1231 1069 1491 1137 Phinees,
1523 1071 1633 1127 telo
1685 1071 1879 1125 armati
1912 1070 2025 1140 spi-

447 1167 605 1232 ritus,
649 1176 703 1221 et
730 1164 979 1219 auxiliari
1041 1165 1160 1233 ipsa
1202 1164 1434 1219 veritate
1486 1173 1727 1227 utentes,
1763 1178 1861 1233 pro
1917 1177 2023 1232 qua

446 1270 749 1331 pugnantes
790 1274 1067 1313 armorum
1103 1258 1422 1313 societatem
1452 1256 1729 1321 inivimus,
1758 1264 1813 1311 et
1869 1253 2025 1325 cuius

444 1368 608 1407 causa
642 1351 743 1406 hoc
775 1351 901 1406 item
936 1350 1091 1406 nobis
1118 1349 1373 1405 obortum
1418 1354 1507 1404 est
1560 1347 1784 1412 bellum,
1817 1346 2021 1402 Madia—

446 1442 671 1497 nitieam
725 1440 1058 1511 impietatem
1119 1454 1244 1495 cum
1283 1436 1663 1494 incredulitate
1700 1436 1939 1506 judaica,
1972 1435 2025 1491 id

445 1541 532 1589 cst
580 1532 932 1587 manichmam
975 1530 1182 1605 rabiem
1216 1545 1340 1586 cum
1370 1530 1559 1585 ariana
1600 1527 1845 1597 vesania,
1880 1527 2025 1597 peri-

447 1625 709 1685 mendam,
726 1623 1063 1679 curabimus.

2122 425 2230 478 τῶν
2292 425 2455 497 ἱερῶν
2506 425 2852 495 γραμμάτων
2888 425 2918 478 ό
2963 422 3122 493 λόγος
3173 423 3478 494 προλαϐὼν,
3532 424 3707 479 καθα-

2126 516 2393 585 ρεύουσαν
2438 516 2769 585 ἀποδέδειχε,
2828 516 2957 579 τοὺς
2998 514 3057 572 δὲ
3088 515 3304 570 ἀδικίαν
3354 517 3432 579 είς
3468 515 3530 569 τὸ
3568 514 3707 588 ὕψος

2123 607 2464 679 λαλήσαντάς
2505 625 2564 661 τε
2612 609 2705 661 καὶ
2761 607 3191 677 μελετήσαντας,
3238 607 3593 678 στηλιτεύσας
3628 607 3711 672 ὡς

2124 701 2483 771 παράφρονας
2526 699 2901 771 ἀπερῤἀπισε.
2946 696 3062 753 Νῦν
3093 700 3150 752 δὲ
3192 694 3348 764 αὖθις
3377 701 3471 753 ἐπὶ
3502 701 3563 753 τὸ
3586 699 3711 753 ἕτε-

2127 808 2219 863 ρον
2271 792 2371 861 τῆς
2422 791 2681 855 ἀσεϐείας
2726 789 3135 860 ἀποδυσάμενοι
3178 791 3410 863 μέτιμεν
3463 790 3707 845 στάδιον.

2137 883 2422 953 Ἐπείπερ,
2454 882 2598 937 καθὰ
2631 883 2695 954 δὴ
2724 885 2817 937 καὶ
2856 883 3122 955 πρότερον
3154 884 3287 954 ἡμῖν
3335 883 3564 956 ὲρῤἠθη,
3594 882 3713 936 διτ-

2124 974 2216 1038 τὸς
2242 973 2394 1044 παρά
2420 972 2529 1025 τῶν
2563 974 2660 1044 τῆς
2678 973 2934 1045 ἀληθείας
2964 973 3175 1045 ἐχθρῶν
3206 974 3235 1027 ό
3267 975 3407 1027 κατὰ
3422 975 3520 1043 τῆς
3546 976 3710 1027 εὐσε-

2124 1065 2277 1129 ϐείας
2303 1065 2636 1137 συνέστηκεν
2669 1064 2839 1134 ἀγὼν,
2898 1065 3041 1120 κατά
3089 1066 3182 1120 τὸν
3228 1065 3478 1137 ζηλωτὴν
3518 1066 3711 1127 Φινεὲς

2123 1157 2205 1228 τῷ
2239 1158 2577 1231 σειρομάστῃ
2627 1157 3088 1223 καθοπλισθέντες
3123 1159 3218 1219 τοῦ
3250 1159 3586 1229 πνεύματος,
3611 1160 3712 1212 καὶ

2124 1251 2262 1320 αὑτῇ
2301 1252 2368 1321 τῇ
2398 1248 2631 1320 ἀληθείᾳ
2655 1250 2906 1321 συνεργῷ
2939 1252 3237 1331 χρώμενοι,
3269 1251 3409 1323 ὑπὲρ
3437 1246 3503 1322 ἧς
3537 1251 3712 1321 μαχὸο

2128 1357 2278 1410 μενοι
2328 1338 2791 1410 συμμαχούμεθα,
2822 1340 2919 1394 καὶ
2962 1344 2991 1394 ὁ
3041 1339 3236 1411 παρὼν
3301 1342 3436 1411 ἡμῖν
3484 1342 3714 1393 ἐπισυν-

2124 1432 2323 1502 έστηκε
2366 1431 2625 1502 πόλεμος,
2657 1432 2755 1503 τὴν
2774 1432 3092 1487 Μαδιανῖτιν
3118 1431 3307 1485 ἀθεῖαν
3334 1434 3400 1502 τῇ
3438 1430 3708 1500 Ἰουδαϊκῇ

2124 1523 2378 1595 ἀπιστίᾳ,
2412 1522 2510 1594 τὴν
2562 1524 2914 1594 Μανιχαῖκήν
2963 1541 3108 1594 φημι
3142 1522 3343 1576 λύτταν
3376 1524 3443 1592 τῇ
3487 1521 3708 1591 ’Ᾱρεια-

2122 1618 2249 1687 νικῇ
2284 1615 2453 1687 μανία
2489 1616 3034 1687 συνεκκεντήσοντες.
3598 1624 3601 1625 ⁷

516 1714 567 1768 1.
600 1713 656 1769 Si
685 1714 805 1782 quis
835 1713 1015 1782 itaque
1037 1726 1130 1768 eos
1150 1712 1471 1781 interroget,
1489 1710 1708 1765 ubinam
1737 1708 2024 1779 aliquando

2196 1716 2266 1763 α’.
2318 1707 2474 1762 Ἐπεὶ
2502 1702 2598 1763 οῦν
2642 1709 2696 1762 εῐ
2718 1725 2802 1772 τις
2830 1708 3012 1762 αὑτῶν
3048 1706 3391 1773 διαπύθοιτο,
3441 1706 3545 1760 ποῦ
3571 1724 3712 1763 ποτε

442 1803 792 1859 Christianos
816 1802 1010 1858 idoliea
1044 1802 1327 1867 scandala,
1355 1811 1610 1871 tanquam
1664 1800 1799 1855 deos
1829 1796 2041 1870 depre-'

447 1896 738 1952 henderint
770 1897 1082 1962 adorantes,
1105 1895 1233 1963 quid
1265 1893 1631 1963 respondeant
1663 1907 1768 1947 non
1799 1893 2020 1958 habent,

448 1988 812 2042 valde-autem
836 1986 1104 2057 vertigine
1133 1987 1407 2049 laborant,
1440 1986 1510 2039 ab
1541 1985 1658 2057 ipsa
1682 1970 1927 2039 'veritate
1957 1984 2024 2038 ad

436 2078 644 2132 incitas
671 2077 980 2141 redacti,et
1009 2076 1191 2145 lingua
1246 2076 1514 2146 impediti,
1549 2088 1605 2131 et
1638 2076 1819 2131 anima
1874 2085 2025 2131 tene-

448 2168 556 2219 bris
586 2178 869 2235 occupata.
905 2166 1122 2235 Alioqui
1169 2167 1337 2220 etiam
1386 2168 1632 2221 sentiunt
1682 2182 1742 2222 se
1802 2182 2026 2237 magno-

448 2274 577 2325 pere
599 2259 665 2315 ad
677 2274 865 2313 versus
879 2256 1047 2313 Deum
1075 2273 1323 2328 peccare,
1341 2260 1469 2315 dum
1490 2262 1543 2314 in
1569 2277 1627 2314 re
1651 2275 1805 2315 sacra
1827 2268 2027 2330 prater

450 2358 528 2406 Ias
556 2352 811 2406 labuntur
858 2367 873 2404 :
919 2367 1151 2421 cumque
1189 2352 1257 2406 iis
1288 2352 1347 2405 fit
1390 2351 1752 2421 exploratum,
1796 2359 2025 2420 quanto-

449 2457 576 2509 pere
603 2442 783 2510 injurii
813 2442 944 2505 sint,
986 2450 1117 2496 tunc
1148 2441 1213 2496 ad
1279 2441 1739 2512 incircumscripti
1792 2444 2025 2495 vocaliu-

451 2537 559 2588 lnm
595 2534 935 2604 confugiunt.
960 2533 1270 2604 Sperantes
1299 2534 1445 2589 enim
1489 2548 1550 2588 se
1582 2532 1796 2603 injuria:
1836 2545 2026 2586 exces-

449 2640 567 2677 sttm
615 2625 811 2691 vitare,
868 2625 1151 2681 honestam
1200 2627 1584 2697 excogitaruut
1643 2627 1867 2682 induere
1917 2624 2022 2681 sibi

436 2731 758 2787 personam,
823 2733 1021 2787 nempe
1078 2717 1534 2787 incircumscripti
1605 2717 2021 2787 appellationem

448 2823 611 2877 quam
640 2808 859 2865 Christo
886 2809 1192 2863 attribuunt
1219 2826 1233 2863 :
1262 2810 1403 2864 hanc
1421 2809 1520 2864 sibi
1560 2810 1726 2865 veluti
1750 2809 2021 2865 cautelam

434 2901 947 2967 circumponentes,
966 2909 1059 2965 ut,
1088 2902 1214 2955 dum
1246 2900 1521 2955 aiuntnon
1547 2908 1805 2971 oportere
1845 2901 2024 2956 facere

452 2991 735 3061 imagines,
774 2988 1063 3045 videantur
1090 3000 1269 3045 tamen
1328 2991 1568 3047 vesaniae.
1626 2993 1886 3046 adversus
1934 3006 2021 3045 res

450 3093 669 3137 sanctas
701 3081 905 3136 crimen
938 3080 1133 3137 vitare.
1167 3081 1331 3149 Atqui
1357 3083 1409 3136 in
1442 3082 1546 3137 hoc
1576 3082 1749 3153 major
1784 3082 2023 3152 ipsormn

450 3172 722 3236 protervis
764 3172 1135 3241 .cnmperitur.
1173 3171 1442 3227 Malitiose
1500 3172 1699 3242 quippe
1756 3183 2026 3227 conantur

454 3267 617 3318 Deum
652 3262 821 3317 latere
845 3262 897 3317 in
943 3263 1025 3317 his
1048 3277 1171 3331 qua:
1187 3264 1448 3318 adversus
1501 3277 1625 3317 eum
1663 3274 1889 3333 peccant
1922 3264 2028 3334 ιθ

450 3354 651 3409 stolidi.
683 3352 855 3410 Porro
886 3370 1008 3408 cum
1046 3354 1146 3425 ipsi
1182 3355 1402 3411 sibimet
1429 3353 1613 3411 fucum
1658 3355 1884 3422 faciant,
1922 3357 2025 3410 hoc

450 3453 667 3505 demum
700 3436 1071 3522 insipientium
1129 3453 1377 3524 atquein
1440 3468 1631 3510 errore
1692 3452 2023 3512 versantium

451 3542 710 3599 indicium
731 3552 836 3609 est.

510 3721 575 3775 ’2.
612 3720 823 3779 Rursus
856 3722 1038 3793 itaque
1061 3723 1114 3779 in
1145 3725 1247 3779 hac
1277 3738 1493 3795 quoque
1518 3724 1812 3796 impietatis
1874 3731 2029 3793 parte

453 3814 807 3868 consentanei
839 3814 941 3869 sibi
976 3823 1120 3869 sunt.
1148 3814 1333 3885 Neque
1363 3818 1506 3871 enim
1556 3817 1844 3872 veritatem
1877 3816 2027 3870 inve-

454 3907 572 3958 nire
598 3903 841 3970 student,
878 3904 972 3961 sed
1025 3904 1286 3960 Mamonas
1340 3921 1727 3975 errorem,ceu
1783 3907 2025 3975 regulam

442 4003 509 4047 rt
541 4002 792 4050 exactam
818 3996 1155 4066 alogmatum
1181 3997 1444 4052 rationem
1480 3998 1533 4052 hi
1584 3998 1772 4053 miseri
1808 3998 2027 4067 adopta-

454 4094 601 4139 runt.
653 4083 861 4156 Quippe
911 4086 982 4139 ita
1041 4086 1109 4141 ab
1140 4101 1295 4156 aequo
1326 4085 1614 4141 ratiocinio
1658 4096 2023 4149 recesserunt,

448 4187 502 4231 et
540 4176 859 4246 turpitudini
910 4176 1225 4249 suffragium
1280 4193 1439 4233 suum
1474 4179 1855 4244 contulerunt;
1887 4180 2028 4234 unde

454 4269 589 4334 ipsis
630 4285 765 4325 vana
809 4271 924 4326 haec
958 4271 1203 4326 doctrina
1267 4271 1587 4340 insipienter
1642 4272 1870 4327 conﬂata
1922 4279 2024 4327 est.

2126 1803 2236 1871 ἄρα
2301 1801 2666 1873 Χριστιανοὺς
2724 1800 3024 1865 είδωλικοῖς
3088 1799 3559 1872 προσοχθίσμασιν
3630 1807 3716 1863 ὡς

2135 1894 2279 1957 θεοῖς
2331 1894 2626 1965 ἐφώρασαν
2677 1891 3086 1962 ὑποκύψαντας,
3134 1892 3234 1945 ούκ
3263 1891 3447 1962 ἔχουσι
3478 1892 3506 1945 ὃ
3527 1908 3580 1947 τι
3611 1891 3717 1945 καὶ

2120 1985 2593 2055 ἀντιφθέγξαιντο,
2624 1984 2898 2056 ίλιγγιῶσι
2935 1985 2993 2038 δὲ
3019 1983 3258 2054 μάλιστα
3278 1984 3371 2037 ὑπ’
3405 1984 3577 2053 αὑτῆς
3605 1988 3714 2059 τῆς

2127 2079 2388 2151 ἀληθείας
2425 2077 2873 2150 στρεϐλούμενοι,
2920 2077 3015 2131 καὶ
3059 2076 3155 2148 τὴν
3181 2075 3435 2145 γλῶσσαν
3471 2075 3715 2145 δεσμού-

2129 2188 2301 2243 μενοι,
2355 2172 2449 2225 καὶ
2495 2172 2595 2241 τὴν
2633 2170 2816 2243 ψυχὴν
2867 2169 3094 2235 σκότους
3147 2168 3536 2241 πληρούμενοι.
3594 2167 3715 2221 Καὶ

2126 2262 2305 2326 ἄλλως
2359 2261 2779 2331 συναισθόμενοι
2826 2261 2903 2325 ὡς
2964 2261 3087 2314 λίαν
3146 2258 3406 2313 ἀσεϐοῦσι
3454 2257 3522 2311 τά
3566 2256 3717 2327 πρὸς

2125 2354 2258 2407 Θεὸν
2286 2356 2399 2417 τοῖς
2432 2354 2599 2424 ίεροίς
2638 2353 2897 2423 ἀθέσμως
2928 2352 3384 2423 προσπταίοντες,
3422 2349 3716 2419 ἐγνωσμέ-

2125 2465 2216 2503 νον
2243 2449 2432 2512 αύτοῐς
2464 2449 2589 2502 ὅποι
2618 2449 2687 2501 τὰ
2728 2446 2835 2517 τῆς
2894 2446 3109 2519 ὕϐρεως
3146 2446 3500 2516 ἀναφέρεται,
3549 2461 3713 2515 τηνιο

2126 2540 2307 2595 καῦτα
2355 2539 2629 2611 χωροῦσιν
2691 2539 2785 2592 ἐπὶ
2837 2538 2899 2591 τὸ
2944 2537 3383 2609 ἀπερίγραπτον.
3454 2536 3719 2606 Οἰόμενει

2126 2629 2235 2701 γάρ
2264 2630 2549 2700 διαδρᾶναι
2597 2628 2658 2681 τδ
2708 2628 2808 2697 τῆς
2860 2626 3071 2701 ὕϐρεως
3115 2627 3442 2697 ὑπέρογκον,
3496 2625 3719 2695 κομψὸν

2125 2719 2424 2790 ἐπενόησαν
2459 2720 2597 2791 ὅπερ
2639 2718 2914 2772 ὑπέδυσαν
2962 2721 3326 2789 προσωπεῖον,
3386 2717 3475 2773 τοῦ
3505 2721 3716 2788 ἀπερι-

2126 2809 2372 2882 γράπτου
2421 2810 2481 2863 τὸ
2519 2810 2841 2881 πρόσρημα,
2878 2808 2907 2861 δ
2947 2808 3014 2874 δὴ
3065 2807 3144 2878 τῷ
3199 2807 3422 2879 Χριστῷ
3471 2808 3721 2877 ἐπιγρά-

2127 2920 2315 2973 φουσι·
2368 2902 2542 2972 ταύτῃ
2582 2900 2745 2970 δῆθεν
2796 2898 3303 2964 κατασκευάζοντες
3332 2899 3395 2953 τὸ
3436 2899 3723 2970 ἀπρόσκο-

2051 3025 2095 3084 c
2128 3013 2249 3058 πον,
2286 2995 2362 3058 ὡς
2392 2994 2458 3048 ἂν
2480 2992 2559 3064 τῷ
2589 2992 2664 3066 μὴ
2693 2993 2806 3046 δεῖν
2840 2992 3324 3084 είκονίζεσθαι,τά
3471 2994 3537 3062 τῇ
3566 3009 3725 3084 παρέ

2127 3086 2267 3157 οινίᾳ
2315 3085 2425 3138 τῶν
2467 3084 2643 3153 ἁγίων
2677 3085 2855 3139 ἄτοπα
2918 3083 3341 3152 διαπεφευγέναι
3372 3082 3604 3149 δόξαιεν.
3643 3082 3722 3136 ’Ὀ

2131 3178 2321 3249 μεῖζον
2363 3179 2550 3242 αὑτοῖς
2597 3179 2680 3241 είς
2728 3177 2962 3231 ἀτοπίαν
3017 3176 3332 3247 ἐξεύρηται.
3380 3174 3724 3244 Σοφίζονται

2127 3271 2235 3339 γὰρ
2273 3269 2561 3324 λανθάνειν
2594 3268 2750 3333 Θεὸν,
2793 3269 2878 3337 ἔφ’
2913 3261 2995 3331 οἷς
3021 3269 3102 3331 είς
3131 3268 3295 3321 αὑτὸν
3325 3266 3619 3320 ἀσεϐοῦσιν
3659 3268 3725 3319 οἱ

2126 3360 2415 3415 ἀσύνετοι·
2479 3358 2738 3428 λελήθασι
2800 3356 2858 3409 δὲ
2918 3356 2995 3426 τῷ
3050 3356 3167 3409 δντι
3220 3358 3363 3426 σφᾶς
3402 3355 3603 3417 αὑτοὺς
3659 3357 3725 3409 οἱ

2127 3451 2498 3523 πλανώμενοι,
2557 3450 2633 3514 ὡς
2680 3450 2742 3526 τό
2798 3466 2860 3519 γε
2925 3449 3155 3511 ἑαυτοὺς
3212 3444 3722 3519 παραλογίζεσθαι,

2126 3545 2233 3599 τῶν
2275 3544 2519 3615 ἀνοήτων
2560 3542 2703 3595 πάνυ
2741 3542 2836 3595 καὶ
2883 3538 3173 3610 σφαλερῶν
3220 3539 3458 3611 ὑπάρχει
3494 3538 3727 3610 τεκμήο

2129 3653 2263 3707 ριον.

2201 3726 2267 3797 β’.
2320 3726 2490 3780 Πάλιν
2535 3721 2628 3779 οὗν
2652 3727 2764 3780 κάν
2796 3724 2971 3797 τούτῳ
3006 3724 3082 3795 τῷ
3118 3725 3276 3798 μέρει
3321 3723 3423 3795 τῆς
3451 3722 3729 3786 ἀσεϐείας

2129 3816 2344 3878 ἑαυτοῖς
2373 3814 2795 3877 ἀκολουθοῦντες
2824 3831 2839 3845 ·
2871 3815 2933 3868 οὐ
2968 3814 3077 3886 γὰρ
3103 3814 3168 3885 δὴ
3192 3814 3291 3886 τὴν
3320 3817 3417 3885 τῆς
3446 3811 3729 3881 ἀληθείας

2126 3902 2513 3958 διασκοποῦσιν
2564 3902 2806 3973 εὕρεσιν,
2874 3904 2971 3975 τὴν
3009 3905 3121 3965 ,τοῦ
3179 3903 3436 3974 Μαμωνᾶ
3474 3900 3729 3972 πλάνην,

2128 3997 2329 4051 κανόνα
2362 3998 2455 4050 καὶ
2486 3996 2774 4067 δογμάτων
2812 3997 3101 4068 ἀκρίϐειαν
3154 3998 3203 4050 οί
3257 3995 3479 4049 δείλαιοι
3535 3992 3736 4057 ἑξεδέ-

2130 4089 2310 4154 ξαντο.
2340 4088 2497 4143 Οὕτω
2527 4090 2637 4161 γὰρ
2666 4087 2759 4143 τοῦ
2791 4088 3007 4153 δέοντος
3039 4087 3527 4159 παρεκομίσθησαν
3559 4084 3664 4151 λογ
3677 4102 3734 4138 t-

2133 4180 2295 4248 σμοῦ,
2335 4182 2431 4236 καὶ
2461 4183 2576 4244 τοῖς
2611 4180 2848 4250 αἰσχίοσι
2903 4179 3231 4251 τὴν.ψῆφον
3280 4180 3544 4249 ἡνεγκαν,
3589 4175 3734 4229 ὅθεν

2130 4273 2314 4336 αὑτοῖς
2345 4272 2406 4326 τὸ
2430 4273 2539 4327 πᾶν
2560 4272 2660 4342 τῆς
2688 4270 2902 4335 εἰκαίας
2922 4272 3124 4342 ταύτης
3169 4268 3520 4327 διδασκαλίας
3547 4266 3694 4336 ἀνοή
3710 4299 3734 4309 -

446 4361 594 4417 Vere
631 4363 698 4418 de
722 4363 795 4417 ita
824 4362 1186 4418 sentientibus
1232 4377 1377 4417 nunc
1407 4377 1622 4433 quoque
1666 4363 1897 4428 dicetur,
1957 4378 2023 4419 ex

2129 4380 2237 4426 τως
2269 4362 2622 4431 συνέστηκεν.
2670 4362 2881 4424 Ὄντως
2913 4361 3113 4431 ἀληθὲς
3143 4360 3282 4432 ,περὶ
3312 4359 3419 4412 τῶν
3447 4351 3548 4410 ὧδε
3576 4374 3733 4426 φρο-

449 4456 559 4509 ιξιο
620 4453 1002 4521 Sodomorum,
1060 4470 1180 4509 esse
1248 4456 1412 4510 vitent
1475 4470 1701 4522 eorum;
1743 4456 2024 4527 palmitem

447 4559 634 4600 eorum
667 4561 734 4601 ex
761 4545 1090 4614 Gomorrlta,
1126 4554 1182 4601 et
1239 4562 1397 4600 uvam
1426 4563 1617 4604 eorum
1664 4563 1821 4603 uvam
1861 4549 2021 4610 fellis,

451 4652 721 4692 racemum
755 4653 945 4693 eorum
968 4637 1434 4693 atnariludinem‘.
1453 4637 1701 4709 Namque
1730 4638 2025 4709 impietatis

454 4729 601 4783 illinc
630 4745 899 4785 meracam
927 4729 1097 4785 veluti
1133 4730 1446 4786 haurientes
1489 4732 1932 4795 amaritudinem,
1970 4740 2027 4787 et

450 4817 749 4876 elaboratis
804 4836 834 4875 a
867 4821 1113 4878 Mamona
1152 4821 1301 4877 falsis
1330 4821 1525 4876 fabulis
1563 4822 1829 4878 ebriatam
1872 4838 2025 4878 men-

453 4923 558 4965 tem
579 4921 851 4977 gerentes,
869 4914 934 4967 ad
953 4914 1293 4987 protligiosas
1311 4924 1366 4967 et
1388 4914 1787 4969 irrationabiles
1802 4929 2026 4985 prorSns

449 4999 798 5067 garrulitates
860 5002 1097 5073 linguam
1182 5006 1579 5060 absurdissima
1660 5013 2023 5059 commovent.

450 5092 825 5164 Multoitaqne
854 5109 911 5150 se
938 5094 1125 5150 labore
1163 5096 1486 5159 atterentes.
1526 5095 1832 5165 multosque
1859 5094 2027 5150 libros

450 5192 863 5253 corrumpentes
908 5190 1074 5252 atque
1112 5183 1502 5252 adulterantes,
1522 5186 1900 5257 plurimasque
1940 5186 2023 5238 in-

448 5276 719 5348 clytorum
750 5272 971 5330 Patrum
1024 5276 1345 5339 sententias,
1373 5291 1582 5330 necnon
1612 5289 1665 5331 et
1695 5279 1922 5333 aliorum
1955 5276 2025 5330 ab

450 5367 709 5423 Ecclesia:
740 5378 887 5424 mnu
916 5367 1266 5438 expulsornm
1302 5378 1638 5432 scrutantes,
1662 5372 1866 5440 hasque
1903 5389 2028 5442 per-

452 5461 671 5517 turbare
688 5471 743 5517 et
760 5458 947 5518 fucare
962 5468 1247 5525 conantes,
1268 5460 1436 5514 nihilo
1465 5461 1637 5529 magis
1658 5463 2024 5531 profecerunt.

523 5640 545 5675 ⁸
577 5637 724 5697 Psal.
756 5658 923 5712 uxn,
961 5644 1014 5699 8.
1092 5645 1111 5676 ¹
1153 5640 1307 5699 Dent.
1343 5657 1515 5711 um,
1546 5641 1635 5699 3'2.

2130 4455 2386 4518 νούντων,
2404 4454 2586 4529 ⁴φάναι
2613 4452 2708 4507 καὶ
2731 4452 2845 4517 νῦν,
2877 4453 2953 4517 ὡς
2981 4454 3066 4525 εἴη
3096 4451 3157 4517 ἐξ
3178 4450 3429 4522 ἀμπέλου
3457 4444 3765 4517 Σοδόμωνῖ

2132 4548 2165 4617 ἡ
2193 4545 2438 4616 ἄμπελος
2482 4545 2688 4613 αὑτῶν,
2719 4548 2751 4617 ὴ
2791 4545 3066 4617 κληματὶς
3088 4543 3268 4597 αὐτῶν
3295 4543 3358 4596 ὲκ
3396 4540 3805 4619 Γομόρῤαςδχ

2130 4639 2163 4707 ἡ
2199 4636 2443 4706 σταφυλὴ
2492 4636 2672 4690 αὑτῶν
2726 4635 2973 4705 σταφυλὴ
3018 4634 3206 4705 χολῆς,
3251 4633 3449 4705 βότρυς
3485 4633 3744 4702 πικρίας
3810 4672 3819 4678 ο

2132 4728 2335 4784 αὐτῶν.
2370 4730 2474 4783 Τὸν
2503 4730 2613 4800 γὰρ
2642 4729 2743 4799 τῆς
2766 4710 3027 4792 ἀσεϐείας
3054 4727 3267 4780 ἐκεῖθεν
3300 4726 3494 4795 πικρὸν
3520 4723 3748 4798 ὥσπερ

2133 4822 2460 4893 ὲκχεάμενοι
2492 4822 2753 4894 ἄκρατον,
2781 4823 2875 4875 καὶ
2903 4824 3019 4885 τοῖς
3061 4819 3531 4891 ἐκπεπονημένοις
3566 4820 3749 4893 αὐτῷ

2133 4912 2626 4984 ψευδομυθήμασιν
2670 4913 3147 4985 ὲκμεμεθυσμένοι
3212 4914 3305 4966 τὸν
3367 4911 3516 4975 νοῦν,
3580 4914 3753 4983 πρὸς

2133 5005 2458 5067 ἀλλοκότους
2505 5006 2600 5060 καὶ
2640 5005 2960 5071 ἀλογίστους
2991 5004 3265 5075 φλυαρίας
3302 5004 3403 5076 τὴν
3458 5002 3756 5071 γλῶσσαν

2131 5096 2459 5152 ἀτοπώτατα
2489 5099 2926 5171 παραφέρονται.
2967 5097 3146 5151 Πολλά
3172 5096 3237 5169 δὴ
3278 5095 3375 5151 οὖν
3420 5097 3757 5167 καμόντεςς

2134 5190 2228 5244 καὶ
2253 5190 2455 5255 πολλάς
2495 5191 2712 5262 βίϐλους
2761 5189 3175 5261 διαφθείραντες
3211 5190 3308 5244 καὶ
3337 5188 3759 5257 νοθεύσαντες,

2137 5280 2396 5346 πλείστας
2430 5299 2488 5336 τε
2516 5280 2674 5347 δόξας
2699 5281 2809 5335 τῶν
2833 5298 2893 5334 τε
2927 5280 3187 5349 ἀοιδίμων
3234 5278 3499 5350 Πατέρων
3534 5280 3761 5347 ἡμῶν,

2138 5374 2273 5445 πρὸς
2295 5374 2352 5427 δὲ
2385 5375 2479 5430 καὶ
2503 5375 2611 5428 τῶν
2639 5374 2798 5438 ἐκτὸς
2824 5374 2917 5427 καὶ
2949 5372 3046 5426 τοῦ
3081 5371 3181 5442 τῆς
3220 5370 3553 5441 Ἐκκλησίας
3618 5373 3770 5427 ἁπ-

2138 5467 2488 5539 εληλαμένων
2522 5467 2685 5540 χοροῦ
2723 5466 3209 5539 ἔξερευνήσαντες,
3235 5462 3331 5518 καὶ
3352 5461 3577 5527 ’ταύτας
3625 5480 3777 5522 πα.-
