3994 6198
219 413 327 479 209

939 418 1571 486 ANTIRBHETICUS
1609 426 1639 486 Ι
1703 427 1874 492 ADV.
1913 429 2515 494 CONSTANTINUM
2555 433 2772 494 COPR.

3341 503 3345 508 .
3405 432 3521 501 210'

226 525 479 614 ρακινεῖν
548 524 649 578 καὶ
711 525 902 580 δολοῦν
962 529 1322 598 πειραθέντες
1347 549 1363 563 ο
1407 533 1614 605 ἤνυσαν
1657 535 1819 592 πλέον

1940 537 2232 596 llnmonam
2291 557 2421 598 vero
2451 543 2672 614 paribus
2715 557 2781 598 ac
2823 542 3027 599 ethnici
3075 542 3374 600 honoribus
3400 563 3516 604 ma-

226 615 332 683 μὲν
353 613 514 668 οὐδέν
541 632 597 669 τι
628 631 642 646 ·
682 617 896 672 ἐκεῖνον
925 617 984 672 δὲ
1013 622 1134 684 ταῖς
1175 621 1403 688 ἰσοθέοις
1456 624 1582 679 καθ’
1626 626 1828 700 ’Έλλη-

221 723 324 770 νας
369 707 702 780 γεραίρουσι
723 711 940 780 τιμαῖς,
972 713 1042 783 τῇ
1073 729 1137 766 τε
1168 712 1296 786 δόξῃ
1322 717 1389 788 τῇ
1429 717 1595 772 αύτοῦ
1629 721 1726 774 καὶ
1749 719 1829 792 τῷ

224 800 546 872 φρονήματι
595 802 1032 874 προστρέχοντες
1069 806 1475 876 ἀφρονέστατα,
1507 811 1584 875 ὡς
1625 815 1829 867 οἰκεῖον

225 889 708 961 περιπτύσσονται
767 893 867 946 καὶ
920 891 1292 959 ἀσπάζονται.⁸
1329 897 1442 952 Καὶ
1479 898 1690 956 τούτων
1725 901 1830 974 μά-

225 980 394 1036 λιστα
429 983 484 1036 οἰ
512 983 760 1056 ἀνοήτως
787 987 890 1054 τῆς
921 984 1136 1040 ἐκείνου
1175 988 1520 1056 ἀποστασίας
1554 1010 1830 1067 προεστηο

227 1071 413 1139 κάτες,
444 1075 510 1126 ὲκ
538 1073 638 1144 τῆς
659 1074 922 1146 τοιαύτης
955 1076 1220 1150 αἰσχύνης
1239 1079 1301 1134 τὸ
1327 1085 1631 1152 περιφανὲς
1665 1103 1829 1140 κατα·

227 1163 475 1220 κτᾶσθαι
513 1165 774 1238 οἰόμενοι,
821 1169 919 1222 καὶ
965 1168 1178 1234 τούτοις
1223 1172 1456 1245 ἐρεύνης
1501 1175 1598 1229 καὶ
1644 1177 1830 1244 ἐξετά-

231 1273 379 1320 σεως
414 1257 546 1312 ἀνευ
591 1256 933 1313 συντίθενται
958 1275 972 1292 ·
1012 1261 1204 1333 ἐπειδὴ
1244 1265 1537 1338 πρόχειρον
1565 1270 1599 1338 ἡ
1633 1271 1826 1337 κακία,

230 1347 333 1400 καὶ
363 1346 536 1410 πολὺς
587 1349 681 1402 ἐπὶ
729 1347 792 1402 τὸ
817 1352 1002 1421 χεῖρον
1041 1353 1069 1404 ό
1107 1352 1331 1424 δρόμος,
1379 1356 1472 1409 καὶ
1501 1357 1566 1409 τὸ
1591 1358 1728 1428 πρὸς
1761 1359 1830 1414 τὰ

230 1439 581 1510 περικόσμια
633 1439 748 1494 τῶν
778 1442 1128 1514 φιλοσάρκων
1191 1447 1516 1518 ὲπιρῥεπές.
1577 1448 1704 1518 Ὑφ’
1751 1445 1829 1506 ὧν

229 1531 636 1602 ἑναυξηθέντος
677 1535 866 1598 αὐτοῖς
913 1535 1010 1589 τοῦ
1063 1537 1262 1603 κακοῦ,
1321 1539 1390 1594 τὰ
1456 1540 1556 1610 τῆς
1619 1543 1831 1608 οἰκείας

232 1625 548 1696 ἀσφαλείας
572 1625 922 1698 προῦδωκαν,
973 1626 1165 1700 ὥσπερ
1199 1629 1451 1702 λοιμικοῦ
1481 1649 1630 1698 τινος
1663 1636 1830 1706 ἐφερ-

233 1720 516 1787 πύσαντος
550 1721 644 1773 καὶ
667 1719 1017 1792 ψυχοφθόρου
1052 1722 1282 1788 πάθους.
1329 1723 1613 1780 Ἐντεῦθεν
1639 1731 1708 1800 τῇ
1735 1729 1830 1782 τοῦ

231 1813 664 1884 ἀπεριγράπτου
721 1813 1078 1868 συνίστανται
1138 1819 1312 1887 φωνῇ,
1360 1817 1431 1870 δι’
1467 1814 1536 1889 ἦς
1593 1820 1694 1890 τὴν
1733 1820 1828 1874 τοῦ

232 1903 498 1974 Σωτῆρος
553 1905 712 1975 ήμῶν
769 1905 924 1960 θείαν
969 1883 1289 1979 οἰκονομίαν
1339 1883 1666 1982 πανούργως
1729 1914 1826 1966 καὶ
1860 1883 1902 1944 Β

237 1995 537 2067 κακοήθως
565 1999 632 2050 ὲκ
654 1996 1084 2069 βάθρων-αὑτῶν
1107 2001 1438 2072 ἀνατρέπειν
1461 2003 1827 2076 ἐπιχειροῦσι,

233 2087 339 2142 καὶ
363 2087 574 2162 ταύτην
599 2090 744 2144 κατὰ
760 2092 869 2144 τῶν
898 2091 1272 2147 εὐσεϐούντων
1323 2095 1826 2168 προχειριζόμενοι,

235 2181 336 2235 καὶ
355 2181 548 2252 ῶσπερ
579 2181 1095 2252 δυσκαταγώνιστον
1138 2185 1508 2258 ἐπιτείχισμα
1571 2188 1831 2255 κατεξανο

239 2273 496 2338 ιστάντες
567 2275 776 2340 αὐτοῖς,
842 2275 1098 2346 αἰρήσειν
1159 2276 1398 2332 οἴονται·
1465 2278 1542 2342 ὡς
1607 2281 1657 2333 εἰ
1749 2281 1827 2354 μὴ

231 2364 517 2434 δέξαιντο,
596 2365 907 2439 διαιρήσειν
985 2369 1122 2439 τὴν’
1163 2369 1307 2424 κατὰ
1381 2370 1619 2442 Χριστὸν
1695 2373 1826 2443 μίαν

233 2457 544 2512 ὑπόστασιν
631 2459 1107 2532 ὲκόιασθήσοιντο.
1198 2462 1342 2517 Ἀλλ’
1429 2463 1620 2538 ἐπειδὴ
1706 2481 1825 2520 ποι-

231 2551 392 2605 κίλον
445 2553 542 2606 καὶ
596 2551 914 2625 πολυσχιδὲς
966 2553 1028 2608 τὸ
1075 2555 1171 2610 τοῦ
1239 2555 1468 2626 ψεύδους
1521 2557 1826 2630 τέχνασμα,

233 2643 676 2700 ύποπλάττονται
737 2647 837 2716 μὲν
889 2647 1098 2719 ταύτην
1163 2647 1450 2720 δέχεσθαι,
1527 2650 1688 2723 μέχρι
1739 2651 1828 2720 dat-

233 2733 344 2788 λῶν
397 2735 664 2807 ῥημάτων
711 2739 892 2808 μόνων
938 2738 1343 2811 περιιστάντες,
1388 2739 1452 2794 τὸ
1519 2741 1829 2814 έτερόδοξον

1934 641 2105 702 ctant,
2149 633 2202 688 in
2233 637 2457 704 ejusque
2515 645 2722 691 sectam
2748 644 2911 706 atque
2937 637 3263 693 sententiam
3291 639 3518 711 pedibus

1930 733 2124 778 euntes
2162 725 2692 792 imprudentissime,
2734 735 2996 797 tanquam
3055 730 3330 799 propriam
3372 732 3518 789 asci-

1929 825 2171 870 scuntac
2201 814 2452 885 diligunt.
2477 817 2660 887 Atque
2693 819 2745 872 in
2775 818 2862 874 his
2893 820 3296 892 praecipue,qui
3319 822 3517 882 stolide

1929 907 1986 960 in
2008 905 2155 963 illius
2184 908 2458 978 apostasia
2491 911 2834 980 antesignani
2863 920 3012 978 sunt,
3049 926 3118 970 ex
3152 915 3256 969 hac
3288 915 3517 985 ignomi-

1931 998 2020 1053 nia
2045 997 2248 1054 claram
2276 997 2477 1054 famam
2504 1001 2729 1071 adipisci
2754 1009 2882 1071 puta
2899 1011 3046 1069 ntes,
3073 1005 3225 1062 hisce
3250 993 3518 1077 dogmati.

1929 1091 2034 1146 bus
2077 1089 2417 1160 inexplorate
2447 1107 2512 1147 ac
2553 1091 2671 1148 sine
2698 1093 2808 1150 ullo
2832 1095 3082 1150 examine
3113 1095 3534 1168 sull‘ragantur..

1931 1180 2144 1238 Etenim
2166 1197 2408 1254 praeceps
2432 1195 2517 1240 est
2537 1185 2767 1252 malitia,
2799 1187 3200 1259 vehemensque
3235 1189 3302 1245 ad
3329 1191 3528 1261 pejora

1931 1288 2144 1340 cursus,
2171 1286 2225 1330 et
2260 1276 2542 1332 hominum
2579 1279 3009 1348 volnptariorum
3044 1278 3111 1337 ad
3169 1297 3267 1338 res.
3290 1286 3519 1341 munda.-

1932 1378 2034 1419 nas
2061 1365 2230 1420 multa
2258 1365 2594 1435 proclivitas.
2631 1368 2708 1422 Ex
2753 1370 2950 1440 quibus
2981 1381 3146 1428 aucto
3168 1373 3301 1443 ipsis
3343 1375 3510 1444 malo,

1931 1457 2204 1528 propriam
2237 1458 2468 1514 salutem
2492 1460 2868 1528 prodiderunt,
2894 1473 3048 1531 peste
3079 1463 3244 1520 veluti
3274 1467 3508 1536 quadam
3567 1503 3572 1506 -

1933 1546 2237 1602 etexitioso
2265 1548 2430 1602 animi
2460 1549 2652 1604 morbo
2680 1549 2816 1620 ipsis
2840 1551 3158 1622 obrepente.
3179 1553 3320 1611 Hinc
3349 1558 3515 1615 incirv

1933 1640 2252 1710 cumscripti
2288 1641 2550 1697 vocabulo
2565 1629 3028 1712 'patrocinantur,
3055 1661 3162 1714 quo
3202 1645 3516 1704 Servatoris

1932 1739 2102 1792 nostri
2135 1737 2372 1792 divinam
2405 1737 2837 1794 incarnationem
2896 1739 3090 1796 callide
3137 1741 3518 1814 malitioseqne

1933 1839 2177 1885 evertere
2193 1829 2437 1886 funditus
2465 1829 2780 1884 moliuntur.
2807 1829 2970 1900 quue
2987 1831 3306 1887 vocabulum
3328 1835 3518 1888 ortho-

1931 1922 2088 1977 doxis
2117 1929 2560 1992 opponentes,et
2609 1929 2866 1994 tanquam
2924 1923 3341 1997 inexpugnabile
3395 1942 3518 1982 mu-

1930 2014 2114 2068 nimen
2163 2025 2353 2069 contra
2407 2028 2503 2070 eos
2568 2023 2866 2082 struentes,
2924 2019 3238 2088 superiores
3282 2034 3342 2074 se
3397 2018 3516 2076 fore

1929 2113 2185 2174 sperant;
2233 2103 2413 2174 quasi,
2451 2103 2554 2158 nisi
2597 2105 2780 2160 nostri
2825 2106 2878 2160 id
2938 2106 3253 2172 admittant,
3295 2107 3515 2162 unicam

1930 2193 2138 2250 Christi
2171 2207 2458 2264 personam
2479 2193 2768 2264 adigantur
2791 2193 3058 2249 dividere.
3095 2193 3207 2254 Sed
3257 2193 3515 2264 quoniam

1933 2285 2224 2356 versipelle
2255 2285 2574 2356 variumque
2592 2286 2860 2341 mendacii
2879 2285 3172 2342 artiﬁcium
3201 2294 3309 2352 est,
3341 2286 3516 2341 simu-

1932 2377 2046 2433 lant
2075 2393 2136 2436 se
2194 2376 2626 2434 incarnationem
2683 2377 2946 2449 recipere,
3005 2379 3335 2433 verbotenus
3393 2376 3520 2431 sub-

1935 2475 2215 2538 sistentes,
2273 2470 2400 2540 quia
2461 2469 2826 2530 heterodoxos
2885 2469 3057 2525 videri
3113 2479 3408 2538 verentur;
3461 2484 3520 2524 re

1939 2572 2119 2618 tamen
2145 2575 2276 2616 vera
2310 2573 2418 2616 non
2452 2560 2738 2630 repudiarit
2767 2567 3002 2627 tantum,
3025 2559 3120 2615 sed
3175 2567 3230 2613 et
3276 2558 3396 2614 illos
3426 2561 3519 2628 qui

1937 2653 2254 2719 admittunt,
2293 2651 2534 2708 hostium
2565 2651 2688 2708 loco
2711 2652 2996 2718 habentes,
3022 2651 3220 2707 acerbe
3245 2649 3514 2722 repellunt

1938 2745 2190 2815 nullaque
2223 2745 2379 2800 venia
2403 2745 2718 2816 dignantur.

234 2831 651 2902 αἰσχυνόμενοι,
705 2833 855 2905 έργῳ
907 2833 965 2887 δὲ
1006 2835 1090 2888 ὅτι
1128 2835 1206 2907 μὴ
1242 2835 1634 2890 ἀπαναίνονται
1681 2838 1864 2907 μόνον,
1941 2841 2042 2914 ἥδη
2117 2841 2174 2896 δὲ
2241 2841 2339 2896 καὶ
2410 2841 2538 2905 τοὺς
2617 2840 3019 2913 προσιεμένους
3091 2841 3168 2904 ὡς
3227 2839 3518 2910 δυσμενεῖς

233 2921 501 2993 ὁρῶντες,
541 2923 754 2994 πικρῶς
795 2925 1160 2981 ἀπελαύνουσι
1200 2927 1339 2998 μηδὲ
1383 2930 1516 3000 μιᾶς
1537 2929 1819 2996 ἀξιοῦντες
1857 2932 2098 3001 φειδοῦς.

305 3018 383 3081 γ’.
411 3013 479 3066 Τί
519 3013 583 3084 δὴ
612 3009 706 3068 οὖν
731 3015 920 3070 λοιπὸν
963 3017 1026 3070 τὸ
1060 3016 1310 3071 ἐντεῦθεν
1351 3021 1578 3073 σκοπεῖν
1614 3019 1829 3086 έξεστις

236 3105 304 3158 Τί
326 3103 389 3158 δὲ
424 3103 618 3177 ἀλλοῆ
655 3105 816 3160 τοῦτό
857 3125 923 3176 γε
970 3107 1171 3180 ἀληθὲς
1209 3110 1414 3164 ἐννοεῖν
1443 3111 1538 3164 καὶ
1574 3109 1827 3182 φράζειν,

1953 3055 1959 3060 -
2009 3026 2062 3081 '5.
2113 3025 2253 3094 Quid
2295 3041 2428 3097 ergo
2494 3027 2586 3082 hic
2633 3026 3174 3082 animadvertendum
3240 3022 3518 3094 superest!

1939 3117 2102 3185 Quid,
2139 3119 2386 3188 inquam,
2429 3119 2574 3175 aliud
2620 3119 2726 3176 nisi
2765 3121 2868 3175 hoc
2913 3135 3042 3175 vere
3093 3129 3150 3174 et
3199 3119 3440 3194 engitare
3465 3125 3523 3170 et

236 3197 324 3250 ὅτι
351 3195 420 3268 δὴ
441 3197 610 3253 πάλιν
637 3200 674 3270 ή
707 3199 805 3253 τοῦ
830 3201 1114 3265 Μάνεντος
1143 3201 1426 3273 Χάρυϐδις
1462 3201 1639 3256 πλατὺ
1665 3201 1832 3273 χάνα-

1940 3207 2140 3277 dicere,
2172 3209 2316 3275 quod
2358 3209 2540 3265 denuo
2581 3208 2812 3265 Manetis
2855 3209 3160 3280 Charybdis
3198 3207 3305 3262 late
3363 3207 3521 3261 hians

241 3303 313 3340 σα
336 3289 454 3352 τοίς
482 3289 541 3342 ἐν
565 3290 634 3360 τῇ
653 3289 920 3360 ἁπλότητι
939 3290 1034 3344 τοῦ
1053 3289 1172 3362 βίου
1205 3292 1296 3345 τὸν
1326 3291 1496 3347 πλοῦν
1525 3292 1834 3361 ἐξανύουσι,

244 3379 472 3442 στόλους
507 3379 666 3444 ὅλους
705 3380 895 3452 ψυχῶν
947 3382 1367 3455 ἁναρπόιζουσα,
1419 3384 1518 3438 καὶ
1581 3385 1840 3457 βρυχίους

238 3471 322 3542 τῷ
347 3470 501 3542 βυθῷ
535 3473 641 3544 τῆς
680 3473 960 3538 ἀπωλείας
984 3474 1295 3546 ὑπάγουσα,
1325 3476 1696 3548 παραδίδωσι;

308 3568 376 3622 δ’.
408 3567 584 3624 Πάλιν
615 3568 717 3641 τῆς
753 3570 1100 3642 ’Λρειανικῆς
1133 3571 1334 3642 φλογὸς
1386 3573 1420 3644 ἡ
1479 3572 1739 3646 χίμαιρα,
1761 3575 1840 3646 τῷ

237 3659 578 3732 ψυχοφθόρῳ
624 3661 762 3733 πυρὶ
809 3660 920 3715 τῶν
973 3661 1076 3732 τῆς
1120 3661 1415 3734 ἀθεότητος
1465 3661 1838 3734 διδαγμάτων,

236 3750 353 3804 τῶν
394 3750 730 3822 ἀπροόπτως
775 3767 896 3815 πως
940 3753 1038 3805 καὶ
1068 3751 1400 3818 ἀφυλάκτως
1487 3769 1840 3826 παρατυγχα-

238 3841 450 3897 νόντων
483 3843 579 3897 τδν
608 3843 758 3909 νοῦν,
789 3836 1192 3916 παραναλίσκει
1219 3843 1612 3915 διαφλέγουσα.

315 3940 381 3990 ε’.
417 3934 595 3991 Πάλιν
644 3937 680 4008 ἡ
741 3935 1120 4007 πολυκέφαλος
1160 3935 1302 4008 ὕδρα
1350 3936 1458 3991 τῶν
1527 3938 1839 4008 ’Δκεφόιλων

238 4027 340 4082 καὶ
368 4027 473 4098 τῆς
500 4029 842 4100 συγχυτικῆς
885 4027 996 4083 τῶν
1031 4027 1370 4099 Εὖτυχιτῶν,
1421 4029 1620 4100 μᾶλλον
1660 4031 1718 4083 δὲ
1744 4033 1841 4083 Δο-

129 4147 134 4151 ι
237 4117 434 4184 κητῶν
471 4117 800 4188 συμπνοίας,
845 4117 940 4171 ἐπὶ
984 4117 1250 4188 διαιρέσει
1302 4118 1397 4171 καὶ
1431 4116 1582 4190 λύμῃ
1601 4116 1696 4170 τοῦ
1739 4121 1839 4189 τῆς

253 4207 597 4279 Ἐκκλησίας
637 4208 821 4272 καλῶς
841 4209 1126 4280 ἡνωμένου
1174 4207 1452 4282 σώματος,
1494 4210 1838 4286 πολυσχιδεῖς

237 4301 346 4364 τὰς
374 4300 738 4370 παραφυάδας
763 4300 874 4355 τῶν
903 4301 1120 4374 πικρῶν
1138 4301 1498 4373 γεννημάτων
1511 4301 1834 4372 ἐϐλάστησε.

239 4394 358 4447 Καὶ
384 4391 464 4456 ὡς
497 4390 562 4446 ἂν
595 4391 879 4447 συλλαϐών
909 4409 997 4456 τις
1030 4395 1198 4459 είποι,
1229 4395 1296 4448 ὲκ
1333 4394 1436 4462 τῆς
1485 4393 1840 4464 Μανιχαῖκῆς

242 4483 487 4555 ἐχίδνης,
525 4485 621 4538 καὶ
641 4484 746 4555 τῆς
803 4483 1153 4554 Ἀρειανικῆς
1174 4485 1420 4552 ἀσπίδος,
1450 4484 1639 4558 ἕτερός
1667 4501 1751 4548 τις
1774 4487 1840 4539 ὲκ

1941 3298 2203 3354 adversus
2233 3311 2348 3364 eos,
2382 3297 2473 3368 qui
2507 3297 2562 3352 in
2588 3297 2799 3352 insania
2829 3296 2990 3366 hujus
3017 3294 3200 3349 mundi
3231 3292 3509 3362 navigant,

1941 3389 2142 3445 classes
2225 3390 2464 3460 integras
2521 3389 2827 3443 animarum
2887 3387 3044 3456 rapit,
3099 3397 3417 3455 mersasque
3468 3381 3522 3436 in

1940 3482 2266 3553 perditionis
2297 3481 2612 3537 barathrum
2648 3479 2848 3535 trahit!

2013 3572 2066 3626 4.
2101 3571 2314 3626 Ariana:
2343 3573 2470 3627 item
2493 3569 2726 3625 ﬂamma:
2745 3571 3028 3633 chimaera,
3059 3569 3222 3623 noxio
3268 3583 3366 3622 suo
3409 3568 3526 3620 ani-

1941 3665 2136 3722 mabus
2181 3665 2301 3736 igne
2351 3663 2724 3720 doctrinarum
2780 3661 3230 3730 irreligiusarum,
3277 3669 3514 3712 mentem

1942 3754 2158 3810 illorum
2179 3755 2272 3825 qui
2297 3755 2596 3824 improviso
2621 3761 2677 3809 et
2707 3754 2922 3809 incaute
2967 3751 3526 3808 inciduntamhurens

1941 3847 2282 3916 pessumdat.
2938 3865 2942 3869 '

2011 3937 2066 3992 5.
2097 3935 2393 3993 Multorum
2424 3938 2630 4009 pariter
2655 3936 3095 4010 capitum'hydra
3121 3935 3522 4008 Acephalorum

1941 4041 2000 4086 et
2039 4029 2386 4088 confusanete
2429 4029 2893 4102 Eutychianorum
2941 4031 3030 4087 vel
3078 4031 3255 4099 potius
3281 4029 3525 4084 Pltattln-

1941 4120 2235 4176 siastarum
2265 4119 2709 4189 conopirationis,
2747 4120 2813 4174 ad
2843 4119 3132 4174 discidium
3174 4128 3337 4185 atque
3395 4133 3520 4186 per-

1945 4209 2139 4264 niciem
2190 4210 2414 4280 pulchre
2443 4211 2707 4276 compacti
2744 4209 3000 4266 Ecclesia:
3045 4209 3312 4279 corporis,
3345 4207 3526 4260 multi-

1943 4301 2135 4370 plicem
2175 4301 2854 4370 acerborumgeniminnm
2918 4301 3158 4354 sobolem
3212 4299 3520 4369 pullulavit.

1942 4395 2118 4462 Atque
2143 4402 2200 4446 ut
2231 4392 2474 4448 breviter
2503 4391 2706 4447 dictum
2733 4389 2825 4457 sit,
2861 4405 2928 4447 ex
2986 4389 3286 4445 muniebant
3314 4389 3524 4458 vipera,

1945 4496 2000 4539 et
2031 4485 2230 4540 Ariana
2281 4484 2487 4554 aspide,
2513 4482 2650 4538 alius
2706 4483 2926 4552 quidam
2977 4499 3043 4538 ex
3079 4482 3272 4538 harum
3328 4481 3523 4551 copula

243 4577 575 4648 συμπλοκῆς
621 4577 829 4632 τούτων
867 4572 980 4632 οἷον
1010 4578 1292 4650 ἐρπυστὴς
1331 4578 1721 4649 ἀμφικέφαλος
1753 4576 1832 4643 ἐξ·

1945 4590 2108 4632 natus
2136 4585 2220 4632 est
2246 4574 2432 4644 biceps
2465 4590 2722 4646 serpens;
2765 4575 2978 4648 qualem
3029 4575 3191 4631 etiam
3240 4574 3524 4646 Hypsista-

243 4671 353 4739 έφυ
378 4686 393 4698 ο
423 4670 616 4724 ὁποίαν
633 4669 698 4740 δὴ
717 4670 811 4724 καὶ
825 4671 926 4742 τὴν
939 4670 1049 4724 τῶν
1063 4670 1434 4741 Ὑψισταρίων
1455 4670 1708 4742 κίϐδηλον
1742 4671 1839 4724 καὶ

245 4761 519 4834 βδελυρὰν
559 4762 860 4834 θρησκείαν
890 4761 1190 4834 ἀκούομεν,
1231 4763 1290 4830 ἐξ
1349 4759 1675 4834 Ἑλληνικῆς
1705 4779 1834 4833 τερ-

243 4853 439 4924 θρείας
481 4855 820 4926 καὶνομικῆς
835 4853 1126 4925 τερατείας
1149 4854 1551 4925 συνισταμένην
1567 4871 1578 4885 ·
1605 4852 1701 4906 καὶ
1723 4853 1835 4906 δει-

241 4943 338 4997 νδν
350 4942 498 4997 κατά
517 4943 628 4998 τῶν
651 4944 752 5014 τῆς
793 4944 944 5008 θείας
963 4944 1188 5016 ἐντολῆς
1208 4944 1310 4996 ύπε
1319 4943 1605 5015 ρορώντων
1637 4941 1833 5012 ρέψας,

241 5030 320 5092 ὧν
353 5037 453 5090 καὶ
490 5037 732 5109 πτέρναν
767 5039 958 5108 τηρεῖν
1017 5037 1122 5110 ἤδη
1164 5037 1592 5107 προστέτακται,
1639 5034 1835 5106 πικρὸν

239 5132 338 5186 τὸν
368 5131 450 5185 ἱὸν
483 5133 577 5184 καὶ
604 5129 849 5202 ὀλέθριον
899 5133 1020 5194 ταῖς
1071 5129 1274 5201 ψυχαῖς
1313 5129 1421 5183 τῶν
1454 5127 1836 5200 εὐπαρακόμι-

244 5239 378 5276 στον
407 5223 490 5286 είς
511 5221 675 5276 τοῦτο
701 5222 799 5294 τὴν
823 5223 996 5294 ἀκοὴν
1029 5224 1264 5295 ἐχόντων
1293 5223 1525 5293 ἐνέχεεν.
1557 5221 1682 5275 Ὅτι
1735 5218 1835 5290 μὲν

244 5310 360 5378 γὰρ
425 5309 700 5380 Ἀρέιανοι
747 5311 1078 5382 Μανιχαίοις
1133 5311 1534 5384 συμφύρονται,
1609 5313 1666 5364 ὲν
1723 5311 1836 5372 τοῖς

249 5401 396 5470 μετά
422 5401 601 5456 ταῦτα
632 5405 824 5472 σαφῶς
848 5406 1297 5476 παραστήσομεν.

327 5493 406 5560 ς’.
460 5494 634 5566 Δῆλον
667 5496 726 5550 δὲ
751 5497 927 5568 δήπου
973 5498 1161 5563 παντὶ,
1185 5497 1261 5560 ὡς
1306 5497 1555 5568 βούλεται
1593 5496 1775 5558 αὐτοῖς
1803 5495 1837 5566 ἡ

252 5587 487 5660 σπουδὴ,
519 5588 622 5653 τὰς
649 5587 1114 5661 πολυανθρώπους
1153 5589 1372 5652 ὲκείνας
1413 5589 1504 5643 καὶ
1524 5570 1844 5652 θεολέκτούς

329 5799 407 5867 (Α)
433 5795 826 5854 Hmreticorum
868 5807 1040 5864 secta,
1070 5796 1160 5867 qui
1195 5797 1362 5854 Deum
1388 5795 1724 5867 uitiosimum
1758 5792 1832 5847 ita

251 5863 544 5938 colebant,
581 5878 640 5926 ut
679 5863 1105 5927 antitriuitarios
1126 5882 1187 5928 se
1221 5881 1343 5925 esse
1369 5863 1828 5924 demonstrarent.

1946 4669 2150 4724 riorum
2184 4667 2261 4738 (4)
2285 4668 2524 4737 spuriam
2564 4668 3090 4738 abominandamqne
3128 4676 3332 4720 sectam
3385 4666 3528 4719 audi.

1945 4776 2089 4824 mus,
2118 4775 2184 4814 ex
2252 4759 2472 4823 ethnica
2527 4757 2743 4813 fallacia
2767 4767 2820 4814 et
2849 4758 3158 4827 prodigioso
3210 4755 3521 4812 Iuda-orum

1950 4851 2052 4923 17
2109 4851 2394 4907 mendacio
2424 4861 2770 4917 concretam;
2799 4851 2890 4919 qui
2931 4865 3158 4920 serpens
3206 4849 3522 4905 terribiliter

1947 4943 2014 4997 ad
2055 4941 2154 4996 hos
2183 4941 2348 4995 divini
2385 4940 2644 5010 praecepti
2675 4950 3076 5010 contemptores
3133 4957 3348 5012 repens,
3387 4957 3541 5034 quo-i

1947 5051 2067 5088 rum
2125 5034 2292 5088 etiam
2349 5035 2662 5087 calcaneum
2699 5030 2919 5099 ‘jamdiu
2999 5031 3288 5088 observare
3337 5030 3540 5154 jussusl

1947 5126 2040 5154 r..:.
2107 5139 2350 5154 ηηιΑ-..ιηι
2453 5125 2854 5154 Λνῖιῖηι-ηηιηηη
2901 5140 3166 5154 lin-unguen.“
3234 5124 3519 5154 nn:nnnlnl|c

1945 5126 2069 5192 fuit,
2105 5139 2352 5180 amarum
2452 5125 2855 5194 exitiosnmque
2901 5140 3168 5180 venenum
3233 5124 3539 5225 animabusi

1943 5233 2156 5282 eorum,
2207 5218 2298 5286 qui
2349 5215 2560 5272 facilem
2603 5215 2731 5271 huic
2779 5217 2968 5282 haeresi
3013 5232 3198 5273 aurem
3259 5215 3521 5287 praebent,

1945 5311 2189 5366 aﬂ‘nndit.
2219 5308 2352 5364 Nam
2386 5311 2527 5380 quod
2555 5311 2742 5366 Ariani
2781 5327 2905 5365 cum
2953 5309 3268 5367 Manicbazis
3295 5307 3518 5376 censpi-

1946 5414 2086 5470 rcnt,
2123 5403 2553 5474 insequentibus
2575 5404 2918 5474 perspicuum
2954 5402 3234 5457 faciemus.

2016 5495 2068 5550 6.
2100 5495 2198 5551 Est
2229 5505 2410 5551 autem
2441 5496 2637 5565 cuique
2661 5494 3026 5564 exploratum,
3060 5493 3232 5548 studia
3284 5492 3510 5546 istorum

1946 5604 2012 5645 eo
2039 5589 2280 5651 tendere,
2319 5596 2376 5643 nt
2399 5599 2716 5644 numerosas
2744 5588 2863 5642 illas
2879 5599 2934 5642 et
2965 5602 2992 5638 a
3026 5584 3137 5640 Deo
3165 5593 3520 5654 congregatas

1940 5791 2015 5846 De
2040 5791 2122 5846 his
2145 5790 2277 5842 satis
2299 5787 2626 5858 Suicerusin
2646 5785 2808 5858 Thes.
2829 5785 2986 5852 eccl.,
3009 5785 3192 5846 citatis
3219 5785 3512 5858 llesychio,

1941 5861 2131 5930 Suida,
2161 5858 2404 5930 Nysscno
2429 5873 2492 5914 ac
2525 5855 2890 5912 Nazianscuo.
