3952 6202
227 325 353 392 313
951 317 1584 383 ANTIRRHETICUS
1619 317 1650 378 Ι
1714 317 1884 378 ADV.
1923 313 2516 378 CONSTANTINUM
2555 315 2768 376 COPR.
2841 301 2845 305 ’
3397 315 3503 380 214

231 442 371 506 ταῖς
395 439 655 499 ἁπάντων
703 436 1152 508 ὁμολογουμένων
1189 435 1380 507 ὄψεσιν
1422 437 1700 507 προΐασιν,
1749 433 1824 498 ὡς

1956 448 2047 502 luas
2065 433 2307 489 omnium
2335 433 2573 504 aspectui
2599 438 2869 504 prostant,
2898 441 3065 503 atque
3123 432 3264 502 apud
3316 449 3504 490 omnes

232 535 324 596 εἰς
378 531 597 600 γέλωτα
657 529 862 600 μᾶλλον
903 529 938 600 ἢ
979 528 1166 598 ὄνησιν
1218 529 1334 592 τοῖς
1391 527 1636 598 σώφροσι
1706 528 1829 591 ταῖς

1956 539 1984 577 n
2007 524 2252 581 confesso
2282 533 2430 591 sunt,
2451 523 2769 596 procedunt,
2797 529 2856 577 ut
2885 524 3013 579 risui
3037 523 3376 595 potiusquam
3411 526 3502 580 ιιιῑὶ

234 622 539 692 ἀληθείαις
574 618 918 693 προκεῖσθαι.
947 618 1072 683 Πῶς
1089 619 1198 691 γὰρ
1231 619 1335 672 οὐκ
1374 617 1523 684 ἀξιον
1567 618 1826 687 γέλωτος,

1956 613 2051 668 usui
2089 616 2228 685 apud
2253 631 2344 671 eos
2375 615 2465 686 qui
2503 628 2630 671 vere
2691 613 2927 684 sapiunt,
2951 615 3182 685 expositi
3230 616 3358 684 sint.
3393 615 3505 672 Cur

237 713 306 767 τὸ
355 717 424 784 τῇ
468 712 633 782 φύσει
667 711 780 764 τῶν
836 709 1184 782 πραγμάτων
1233 711 1396 780 αὐτῇ,
1473 709 1715 773 καὶτοῖς
1767 710 1831 762 ἐκ

1956 706 2075 758 enim
2105 705 2214 760 risu
2239 721 2342 760 non
2398 707 2469 760 sit
2507 705 2870 778 diguum,ipsi
2916 716 3160 761 actarum
3195 723 3377 762 rerum
3398 725 3502 780 ua-

236 804 520 858 κὶειόνων
552 803 763 874 χρόνων
791 804 890 856 καὶ
929 799 1134 870 γενεῶν
1200 800 1412 854 πολλῶν
1443 801 1532 854 ἐπ’
1579 799 1834 872 εὐσεϐείᾳ

1961 811 2067 852 ora:
2084 805 2138 851 et
2156 790 2500 866 opinionibus
2539 811 2706 866 quam
2743 796 3036 852 multorum
3060 812 3350 864 annormn,
3387 800 3494 852 imo

239 896 554 968 γνωρίμων
650 895 748 948 καὶ⁵
835 891 1354 963 μεμαρτυρημένων
1390 931 1405 955 ,
1491 892 1594 971 τὸὶ
1639 892 1845 976 πιστὸν

1956 895 2150 940 elatum
2197 886 2517 942 orthodoxia
2572 887 2860 942 illustrium
2908 901 2973 941 ac
3022 889 3376 958 probatarum
3407 889 3504 941 de~

240 987 350 1039 καὶ
376 984 482 1056 τὴν
515 985 694 1054 ἰσχὺν,
724 982 1133 1056 ἀπομάχεσθαι,
1168 983 1264 1036 καὶ
1296 983 1528 1037 αὐτόθεν
1552 967 1638 1038 ’τδ-
1657 967 1842 1055 ἀσφαί

1956 991 2120 1042 :ursu,
2154 977 2311 1032 ﬁdem
2331 967 2601 1046 robnr'que
2620 977 2844 1045 habent,
2880 978 3194 1032 adversari?
3221 995 3340 1047 qua:
3415 979 3500 1032 ni-

240 1078 365 1140 λές,
390 1077 478 1147 τῷ
506 1077 1003 1148 παρακεχωρηκότι
1043 1077 1262 1131 πάντων
1307 1079 1407 1148 τῆς
1436 1077 1672 1142 ἐννοίας,
1699 1077 1838 1148 πρὸς

1956 1068 2133 1120 uirum
2167 1067 2448 1136 opiniones
2484 1067 2591 1120 vim
2649 1083 2799 1122 suam
2842 1067 3078 1121 indidem
3127 1070 3502 1131 obtinuerunt,

241 1169 417 1234 λόγου
449 1169 827 1239 πληροφορίαν
861 1171 945 1234 είς
963 1169 1240 1238 ἀπόδειξιν
1258 1170 1357 1224 καὶ
1396 1169 1696 1240 βεϐαίωσιν
1728 1187 1835 1225 πα·

1956 1172 2132 1228 tempe
2189 1158 2257 1212 ab
2317 1157 2560 1212 omnium
2595 1157 2855 1212 mentium
2889 1159 3273 1224 concessione;
3329 1159 3400 1212 ita
3449 1169 3508 1213 ut

245 1258 745 1332 ραλαμθάνεσθαις
1940 1249 1994 1303 in
2038 1247 2305 1319 ambiguis
2332 1247 2574 1302 etiamet
2625 1263 2723 1316 ope
2747 1247 2925 1318 aliqua
2985 1249 3050 1302 ad
3103 1249 3506 1318 persuasionem

1941 1337 2242 1406 egentibus,
2263 1353 2328 1392 ex
2381 1337 2656 1408 praedictis
2683 1337 3026 1393 adminiculis
3085 1339 3506 1398 demonstratio-

1942 1443 2064 1483 nem
2125 1428 2702 1498 conﬁrmationemque
2727 1429 3014 1497 recipiant.

339 1510 434 1574 Ὠς
469 1508 600 1576 γοῦν
624 1511 723 1584 ἤδη
752 1511 980 1566 τοιαῦτα
1007 1511 1103 1567 καὶ
1123 1511 1299 1578 οὕτως
1321 1511 1516 1584 ἔχοντα
1544 1511 1838 1582 ἔγνωσται,

2013 1520 2145 1586 ροισι
2173 1535 2294 1574 cum
2327 1520 2398 1573 ita
2436 1534 2496 1574 se
2527 1519 2727 1573 habere
2770 1517 2882 1588 jam
2920 1520 2992 1574 sit
3037 1521 3400 1590 esploratum,
3445 1535 3512 1574 ne

251 1600 400 1668 μηδὲ
477 1601 580 1671 τὴν
619 1601 794 1673 ἀρχὴν
841 1603 1143 1672 ἀντιλέγειν
1187 1605 1390 1676 ἐχρῆν·
1429 1604 1514 1658 ἵνα
1547 1605 1622 1676 μὴ
1647 1603 1843 1658 ταύτὸν

1956 1608 2320 1664 refutationem
2372 1609 2587 1679 quidem
2615 1609 2896 1680 suscipere
2927 1626 3062 1681 opus
3091 1618 3231 1675 erat,
3252 1627 3319 1666 ne
3367 1612 3509 1666 forte

247 1691 497 1756 ἐκείνοις
537 1693 868 1749 πεπονθέναι
895 1694 1215 1766 ὀφθείημεν,
1239 1695 1339 1750 καὶ
1385 1695 1712 1766 ἀϐελτερίας
1750 1695 1845 1750 καί¹

1956 1697 2085 1754 idem
2117 1709 2277 1768 atque
2303 1697 2376 1752 illi
2433 1712 2658 1768 peccare
2685 1698 3003 1764 videamur,
3060 1700 3402 1769 levitatisqne
3457 1709 3514 1755 et

251 1783 624 1849 ἀπαιδευσίας
645 1785 982 1858 όφλήσαντες
996 1787 1230 1856 γέλωτα,
1249 1788 1349 1859 τὴν
1377 1788 1502 1858 ῐσην
1517 1786 1844 1856 άπενεγκοί-

1956 1791 2174 1848 inscitiae
2205 1807 2368 1847 causa
2401 1791 2566 1846 risum
2601 1800 3029 1855 commoventes,
3051 1807 3232 1860 parem
3281 1792 3386 1846 illis
3420 1809 3508 1848 re-

252 1875 406 1944 μεθα
434 1876 679 1948 γραφὴν,
707 1880 822 1942 τοῖς
872 1878 1291 1950 μειρακιώδεσιν
1326 1878 1711 1944 ἐπιϐάλλοντες
1758 1877 1848 1933 λό-

251 1979 400 2030 γος.
429 1965 618 2020 Ἐοικε
637 1967 746 2039 γὰρ
771 1969 800 2021 ὸ
819 1967 994 2022 ταῦτα
1009 1969 1340 2041 ἀνατρέπειν
1361 1969 1728 2043 πειρώμενος,
1746 1968 1846 2034 τὰς

256 2053 410 2109 κατά
445 2055 670 2110 παιδιὰν
708 2058 774 2110 ἐκ
831 2057 1065 2130 ψάμμου
1129 2059 1339 2114 παίδων
1375 2058 1660 2131 ἀθύρμασι
1706 2077 1845 2114 κατ-

253 2147 681 2218 εσκευασμένας
701 2165 768 2202 πε
778 2149 1060 2222 ριτρέπειν
1079 2149 1282 2221 μάλλον
1308 2151 1646 2221 οἰκοδομίας,
1677 2150 1711 2221 ἢ
1733 2153 1848 2215 τοῖς

253 2237 421 2308 παρὰ
439 2239 581 2292 πᾶσι
597 2241 710 2304 τοῖς
733 2239 1004 2294 ωνιοῦσιν
1026 2243 1103 2305 ῶς
1119 2240 1337 2312 ἀληθῶς
1356 2242 1452 2296 καὶ
1467 2243 1568 2312 τὴν
1586 2242 1848 2313 ἀλήθειαν

254 2330 627 2399 τετιμηκόσιν
680 2333 1144 2404 ἐπεγνωσμένοις,
1211 2332 1620 2405 συναγορεύειν.
1705 2333 1846 2387 Ἀλλ’

257 2421 462 2490 ἐπειδὴ
487 2421 639 2475 ὥσπε
647 2439 680 2494 ρ
702 2424 762 2490 ἐξ
790 2425 1169 2494 ἐπιτάγματος
1193 2425 1349 2494 σοφοὶ
1371 2421 1509 2480 εἶναι
1541 2423 1846 2494 βούλονται,

257 2509 346 2582 μὴ
386 2511 475 2564 δτι
506 2511 610 2582 τῆς
653 2513 912 2585 ἀληθείας
961 2514 1284 2586 ἀντέχεσθαι
1325 2515 1563 2586 σπουδὴν
1593 2515 1848 2586 ποιούμε-

252 2622 373 2671 νοι,
407 2605 502 2660 τοῦ
529 2607 761 2677 ψεύδους
798 2625 858 2662 τε
879 2608 956 2672 ῶς
981 2602 1084 2662 οἷοί
1127 2608 1188 2662 τέ
1218 2609 1324 2662 είσι
1369 2607 1846 2679 μεταποιούμενοι,

254 2695 564 2768 ἐρεσχελία
587 2696 752 2769 πολλῇ
775 2700 872 2752 κα)⁸
893 2697 1136 2771 φλυαρίᾳ
1165 2699 1260 2762 καὶ
1294 2696 1684 2769 βατταρισμοῖς
1707 2697 1852 2769 χρώ-

259 2803 450 2856 μενοι,
492 2787 588 2840 ἐπὶ
619 2791 690 2859 τῇ
719 2787 830 2842 τῶν
877 2787 1092 2843 πολλῶν
1118 2787 1288 2863 λύμῃ,
1343 2789 1746 2861 συναρπάζουσι
1778 2789 1850 2842 δι’

257 2877 453 2930 αὐτῶν
479 2879 609 2941 τοὺς
633 2879 1077 2950 άκεραιοτέρους,
1099 2880 1164 2932 ἐκ
1185 2879 1388 2950 πολλῆς
1421 2878 1563 2949 ἄγαν
1594 2879 1846 2950 ἀποπλη-

259 2966 384 3032 ξίας
425 2969 524 3021 καὶ⁵
549 2969 872 3034 δυσϐουλίας
893 2969 1407 3040 αἰχμαλωτίζοντες,
1441 2971 1521 3033 είς
1545 2969 1606 3022 τὸ
1651 2971 1850 3024 οίκείον

1947 1883 2363 1954 prehensionem
2395 1882 2759 1947 incurramus,
2792 1881 2883 1950 qui
2912 1880 3208 1950 puerilibus
3240 1881 3506 1936 tricautur

1947 1971 2304 2028 sermonibus.
2353 1969 2488 2026 Nam
2540 1972 2634 2041 qui
2693 1969 2998 2041 huiusmodi
3070 1979 3387 2042 argumenta
3419 1971 3514 2024 ad-

1947 2063 2314 2119 versariorum
2378 2065 2626 2118 evertere
2661 2062 2878 2126 nititur,
2926 2062 2972 2116 is
3011 2061 3367 2116 domunculas
3416 2077 3513 2127 po-

1951 2153 2058 2208 tius
2118 2152 2234 2207 lusu
2289 2151 2481 2222 puerili
2529 2149 2819 2206 fabricatas
2856 2151 3070 2205 videtur
3118 2159 3462 2219 prosternere
3495 2190 3508 2210 .

1947 2256 2110 2312 quam
2142 2242 2302 2298 rebus
2329 2241 2470 2312 apud
2511 2254 2702 2296 omnes
2730 2255 2856 2296 vere
2908 2241 3184 2310 sapientes
3239 2239 3517 2294 veritatis~

1947 2347 2055 2404 que
2117 2331 2355 2388 cultores
2427 2330 2745 2387 certissimis
2809 2329 3170 2400 patrocinari.
3217 2329 3324 2384 Sed
3381 2329 3505 2398 quia

1951 2433 2206 2494 tanquam
2259 2423 2523 2478 arbitratu
2556 2435 2655 2478 suo
2707 2421 2982 2492 sapientes
3001 2436 3121 2476 esse
3153 2421 3362 2485 volunt,
3399 2431 3517 2474 tan-

1951 2524 2176 2584 tumque
2219 2527 2252 2567 α
2296 2514 2546 2569 veritatis
2583 2513 2764 2568 studio
2803 2512 3001 2568 absunt
3064 2522 3121 2568 ut
3171 2513 3511 2568 mendacium

1952 2615 2064 2661 toto
2115 2603 2311 2661 affectu
2360 2603 2778 2674 amplectantur,
2839 2604 3183 2660 cavillatione
3241 2603 3411 2658 multa
3461 2611 3519 2657 et

1949 2696 2284 2766 stultiloquio
2321 2709 2385 2750 ac
2429 2695 2596 2750 veluti
2654 2695 2892 2750 balbutie
2943 2703 3176 2760 utentes,
3235 2694 3358 2750 ideo
3395 2709 3518 2748 .non

1951 2789 2070 2843 sine
2101 2786 2390 2842 multorum
2418 2785 2742 2841 detrimento
2769 2786 2882 2839 haec
2939 2785 3252 2839 blaterando
3307 2784 3515 2854 simpli-

1952 2877 2127 2934 ciores
2177 2875 2476 2947 decipiunt,
2524 2875 2672 2945 gravi
2726 2875 2918 2930 horum
2949 2883 3170 2946 stupore
3194 2885 3246 2928 et
3277 2875 3515 2928 inconsi-

1951 2970 2196 3025 derantia
2247 2971 2314 3024 ad
2345 2969 2694 3024 irretieudum
2751 2969 3060 3033 abutentes,
3089 2970 3258 3023 donec
3321 2968 3520 3022 multos

259 3060 477 3130 πτῶμα
489 3061 616 3124 τοὺς
630 3061 860 3126 πολλοὺς
871 3060 1068 3129 ἕλξειν.
1088 3057 1182 3126 Οἷς
1198 3050 1298 3134 ἥδη
1317 3060 1533 3116 καὶτῶν
1547 3061 1669 3131 λογι
1677 3061 1851 3133 μωτέ-

1956 3073 2139 3114 secum
2185 3059 2487 3128 praecipites
2549 3057 2783 3112 trahant.
2802 3055 3012 3122 Quibus
3061 3072 3130 3112 ex
3183 3056 3347 3113 rebus
3379 3055 3520 3125 jam-

261 3168 375 3222 ρων
393 3150 684 3216 δοκοῦντες
707 3153 802 3206 καὶ
837 3152 1314 3226 περιφανεστέρων
1344 3153 1514 3220 τινὲς,
1556 3153 1844 3208 σκανδαλίο

260 3241 480 3307 Cenat,
499 3243 692 3314 ἐπειδὴ
721 3243 956 3298 ἅπτεται
973 3245 1048 3307 ὡς
1066 3244 1136 3298 τά
1157 3243 1329 3298 πολλά
1357 3243 1582 3299 καὶτῶν
1610 3245 1853 3316 ἀρίστων

257 3329 292 3382 δ
307 3329 542 3400 μῶμοςο
568 3329 822 3404 καθάπερ
846 3333 956 3402 γὰρ
977 3332 1304 3404 φθοροποιοῦ
1327 3334 1638 3405 νοσήματος
1661 3335 1850 3400 πᾶσιν,

263 3419 343 3482 ὥς
398 3419 536 3483 ἔπος
579 3422 781 3487 είτπϊν,
838 3422 938 3492 τῆς
997 3423 1208 3478 ἑαυτῶν
1262 3423 1608 3494 μεταδιδόασι
1649 3423 1851 3495 λώϐης.

261 3510 359 3581 τῷ
391 3512 713 3583 φαινομένῳ
741 3513 850 3585 γάρ
883 3516 978 3568 καὶ
1009 3514 1380 3586 κεχρωσμένιρ
1409 3515 1520 3570 τῶν
1549 3515 1651 3588 τὴν
1682 3515 1856 3589 ἀκοὴν

259 3603 706 3673 περισαινόντων
743 3604 923 3673 λόγων
957 3606 1425 3677 περιθελγὸμενοι,
1487 3608 1579 3662 τὸν
1623 3608 1680 3662 δὲ
1720 3625 1854 3664 κατ·

255 3693 668 3766 ορωρυγμένον
686 3698 780 3750 καὶ
814 3698 1198 3770 κεκρυμμένον
1229 3698 1422 3770 βόθρον
1455 3700 1544 3754 διὰ
1574 3701 1634 3754 τὸ
1663 3702 1856 3756 ἀνεπι-

261 3786 553 3856 στάτητον
580 3786 642 3839 οὐ
679 3787 1076 3860 προορώμενοι,
1127 3792 1251 3854 ταῖς
1298 3791 1505 3860 πάγαις
1537 3792 1597 3859 ἐξ
1646 3795 1855 3866 ἀπροσ-

257 3878 430 3945 ιξίας
457 3878 560 3948 τῆς
579 3879 839 3943 ἀπιστίας
873 3880 1085 3945 ἀκλεῶς
1109 3881 1549 3953 περιπίπτουσιν.
1591 3885 1679 3936 Ἐν
1715 3901 1854 3954 προ-

265 3973 528 4040 σχήματι
570 3971 678 4041 γάρ
705 3972 1138 4043 Χριστιανισμοῦ
1185 3973 1248 4026 τὸ
1293 3974 1677 4046 Χριστιανίζον
1708 3977 1855 4031 άπαν

259 4059 528 4124 εὐσεϐῶς
563 4060 777 4115 όταῦτα
805 4055 1281 4135 συγγεγραφηκῶς
1309 4065 1590 4135 δυσμενῶς
1619 4067 1850 4137 ἐξεπόρ-

260 4153 440 4224 θησε.
473 4153 662 4225 Ταύτῃ
681 4162 764 4206 τοι
779 4155 874 4208 καὶ
901 4155 1002 4210 οὐκ
1029 4155 1289 4227 ἀκόσμως
1329 4175 1382 4211 τι
1423 4158 1674 4224 δόξαντες
1696 4159 1851 4232 δρᾷν,

261 4245 360 4308 είς
397 4243 560 4315 τήνδε
587 4244 692 4298 τῶν
721 4245 898 4313 λόγων
934 4247 1034 4320 τὴν
1079 4247 1328 4314 ἐξέτασιν
1357 4249 1683 4321 καθήκαμεν
1725 4253 1854 4306 ἐαυ-

257 4334 430 4398 τούς.
457 4335 570 4389 Καὶ
613 4337 713 4390 οὐκ
759 4336 827 4390 ἀν
867 4338 1286 4410 ἀποκνήσαιμεν
1313 4340 1488 4414 σαθρά
1511 4344 1606 4396 καὶ
1652 4345 1854 4416 διατερ⁹

1955 3151 2044 3206 diu
2095 3150 2338 3206 nonnulli
2379 3166 2594 3222 quoque
2632 3165 2699 3204 ex
2731 3149 2793 3204 iis
2818 3150 2909 3219 qui
2941 3149 3192 3204 videntur
3240 3148 3517 3217 sapientes

1953 3251 2009 3298 et
2074 3241 2412 3309 illustriores,
2465 3241 2781 3298 scandalum’
2817 3244 3094 3312 patiuntur
3129 3259 3142 3294 :
3173 3239 3513 3310 quandoqui-

1955 3331 2076 3388 dem
2099 3333 2314 3402 attingit
2336 3347 2478 3402 saepe
2494 3336 2726 3402 optimos
2745 3333 2910 3386 etiam
2927 3332 3096 3395 labes,
3121 3345 3240 3400 quae
3260 3330 3518 3398 pestilen-

1956 3426 2026 3481 tis
2075 3426 2245 3482 iustar
2273 3426 2469 3490 morbi,
2493 3425 2723 3491 cunctis,
2761 3436 2818 3478 ut
2865 3425 3031 3478 verbo
3056 3424 3254 3487 dicam,
3290 3423 3518 3476 exitium

1955 3533 2110 3573 suum
2133 3517 2518 3573 communicat.
2543 3517 2750 3572 Etenim
2775 3517 2960 3586 specie
2985 3531 3047 3570 ac
3067 3515 3188 3568 fuco
3207 3529 3519 3569 sermonum

1957 3609 2177 3664 auribus
2199 3608 2589 3663 blandientiuut
2620 3607 2847 3669 deliniti,
2868 3622 3041 3674 neque
3068 3607 3136 3658 ob
3163 3620 3314 3658 suam
3347 3605 3478 3658 insci
3496 3634 3514 3644 -

1957 3701 2084 3754 tiam
2133 3697 2381 3754 ell‘ossam
2436 3698 2799 3766 latentemque
2821 3695 3027 3752 foveam
3055 3695 3432 3766 prmvidenlcs,
3459 3689 3520 3747 in

1958 3792 2350 3848 incredulitatis
2418 3793 2643 3860 laqueos
2695 3788 3090 3845 inconsiderate
3179 3787 3516 3858 turpiterque

1957 3883 2227 3940 labuntur.
2257 3881 2390 3938 Nam
2448 3883 2548 3940 sub
2580 3881 2986 3938 Christianismi
3027 3881 3281 3936 sinmlata
3316 3879 3516 3950 specie,

1958 3977 2045 4032 hic
2067 3975 2156 4046 qui
2185 3975 2306 4030 talia
2334 3975 2576 4046 scripsit,
2603 3975 2965 4031 orthodoxam
2990 3983 3157 4029 totam
3185 3971 3519 4027 Curistiani—

1959 4076 2122 4122 tatem
2149 4066 2420 4121 hostiliter
2449 4065 2804 4136 depopulatus
2848 4074 2953 4120 est.
2989 4064 3082 4120 Sic
3134 4063 3338 4132 itaque.
3392 4061 3524 4114 nihil

1957 4157 2271 4212 indecorum
2322 4171 2482 4226 agere
2529 4155 2930 4221 existimantes,
2981 4155 3032 4208 in
3091 4155 3194 4207 hoc
3266 4151 3529 4204 tl0clt‘in:e

1956 4264 2184 4306 examen
2213 4246 2789 4316 nosmetconjecimus.
2817 4244 3002 4316 Neque
3025 4243 3394 4299 recusabimns
3420 4256 3521 4308 pn-

1960 4343 2104 4398 trida
2135 4356 2202 4398 ac
2231 4341 2520 4397 dilabentia
2542 4349 2940 4396 etaraneorum
2977 4343 3229 4390 contextu
3261 4330 3526 4386 debiliora

259 4427 530 4498 ῥυηκότα
559 4428 652 4481 καὶ
677 4427 952 4499 ἀραχνίων
980 4429 1346 4502 ἀσθενέστερα
1377 4433 1446 4486 τά
1469 4432 1674 4487 τούτων
1717 4435 1851 4488 ἀπο-

1957 4433 2150 4489 horum
2202 4441 2517 4503 argumenta
2553 4444 2846 4500 exponere,
2885 4437 2942 4483 nt
2995 4427 3084 4488 iis,
3121 4422 3364 4503 veritatis
3405 4435 3520 4482 ore,

260 4516 500 4587 φαίνειν
554 4518 938 4589 προϐλήματα,
976 4519 1124 4585 τοὺς
1157 4521 1256 4591 τῆς
1301 4523 1561 4594 ἀληθείας
1599 4525 1852 4597 ἐλέγχους

259 4608 557 4679 εὐστόχως
605 4609 923 4678 ἐπάγοντες,
987 4611 1064 4674 ὡς
1103 4610 1172 4666 ἂν
1204 4611 1370 4684 δήλης
1428 4615 1598 4670 ἅπασι
1651 4617 1752 4687 τῆς
1795 4618 1854 4670 ἐν

258 4703 466 4764 αὐτοῖς
497 4701 724 4765 ἀτοπίας
779 4701 1209 4775 καθισταμένης,
1244 4706 1519 4774 ἐπιγνοίεν
1547 4709 1596 4760 οί
1643 4709 1856 4763 συνετοὶ

257 4793 334 4847 τὺ
389 4791 675 4863 ἀπατηλὸν
721 4790 900 4847 αὖτῶν
947 4793 1042 4847 καὶ
1089 4797 1554 4866 κατεπτυσμένον,
1611 4799 1707 4852 καὶ
1757 4801 1856 4870 τῆς

259 4882 496 4938 ἑαυτῶν
525 4883 826 4952 ἀσφαλείας
871 4887 1252 4956 προνοήσαιεν.
1288 4887 1411 4942 Ὀτι
1441 4887 1541 4958 μὶν
1571 4884 1665 4944 οὖν
1695 4889 1770 4955 ὡς
1795 4891 1856 4943 ἐν

257 4974 489 5028 ἅπασιν
520 4973 908 5038 ἀωνετοῦντες
931 4977 1025 5029 καὶ
1058 4976 1592 5048 ἀμαθαίνοντες,κάν
1624 4980 1854 5046 ταύταις

254 5063 726 5132 ἀποσφάλλονται
746 5068 867 5129 ταῖς
912 5069 1140 5135 φωναῖς,
1175 5067 1253 5137 τῷ
1281 5066 1548 5140 ἀγράπτῳ
1579 5071 1726 5140 φημὶ
1759 5071 1855 5124 καὶ

255 5154 710 5226 ἁπεριγράπτῳ,
748 5153 824 5220 ῶς
863 5151 1038 5227 οἶμαι,
1075 5158 1239 5212 παντί
1271 5176 1348 5230 τῳ
1380 5160 1551 5230 σαφές
1573 5175 1588 5190 ·
1617 5161 1698 5223 είς
1723 5162 1856 5216 ταύ-

253 5245 372 5300 τὸν
395 5244 689 5316 ἀμφότερα
723 5247 1162 5316 συνενεγκόντες,
1207 5247 1276 5300 τά
1309 5249 1368 5302 ἐν
1409 5249 1626 5313 πολλοῖς
1662 5249 1855 5321 διαφέ-

257 5352 467 5409 ροντα,
499 5337 628 5408 περὶ
669 5332 747 5391 ὧν
773 5337 858 5400 είς
915 5338 1146 5410 ὕστερον
1199 5340 1597 5413 διαληψόμεθα,
1643 5343 1744 5412 τήν
1796 5361 1855 5397 τε

254 5427 547 5500 διο-φοράν
593 5429 692 5482 καὶ
724 5429 826 5500 τὴν
857 5430 956 5483 ἀπ’
995 5431 1175 5486 αὐτῶν
1215 5434 1627 5504 σημαινομένην
1685 5434 1854 5490 δύνα-

262 5537 375 5589 μιν
396 5519 889 5592 ἓπισκεπτόμενοι.
949 5522 1037 5577 Ἐν
1076 5522 1154 5595 τῷ
1186 5523 1415 5594 παρόντι
1443 5524 1526 5591 δὲ,
1550 5529 1616 5598 τῇ
1649 5526 1854 5582 τούτων

257 5611 616 5682 ἀπαιδευσίᾳ
632 5613 732 5668 καὶ
762 5613 1002 5687 ἀμουσίᾳ
1034 5615 1557 5686 συγκαθιστάμενοι,
1589 5618 1729 5688 πρὸς
1754 5619 1856 5682 τάς

257 5701 372 5756 903
385 5703 716 5760 διδασκάλου
736 5707 914 5760 αὐτῶν
934 5706 1210 5779 προϐεϐλη
1222 5707 1387 5778 μένας
1413 5709 1614 5779 φωνὰς,
1637 5710 1854 5776 οίκείως

1962 4500 2314 4582 refutationes
2338 4535 2462 4594 apte
2489 4537 2824 4594 opponamus
2847 4537 2862 4588 ;
2886 4531 3048 4589 atque
3083 4519 3154 4572 ita
3183 4500 3528 4569 manifestata

1960 4617 2213 4674 omnibus
2255 4617 2495 4688 ipsorum
2555 4614 2912 4679 absurditate,
2967 4617 3264 4681 agnoscant
3315 4604 3525 4662 cord‘ati

1962 4709 2212 4764 homines
2240 4705 2484 4762 fraudem
2532 4705 2744 4761 illorum
2789 4718 2852 4758 ac
2879 4702 3166 4765 vilitatem,
3199 4707 3254 4753 et
3297 4695 3529 4766 propria:

1963 4798 2144 4854 tutelae
2194 4798 2512 4854 consulant;
2539 4796 2689 4863 Quod
2722 4793 2887 4864 igitur
2937 4790 3116 4846 stolidi
3149 4805 3214 4845 ac
3256 4788 3419 4842 rudes
3466 4788 3556 4854 iul

1963 4891 2048 4946 his
2073 4905 2290 4961 quoque
2323 4898 2508 4944 errant
2537 4885 2836 4949 vocabulis,
2885 4881 3223 4952 indescripti,
3280 4880 3526 4950 inquam,

1962 4992 2018 5037 et
2073 4977 2774 5048 iucircnmscripti,cuique
2824 4974 3166 5045 exploratum
3193 4982 3358 5043 puto;
3401 4971 3526 5024 dum

1963 5073 2030 5126 ad
2060 5087 2220 5126 unam
2245 5070 2516 5126 notionem
2556 5077 2844 5137 utrumque
2873 5065 3181 5130 conferunt,
3208 5077 3327 5133 quae
3353 5070 3529 5115 tamen

1965 5162 2120 5218 valde
2138 5160 2427 5227 diﬂ'erunt;
2461 5160 2528 5214 de
2550 5158 2743 5228 quibus
2763 5168 2948 5227 postea
2983 5154 3358 5217 tractabimus,
3402 5164 3527 5202 cum

1967 5255 2204 5321 ipsorum
2222 5250 2579 5308 diﬂ‘ereutiam
2599 5260 2653 5306 et
2669 5249 3082 5320 signiticativam
3100 5245 3206 5300 vim
3225 5241 3533 5299 considera-

1968 5345 2164 5399 bimus.
2196 5343 2252 5396 ln
2283 5342 2534 5413 praesenti
2567 5350 2748 5395 autem
2775 5349 2965 5395 contra
3015 5338 3240 5392 istorqu
3274 5335 3533 5400 ignoran-

1969 5437 2098 5492 tiam
2150 5435 2585 5506 imperitiamque
2623 5433 2874 5498 accincti,
2908 5430 2974 5484 ad
3017 5443 3080 5484 ea
3113 5437 3232 5493 qua:
3288 5423 3530 5491 ipsorum

1969 5530 2230 5600 magister
2261 5528 2516 5583 vocabula
2539 5527 2725 5597 objicit
2747 5510 3014 5594 peculiare
3030 5517 3264 5572 studium
3281 5520 3524 5570 nostrum

1968 5630 2370 5676 convertemus.
2406 5618 2572 5674 Porro
2595 5607 2943 5686 conspicuum
2967 5611 3090 5674 erit,
3123 5607 3268 5677 quod
3311 5605 3355 5661 si
3389 5606 3529 5674 ejus,

1967 5714 2073 5783 qui'
2090 5721 2277 5770 auctor
2297 5711 2419 5768 mali
2443 5710 2561 5774 fuit,
2590 5707 2872 5764 machinas
2890 5702 3292 5778 disjcccrimus,
3313 5699 3530 5756 illorum
