3994 6198
234 335 354 403 217

993 339 1616 402 ANTIRRHETICUS
1649 337 1676 400 I
1715 341 1883 402 ADV.
1923 344 2518 412 CONSTANTINUM
2555 345 2771 408 COPR.
3405 343 3518 412 218

156 441 172 450 ’
238 455 675 528 ιρηρεισμένοις
703 452 766 508 τὸ
811 451 1083 518 σώζεσθαι
1120 453 1484 524 περιγίνεται,
1534 453 1827 507 ἀπαναινόι

1939 461 2196 531 contingit
2219 462 2356 532 (ll).
2377 461 2544 516 Fictis
2567 469 2747 514 autem
2785 453 3093 526 hnjnsmodi
3128 456 3308 512 verbis
3335 473 3516 516 mores

240 564 435 617 μενος.
470 545 894 618 Καταγοητεύει
946 546 1001 598 δὲ
1053 545 1578 609 τοῖςκέπιπλάστοις
1624 547 1835 618 ῥήμασι

238 639 469 704 τούτοις
519 639 631 693 τῶν
669 638 1042 710 ἀκροωμένων
1067 637 1137 691 τά
1170 637 1298 709 ἢθη.
1321 637 1398 701 ὡς
1428 637 1494 692 ἂν
1515 637 1718 701 αὐτοὺς
1747 635 1836 691 διὰ

239 727 460 784 τούτων
493 728 881 799 ἐπαγαγέσθαι
919 727 1222 800 δυνήσοιτο.
1272 726 1554 782 Ἐντεῦθεν
1599 729 1838 792 ἀστείως

239 837 334 884 τις
367 821 516 892 μάλα
540 821 638 876 καὶ⁵
676 820 1065 892 ἐμμελέστατα
1098 821 1462 889 ἀποφανείται
1493 819 1836 892 πληροῦσθαι

242 914 344 965 ἐπ’
407 914 562 982 αύτῷ
611 915 800 968 ἐκεῖνα
855 912 921 984 δὴ
979 911 1047 966 τά
1110 913 1234 982 ἱερά
1282 912 1442 982 λόγια
1511 913 1832 982 φάσκονταο

245 1005 436 1073 Βολίς
481 1005 898 1074 τιτρώσκουσιι
939 1005 975 1072 ἠ
1031 1003 1286 1073 γλῶσσα
1337 1003 1577 1057 αὐτῶν·
1649 1002 1835 1072 τάφος

243 1096 632 1165 ἀνεῳγμένος
675 1099 710 1150 ό
766 1093 1004 1162 λάρυγξ
1048 1093 1283 1147 αὐτῶνθ
1330 1094 1461 1160 ταῖς
1522 1095 1834 1164 γλώσσαις

243 1183 456 1238 αὐτῶν
480 1183 869 1237 ἐδολιοῦσαν.
905 1181 1297 1236 ιιιθανεύονται
1337 1183 1434 1253 μὲν
1459 1183 1571 1253 γάρ
1595 1183 1674 1254 τῷ
1703 1183 1835 1254 λείῳ

243 1275 350 1328 καὶ
386 1277 676 1346 περιχαρεί
699 1274 806 1326 τῶν
831 1274 1008 1341 λόγων
1041 1274 1492 1345 μεμορφωμένοι,
1525 1275 1624 1345 τὴν
1661 1275 1834 1344 ἀκοὴν

243 1367 714 1435 καταθέλγοντες·
745 1366 1112 1436 τιτρώσκουσι
1140 1365 1197 1418 δὲ
1229 1366 1402 1436 ὅμως,
1425 1367 1498 1429 ὡς
1529 1367 1588 1419 ἐν
1617 1365 1830 1436 βολίσιν

242 1461 476 1526 οξείειις,
510 1461 610 1523 τὰς
633 1460 745 1512 τῶν
774 1458 1171 1530 ἀμαθεστέρων
1196 1459 1396 1528 ψυχὰς,
1429 1457 1699 1521 ποικίλοις
1738 1459 1833 1512 καὶ

240 1548 492 1610 ἀνιάτοις
543 1546 830 1618 τραύμασι
879 1547 1020 1600 κατὰ
1072 1547 1274 1617 βάθους
1327 1547 1828 1619 περιαμύσσοντες.

253 1637 455 1690 ’Πνίκα
477 1637 590 1707 γάρ
616 1637 932 1708 δυστρόπως
965 1639 1058 1690 καὶ
1083 1639 1369 1708 κακοήθως
1394 1637 1536 1690 κατὰ
1568 1639 1668 1708 τῆς
1693 1639 1832 1709 ἀλη-

243 1727 396 1790 θείας
453 1728 852 1798 προσφέρεται,
909 1729 1071 1792 εὐθὺς
1121 1729 1183 1782 ού
1241 1731 1681 1802 παρρησιάζεται
1731 1733 1831 1804 τὴν

241 1818 506 1872 ἀσέϐειαν
531 1835 546 1848 ·
580 1819 945 1891 εὐγνωμόνως
985 1821 1043 1874 δὲ
1069 1821 1200 1893 περὶ
1249 1821 1341 1876 τδν
1373 1823 1504 1892 ὑγιᾶ
1529 1824 1831 1878 διατίθεται

240 1910 422 1978 λόγον,
441 1911 551 1964 ἀπὸ
577 1912 673 1965 τοῦ
701 1912 855 1977 δόξαι
885 1912 1065 1986 ὀρθῶς
1096 1915 1194 1968 καὶ
1221 1915 1531 1985 ἀμέμπτως
1558 1917 1830 1992 δοξάζειν,

244 2002 518 2074 θηρᾶσθαι
547 2005 657 2057 τῶν
685 2003 954 2059 πλειόνων
989 2007 1088 2077 τὴν
1136 2006 1347 2060 ἔννοιαν
1399 2008 1826 2080 μηχανώμενος,

249 2097 338 2149 ἵνα
361 2099 422 2149 ἐν
451 2088 496 2163 ᾧ
531 2095 721 2164 μέλλοι
745 2096 814 2148 τὰ
852 2097 952 2168 τῆς
983 2097 1190 2160 οίκείας
1227 2097 1616 2170 ἐξερεύγεσθαι
1655 2117 1826 2170 πονη-

245 2187 392 2256 ρίας,
426 2187 652 2251 πιθανὸς
683 2187 894 2256 ὀφθεὶς,
921 2187 1120 2260 ῥᾳδίως
1147 2187 1260 2241 ἕλοι
1286 2189 1410 2252 τοὺς
1465 2190 1829 2260 πειθομένους

239 2277 414 2331 αὐτοῦ
479 2281 593 2342 τοῖς
645 2277 986 2349 πλάσμασιν.
1037 2279 1195 2332 Ἀλλά
1243 2279 1352 2350 γὰρ
1397 2280 1460 2332 οὐ
1507 2281 1614 2351 χρὴ
1661 2297 1830 2352 προσ-

239 2371 564 2424 επιϐλέπειν
593 2373 707 2436 τοῖς
731 2373 998 2442 ῥήμασιν,
1020 2371 1160 2424 ἀλλά
1189 2371 1478 2443 προσέχειν
1508 2377 1620 2436 τοῖς
1646 2375 1828 2444 ἔγχει·

242 2465 479 2533 ρήμασι.
523 2462 657 2526 Ταῖς
684 2463 969 2534 ἀληθείαις
997 2463 1107 2534 γὰρ
1142 2463 1360 2534 αἴρεται
1383 2465 1535 2535 αύτῷ
1563 2466 1706 2520 κατά
1730 2468 1831 2536 τῆς

233 2553 332 2607 τοῦ
359 2554 710 2622 Μονογενοῦς
764 2555 1080 2624 οἰκονομίας
1135 2557 1165 2608 ὁ
1196 2554 1766 2626 πόλεμος,Ἐντεῦθεν
1796 2557 1825 2608 ό

235 2645 444 2714 Τυφὼς
483 2646 583 2715 τῆς
600 2646 858 2709 ἀσεϐείας
886 2646 1156 2719 διαίρεται
1180 2649 1276 2702 καὶ
1308 2648 1477 2712 πολὺς
1508 2649 1826 2720 ἐπιφύεται,

237 2738 386 2792 κατά
412 2737 524 2792 τῶν
554 2739 715 2809 ἱερῶν
739 2724 908 2810 ἡμῶν
939 2739 1230 2810 δογμάτων
1278 2741 1376 2811 τὴν
1446 2741 1644 2795 ἑαυτοῦ
1696 2742 1829 2796 ἀντ-

236 2830 532 2894 εξανιστὰς
553 2829 874 2895 κακοδοξίαν
899 2847 914 2861 ⁸
935 2831 1032 2884 καὶ
1059 2825 1141 2896 οἷς
1171 2832 1272 2885 οὐκ
1303 2832 1433 2902 ἐξῆν
1461 2833 1612 2904 αύτῷ
1643 2835 1827 2904 ἐγχειο

236 2921 413 2993 ρείνῆ
445 2921 834 2992 προσϐλέπειν,
883 2921 1096 2987 τούτοις
1145 2924 1299 2995 παρᾶ
1358 2924 1541 2979 πάντα
1587 2925 1680 2979 τὸν
1732 2927 1828 2980 τοῦ

233 3013 456 3066 δικαίου
485 3011 644 3082 λόγον
669 3015 764 3066 καὶ
794 3014 894 3087 τὴν
919 3015 1066 3086 ίεράν
1087 3014 1245 3085 ἡμῶν
1278 3014 1642 3086 θεσμοθεσίαν
1660 3017 1814 3070 ἀντι-

237 3103 597 3166 κιθίσταται,
651 3104 1064 3178 ἐμϐριθέστατά
1109 3123 1170 3160 τε
1241 3107 1335 3162 καὶ
1404 3107 1820 3179 δυσμενέστατα
1851 3137 1894 3196 c

238 3197 434 3252 ἑαυτὸν
489 3198 788 3270 ἐπιρρίψας
837 3202 904 3270 τῇ
953 3197 1274 3270 Ἐκκλησία.
1324 3200 1592 3272 Ἐπείπερ
1667 3200 1822 3270 δῆλοι

241 3290 375 3342 πᾶσι
412 3287 775 3342 καθίστανται
812 3287 910 3352 οὓς
945 3291 974 3342 ὁ
1005 3288 1138 3352 Θεὸς
1167 3290 1227 3342 ἐν
1250 3291 1316 3360 τῇ
1349 3291 1546 3343 ἐαυτοῦ
1587 3289 1822 3361 Ἐκκλη-

243 3378 334 3449 σία
357 3378 536 3445 illam,
566 3382 634 3450 τῇ
664 3379 760 3432 τού
799 3380 1038 3449 μεγάλου
1087 3382 1416 3435 ’Δποστόλου
1449 3383 1818 3454 μυσταγωγίᾳ

239 3472 373 3538 ἡμῖν
408 3470 812 3540 φανερούμενοι
834 3488 848 3502 ο
877 3472 1051 3542 παρὸν
1073 3473 1185 3540 γάρ
1211 3475 1326 3537 τοῖς
1381 3472 1667 3544 δημοσίοις
1722 3475 1820 3526 καὶ

243 3561 550 3630 βασιλικοῖς
598 3563 1015 3633 ἐνασχολεῖσθαι
1075 3563 1422 3636 πράγμασιν,
1476 3564 1671 3637 ἐπειδὴ
1724 3565 1824 3636 τῆς
1883 3625 1890 3634 ,

241 3652 394 3716 θείας
422 3652 584 3725 δόξης
609 3655 715 3726 τὴν
747 3655 955 3708 οἰκείαν
981 3655 1345 3726 φιλοσαρκίαν
1376 3656 1470 3710 καὶ
1511 3654 1825 3726 ἐμπάθειαν

243 3745 642 3816 προτετίμηκε,
692 3749 818 3810 ταῖς
863 3745 972 3800 τῶν
1012 3747 1254 3815 ἀγόντων
1304 3749 1652 3819 ὑπαγόμενος
1711 3750 1826 3802 είσ-

241 3836 516 3905 ηγήσεσι,
571 3838 749 3891 δεινὸν
797 3837 1075 3904 πνεύσας,
1119 3839 1263 3895 κατὰ
1313 3840 1407 3894 τοῦ
1471 3841 1827 3905 εὐσεϐοῦντος

242 3927 454 3998 μέρους
483 3929 585 4000 τὴν
600 3932 761 4002 χεῖρα
788 3929 1125 3998 καθώπλισε,
1149 3932 1245 3986 καὶ
1264 3936 1363 4003 τὴν
1397 3931 1656 4000 γλῶσσαν
1681 3933 1829 3987 κατά

236 4018 344 4087 τῆς
373 4018 542 4090 ὀρθῆς
574 4020 673 4073 καὶ
704 4022 1012 4094 ἀμωμίτιου
1040 4023 1200 4093 ήμῶν
1248 4022 1524 4093 παρέθηξε
1563 4023 1826 4088 πίστεως.

1939 553 2242 607 auditorum
2307 553 2560 618 fascinat,
2591 562 2648 608 nt
2705 552 2786 608 sic
2840 565 2935 606 eos
2979 561 3324 608 transversos
3353 570 3515 624 agere

1939 645 2126 713 ansit.
2157 645 2291 700 Hinc
2318 646 2458 700 belle
2476 644 2765 700 admodum
2789 651 2951 712 atque
2979 652 3232 698 accurate
3251 645 3512 714 compleri

1939 736 1992 789 in
2031 735 2130 790 hoc
2171 735 2390 790 homine
2444 735 2570 790 illud
2621 743 2866 804 apparet,
2896 735 3039 806 quod
3085 747 3238 788 sacra
3293 734 3512 790 oracula

1937 825 2125 880 dicunt
2156 841 2171 878 :
2204 824 2409 894 Sagitta
2429 824 2729 887 vulnerans,
2756 823 2939 891 lingua
2969 838 3150 876 eorum
3175 837 3196 877 :
3217 822 3513 890 sepulcrum

1935 925 2141 981 potem,
2162 923 2343 983 guttur
2363 929 2543 968 eorum
2565 911 2794 982 :linguis
2826 911 2937 966 mis
2967 909 3148 964 dolose
3175 911 3394 981 agebant
3419 911 3510 963 ³-⁵.

1939 1005 2179 1060 Suadent
2213 1005 2379 1071 enim,
2427 1004 2609 1073 lepore
2655 1017 2718 1056 ac
2764 1001 2984 1056 lenitate
3025 1000 3295 1056 sermonis
3341 1012 3514 1056 semet

1937 1099 2253 1166 ligarantes,
2289 1111 2556 1164 auresque
2607 1095 2933 1158 mulcentes;
2983 1091 3378 1161 vulnerantque
3427 1095 3501 1148 si-

1937 1189 2067 1253 mul,
2103 1203 2202 1242 ceu
2247 1187 2459 1257 sagittis
2501 1187 2696 1250 acutis,
2740 1183 3105 1238 indoctiorum
3135 1183 3372 1244 animos.
3416 1200 3510 1237 va-

1938 1281 2139 1350 riisque
2163 1289 2217 1333 et
2245 1277 2620 1333 insanibilibus
2656 1277 2828 1346 plagis
2855 1275 2961 1328 alte
2996 1274 3342 1342 transﬁgant.
3378 1276 3510 1330 Cum

1935 1372 2078 1426 enim
2113 1370 2328 1439 oblique
2379 1370 2465 1422 hic
2491 1369 2650 1422 homo
2695 1367 3078 1436 malitioseqne
3119 1368 3384 1423 adversus
3415 1384 3506 1423 te—

1936 1465 2148 1518 ritatem
2203 1461 2496 1524 invehitur,
2521 1476 2628 1513 non
2656 1459 2914 1513 continuo
2959 1458 3288 1525 impietatem
3325 1469 3507 1514 osten-

1937 1563 2044 1620 tat;
2078 1553 2308 1620 benigne
2342 1566 2466 1606 vero
2497 1551 2818 1618 sincerequc
2845 1550 3150 1603 doctrinam
3193 1567 3379 1604 sanam
3410 1569 3506 1606 ex-

1891 1704 1898 1709 ,
1935 1647 2107 1714 ponit,
2135 1654 2196 1698 ut
2226 1644 2474 1697 videatur
2505 1651 2649 1696 recte
2683 1652 2736 1695 et
2771 1641 3330 1710 irreprehensibilitcr
3382 1659 3510 1697 sen-

1939 1738 2066 1799 tire;
2121 1747 2285 1805 atque
2317 1735 2389 1789 ita
2445 1732 2802 1800 complurima
2841 1733 3278 1787 benevolentiam
3322 1736 3506 1789 venari

1935 1827 2172 1894 molitur,
2207 1835 2265 1881 ut
2296 1842 2419 1881 cum
2447 1833 2629 1896 postea
2670 1824 2944 1894 propriam
2976 1837 3189 1880 evomet
3224 1826 3505 1890 malitiam,

1933 1919 2126 1988 dignus
2155 1918 2257 1972 lide
2305 1918 2538 1980 habitus,
2561 1916 2770 1970 facilius
2813 1931 2910 1970 eos
2965 1915 3145 1984 capiat
3189 1917 3277 1985 qni
3335 1918 3506 1985 ipsius

1933 2006 2096 2064 ﬁctas
2115 2008 2324 2065 fabulas
2367 2005 2682 2076 persuaderi
2724 2005 2824 2059 sibi
2881 2005 3128 2060 siverint.
3158 2008 3319 2076 Atqui
3360 2008 3506 2060 hami

1931 2106 2150 2169 oportet
2192 2097 2372 2152 verbis
2423 2095 2728 2158 attendere,
2766 2095 2875 2164 20
2905 2097 3000 2150 sed
3043 2097 3180 2149 facta
3245 2095 3503 2150 conside-

1935 2206 2076 2245 rare.
2099 2191 2174 2244 Ite
2205 2190 2348 2244 enim
2384 2202 2510 2242 vera
2533 2198 2902 2241 commovetur
2917 2189 2986 2240 ab
3017 2203 3080 2241 eo
3105 2188 3298 2242 bellum
3317 2189 3507 2242 adver-

1933 2299 2024 2337 sus
2057 2280 2325 2350 Unigeuiti
2353 2278 2802 2334 incarnationem.
2841 2277 2979 2332 llinc
3035 2279 3259 2350 Typhon
3304 2281 3501 2347 impie-

1934 2377 2060 2429 tatis
2106 2373 2370 2428 attollitur
2431 2371 2835 2440 plurimumque
2917 2371 3224 2440 grandesdt
3261 2411 3274 2432 .
3327 2371 3505 2426 sacris

1903 2465 2134 2520 'nostris
2203 2463 2546 2534 dogmatibus
2601 2477 2910 2532 perversam
2991 2477 3144 2517 suam
3197 2463 3505 2533 opinionem

1931 2571 2210 2626 opponens
2245 2569 2528 2625 :quasque
2571 2570 2658 2610 res
2689 2555 2736 2609 ei
2782 2570 2882 2610 nec
2940 2554 3206 2624 attingere
3243 2571 3344 2609 nec
3387 2571 3508 2624 spe-

1933 2659 2086 2704 ctare
2120 2649 2332 2712 liceret.
2366 2663 2460 2702 eas
2506 2644 2706 2716 printer
2733 2661 2898 2702 omne
2941 2648 3024 2701 las
3059 2656 3361 2717 prasterque
3406 2663 3506 2701 uo-

1932 2752 2098 2798 stram
2156 2742 2548 2810 legislationem
2601 2737 2715 2809 (12)
2766 2747 3078 2808 oppugnat,
3128 2753 3340 2792 suian
3383 2753 3506 2792 cum

1931 2833 2132 2900 impetu
2168 2841 2222 2886 et
2251 2831 2376 2886 odio
2412 2830 2466 2884 in
2502 2828 2763 2884 Ecclesia:
2811 2843 3006 2897 corpus
3051 2828 3320 2882 insiliens.
3343 2826 3508 2883 Certe

1930 2922 2182 2977 omnibus
2229 2931 2414 2976 notum
2445 2931 2553 2986 est,
2589 2935 2725 2989 quos
2763 2920 3012 2974 homines
3037 2919 3091 2973 in
3122 2919 3358 2974 Ecclesia
3409 2935 3504 2974 sua

1934 3015 2078 3068 Dens
2122 3013 2404 3082 posuerit,
2463 3025 2654 3081 nempe
2705 3025 2797 3065 eos
2845 3025 2981 3078 quos
3041 3011 3222 3081 magni
3259 3009 3506 3082 Apostoli

1930 3105 2174 3159 doctrina
2213 3104 2368 3158 nobis
2405 3103 2740 3157 demonstrat
2777 3101 2818 3155 ⁸.
2850 3100 3211 3155 Nihilominus
3238 3117 3359 3155 cum
3419 3100 3510 3155 hic

1929 3193 2250 3265 (Mamonas)
2305 3193 2528 3248 deberet
2571 3193 2801 3260 publicis
2841 3192 3220 3263 regalibusque
3274 3192 3507 3262 negotiis

1927 3301 2147 3350 vacare,
2177 3295 2463 3354 postquam
2494 3284 2690 3338 divin-.e
2723 3284 2907 3354 gloria:
2931 3282 3306 3338 carnalitatem
3350 3297 3506 3336 suam

1931 3388 2092 3447 atque
2124 3377 2402 3432 libidinem
2432 3378 2763 3446 anteposuit,
2797 3377 3079 3429 ductorum
3124 3390 3344 3429 suorum
3405 3375 3509 3427 imo

1932 3469 2116 3538 pulsus
2153 3467 2520 3535 suasionibus,
2560 3467 2895 3521 ltorribiliter
2927 3468 3115 3520 furens
3143 3475 3333 3520 contra
3387 3466 3509 3532 pio-

1931 3574 2051 3613 rum
2080 3568 2262 3627 partes
2289 3573 2506 3611 manum
2569 3559 2816 3622 armavit,
2851 3557 3198 3628 linguamque
3245 3557 3512 3610 adversus

1934 3659 2138 3706 rectam
2160 3658 2215 3703 et
2255 3648 2637 3718 inculpabilem
2675 3647 2837 3702 (idem
2890 3657 3131 3701 nostram
3183 3647 3422 3700 exacuit.
3448 3647 3506 3699 Si

1933 3743 2055 3811 quis
2106 3757 2238 3811 ergo
2291 3749 2525 3799 mentem
2569 3739 2888 3802 adverterit,
2917 3747 2968 3792 et
3034 3738 3342 3793 accuratius
3397 3751 3509 3792 rem

1933 3835 2245 3905 dispexerit,
2272 3833 2530 3888 facillime
2557 3831 2706 3886 illum
2757 3843 3067 3902 cognoscet,
3098 3846 3202 3886 non
3252 3832 3514 3884 adversus

1934 3927 2216 3981 veritatem
2269 3934 2474 3978 tantum
2509 3923 2828 3993 impingere,
2864 3937 3052 3978 vermn
3098 3923 3260 3977 etiam
3292 3921 3517 3976 sibimet

1937 4019 2112 4087 ipsum
2142 4015 2464 4072 deformiter
2494 4015 2893 4070 contradicere.

241 4106 313 4158 Εἴ
360 4123 449 4169 τις
488 4104 582 4161 οὖν
646 4107 738 4162 τὸν
785 4108 911 4164 νοῦν
955 4110 1214 4181 προσέξει
1272 4112 1366 4165 καὶ
1418 4111 1812 4184 ἀκριϐέστερον
1877 4109 2217 4179 ἐπιστήσειε,
2283 4107 2459 4177 ῥᾷστα
2502 4105 2569 4160 ἂν
2614 4105 2778 4159 αὐτὸν
2835 4105 3108 4176 ἐπιγνοίη,
3141 4105 3200 4156 οὐ
3251 4103 3410 4173 μόνον
3449 4102 3516 4168 τῇ

239 4200 482 4271 ἀληθείᾳ
511 4203 940 4274 προσκρούοντα,
970 4203 1088 4259 ἀλλ’
1104 4206 1203 4277 ἤδη
1243 4208 1340 4260 καὶ
1367 4206 1548 4278 ἐαυτῷ
1580 4207 1822 4276 ἀγεννῶς
1859 4204 2282 4276 περιπίπτοντα.

317 4299 374 4347 ι’.
419 4311 438 4343 ι
485 4293 547 4345 Ἠ
575 4294 705 4361 ἁγία
734 4293 828 4348 τοῦ
862 4295 1022 4360 Θεοῦ,
1059 4298 1214 4367 φησὶ,
1250 4298 1344 4351 καὶ
1371 4297 1634 4369 καθολικὴ
1665 4299 1822 4370 ἡμῶν

1999 4297 2087 4350 10.
2125 4313 2144 4347 ι
2187 4293 2388 4348 Sancta
2435 4291 2553 4354 Dei,
2588 4291 2782 4361 inquit,
2821 4301 2874 4345 ct
2923 4289 3185 4344 catholica
3241 4287 3511 4351 omnium,

243 4385 471 4438 πάντων
488 4384 598 4437 τῶν
621 4385 968 4455 Χριστιανῶν
993 4385 1312 4456 Ἐκκλησία.
1349 4406 1368 4438 ι
1400 4387 1568 4442 Ποίαν
1589 4388 1824 4464 ἐνταῦθα

1934 4389 2020 4454 qui
2069 4385 2366 4440 Christiani
2431 4398 2644 4447 sumus,
2692 4381 2946 4438 ecclesia.
3014 4400 3033 4432 ι
3067 4379 3367 4447 Quamnam
3425 4380 3514 4432 hic

242 4475 350 4546 φὴς
404 4467 764 4544 Ἐκκλησίαν;
795 4477 962 4546 ἤρετο
984 4475 1049 4530 ἀν
1075 4493 1158 4540 τις
1187 4477 1373 4533 αὐτόν.
1395 4479 1458 4532 El
1491 4479 1589 4550 μὲν
1617 4479 1812 4548 ἑτέραν

239 4567 367 4621 τινὰ
407 4569 501 4620 καὶ
539 4568 750 4620 οἰκείαν
793 4569 1232 4644 ἀποτεμόμενος,
1276 4572 1334 4624 ἐν
1379 4573 1441 4641 τῇ
1492 4571 1821 4642 ματαιότητι

240 4658 353 4711 τῶν
383 4658 662 4729 λογισμῶν
687 4660 1152 4730 φαντασιούμεονος
1205 4662 1563 4728 ἀνετυπώσω,
1618 4665 1711 4718 σὺν
1759 4664 1827 4718 ἂν

241 4748 332 4820 εἴη
357 4746 423 4800 τδ
451 4748 859 4820 τεχνούργημα.
889 4751 953 4802 El
991 4750 1046 4804 δὲ
1066 4750 1132 4822 δὴ
1165 4751 1371 4824 ταύτην
1399 4752 1496 4824 τὴν
1523 4753 1646 4808 καθ’
1673 4755 1824 4825 ἡμᾶς

243 4841 444 4906 εἴποις,
495 4842 612 4906 πῶς
660 4842 823 4907 ἁγίαν
870 4842 1108 4897 ἐνταῦθα
1156 4846 1361 4912 καλεῖς,
1393 4846 1462 4917 ἢν
1507 4847 1679 4918 ἐναγῆ
1729 4847 1825 4900 καὶ

239 4935 558 5006 ἀκάθαρτον
579 4936 634 4988 ἐν
649 4936 854 5007 ἑτέροις
874 4936 962 4990 διά
993 4937 1260 4990 πλείστων
1286 4939 1426 4990 ὅσων
1446 4939 1700 4992 ἐπινοιῶν
1727 4938 1824 4992 καὶ

245 5028 733 5098 κακουργημάτων
764 5067 778 5090 ,
835 5027 930 5080 καὶ
976 5027 1170 5097 λάτριν
1207 5029 1499 5099 δαιμονίων
1539 5031 1824 5100 ἀποφῆναι

241 5115 608 5181 ἐσπούδασας,
631 5116 727 5169 καὶ
749 5117 956 5183 ξοάνοις
975 5118 1209 5183 ἀνοσίοις
1233 5120 1708 5189 προσκυνήσασαν,
1734 5121 1830 5174 καὶ

315 5273 389 5304 ³⁸⁸
426 5271 708 5337 Psal.xut,
739 5272 795 5326 ‘5.
869 5273 892 5304 ⁸
932 5273 1052 5328 Act.
1089 5289 1183 5338 xx,
1211 5275 1301 5330 28.

319 5390 432 5475 (ti)
471 5404 640 5462 Vides
671 5407 812 5478 haud
845 5421 966 5462 esse
999 5409 1349 5478 ineotericam
1379 5422 1554 5478 neque
1601 5417 1822 5463 nostro-

247 5492 388 5546 runt
417 5476 796 5546 tantummodo
841 5477 1237 5541 asceticorum,
1289 5479 1430 5532 hanc
1467 5476 1782 5546 opinionem
1806 5519 1820 5542 ,

245 5544 391 5617 quod
438 5547 596 5617 beata
627 5544 802 5617 AVirgo
831 5550 1058 5599 salutem
1099 5558 1355 5601 :eternam
1398 5544 1819 5617 (intercedendo

247 5612 486 5687 scilicet)
513 5615 670 5687 nobis
692 5612 975 5687 conciliet;
1007 5632 1178 5686 neque
1206 5617 1258 5671 id
1277 5612 1592 5687 cum'aliqua
1617 5619 1816 5673 Christi

248 5684 609 5751 redemptoris
669 5700 733 5738 ac
791 5684 1105 5740 mediatoris
1157 5684 1816 5742 contumelia'cathnliris

247 5753 388 5822 dici,
424 5763 582 5824 prout
627 5753 944 5810 heterodoxi
1002 5758 1221 5826 quidam
1252 5758 1522 5811 dictitant.
1563 5755 1810 5812 Profecto

1935 4489 1989 4532 tu
2037 4479 2175 4533 dicis
2213 4475 2544 4532 ecclesiam?
2575 4473 2788 4545 rogabit
2835 4489 2958 4526 eum
2998 4473 3213 4540 aliquis.
3261 4473 3316 4526 Si
3352 4472 3510 4523 alia'n

1931 4564 2232 4640 quamdam’
2283 4567 2612 4638 peculiarem
2673 4580 2994 4628 secernens,
3026 4565 3150 4618 dum
3215 4562 3514 4634 phantasize

1931 4672 2036 4718 tuae
2083 4662 2306 4717 vanitati
2347 4659 2612 4731 indulges,
2641 4659 2960 4730 procudisti,
2998 4659 3098 4712 hoc
3157 4657 3342 4724 utique
3393 4672 3514 4724 pro-

1930 4755 2108 4824 prium
2133 4755 2238 4810 erit
2273 4752 2549 4823 opiﬁcium
2577 4762 2748 4806 tuum.
2773 4750 2868 4806 Sin
2895 4764 3026 4803 vero
3049 4749 3186 4802 hanc
3205 4749 3359 4812 dicis,
3391 4763 3514 4816 qua:

1931 4847 2069 4915 apud
2100 4861 2200 4901 nos
2225 4855 2308 4900 est
2328 4885 2344 4912 ,
2372 4844 2642 4914 quomodo
2683 4853 2737 4896 tu
2771 4847 3015 4894 sanctam
3073 4854 3214 4893 nunc
3243 4839 3507 4910 appellas,

1933 4953 2094 5006 quam
2140 4937 2530 4991 exsecrandum
2603 4935 2986 5002 impuramque
3038 4931 3164 4986 alibi
3204 4933 3513 4986 lictionilms

1937 5030 2042 5082 tuis
2071 5023 2316 5098 pinrimis
2352 5040 2513 5095 atque
2546 5024 2771 5088 malitia,
2812 5033 2869 5079 et
2897 5024 3291 5079 daemoniorum
3318 5023 3514 5078 cultri-

1936 5135 2076 5185 cem,
2107 5130 2422 5188 statuasque
2439 5118 2734 5190 sacrilegas
2756 5126 3102 5174 venerantem
3127 5119 3508 5174 demonstrare

1938 5406 2078 5460 hanc
2139 5409 2464 5462 sententiam
2523 5409 2852 5464 conﬁrmare
2905 5412 3090 5466 multis
3115 5411 3234 5465 aliis
3286 5405 3506 5462 Patrum

1931 5476 2370 5540 auctoritatilms,
2407 5495 2510 5532 non
2569 5479 2708 5534 foret
2739 5480 2974 5535 dimrile.

2001 5546 2114 5614 (12)
2154 5545 2358 5616 Nempe
2387 5559 2575 5604 contra
2612 5550 2930 5605 canonicam
2962 5548 3223 5615 regulam,
3259 5561 3366 5615 qua
3398 5543 3504 5602 lui-

1924 5617 2002 5669 cis
2037 5618 2344 5689 hominibus
2387 5619 2666 5689 disputare
2698 5620 2764 5674 de
2805 5621 3002 5672 divinis
3038 5619 3384 5687 ti'lglllilllbUS
3419 5616 3500 5673 itt-

1924 5687 2211 5743 tenlirztum
2249 5699 2387 5742 erat.
