3994 6198
228 326 340 412 ist
947 339 1573 402 ANTIRRHETICUS
1611 341 1638 400 1
1675 340 1845 400 ADV.
1885 341 2483 406 CONSTANTINUM
2523 346 2738 408 corn.
3389 333 3504 398 229.

232 459 330 509 καὶ
364 454 400 524 ἡ
425 451 704 518 ἀπόδειξις
736 450 1055 522 πρόσεστιν.
1083 445 1211 522 Ἆρ’
1240 449 1302 504 οὐ
1342 451 1702 521 πᾶράφρονος
1723 451 1818 503 καὶ
1847 498 1855 512 ί

1959 452 2226 522 ιδίρῑοηιίε
2271 455 2597 524 attonitique
2634 456 2750 511 haec
2809 458 2898 507 tua
2929 447 3098 505 verba
3133 444 3302 502 sunt?
3337 445 3499 516 modo

236 546 609 618 παραπλῆγος
637 546 688 597 oi
722 543 893 613 λόγοι,
938 543 1015 614 πῆ
1055 543 1158 614 μὲν
1189 543 1446 614 δέχεσθαι
1479 542 1610 614 περὶ
1637 541 1696 595 ἓν
1727 541 1822 598 καὶ

1958 542 2133 598 eilicet
2163 545 2215 598 in
2249 561 2356 601 uno
2385 534 2705 616 eodemque
2751 542 2968 614 negotio
2993 537 3340 595 traditionem
3395 534 3496 590 Ec-

235 641 300 692 τὸ
333 639 474 693 αὐτο
523 637 762 708 πρᾶγμα
812 633 912 707 τὴν
950 635 1051 705 τῆς
1092 634 1428 704 Ἐκκλησίας
1491 633 1818 704 παράδοσιν,

241 731 322 801 πῆ
387 730 447 783 δὲ
522 726 976 798 ἀποτρέπεσθαι;
1011 725 1204 779 Ταῦτα
1274 724 1630 794 δογματίζειν
1693 723 1824 796 βου-

240 806 477 891 λόμενος
531 818 562 872 ὁ
611 815 1008 881 συνετώτατος,
1048 814 1167 878 πῶς
1212 815 1313 868 οὐκ
1363 815 1702 886 ἐννενόηκεν,
1742 815 1826 868 ὅτι

241 886 322 978 γε*
354 911 420 983 δὴ
450 909 546 964 τοῦ
600 907 848 980 Χριστοῦ
898 909 933 979 η
973 907 1273 976 Ἐκκλησία
1325 905 1464 977 μετὰ
1513 905 1620 960 τῶν
1643 886 1828 974 ,ἄλλων

244 1000 512 1053 ἁπάντων
550 996 714 1068 ἱερῶν
745 994 1130 1064 σεϐασμάτων,
1163 995 1259 1048 καὶ
1307 995 1410 1064 τὴν
1444 995 1554 1048 τῶν
1609 995 1828 1048 σεπτῶν

243 1087 482 1142 εἰκόνων
517 1086 764 1155 ἱστορίαν
809 1101 869 1137 τε
915 1085 1012 1136 καὶ
1054 1083 1433 1155 προσκύνησιν
1504 1073 1603 1155 τὴν
1660 1101 1830 1157 προσ-

247 1179 518 1247 ήκουσαν,
540 1175 602 1240 ἐξ
619 1175 793 1247 ἀρχῆς
821 1174 914 1228 καὶ
939 1173 1102 1244 μέχρι
1127 1171 1222 1226 τοῦ
1239 1172 1402 1245 δεῦρο
1426 1172 1830 1244 παραλαϐοῦσα

245 1265 549 1332 διασώζεις
600 1263 742 1317 Ἀλλ’
777 1261 956 1315 ἔοικεν
980 1261 1016 1331 ἡ
1047 1261 1250 1331 οἴησις,
1290 1259 1462 1324 πάθος
1503 1257 1647 1332 οὖσαν
1671 1259 1834 1330 χαλε-

253 1357 364 1410 πόν
381 1373 438 1409 τι
470 1331 564 1408 καὶ
577 1353 997 1424 εὐπερίστατον,
1021 1353 1078 1405 ὲν
1093 1354 1208 1415 τοῖς
1231 1350 1622 1421 καιριωτάτοις
1643 1331 1837 1414 αὐτοῖς

253 1445 728 1516 ἀποσφάλλεσθαι.
762 1442 1066 1500 Κάνταῦθα
1096 1442 1208 1515 γὰρ
1235 1443 1430 1497 ἑαυτὸν
1457 1441 1836 1516 παραλογίζε-
1883 1438 1890 1443 ’

251 1559 372 1606 ται,
402 1541 437 1614 ἢ
466 1537 562 1603 οῦς
588 1537 798 1594 πείθειν
815 1535 1220 1608 ὑπολαμϐάνει.
1257 1537 1331 1590 υύ
1361 1539 1476 1600 τοῖς
1513 1535 1698 1605 λόγοις
1742 1531 1840 1596 οῦν

256 1627 344 1696 οἷς
369 1631 573 1704 χρῆται
596 1629 734 1701 πρὸς
763 1627 1041 1698 ὲξαπάτην
1085 1626 1194 1680 τῶν
1238 1627 1450 1680 πολλῶν
1483 1625 1838 1698 προσεκτέον,

257 1723 342 1793 τῷ
396 1721 590 1793 τρόπῳ
633 1719 693 1774 δὲ
750 1719 844 1772 καὶ
896 1719 1014 1782 τοῖς
1065 1715 1273 1788 ἔργοις,
1328 1716 1366 1771 ἃ
1415 1715 1478 1789 δὴ
1534 1716 1678 1771 κατὰ
1729 1716 1839 1770 τῶν

259 1790 446 1882 ἁγίων
493 1790 849 1867 ἐϐουλεύσατο
890 1827 950 1864 τε
1017 1810 1113 1864 καὶ⁸
1161 1809 1388 1880 ἔδρασεν
1415 1847 1430 1874 ,
1481 1807 1646 1862 αὐτὸν
1715 1825 1838 1880 κρι-
1867 1790 1913 1846 Β

257 1905 404 1960 τέον.

333 2039 427 2109 ιβ’.
457 2033 594 2092 Elea
634 2035 830 2105 ἐπάγει
850 2049 864 2063 ο
894 2052 914 2087 ι
971 2033 1066 2104 Μὴ
1084 2031 1364 2105 τρέψαντα
1387 2031 1486 2100 τὴν
1509 2029 1740 2102 θεότητα
1761 2030 1843 2092 είς

265 2133 468 2204 σάρκα,
502 2131 638 2200 μήτε
664 2127 764 2199 τὴν
803 2126 986 2197 σάρκα
1023 2126 1105 2188 είς
1132 2123 1364 2192 θεότητα
1411 2117 1574 2186 αὗξος
1599 2123 1843 2191 ἐμποιη-

264 2222 536 2292 σαμένην.
577 2239 596 2272 ι
647 2217 932 2272 Ἐντεῦθεν
960 2216 1119 2287 δῆλον
1145 2213 1339 2268 ἑαυτὸν
1383 2212 1674 2282 πεποίηκε,
1707 2211 1845 2282 περὶ

261 2315 365 2380 τὴν
393 2310 488 2365 τοῦ
510 2311 686 2378 Λόγου
718 2308 1000 2379 σάρκωσιν
1029 2303 1514 2374 ἀποσφαλλόμενον
1533 2318 1548 2334 ο
1575 2303 1672 2356 καὶ
1711 2318 1846 2356 κατ-

264 2405 495 2476 άρχεται
513 2401 700 2456 λοιπὸν
716 2400 856 2455 κατὰ
880 2397 1078 2470 μικρὸν
1093 2398 1163 2452 τὰ
1177 2397 1278 2467 τῆς
1299 2397 1567 2467 πονηρίας
1589 2411 1844 2468 παραγυο

269 2495 461 2566 μνοῦν.
488 2495 566 2548 Οὐ
595 2494 704 2565 γὰρ
724 2491 913 2564 ὥσπερ
936 2490 1014 2562 τῷ
1035 2491 1196 2562 Λόγῳ
1222 2489 1284 2542 τὸ
1316 2487 1586 2560 ἄτρεπτον
1605 2486 1845 2560 ἔνειμεν,

267 2587 418 2642 οὕτω
445 2586 507 2641 δὲ
533 2587 628 2640 καὶ
655 2588 723 2657 τῇ
762 2585 932 2656 σαρκὶ
957 2582 1090 2636 αὐτὸ
1124 2581 1191 2653 δὴ
1207 2579 1370 2634 τοῦτο
1387 2579 1720 2646 ἀποδέδωκε,
1743 2577 1850 2633 κᾶν

270 2681 494 2735 πείθειν
522 2677 679 2742 τινὰς
727 2675 1004 2748 ἐνόμιζεν,
1035 2675 1110 2738 ὼς
1141 2674 1241 2745 τὴν
1291 2673 1470 2744 σάρκα
1499 2671 1846 2742 ἀποδέχεται.

271 2773 340 2826 Τί
373 2771 487 2841 γάρ
515 2771 623 2824 ἔδει
649 2767 814 2834 αῦξος
841 2767 936 2820 τοῦ
986 2766 1258 2842 ἀτρέπτου
1295 2763 1853 2835 ἀντιπαραλαμϐάνε-

271 2864 402 2917 σθαι
423 2879 442 2928 ;
465 2861 547 2913 Τὰ
574 2858 706 2927 γοῦν
741 2858 1013 2928 ἰδιώματα
1057 2856 1228 2926 αὐτῆς
1257 2855 1442 2910 τέλεον
1475 2854 1854 2920 ἀποσκευαζόο

273 2973 466 3028 μενος,
524 2953 628 3026 τὴν
683 2951 894 3005 οἰκείαν
963 2947 1285 3013 κακοδοξίαν
1347 2947 1850 3018 προανακρούεται.

279 3068 300 3100 ι
353 3046 522 3101 Ἀλλὰ
567 3044 682 3099 τῶν
725 3043 824 3098 δύο
857 3041 1074 3111 φύσεων
1123 3039 1496 3094 συνελθουσῶν
1533 3041 1614 3102 είς
1659 3039 1855 3092 ἕνωσιν

1925 633 2101 688 clesiaa
2132 637 2437 701 admittere,
2469 637 2628 692 modo
2650 633 2945 692 recusare?
2964 629 3091 686 Haec
3123 626 3496 700 dogmatizare

1927 726 2116 782 volens
2161 727 2250 782 bic
2297 729 2704 793 solertissimus,
2731 725 3001 797 quomodo
3056 735 3162 776 non
3208 718 3501 788 reputavit,

1927 819 2130 876 Christi
2185 819 2516 888 Ecclesiam,
2565 837 2690 876 eum
2753 817 2966 874 caeteris
3016 811 3271 869 omnibus
3313 809 3503 866 'sacris
3563 844 3567 848 -

1929 911 2112 978 rebus,
2141 911 2526 968 venerabilium
2574 925 2792 982 quoque
2827 907 3122 976 imaginum
3174 903 3410 958 studium
3454 911 3508 954 et

1931 1003 2340 1059 convenientem
2375 1004 2746 1060 adorationem
2777 1000 2846 1055 ab
2891 999 3045 1054 initio
3090 1007 3266 1064 usque
3311 993 3377 1047 ad
3412 992 3508 1047 ho-

1933 1093 2180 1149 diernum
2251 1097 2393 1150 diem
2423 1135 2438 1159 ,
2488 1102 2646 1164 prout
2679 1091 2912 1160 accepit,
2981 1076 3344 1143 conservare?
3401 1082 3508 1138 Sed

1933 1182 2077 1238 enim
2117 1167 2326 1239 videtur
2358 1185 2428 1240 ob
2459 1183 2848 1254 arrogantiam,
2881 1195 3002 1250 quae
3039 1175 3217 1248 passio
3263 1174 3379 1227 dira
3435 1172 3509 1228 si-

1936 1269 2144 1326 mulest
2165 1280 2220 1326 et
2247 1271 2662 1328 facileincidens
2695 1267 2930 1342 (ιδ-ιι),
2961 1267 3016 1321 in
3048 1267 3160 1334 ipsa
3186 1262 3262 1316 rei
3294 1275 3508 1317 summa

1936 1357 2210 1416 aberrare.
2234 1359 2478 1432 Namque
2515 1371 2570 1416 et
2596 1361 2684 1416 hic
2727 1368 2898 1414 semet
2922 1355 3060 1411 fallit
3085 1353 3390 1418 Mamouas,
3421 1349 3509 1405 vel

1939 1456 2088 1504 certe
2111 1449 2250 1506 alios
2277 1451 2476 1521 quibus
2529 1465 2643 1506 rem
2696 1447 3025 1519 persuadere
3071 1457 3132 1498 se
3187 1449 3364 1512 putat.
3395 1438 3510 1494 Non

1940 1550 2024 1595 est
2069 1556 2198 1612 ergo
2224 1541 2426 1606 verbis,
2457 1542 2651 1612 quibus
2679 1540 2748 1594 ad
2792 1539 3086 1594 multorum
3134 1533 3509 1602 deeeptionem

1941 1632 2133 1696 utitur,
2165 1631 2574 1697 attendendum,
2605 1634 2702 1687 sed
2742 1644 2808 1684 ex
2843 1627 3001 1682 modo
3035 1639 3098 1680 ac
3141 1624 3498 1687 facinoribus,

1942 1734 2063 1788 qua
2079 1723 2338 1777 adversus
2369 1730 2588 1778 sanctos
2630 1720 2972 1775 machinatus
3013 1722 3096 1769 est
3143 1729 3208 1770 ac
3241 1711 3499 1784 patravit,

1941 1806 2007 1864 de
2025 1823 2105 1881 ,ρο
2137 1807 2489 1878 iudicandum
2523 1817 2629 1864 est.

2015 2027 2101 2084 12.
2156 2027 2356 2083 Deinde
2404 2026 2554 2081 addit
2615 2041 2631 2079 :
2701 2043 2720 2076 ι
2766 2023 2880 2078 Non
2943 2031 3146 2078 mutata
3192 2019 3248 2075 in
3295 2031 3517 2074 carnem

1945 2121 2262 2185 divinitate,
2327 2131 2509 2187 neque
2575 2131 2743 2171 carne
2808 2114 3209 2170 incrementum
3263 2109 3522 2164 atl'erente

1945 2211 2236 2266 divinitati.
2295 2207 2458 2279 “Hic
2525 2223 2584 2262 se
2635 2205 2926 2260 manifeste
2973 2205 3314 2260 demonstrat
3370 2198 3520 2254 circa

1947 2301 2162 2358 Domini
2223 2298 2658 2356 incarnationem
2717 2309 2950 2364 errare,
3010 2307 3272 2361 suamque
3332 2289 3519 2360 paula-

1949 2394 2044 2449 tim
2081 2392 2196 2464 jam
2250 2390 2441 2460 incipit
2477 2389 2880 2459 improbitatem
2940 2385 3164 2442 nudare.
3201 2384 3316 2438 Non
3373 2380 3521 2434 enim

1949 2483 2089 2540 sicut
2112 2481 2294 2538 Verbo
2350 2478 2926 2536 ittconvertihilitatem
2965 2475 3235 2538 attribuit,
3260 2473 3334 2527 ita
3360 2471 3525 2525 etiam

1949 2575 2100 2632 carni
2145 2575 2288 2631 idem
2334 2574 2654 2628 attributum
2702 2569 3038 2640 assignavit;
3085 2565 3295 2623 etiamsi
3329 2561 3531 2631 aliqui-

1951 2667 2053 2722 hus
2084 2665 2412 2736 persuadere
2464 2676 2523 2719 se
2549 2671 2702 2732 putat
2736 2675 2959 2716 carnem
2993 2673 3022 2712 a
3053 2673 3114 2714 se
3147 2655 3378 2710 admitti.
3422 2652 3532 2708 Cur

1953 2757 2098 2811 enim
2125 2755 2364 2825 oportuit
2391 2753 2813 2815 incrementum,
2845 2744 3378 2804 inconvertibilitatis
3411 2741 3532 2796 loco

1959 2823 2338 2916 dicereiErgo
2383 2844 2564 2899 carnis
2624 2843 2986 2913 proprietates
3048 2850 3272 2908 prorsus
3300 2823 3562 2904 negans,

1961 2929 2181 3009 pravam
2211 2951 2365 2991 suam
2423 2934 2751 2990 sententiam
2797 2932 3100 2988 denuntiat.
3134 2947 3154 2980 ι
3195 2926 3299 2982 Sed
3325 2925 3536 2978 duabus

1959 3030 2166 3085 naturis
2198 3029 2251 3083 in
2300 3026 2640 3082 iuconfusam
2671 3039 2832 3080 unam
2889 3022 3216 3078 coeuntibus
3279 3017 3534 3072 unionem

272 3139 612 3210 άσύγχυτον,
641 3137 744 3206 τήν
776 3152 838 3188 τε
867 3135 966 3204 τῆς
989 3133 1244 3203 θεότητος
1271 3131 1368 3184 καὶ
1414 3131 1512 3200 τῆς
1563 3128 1852 3198 ἀνθρωπό-

1963 3120 2270 3176 divinitatis
2301 3130 2354 3177 et
2408 3118 2790 3181 humanitatis,
2820 3113 2988 3170 unum
3029 3111 3386 3179 eumdentque
3419 3119 3540 3161 esse

273 3247 466 3302 τητος,
517 3230 616 3283 ἕνα
663 3226 756 3281 τὸν
803 3221 972 3279 αὑτὸν
1036 3223 1160 3276 καθ’
1215 3221 1518 3276 ὑπόστασιν
1561 3220 1856 3290 ὑπάρχειν,

277 3320 506 3375 διπλοῦν
547 3321 607 3373 ὲν
636 3317 733 3372 -ἐνὶ
780 3314 1078 3386 προσώπῳ.
1122 3333 1142 3366 ι
1191 3311 1626 3381 Παραλογίζεται
1668 3309 1860 3364 ἑαυτὸν

280 3411 589 3475 κάνταῦθα,
615 3411 680 3464 οὑ
733 3408 846 3480 γὰρ
893 3408 1003 3462 τῶν
1040 3405 1412 3476 ἀκροωμένων
1441 3403 1570 3465 τοὺς
1603 3401 1862 3466 συνετοὺς

279 3505 383 3559 καὶ
416 3503 548 3556 νοῦν
585 3501 827 3573 ἔχοντας.
853 3499 941 3576 Ἐἰ
991 3497 1100 3568 γὰρ
1142 3495 1320 3566 ὀρθῶς
1352 3491 1685 3564 προσέφερε,
1711 3490 1764 3542 τί
1797 3489 1862 3561 δή

278 3611 419 3648 ποτε
455 3593 532 3664 μὴ
581 3593 676 3648 καὶ
719 3591 896 3664 ὀρθῶς
922 3589 1136 3650 διεῖλεν,
1167 3589 1214 3641 εἰ
1247 3585 1591 3658 ἀσυγχύτους
1623 3600 1865 3655 μεμενη-

281 3688 444 3741 κέναι
472 3686 576 3748 τὰς
605 3685 746 3738 κατὰ
773 3681 1010 3754 Χριστὸν
1038 3679 1400 3742 συνελθούσας
1431 3677 1624 3746 φύσεις
1663 3676 1866 3746 διωμο-

279 3780 462 3848 λόγει,
508 3779 604 3832 καὶ
655 3776 960 3849 ἀτρέπτους
1011 3773 1078 3827 ἂν
1139 3773 1356 3835 πάντως
1401 3769 1605 3832 ταύτας
1637 3767 1868 3840 παρεδέ-

278 3885 454 3942 Isto;
495 3867 654 3920 Ἐπεὶ
678 3865 788 3942 τίνι
820 3863 1008 3936 τρόπῳ
1032 3861 1272 3932 θατέρας
1303 3861 1405 3932 μὲν
1450 3859 1518 3913 τὰ
1571 3857 1864 3929 ἰδιώματα,

279 3963 545 4016 τουτέστι
575 3957 672 4022 τῆς
695 3955 792 4010 τοῦ
836 3955 1012 4023 Λόγου
1046 3952 1266 4023 φύσεως
1299 3951 1388 4005 διὰ
1445 3949 1540 4005 τοῦ
1589 3949 1866 4021 ἁτρέπτου

281 4047 700 4115 διασωξόμενα,
748 4043 1024 4116 είσφέρειν
1073 4045 1480 4116 προσποιεῖται·
1517 4040 1753 4110 θατέρας
1787 4041 1866 4104 δὲ,

283 4142 547 4196 τουτέστι
575 4139 674 4210 τῆς
706 4136 936 4209 σαρκὸς,
966 4135 1154 4204 ὥσπερ
1195 4133 1586 4205 παρῃρημένα,
1636 4131 1871 4187 ἀπαναί-

284 4229 630 4295 νεται;οὐκ
666 4227 818 4284 ἐστιν
873 4225 969 4280 οῦν
1023 4225 1184 4278 τοῦτο
1231 4226 1532 4298 ἀτρέπτους
1567 4225 1662 4277 καὶ
1697 4225 1870 4292 ἀσυγ-

285 4323 498 4395 χύτους
525 4321 622 4384 τὰς
645 4319 836 4389 φύσεις
865 4316 1204 4382 δοξάζοντος.
1229 4316 1291 4368 Et
1320 4317 1428 4386 γάρ
1445 4315 1504 4368 τὸ
1537 4316 1636 4386 μὲν
1666 4332 1870 4368 πεπον-

287 4415 455 4469 θέναι
478 4413 605 4485 περὶ
628 4412 727 4474 τὰς
747 4409 1020 4480 ἰδιότητας
1047 4406 1209 4472 ἀξιοῖ,
1241 4406 1454 4475 ἀνάγκη
1471 4406 1563 4458 καὶ⁸
1592 4407 1654 4458 τὸ
1677 4405 1868 4458 λοιπὸν

1961 3215 2255 3270 secundum
2285 3211 2500 3267 unicam
2529 3207 2641 3280 (15)
2668 3205 3024 3279 hypostasim,
3050 3201 3315 3271 duplicem
3345 3199 3397 3252 in
3435 3212 3540 3250 una

1963 3291 2208 3376 persona.
2245 3301 2391 3358 illic
2439 3315 2656 3370 quoque
2712 3314 2770 3352 se
2834 3297 3007 3365 ipsum
3076 3291 3235 3358 fallit,
3312 3287 3540 3342 minime

1965 3375 2093 3450 vero
2134 3393 2413 3448 auditores
2475 3403 2698 3460 sagaces
2750 3397 2912 3457 atque
2973 3382 3252 3439 cordatos.
3311 3375 3446 3430 Nam
3493 3376 3540 3428 si

1965 3495 2112 3542 recte
2135 3485 2436 3555 proposuit,
2465 3498 2562 3537 cur
2581 3490 2728 3536 recte
2752 3492 2968 3548 quoque
3003 3491 3110 3530 non
3155 3467 3446 3538 distinxit?
3483 3465 3542 3520 Si

1925 3578 2280 3642 .iuconfusas
2336 3575 2603 3630 mansisse
2651 3578 2910 3625 coeuntes
2946 3567 3000 3620 in
3052 3564 3270 3620 Christo
3313 3569 3542 3612 naturas

1969 3671 2151 3726 fassus
2187 3678 2292 3736 est,
2331 3666 2522 3736 utique
2559 3663 2745 3718 debuit
2773 3661 2873 3715 has
2907 3659 3034 3712 item
3087 3666 3315 3728 prorsus
3359 3652 3547 3703 incon-

1967 3759 2246 3818 vertibiles
2273 3772 2393 3812 esse
2420 3771 2524 3810 non
2557 3754 2827 3809 dubitare.
2855 3748 3063 3804 Deinde
3101 3743 3376 3816 quomodo
3421 3754 3546 3810 pro-

1969 3855 2227 3927 prietates
2287 3850 2504 3920 quidem
2559 3846 2802 3910 alterius,
2841 3843 2894 3898 id
2954 3850 3039 3896 est
3087 3847 3294 3893 natura:
3351 3831 3546 3894 Verbi,

1970 3955 2193 4018 propter
2225 3939 2817 3998 iuconvertibilitateut'
2845 3941 3202 3992 conservatas
3239 3937 3547 3998 proponere

1968 4034 2188 4092 simulat
2205 4048 2226 4097 ;
2275 4031 2501 4086 alterius
2549 4040 2754 4092 autem,
2784 4023 2838 4079 id
2883 4030 2969 4078 est
3018 4019 3238 4082 carnis,
3293 4024 3551 4082 tanquam

1970 4127 2209 4182 sublatas
2244 4121 2446 4193 negat?
2504 4119 2620 4174 Non
2645 4128 2730 4172 est
2771 4117 2874 4170 hoc
2903 4113 3136 4170 ofﬁcium
3181 4102 3552 4170 bominis,qui

1971 4227 2195 4276 naturas
2209 4216 2484 4272 existimet
2502 4196 2946 4266 inconvertibiles
2962 4213 3016 4258 et
3045 4201 3387 4257 inconfusas.
3412 4192 3549 4248 Nam

1972 4312 2016 4367 si
2053 4311 2174 4381 quis
2204 4322 2370 4363 unum
2415 4303 2622 4374 judicat
2652 4312 2873 4369 passum
2916 4309 3038 4350 esse
3084 4289 3286 4360 aliquid
3321 4287 3375 4339 in
3424 4297 3554 4352 pro-

1975 4380 2319 4474 prietatibus,
2355 4408 2582 4450 necesse
2642 4400 2724 4447 est
2781 4389 3010 4442 alterum
3061 4380 3276 4452 quoque
3334 4389 3552 4446 passum

289 4469 573 4567 πεπονθὸς
601 4469 1079 4572 συνόμολογῆσειν.
1100 4469 1331 4568 ὟὪτπερ
1493 4495 1623 4560 Θεὸς
1656 4496 1855 4561 τέλειος

1974 4469 2129 4566 teque
2197 4491 2546 4548 confiteatur.
2602 4483 2755 4538 Sicut
2801 4482 2945 4534 enim
3014 4474 3312 4546 perfectum
3388 4469 3552 4520 Deum

293 4598 439 4669 πρὸς
469 4595 626 4667 ἡμῶν
657 4595 878 4647 πάντων
906 4579 1299 4662 ῶίιολόγηταιό
1323 4587 1561 4660 Χριστὸς
1587 4589 1644 4640 ὲν
1681 4589 1864 4660 μορφῇ

293 4689 458 4754 Θεοῦ,
520 4688 693 4760 ἤγουν
735 4689 793 4739 ὲν
845 4684 1006 4754 οὐσίᾳ
1053 4682 1189 4736 Θεοῦ
1247 4681 1532 4750 ὑπάρχων,
1576 4679 1720 4733 οὓτω
1781 4681 1876 4734 καὶ

299 4779 519 4852 μορφὴν
557 4777 746 4833 δούλου
795 4773 978 4829 λαϐὼν
1021 4773 1120 4844 τὴν
1167 4771 1292 4825 καθ’
1343 4771 1513 4841 ἡμᾶς,
1555 4769 1762 4833 τέλειος
1810 4769 1876 4824 ἂν

1975 4553 2153 4642 cuncti
2195 4598 2296 4638 nos
2341 4578 2668 4636 conﬁtentur
2711 4571 2985 4628 Christum
3025 4567 3078 4618 in
3134 4562 3310 4616 forma
3340 4556 3456 4617 Dei,
3503 4553 3554 4606 id

1953 4685 2062 4732 “est
2112 4675 2164 4730 iu
2216 4669 2518 4728 substantia
2576 4665 2693 4733 Dei,
2744 4661 3136 4718 exsistentetn;
3204 4653 3276 4704 ita
3335 4657 3389 4702 et
3433 4659 3555 4698 cum

1979 4765 2146 4834 servi,
2205 4765 2258 4818 id
2305 4771 2387 4818 est
2438 4769 2623 4815 nostra
2659 4797 2674 4820 ,
2717 4760 2972 4821 suscepta
3031 4747 3229 4809 forma,
3284 4737 3561 4810 peniculus

297 4830 964 4940 ⁸πιστεύοιτοἄνθρωπος,
1028 4830 1090 4918 ὲν
1143 4863 1336 4934 μηδενὶ
1365 4830 1855 4932 ’λειπόμενοςίΚα

1981 4830 2283 4914 credendus
2311 4860 2396 4908 est
2435 4853 2552 4908 sine
2599 4847 2707 4900 ullo
2766 4844 2980 4897 defectu
3030 4841 3212 4892 homo.
3260 4830 3450 4903 itaque
3505 4837 3563 4880 et

296 4969 358 5034 γὶ
383 4982 415 5034 ρ
448 4957 544 5016 οῦν
570 4962 666 5015 καὶ
696 4961 728 5030 ἡ
765 4958 888 5013 καθ’
918 4958 1069 5030 ἡμᾶς
1101 4955 1422 5026 Ἐκκλησία,
1454 4953 1596 5008 κατὰ
1631 4953 1702 5006 τὰ
1728 4951 1878 5006 θειω-

298 5056 411 5120 δῶς
436 5057 572 5126 ἡμῖν
595 5049 1012 5126 παραδεδομένα
1064 5047 1129 5102 ἐκ
1157 5063 1216 5100 τε
1244 5043 1624 5102 ἀποστολικῶν
1674 5059 1880 5115 κηρυγ-

304 5149 494 5218 μάτων
563 5145 659 5200 καὶ
705 5141 989 5212 πατρικῶν
1020 5138 1387 5210 διδαγμάτων,
1433 5135 1738 5207 ἀτρέπτους
1783 5135 1879 5188 καὶ

303 5236 649 5308 ἀσυγχύτους
685 5234 784 5298 τὰς
814 5233 1006 5304 φύσεις
1053 5229 1416 5302 ὁμολογοῦσα,
1445 5227 1542 5281 καὶ
1582 5227 1652 5280 τὰ
1684 5221 1877 5280 ἐκατέὲ

1987 4957 2172 5004 nostra
2213 4943 2476 5008 Ecclesia,
2509 4939 2663 5009 juxta
2699 4935 2844 5005 quod
2900 4931 3058 4986 nobis
3089 4926 3344 4980 divinitus
3391 4919 3560 4974 tradi-

1990 5050 2099 5094 tum
2138 5036 2245 5107 22
2271 5044 2355 5090 est
2385 5034 2451 5086 ab
2496 5027 2812 5100 apostolicis
2842 5018 3318 5094 prmdicntinnilms
3347 5023 3402 5067 et
3450 5011 3555 5064 Pa-

1989 5104 2514 5197 truini—magisteriis,
2550 5116 2996 5175 inconvertibiles
3029 5124 3193 5181 atque
3246 5104 3560 5163 inconfusas

1990 5231 2210 5276 naturas
2267 5216 2569 5280 conﬁtens,
2633 5214 2825 5266 harum
2882 5209 3047 5264 etiam
3100 5201 3382 5269 utriusque
3444 5206 3562 5260 pro-

310 5284 668 5400 91;.206‘30);
702 5284 1004 5396 ιδίώξιᾷὲᾷξ
1044 5284 1191 5376 τοῦθ’
1233 5284 1372 5392 δπερ
1401 5284 1578 5372 Σὲστὶν
1611 5320 1855 5388 ἑκάτεροε

1987 5312 2264 5382 prietales,
2300 5317 2459 5378 prout
2503 5319 2728 5374 quaeque
2759 5319 2820 5358 se
2865 5301 3050 5360 habet,
3101 5295 3302 5348 diserte
3345 5284 3556 5356 procla-

1163 5375 1359 5480 Μάτην
1385 5401 1479 5461 οῦν
1501 5408 1566 5476 τῇ
1607 5407 1735 5478 δόξῃ
1779 5375 1855 5476 τῆ.

1991 5403 2177 5458 mavit.
2209 5399 2430 5455 Frustra
2475 5398 2564 5454 hic
2602 5396 2765 5467 igitur
2797 5388 3169 5449 ecclesiastica
3199 5376 3465 5438 sententia
3503 5375 3569 5428 se‘

2067 5639 2179 5709 (I5)
2215 5639 2373 5709 Deest
2398 5634 2718 5709 ltpelocoiu
2755 5628 2938 5684 codice
2967 5623 3116 5694 μίαν,
3149 5607 3566 5682 ιιιιίεαηιωίίιθ(

394 5661 596 5734 (ιτ-ιι)
634 5641 875 5734 Respicit
897 5634 1232 5734 Nicephorus
1267 5651 1334 5707 ad
1359 5649 1520 5706 Hebr.
1553 5645 1700 5711 xu,i
1737 5661 1749 5695 :
1779 5644 1888 5713 Τὴν

1993 5726 2052 5765 ac
2075 5702 2137 5779 ἰ».
2161 5702 2230 5764 ’19
2256 5708 2383 5779 (col.
2418 5704 2524 5758 εὶΗί
2557 5705 2596 5756 (1
2626 5702 2706 5770 ὦ).

323 5728 704 5806 εὑπερίστατον
733 5728 1028 5802 ἁμαρτίαν.
