3994 6198
361 1273 370 1310 l

361 1321 371 1424 l

385 343 496 410 Ξῖ)

1342 369 1350 380 .
1410 335 1470 394 s.
1509 323 1928 390 NICEPHORI
1961 300 2469 385 PATRIARCH/E
2508 325 2617 386 cr.

3542 315 3650 382 224

395 458 640 513 innixum
675 455 899 526 putabat
935 471 950 507 :
979 465 1103 506 nam
1137 455 1324 503 contra
1351 444 1522 514 ipsam
1545 441 1724 510 potius
1761 437 1964 492 sentire

2102 431 2406 499 Εκκλησίας
2455 429 2832 502 ἐπερείδεσθαι
2903 427 3079 499 ᾤετο·
3156 424 3494 491 ἀπεναντίας
3537 424 3647 498 γὰρ

395 552 486 605 hic
530 561 744 618 quoque
772 542 1138 604 convincitur,
1169 537 1460 608 magistros
1495 548 1630 589 suos
1659 529 1966 599 Acepbalos

393 655 628 712 sequens
655 637 793 710 (ιϐ),
821 649 1048 706 quorum
1081 630 1321 685 nonnulli
1355 635 1582 682 naturas
1607 625 1861 679 videntur
1884 622 1972 675 ad-

393 735 635 798 mittere_
669 729 803 800 (l7),
829 725 1006 802 cuncti
1054 732 1236 777 tamen
1270 719 1484 774 illarum
1534 715 1780 770 l‘nttditus
1838 727 1968 783 pro-

398 826 664 894 prietates
703 823 768 874 de
822 817 1000 871 medio
1031 815 1301 869 tolluntet
1323 811 1560 866 abolent.
1588 809 1725 864 Exin
1771 803 1971 860 mentis

397 930 509 972 suae
556 912 826 966 ﬂammam
861 946 874 966 .
925 906 1209 975 latensque
1265 905 1318 958 in
1374 903 1539 957 animi
1603 896 1972 970 penetralibus

399 1009 581 1061 odium
643 1003 900 1056 adversus
957 999 1253 1070 ﬁgurantcs
1313 995 1576 1063 nobisque
1650 990 1973 1046 exhibentes

402 1095 710 1152 Servatoris
749 1093 918 1147 nostri
970 1091 1170 1146 Christi
1201 1090 1493 1144 humanam
1527 1085 1781 1144 formam,
1817 1091 1970 1138 extra

399 1185 1006 1252 nrdinemabrupteque
1056 1189 1342 1236 ostentans
1401 1178 1760 1232 demonstrat.

1633 1330 1662 1344 θ

476 1479 562 1532 l5.
591 1477 681 1530 Ait
719 1475 860 1529 enim
897 1491 912 1528 :
943 1491 961 1523 ι
999 1469 1221 1526 Etiamsi
1257 1467 1432 1522 omnis
1480 1466 1658 1534 imago
1702 1459 1766 1518 de
1795 1473 1978 1532 proto-

405 1579 536 1638 typo
588 1566 768 1633 aliquo
803 1563 1046 1618 derivata
1099 1559 1464 1628 cognoscitur.
1507 1575 1526 1608 ι
1574 1555 1803 1609 Cuiuatn
1866 1554 1980 1607 haec

406 1655 769 1727 comparanda
802 1655 876 1710 rei
909 1651 1077 1708 sunt?
1112 1651 1216 1706 nisi
1245 1650 1372 1704 illud
1402 1645 1692 1702 dicendum
1710 1653 1812 1707 est,
1837 1642 1979 1712 quod

409 1752 555 1804 velut
577 1763 725 1804 {eatea
768 1745 966 1810 ﬁstula,
996 1743 1208 1800 incluso
1249 1757 1314 1796 ac
1359 1741 1594 1794 violento
1648 1737 1841 1806 Spiritu
1901 1735 1981 1789 vi-

407 1858 561 1896 scera
593 1841 860 1894 distentus
891 1836 1074 1899 fuerit.
1101 1849 1254 1905 atque
1287 1848 1350 1886 ac
1373 1832 1464 1886 ille
1489 1831 1689 1901 loquax
1720 1829 1980 1885 Buzitea‘l

409 1951 534 1988 cum
563 1933 628 1986 ad
653 1945 908 2002 magnum
940 1931 1183 1984 Ausitem
1212 1925 1575 1995 inerepatoria
1607 1923 1775 1978 verba
1804 1923 1984 1977 inten-

409 2025 595 2078 debat.
625 2021 739 2078 Non
763 2021 906 2075 enim
940 2017 1117 2089 potuit
1143 2017 1424 2071 Mamonas
1466 2013 1731 2070 malitiam
1781 2011 1985 2068 diutius

411 2119 553 2170 intra
608 2129 668 2168 se
715 2113 915 2168 celare.
939 2111 1092 2168 Nunc
1149 2124 1311 2180 quem
1347 2108 1439 2162 diu
1468 2105 1985 2176 parturiebatacer-

410 2221 540 2261 num
596 2205 891 2275 impietatis
949 2203 1204 2257 abortum
1265 2199 1476 2264 eﬂudit,
1502 2207 1558 2254 et
1602 2211 1766 2267 quam
1823 2205 1984 2250 antea

411 2301 513 2354 sub
561 2297 926 2353 simulationis
979 2295 1402 2367 peripetasmate
1457 2291 1640 2351 velare
1702 2289 1988 2345 videbatur

413 2391 838 2461 itrprobitatem,
871 2389 1086 2441 demum
1133 2385 1397 2440 excrevit.
1438 2385 1614 2452 Atque
1653 2384 1758 2445 his,
1792 2395 1987 2450 quant-

413 2483 496 2536 vis
527 2479 794 2536 orationis
829 2479 1050 2547 sequela
1095 2477 1316 2532 minime
1349 2474 1670 2544 postularet,
1696 2473 1990 2542 incongrue

415 2573 576 2627 dictis
603 2572 758 2636 1satis
837 2569 1072 2625 ostendit

415 2666 599 2721 nuisse
631 2681 694 2718 ea
729 2662 892 2717 etiam
951 2675 1074 2731 quae
1105 2669 1266 2714 antea
1309 2657 1620 2714 simulabat.
1652 2654 1720 2709 Et
1772 2655 1990 2724 quidem

427 2767 620 2812 venter
680 2755 797 2826 eius
832 2753 1226 2822 dirumpendus
1269 2758 1410 2814 erat,
1464 2749 1568 2803 nisi
1620 2750 1760 2802 hanc
1807 2761 1992 2800 vocem

415 2850 582 2906 etiam
624 2856 781 2902 extra
823 2846 1067 2920 grdinem
1101 2843 1524 2911 exprontpsisset
1557 2838 1816 2910 extraque
1871 2841 1994 2894 bar-

419 2941 658 2994 tnoniam
689 2947 746 2993 et
777 2936 1020 3006 dispositi
1044 2936 1311 2990 sermOnis
1335 2935 1552 2987 seriem.
1585 2931 1740 2986 Brevi
1769 2931 1910 2986 enim
1943 2931 1995 2984 in

421 3048 582 3088 scena
641 3029 882 3100 jocatus,
913 3037 970 3082 et
1009 3027 1124 3096 ejus
1164 3027 1306 3106 quod
1355 3026 1548 3094 agebat
1579 3021 1842 3078 dramatis
1867 3036 1998 3075 conc

1142 2567 1353 2622 nonnisi
1391 2565 1442 2619 vi
1497 2566 1638 2618 intra
1697 2578 1757 2618 se
1802 2557 2014 2617 couti-'

2067 522 2242 594 ταύτῃ
2277 523 2380 576 κάν
2407 521 2620 585 τούτοις
2643 519 2884 586 δοξάζων
2906 519 3214 590 ἐλέγχεται,
3241 519 3357 582 τοῖς
3389 517 3653 572 διδασκά-

2069 613 2183 674 λοις
2211 611 2376 665 αὐτοῦ
2406 613 2523 674 τοῖς
2569 610 2893 680 Ἀκεφάλοις
2935 610 3226 680 ἑπόμενος,
3255 601 3332 663 ὧν
3367 623 3518 673 τινες
3546 605 3650 672 τὰς

2071 701 2264 772 φύσεις
2309 701 2528 757 δοκοῦσι
2567 701 2846 772 δέχεσθαι,
2905 701 3110 765 πάντες
3165 701 3224 754 δὲ
3269 699 3340 754 τὰ
3374 699 3649 772 ἰδιώματα

2071 793 2253 848 αὐτῶν
2273 794 2466 866 πάντηξ
2479 791 2768 866 ἀναιροῦσι
2788 792 2885 846 καὶ
2913 791 3396 863 παραγράφονται.
3426 791 3646 845 Ἐντεῦε-

2074 884 2167 938 θεν
2187 884 2250 939 τὸ
2275 884 2614 955 φλεγμαῖνον
2638 883 2740 954 τῆς
2765 882 3013 954 γνώμης,
3032 884 3129 936 καὶ
3162 883 3262 955 τὴν
3281 881 3650 954 ύποικουροῦο

2076 995 2177 1033 σαν
2202 980 2262 1032 ἐν
2285 977 2364 1048 τῷ
2395 977 2549 1049 βάθει
2577 977 2676 1047 τῆς
2714 975 2916 1046 ψυχῆς,
2965 974 3110 1028 κατά
3157 973 3266 1026 τῶν
3305 991 3653 1045 χαρακτηρι-

2077 1069 2278 1132 ζόντων
2328 1069 2426 1122 καὶ
2469 1067 2886 1138 ἐμφανιζόντων
2936 1067 3073 1135 ἡμῖν
3129 1065 3191 1118 τὸ
3241 1063 3336 1118 τοῦ
3393 1065 3653 1136 Σωτῆρος

2079 1159 2236 1231 ἡμῶν
2292 1157 2532 1230 Χριστοῦ
2565 1157 2899 1230 ἀνθρώπεια
2947 1151 3086 1218 εἶδος
3113 1155 3464 1226 δυσμένειαν,
3514 1155 3654 1210 ἀτά-

2080 1267 2220 1312 κτως
2253 1265 2371 1313 πως
2405 1249 2500 1301 καὶ
2541 1247 2936 1320 ἀσυναρτήτως
2965 1241 3336 1315 ἐκπομπεύων
3387 1241 3655 1315 παραδεί-

2061 1361 2256 1408 ,κνυσι.

2153 1464 2240 1525 ιγ’.
2299 1455 2439 1527 Φησὶ
2486 1454 2612 1524 γάρ·
2657 1470 2676 1504 (
2719 1449 2840 1504 Κᾶν
2892 1449 3044 1504 πᾶσα
3097 1447 3262 1502 είκὼν
3312 1446 3656 1518 παράγωγος

2080 1547 2444 1618 πρωτοτύπου
2471 1543 2616 1608 τινος
2646 1539 2998 1612 γνωρίζεται.
3041 1558 3060 1591 ι
3104 1537 3227 1592 Τίνι
3251 1537 3428 1592 ταῦτα
3461 1554 3649 1608 παρα-

2083 1616 2342 1710 ϐλητέονς
2366 1637 2400 1708 ἢ
2432 1638 2610 1690 ἐκεῖνο
2641 1633 2856 1706 ῥητέον,
2879 1633 2962 1685 ὅτι
2983 1629 3229 1701 χαλκέως
3257 1630 3316 1682 ἐν
3349 1629 3448 1696 τσῳ
3475 1616 3684 1696 φύσῃ-ι’

2082 1731 2208 1803 τῆρι
2238 1729 2342 1784 ὑπὸ
2371 1728 2465 1782 τοῦ
2487 1725 2898 1798 ἐμφωλεύοντος
2921 1723 3017 1777 καὶ
3036 1721 3318 1784 ὀλέκοντος
3342 1721 3657 1790 πνεύματος

2082 1819 2152 1872 τὰ
2197 1818 2482 1888 σπλάγχνα
2516 1812 2986 1886 περιτεινόμενος,
3035 1809 3156 1864 κατ’
3208 1811 3421 1863 ἐκεῖνον
3457 1807 3522 1879 δὴ
3564 1807 3659 1860 τὸν

2083 1909 2346 1982 Βουζίτην
2387 1907 2477 1962 τὸν
2503 1906 2686 1970 λάλον,
2723 1903 2890 1975 ἡνίκα
2918 1901 2998 1972 τῷ
3046 1899 3255 1972 Αὺσίτῃ
3299 1899 3377 1970 τῷ
3427 1899 3654 1970 μεγάλῳ

2085 1999 2630 2073 ἐπιπληκτικώτερόν
2657 2013 2776 2060 πως
2797 1993 3233 2066 προσδιελέγετο.
3266 1993 3344 2044 Οὐ
3365 1989 3476 2062 γὰρ
3494 1989 3653 2044 ἔσθε-

2087 2113 2176 2150 νεν
2229 2093 2308 2147 ἐτι
2339 2091 2618 2164 κρύπτεινι
2639 2088 2792 2151 ἐντὸς
2815 2085 2915 2156 τὴν
2945 2084 3299 2156 κακοήθειαν.
3356 2082 3475 2136 Νῦν
3515 2083 3658 2152 ὅπερ

2088 2189 2257 2244 πάλαι
2278 2186 2434 2240 ὤδινε
2487 2181 2684 2254 πικρὸν
2707 2181 2808 2252 τῆς
2824 2176 3080 2240 ἀσεϐείας
3098 2175 3192 2245 eas,
3203 2175 3420 2247 μϐλωσε
3449 2173 3662 2245 κύημα,

2089 2283 2184 2335 καὶ
2206 2279 2272 2350 ἢν
2304 2277 2436 2348 πρὶν
2458 2275 2565 2329 ὑπὸ
2595 2271 3070 2344 παραπετάσματι
3093 2271 3116 2303 ⁸
3136 2267 3216 2338 τῷ
3238 2267 3526 2336 πλάσματι
3559 2281 3666 2318 κα-

2072 2364 2402 2435 ’τασκιάζειν
2431 2366 2610 2422 ἐδόκει
2664 2363 2933 2435 πονηρίαν
2983 2361 3288 2433 ἐκρήγνυσι
3319 2373 3333 2388 ·
3378 2355 3668 2412 καὶταῦτα

2095 2465 2228 2537 μηδέ
2273 2461 2375 2532 τῆς
2403 2458 2730 2522 ἀκολουθίας
2755 2455 2850 2510 τοῦ
2879 2455 3042 2524 λόγου
3083 2451 3388 2524 φερούσης,
3416 2447 3664 2503 ἀκαταλ-

2092 2536 2269 2628 λήλως
2315 2551 2666 2622 ἐκτιθέμενος
2691 2565 2704 2578 ο
2729 2547 2948 2609 δεικνὺς
2974 2544 3072 2599 καὶ
3108 2541 3388 2604 ἐντεῦθεν,
3443 2539 3526 2593 ὅτι
3573 2536 3666 2607 βίᾳ

2095 2652 2346 2720 κατεῖχεν
2372 2647 2430 2698 ἐν
2463 2641 2662 2713 ἐαυτῷ,
2698 2640 2792 2694 καὶ
2837 2637 2874 2692 ἃ
2919 2634 3291 2706 προλεχθέντα
3331 2629 3484 2700 αὐτῷ
3519 2645 3664 2699 παρ-

2096 2741 2392 2797 επλάσιτο.
2415 2737 2528 2791 Καὶ
2560 2735 2626 2804 δὴ
2659 2733 2724 2786 ἂν
2753 2729 3124 2803 περιερῤὠγει
3151 2723 3318 2780 αὐτοῦ
3357 2725 3393 2792 ἡ
3428 2719 3668 2792 γαστὴρ,

2097 2835 2147 2887 εί
2171 2831 2244 2904 μὴ
2261 2829 2466 2898 ταύτην
2506 2825 2708 2896 έρῥηξε
2753 2822 2854 2893 τὴν
2895 2819 3102 2890 (φωνὴν,
3132 2817 3228 2871 καὶ
3267 2815 3422 2886 πσρὰ
3449 2813 3672 2904 τὴντα-

2101 2901 2205 2987 sui,
2233 2901 2332 2974 καὶ
2359 2917 2513 2988 παρὰ
2545 2917 2645 2986 τὴν
2673 2911 2966 2984 ἁρμονίαν,
3001 2909 3099 2963 καὶ
3121 2907 3274 2979 παρά
3310 2904 3412 2976 τὴν
3443 2901 3675 2958 ἀκολού-

2101 3013 2258 3082 θησιν
2287 3010 2384 3078 τῆς
2409 3005 2506 3060 τοῦ
2535 3005 2697 3074 λόγου
2723 3001 3015 3064 ἐκθέσεως.
3047 2997 3241 3069 Μικρά
3267 2995 3380 3066 γὰρ
3398 2997 3469 3066 τῇ
3499 2995 3674 3064 σκηνῇ

420 3131 638 3196 sumpto
651 3123 787 3190 risu,
812 3120 883 3178 ad
919 3137 1074 3177 suum
1107 3087 1294 3175 rurstis
1319 3119 1590 3187 ingenium
1619 3129 1680 3172 se
1707 3115 1931 3184 recepit.

2103 3101 2469 3176 προσπαίξας,
2497 3097 2592 3151 καὶ
2622 3095 2687 3149 es
2713 3094 2899 3166 δρᾶμα
2945 3091 3086 3160 ὅπερ
3125 3087 3462 3159 ὑπεκρίνατο
3506 3101 3670 3156 μονο-

494 3407 580 3463 ll.
619 3405 1024 3477 Famigeratn‘m
1055 3405 1204 3460 illum
1241 3415 1398 3460 vetus
1438 3402 1848 3476 mythographia
1881 3417 2000 3458 cor-

423 3515 548 3555 vum
577 3508 762 3553 narrat
785 3498 978 3553 alienis
1003 3499 1200 3567 pennis
1228 3505 1482 3552 ornatum
1513 3496 1807 3566 aliquando
1835 3504 2000 3565 atque

425 3591 772 3662 gloriantem,
807 3590 858 3645 in
889 3605 1048 3660 quem
1099 3604 1293 3645 aereus
1337 3589 1554 3658 spirans
1593 3599 1799 3662 _ventus
1853 3603 2004 3643 com-

427 3679 732 3734 mcntitiam
758 3678 1015 3748 dispersit
1045 3675 1467 3742 formositatem,
1495 3659 1718 3746 remque
1767 3677 2001 3730 alienam

431 3772 556 3826 fecit
575 3769 862 3832 evanidam
887 3787 902 3831 ;
929 3785 990 3822 ex
1031 3783 1142 3838 quo
1173 3768 1319 3822 illius
1346 3768 1666 3822 deformitas
1685 3768 1878 3822 deinde
1905 3783 2002 3836 ap-

429 3863 632 3931 paruit.
679 3859 869 3914 Simile
921 3860 1050 3928 quid
1109 3860 1386 3914 Matnouas
1429 3860 1593 3914 etiam
1637 3875 1828 3929 passus
1873 3859 2004 3914 mihi

430 3953 664 4007 videtur.
726 3949 1012 4021 Postquam
1059 3952 1206 4006 enim
1255 3951 1449 4006 alienis
1493 3952 1766 4021 paulisper
1799 3967 1860 4008 se
1915 3967 2007 4024 ve-

431 4045 670 4100 uuStavit
716 4043 861 4096 velut
905 4053 1065 4098 rectae
1117 4041 1239 4117 ﬁdei
1299 4043 1646 4110 dictionibus,
1677 4042 1840 4098 ﬂante
1883 4059 2006 4098 mox

431 4135 743 4191 adversaria
770 4136 842 4196 vi,
872 4151 975 4189 non
1005 4135 1093 4188 diu
1125 4145 1243 4204 post
1273 4136 1554 4190 sententiae
1607 4151 1718 4190 sua:
1774 4137 2008 4206 turpitu-

430 4227 609 4282 dinem
661 4225 988 4296 patefactam
1033 4229 1296 4282 exbibnit.
1329 4225 1519 4282 Nonne
1565 4228 1710 4282 ettim
1753 4228 2010 4282 munibus

431 4330 602 4391 patet,
636 4319 795 4376 abeo
839 4320 1041 4376 Christi
1095 4320 1320 4389 gloriam
1363 4321 1683 4392 oppugnari,
1709 4322 1836 4374 dum
1907 4323 2009 4375 mi-

433 4421 593 4466 natur
651 4427 714 4466 ac
772 4411 957 4466 fremit
1017 4413 1280 4466 adversus
1328 4411 1488 4467 Verbi
1537 4412 2007 4466 incarnationem?

431 4503 870 4574 quandoquidem
895 4506 1130 4559 nondum
1184 4503 1401 4572 incepto
1439 4505 1505 4558 de
1533 4505 1862 4574 imaginibus
1887 4521 2007 4560 ser-

435 4611 613 4662 mone,
647 4611 742 4666 per
761 4611 825 4650 ea
883 4612 1001 4666 qua:
1053 4597 1105 4650 in
1148 4596 1383 4652 medium
1451 4597 1618 4651 verba
1667 4596 1824 4666 jecit,
1881 4605 2010 4652 ante

433 4687 596 4739 etiam
629 4687 940 4755 praeclaram
989 4687 1133 4741 illam
1193 4689 1462 4742 orationis
1487 4698 1850 4756 structuram,
1885 4703 2012 4744 sen-

438 4775 660 4831 tentiam
726 4794 877 4832 suam
940 4781 1138 4837 innuit.
1193 4777 1403 4849 Quippe
1445 4779 1532 4834 hic
1595 4779 2014 4836 animadvertite

435 4864 728 4938 quamna'm
759 4886 953 4927 sensus
995 4873 1378 4929 cohaerentiam
1414 4887 1537 4928 cum
1579 4874 2013 4944 praecedentibus

439 4963 556 5016 hate
610 4964 777 5016 τοι-ιω
851 4967 1120 5022 retineant
1180 4985 1195 5022 :
1245 4983 1368 5023 nam
1431 4969 1498 5023 de
1567 4970 1776 5024 naturis
1851 4979 2012 5024 antea

441 5056 829 5126 hypostasique
857 5057 1088 5126 locutus,
1117 5041 1240 5116 mox
1280 5061 1498 5132 propria
1547 5061 1771 5118 audacia
1820 5061 2018 5116 animi‘

439 5164 548 5218 oue
579 5148 782 5220 impetu
810 5153 1209 5220 instinctus,ad
1238 5141 1832 5225 imaginesinordinate
1863 5165 2016 5209 tran-

441 5238 556 5294 silit
577 5248 633 5295 et
659 5252 948 5312 prototypa
980 5260 996 5298 :
1032 5243 1106 5298 ita
1141 5255 1200 5298 ut
1223 5256 1409 5315 aperte
1461 5245 1823 5318 demonstret,
1845 5255 2015 5302 tounn

512 5423 534 5453 ⁸
572 5420 695 5478 Job.
732 5438 907 5490 xxxii,
947 5423 1001 5476 2.
1082 5425 1102 5456 ⁹
1142 5443 1232 5494 rp.
1263 5441 1454 5497 περιπ.

518 5599 967 5682 ςιὸγᾼρερίιειιοε
994 5603 1603 5682 MunophysltasSyros
1619 5620 1647 5657 a
1669 5580 2017 5674 Conrouymo

449 5671 1094 5752 llyaatttinmtranslatos
1122 5671 1314 5742 quinto
1343 5677 1422 5730 sui
1459 5671 1605 5746 regni
1653 5671 1791 5730 anno
1833 5671 2016 5729 narrat

455 5750 506 5796 tu
537 5740 807 5797 Chronico
841 5740 1219 5810 Theophanes.

2103 3171 2256 3262 νουχὶ
2274 3187 2632 3256 διαγελάσας,
2655 3184 2792 3256 πρὸς
2826 3182 2927 3254 τὴν
2954 3180 3168 3236 οἰκείαν
3201 3175 3377 3251 ῥοπὴν
3405 3171 3678 3236 ἐπανιὼν,

2107 3285 2192 3356 ἐφ’
2215 3281 2406 3337 ἑαυτὸν
2435 3280 2670 3351 γίνεται.

2179 3398 2261 3453 ιδ’.
2291 3395 2397 3450 Τὸν
2417 3390 2888 3466 μυθολογούμενον
2917 3386 3128 3444 κολοιδν
3179 3385 3390 3438 ἐκεῖνον
3411 3383 3446 3452 ή
3473 3378 3683 3435 παλαιὰ

2107 3491 2354 3561 εἰσφέρει
2383 3482 2788 3558 μυθοπλαστία,
2818 3481 3051 3544 ὀθνείοις
3080 3479 3309 3561 πτεροῖς
3334 3473 3681 3543 ἐγκαλλωπι-

2109 3553 2336 3655 ζόμενόν
2375 3553 2489 3643 πως
2551 3577 2648 3631 καὶ
2705 3572 3154 3644 ἐπαγαλλόμενον
3183 3585 3199 3600 ο
3251 3553 3336 3638 ἐξρ⁹
3389 3565 3449 3620 δν
3496 3563 3686 3637 ἀέριόν

2110 3691 2241 3729 ποτε
2276 3671 2590 3745 προσρῆξαν
2619 3665 2860 3738 πνεῦμα,
2885 3663 3210 3718 σκεδάννυσι
3240 3660 3338 3731 μὲν
3363 3659 3467 3728 τὴν
3489 3655 3682 3710 ἐπείσ·

2109 3781 2274 3820 ακτον
2312 3759 2644 3832 εὐμορφίαν,
2677 3757 2775 3812 καὶ
2805 3753 3037 3826 φροῦδον
3091 3753 3239 3808 ποιεί
3269 3749 3331 3804 τὸ
3375 3747 3687 3818 ἀλλότριον,

2111 3855 2321 3911 ἐκεῖθεν
2345 3854 2402 3906 δὲ
2427 3853 2572 3922 αὐτῷ
2594 3851 2654 3905 τὸ
2675 3847 2916 3912 δυσειδὲς
2930 3845 3118 3900 λοιπδν
3142 3842 3509 3912 ἐξελέγχεται.
3533 3838 3692 3908 Τάχα

2109 3968 2164 4004 τι
2199 3947 2586 4018 παραπλήσιον
2631 3943 2728 3997 καὶ
2780 3940 2945 4005 αὐτός
2981 3956 3072 4011 μοι
3134 3933 3466 3990 πεπονθέναι
3519 3929 3690 3984 δοκεῖ.

2126 4039 2455 4112 Ἀλλοτρίοις
2481 4037 2591 4106 γὰρ
2619 4035 2811 4103 ὥσπερ
2852 4034 2952 4102 τῆς
3005 4025 3292 4088 εὐσεϐείας
3320 4025 3378 4078 ἐν
3427 4019 3694 4112 βραχέσιν

2113 4109 2784 4201 ἐαυτὸν-περιμορφὼσας
2813 4123 3018 4191 λόγοις,
3055 4119 3163 4172 ὑπὸ
3203 4117 3303 4187 τῆς
3338 4109 3688 4201 ἐμπνεούσης

2114 4225 2262 4295 αὑτῷ
2292 4199 2542 4284 ἐναντίας
2569 4217 2876 4286 δυνάμεως,
2921 4213 3022 4266 οὐκ
3047 4213 3130 4275 είς
3182 4205 3482 4295 μακρὰνῌτὸ
3497 4199 3696 4295 αἶσχος

2113 4315 2213 4385 τῆς
2234 4289 2437 4366 ’ἑαυτοῦ
2482 4306 2639 4378 δόξης
2673 4304 2900 4374 ἔκδηλον
2937 4299 3364 4385 παρεστήσατο.
3404 4289 3553 4385 Ἆρα
3581 4289 3698 4360 γὰρ

2115 4383 2180 4459 οὖν
2206 4403 2374 4458 πᾶσίν
2415 4403 2534 4454 ἐστι
2563 4391 2904 4466 καταφανὴς,
2934 4384 3010 4463 ’τῇ
3035 4390 3132 4444 τοῦ
3156 4385 3407 4460 Χριστοῦ
3439 4383 3568 4455 δόξῃ
3595 4397 3700 4453 με-

2118 4513 2266 4570 μαχη
2275 4485 2459 4564 μένος,
2493 4485 2734 4545 ἀπειλῶν
2753 4489 2848 4542 καὶ
2871 4485 3090 4558 βρέμων
3114 4482 3256 4536 κατά
3281 4481 3382 4550 τῆς
3404 4479 3500 4532 τοῦ
3517 4475 3700 4544 Λόγου

2117 4567 2480 4660 σαρκώσεως;
2512 4582 2682 4653 ὁτιδὴ
2720 4581 2852 4650 πρὶν
2878 4579 2912 4649 ἢ
2949 4575 3225 4648 κατάρξαι
3263 4571 3356 4626 τοῦ
3389 4570 3520 4640 περὶ
3547 4567 3702 4660 είκό-

2117 4659 2226 4739 νων
2255 4681 2440 4750 λόγου,
2461 4677 2526 4732 δι’
2561 4669 2636 4731 ὧν
2663 4671 2970 4744 ἀπέρριψεν
3011 4671 3068 4724 ἐν
3095 4668 3246 4740 μέσῳ
3280 4663 3565 4738 ῥημάτων,
3597 4659 3704 4729 τὴν

2119 4771 2328 4827 οίκείαν
2357 4771 2452 4824 καὶ
2473 4768 2582 4840 πρὸ
2613 4767 2713 4837 τῆς
2744 4763 2977 4834 ἀρίστης
3004 4759 3226 4829 ἐκείνης
3259 4755 3353 4810 τοῦ
3381 4753 3546 4822 λόγου
3598 4767 3708 4804 κα-

2120 4865 2414 4935 τασκευῆς,
2455 4858 2832 4915 ὑπαινίττεται
2867 4853 3121 4924 γνώμην.
3179 4849 3449 4904 Σκοπεϊτε
3477 4843 3588 4916 γὰρ
3615 4843 3707 4894 ὲν·-

2119 4957 2316 5021 ταῦθα,
2355 4954 2516 5018 ποίας
2559 4948 2882 5012 ἀκολουθίας
2934 4945 3148 5000 ἔννοιαν
3197 4938 3461 5003 διασώζει
3528 4935 3710 4989 ταῦτα

2123 5052 2264 5126 πρὸς
2288 5051 2357 5105 τὰ
2391 5026 2782 5120 προηγούμενα
2807 5059 2820 5073 ·
2851 5043 2910 5094 ἐν
2931 5039 3041 5110 γάρ
3063 5039 3177 5100 τοῖς
3199 5025 3706 5126 προλαϐοῦσι-περί

2121 5119 2184 5201 τέ
2227 5144 2446 5215 φύσεων
2495 5141 2592 5195 καὶ
2628 5136 2984 5196 ὑποστάσεως
3037 5127 3448 5197 διαλεγόμενος,
3503 5119 3712 5215 ἀθρόον

2127 5207 2252 5296 ὑπ’.
2280 5232 2568 5296 αὐθαδείας
2621 5231 2717 5286 καὶ
2761 5223 3070 5299 ἐμπαθείας
3119 5215 3538 5288 ἐκϐιαζόμενος,
3608 5207 3715 5264 ἐπὶ

2197 5597 2310 5667 (l7)
2345 5595 2419 5650 De
2471 5581 3121 5667 inconstantia.quucndi
3157 5571 3717 5667 Acepghalqrumdhélo:

2128 5645 2708 5738 nuit-li'y'siﬁtarum‘circa
2734 5645 3228 5738 Christﬁnaturas,
3258 5645 3359 5738 diu.
3381 5645 3706 5704 Eustathius

2127 5716 2430 5794 ἱίἷὸξὶέἐιίίιέ
2455 5749 2482 5787 a
2514 5745 2597 5787 me
2625 5728 2805 5786 editus
2837 5725 3035 5782 Srriut.
3077 5729 3176 5777 vet.
3203 5716 3243 5774 t.
3275 5716 3386 5774 VII.
