3994 6198
263 225 373 289 225

983 225 1618 291 ANTIRRHETICUS
1655 232 1684 291 ῐ
1744 232 1914 296 ADV.
1955 219 2547 303 CONSTANTINUM
2586 243 2796 308 COPR.

3435 261 3541 325 2‘36

259 340 490 404 εἰκόνας
546 339 814 411 ἀκόσμως
867 341 1172 411 ἀφάλλεται
1218 343 1312 398 καὶ
1352 345 1726 415 πρωτότυπαο
1766 345 1845 400 ἵνα

1964 349 2032 404 ab
2059 364 2125 406 eo
2155 364 2480 409 commotum
2521 371 2855 427 sermonem,
2903 377 2934 416 a
2977 378 3191 421 summo
3222 369 3288 423 ad
3343 368 3534 440 imum,

258 430 417 502 δείξῃ
455 431 650 504 σαφῶς
671 431 749 496 ὼς
772 435 880 496 πᾶς
900 435 930 488 ό
951 436 1314 504 κεκινημένος
1336 435 1486 507 αὐτῷ
1514 437 1694 506 λόγος,
1720 439 1856 510 πρό·-

257 523 425 592 τερός
458 539 519 576 τε
544 523 644 576 καὶ⁸
683 521 938 594 ὕστερος,
975 527 1090 588 τοῖς
1116 526 1283 595 ἱεροῖς
1306 527 1408 595 τῆς
1441 528 1680 593 πιστεως
1701 531 1859 601 ἡμῶν

262 611 566 681 συμϐόλοις
625 612 728 682 τὴν
788 612 919 684 ὃλην
969 612 1064 666 τοῦ
1117 614 1374 685 Σωτῆρος
1407 619 1566 688 ἡμῶν
1617 619 1858 690 Χριστοῦ

260 703 718 774 συγκαθυσρίσαι
741 705 1082 776 οἰκονομίαν.
1111 707 1313 776 μᾶλλον
1343 709 1402 762 δὲ
1433 710 1598 763 αὐτὸν
1620 711 1858 781 Χριστὸν

258 795 564 867 ἀθετήσειν
604 795 918 867 ἐξώρμητο.
976 798 1158 864 ’Δπαξ
1212 794 1308 853 οῦν
1353 801 1601 854 τοιούτου
1652 803 1858 857 σκοποῦ

258 887 687 958 ἀπαρξάμενος,
720 888 1096 960 ἐμφιλοχωρεῖ
1121 891 1331 957 λοιπὸν,
1371 893 1560 957 δεινῶς
1599 893 1741 963 ἀγαν
1767 897 1858 950 καὶ

261 978 515 1049 δριμέως
548 981 616 1033 τὰ
644 981 746 1050 τῆς
769 981 1072 1052 διασκευῆς
1095 981 1190 1036 τοῦ
1221 982 1383 1052 λόγου
1409 983 1855 1056 διεργαξόμενος.

264 1071 363 1141 Τῷ
392 1071 672 1144 καοολικῷ
722 1074 782 1128 δὲ
815 1075 1234 1147 προσδιορισμῷ
1283 1078 1572 1148 κὲχπται,
1602 1080 1711 1134 ἀπὸ
1761 1079 1856 1133 τοῦ

259 1163 450 1217 δοκεῖν
481 1166 614 1237 περὶ
648 1165 832 1235 πάσης
853 1169 1068 1231 εἰκόνος
1121 1168 1216 1223 τὸν
1248 1169 1412 1238 λόγον
1442 1172 1738 1234 ποιεῖσθαι,
1765 1173 1858 1227 ἀν-

261 1253 520 1321 ύποπτος
546 1259 658 1321 τοῖς
679 1257 897 1322 πολλοῖς
926 1259 1168 1323 ἔσεσθαι,
1201 1258 1460 1330 λέγεσθαι
1497 1261 1554 1316 δὲ
1581 1265 1712 1336 περὶ
1733 1265 1854 1318 ὅτου

262 1349 426 1420 αὗτῷ
454 1349 523 1404 τὰ
552 1349 654 1419 τῆς
687 1349 938 1419 σκέψεως
979 1351 1290 1422 πρόκειται.

346 1447 430 1492 ιε’.
462 1439 688 1507 Εἰσάγει
703 1438 839 1507 γοῦν
865 1440 1031 1504 εὐθύς
1051 1457 1065 1470 ο
1091 1460 1111 1492 ι
1143 1441 1253 1494 Καὶ
1276 1443 1324 1494 εἰ
1357 1441 1540 1506 καλῶς
1569 1443 1856 1513 ὀμοούσιον

263 1529 445 1600 αὐτὴν
482 1527 622 1584 εἶναι
646 1529 741 1584 τοῦ
781 1531 1224 1600 εἰκονιζομένου.
1263 1551 1281 1584 ι
1315 1533 1528 1587 Οὐκοῦν
1553 1533 1616 1588 τὸ
1662 1535 1852 1599 ἁπλῶς

265 1603 639 1686 εἱκονίζεσοαι
667 1623 758 1677 τὸν
789 1625 1028 1695 Χριστὸν
1057 1625 1118 1677 οὐ
1150 1625 1408 1690 κωλύεις,
1437 1627 1526 1681 διὰ
1557 1629 1615 1681 δὲ
1647 1629 1710 1681 τὸ
1733 1630 1855 1682 ἑτε-

1961 455 2064 492 una
2091 457 2212 495 cum
2241 445 2414 498 sacris
2444 445 2564 500 ﬁdei
2593 459 2792 505 nostra:
2822 452 3080 523 symbolis
3115 457 3386 514 universtc
3412 461 3539 515 Ser-

1959 532 2164 587 valoris
2197 535 2366 588 nostri
2412 535 2613 592 Christi
2660 543 2978 600 oeconomiae
3013 549 3396 604 contumeliam
3453 553 3538 607 fa-

1960 623 2238 686 cerc,imo
2287 625 2352 676 ad
2419 626 2588 695 ipsius
2637 627 2838 686 Christi
2882 635 3266 691 exterminium
3300 651 3540 694 conten-

1960 711 2107 766 dere.
2141 711 2317 769 Semel
2345 715 2521 786 itaque
2550 721 2883 788 propositum
2933 724 3034 780 hoc
3087 725 3383 798 ingressus,
3418 745 3539 799 per.

1959 811 2065 854 stat
2089 804 2364 873 deinceps,
2393 817 2446 861 et
2477 809 2740 865 violenter
2777 814 3065 871 admodum
3099 833 3164 873 ac
3205 811 3540 876 truculentcr

1959 896 2227 949 sermonis
2285 898 2364 951 sui
2418 903 2870 970 compositionem
2926 909 3534 978 erseqnitnr.Gencrali

1959 986 2139 1038 autem
2171 985 2490 1044 deﬁnitione
2521 993 2714 1056 utitur,
2745 1003 2802 1048 ut
2829 1012 2950 1050 cum
2985 999 3052 1054 de
3097 999 3332 1071 imagine
3362 1003 3537 1071 quali-

1959 1074 2049 1129 bet
2069 1077 2230 1132 verba
2259 1079 2436 1136 facere
2467 1082 2734 1149 videatur,
2773 1085 2954 1142 multis
2977 1105 3080 1143 non
3111 1091 3183 1146 sit
3217 1104 3532 1163 suspectus;

1962 1183 2138 1236 neque
2161 1171 2343 1246 secius
2368 1181 2549 1229 tamen
2583 1177 2648 1231 de
2673 1191 2730 1233 re
2753 1177 2841 1232 illa
2873 1180 3038 1246 dicat,
3083 1197 3246 1252 quam
3279 1185 3382 1240 sibi
3424 1197 3536 1241 tra-

1962 1260 2212 1314 ctandam
2258 1265 2563 1334 proposuit.

2029 1439 2134 1510 23
2157 1440 2241 1494 ιε.
2277 1442 2474 1499 Statim
2509 1461 2640 1518 ergo
2676 1453 3026 1522 prosequitur
3059 1473 3072 1509 :
3101 1475 3120 1508 ι
3147 1457 3206 1510 Et
3228 1459 3272 1512 si
3313 1461 3448 1514 bene
3477 1475 3536 1514 se

1959 1531 2158 1594 habet.
2224 1534 2394 1604 ipsam
2443 1551 2564 1592 esse
2621 1544 3141 1601 censubstantialem
3178 1550 3226 1603 ei
3283 1552 3360 1605 rei
3407 1567 3529 1619 qua:
3578 1575 3596 1591 ο

1959 1622 2242 1693 ﬁguratur.
2284 1645 2304 1679 ι
2343 1627 2484 1698 Ergo
2513 1631 2834 1702 simpliciter
2863 1635 3080 1706 ﬁgurari
3117 1639 3397 1697 Christum
3427 1660 3533 1697 non

270 1713 526 1783 ροούσιον
557 1713 654 1768 τοῦ
691 1715 1101 1785 εἰκονίσματος.
1137 1717 1368 1788 Ἕτερον
1396 1718 1506 1790 γὰρ
1533 1720 1561 1772 ό
1591 1721 1845 1791 Χριστὸς¹

1957 1713 2188 1780 impedis
2243 1717 2336 1771 sed
2363 1717 2482 1772 ideo
2505 1730 2712 1774 tantum
2743 1723 2869 1790 quia
2907 1725 2993 1780 ille
3038 1727 3251 1784 diversa
3283 1731 3536 1786 substan-

267 1808 366 1860 καὶ
387 1805 580 1878 ἕτερον
619 1808 681 1860 τὸ
709 1809 809 1880 τῆς
843 1807 977 1880 ὕλης
1031 1808 1091 1874 ἐξ
1122 1803 1191 1880 ἧς
1217 1811 1620 1868 ἀπεικόνισται.
1666 1813 1857 1867 Ταῦτα

265 1899 326 1953 δὲ
359 1899 613 1952 εὐθύνειν
647 1895 760 1971 ἄρα
806 1900 867 1954 ού
912 1901 1358 1971 καταγέλαστον;
1397 1905 1460 1956 Ἀ
1498 1903 1608 1972 γὰρ
1652 1903 1758 1958 οὐδ’
1787 1903 1856 1958 ἂν

267 1990 379 2044 τῶν
409 1992 520 2046 ἀπὸ
551 1994 649 2064 τῆς
689 1993 901 2064 σκηνῆς
932 2011 1016 2057 τις
1047 1995 1080 2064 ἦ
1109 1994 1218 2049 τῶν
1249 1995 1313 2049 ὲκ
1346 1996 1597 2064 τριόδων,
1631 1995 1728 2060 οῦς
1757 1997 1854 2050 ἐπὶ

271 2084 479 2156 κόρρης
541 2085 592 2137 οἰ
664 2084 852 2138 πολλοὶ
910 2085 1348 2152 ὲπιτωθάζοντες
1421 2087 1642 2142 παίουσι
1707 2105 1852 2157 παρ-

269 2175 600 2244 εφθέγξατο,
642 2171 802 2240 οὗτος
846 2181 912 2250 τῇ
951 2178 1090 2250 μέθη
1129 2179 1231 2246 τῆς
1258 2179 1517 2242 ἀπιστίας
1547 2179 1851 2250 ἐκϐακχευ-

267 2265 407 2330 ὓεὶς,
444 2267 545 2320 καὶ
569 2267 651 2337 τῷ
682 2267 880 2339 κράτει
901 2269 1002 2346 τῆς
1028 2269 1286 2335 ἀσεϐείας
1312 2270 1702 2342 ἑξοιστρηθεὶς,
1748 2289 1854 2324 πα-

269 2359 641 2432 ραπεφὼνηκε
657 2378 672 2393 ’
703 2362 962 2434 τερθρεία
984 2363 1096 2432 γὰρ
1117 2363 1217 2434 ἤδη
1241 2363 1420 2425 ταυτὶ,
1446 2364 1541 2416 και
1569 2362 1852 2434 τηνάλλως

263 2452 695 2523 ἐκπεπονημένα
722 2453 895 2524 αὐτῷ.
939 2454 1084 2507 Ἀλλ’
1137 2454 1245 2507 είσί
1292 2471 1438 2518 τινες
1467 2455 1562 2508 ἐπὶ
1593 2455 1851 2508 τοσοῦτον

262 2543 520 2615 ἀμαθίας
549 2545 648 2598 καὶ
700 2544 926 2616 ἀλογίας
953 2547 1202 2617 ἥκοντες,
1260 2545 1337 2611 ὡς
1393 2545 1606 2600 οἴεσθαι
1665 2546 1850 2609 αὐτοῖς

240 2634 568 2708 ὶνορᾶσθαι
591 2636 752 2705 λόγου
785 2654 840 2690 τι
874 2637 1042 2703 ἀξιον.
1066 2639 1159 2692 Διὸ
1201 2637 1513 2707 ἀναγκαίαν
1541 2636 1849 2707 ποιούμεθα

259 2728 364 2781 οῦκ
389 2729 484 2782 ἐπ’
513 2727 838 2796 ἀναγκαίοις
862 2728 961 2800 τὴν
995 2729 1268 2795 ἐξέτασιν.
1303 2730 1368 2783 Ti
1412 2729 1521 2801 γάρ
1556 2729 1666 2784 τῶν
1691 2731 1848 2800 εἰρη-

261 2817 450 2887 μένων
487 2817 860 2890 ἀλογώτερον,
891 2819 925 2890 ἢ
954 2820 1442 2892 ἀδιανοητότερον;
1473 2820 1608 2874 Ούὸὲ
1639 2821 1747 2892 γὰρ
1781 2819 1848 2874 ἂν

257 2907 346 2980 ετη
375 2907 555 2962 ταῦτα
580 2909 689 2964 τῶν
728 2909 1017 2974 σωζόντων
1043 2911 1104 2965 τὸ
1147 2913 1208 2965 ἐν
1231 2912 1502 2975 διανοίαις
1526 2911 1843 2966 ἀκόλουθον.

257 3001 325 3054 Εἰ
370 3001 475 3070 μὲν
530 3001 642 3073 γὰρ
678 3003 806 3074 περὶ
839 3003 1082 3074 φυσικῆς
1116 3003 1346 3110 εἰκόνος,
1384 3003 1531 3110 ἥπερ
1558 3003 1624 3074 δὴ
1662 3005 1729 3074 τῇ
1754 3020 1844 3110 τε·
1871 3050 1916 3110 c

257 3095 438 3163 κνητῇ
477 3093 1009 3158 ἀντιδιαστέλλεται,
1051 3093 1346 3164 προύκειτο
1385 3094 1534 3165 αὐτῷ
1557 3097 1585 3148 ό
1619 3095 1844 3161 σκοπὸς,

255 3183 458 3238 ὁποίαν
494 3180 635 3238 εἶναι
665 3183 761 3238 τοῦ
785 3185 1002 3257 Πατρὸς
1028 3185 1266 3255 λέγομεν
1290 3185 1382 3238 τὸν
1409 3185 1562 3248 Υἰὺν,
1595 3185 1846 3240 εύώδωτο

259 3275 329 3328 ἂν
363 3275 519 3346 αὐτῷ
551 3293 670 3340 πως
707 3277 841 3340 ἴσως
873 3280 902 3331 ό
933 3278 1122 3346 λόγος·
1158 3278 1410 3332 διέπιπτε
1439 3277 1497 3331 δὲ
1532 3277 1594 3330 τὸ
1626 3278 1684 3330 ὲν
1719 3277 1846 3330 τού-

259 3385 374 3432 τοις
404 3369 656 3439 ἀνοήτως
685 3370 1224 3440 παραλαμβάνεσθαι
1254 3369 1316 3422 τὺ
1350 3368 1709 3438 ἀπείκασμα·
1752 3370 1846 3422 οὐ·
1893 3388 1896 3392 '

257 3460 350 3512 δὲν
369 3459 482 3530 γάρ
513 3459 698 3528 δεήσει
747 3461 1183 3532 ἀπεικασμάτων
1226 3461 1468 3517 ἐνταῦθα
1503 3460 1601 3516 καὶ
1643 3477 1843 3530 στοχα-

261 3551 514 3618 σμάτων.
557 3552 674 3606 Οὐκ
708 3551 860 3606 ἔστιν
901 3549 996 3607 οὖν
1041 3553 1136 3606 ἐπὶ
1190 3553 1396 3608 τούτων
1448 3554 1844 3624 ἀπεικάσματα

259 3639 480 3708 λέγειν’
511 3641 922 3713 ἀσυνετώτερον
967 3643 1078 3716 γὰρ
1137 3645 1235 3698 καὶ
1291 3645 1652 3714 ἀσεϐέστερον
1685 3643 1846 3698 τοῦτο

260 3733 528 3805 μᾶλλονῆ
559 3736 758 3790 ἐκεῖνο.
787 3735 899 3790 Καὶ
924 3737 1084 3806 δῆλον
1115 3740 1262 3791 ποιεῖ
1293 3737 1486 3792 ἑαυτὸν
1523 3737 1584 3804 ἐξ
1615 3737 1842 3792 ἀλλοκό-

254 3843 368 3880 των
398 3827 497 3880 καὶ
520 3827 858 3898 ἀσυμϐάτων
878 3828 970 3883 τδν
1005 3827 1168 3898 λόγον
1198 3831 1484 3902 προάγων.

331 4011 433 4070 ις’.
463 4002 584 4057 Νῦν
614 4003 671 4057 δὲ
707 4002 900 4074 ἐπειδὴ
927 4003 1055 4076 περί
1070 4003 1504 4075 ἀπεικασμάτων
1538 4003 1632 4059 καὶ
1649 4022 1842 4076 τεχνη-

248 4096 369 4149 τῶν
408 4094 638 4149 εἰκόνων
664 4094 694 4146 ό
723 4094 882 4162 λόγος
911 4093 1064 4164 αὐτῷ
1094 4096 1404 4166 κεκίνηται,
1441 4095 1588 4166 ἅπερ
1627 4095 1685 4160 ἐξ
1704 4096 1840 4165 ὕλης

249 4186 634 4256 ὑποκειμένης
662 4185 860 4255 τέχνης
901 4202 959 4238 τε
991 4187 1087 4238 καὶ
1121 4188 1220 4257 τῆς
1257 4185 1353 4240 τοῦ
1391 4187 1669 4256 μετιόντος
1706 4187 1840 4242 ταύ-

247 4295 358 4351 την
391 4279 626 4349 εὐφυΐας
673 4279 1044 4346 ἀποτελεῖται,
1086 4280 1172 4344 τίς
1227 4280 1336 4334 τῶν
1385 4275 1446 4334 εὖ
1493 4281 1838 4352 φρονούντων

1959 1799 2031 1852 tia
2053 1811 2134 1855 est
2160 1803 2228 1858 ab
2252 1804 2485 1875 imagine
2520 1808 2764 1878 ﬁgurata.
2785 1811 2946 1866 Aliud
2975 1817 3121 1870 enim
3152 1829 3233 1873 est
3260 1821 3532 1887 Christus,

1955 1891 2102 1946 aliud
2131 1896 2355 1950 materia
2393 1912 2458 1952 ex
2498 1915 2600 1968 qua
2640 1902 2686 1957 is
2718 1902 3006 1974 ﬁguratur.
3042 1908 3170 1964 "me
3203 1927 3331 1965 vero
3364 1928 3393 1966 a
3436 1929 3536 1968 no-

1955 1981 2039 2036 bis
2072 1985 2358 2054 redargui,
2401 2004 2581 2045 nonne
2627 2007 2838 2050 summe
2871 1998 3156 2054 ridiculum
3219 2002 3334 2056 sit?
3389 2003 3526 2058 Nam

1953 2087 2075 2143 qua:
2107 2091 2174 2130 ne
2219 2077 2414 2134 mimus
2442 2082 2659 2148 quidem
2707 2089 2979 2155 quispiam
3019 2093 3270 2155 dixisset,
3323 2107 3415 2149 aut
3462 2097 3532 2153 de

1955 2165 2114 2220 trivio
2143 2166 2342 2238 aliquis
2384 2170 2598 2226 illorum
2624 2190 2760 2242 quos
2797 2178 2848 2230 in
2894 2181 3143 2236 maxillas
3191 2185 3343 2239 tnttlti
3391 2187 3534 2241 ludi-

1953 2255 2120 2310 bundi
2170 2257 2501 2323 verberant,
2555 2248 2644 2318 hic
2691 2267 3088 2327 incredulitatis
3135 2277 3357 2344 crapula
3408 2280 3533 2333 hac-

1951 2343 2144 2406 chans;
2177 2355 2230 2400 et
2261 2346 2559 2416 impietatis
2587 2360 2939 2422 prtepotentia
2983 2361 3033 2416 in
3069 2343 3311 2420 furorem
3340 2379 3530 2429 actus.

1952 2435 2058 2488 alta
2089 2451 2220 2492 voce
2241 2440 2620 2508 proclamavit.
2650 2445 2814 2516 Atqui
2837 2467 2990 2521 nugte
3017 2453 3098 2508 hic
3117 2469 3265 2521 sunt,
3297 2465 3540 2530 vanique,

1951 2526 2168 2583 labores
2186 2529 2326 2600 ejus.
2361 2530 2469 2587 Sed
2503 2546 2630 2590 sunt
2671 2541 2912 2595 nonnulli
2945 2545 2998 2598 in
3038 2554 3246 2602 tantum
3304 2526 3531 2608 inscitia:

1949 2628 2114 2687 atque
2160 2620 2530 2693 incogitantia
2577 2632 2861 2694 provecti.
2893 2645 2952 2686 ut
2989 2649 3048 2688 se
3092 2649 3279 2705 putent
3323 2642 3530 2713 aliquid
3629 2701 3641 2713 ,

1950 2712 2002 2766 in
2023 2713 2107 2768 his
2141 2713 2278 2784 frugi
2313 2731 2560 2773 cernere.
2613 2721 2736 2777 Ideo
2762 2739 2859 2778 nos
2888 2731 3260 2784 necessariam
3292 2712 3532 2790 institui-

1947 2819 2070 2860 mus
2126 2805 2180 2860 in
2240 2823 2297 2862 re
2330 2809 2550 2865 minime
2603 2816 2910 2870 necessaria
2956 2822 3336 2888 quzrstioucm.
3387 2824 3526 2894 Quid

1945 2898 2090 2954 enim
2138 2898 2223 2955 bis
2264 2900 2426 2956 dictis
2457 2904 2750 2960 absurdius
2785 2919 2877 2961 aut
2907 2909 3338 2982 incogitantius?
3365 2917 3528 2974 Certe

1947 2987 2090 3042 haud
2146 2990 2425 3045 hominum
2481 2993 2594 3050 haec
2642 2999 2808 3054 verba
2857 3010 3018 3068 sunt,
3055 3017 3145 3072 qut
3188 3007 3522 3076 cogitantum

1947 3091 2167 3133 suorum
2205 3095 2404 3136 nexum
2437 3084 2726 3140 retineant.
2764 3087 2898 3142 Nam
2936 3092 2980 3144 si
3019 3093 3084 3146 de
3114 3098 3346 3152 naturali
3387 3100 3523 3165 inta-

1948 3171 2094 3238 gine,
2129 3183 2400 3242 quatenus
2451 3177 2729 3234 artiﬁciali
2780 3184 3106 3252 oppetiitur,
3160 3189 3320 3244 verba
3370 3193 3522 3259 facit,

1945 3263 2157 3332 qualem
2188 3263 2368 3320 Patris
2403 3268 2690 3339 imaginem
2721 3289 2842 3328 esse
2886 3275 3082 3332 Filium
3114 3281 3368 3340 dicimus.
3407 3284 3519 3339 for-

1945 3362 2090 3410 tasse
2114 3371 2295 3412 sermo
2322 3359 2439 3425 eius
2472 3373 2618 3417 recte
2639 3379 2698 3418 se
2729 3367 2967 3423 habebit.
2993 3370 3153 3426 Errat
3195 3388 3374 3430 autem
3393 3378 3521 3432 dum

1944 3444 2124 3516 inepte
2195 3449 2247 3502 in
2303 3451 2387 3505 his
2433 3453 2709 3510 simulacri
2791 3475 2986 3516 nomen
3059 3471 3320 3535 usurpat';
3389 3471 3521 3523 nihil

1942 3539 2086 3592 cnim
2123 3539 2210 3594 hic
2254 3555 2391 3610 opus
2423 3554 2509 3598 est
2553 3546 2863 3604 simulacris
2899 3561 2991 3606 aut
3028 3559 3520 3624 arguuteutatimti-

1941 3629 2061 3686 bus.
2108 3629 2328 3688 Frustra
2374 3635 2540 3705 igitur
2589 3639 2691 3695 hoc
2721 3639 2840 3696 loco
2893 3644 3308 3704 simuiacrorum
3362 3666 3517 3706 men-

1941 3718 2018 3774 tio
2051 3721 2113 3776 ﬁt
2156 3738 2171 3778 :
2223 3739 2453 3795 namque
2490 3727 2592 3784 hoc
2619 3745 2728 3800 prae
2763 3732 2855 3787 illo
2892 3737 3115 3794 stultius
3147 3747 3199 3792 et
3253 3741 3519 3812 irreligio-

1939 3812 2054 3868 sius
2081 3823 2183 3868 est.
2211 3813 2279 3871 Et
2305 3819 2526 3874 omnino
2572 3820 2752 3890 palam
2808 3823 2940 3881 facit
2980 3842 3040 3884 se
3070 3843 3136 3884 ex
3184 3831 3437 3890 absurdis
3465 3846 3521 3890 et

1941 3903 2426 3976 incongruentibus
2475 3927 2780 3971 sermonem
2844 3929 3160 3978 contexere.

2009 3997 2096 4053 16.
2143 3999 2294 4058 Nunc
2319 4005 2577 4072 quoniam
2608 4006 2674 4062 de
2701 4008 3017 4068 simulacris
3053 4025 3216 4084 atque
3249 4017 3517 4072 artiﬁcia.

1939 4087 2425 4162 libusimagiuibus
2458 4111 2640 4152 sermo
2674 4100 2744 4153 ab
2790 4101 2881 4156 illo
2911 4117 3218 4162 commotus
3255 4107 3374 4171 fuit,
3396 4125 3516 4178 quae

1937 4196 2001 4235 ex
2025 4182 2266 4252 subjecta
2323 4188 2549 4243 materia
2599 4199 2765 4259 atque
2813 4203 2954 4258 arte,
3000 4205 3057 4249 et
3089 4197 3207 4264 ejus
3236 4201 3326 4267 qui
3371 4200 3511 4255 hanc

1939 4273 2222 4340 proﬁtetur
2251 4274 2468 4343 ingenio
2502 4277 2655 4343 ﬁunt,
2687 4281 2811 4350 quis
2861 4283 3116 4340 cordatus
3164 4287 3402 4354 patietur
3431 4288 3515 4340 di-

245 4371 485 4426 ἀκούειν
533 4372 789 4439 ἀνέξεται
861 4372 1113 4440 λέγοντος
1171 4373 1460 4444 όμοούσιον
1509 4375 1833 4445 ἀπείκασμα

1949 4373 2187 4431 tentem,
2235 4374 2466 4421 statuam
2517 4368 2598 4423 vel
2649 4370 2940 4441 imaginem
2989 4377 3510 4432 consubstantialem

245 4465 347 4518 καὶ
374 4464 564 4517 εἰκόνα
595 4463 691 4517 τοῦ
745 4465 1108 4535 πρωτοτύπου
1138 4464 1386 4533 γίνεσθαι
1413 4483 1426 4529 ;
1462 4465 1686 4536 Πρῶτον
1737 4467 1836 4537 μὲν

246 4557 363 4625 γὰρ
405 4554 822 4624 διασφάλλεται,
865 4556 944 4619 εἰς
991 4555 1188 4609 ταύτὸν
1227 4555 1377 4623 ἄγων
1405 4557 1599 4609 οὐσίαν
1654 4573 1713 4610 τε
1741 4557 1836 4612 καὶ

243 4645 470 4716 τέχνην,
535 4646 683 4715 ἅπερ
731 4645 978 4718 ἀλλήλων
1027 4646 1321 4719 παραπολὺ
1373 4647 1674 4720 διενήνοχε.
1723 4651 1834 4720 Τὴν

247 4737 352 4808 μὲν
374 4737 484 4808 γάρ
501 4737 666 4806 φύσιν
683 4739 712 4792 ό
737 4738 1084 4811 Δημιουργδς
1131 4741 1228 4793 καὶ
1280 4739 1532 4811 τεχνίτης
1563 4739 1672 4793 τῶν
1696 4739 1834 4795 ὅλων

242 4828 310 4880 ὲκ
345 4827 425 4899 μὴ
453 4827 611 4892 ὄντος
643 4829 726 4892 εἰς
777 4829 839 4883 τὸ
869 4824 1015 4884 εἶναι
1047 4831 1340 4903 παρήγαγε
1363 4830 1517 4894 Θεός.
1559 4829 1625 4884 Ἦ
1659 4831 1717 4885 δὲ
1741 4831 1833 4886 τέ-

241 4937 349 4990 χνη
387 4924 644 4992 μιμεῖται
666 4921 770 4993 τὴν
823 4923 1012 4993 φύσιν,
1053 4923 1154 4978 οὐκ
1187 4923 1329 4998 αὕτη
1359 4924 1545 4996 ἐκείνη
1580 4941 1644 4994 γε
1671 4919 1828 4992 οὖσα,

243 5013 386 5068 ἀ).λά
416 5013 482 5067 τὺ
498 5015 731 5085 φυσικὸν
749 5012 893 5080 εἶδος
913 5016 989 5080 ὡς
1027 5017 1384 5088 παράδειγμα
1416 5017 1514 5072 καὶ⁸
1543 5017 1831 5089 πρωτότυ-

242 5120 348 5158 πον
374 5103 794 5176 παραλαϐοῦσα,
823 5107 1002 5170 ἐοικός
1027 5125 1083 5162 τι
1109 5109 1204 5162 καὶ
1245 5109 1432 5178 ὅμοιον
1473 5109 1824 5174 ἀπετέλεσεν,

241 5195 321 5259 ὥς
351 5193 506 5249 ἔστιν
529 5195 626 5251 ἰπὶ
645 5196 912 5253 πλειόνων
940 5198 1098 5254 τοῦτο
1117 5199 1247 5254 ἰδεῖν
1267 5201 1566 5272 τεχνητῶν.
1596 5199 1828 5255 Ἔπειτα

237 5285 300 5342 ἃ
327 5285 426 5341 τοῦ
461 5288 675 5352 εἰκότος
699 5289 796 5343 καὶ
821 5289 920 5344 νῦν
941 5292 1351 5362 παρενήνεκται
1381 5290 1668 5362 λογισμοῦ,
1699 5294 1824 5346 κατ’

239 5377 400 5433 οὐδὲν
423 5379 708 5450 διαφέρειν
736 5379 832 5434 τοῦ
866 5381 1076 5453 ἀψύχου
1098 5384 1159 5437 τὸ
1193 5383 1436 5455 ἔμψυχον
1466 5382 1826 5456 καθοριζόμε-

239 5487 360 5538 νος,
385 5472 506 5526 ἀλλ’
564 5469 708 5528 εἶναι
751 5475 920 5546 ἄμφω
961 5477 1260 5547 όμοούσια·
1329 5479 1521 5551 ἐπειδὴ
1561 5481 1640 5546 ὡς
1689 5480 1824 5553 φέρε

238 5563 424 5618 εἰπεῖν
476 5565 508 5619 δ
564 5565 856 5638 ἄνθρωπος
913 5567 1176 5640 ἔμψυχον,
1211 5571 1295 5624 δεῖ
1338 5573 1432 5626 καὶ
1471 5572 1572 5644 τὴν
1629 5572 1822 5625 τούτου

238 5648 433 5708 εἰκόνα
463 5650 711 5726 ἔμψυχον
745 5649 1026 5724 εῐναιρκαι
1051 5658 1113 5712 τὺ
1139 5658 1485 5730 ἀπεικασμα,
1514 5661 1608 5714 καὶ
1641 5660 1823 5730 ἀπειρ-

1937 4471 2060 4510 esse
2091 4468 2376 4530 prototypo
2397 4461 2420 4514 ?
2441 4461 2622 4518 Primo
2650 4466 2793 4519 enim
2826 4469 3142 4534 errat,dnm
3171 4471 3393 4538 perinde
3413 4472 3508 4526 ha-

1938 4549 2031 4608 bet.
2049 4550 2410 4607 substantiam
2449 4565 2612 4624 atque
2652 4567 2856 4626 artem,
2883 4575 3002 4632 quae
3029 4563 3258 4617 invicem
3292 4579 3514 4634 magno-

1937 4655 2064 4710 pere
2136 4643 2410 4700 difi‘eruut.
2469 4645 2605 4702 Nam
2655 4659 2872 4706 creator
2917 4653 3270 4721 omniumque
3331 4655 3512 4724 opifex

1939 4732 2078 4787 Deus
2103 4745 2347 4788 naturam
2379 4753 2442 4792 ex
2475 4755 2578 4793 non
2603 4749 2854 4796 exstante
2886 4743 2953 4796 ad
2971 4743 3342 4799 exsisteudnm
3387 4762 3512 4816 pro-

1935 4823 2106 4879 duxit.
2136 4824 2240 4879 Ars
2266 4841 2393 4881 vero
2424 4839 2673 4884 naturam
2709 4832 2974 4896 imitatur,
3017 4849 3125 4888 non
3162 4843 3343 4890 autem
3393 4837 3507 4906 ipsa

1935 4927 2126 4972 natura
2151 4927 2253 4984 est,
2285 4920 2380 4974 sed
2415 4922 2716 4978 naturalem
2747 4924 3008 4994 speciem.
3036 4935 3292 4996 tanquam
3318 4941 3506 4982 exem-

1935 5008 2052 5078 plar
2093 5020 2547 5081 prototypumque
2573 5027 2880 5081 assumens,
2912 5031 3010 5086 par
3033 5018 3292 5086 quiddam
3323 5033 3388 5074 ac
3431 5019 3508 5074 si-

1931 5101 2059 5157 mile
2091 5101 2254 5169 facit,
2305 5105 2447 5172 quod
2511 5105 2563 5158 in
2620 5105 2862 5174 pluribus
2905 5109 3138 5179 opiﬁciis
3174 5110 3356 5163 videre
3397 5117 3500 5163 est.

1935 5193 2064 5248 Dein
2092 5210 2236 5248 nunc
2273 5209 2491 5264 quoqtte
2532 5195 2811 5254 Mamonas
2839 5201 3026 5270 procul
3064 5218 3221 5272 aequo
3277 5202 3499 5255 ratioci-

1933 5286 2022 5340 nio
2048 5299 2296 5356 vagatur,
2322 5285 2448 5342 dum
2480 5289 2554 5344 nil
2592 5290 2813 5346 diﬂ‘erre
2852 5293 3090 5350 inanitne
3136 5293 3204 5348 ab
3236 5293 3498 5356 animato,

1929 5381 2023 5432 sed
2045 5381 2205 5434 ambo
2239 5393 2364 5434 esse
2410 5383 2922 5453 consubstantialia,
2958 5383 3175 5446 deﬁnit;
3222 5382 3504 5452 quoniam.

1929 5471 2078 5525 verbi
2113 5471 2308 5540 gratia,
2358 5473 2402 5527 si
2455 5472 2616 5530 homo
2643 5472 2919 5528 animatus
2947 5481 3049 5534 est.
3087 5466 3244 5540 hujus
3287 5466 3503 5540 quoque

1931 5564 2221 5632 imaginem
2261 5565 2558 5632 animatatu
2601 5580 2724 5621 esse
2751 5573 3022 5635 oporteat,
3070 5562 3308 5632 itemque
3338 5561 3502 5616 simu-

1930 5657 2170 5726 tacrum;
2202 5657 2276 5713 ita
2306 5667 2361 5715 ut
2392 5657 2600 5716 colores
2629 5668 2683 5714 et
2707 5655 2910 5727 reliqua
2953 5654 3176 5712 materia
3221 5654 3494 5727 inanimis,
