3994 6198
433 206 539 271 227

1465 207 1527 268 S.
1572 207 1992 270 NICEPHORI
2029 207 2532 269 PATRIARCII/E
2571 207 2679 267 CP.

3594 205 3702 266 $28

435 333 500 373 ex
528 317 724 389 quibus
769 317 952 387 imago
996 324 1234 380 constat,
1267 317 1336 370 ah
1383 317 1619 372 hominis
1669 327 1864 372 natura
1906 335 2010 371 non

2128 317 2396 382 ιλλάκτως
2451 317 2596 388 ἔχειν
2623 318 2690 372 τά
2718 333 2777 370 τε
2807 314 3074 386 χρώματα
3111 315 3203 369 καὶ
3231 314 3330 386 τὴν
3364 315 3533 386 ἄλλην
3564 316 3701 389 ὓλην

438 410 711 466 tliﬂerant.
746 396 1264 481 Oporteretautem,
1302 408 1604 463 secundum
1650 408 1792 463 idem
1844 409 2016 463 ratio-

438 505 664 568 cinium,
690 513 746 558 ιιι
765 519 854 560 res
867 515 1098 572 utraque
1111 501 1358 556 eamdem
1381 501 1602 556 haberet
1624 500 2016 567 definitionem,

451 606 615 666 atque
642 596 889 650 eamdem
915 602 1234 662 sequeretur
1253 589 1799 646 consubstantialium
1835 592 2021 646 condi-

441 689 680 742 tionem:
713 699 906 756 nempe
937 695 993 738 ιιι
1015 685 1176 738 homo
1205 682 1429 736 relative
1459 683 1524 736 ad
1556 683 1720 738 alium
1748 684 2018 738 hominem

440 777 540 830 sub
580 775 824 828 eamdem
871 773 1018 828 cadit
1055 773 1427 828 deﬁnitionem
1455 813 1470 834 ,
1499 773 1570 826 ita
1614 783 1670 827 et
1711 774 1905 841 ligura.
1954 773 2022 827 Et

443 865 698 933 quoniam
738 863 898 918 homo
920 862 1228 916 estanimal
1255 862 1543 928 rationale,
1579 864 1828 927 mortale,
1871 879 2022 917 men-

445 956 512 1010 tis
543 964 597 1008 et
623 957 866 1009 scientia:
901 971 1070 1026 capax
1094 999 1107 1020 ,
1142 955 1432 1035 imaginem
1467 954 1670 1024 pariter
1702 969 1836 1024 opus
1885 954 2023 1010 foret

447 1046 715 1102 ratiotiale
747 1047 949 1102 animal
976 1061 1120 1110 esse,
1153 1045 1400 1106 mortale,
1429 1046 1628 1100 mentis
1671 1046 2024 1114 scientiaeque

442 1155 636 1208 capax,
661 1139 916 1208 nullaque
939 1153 995 1192 re
1014 1137 1293 1192 differens.
1323 1136 1486 1206 Atqui
1508 1136 1622 1190 ﬁeri
1655 1153 1760 1190 non
1785 1151 1940 1205 posse
1966 1145 2022 1190 ut

443 1231 548 1284 ulla
577 1230 879 1285 similitudo
925 1239 1092 1284 lotam
1151 1228 1484 1283 adamassim
1533 1237 1787 1296 exmquet
1824 1229 2024 1281 verita-

445 1327 574 1379 tem,
604 1318 719 1384 ipsa
768 1317 970 1371 veritas
1000 1316 1234 1368 allirmat
1271 1328 1392 1368 cum
1419 1315 1782 1367 summatibus
1811 1314 2024 1368 theolo-

443 1409 526 1474 gis
556 1408 690 1476 (18).
732 1409 845 1462 lmo
872 1408 1036 1460 etiam
1086 1421 1212 1460 vere
1243 1405 1443 1458 dicitur
1488 1403 1652 1459 homo
1703 1406 1816 1476 ipse
1861 1421 1891 1458 a
1941 1420 2026 1459 se-

455 1509 567 1552 met
596 1497 842 1562 dill‘et-re,
872 1513 936 1552 ex
960 1497 1190 1551 diversis
1219 1495 1432 1550 naturis
1475 1505 1736 1578 copstans
1758 1532 1775 1559 ,
1821 1496 2022 1560 anima,

447 1592 694 1660 inquam,
719 1600 774 1644 et
796 1603 1066 1658 corpore;
1101 1587 1315 1641 etiamsi
1345 1603 1511 1641 unum
1538 1588 1668 1656 quid
1700 1601 1766 1640 et
1797 1588 1880 1642 his
1927 1603 2023 1640 ex-

2119 407 2220 477 τὴν
2245 407 2453 477 ἄψυχον
2482 407 2541 474 ἐξ
2570 401 2646 460 ὧν
2680 408 2713 477 ἡ
2749 404 2912 459 εἰκὼν
2957 405 3286 476 συνέστηκε,
3315 406 3456 478 πρὸς
3481 407 3582 476 τὴν
3609 407 3704 460 ἀνο
3729 410 3735 415 ’

2120 497 2345 566 θρώπου
2382 497 2566 566 φύσιν.
2598 497 2800 568 Ἐχρῆν
2819 496 2900 562 δὲ,
2932 495 3076 550 κατὰ
3113 496 3206 550 16v
3233 489 3478 552 τοιοῦτον
3514 498 3700 566 λόγον,
3737 493 3764 507 ⁹

2121 591 2218 643 καὶ
2240 591 2612 643 ἐπικοινωνεῖν
2636 588 2714 660 τῷ
2737 588 2952 660 ὁρισμῷ
2975 588 3286 660 ἀμφότερα,
3301 590 3398 644 καὶ
3415 590 3506 643 τὸν
3535 591 3703 644 αὑτὸν

2121 681 2435 746 ἀποσώζειν
2449 681 2608 751 λόγον
2629 679 2740 734 τῶν
2756 682 3063 751 ὁμοουσίων
3085 697 3102 712 ·
3127 675 3240 734 οἷον
3257 679 3450 752 ὥσπερ
3482 680 3704 753 ἀνθρω-

2121 789 2222 836 πος
2279 776 2420 844 πρὸς
2453 771 2742 843 ἄνθρωπον
2799 771 2880 842 τῷ
2912 769 3064 841 αὑτῷ
3111 771 3224 842 ὅρῳ
3275 771 3700 834 ὕποπέπτωκεν,

2121 863 2265 919 οὕτω
2294 866 2388 920 καὶ
2418 865 2480 918 16
2503 863 2826 934 ἀπείκασμα
2849 876 2862 891 ·
2891 862 2983 916 καὶ
3010 863 3059 915 εἰ
3083 865 3110 916 6
3138 862 3428 935 ἄνθρωπος
3457 863 3596 929 ζῶον
3613 863 3705 918 λο-

2121 957 2299 1027 γικὺν,
2335 955 2550 1026 θνητὸν,
2573 954 2668 1009 νοῦ
2703 954 2802 1009 κιιί⁸
2835 955 3148 1026 ἐπιστήμης
3173 953 3449 1018 δεκτικὸν,
3483 954 3579 1008 καὶ
3602 966 3706 1026 την

2123 1050 2309 1102 εἰκόνα
2361 1048 2501 1113 ζῶον
2548 1047 2792 1116 λογικὸν,
2833 1046 3048 1116 θνητὸν,
3097 1045 3190 1098 νοῦ
3237 1045 3332 1099 καὶ
3389 1047 3705 1116 ἐπιστήμης

2121 1139 2372 1192 δεκτικὸν
2419 1139 2683 1200 ὡσαύτως
2740 1135 2902 1199 εἶναι,
2963 1139 3134 1208 μηδὲν
3183 1137 3698 1208 παραλλάσσουσαν.

2135 1230 2276 1285 Ἀλλ’
2302 1231 2400 1300 οὐχ
2419 1226 2530 1283 οἷόν
2549 1247 2608 1283 τε
2630 1229 2735 1283 τῶν
2757 1229 3128 1300 εἰκαζομένων
3150 1229 3306 1282 οὐδὲν
3357 1229 3496 1300 πρὸς
3522 1231 3703 1284 πᾶσαν

2125 1321 2454 1398 ἐξικνεῖσθαι
2502 1321 2762 1389 καθαρῶς
2804 1321 2906 1392 τὴν
2935 1320 3222 1391 ἀλήθειαν,
3268 1321 3301 1390 ἠ
3347 1321 3583 1392 ἀλήθεια
3613 1321 3701 1391 βε-

2126 1415 2290 1474 6αιοῖ.
2317 1415 2412 1467 καὶ
2430 1412 2537 1466 τῶν
2564 1413 2830 1482 θεολόγων
2857 1414 2907 1464 οἰ
2941 1412 3204 1481 ἔκκριτοι.
3243 1413 3351 1464 Καὶ
3378 1415 3406 1464 6
3438 1411 3539 1480 μὲν
3569 1413 3703 1484 ἀληο

2127 1504 2226 1575 θὴς
2262 1504 2421 1572 λόγος
2450 1504 2543 1557 κα)⁵
2575 1503 2666 1556 16v
2713 1502 3002 1574 ἄνθρωπον
3057 1501 3224 1575 αὑτὸν
3284 1500 3482 1554 ἑαυτοῦ
3515 1501 3704 1573 διαφέο

2131 1574 2246 1664 ρειν
2275 1588 2434 1658 οἶδεν,
2459 1591 2518 1657 ἐξ
2545 1591 2857 1662 ἑτεροφυῶν
2884 1574 3216 1652 συνεστῶτα,
3242 1591 3421 1662 ψυχῆς
3439 1591 3584 1661 λέγω
3608 1593 3704 1646 καὶ

446 1659 594 1736 sistit
617 1683 780 1736 homo
813 1699 826 1734 :
864 1689 1097 1750 utraque
1129 1680 1274 1734 enim
1310 1693 1395 1734 res
1420 1679 1696 1748 propriam
1730 1678 1898 1734 habet
1939 1679 2027 1732 tle-

2129 1659 2405 1756 σώματος,
2433 1686 2483 1739 εἰ
2509 1685 2605 1740 καὶ
2633 1659 2692 1744 ἐν
2719 1659 2773 1738 τι
2806 1686 2869 1738 ἐκ
2912 1683 3118 1738 τούτων
3147 1687 3176 1738 6
3221 1659 3545 1756 ἄνθρωπος’
3573 1683 3703 1738 ἑκά-

449 1774 788 1838 linitiouem;
821 1787 1054 1840 namque
1089 1771 1193 1839 alia
1221 1782 1305 1825 est
1340 1771 1536 1824 anima:
1577 1771 1735 1837 ratio,
1770 1770 1872 1823 alia
1907 1784 2028 1823 ror-

449 1865 619 1933 poris,
643 1879 764 1918 cum
789 1861 1116 1917 dill‘erentiis
1147 1861 1390 1930 pluribus
1422 1869 1584 1930 atque
1623 1859 2022 1914 accidentibus.

453 1957 656 2011 Sumus
688 1956 886 2024 quippe
923 1969 1022 2008 nos
1048 1953 1356 2022 compositi,
1393 1953 1502 2006 imo
1545 1961 1599 2006 et
1635 1953 1866 2021 oppositi
1916 1961 2026 2006 tum

451 2047 608 2102 nobis
636 2045 768 2115 ipsis
803 2055 912 2098 tum
947 2043 1066 2098 aliis
1105 2045 1339 2098 invicem
1375 2043 1706 2097 hominibus.
1753 2043 2028 2097 hlalnonas

451 2148 629 2192 autem
660 2151 728 2190 ne
747 2135 1043 2189 simulacra
1075 2131 1295 2203 (ididem
1326 2133 1394 2186 ab
1427 2133 1493 2187 iis
1539 2147 1596 2186 re
1627 2133 1758 2197 ulla,
1796 2147 2026 2201 quorum

449 2227 903 2292 suntsinznlacra,
937 2224 1159 2280 differre
1180 2225 1428 2295 putabat,
1463 2225 1556 2279 sed
1593 2225 1838 2280 eamdem
1867 2238 2029 2294 atque

450 2318 698 2392 24ἰ11ει,
730 2335 848 2388 qua:
876 2326 1290 2388 repraesentant,
1323 2316 1558 2371 retinere
1591 2328 1836 2370 naturam
1865 2325 2028 2386 atque

453 2410 836 2465 substantiam.
867 2411 1120 2464 Attamen
1147 2408 1238 2476 qui
1270 2406 1389 2460 ﬁeri
1423 2414 1600 2476 potest
1625 2418 1685 2460 ut
1737 2407 1914 2478 imago
1943 2409 2025 2462 di-

453 2511 609 2552 catur
637 2499 717 2552 vel
745 2499 1122 2565 simulacrum,
1154 2498 1258 2552 nisi
1293 2498 1563 2552 diversam
1605 2499 1802 2552 habeat
1842 2514 1872 2553 a
1900 2513 2026 2568 pro-

456 2601 636 2663 totypo
661 2605 760 2646 suo
793 2591 1078 2645 naturam?
1109 2590 1191 2645 Ab
1214 2590 1385 2653 omni,
1431 2589 1600 2658 igitur
1655 2591 1882 2646 veritate
1941 2604 2028 2647 se-

456 2683 702 2753 jungitur
741 2683 828 2736 hic
863 2681 1319 2750 sapientissimus,
1344 2690 1508 2748 atque
1547 2695 1577 2734 a
1609 2695 1788 2736 rerum
1824 2682 2025 2737 intelli-

455 2775 634 2842 gentia
675 2773 993 2842 longissime
1035 2773 1208 2827 abest.
1264 2770 1342 2824 En
1375 2770 1518 2824 aliud
1555 2771 1775 2838 insuper
1813 2773 1956 2840 quod
1995 2787 2025 2826 a

457 2865 613 2921 nobis
645 2865 771 2920 huic
796 2865 900 2919 dici
933 2879 1144 2932 mquum
1192 2871 1316 2918 est:
1350 2875 1543 2931 nempe
1570 2863 1769 2929 nescis,
1820 2877 1854 2917 ο
1881 2863 2028 2918 colu-

459 2971 582 3011 men
617 2957 1063 3026 philos0phorum
1084 2997 1102 3022 ,
1153 2966 1206 3009 te
1251 2953 1470 3010 tuismet
1516 2954 1854 3023 argumentis
1886 2955 2027 3010 irre-
2053 2996 2096 3054 ο

457 3048 546 3101 tiri
590 3067 604 3102 :
647 3047 770 3116 quia
805 3046 974 3114 enim,
1006 3055 1064 3100 ut
1095 3055 1151 3100 tu
1175 3045 1292 3108 ais,
1329 3045 1849 3101 consubstantialem
1891 3047 2028 3101 ima—

459 3133 638 3203 ginem
667 3147 789 3188 esse
811 3143 1094 3204 prototypo
1123 3142 1366 3203 oportet,
1407 3133 1694 3204 imaginem
1723 3143 1902 3190 autem
1923 3138 2030 3191 cir-

459 3223 846 3294 cumscriplam
896 3239 1019 3280 esse
1043 3235 1099 3280 tu
1133 3239 1348 3295 quoque
1384 3225 1648 3281 concedes
1672 3231 1870 3296 (neque
1892 3229 2032 3296 quis-

459 3331 620 3385 quam
642 3318 777 3372 adeo
803 3317 1057 3383 insaniet,
1083 3328 1141 3371 ut
1164 3319 1267 3373 hoc
1295 3316 1500 3388 neget),
1535 3319 1782 3388 sequitur
1815 3327 1876 3374 ut
1907 3334 2030 3390 prc-
2058 3338 2067 3346 δ

461 3418 703 3480 totypum
751 3424 1005 3480 quoque,
1043 3419 1226 3480 utpote
1267 3411 1763 3476 consubstantiale,
1793 3413 2030 3467 cireum-

457 3501 724 3571 seriptum
753 3503 844 3556 sit.
870 3501 1005 3555 Nam
1027 3502 1514 3558 consubstantialia
1541 3501 1762 3558 dill‘erre
1789 3503 1929 3559 inter
1949 3519 2028 3569 se,

458 3591 600 3659 quod
631 3593 696 3646 ad
731 3593 1091 3647 substantiam
1119 3593 1348 3660 attinet,
1385 3607 1608 3663 prorsus
1653 3603 1738 3648 est
1782 3595 2034 3664 impossi-

462 3681 566 3734 bile
597 3672 624 3734 ἰ
659 3682 1096 3752 quandoquidem
1138 3690 1194 3737 tu
1237 3696 1456 3752 quoque
1481 3683 1947 3752 circumscriptum
1981 3691 2035 3739 et

461 3773 988 3840 incircumscriptmu
1041 3773 1096 3827 in
1149 3773 1471 3831 substantia:
1533 3773 1744 3828 ratione
1785 3788 2034 3844 compre-

463 3863 678 3918 hendis.
707 3861 764 3916 Si
796 3877 928 3933 ergo
979 3863 1122 3934 apud
1166 3873 1220 3919 te
1270 3864 1463 3932 dogma
1497 3865 1745 3930 steterit,
1781 3865 2033 3920 machina

461 3966 553 4008 tua
599 3955 906 4025 disjicitur,
957 3963 1012 4010 et
1058 3964 1378 4026 argumenta
1419 3963 1738 4010 sternuntur
1787 3955 2034 4012 veritatis

461 4042 645 4106 ruttda,
679 4044 958 4114 armisque
984 4043 1106 4100 aliis
1134 4043 1307 4099 valide
1337 4055 1666 4115 expugnata.
1713 4043 1924 4114 Reapse
1954 4056 2036 4101 ta-

461 4137 590 4191 lium
638 4137 1026 4204 magistrorum
1071 4136 1282 4194 similes
1338 4152 1464 4195 esse
1505 4141 1784 4210 opportuit
1817 4151 2036 4200 exortes

2126 1795 2286 1849 τερον
2315 1777 2424 1849 γὰρ
2449 1780 2540 1832 τδν
2566 1779 2764 1836 οἰκεῖον
2796 1777 2922 1847 ὅρον
2954 1776 3294 1846 ἀποφέρεται
3318 1780 3332 1804 '°
3367 1775 3527 1838 ἀλλος
3551 1775 3701 1845 γάρὸ

2126 1869 2226 1938 τῆς
2253 1869 2431 1938 ψυχῆς
2457 1868 2635 1936 λόγοῖ,
2667 1867 2763 1922 καὶ
2791 1870 2820 1921 6
2851 1869 2942 1921 τοῦ
2989 1867 3242 1938 σώματος
3264 1866 3474 1936 ἕτερος,
3509 1867 3701 1936 διαφο-

2130 1961 2252 2030 ραῖς
2309 1959 2366 2012 δὲ
2415 1960 2510 2012 καὶ
2557 1958 2934 2030 συμϐεϐηκόσι
2990 1959 3228 2017 πλείοσι,
3284 1956 3537 2010 Σύνθετοι
3591 1958 3701 2028 γάρ

2127 2051 2310 2120 ἡμεῖς,
2343 2049 2477 2103 ἀλλὰ
2504 2051 2598 2103 καὶ
2619 2049 2888 2103 ἀντίθετοι
2933 2051 3025 2102 καὶ
3053 2050 3271 2110 ἑαυτοῖς
3298 2046 3390 2100 καὶ
3421 2047 3696 2118 ἀλλήλοις.

2139 2142 2198 2194 '0
2227 2141 2285 2194 δὲ
2317 2141 2438 2195 οὐδὲ
2473 2141 2544 2194 τὰ
2575 2141 2965 2211 ἀπεικάσματα
3003 2139 3146 2195 κατά
3175 2157 3228 2192 τι
3291 2137 3422 2207 γοῦν
3469 2138 3576 2192 τῶν
3616 2131 3692 2191 ὧν

2127 2232 2264 2285 εἰσιν
2342 2231 2734 2302 ἀπεικάσματα
2809 2230 3220 2300 παραλλάσσειν
3279 2229 3464 2298 ἠγεῖτο
3495 2267 3510 2291 ,
3583 2229 3701 2282 ἀλλ’

2125 2320 2442 2391 ἀκραιφνῶς
2468 2319 2778 2384 ἀποσώζειν
2805 2319 2942 2391 πρὸς
2969 2319 3038 2372 τὰ
3063 2317 3476 2386 ἀπεικαζόμενα
3490 2317 3553 2370 16
3573 2320 3704 2388 ὁμο-

2128 2413 2261 2483 φυὲς
2300 2413 2395 2466 καὶ
2426 2411 2712 2482 ὀμοούσιον
2734 2427 2748 2443 ’
2778 2410 2896 2474 πῶς
2920 2411 2966 2464 δ’
3009 2410 3075 2464 ἂν
3097 2409 3178 2463 ἔτι
3218 2410 3385 2464 εἰκὼν
3420 2411 3515 2464 καὶ
3537 2411 3698 2463 ἀπεί-

2128 2521 2315 2576 κασμα
2337 2503 2576 2574 λεχθείη,
2609 2505 2659 2556 εἰ
2691 2503 2766 2574 μὴ
2793 2503 2854 2556 16
2906 2502 3165 2566 ἀπεοικὸς
3200 2502 3315 2572 εχει
3363 2500 3442 2570 τῷ
3475 2501 3702 2572 ἑτεροίῳ

2126 2597 2237 2650 τῶν
2262 2597 2513 2667 φύσεων;
2557 2597 2932 2669 Ἀπέρρηκται
2963 2591 3056 2648 οὖν
3086 2595 3266 2665 πάντη
3301 2594 3406 2670 τῆς.
3439 2592 3704 2664 ἀληθείας

2085 2760 2089 2764 η
2127 2693 2156 2744 6
2181 2689 2510 2760 σοφώτατος,
2549 2682 2644 2742 κάι
2677 2689 2866 2760 πόρρω
2915 2703 3016 2740 που
3069 2687 3170 2758 τῆς
3217 2685 3327 2739 τῶν
3361 2685 3707 2756 πραγμάτων

2127 2777 2484 2848 καταλήψεως
2507 2777 2932 2832 ἀποπέπτωκεν.
2966 2776 3152 2840 Ἀξιον
3177 2776 3238 2830 δὲ
3259 2777 3353 2830 καὶ
3381 2775 3540 2829 τοῦτο
3561 2776 3702 2848 πρὸς

2129 2873 2292 2926 αὐτὸν
2328 2873 2535 2925 εἰπεῖν·
2566 2871 2649 2924 ὅτι
2672 2870 2919 2942 Λέληθας
2953 2869 3181 2924 σεαυτὸν
3206 2869 3506 2938 κάνταῦθα,
3537 2863 3583 2924 ὦ
3612 2887 3709 2938 φι-

2129 2965 2494 3036 λοσοφώτατε,
2543 2967 2658 3028 τοῖς
2691 2963 2917 3028 οἰκείοις
2961 2963 3310 3035 περιπίπτων
3339 2963 3712 3035 ἐπιχειρήμα-

2133 3077 2216 3114 σιν
2237 3075 2253 3086 ·
2276 3057 2465 3129 ἐπειδὴ
2487 3057 2618 3128 γάρ,
2643 3056 2784 3110 κατά
2813 3055 2906 3110 16v
2930 3055 3024 3109 σὺν
3052 3055 3234 3123 λόγον,
3251 3053 3542 3125 ὀμοούσιον
3563 3050 3712 3108 εἶναι

2128 3147 2211 3202 δεῖ
2241 3148 2343 3218 τὴν
2371 3147 2558 3200 εἰκόνα
2591 3145 2670 3216 τῷ
2719 3144 3081 3218 πρωτοτύπῳ,
3111 3147 3145 3214 ἡ
3185 3145 3242 3198 δὲ
3277 3143 3443 3198 εἰκὼν
3482 3145 3566 3198 ὅτι
3608 3161 3714 3196 πε-

2132 3239 2408 3314 ριγραπτὴ
2442 3239 2750 3311 συμφήσεις
2781 3239 2998 3301 πάντως
3025 3237 3121 3291 καί⁵
3170 3237 3456 3303 ain-61,06
3502 3241 3612 3308 γάρ
3641 3237 3714 3291 ἂν

2132 3332 2274 3386 οὕτω
2309 3331 2504 3402 μανείη
2524 3346 2606 3393 τις
2639 3329 2714 3399 μὴ
2742 3328 2866 3400 οὐχὶ
2893 3327 3070 3391 οὔτως
3112 3327 3258 3398 ἔχειν
3299 3327 3476 3381 ταῦτα
3515 3328 3710 3398 φάναι,

2133 3421 2287 3477 ἔσται
2313 3423 2408 3476 καὶ
2434 3422 2496 3475 16
2524 3423 2880 3493 πρωτότυπον
2899 3418 3274 3490 περιγραπτδν
3295 3417 3371 3482 ὡς
3396 3419 3708 3488 ὁμοούσιον.

2132 3512 2213 3566 Τά
2240 3512 2349 3582 γάρ
2385 3509 2644 3582 ὀμοοῦσια
2673 3509 2952 3581 διαφέρειν
2981 3509 3254 3580 ἀλλήλων,
3281 3509 3406 3562 ὅσον
3447 3508 3586 3563 κατά
3614 3510 3716 3562 τὸν

2131 3603 2232 3674 τῆς
2260 3602 2452 3666 οὐσίας
2481 3602 2662 3670 λόγον,
2692 3600 2946 3672 οὐδαμῶς
2969 3595 3083 3654 οἶόν
3105 3601 3166 3654 τέ
3187 3603 3337 3654 εστιν
3366 3617 3380 3632 ·
3419 3600 3584 3668 ἡνίκα
3615 3601 3720 3654 καὶ

2133 3693 2296 3758 αὐτὸς
2326 3693 2388 3746 16
2409 3693 2792 3765 περιγραπτδν
2820 3693 2916 3746 καὶ
2936 3693 3356 3764 ἀπερίγραπτον
3381 3693 3464 3755 εἰς
3490 3690 3582 3745 τὸν
3609 3692 3718 3760 τῆς

2133 3784 2322 3848 οὐσίας
2378 3783 2838 3856 παραλαμϐάνεις
2883 3783 3062 3852 λόγον.
3120 3781 3190 3836 Εἰ
3217 3799 3300 3836 σοι
3337 3779 3433 3837 οὖν
3487 3783 3555 3861 τά
3615 3783 3716 3836 τοῦ

2133 3874 2405 3946 δόγματος
2453 3876 2734 3946 στήσεται,
2781 3873 3196 3946 κατέστραπται
3221 3890 3316 3927 σου
3375 3875 3409 3943 ἡ
3469 3872 3716 3943 μηχανὴ,

2132 3964 2234 4018 καὶ
2264 3963 2620 4018 καταλέλυται
2661 3964 2730 4018 τὰ
2774 3965 3158 4034 ἑγχειρήματα
3207 3964 3275 4032 τῇ
3309 3961 3569 4034 σφενδόνῃ
3611 3963 3719 4030 τῆς

2135 4053 2396 4125 ἀληθείας
2431 4054 2528 4107 καὶ
2556 4055 2671 4117 τοῖς
2711 4051 2898 4115 ὅπλοις
2945 4048 3226 4122 κραταιῶς
3271 4047 3715 4120 ἑκπορθούμενα.

2139 4146 2347 4208 Ὄντως
2367 4143 2475 4198 ἔδει
2498 4143 2759 4198 τοιούτων
2777 4141 3117 4196 διδασκάλων
3165 4139 3441 4204 τοιούτους
3460 4130 3600 4192 εἶναι
3617 4139 3722 4190 καὶ

461 4243 607 4286 nunc
655 4228 984 4300 discipulos!
1020 4226 1238 4285 Talium
1277 4239 1423 4299 sunt,
1473 4231 1716 4301 inquam,
1780 4247 2029 4288 arvorum

2137 4235 2263 4298 τοὺς
2295 4233 2392 4288 νῦν
2412 4231 2798 4303 ἀνακύψαντας
2816 4229 3104 4302 φοιτητὰς,
3133 4229 3230 4283 καὶ⁵
3256 4225 3518 4282 τοιούτων
3556 4225 3617 4290 ἑξ
3635 4219 3721 4280 ὧν

463 4320 707 4388 fructus,
737 4335 824 4374 ex-
849 4321 1009 4376 malis
1042 4322 1298 4393 pessimi,
1326 4335 1392 4376 ex
1426 4322 1674 4392 turpibus
1711 4323 2029 4392 turpissimi.

2139 4326 2306 4397 ὃμοια
2355 4324 2427 4378 τὰ
2467 4321 2738 4394 γεώργια,
2787 4320 2978 4376 κακῶν
3027 4322 3271 4376 κάκιστα
3322 4319 3420 4374 καὶ
3473 4317 3724 4390 αἰσχρῶν

2141 4415 2396 4486 αἴσχιστα

532 4523 622 4578 Π.
657 4523 847 4578 Adhuc
907 4525 959 4579 in
1015 4523 1204 4579 eadem
1250 4532 1452 4584 mente,
1501 4521 1604 4589 vel,
1656 4530 1715 4578 ut
1741 4521 1926 4578 verius
1957 4521 2029 4577 di-

2213 4507 2301 4571 ιζ’.
2340 4506 2462 4558 Ἔτι
2492 4505 2591 4576 τῆς
2621 4504 2793 4576 αὐτῆς
2825 4503 3062 4568 δννοίας,
3116 4501 3151 4574 ἢ
3195 4500 3386 4565 ἀνοίας
3435 4497 3610 4554 εἰπεῖν
3633 4497 3721 4589 διῖ-

461 4638 604 4687 eam,
627 4623 864 4677 amentia
928 4636 1287 4693 perseverans
1321 4620 1492 4675 dicit:
1527 4637 1545 4670 t
1585 4615 1658 4673 Ut
1705 4627 1876 4673 totum
1914 4633 2029 4673 ser-

2142 4597 2327 4651 καιότε
2337 4613 2450 4666 ρον,
2473 4595 2733 4666 ὲχόμενός
2757 4609 2945 4665 φησιν’
2981 4613 3000 4645 t
3031 4593 3152 4646 Ἵνα
3173 4592 3236 4646 16
3259 4590 3381 4645 ὅλον
3407 4589 3579 4660 σωθῇ,
3598 4587 3726 4641 ἐπεὶ

464 4681 660 4780 velut;
692 4713 894 4783 alioqui
929 4681 1010 4768 ἠε
1039 4712 1218 4783 imago
1243 4710 1483 4780 quidem.
1523 4728 1544 4762 ι
1599 4707 1654 4763 ld
1701 4722 1918 4778 quoque
1965 4711 2029 4763 ab

2141 4689 2268 4742 οὐδὲ
2294 4687 2479 4742 εἰκών.
2513 4706 2532 4740 ι
2571 4687 2683 4758 Τῆς
2715 4685 2928 4740 ἐκείνου
2953 4685 3128 4740 ταῦτα
3155 4681 3463 4753 παρανοίας
3489 4681 3584 4732 καὶ
3616 4681 3724 4746 τῆς

465 4772 672 4861 insania
703 4772 835 4876 ejus'
857 4815 941 4860 est
979 4772 1508 4873 atquevstupiditate.
1547 4798 1680 4853 Nam
1707 4772 1796 4867 qui
1829 4772 2029 4854 sanam

2141 4779 2471 4851 παχύτητος.
2502 4779 2566 4832 Οἰ
2595 4779 2703 4848 γὰρ
2737 4778 2869 4846 ὑγιᾶ
2903 4777 3002 4848 τὴν
3031 4776 3204 4847 φρένα
3233 4773 3590 4844 κεκτημένοι,
3620 4772 3724 4827 καὶ.

461 4905 518 4950 et
546 4867 810 4964 integram
835 4903 1071 4948 mentem
1101 4893 1323 4957 habent,
1357 4901 1408 4946 et
1438 4890 1692 4960 loquendi
1751 4889 2029 4944 rectitudi-

2144 4875 2332 4942 ἄρτιον
2366 4872 2462 4924 καὶ
2486 4871 2550 4925 16
2575 4872 2634 4924 ἐν
2661 4870 2844 4938 λόγοις
2873 4869 3091 4940 καίριον
3116 4867 3501 4950 διασώζοντες,
3525 4867 3590 4920 ὲκ
3622 4867 3723 4918 τοῦ

465 4999 590 5039 nem
618 4984 876 5050 retinent,
911 4983 1244 5044 contrarium
1277 4982 1457 5051 potius
1485 4979 1685 5044 dicent,
1717 4980 1859 5048 quod
1883 4979 1925 5033 si
1953 4989 2029 5032 to-

2145 4964 2390 5020 ἐναντίου
2423 4961 2910 5035 φήσουσι,μᾶλὶ.ον,
2935 4962 3016 5015 ὅτι
3046 4962 3096 5014 εἰ
3125 4961 3186 5014 16
3213 4960 3338 5013 ὅλον
3367 4957 3726 5020 διασώζεται,

461 5085 575 5128 tum
619 5086 809 5141 nempe
835 5077 1104 5134 servatur,
1133 5070 1276 5124 haud
1303 5066 1416 5138 jam
1448 5069 1624 5138 imago
1651 5074 1754 5133 est,
1781 5064 1879 5122 sed
1907 5065 2038 5120 illud

463 5163 637 5230 ipsum
664 5161 806 5230 quod
841 5158 1105 5228 ﬁguratur
1146 5172 1162 5211 :
1191 5169 1428 5224 namque
1466 5156 1582 5210 hmo
1610 5155 1792 5224 specie
1833 5162 2038 5207 tantum

465 5265 572 5307 una
601 5249 902 5318 eademque
931 5263 1017 5302 res
1046 5247 1322 5308 videntur,
1365 5261 1472 5299 non
1501 5243 1750 5314 sbhjecto
1784 5260 1800 5298 :
1838 5241 2038 5297 Manto-

2146 5057 2268 5111 οὐδὲ
2291 5056 2477 5120 εἰκὼν,
2505 5055 2624 5110 ἀλλ’
2667 5054 2803 5112 αὐτὸ
2834 5053 3015 5108 ικεῖνό
3039 5055 3161 5107 ἑστι
3189 5051 3252 5106 16
3290 5049 3725 5119 εἰκονιζόμενον,

2148 5146 2230 5214 οἷς
2255 5149 2317 5202 16
2351 5148 2549 5202 ταύτδν
2585 5147 2718 5202 εἴδει
2752 5147 2936 5218 μόνον,
2993 5145 3109 5200 ἀλλ’
3165 5145 3227 5198 οὐ
3259 5143 3340 5214 τῷ
3375 5140 3730 5212 ὑποκειμένῳ

2149 5243 2503 5312 ἐμφαίνεται.
2545 5239 2638 5310 Τῷ
2657 5240 2714 5294 δὲ
2749 5239 3085 5311 ὑπείληπται
3112 5238 3188 5302 ὡς
3223 5239 3272 5292 εἰ
3311 5237 3386 5307 μὴ
3413 5235 3511 5290 καὶ
3549 5232 3730 5304 ἒμιξρυο

465 5360 568 5401 nas
594 5352 776 5398 autem
800 5340 994 5404 credit,
1025 5338 1128 5394 nisi
1158 5339 1335 5408 imago
1367 5335 1604 5391 animata
1638 5335 1710 5390 sit
1737 5343 1793 5390 et
1824 5335 2029 5403 propri:

2149 5349 2242 5404 χον
2286 5333 2370 5404 εἴη
2424 5333 2520 5387 καὶ
2573 5332 2952 5402 αὐτοκίνητον,
2992 5331 3090 5387 καὶ
3117 5332 3220 5385 ὅσα
3267 5327 3362 5381 τοῦ
3413 5322 3730 5399 ἀρχετύπου

535 5549 648 5620 (l8)
685 5545 1310 5620 luteiligitNicephorius
1340 5542 1750 5620 ‘Nazianzeunm
1815 5545 1956 5602 orat,
1991 5535 2029 5589 2

2128 5535 2232 5590 ll:
2311 5535 2566 5608 Μηδεμία
2612 5534 2778 5590 εἰκὼν
2837 5535 3032 5606 φθάνει
3091 5534 3228 5606 πρὸς
3277 5533 3378 5603 τὴν
3437 5528 3728 5600 ἀλήθειαν,

465 5616 816 5686 ιιιιίἰαῖιιιιιςο
846 5616 1116 5671 veritatem
1144 5616 1463 5686 assequitur.
