3994 6198
273 257 392 324 ΞΞΩ

1025 258 1658 336 ANTIRBHETICUS
1696 262 1724 322 Ῑ
1765 261 1931 327 ADV.
1973 240 2568 332 CONSTANTINUM
2599 270 2814 335 COPR.

3443 291 3550 357 230

273 371 408 428 οὐδὲ
431 367 622 425 εἰκών.
663 367 735 424 Εἰ
763 369 825 424 δὲ
850 366 1026 425 ταῦτα
1046 371 1150 424 οὐκ
1170 371 1406 436 εἰκόνος,
1429 373 1704 445 ἀνῄρηται
1727 374 1862 446 αὑτᾷ

1987 386 2135 432 motu
2167 379 2414 450 praedita,
2437 391 2490 436 et
2513 369 2694 438 omnia
2725 384 3006 458 archetypi
3033 387 3294 448 attributa
3333 392 3556 465 habeat,

272 466 306 517 ό
333 462 439 534 τῆς
477 461 690 526 εἰκόνος
709 461 873 532 λόγος
894 463 1236 518 παντάπασι.
1269 465 1336 518 Τί
1361 462 1456 536 οὖν
1483 467 1740 522 ἐντεῦθεν
1763 487 1778 534 ;
1809 469 1871 523 τὸ

273 553 340 608 ἓν
369 554 465 608 καὶ
516 555 743 622 ταύτὸν,
799 555 942 609 κατὰ
986 555 1185 610 ταύτὸν
1220 557 1318 611 καὶ
1351 555 1410 610 ἓν
1459 555 1600 614 εἶναι
1649 560 1871 615 καὶδύο

275 645 667 716 συμϐήσεται·
707 645 847 701 ἀλλὰ
895 645 990 700 καί¹
1031 647 1284 719 ἀλλήλων
1334 649 1553 714 εἰκόνας
1603 651 1868 723 γνωρίζε-

274 737 410 793 σθαι
449 741 546 793 καὶ
589 737 905 812 ἀρχέτυπα,
953 739 1050 796 καὶ
1085 741 1274 812 ὅμοιον
1305 742 1486 796 ὲκεῖνο
1537 743 1736 814 τούτῳ,
1773 744 1872 799 καὶ

273 832 521 903 ἔμπαλιν
543 831 706 886 τοῦτο
740 833 958 904 ἐκείνῳ.
989 834 1102 904 Οὐχ
1130 831 1324 906 ὥσπερ
1358 834 1451 888 ὲπί
1483 853 1630 898 τινος
1657 835 1872 908 ἀνθρώ-

273 945 413 992 που,
441 927 578 999 φέρε
609 929 812 996 εἰπεῖν,
837 928 1000 999 ὁμοία
1032 929 1132 1000 μὲν
1159 929 1310 1000 αὐτῷ
1340 929 1562 998 λέγεται
1590 932 1624 1002 ή
1652 931 1866 986 ἐκείνου

273 1019 470 1084 εἰκὼν,
496 1020 613 1074 ἀλλ’
641 1021 743 1074 οὐκ
763 1022 972 1082 ἐκεῖνος
1005 1021 1384 1101 ὅμοιοςαὺτῇ.
1411 1021 1522 1075 Καὶ
1553 1021 1617 1092 δὴ
1645 1025 1740 1076 καὶ
1773 1023 1866 1076 ἀν-

271 1113 687 1184 τιστρέςρουσαν
759 1112 859 1184 τὴν
919 1114 1338 1184 ἐνυπάρχουσαν
1401 1115 1590 1178 αὐτοῖς
1658 1113 1865 1185 σχέσιν,

271 1203 482 1274 ἐπίσης
537 1204 634 1258 καὶ
685 1204 1130 1274 ἀπαραλλάκτως
1195 1203 1376 1274 ἔχειν,
1427 1204 1525 1256 καὶ
1577 1203 1868 1274 ἄνθρωπον

273 1295 518 1358 εἰκόνος,
564 1295 638 1367 μὴ
671 1295 754 1348 ὅτι
799 1295 960 1366 μόνον
1002 1293 1298 1368 ἀνθρώπου
1346 1295 1532 1348 εἰκόνα
1573 1294 1864 1366 εἰρῆσθαιο

274 1387 376 1440 ἐπὶ
413 1386 629 1450 τούτοις
656 1387 760 1458 ἤδη
797 1373 892 1440 καὶ
915 1385 1315 1459 διαπορεῖσθαι,
1346 1387 1606 1457 ὁπότερον
1632 1387 1864 1458 θατέρου

274 1478 458 1533 αἴτιον
485 1473 626 1531 εῖναι
657 1480 749 1531 καὶ
775 1479 1069 1550 πρότερον.
1091 1477 1280 1532 Ταῦτα
1309 1478 1366 1532 δὲ
1398 1478 1498 1550 τὴν
1530 1480 1742 1533 ἐκείνου
1769 1496 1866 1533 σα·-

275 1571 400 1641 φῶς
433 1572 738 1642 παρίστησι
775 1571 1012 1625 σύνεσιν.
1047 1567 1198 1640 Ἀρα
1226 1571 1336 1644 γάρ
1384 1573 1445 1626 οὐ
1479 1571 1739 1643 κιϐδήλου
1765 1571 1864 1626 καὶ

278 1663 783 1736 παρενηνεγμὲνης
835 1664 1070 1736 φρενὸς,
1118 1663 1189 1718 τὰ
1241 1664 1476 1718 τοιαῦτα
1531 1665 1860 1736 εὑρήματα;

275 1754 562 1810 Τοσοῦτον
587 1756 1002 1822 ἀνεπίσκεπτος
1031 1757 1132 1827 τῆς
1159 1755 1269 1810 τῶν
1303 1756 1476 1810 ὄντων
1509 1756 1746 1826 φύσεως,
1771 1756 1865 1810 καὶ
1897 1731 1938 1786 Β

272 1850 386 1903 τῶν
421 1847 639 1919 ἀληθῶν
660 1847 880 1919 μακρὰν
897 1847 1260 1918 διῳκισμένος
1276 1846 1666 1912 κινδυνεύσειε,
1689 1847 1865 1900 ταῦτα

273 1940 434 1994 οὐδὲν
463 1941 694 2010 ἄμεινον
721 1935 864 1992 εἶναι
894 1937 1004 1993 τῶν
1027 1941 1085 1992 ὲν
1114 1941 1228 2002 τοῖς
1255 1939 1671 2006 γυναικωνίτισι
1712 1936 1864 2007 παρά

275 2036 393 2096 τοῖς
435 2031 912 2102 κωθωνιζομένοις
945 2031 1217 2103 γραῖδίοις
1251 2031 1420 2104 ⁸κατὰ
1484 2031 1588 2096 τάς
1645 2029 1866 2100 μακρὰς

141 2169 162 2194 ε
274 2124 499 2194 όμιλίας
529 2123 806 2196 ᾀδομένων
837 2121 1291 2194 μυθολογήματα.

348 2312 442 2376 ιη’.
482 2305 572 2369 Ὠς
599 2301 693 2358 οὖν
723 2305 928 2375 ἥκιστα
958 2305 1109 2376 αύτῷ
1128 2305 1416 2370 εὐσεϐείας
1453 2308 1662 2380 προσῆν
1701 2307 1864 2363 ἔναυ-

274 2409 396 2464 σμα
424 2393 668 2461 πώποτε,
715 2393 840 2448 οὐδὲ
881 2394 1109 2465 λογικῆς
1167 2396 1487 2468 ἐπιστήμης
1531 2397 1635 2450 κᾶν
1688 2398 1862 2469 βραχῦ

270 2484 410 2552 γοῦν
433 2501 490 2536 τι
523 2484 867 2553 περιγέγονε.
899 2483 1074 2538 Πόθεν
1102 2484 1211 2556 γὰρ
1252 2485 1405 2555 αὐτῷ
1444 2487 1618 2541 αἰτίου
1651 2489 1747 2542 καὶ
1772 2490 1861 2542 αἰ-

268 2575 466 2629 τιατοῦ
497 2575 531 2646 ἢ
557 2578 658 2646 τῆς
684 2575 779 2628 τοῦ
809 2576 1001 2646 ὁμοίου
1033 2578 1396 2648 παραθέσεως
1420 2579 1448 2631 ὁ
1477 2577 1638 2647 λόγος
1661 2579 1862 2633 διασω-

269 2669 533 2736 θήσεται,
575 2666 698 2738 ῆτδ
753 2667 981 2738 μετέχον
1017 2669 1114 2721 καὶ
1168 2667 1554 2738 μετεχόμενον,
1607 2671 1863 2743 ἑτερότης

267 2775 332 2810 τε
396 2758 500 2811 καὶ
557 2759 790 2830 διαιρορά
829 2759 1291 2832 ὲπικριθήσεται;
1329 2762 1474 2833 ἅπερ
1522 2763 1614 2816 ἐπί
1660 2781 1720 2816 τε
1762 2763 1858 2818 τοῦ

269 2849 596 2920 ἀρχετύπου
627 2851 720 2904 καὶ
749 2851 850 2922 τῆς
879 2852 1088 2916 εἰκόνος
1116 2851 1360 2920 φυσικῶς
1387 2852 1754 2924 ὲνθεωρεῖται,
1793 2855 1863 2910 τὰ

274 2945 381 3014 μὲν
401 2943 504 3013 τὴν
529 2943 716 3012 σχέσιν
745 2945 840 2996 καὶ
865 2943 966 3015 τὴν
1007 2943 1270 3015 ποιότητα
1307 2944 1406 3016 τὴν
1439 2946 1497 2998 ὲν
1543 2947 1747 3012 αὐτοῖς,
1788 2947 1858 3001 τὰ

1973 485 2041 524 ne
2073 471 2364 542 imaginem
2394 475 2615 544 quidem
2645 493 2802 547 posse
2839 479 2968 536 dici.
3002 479 3156 552 Quod
3196 485 3241 540 si
3291 484 3408 542 haec
3447 505 3554 544 nou

1968 571 2097 616 sunt
2128 561 2378 634 imaginis
2411 569 2652 637 propria,
2676 573 2855 627 omnis
2887 575 3025 630 ratio
3057 575 3310 648 imaginis
3348 577 3424 635 illi
3459 597 3556 650 pe-

1970 650 2062 730 rit.
2099 649 2240 716 Quid
2266 670 2395 726 ergo
2419 657 2544 714 hinc
2566 663 2856 729 sequitur?
2879 680 3071 737 nempe
3103 678 3160 722 ut
3191 684 3297 724 una
3331 649 3556 728 eadem-

1967 755 2206 810 queres,
2233 754 2286 799 et
2313 762 2419 802 una
2464 749 2623 826 simul
2665 753 2735 807 sit
2785 763 2840 808 et
2883 755 3042 812 diue:
3097 758 3206 813 imo
3263 741 3332 817 ut
3365 773 3555 816 mutuo

1967 831 2230 904 imagines
2259 838 2446 893 sintet
2477 843 2813 916 archetypa;
2853 858 2907 903 et
2958 850 3060 905 hoc
3099 851 3197 915 illi,
3246 852 3376 908 illud
3425 855 3554 910 huic

1967 926 2204 982 vicissim
2231 930 2408 996 simile
2435 933 2526 988 sil.
2556 935 2748 1003 Aliter,
2775 941 3007 1009 exempli
3047 958 3235 1010 causa,
3281 954 3444 1015 atque
3495 953 3550 1002 in

1967 1016 2185 1074 homine
2231 1020 2523 1090 usu'veuit,
2556 1027 2660 1081 'cui
2701 1029 2880 1098 imago
2925 1033 3122 1087 dicitur
3180 1035 3408 1102 similis,
3445 1054 3552 1094 non

1970 1110 2130 1164 homo
2156 1112 2399 1184 imagini.
2429 1116 2648 1186 Alioqui
2689 1123 3098 1178 convertibilem
3146 1126 3406 1184 baberent
3453 1131 3550 1182 tle.

1967 1202 2392 1259 nominationem
2425 1223 2616 1277 suam;
2665 1209 2736 1266 ita
2763 1221 2822 1266 ut
2857 1229 3009 1284 atque
3063 1215 3550 1290 imlill‘erenterque

1969 1294 2130 1349 homo
2163 1298 2622 1371 etiainimaginis,
2650 1312 2704 1357 et
2737 1321 2843 1359 non
2882 1316 3089 1362 tantum
3155 1309 3331 1382 imago
3371 1313 3548 1368 homi-

1969 1385 2053 1438 nis
2087 1386 2363 1443 diceretur
2415 1401 2621 1461 :atque
2674 1395 2746 1448 ita
2783 1397 3131 1453 dubitaretur
3163 1401 3342 1455 utrnni
3368 1384 3550 1458 utrius

1965 1478 2121 1548 origo
2169 1487 2311 1534 esset
2363 1489 2417 1534 et
2452 1485 2800 1540 antecedens.
2853 1487 2978 1544 Haec
3027 1491 3240 1546 scilicet
3284 1491 3550 1550 Mamoua:

1967 1579 2194 1619 acumen
2227 1567 2528 1627 declarant.
2573 1571 2760 1627 Nonne
2785 1575 2928 1629 enim
2979 1577 3148 1633 futilis
3192 1589 3246 1633 et
3297 1581 3548 1636 alienatae

1967 1657 2326 1714 mentis_b:ec
2377 1672 2685 1718 commenta
2727 1667 2890 1720 sunt?
2920 1667 3144 1724 Adeone
3196 1670 3287 1725 hic
3345 1673 3548 1727 inscius

1967 1756 2186 1803 natura},
2205 1763 2382 1802 rerum
2413 1764 2526 1816 est,
2570 1762 2624 1808 et
2655 1769 2684 1808 a
2736 1757 2966 1813 veritate
3017 1761 3204 1828 procul
3261 1769 3548 1820 semotus?

1967 1836 2273 1894 Periculum
2303 1851 2494 1907 est,ut
2546 1845 2660 1900 haec
2727 1848 2897 1903 nihilo
2946 1852 3168 1907 meliora
3216 1856 3344 1921 sint,
3379 1873 3542 1926 quam

1967 1941 2086 1997 qum
2121 1931 2172 1984 in
2221 1935 2490 2003 gyumCeis
2537 1950 2564 1988 :t
2603 1936 2884 1994 bibacibus
2917 1943 3113 2016 vetulis
3165 1947 3306 2002 inter
3363 1948 3546 2020 longas

1965 2021 2440 2079 confabulationes
2492 2027 2677 2082 necuim
2713 2041 3002 2090 canuntur.

2027 2297 2123 2353 'l8.
2151 2296 2342 2352 Nullus
2378 2300 2563 2372 itaque
2585 2303 2714 2358 huic
2745 2303 2888 2361 inest
2921 2314 3080 2362 rectae
3106 2307 3382 2377 religionis
3408 2311 3543 2380 igni-

1963 2388 2148 2459 culusi.
2193 2406 2368 2460 neque
2413 2391 2600 2459 logicm
2636 2395 2879 2450 scientia:
2922 2398 3004 2453 vel
3043 2401 3334 2456 tantillum.
3390 2399 3544 2458 Unde

1963 2478 2105 2532 enim
2146 2479 2194 2534 ei
2235 2495 2396 2536 causa
2431 2492 2486 2536 et
2528 2473 2848 2550 causatun'i,
2897 2487 2978 2542 vel
3037 2490 3294 2544 similium
3359 2507 3540 2549 minua

1964 2571 2300 2638 comparatio
2329 2574 2640 2629 constabit?
2678 2576 2760 2629 vel
2797 2579 3128 2647 participans
3166 2590 3219 2634 et
3258 2583 3544 2653 participa-

1965 2670 2110 2736 tum,
2127 2662 2211 2734 vel
2242 2663 2532 2720 diversitas
2565 2676 2620 2720 et
2649 2667 2954 2722 differentia
2985 2669 3402 2739 dijudicabitur?
3423 2690 3544 2744 qua:

1918 2774 1932 2791 ο
1963 2752 2178 2822 quidem
2201 2755 2252 2808 in
2279 2758 2574 2828 archetypo
2601 2769 2658 2811 et
2701 2759 2934 2830 imagine
2975 2763 3300 2816 naturaliter
3329 2769 3544 2834 conspi—

1963 2844 2200 2910 ciuntur,
2227 2848 2425 2917 partim
2472 2849 2791 2904 relationem
2827 2851 3048 2907 illorum
3093 2863 3149 2908 et
3198 2855 3539 2922 qualitatem,

1961 2937 2157 3006 partim
2190 2939 2416 3010 subjecti
2450 2941 2817 2998 diversitatem
2847 2943 3000 2998 nobis
3024 2947 3424 3002 describentia?
3446 2949 3486 3003 ll
3513 2967 3544 3003 c

268 3030 330 3086 δὲ
353 3031 419 3086 τὺ
447 3033 693 3102 ἑτεροῖον
729 3032 827 3086 τοῦ
865 3033 1236 3104 ὑποκειμένου
1280 3034 1412 3104 ήμῐν
1445 3035 1854 3106 ὑπογράφοντα.

1964 3039 2140 3084 autem
2191 3030 2333 3087 idem
2393 3041 2556 3101 atque
2580 3033 2894 3090 indiﬂ‘erens
2962 3037 3014 3090 in
3071 3047 3302 3108 utroque
3335 3056 3543 3110 ponci-s

270 3117 455 3188 οὗτος
497 3123 558 3178 δὲ
593 3124 656 3178 τὸ
693 3123 892 3178 ταύτὸν
934 3123 1030 3178 καὶ
1063 3124 1486 3195 ἀπαράλλακτον
1531 3128 1618 3180 ἐπ’
1652 3129 1858 3200 ἀμφοῖν

272 3216 594 3287 τιθέμενος,
627 3217 828 3290 ἀγνοίᾳ
851 3217 952 3288 τῆς
983 3217 1094 3272 τῶν
1127 3217 1300 3272 όντων
1343 3219 1709 3291 ἐπισκέψεως,
1765 3220 1859 3276 τὸν

273 3305 375 3376 τῆς
400 3307 614 3370 εἰκόνος
651 3305 812 3372 λόγον
867 3299 1178 3378 ὀλοτρόπως
1233 3308 1464 3374 ἀνεῖλεν,
1519 3311 1656 3382 ὅπερ
1708 3311 1860 3368 ἐστὶν

278 3397 570 3452 ἀδύνατον.
618 3397 778 3452 Οὕτω
809 3397 918 3471 γὰρ
947 3399 1044 3453 καὶ
1093 3399 1204 3453 τῶν
1235 3401 1581 3472 πραγμάτων
1617 3404 1650 3473 ή
1685 3403 1856 3471 φύσις

276 3488 436 3560 αύτῷ
466 3491 982 3562 παμκεχάρακται.
1021 3491 1164 3545 Ἀλλ’
1189 3491 1342 3546 ἔοικα
1373 3495 1438 3565 τῇ
1480 3494 1618 3566 αὐτῇ
1663 3495 1859 3567 ἐκείνῳ

274 3577 614 3650 ἀπαιδευσίᾳ
645 3579 1210 3650 συμπεριηνεγμένος,
1242 3580 1334 3632 τὸν
1359 3581 1440 3644 εἰς
1480 3582 1704 3654 μνήμην
1731 3581 1858 3636 τού-

278 3685 390 3722 των
418 3669 522 3722 οὐκ
542 3665 850 3740 ἀφιγμένον
877 3669 1100 3724 πώποτε
1128 3669 1585 3743 καταιτιώμενος.
1630 3673 1858 3745 Δόξαιμι

276 3757 388 3827 γὰρ
411 3757 480 3810 ἀν
508 3759 705 3813 ταύτόν
737 3775 790 3812 τι
816 3763 1011 3824 ποιεῖν,
1037 3759 1113 3824 ώς
1133 3760 1296 3824 εἴτις
1315 3760 1408 3814 τὸν
1431 3762 1676 3834 γεωργὸν
1703 3765 1736 3834 ἢ
1766 3763 1858 3819 τὸν

278 3849 576 3918 βάναυσον,
607 3850 686 3920 τῷ
724 3849 1045 3923 θεωρητικῷ
1082 3851 1384 3907 διευθύνειν
1427 3854 1757 3928 ἐπιχειροίη.
1793 3857 1858 3911 Τί

273 3939 392 4009 γὰρ
417 3938 500 3992 δεῖ
516 3939 610 3992 τὸν
642 3939 968 4011 ἀνδροφόνον
1027 3942 1124 3995 καὶ
1174 3943 1422 4028 ἀμουσοχ
1465 3942 1732 4013 λογικαῖς,
1759 3947 1858 4016 ἔφ-

275 4029 428 4093 όδοις
457 4031 689 4102 μετέρχε
697 4031 938 4101 σθαι,τὸν
955 4033 1184 4104 αῖμασιν
1201 4033 1560 4106 ἀνθρωπείοις
1575 4037 1860 4094 καὶταῦτα

277 4122 626 4192 Χριστιανῶν
656 4122 938 4196 χαίροντα,
967 4125 1101 4202 κυσί,
1121 4143 1180 4179 τε
1211 4125 1308 4180 καὶ
1355 4127 1510 4180 συσὶν
1553 4127 1860 4197 ἑπαγαλλόυ

279 4228 471 4283 μενον,
493 4207 573 4276 οἷς
603 4213 667 4267 τὸ
697 4212 861 4270 πλέον
881 4214 984 4286 τῆς
1005 4214 1152 4288 ζωῆς
1197 4215 1559 4288 χαριζόμενος
1600 4217 1816 4290 ἔνειμεν
1840 4234 1856 4285 ;

277 4303 410 4357 ὅθεν
438 4303 586 4375 αὐτῷ
620 4305 654 4376 ή
684 4304 884 4378 μελέτη
911 4306 1022 4363 τῶν
1055 4307 1347 4378 δογμάτων
1378 4307 1704 4380 ἐξήρτηται,
1759 4309 1858 4364 καὶ

1961 3118 2182 3190 (quippe
2220 3135 2310 3176 res
2345 3123 2724 3180 considerandi
2777 3126 3020 3198 ignarus)
3070 3137 3234 3183 totam
3287 3131 3543 3201 imaginis

1962 3211 2224 3266 rationem
2281 3214 2532 3279 sustulit,
2589 3217 2733 3285 quod
2784 3232 3010 3287 prorsus
3055 3219 3170 3274 ﬁeri
3213 3224 3418 3291 nequit.
3449 3220 3542 3274 Sir.

1960 3303 2102 3357 enim
2142 3319 2320 3359 rerum
2346 3319 2564 3376 quoque
2615 3318 2807 3362 natura
2863 3311 2932 3364 ab
2961 3325 3027 3366 eo
3058 3311 3388 3367 aboleretur.
3431 3313 3537 3367 Sed

1953 3389 2063 3460 jam
2096 3391 2226 3446 mihi
2267 3392 2452 3448 videor
2485 3398 2536 3450 iu
2569 3395 2756 3450 eadem
2800 3413 2864 3452 ac
2900 3399 3016 3469 ipse
3050 3399 3263 3456 inscitia
3293 3403 3536 3465 versari,

1959 3482 2084 3536 dum
2113 3497 2236 3538 eum
2263 3484 2602 3554 reprehendo
2629 3487 2721 3557 qui
2751 3488 2950 3542 nullam
2977 3507 3208 3561 unquam
3239 3505 3416 3546 rerum
3445 3493 3538 3548 ba-

1960 3587 2078 3628 rum
2113 3574 2356 3629 notitiam
2383 3576 2593 3632 babuit.
2635 3576 2847 3634 Credar
2875 3581 3018 3634 enim
3053 3583 3192 3638 idem
3237 3583 3437 3648 facere,
3472 3601 3538 3638 ac

1961 3663 2006 3718 si
2025 3663 2146 3732 quis
2175 3664 2468 3735 agricolam
2487 3676 2582 3721 aut
2604 3667 2846 3734 baiulum
2876 3670 3207 3740 speculativa
3245 3673 3532 3742 disciplina

1957 3753 2089 3808 velit
2113 3751 2426 3811 informare.
2465 3755 3084 3823 Quidenimmammonze
3120 3773 3354 3818 cruento
3391 3765 3538 3818 rudi-

1958 3858 2064 3915 que
2087 3845 2293 3900 homini
2317 3861 2440 3902 cum
2473 3847 2666 3918 logicis
2708 3847 3055 3910 facultatibus
3095 3855 3296 3925 negotii
3329 3855 3437 3910 sit?
3485 3857 3538 3912 ei

1960 3951 2150 4006 nempe
2175 3938 2265 4008 qui
2292 3939 2548 4006 humano,
2580 3951 2633 3996 et
2662 3942 2878 4011 quidem
2905 3943 3366 4011 Christianorum,
3405 3963 3537 4001 san-

1959 4028 2118 4097 guine
2141 4027 2248 4099 25
2275 4031 2489 4100 gaudet,
2524 4033 2753 4089 canibus
2778 4035 3034 4106 aprisque
3063 4038 3382 4101 deleantur,
3418 4041 3540 4108 qui-

1958 4119 2059 4174 bus
2082 4119 2369 4189 plurimam
2393 4123 2519 4178 vitae
2556 4138 2668 4178 sua:
2703 4137 2909 4194 partem
2968 4129 3267 4196 impendit;
3313 4130 3452 4183 unde
3489 4131 3536 4184 is

1959 4210 2209 4268 videlicet
2234 4213 2644 4270 meditationem
2667 4219 2974 4286 «logtnatum
3004 4220 3224 4283 didicit,
3253 4221 3538 4291 multaeque

1959 4301 2196 4355 scientia:
2219 4301 2288 4356 ab
2321 4301 2689 4372 hujuscemodi
2719 4305 2994 4360 exercitiis
3017 4321 3285 4362 summam
3303 4309 3535 4380 collegit.

279 4395 380 4466 τῆς
411 4395 613 4466 πολλῆς
637 4397 952 4470 ἐπιστήμης
995 4397 1086 4451 διὰ
1115 4397 1217 4470 τῆς
1241 4398 1352 4454 τῶν
1387 4399 1649 4454 τοιούτων
1675 4400 1858 4471 ἀσκή-

1964 4391 2236 4448 Mittamus
2282 4407 2427 4448 nunc
2479 4393 2742 4464 reliquam
2768 4397 2939 4455 vitam
2983 4397 3186 4464 dicere,
3214 4413 3375 4468 quam
3413 4417 3538 4455 nar-

280 4502 422 4549 σεως
452 4487 908 4561 συναγήγερταιή
933 4487 1262 4562 κατάληψις.
1301 4490 1512 4571 Ἐῶμεν
1539 4485 1713 4546 τᾶλλα
1762 4490 1858 4546 τοῦ

278 4578 404 4650 βίου
424 4578 607 4648 λέγειν
624 4578 696 4635 τά
715 4579 832 4648 νῦν,
853 4579 890 4635 ἀ
915 4582 1010 4636 καὶ
1037 4579 1222 4650 λέγειν
1241 4583 1490 4654 αἰσχρὸν,
1517 4583 1612 4638 καὶ⁵
1635 4582 1861 4639 ἀκούειν

206 4657 228 4678 χ
277 4669 551 4738 λεγόντων
573 4670 928 4742 αἰσχρότερον
951 4687 1014 4725 τε
1040 4671 1136 4728 καὶ
1165 4673 1596 4746 βλαϐερώτερον.
1625 4674 1720 4738 Τίς
1751 4674 1860 4746 γάρ

281 4761 352 4816 ἀν
379 4761 482 4816 ῖδοι
502 4761 793 4834 ἄνθρωπον
816 4763 1226 4834 κυνηλατοῦντα
1278 4765 1372 4818 καὶ
1415 4765 1559 4818 συῶν
1609 4764 1707 4818 καὶ
1741 4765 1862 4820 ὲλά-

282 4867 404 4918 φων
437 4849 561 4920 ἴχνη
601 4840 742 4904 ’κυσὶ
775 4852 868 4906 καὶ
901 4851 1098 4924 θηρσὶν
1125 4851 1388 4917 ὡσαύτως
1435 4851 1859 4926 περιαθροῢντα,

282 4942 381 4996 καὶ
412 4943 515 5012 τῆς
539 4943 706 5014 φίλης
739 4944 964 5009 ἰππείας
991 4945 1065 5008 ὡς
1097 4945 1326 5018 ήδίστης
1350 4944 1860 5018 περιαληλιμμὲνον

278 5039 380 5090 καὶ
405 5037 754 5106 δεδευμένον,
781 5039 877 5092 καὶ
905 5038 982 5102 ὡς
1005 5037 1241 5102 εὐώδους
1289 5038 1466 5110 μύρου
1490 5037 1862 5110 ἀντειλημμέ-

276 5145 394 5191 νον,
422 5131 540 5190 τοῖς
563 5127 791 5198 ὗιιηλοῖς
811 5129 911 5202 τῆς
940 5129 1226 5194 εὐσεϐείας
1256 5131 1516 5202 ἀσφαλῶς
1565 5133 1658 5185 καὶ
1691 5131 1860 5200 ὑγιῶς

278 5219 691 5292 προσϐαίνοντα
745 5220 1012 5292 δόγμασι;
1057 5221 1216 5294 Ῥᾷον
1258 5223 1476 5296 γὰρᾶν
1505 5239 1590 5287 τις
1645 5223 1862 5278 ἀκούων

278 5311 505 5380 οῖσειεν,
534 5315 596 5367 ἐν
631 5312 796 5387 κώπῃ
831 5313 932 5386 τὴν
975 5315 1282 5386 κεραμείαν
1317 5315 1351 5386 ἢ
1397 5313 1691 5384 γεωργίαν,
1725 5313 1862 5369 ἀλλὰ

285 5405 365 5478 μὴ
391 5405 492 5477 τὴν
517 5405 801 5460 ναυτιλίαν
829 5406 956 5460 τινὰ
994 5405 1436 5469 ὲκπαιδεύεσθαι,
1471 5405 1566 5458 καὶ
1615 5404 1862 5476 θωρακο-

283 5495 562 5566 φοροῦντα
591 5495 948 5551 θαλαττεύειν
978 5495 1182 5568 μᾶλλον
1211 5497 1311 5567 οὐχ
1343 5493 1673 5560 ὁπλιτεύειν,
1705 5495 1740 5565 ἧ
1771 5495 1862 5550 τὸν

280 5589 345 5641 ἑν
375 5589 584 5662 aucupia
609 5567 1371 5662 καὶαίσχρότησινἊρρήτοις
1399 5587 1860 5659 ἐμμολυνόμενον,

283 5679 383 5734 καὶ
412 5681 576 5753 χερσὶ
627 5681 1109 5757 καθῃμαγμέναις,
1156 5683 1252 5737 καὶ
1291 5680 1576 5752 ἀκολάστῳ
1615 5679 1859 5752 γλώσσῃ,

1961 4499 2085 4540 rare
2113 4493 2271 4556 turpe
2309 4487 2640 4554 est,—audire
2685 4498 2868 4544 autem
2925 4501 3200 4545 narratam
3235 4495 3448 4563 turpius
3472 4511 3538 4548 ac

1961 4576 2343 4647 perniciosius.
2376 4575 2512 4634 Nam
2545 4580 2668 4649 quis
2691 4596 2928 4650 unquam
2964 4581 3096 4636 vidit
3123 4583 3402 4638 hominem
3447 4601 3539 4638 ve-

1963 4677 2232 4734 natorem,
2265 4685 2522 4740 aprorum
2549 4686 2942 4742 cervorumque
2971 4673 3218 4744 vestigia,
3251 4690 3348 4730 ceu
3373 4692 3538 4732 canes
3645 4711 3648 4715 ι

1961 4755 2198 4828 ferreque
2229 4760 2433 4827 solent,
2463 4745 2904 4830 persequentem,
2933 4761 3130 4817 dilecto
3159 4764 3538 4830 agitandorunt

1961 4863 2222 4919 equorum
2249 4851 2428 4906 studio
2449 4851 2692 4906 deditum
2725 4861 2778 4905 et
2811 4851 3160 4920 devinctum,
3205 4853 3366 4923 idque
3413 4871 3540 4912 sua-

1963 4938 2178 4997 vissimi
2210 4944 2472 5014 unguenti
2503 4943 2623 4998 loco
2649 4942 2960 5010 habentem,
2984 4945 3308 5002 sublimibus
3334 4949 3540 5018 paritur

1964 5033 2244 5104 religionis
2276 5035 2620 5104 dogmatibus
2661 5041 2779 5088 tuto
2809 5049 2874 5090 ac
2899 5036 3194 5092 salubriter
3251 5054 3310 5094 se
3357 5040 3538 5093 itumi-

1963 5124 2232 5195 scentem?
2247 5123 2483 5180 Facilius
2511 5125 2778 5200 quispiam
2803 5126 3010 5196 credet,
3042 5127 3112 5183 ab
3129 5143 3194 5183 eo
3213 5129 3302 5198 qui
3331 5145 3538 5184 remum

1965 5225 2111 5272 tenet
2137 5215 2375 5286 ﬂglinam
2407 5227 2499 5272 aut
2539 5217 2926 5289 agriculturam
2959 5235 3061 5291 pro
3101 5237 3158 5277 re
3192 5221 3408 5274 nautica
3441 5224 3540 5272 do-

1963 5307 2101 5373 ceri,
2129 5307 2212 5362 vel
2247 5307 2536 5364 loricatum
2560 5311 2830 5366 hominem
2867 5311 3233 5384 navigationis
3267 5311 3384 5363 loco
3437 5309 3539 5362 mi-

1963 5399 2093 5454 litiae
2115 5399 2520 5470 addici;quam
2557 5401 2830 5457 hominem
2884 5413 3126 5458 stercore
3183 5398 3538 5470 nefandisque

1969 5492 2396 5562 turpitudinibus
2411 5494 2771 5562 sordidatum,
2792 5493 3044 5550 manibus
3069 5491 3500 5562 sanguinolentis
3517 5531 3537 5558 ,

1965 5587 2144 5657 lingua
2181 5586 2598 5656 intemperante,
2631 5587 2976 5655 marcidaque
3008 5593 3210 5650 mente,
3241 5583 3420 5639 divina
3443 5585 3540 5639 do-

1965 5687 2142 5750 gmata
2170 5677 2458 5750 attingere,
2500 5675 2702 5749 Deique
2723 5677 2978 5748 mysteria
3007 5676 3210 5748 eloqui,
3235 5691 3353 5748 qua:
3379 5693 3536 5734 muu~
