  <div class='ocr_page' id='page_1' title='image "/cluster/home/n/w/nwhite01/storage/ocr_20150623/100/hvd.32044054111919/136.png"; bbox 0 0 3994 6198; ppageno 0'>
   <div class='ocr_carea' id='block_1_1' title="bbox 292 247 395 313">
    <p class='ocr_par' dir='ltr' id='par_1_1' title="bbox 292 247 395 313">
     <span class='ocr_line' id='line_1_1' title="bbox 292 247 395 313; baseline 0.029 -3"><span class='ocrx_word' id='word_1_1' title='bbox 292 247 395 313; x_wconf 72' lang='lat'><strong>261</strong></span> 
     </span>
    </p>
   </div>
   <div class='ocr_carea' id='block_1_2' title="bbox 1026 243 2796 323">
    <p class='ocr_par' dir='ltr' id='par_1_2' title="bbox 1026 243 2796 323">
     <span class='ocr_line' id='line_1_2' title="bbox 1026 243 2796 323; baseline 0.008 -14"><span class='ocrx_word' id='word_1_2' title='bbox 1026 251 1653 313; x_wconf 69' lang='lat' dir='ltr'><strong>ANTIRRHETICUS</strong></span> <span class='ocrx_word' id='word_1_3' title='bbox 1693 255 1720 314; x_wconf 92' lang='grc' dir='ltr'>Ι</span> <span class='ocrx_word' id='word_1_4' title='bbox 1764 256 1929 316; x_wconf 75' lang='grc' dir='ltr'>Αῡν.</span> <span class='ocrx_word' id='word_1_5' title='bbox 1972 258 2564 322; x_wconf 74' lang='lat' dir='ltr'><strong>CONSTANTINUM</strong></span> <span class='ocrx_word' id='word_1_6' title='bbox 2603 243 2796 323; x_wconf 77' lang='lat' dir='ltr'><strong>COPR</strong></span> 
     </span>
    </p>
   </div>
   <div class='ocr_carea' id='block_1_3' title="bbox 3447 269 3555 330">
    <p class='ocr_par' dir='ltr' id='par_1_3' title="bbox 3447 269 3555 330">
     <span class='ocr_line' id='line_1_3' title="bbox 3447 269 3555 330; baseline 0.009 -1"><span class='ocrx_word' id='word_1_7' title='bbox 3447 269 3555 330; x_wconf 73' lang='lat'><strong>262</strong></span> 
     </span>
    </p>
   </div>
   <div class='ocr_carea' id='block_1_4' title="bbox 289 353 1881 442">
    <p class='ocr_par' dir='ltr' id='par_1_4' title="bbox 289 353 1878 431">
     <span class='ocr_line' id='line_1_4' title="bbox 289 353 1878 431; baseline 0.004 -22"><span class='ocrx_word' id='word_1_8' title='bbox 289 359 362 427; x_wconf 80' lang='grc' dir='ltr'><strong>τῇ</strong></span> <span class='ocrx_word' id='word_1_9' title='bbox 409 355 575 425; x_wconf 80' lang='grc' dir='ltr'>σαρκὶ</span> <span class='ocrx_word' id='word_1_10' title='bbox 620 353 682 422; x_wconf 76' lang='grc' dir='ltr'>ἐξ</span> <span class='ocrx_word' id='word_1_11' title='bbox 721 355 971 426; x_wconf 78' lang='grc' dir='ltr'><strong>ἀνάγκης</strong></span> <span class='ocrx_word' id='word_1_12' title='bbox 1020 356 1112 409; x_wconf 82' lang='grc' dir='ltr'><strong>τὸν</strong></span> <span class='ocrx_word' id='word_1_13' title='bbox 1146 358 1351 426; x_wconf 82' lang='grc' dir='ltr'>Λόγον’</span> <span class='ocrx_word' id='word_1_14' title='bbox 1395 358 1426 412; x_wconf 83' lang='grc' dir='ltr'><strong>ὃ</strong></span> <span class='ocrx_word' id='word_1_15' title='bbox 1455 361 1734 431; x_wconf 84' lang='grc' dir='ltr'>πανταχοῦ</span> <span class='ocrx_word' id='word_1_16' title='bbox 1787 378 1878 415; x_wconf 84' lang='grc' dir='ltr'>πε-</span> 
     </span>
    </p>
   </div>
   <div class='ocr_carea' id='block_1_5' title="bbox 1983 353 3552 442">
    <p class='ocr_par' dir='ltr' id='par_1_5' title="bbox 1990 369 3552 442">
     <span class='ocr_line' id='line_1_5' title="bbox 1990 369 3552 442; baseline 0.01 -25"><span class='ocrx_word' id='word_1_17' title='bbox 1990 375 2374 434; x_wconf 85' lang='lat' dir='ltr'><strong>argumentum</strong></span> <span class='ocrx_word' id='word_1_18' title='bbox 2401 369 2570 434; x_wconf 87' lang='lat' dir='ltr'><strong>aliud,</strong></span> <span class='ocrx_word' id='word_1_19' title='bbox 2608 386 2805 442; x_wconf 88' lang='lat' dir='ltr'><strong>nempe</strong></span> <span class='ocrx_word' id='word_1_20' title='bbox 2828 373 2972 442; x_wconf 88' lang='lat' dir='ltr'><strong>quod</strong></span> <span class='ocrx_word' id='word_1_21' title='bbox 3006 372 3242 430; x_wconf 82' lang='lat' dir='ltr'><strong>Verbum</strong></span> <span class='ocrx_word' id='word_1_22' title='bbox 3273 392 3377 431; x_wconf 86' lang='lat' dir='ltr'><strong>una</strong></span> <span class='ocrx_word' id='word_1_23' title='bbox 3429 395 3552 433; x_wconf 88' lang='lat' dir='ltr'><strong>cum</strong></span> 
     </span>
    </p>
   </div>
   <div class='ocr_carea' id='block_1_6' title="bbox 291 445 1880 522">
    <p class='ocr_par' dir='ltr' id='par_1_6' title="bbox 291 445 1880 522">
     <span class='ocr_line' id='line_1_6' title="bbox 291 445 1880 522; baseline 0.004 -24"><span class='ocrx_word' id='word_1_24' title='bbox 291 445 725 516; x_wconf 79' lang='grc' dir='ltr'>ρισομὸοὗντες,</span> <span class='ocrx_word' id='word_1_25' title='bbox 757 449 1026 518; x_wconf 76' lang='grc' dir='ltr'>ἑπόμενον</span> <span class='ocrx_word' id='word_1_26' title='bbox 1076 449 1156 511; x_wconf 85' lang='grc' dir='ltr'><strong>είς</strong></span> <span class='ocrx_word' id='word_1_27' title='bbox 1192 450 1396 503; x_wconf 79' lang='grc' dir='ltr'><strong>κακίαν</strong></span> <span class='ocrx_word' id='word_1_28' title='bbox 1441 453 1554 512; x_wconf 82' lang='grc' dir='ltr'>τοῖς</span> <span class='ocrx_word' id='word_1_29' title='bbox 1591 453 1880 522; x_wconf 82' lang='grc' dir='ltr'><strong>προτέροις</strong></span> 
     </span>
    </p>
   </div>
   <div class='ocr_carea' id='block_1_7' title="bbox 289 537 1880 610">
    <p class='ocr_par' dir='ltr' id='par_1_7' title="bbox 289 537 1880 610">
     <span class='ocr_line' id='line_1_7' title="bbox 289 537 1880 610; baseline 0.005 -19"><span class='ocrx_word' id='word_1_30' title='bbox 289 537 534 608; x_wconf 79' lang='grc' dir='ltr'>ιχουσιν.</span> <span class='ocrx_word' id='word_1_31' title='bbox 604 537 770 592; x_wconf 83' lang='grc' dir='ltr'><strong>Ἀλλά</strong></span> <span class='ocrx_word' id='word_1_32' title='bbox 828 539 1029 609; x_wconf 74' lang='grc' dir='ltr'>φατέον</span> <span class='ocrx_word' id='word_1_33' title='bbox 1097 539 1193 593; x_wconf 75' lang='grc' dir='ltr'>καὶ</span> <span class='ocrx_word' id='word_1_34' title='bbox 1247 541 1384 610; x_wconf 75' lang='grc' dir='ltr'>πρὸς</span> <span class='ocrx_word' id='word_1_35' title='bbox 1442 542 1652 596; x_wconf 70' lang='grc' dir='ltr'><strong>ταῦτα⁸</strong></span> <span class='ocrx_word' id='word_1_36' title='bbox 1710 545 1880 598; x_wconf 81' lang='grc' dir='ltr'>Πότε-</span> 
     </span>
    </p>
   </div>
   <div class='ocr_carea' id='block_1_8' title="bbox 289 628 1880 707">
    <p class='ocr_par' dir='ltr' id='par_1_8' title="bbox 289 628 1880 707">
     <span class='ocr_line' id='line_1_8' title="bbox 289 628 1880 707; baseline 0.006 -27"><span class='ocrx_word' id='word_1_37' title='bbox 289 645 388 701; x_wconf 87' lang='grc' dir='ltr'><strong>ρον</strong></span> <span class='ocrx_word' id='word_1_38' title='bbox 438 628 583 682; x_wconf 83' lang='grc' dir='ltr'><strong>κατά</strong></span> <span class='ocrx_word' id='word_1_39' title='bbox 632 629 732 699; x_wconf 84' lang='grc' dir='ltr'>τὴν</span> <span class='ocrx_word' id='word_1_40' title='bbox 789 632 999 684; x_wconf 85' lang='grc' dir='ltr'>οἰκείαν</span> <span class='ocrx_word' id='word_1_41' title='bbox 1050 631 1144 683; x_wconf 67' lang='grc' dir='ltr'><strong>καὶ</strong></span> <span class='ocrx_word' id='word_1_42' title='bbox 1179 631 1493 702; x_wconf 71' lang='grc' dir='ltr'>ἀπόρρητον</span> <span class='ocrx_word' id='word_1_43' title='bbox 1539 633 1699 702; x_wconf 76' lang='grc' dir='ltr'>φύσιν</span> <span class='ocrx_word' id='word_1_44' title='bbox 1724 652 1880 707; x_wconf 88' lang='grc' dir='ltr'>περι-</span> 
     </span>
    </p>
   </div>
   <div class='ocr_carea' id='block_1_9' title="bbox 287 721 1878 799">
    <p class='ocr_par' dir='ltr' id='par_1_9' title="bbox 287 721 1878 799">
     <span class='ocr_line' id='line_1_9' title="bbox 287 721 1878 799; baseline 0.004 -26"><span class='ocrx_word' id='word_1_45' title='bbox 287 721 516 792; x_wconf 70' lang='grc' dir='ltr'>εγράφη</span> <span class='ocrx_word' id='word_1_46' title='bbox 573 721 1000 792; x_wconf 78' lang='grc' dir='ltr'>σωματούμενος</span> <span class='ocrx_word' id='word_1_47' title='bbox 1024 764 1038 786; x_wconf 93' lang='grc'><strong>,</strong></span> <span class='ocrx_word' id='word_1_48' title='bbox 1072 723 1104 793; x_wconf 74' lang='grc' dir='ltr'>ἢ</span> <span class='ocrx_word' id='word_1_49' title='bbox 1134 721 1232 788; x_wconf 69' lang='lat' dir='ltr'><strong>ob;</strong></span> <span class='ocrx_word' id='word_1_50' title='bbox 1280 723 1344 776; x_wconf 88' lang='grc' dir='ltr'><strong>Εἰ</strong></span> <span class='ocrx_word' id='word_1_51' title='bbox 1379 723 1477 794; x_wconf 82' lang='grc' dir='ltr'>μὲν</span> <span class='ocrx_word' id='word_1_52' title='bbox 1508 727 1878 799; x_wconf 80' lang='grc' dir='ltr'>περιεγράφη,</span> 
     </span>
    </p>
   </div>
   <div class='ocr_carea' id='block_1_10' title="bbox 286 813 1876 889">
    <p class='ocr_par' dir='ltr' id='par_1_10' title="bbox 286 813 1876 889">
     <span class='ocr_line' id='line_1_10' title="bbox 286 813 1876 889; baseline 0.003 -23"><span class='ocrx_word' id='word_1_53' title='bbox 286 813 530 866; x_wconf 76' lang='grc' dir='ltr'>δεδόσθω</span> <span class='ocrx_word' id='word_1_54' title='bbox 569 814 666 866; x_wconf 74' lang='grc' dir='ltr'>καὶ</span> <span class='ocrx_word' id='word_1_55' title='bbox 712 815 862 884; x_wconf 70' lang='grc' dir='ltr'>παρὰ</span> <span class='ocrx_word' id='word_1_56' title='bbox 904 813 968 866; x_wconf 78' lang='grc' dir='ltr'>τὸ</span> <span class='ocrx_word' id='word_1_57' title='bbox 998 815 1506 886; x_wconf 76' lang='grc' dir='ltr'>χαρακτηρίζεσθαι</span> <span class='ocrx_word' id='word_1_58' title='bbox 1530 833 1543 846; x_wconf 82' lang='grc'><em>’</em></span> <span class='ocrx_word' id='word_1_59' title='bbox 1573 817 1623 869; x_wconf 86' lang='grc' dir='ltr'>εἰ</span> <span class='ocrx_word' id='word_1_60' title='bbox 1663 818 1722 870; x_wconf 83' lang='grc' dir='ltr'>δὲ</span> <span class='ocrx_word' id='word_1_61' title='bbox 1763 817 1876 889; x_wconf 83' lang='grc' dir='ltr'>μὴ,</span> 
     </span>
    </p>
   </div>
   <div class='ocr_carea' id='block_1_11' title="bbox 288 904 1880 978">
    <p class='ocr_par' dir='ltr' id='par_1_11' title="bbox 288 904 1880 978">
     <span class='ocr_line' id='line_1_11' title="bbox 288 904 1880 978; baseline 0.004 -20"><span class='ocrx_word' id='word_1_62' title='bbox 288 904 379 968; x_wconf 87' lang='grc' dir='ltr'><strong>τίς</strong></span> <span class='ocrx_word' id='word_1_63' title='bbox 426 907 455 958; x_wconf 84' lang='grc' dir='ltr'><strong>ό</strong></span> <span class='ocrx_word' id='word_1_64' title='bbox 495 905 886 975; x_wconf 72' lang='grc' dir='ltr'>ἐκϐιαζόμενος</span> <span class='ocrx_word' id='word_1_65' title='bbox 919 905 1079 974; x_wconf 83' lang='grc' dir='ltr'>λόγος</span> <span class='ocrx_word' id='word_1_66' title='bbox 1099 948 1113 969; x_wconf 92' lang='grc'><strong>,</strong></span> <span class='ocrx_word' id='word_1_67' title='bbox 1143 907 1686 978; x_wconf 77' lang='grc' dir='ltr'>χαρακτηριζόμενον</span> <span class='ocrx_word' id='word_1_68' title='bbox 1717 909 1880 964; x_wconf 81' lang='grc' dir='ltr'>αὑτὸν</span> 
     </span>
    </p>
   </div>
   <div class='ocr_carea' id='block_1_12' title="bbox 293 996 1882 1070">
    <p class='ocr_par' dir='ltr' id='par_1_12' title="bbox 293 996 1882 1070">
     <span class='ocr_line' id='line_1_12' title="bbox 293 996 1882 1070; baseline 0.003 -23"><span class='ocrx_word' id='word_1_69' title='bbox 293 997 465 1066; x_wconf 78' lang='grc' dir='ltr'>σαρκὶ</span> <span class='ocrx_word' id='word_1_70' title='bbox 487 997 1082 1066; x_wconf 72' lang='grc' dir='ltr'>συμπεριγεγράφθαις</span> <span class='ocrx_word' id='word_1_71' title='bbox 1106 998 1170 1048; x_wconf 83' lang='grc' dir='ltr'>Ὀ</span> <span class='ocrx_word' id='word_1_72' title='bbox 1201 996 1310 1067; x_wconf 79' lang='grc' dir='ltr'><strong>γάρ</strong></span> <span class='ocrx_word' id='word_1_73' title='bbox 1334 996 1408 1067; x_wconf 79' lang='grc' dir='ltr'>μὴ</span> <span class='ocrx_word' id='word_1_74' title='bbox 1432 997 1689 1062; x_wconf 83' lang='grc' dir='ltr'>πέπονθε,</span> <span class='ocrx_word' id='word_1_75' title='bbox 1721 1016 1882 1070; x_wconf 85' lang='grc' dir='ltr'>προσ-</span> 
     </span>
    </p>
   </div>
   <div class='ocr_carea' id='block_1_13' title="bbox 289 1083 1879 1157">
    <p class='ocr_par' dir='ltr' id='par_1_13' title="bbox 289 1083 1879 1157">
     <span class='ocr_line' id='line_1_13' title="bbox 289 1083 1879 1157; baseline 0.001 -19"><span class='ocrx_word' id='word_1_76' title='bbox 289 1083 538 1154; x_wconf 54' lang='grc' dir='ltr'>ειληξὼς</span> <span class='ocrx_word' id='word_1_77' title='bbox 562 1088 660 1153; x_wconf 76' lang='grc' dir='ltr'>τὴν</span> <span class='ocrx_word' id='word_1_78' title='bbox 689 1085 1175 1156; x_wconf 73' lang='grc' dir='ltr'>περιγραφομὲνην</span> <span class='ocrx_word' id='word_1_79' title='bbox 1223 1085 1402 1154; x_wconf 80' lang='grc' dir='ltr'><strong>σάρκα</strong></span> <span class='ocrx_word' id='word_1_80' title='bbox 1426 1123 1442 1148; x_wconf 87' lang='grc'><strong>,</strong></span> <span class='ocrx_word' id='word_1_81' title='bbox 1473 1087 1591 1149; x_wconf 85' lang='grc' dir='ltr'>πῶς</span> <span class='ocrx_word' id='word_1_82' title='bbox 1611 1086 1713 1156; x_wconf 83' lang='grc' dir='ltr'>τῆς</span> <span class='ocrx_word' id='word_1_83' title='bbox 1744 1103 1879 1157; x_wconf 74' lang='grc' dir='ltr'>σαρο</span> 
     </span>
    </p>
   </div>
   <div class='ocr_carea' id='block_1_14' title="bbox 292 1175 1881 1247">
    <p class='ocr_par' dir='ltr' id='par_1_14' title="bbox 292 1175 1881 1247">
     <span class='ocr_line' id='line_1_14' title="bbox 292 1175 1881 1247; baseline 0.001 -18"><span class='ocrx_word' id='word_1_84' title='bbox 292 1177 391 1239; x_wconf 78' lang='grc' dir='ltr'><strong>κδς</strong></span> <span class='ocrx_word' id='word_1_85' title='bbox 417 1177 777 1245; x_wconf 62' lang='grc' dir='ltr'>γραφομένης</span> <span class='ocrx_word' id='word_1_86' title='bbox 809 1177 1098 1240; x_wconf 75' lang='grc' dir='ltr'>πείσεταις</span> <span class='ocrx_word' id='word_1_87' title='bbox 1127 1177 1345 1246; x_wconf 80' lang='grc' dir='ltr'>Καίπερ</span> <span class='ocrx_word' id='word_1_88' title='bbox 1373 1175 1548 1240; x_wconf 70' lang='grc' dir='ltr'>οὕτως</span> <span class='ocrx_word' id='word_1_89' title='bbox 1569 1178 1881 1247; x_wconf 81' lang='grc' dir='ltr'>στηλιτευό-</span> 
     </span>
    </p>
   </div>
   <div class='ocr_carea' id='block_1_15' title="bbox 294 1265 1879 1336">
    <p class='ocr_par' dir='ltr' id='par_1_15' title="bbox 294 1265 1879 1336">
     <span class='ocr_line' id='line_1_15' title="bbox 294 1265 1879 1336; baseline -0.001 -18"><span class='ocrx_word' id='word_1_90' title='bbox 294 1283 475 1336; x_wconf 85' lang='grc' dir='ltr'>μενοι,</span> <span class='ocrx_word' id='word_1_91' title='bbox 511 1267 586 1328; x_wconf 84' lang='grc' dir='ltr'>ὠς</span> <span class='ocrx_word' id='word_1_92' title='bbox 615 1267 914 1336; x_wconf 77' lang='grc' dir='ltr'>ἀδιανόητα</span> <span class='ocrx_word' id='word_1_93' title='bbox 950 1269 1042 1320; x_wconf 71' lang='grc' dir='ltr'>καὶ</span> <span class='ocrx_word' id='word_1_94' title='bbox 1071 1265 1332 1334; x_wconf 74' lang='grc' dir='ltr'>δύσφημα</span> <span class='ocrx_word' id='word_1_95' title='bbox 1358 1266 1498 1320; x_wconf 73' lang='grc' dir='ltr'>κατὰ</span> <span class='ocrx_word' id='word_1_96' title='bbox 1520 1265 1620 1334; x_wconf 80' lang='grc' dir='ltr'>τῆς</span> <span class='ocrx_word' id='word_1_97' title='bbox 1647 1265 1879 1334; x_wconf 81' lang='grc' dir='ltr'>εὐαγοῦς</span> 
     </span>
    </p>
   </div>
   <div class='ocr_carea' id='block_1_16' title="bbox 290 1356 1879 1428">
    <p class='ocr_par' dir='ltr' id='par_1_16' title="bbox 290 1356 1879 1428">
     <span class='ocr_line' id='line_1_16' title="bbox 290 1356 1879 1428; baseline 0.003 -22"><span class='ocrx_word' id='word_1_98' title='bbox 290 1356 460 1425; x_wconf 64' lang='grc' dir='ltr'>ἡμῶν</span> <span class='ocrx_word' id='word_1_99' title='bbox 509 1356 801 1425; x_wconf 76' lang='grc' dir='ltr'>ὁμολογίας</span> <span class='ocrx_word' id='word_1_100' title='bbox 851 1357 1224 1426; x_wconf 80' lang='grc' dir='ltr'><strong>μελετῶντες,</strong></span> <span class='ocrx_word' id='word_1_101' title='bbox 1275 1357 1417 1428; x_wconf 77' lang='grc' dir='ltr'>πλὴν</span> <span class='ocrx_word' id='word_1_102' title='bbox 1472 1358 1537 1410; x_wconf 77' lang='grc' dir='ltr'>ὲκ</span> <span class='ocrx_word' id='word_1_103' title='bbox 1587 1357 1716 1426; x_wconf 76' lang='grc' dir='ltr'>μιᾶς</span> <span class='ocrx_word' id='word_1_104' title='bbox 1769 1356 1879 1410; x_wconf 76' lang='grc' dir='ltr'><strong>τῶν</strong></span> 
     </span>
    </p>
   </div>
   <div class='ocr_carea' id='block_1_17' title="bbox 287 1447 1880 1518">
    <p class='ocr_par' dir='ltr' id='par_1_17' title="bbox 287 1447 1880 1518">
     <span class='ocr_line' id='line_1_17' title="bbox 287 1447 1880 1518; baseline -0.001 -16"><span class='ocrx_word' id='word_1_105' title='bbox 287 1449 518 1503; x_wconf 84' lang='grc' dir='ltr'>ἀτόπων</span> <span class='ocrx_word' id='word_1_106' title='bbox 570 1449 1012 1518; x_wconf 76' lang='grc' dir='ltr'>ἐπιχειρήσεων,</span> <span class='ocrx_word' id='word_1_107' title='bbox 1074 1447 1143 1501; x_wconf 84' lang='grc' dir='ltr'><strong>τά</strong></span> <span class='ocrx_word' id='word_1_108' title='bbox 1191 1447 1283 1500; x_wconf 76' lang='grc' dir='ltr'><strong>τοῦ</strong></span> <span class='ocrx_word' id='word_1_109' title='bbox 1341 1449 1551 1502; x_wconf 83' lang='grc' dir='ltr'>εἰκαίου</span> <span class='ocrx_word' id='word_1_110' title='bbox 1608 1448 1880 1516; x_wconf 85' lang='grc' dir='ltr'>δόγματος</span> 
     </span>
    </p>
   </div>
   <div class='ocr_carea' id='block_1_18' title="bbox 287 1539 1879 1610">
    <p class='ocr_par' dir='ltr' id='par_1_18' title="bbox 287 1539 1879 1610">
     <span class='ocr_line' id='line_1_18' title="bbox 287 1539 1879 1610; baseline 0 -19"><span class='ocrx_word' id='word_1_111' title='bbox 287 1541 668 1609; x_wconf 71' lang='grc' dir='ltr'>κατηρτίσθαι</span> <span class='ocrx_word' id='word_1_112' title='bbox 699 1539 884 1602; x_wconf 76' lang='grc' dir='ltr'>ἔδοξαν</span> <span class='ocrx_word' id='word_1_113' title='bbox 904 1556 918 1570; x_wconf 69' lang='grc' dir='ltr'><strong><em>υ</em></strong></span> <span class='ocrx_word' id='word_1_114' title='bbox 950 1539 1034 1592; x_wconf 84' lang='grc' dir='ltr'>ἴνα</span> <span class='ocrx_word' id='word_1_115' title='bbox 1069 1540 1217 1592; x_wconf 82' lang='grc' dir='ltr'>ἀπαν</span> <span class='ocrx_word' id='word_1_116' title='bbox 1254 1542 1433 1610; x_wconf 85' lang='grc' dir='ltr'>σχοῖεν</span> <span class='ocrx_word' id='word_1_117' title='bbox 1471 1539 1656 1593; x_wconf 78' lang='grc' dir='ltr'>λοιπὸν</span> <span class='ocrx_word' id='word_1_118' title='bbox 1694 1539 1754 1591; x_wconf 81' lang='grc' dir='ltr'>τὸ</span> <span class='ocrx_word' id='word_1_119' title='bbox 1781 1539 1879 1609; x_wconf 76' lang='grc' dir='ltr'><strong>ζη·</strong></span> 
     </span>
    </p>
   </div>
   <div class='ocr_carea' id='block_1_19' title="bbox 284 1630 1876 1702">
    <p class='ocr_par' dir='ltr' id='par_1_19' title="bbox 284 1630 1876 1702">
     <span class='ocr_line' id='line_1_19' title="bbox 284 1630 1876 1702; baseline 0.001 -20"><span class='ocrx_word' id='word_1_120' title='bbox 284 1631 593 1700; x_wconf 66' lang='grc' dir='ltr'>τοῦμενον,</span> <span class='ocrx_word' id='word_1_121' title='bbox 626 1631 719 1683; x_wconf 69' lang='grc' dir='ltr'>καὶ</span> <span class='ocrx_word' id='word_1_122' title='bbox 763 1630 1135 1700; x_wconf 73' lang='grc' dir='ltr'>ψευδηγορίας</span> <span class='ocrx_word' id='word_1_123' title='bbox 1174 1632 1444 1700; x_wconf 81' lang='grc' dir='ltr'>ὲμπλέους</span> <span class='ocrx_word' id='word_1_124' title='bbox 1485 1632 1548 1685; x_wconf 83' lang='grc' dir='ltr'>ἐκ</span> <span class='ocrx_word' id='word_1_125' title='bbox 1585 1631 1677 1684; x_wconf 77' lang='grc' dir='ltr'><strong>τοῦ</strong></span> <span class='ocrx_word' id='word_1_126' title='bbox 1703 1635 1876 1702; x_wconf 48' lang='lat' dir='ltr'><strong>spata,-</strong></span> 
     </span>
    </p>
   </div>
   <div class='ocr_carea' id='block_1_20' title="bbox 285 1722 1875 1794">
    <p class='ocr_par' dir='ltr' id='par_1_20' title="bbox 285 1722 1875 1794">
     <span class='ocr_line' id='line_1_20' title="bbox 285 1722 1875 1794; baseline 0.003 -19"><span class='ocrx_word' id='word_1_127' title='bbox 285 1725 417 1785; x_wconf 72' lang='grc' dir='ltr'>νοῦς</span> <span class='ocrx_word' id='word_1_128' title='bbox 450 1722 796 1791; x_wconf 79' lang='grc' dir='ltr'>ἐξελέγξειαν</span> <span class='ocrx_word' id='word_1_129' title='bbox 845 1723 937 1775; x_wconf 84' lang='grc' dir='ltr'><strong>τόν</strong></span> <span class='ocrx_word' id='word_1_130' title='bbox 985 1739 1043 1776; x_wconf 89' lang='grc' dir='ltr'><strong>τε</strong></span> <span class='ocrx_word' id='word_1_131' title='bbox 1095 1725 1378 1794; x_wconf 74' lang='grc' dir='ltr'><strong>εἰρηκότα,</strong></span> <span class='ocrx_word' id='word_1_132' title='bbox 1424 1726 1506 1778; x_wconf 79' lang='grc' dir='ltr'>ὅτι</span> <span class='ocrx_word' id='word_1_133' title='bbox 1543 1743 1561 1776; x_wconf 82' lang='grc' dir='ltr'><strong>ι</strong></span> <span class='ocrx_word' id='word_1_134' title='bbox 1605 1725 1668 1778; x_wconf 82' lang='lat'><strong>&#39;0</strong></span> <span class='ocrx_word' id='word_1_135' title='bbox 1691 1728 1875 1794; x_wconf 76' lang='grc' dir='ltr'>λόγος</span> 
     </span>
    </p>
   </div>
   <div class='ocr_carea' id='block_1_21' title="bbox 285 1811 1874 1884">
    <p class='ocr_par' dir='ltr' id='par_1_21' title="bbox 285 1811 1874 1884">
     <span class='ocr_line' id='line_1_21' title="bbox 285 1811 1874 1884; baseline 0.001 -18"><span class='ocrx_word' id='word_1_136' title='bbox 285 1813 450 1880; x_wconf 77' lang='grc' dir='ltr'><strong>σὰρξ</strong></span> <span class='ocrx_word' id='word_1_137' title='bbox 476 1813 720 1881; x_wconf 72' lang='grc' dir='ltr'>ἐγένετο</span> <span class='ocrx_word' id='word_1_138' title='bbox 753 1812 850 1865; x_wconf 79' lang='grc' dir='ltr'><strong>καί</strong></span> <span class='ocrx_word' id='word_1_139' title='bbox 882 1811 1240 1879; x_wconf 77' lang='grc' dir='ltr'><strong>ἐσκήνωσεν</strong></span> <span class='ocrx_word' id='word_1_140' title='bbox 1264 1814 1335 1866; x_wconf 77' lang='grc' dir='ltr'><strong>ἐν</strong></span> <span class='ocrx_word' id='word_1_141' title='bbox 1361 1814 1538 1884; x_wconf 77' lang='grc' dir='ltr'>ἡμῖν,</span> <span class='ocrx_word' id='word_1_142' title='bbox 1569 1815 1660 1868; x_wconf 90' lang='grc' dir='ltr'><strong>τόν</strong></span> <span class='ocrx_word' id='word_1_143' title='bbox 1689 1831 1749 1868; x_wconf 86' lang='grc' dir='ltr'><strong>τε</strong></span> <span class='ocrx_word' id='word_1_144' title='bbox 1780 1831 1874 1884; x_wconf 77' lang='grc' dir='ltr'>γε·</span> 
     </span>
    </p>
   </div>
   <div class='ocr_carea' id='block_1_22' title="bbox 283 1905 1874 1977">
    <p class='ocr_par' dir='ltr' id='par_1_22' title="bbox 283 1905 1874 1977">
     <span class='ocr_line' id='line_1_22' title="bbox 283 1905 1874 1977; baseline 0.003 -21"><span class='ocrx_word' id='word_1_145' title='bbox 283 1906 564 1974; x_wconf 66' lang='grc' dir='ltr'>γραφὸτα,</span> <span class='ocrx_word' id='word_1_146' title='bbox 595 1906 681 1957; x_wconf 81' lang='grc' dir='ltr'>ὅτι</span> <span class='ocrx_word' id='word_1_147' title='bbox 713 1905 869 1973; x_wconf 73' lang='grc' dir='ltr'>Ἐπεὶ</span> <span class='ocrx_word' id='word_1_148' title='bbox 901 1905 974 1958; x_wconf 82' lang='grc' dir='ltr'>τὰ</span> <span class='ocrx_word' id='word_1_149' title='bbox 997 1905 1204 1959; x_wconf 72' lang='grc' dir='ltr'>παίδιά</span> <span class='ocrx_word' id='word_1_150' title='bbox 1234 1906 1677 1974; x_wconf 79' lang='grc' dir='ltr'><strong>κεκοινώνηκεν</strong></span> <span class='ocrx_word' id='word_1_151' title='bbox 1703 1909 1874 1977; x_wconf 76' lang='grc' dir='ltr'>αἵμα-</span> 
     </span>
    </p>
   </div>
   <div class='ocr_carea' id='block_1_23' title="bbox 286 1989 1873 2063">
    <p class='ocr_par' dir='ltr' id='par_1_23' title="bbox 286 1989 1873 2063">
     <span class='ocr_line' id='line_1_23' title="bbox 286 1989 1873 2063; baseline 0.001 -17"><span class='ocrx_word' id='word_1_152' title='bbox 286 1989 396 2060; x_wconf 63' lang='grc' dir='ltr'><strong>τὲνς</strong></span> <span class='ocrx_word' id='word_1_153' title='bbox 446 1994 542 2046; x_wconf 76' lang='grc' dir='ltr'>καὶ</span> <span class='ocrx_word' id='word_1_154' title='bbox 580 1994 829 2061; x_wconf 68' lang='grc' dir='ltr'>σαρκεἐς,</span> <span class='ocrx_word' id='word_1_155' title='bbox 884 1995 980 2047; x_wconf 83' lang='grc' dir='ltr'><strong>καί</strong></span> <span class='ocrx_word' id='word_1_156' title='bbox 1017 1995 1200 2060; x_wconf 80' lang='grc' dir='ltr'>αὐτὸς</span> <span class='ocrx_word' id='word_1_157' title='bbox 1243 1995 1682 2062; x_wconf 74' lang='grc' dir='ltr'><strong>παραπλησίως</strong></span> <span class='ocrx_word' id='word_1_158' title='bbox 1727 2010 1873 2063; x_wconf 72' lang='grc' dir='ltr'>μετ’·</span> 
     </span>
    </p>
   </div>
   <div class='ocr_carea' id='block_1_24' title="bbox 285 2083 1872 2160">
    <p class='ocr_par' dir='ltr' id='par_1_24' title="bbox 285 2083 1872 2160">
     <span class='ocr_line' id='line_1_24' title="bbox 285 2083 1872 2160; baseline 0 -20"><span class='ocrx_word' id='word_1_159' title='bbox 285 2087 440 2152; x_wconf 72' lang='grc' dir='ltr'>ἐσχε</span> <span class='ocrx_word' id='word_1_160' title='bbox 477 2084 600 2138; x_wconf 76' lang='grc' dir='ltr'><strong>τῶν</strong></span> <span class='ocrx_word' id='word_1_161' title='bbox 645 2083 866 2138; x_wconf 81' lang='grc' dir='ltr'>αὐτῶν.</span> <span class='ocrx_word' id='word_1_162' title='bbox 909 2087 1018 2139; x_wconf 77' lang='grc' dir='ltr'><strong>Καὶ</strong></span> <span class='ocrx_word' id='word_1_163' title='bbox 1069 2085 1240 2139; x_wconf 78' lang='grc' dir='ltr'>τᾶλλα</span> <span class='ocrx_word' id='word_1_164' title='bbox 1283 2087 1381 2140; x_wconf 83' lang='grc' dir='ltr'>ὅσα</span> <span class='ocrx_word' id='word_1_165' title='bbox 1418 2089 1553 2156; x_wconf 78' lang='grc' dir='ltr'>ἡμῖν</span> <span class='ocrx_word' id='word_1_166' title='bbox 1583 2088 1734 2160; x_wconf 85' lang='grc' dir='ltr'><strong>παρά</strong></span> <span class='ocrx_word' id='word_1_167' title='bbox 1776 2087 1872 2140; x_wconf 83' lang='grc' dir='ltr'><strong>τοῦ</strong></span> 
     </span>
    </p>
   </div>
   <div class='ocr_carea' id='block_1_25' title="bbox 287 2175 1874 2250">
    <p class='ocr_par' dir='ltr' id='par_1_25' title="bbox 287 2175 1874 2250">
     <span class='ocr_line' id='line_1_25' title="bbox 287 2175 1874 2250; baseline 0.003 -20"><span class='ocrx_word' id='word_1_168' title='bbox 287 2175 654 2243; x_wconf 74' lang='grc' dir='ltr'>εὐαγγελικοῦ</span> <span class='ocrx_word' id='word_1_169' title='bbox 709 2176 1069 2247; x_wconf 77' lang='grc' dir='ltr'><strong>κηρύγματος</strong></span> <span class='ocrx_word' id='word_1_170' title='bbox 1133 2179 1514 2250; x_wconf 82' lang='grc' dir='ltr'>παραδέδοται.</span> <span class='ocrx_word' id='word_1_171' title='bbox 1587 2179 1749 2234; x_wconf 82' lang='grc' dir='ltr'>Ἀλλά</span> <span class='ocrx_word' id='word_1_172' title='bbox 1805 2181 1874 2234; x_wconf 89' lang='grc' dir='ltr'><strong>τά</strong></span> 
     </span>
    </p>
   </div>
   <div class='ocr_carea' id='block_1_26' title="bbox 285 2267 1872 2339">
    <p class='ocr_par' dir='ltr' id='par_1_26' title="bbox 285 2267 1872 2339">
     <span class='ocr_line' id='line_1_26' title="bbox 285 2267 1872 2339; baseline 0.003 -18"><span class='ocrx_word' id='word_1_173' title='bbox 285 2269 519 2323; x_wconf 70' lang='grc' dir='ltr'>τοιαῦτα</span> <span class='ocrx_word' id='word_1_174' title='bbox 567 2267 745 2321; x_wconf 80' lang='grc' dir='ltr'>ἄτοπα</span> <span class='ocrx_word' id='word_1_175' title='bbox 777 2271 870 2321; x_wconf 75' lang='grc' dir='ltr'>καὶ</span> <span class='ocrx_word' id='word_1_176' title='bbox 921 2269 1208 2339; x_wconf 83' lang='grc' dir='ltr'>παράλογα</span> <span class='ocrx_word' id='word_1_177' title='bbox 1229 2313 1242 2335; x_wconf 89' lang='grc'><strong>,</strong></span> <span class='ocrx_word' id='word_1_178' title='bbox 1273 2271 1338 2324; x_wconf 84' lang='grc' dir='ltr'>ὲκ</span> <span class='ocrx_word' id='word_1_179' title='bbox 1371 2271 1481 2323; x_wconf 85' lang='grc' dir='ltr'><strong>τῶν</strong></span> <span class='ocrx_word' id='word_1_180' title='bbox 1524 2271 1745 2325; x_wconf 81' lang='grc' dir='ltr'>ἀτόπων</span> <span class='ocrx_word' id='word_1_181' title='bbox 1778 2273 1872 2326; x_wconf 82' lang='grc' dir='ltr'>τοῦ</span> 
     </span>
    </p>
   </div>
   <div class='ocr_carea' id='block_1_27' title="bbox 286 2359 1872 2433">
    <p class='ocr_par' dir='ltr' id='par_1_27' title="bbox 286 2359 1872 2433">
     <span class='ocr_line' id='line_1_27' title="bbox 286 2359 1872 2433; baseline 0.003 -22"><span class='ocrx_word' id='word_1_182' title='bbox 286 2360 640 2429; x_wconf 72' lang='grc' dir='ltr'>γεγραφότος</span> <span class='ocrx_word' id='word_1_183' title='bbox 689 2359 1014 2429; x_wconf 72' lang='grc' dir='ltr'>ὑπολήψεων</span> <span class='ocrx_word' id='word_1_184' title='bbox 1060 2362 1468 2432; x_wconf 82' lang='grc' dir='ltr'>περαινόμενα,</span> <span class='ocrx_word' id='word_1_185' title='bbox 1520 2363 1621 2433; x_wconf 84' lang='grc' dir='ltr'>τῆς</span> <span class='ocrx_word' id='word_1_186' title='bbox 1662 2363 1872 2416; x_wconf 80' lang='grc' dir='ltr'>ἐκείνου</span> 
     </span>
    </p>
   </div>
   <div class='ocr_carea' id='block_1_28' title="bbox 285 2453 1877 2527">
    <p class='ocr_par' dir='ltr' id='par_1_28' title="bbox 285 2453 1877 2527">
     <span class='ocr_line' id='line_1_28' title="bbox 285 2453 1877 2527; baseline 0.002 -23"><span class='ocrx_word' id='word_1_187' title='bbox 285 2454 369 2513; x_wconf 73' lang='grc' dir='ltr'>ὡς</span> <span class='ocrx_word' id='word_1_188' title='bbox 414 2453 635 2522; x_wconf 73' lang='grc' dir='ltr'>ἀληθῶς</span> <span class='ocrx_word' id='word_1_189' title='bbox 691 2453 788 2506; x_wconf 74' lang='grc' dir='ltr'><strong>καί⁵</strong></span> <span class='ocrx_word' id='word_1_190' title='bbox 817 2453 926 2507; x_wconf 84' lang='grc' dir='ltr'>τῶν</span> <span class='ocrx_word' id='word_1_191' title='bbox 969 2453 1166 2525; x_wconf 75' lang='grc' dir='ltr'>ἐκείνῳ</span> <span class='ocrx_word' id='word_1_192' title='bbox 1206 2453 1546 2526; x_wconf 77' lang='grc' dir='ltr'>πειθομένων</span> <span class='ocrx_word' id='word_1_193' title='bbox 1588 2457 1877 2527; x_wconf 81' lang='grc' dir='ltr'>παραπλη-</span> 
     </span>
    </p>
   </div>
   <div class='ocr_carea' id='block_1_29' title="bbox 287 2546 588 2613">
    <p class='ocr_par' dir='ltr' id='par_1_29' title="bbox 287 2546 588 2613">
     <span class='ocr_line' id='line_1_29' title="bbox 287 2546 588 2613; baseline 0.003 -15"><span class='ocrx_word' id='word_1_194' title='bbox 287 2546 411 2610; x_wconf 79' lang='grc' dir='ltr'>ξίας</span> <span class='ocrx_word' id='word_1_195' title='bbox 439 2546 588 2613; x_wconf 76' lang='grc' dir='ltr'>ἀξια.</span> 
     </span>
    </p>
   </div>
   <div class='ocr_carea' id='block_1_30' title="bbox 377 2750 1875 2826">
    <p class='ocr_par' dir='ltr' id='par_1_30' title="bbox 377 2750 1875 2826">
     <span class='ocr_line' id='line_1_30' title="bbox 377 2750 1875 2826; baseline 0.003 -22"><span class='ocrx_word' id='word_1_196' title='bbox 377 2751 605 2821; x_wconf 73' lang='grc' dir='ltr'><strong>Ῥητέον</strong></span> <span class='ocrx_word' id='word_1_197' title='bbox 637 2750 693 2802; x_wconf 77' lang='grc' dir='ltr'>δὲ</span> <span class='ocrx_word' id='word_1_198' title='bbox 724 2751 964 2815; x_wconf 74' lang='grc' dir='ltr'>κάκεῖνο,</span> <span class='ocrx_word' id='word_1_199' title='bbox 1007 2752 1084 2815; x_wconf 83' lang='grc' dir='ltr'>ὡς</span> <span class='ocrx_word' id='word_1_200' title='bbox 1120 2753 1201 2806; x_wconf 80' lang='grc' dir='ltr'>ὅτι</span> <span class='ocrx_word' id='word_1_201' title='bbox 1233 2753 1266 2824; x_wconf 75' lang='grc' dir='ltr'><strong>ἡ</strong></span> <span class='ocrx_word' id='word_1_202' title='bbox 1321 2753 1440 2824; x_wconf 70' lang='grc' dir='ltr'>ἱερὰ</span> <span class='ocrx_word' id='word_1_203' title='bbox 1488 2755 1580 2807; x_wconf 77' lang='grc' dir='ltr'><strong>τοῦ</strong></span> <span class='ocrx_word' id='word_1_204' title='bbox 1622 2755 1875 2826; x_wconf 77' lang='grc' dir='ltr'>Σωτῆρος</span> 
     </span>
    </p>
   </div>
   <div class='ocr_carea' id='block_1_31' title="bbox 286 2843 1874 2915">
    <p class='ocr_par' dir='ltr' id='par_1_31' title="bbox 286 2843 1874 2915">
     <span class='ocr_line' id='line_1_31' title="bbox 286 2843 1874 2915; baseline 0.004 -20"><span class='ocrx_word' id='word_1_205' title='bbox 286 2847 455 2914; x_wconf 59' lang='grc' dir='ltr'>ἡμῶν</span> <span class='ocrx_word' id='word_1_206' title='bbox 496 2843 685 2904; x_wconf 77' lang='grc' dir='ltr'>εἰκὼν.</span> <span class='ocrx_word' id='word_1_207' title='bbox 725 2843 868 2896; x_wconf 84' lang='grc' dir='ltr'>κατὰ</span> <span class='ocrx_word' id='word_1_208' title='bbox 913 2845 982 2897; x_wconf 79' lang='grc' dir='ltr'><strong>τά</strong></span> <span class='ocrx_word' id='word_1_209' title='bbox 1015 2845 1244 2915; x_wconf 77' lang='grc' dir='ltr'>ἔναγχος</span> <span class='ocrx_word' id='word_1_210' title='bbox 1299 2847 1587 2915; x_wconf 81' lang='grc' dir='ltr'>εἰρημένα,</span> <span class='ocrx_word' id='word_1_211' title='bbox 1619 2848 1731 2902; x_wconf 83' lang='grc' dir='ltr'><strong>τῶν</strong></span> <span class='ocrx_word' id='word_1_212' title='bbox 1780 2849 1874 2902; x_wconf 78' lang='grc' dir='ltr'>τοῦ</span> 
     </span>
    </p>
   </div>
   <div class='ocr_carea' id='block_1_32' title="bbox 287 2931 1873 3009">
    <p class='ocr_par' dir='ltr' id='par_1_32' title="bbox 287 2931 1873 3009">
     <span class='ocr_line' id='line_1_32' title="bbox 287 2931 1873 3009; baseline 0.001 -19"><span class='ocrx_word' id='word_1_213' title='bbox 287 2937 611 3006; x_wconf 75' lang='grc' dir='ltr'>ἀρχετύπου</span> <span class='ocrx_word' id='word_1_214' title='bbox 659 2936 1098 3006; x_wconf 81' lang='grc' dir='ltr'>μεταλαμϐάνει,</span> <span class='ocrx_word' id='word_1_215' title='bbox 1144 2937 1238 2990; x_wconf 65' lang='grc' dir='ltr'>καὶ</span> <span class='ocrx_word' id='word_1_216' title='bbox 1269 2937 1351 2990; x_wconf 82' lang='grc' dir='ltr'>δι’</span> <span class='ocrx_word' id='word_1_217' title='bbox 1383 2931 1457 2990; x_wconf 84' lang='grc' dir='ltr'>ὧν</span> <span class='ocrx_word' id='word_1_218' title='bbox 1488 2939 1640 2990; x_wconf 70' lang='grc' dir='ltr'>αὐτοὶ</span> <span class='ocrx_word' id='word_1_219' title='bbox 1684 2939 1873 3009; x_wconf 83' lang='grc' dir='ltr'>δρῶσι.</span> 
     </span>
    </p>
   </div>
   <div class='ocr_carea' id='block_1_33' title="bbox 1981 457 3552 534">
    <p class='ocr_par' dir='ltr' id='par_1_33' title="bbox 1981 457 3552 534">
     <span class='ocr_line' id='line_1_33' title="bbox 1981 457 3552 534; baseline 0.008 -25"><span class='ocrx_word' id='word_1_220' title='bbox 1981 469 2149 511; x_wconf 86' lang='lat' dir='ltr'><strong>carne</strong></span> <span class='ocrx_word' id='word_1_221' title='bbox 2184 457 2237 510; x_wconf 92' lang='lat' dir='ltr'><strong>in</strong></span> <span class='ocrx_word' id='word_1_222' title='bbox 2278 457 2516 529; x_wconf 85' lang='lat' dir='ltr'><strong>imagine</strong></span> <span class='ocrx_word' id='word_1_223' title='bbox 2553 461 2935 517; x_wconf 83' lang='lat' dir='ltr'><strong>circumscribi</strong></span> <span class='ocrx_word' id='word_1_224' title='bbox 2988 477 3212 520; x_wconf 86' lang='lat' dir='ltr'><strong>necesse</strong></span> <span class='ocrx_word' id='word_1_225' title='bbox 3265 465 3372 520; x_wconf 88' lang='lat' dir='ltr'><strong>sit:</strong></span> <span class='ocrx_word' id='word_1_226' title='bbox 3412 470 3552 534; x_wconf 89' lang='lat' dir='ltr'><strong>quod</strong></span> 
     </span>
    </p>
   </div>
   <div class='ocr_carea' id='block_1_34' title="bbox 1982 547 3552 625">
    <p class='ocr_par' dir='ltr' id='par_1_34' title="bbox 1982 547 3552 625">
     <span class='ocr_line' id='line_1_34' title="bbox 1982 547 3552 625; baseline 0.008 -25"><span class='ocrx_word' id='word_1_227' title='bbox 1982 547 2182 616; x_wconf 88' lang='lat' dir='ltr'><strong>ubique</strong></span> <span class='ocrx_word' id='word_1_228' title='bbox 2214 549 2586 618; x_wconf 78' lang='lat' dir='ltr'><strong>bucciuantes,</strong></span> <span class='ocrx_word' id='word_1_229' title='bbox 2635 551 2832 606; x_wconf 87' lang='lat' dir='ltr'><strong>malam</strong></span> <span class='ocrx_word' id='word_1_230' title='bbox 2888 553 3161 621; x_wconf 80' lang='lat' dir='ltr'><strong>prioribus</strong></span> <span class='ocrx_word' id='word_1_231' title='bbox 3203 558 3552 625; x_wconf 78' lang='lat' dir='ltr'><strong>appendicem</strong></span> 
     </span>
    </p>
   </div>
   <div class='ocr_carea' id='block_1_35' title="bbox 1980 641 3551 714">
    <p class='ocr_par' dir='ltr' id='par_1_35' title="bbox 1980 641 3551 714">
     <span class='ocr_line' id='line_1_35' title="bbox 1980 641 3551 714; baseline 0.008 -21"><span class='ocrx_word' id='word_1_232' title='bbox 1980 641 2296 695; x_wconf 77' lang='lat' dir='ltr'><strong>subtexunt.</strong></span> <span class='ocrx_word' id='word_1_233' title='bbox 2329 641 2492 710; x_wconf 84' lang='lat' dir='ltr'><strong>Atqui</strong></span> <span class='ocrx_word' id='word_1_234' title='bbox 2513 643 2578 695; x_wconf 89' lang='lat' dir='ltr'><strong>ad</strong></span> <span class='ocrx_word' id='word_1_235' title='bbox 2601 642 2715 698; x_wconf 58' lang='lat' dir='ltr'><strong>haec</strong></span> <span class='ocrx_word' id='word_1_236' title='bbox 2735 658 2951 714; x_wconf 89' lang='lat' dir='ltr'><strong>quoque</strong></span> <span class='ocrx_word' id='word_1_237' title='bbox 2974 646 3260 702; x_wconf 89' lang='lat' dir='ltr'><strong>dicendum</strong></span> <span class='ocrx_word' id='word_1_238' title='bbox 3279 658 3362 703; x_wconf 82' lang='lat' dir='ltr'><strong>est</strong></span> <span class='ocrx_word' id='word_1_239' title='bbox 3382 665 3395 702; x_wconf 91' lang='lat'><strong>:</strong></span> <span class='ocrx_word' id='word_1_240' title='bbox 3413 646 3551 704; x_wconf 85' lang='lat' dir='ltr'><strong>Num</strong></span> 
     </span>
    </p>
   </div>
   <div class='ocr_carea' id='block_1_36' title="bbox 1981 727 3555 804">
    <p class='ocr_par' dir='ltr' id='par_1_36' title="bbox 1981 727 3555 804">
     <span class='ocr_line' id='line_1_36' title="bbox 1981 727 3555 804; baseline 0.009 -24"><span class='ocrx_word' id='word_1_241' title='bbox 1981 727 2034 780; x_wconf 90' lang='lat' dir='ltr'><strong>in</strong></span> <span class='ocrx_word' id='word_1_242' title='bbox 2086 730 2300 797; x_wconf 88' lang='lat' dir='ltr'><strong>propria</strong></span> <span class='ocrx_word' id='word_1_243' title='bbox 2352 730 2608 786; x_wconf 79' lang='lat' dir='ltr'><strong>inellabili</strong></span> <span class='ocrx_word' id='word_1_244' title='bbox 2684 743 2876 788; x_wconf 88' lang='lat' dir='ltr'><strong>natura</strong></span> <span class='ocrx_word' id='word_1_245' title='bbox 2925 737 3397 804; x_wconf 87' lang='lat' dir='ltr'><strong>circumscriptum</strong></span> <span class='ocrx_word' id='word_1_246' title='bbox 3454 737 3555 794; x_wconf 76' lang='lat' dir='ltr'><strong>fuit</strong></span> 
     </span>
    </p>
   </div>
   <div class='ocr_carea' id='block_1_37' title="bbox 1981 815 3548 894">
    <p class='ocr_par' dir='ltr' id='par_1_37' title="bbox 1981 815 3548 894">
     <span class='ocr_line' id='line_1_37' title="bbox 1981 815 3548 894; baseline 0.01 -27"><span class='ocrx_word' id='word_1_247' title='bbox 1981 815 2247 884; x_wconf 84' lang='lat' dir='ltr'><strong>Verbum,</strong></span> <span class='ocrx_word' id='word_1_248' title='bbox 2277 836 2398 874; x_wconf 91' lang='lat' dir='ltr'><strong>cum</strong></span> <span class='ocrx_word' id='word_1_249' title='bbox 2434 837 2633 892; x_wconf 90' lang='lat' dir='ltr'><strong>corpus</strong></span> <span class='ocrx_word' id='word_1_250' title='bbox 2659 826 2978 894; x_wconf 88' lang='lat' dir='ltr'><strong>assumpsit,</strong></span> <span class='ocrx_word' id='word_1_251' title='bbox 3008 841 3075 880; x_wconf 88' lang='lat' dir='ltr'><strong>an</strong></span> <span class='ocrx_word' id='word_1_252' title='bbox 3101 828 3293 880; x_wconf 84' lang='lat' dir='ltr'><strong>secus?</strong></span> <span class='ocrx_word' id='word_1_253' title='bbox 3331 828 3388 882; x_wconf 85' lang='lat' dir='ltr'><strong>Si</strong></span> <span class='ocrx_word' id='word_1_254' title='bbox 3443 831 3548 882; x_wconf 82' lang='lat' dir='ltr'><strong>cir-</strong></span> 
     </span>
    </p>
   </div>
   <div class='ocr_carea' id='block_1_38' title="bbox 1980 908 3552 976">
    <p class='ocr_par' dir='ltr' id='par_1_38' title="bbox 1980 908 3552 976">
     <span class='ocr_line' id='line_1_38' title="bbox 1980 908 3552 976; baseline 0.005 -16"><span class='ocrx_word' id='word_1_255' title='bbox 1980 908 2367 976; x_wconf 87' lang='lat' dir='ltr'><strong>cumscriptqu</strong></span> <span class='ocrx_word' id='word_1_256' title='bbox 2421 909 2544 972; x_wconf 81' lang='lat' dir='ltr'><strong>fuit,</strong></span> <span class='ocrx_word' id='word_1_257' title='bbox 2578 915 2908 966; x_wconf 88' lang='lat' dir='ltr'><strong>concedatur</strong></span> <span class='ocrx_word' id='word_1_258' title='bbox 2940 909 2990 968; x_wconf 78' lang='lat' dir='ltr'><strong>id</strong></span> <span class='ocrx_word' id='word_1_259' title='bbox 3048 915 3161 968; x_wconf 83' lang='lat' dir='ltr'><strong>ﬁeri</strong></span> <span class='ocrx_word' id='word_1_260' title='bbox 3221 927 3346 968; x_wconf 87' lang='lat' dir='ltr'><strong>tunc</strong></span> <span class='ocrx_word' id='word_1_261' title='bbox 3388 917 3552 970; x_wconf 88' lang='lat' dir='ltr'><strong>etiam</strong></span> 
     </span>
    </p>
   </div>
   <div class='ocr_carea' id='block_1_39' title="bbox 1980 998 3551 1075">
    <p class='ocr_par' dir='ltr' id='par_1_39' title="bbox 1980 998 3551 1075">
     <span class='ocr_line' id='line_1_39' title="bbox 1980 998 3551 1075; baseline 0.006 -24"><span class='ocrx_word' id='word_1_262' title='bbox 1980 1010 2103 1051; x_wconf 87' lang='lat' dir='ltr'><strong>cum</strong></span> <span class='ocrx_word' id='word_1_263' title='bbox 2139 998 2426 1066; x_wconf 83' lang='lat' dir='ltr'><strong>ﬁguratur.</strong></span> <span class='ocrx_word' id='word_1_264' title='bbox 2465 999 2560 1053; x_wconf 86' lang='lat' dir='ltr'><strong>Sin</strong></span> <span class='ocrx_word' id='word_1_265' title='bbox 2604 1001 2801 1066; x_wconf 81' lang='lat' dir='ltr'><strong>mimis,</strong></span> <span class='ocrx_word' id='word_1_266' title='bbox 2859 1017 2979 1071; x_wconf 66' lang='lat' dir='ltr'><strong>quae</strong></span> <span class='ocrx_word' id='word_1_267' title='bbox 3006 1005 3142 1057; x_wconf 83' lang='lat' dir='ltr'><strong>ratio</strong></span> <span class='ocrx_word' id='word_1_268' title='bbox 3168 1007 3313 1075; x_wconf 87' lang='lat' dir='ltr'><strong>cogit</strong></span> <span class='ocrx_word' id='word_1_269' title='bbox 3348 1006 3551 1071; x_wconf 87' lang='lat' dir='ltr'><strong>dicere,</strong></span> 
     </span>
    </p>
   </div>
   <div class='ocr_carea' id='block_1_40' title="bbox 1991 1087 3551 1161">
    <p class='ocr_par' dir='ltr' id='par_1_40' title="bbox 1991 1087 3551 1161">
     <span class='ocr_line' id='line_1_40' title="bbox 1991 1087 3551 1161; baseline 0.006 -18"><span class='ocrx_word' id='word_1_270' title='bbox 1991 1087 2228 1144; x_wconf 79' lang='lat' dir='ltr'><strong>Verbum</strong></span> <span class='ocrx_word' id='word_1_271' title='bbox 2293 1089 2580 1158; x_wconf 78' lang='lat' dir='ltr'><strong>ﬁguratum</strong></span> <span class='ocrx_word' id='word_1_272' title='bbox 2629 1103 2787 1161; x_wconf 90' lang='lat' dir='ltr'><strong>prout</strong></span> <span class='ocrx_word' id='word_1_273' title='bbox 2845 1105 2928 1148; x_wconf 88' lang='lat' dir='ltr'><strong>cst</strong></span> <span class='ocrx_word' id='word_1_274' title='bbox 2983 1096 3034 1148; x_wconf 92' lang='lat' dir='ltr'><strong>in</strong></span> <span class='ocrx_word' id='word_1_275' title='bbox 3086 1113 3274 1158; x_wconf 83' lang='lat' dir='ltr'><strong>carnc,</strong></span> <span class='ocrx_word' id='word_1_276' title='bbox 3321 1099 3551 1152; x_wconf 86' lang='lat' dir='ltr'><strong>circum-</strong></span> 
     </span>
    </p>
   </div>
   <div class='ocr_carea' id='block_1_41' title="bbox 1979 1179 3554 1252">
    <p class='ocr_par' dir='ltr' id='par_1_41' title="bbox 1979 1179 3554 1252">
     <span class='ocr_line' id='line_1_41' title="bbox 1979 1179 3554 1252; baseline 0.006 -20"><span class='ocrx_word' id='word_1_277' title='bbox 1979 1179 2192 1232; x_wconf 84' lang='lat' dir='ltr'><strong>scribi?</strong></span> <span class='ocrx_word' id='word_1_278' title='bbox 2224 1179 2376 1245; x_wconf 86' lang='lat' dir='ltr'><strong>Quod</strong></span> <span class='ocrx_word' id='word_1_279' title='bbox 2408 1181 2550 1235; x_wconf 91' lang='lat' dir='ltr'><strong>enim</strong></span> <span class='ocrx_word' id='word_1_280' title='bbox 2587 1197 2691 1235; x_wconf 92' lang='lat' dir='ltr'><strong>non</strong></span> <span class='ocrx_word' id='word_1_281' title='bbox 2732 1194 2816 1236; x_wconf 89' lang='lat' dir='ltr'><strong>est</strong></span> <span class='ocrx_word' id='word_1_282' title='bbox 2859 1199 3101 1252; x_wconf 77' lang='lat' dir='ltr'><strong>passum,</strong></span> <span class='ocrx_word' id='word_1_283' title='bbox 3149 1189 3273 1239; x_wconf 89' lang='lat' dir='ltr'><strong>dum</strong></span> <span class='ocrx_word' id='word_1_284' title='bbox 3321 1190 3554 1241; x_wconf 86' lang='lat' dir='ltr'><strong>circum-</strong></span> 
     </span>
    </p>
   </div>
   <div class='ocr_carea' id='block_1_42' title="bbox 1984 1272 3552 1345">
    <p class='ocr_par' dir='ltr' id='par_1_42' title="bbox 1984 1272 3552 1345">
     <span class='ocr_line' id='line_1_42' title="bbox 1984 1272 3552 1345; baseline 0.007 -20"><span class='ocrx_word' id='word_1_285' title='bbox 1984 1272 2246 1340; x_wconf 81' lang='lat' dir='ltr'><strong>scriptam</strong></span> <span class='ocrx_word' id='word_1_286' title='bbox 2303 1282 2543 1327; x_wconf 79' lang='lat' dir='ltr'><strong>sueret</strong></span> <span class='ocrx_word' id='word_1_287' title='bbox 2617 1290 2858 1338; x_wconf 88' lang='lat' dir='ltr'><strong>carnem,</strong></span> <span class='ocrx_word' id='word_1_288' title='bbox 2915 1279 3189 1345; x_wconf 87' lang='lat' dir='ltr'><strong>quomodo</strong></span> <span class='ocrx_word' id='word_1_289' title='bbox 3246 1279 3373 1331; x_wconf 89' lang='lat' dir='ltr'><strong>dum</strong></span> <span class='ocrx_word' id='word_1_290' title='bbox 3435 1284 3552 1345; x_wconf 79' lang='lat' dir='ltr'><strong>ejus</strong></span> 
     </span>
    </p>
   </div>
   <div class='ocr_carea' id='block_1_43' title="bbox 1979 1362 3550 1433">
    <p class='ocr_par' dir='ltr' id='par_1_43' title="bbox 1979 1362 3550 1433">
     <span class='ocr_line' id='line_1_43' title="bbox 1979 1362 3550 1433; baseline 0.004 -18"><span class='ocrx_word' id='word_1_291' title='bbox 1979 1376 2108 1415; x_wconf 87' lang='lat' dir='ltr'><strong>caro</strong></span> <span class='ocrx_word' id='word_1_292' title='bbox 2169 1362 2428 1430; x_wconf 80' lang='lat' dir='ltr'><strong>pingitur,</strong></span> <span class='ocrx_word' id='word_1_293' title='bbox 2503 1363 2632 1417; x_wconf 89' lang='lat' dir='ltr'><strong>illud</strong></span> <span class='ocrx_word' id='word_1_294' title='bbox 2695 1367 2976 1433; x_wconf 78' lang='lat' dir='ltr'><strong>patietur?</strong></span> <span class='ocrx_word' id='word_1_295' title='bbox 3033 1368 3290 1422; x_wconf 78' lang='lat' dir='ltr'><strong>Attamen</strong></span> <span class='ocrx_word' id='word_1_296' title='bbox 3340 1370 3550 1423; x_wconf 86' lang='lat' dir='ltr'><strong>etiamsi</strong></span> 
     </span>
    </p>
   </div>
   <div class='ocr_carea' id='block_1_44' title="bbox 1983 1455 3558 1525">
    <p class='ocr_par' dir='ltr' id='par_1_44' title="bbox 1983 1455 3558 1525">
     <span class='ocr_line' id='line_1_44' title="bbox 1983 1455 3558 1525; baseline 0.004 -17"><span class='ocrx_word' id='word_1_297' title='bbox 1983 1455 2057 1513; x_wconf 84' lang='lat' dir='ltr'><strong>ita</strong></span> <span class='ocrx_word' id='word_1_298' title='bbox 2119 1455 2332 1523; x_wconf 89' lang='lat' dir='ltr'><strong>publice</strong></span> <span class='ocrx_word' id='word_1_299' title='bbox 2387 1457 2656 1524; x_wconf 79' lang='lat' dir='ltr'><strong>coarguti,</strong></span> <span class='ocrx_word' id='word_1_300' title='bbox 2711 1457 2852 1525; x_wconf 90' lang='lat' dir='ltr'><strong>quod</strong></span> <span class='ocrx_word' id='word_1_301' title='bbox 2918 1457 3110 1512; x_wconf 88' lang='lat' dir='ltr'><strong>insana</strong></span> <span class='ocrx_word' id='word_1_302' title='bbox 3164 1470 3215 1512; x_wconf 88' lang='lat' dir='ltr'><strong>et</strong></span> <span class='ocrx_word' id='word_1_303' title='bbox 3275 1473 3558 1516; x_wconf 81' lang='lat' dir='ltr'><strong>contume-</strong></span> 
     </span>
    </p>
   </div>
   <div class='ocr_carea' id='block_1_45' title="bbox 1979 1545 3554 1608">
    <p class='ocr_par' dir='ltr' id='par_1_45' title="bbox 1979 1545 3554 1608">
     <span class='ocr_line' id='line_1_45' title="bbox 1979 1545 3554 1608; baseline 0.007 -10"><span class='ocrx_word' id='word_1_304' title='bbox 1979 1545 2111 1600; x_wconf 85' lang='lat' dir='ltr'><strong>liosa</strong></span> <span class='ocrx_word' id='word_1_305' title='bbox 2163 1548 2419 1601; x_wconf 89' lang='lat' dir='ltr'><strong>adversus</strong></span> <span class='ocrx_word' id='word_1_306' title='bbox 2474 1556 2720 1600; x_wconf 88' lang='lat' dir='ltr'><strong>sanctam</strong></span> <span class='ocrx_word' id='word_1_307' title='bbox 2776 1558 3018 1602; x_wconf 85' lang='lat' dir='ltr'><strong>nostram</strong></span> <span class='ocrx_word' id='word_1_308' title='bbox 3061 1554 3413 1606; x_wconf 88' lang='lat' dir='ltr'><strong>commentati</strong></span> <span class='ocrx_word' id='word_1_309' title='bbox 3445 1554 3554 1608; x_wconf 92' lang='lat' dir='ltr'><strong>sint</strong></span> 
     </span>
    </p>
   </div>
   <div class='ocr_carea' id='block_1_46' title="bbox 1980 1635 3553 1702">
    <p class='ocr_par' dir='ltr' id='par_1_46' title="bbox 1980 1635 3553 1702">
     <span class='ocr_line' id='line_1_46' title="bbox 1980 1635 3553 1702; baseline 0.006 -14"><span class='ocrx_word' id='word_1_310' title='bbox 1980 1635 2402 1702; x_wconf 76' lang='lat' dir='ltr'><strong>confessionem,</strong></span> <span class='ocrx_word' id='word_1_311' title='bbox 2451 1636 2803 1692; x_wconf 85' lang='lat' dir='ltr'><strong>nihilominus</strong></span> <span class='ocrx_word' id='word_1_312' title='bbox 2859 1639 2960 1694; x_wconf 94' lang='lat' dir='ltr'><strong>hoc</strong></span> <span class='ocrx_word' id='word_1_313' title='bbox 3009 1656 3115 1694; x_wconf 92' lang='lat' dir='ltr'><strong>uno</strong></span> <span class='ocrx_word' id='word_1_314' title='bbox 3176 1656 3240 1696; x_wconf 80' lang='lat' dir='ltr'><strong>ex</strong></span> <span class='ocrx_word' id='word_1_315' title='bbox 3301 1645 3553 1698; x_wconf 83' lang='lat' dir='ltr'><strong>absurdis</strong></span> 
     </span>
    </p>
   </div>
   <div class='ocr_carea' id='block_1_47' title="bbox 1909 1715 3554 1798">
    <p class='ocr_par' dir='ltr' id='par_1_47' title="bbox 1909 1715 3554 1798">
     <span class='ocr_line' id='line_1_47' title="bbox 1909 1715 3554 1798; baseline 0.005 -20"><span class='ocrx_word' id='word_1_316' title='bbox 1909 1715 1950 1770; x_wconf 83' lang='grc' dir='ltr'><strong>Β</strong></span> <span class='ocrx_word' id='word_1_317' title='bbox 1979 1727 2314 1796; x_wconf 73' lang='lat' dir='ltr'><strong>argumentis</strong></span> <span class='ocrx_word' id='word_1_318' title='bbox 2338 1727 2450 1780; x_wconf 87' lang='lat' dir='ltr'><strong>suis</strong></span> <span class='ocrx_word' id='word_1_319' title='bbox 2487 1729 2784 1782; x_wconf 84' lang='lat' dir='ltr'><strong>vanitatem</strong></span> <span class='ocrx_word' id='word_1_320' title='bbox 2810 1731 3012 1798; x_wconf 89' lang='lat' dir='ltr'><strong>proprii</strong></span> <span class='ocrx_word' id='word_1_321' title='bbox 3039 1730 3311 1798; x_wconf 76' lang='lat' dir='ltr'><strong>dogmatis</strong></span> <span class='ocrx_word' id='word_1_322' title='bbox 3339 1749 3396 1787; x_wconf 88' lang='lat' dir='ltr'><strong>se</strong></span> <span class='ocrx_word' id='word_1_323' title='bbox 3425 1749 3554 1788; x_wconf 66' lang='lat' dir='ltr'><strong>cono</strong></span> 
     </span>
    </p>
   </div>
   <div class='ocr_carea' id='block_1_48' title="bbox 1981 1814 3553 1889">
    <p class='ocr_par' dir='ltr' id='par_1_48' title="bbox 1981 1814 3553 1889">
     <span class='ocr_line' id='line_1_48' title="bbox 1981 1814 3553 1889; baseline 0.004 -17"><span class='ocrx_word' id='word_1_324' title='bbox 1981 1818 2202 1872; x_wconf 80' lang='lat' dir='ltr'><strong>ﬁrmare</strong></span> <span class='ocrx_word' id='word_1_325' title='bbox 2229 1819 2523 1887; x_wconf 82' lang='lat' dir='ltr'><strong>putabant;</strong></span> <span class='ocrx_word' id='word_1_326' title='bbox 2583 1828 2639 1870; x_wconf 91' lang='lat' dir='ltr'><strong>ut</strong></span> <span class='ocrx_word' id='word_1_327' title='bbox 2690 1819 2802 1889; x_wconf 76' lang='lat'><strong>38</strong></span> <span class='ocrx_word' id='word_1_328' title='bbox 2836 1821 3034 1875; x_wconf 87' lang='lat' dir='ltr'><strong>deinde</strong></span> <span class='ocrx_word' id='word_1_329' title='bbox 3063 1814 3373 1878; x_wconf 82' lang='lat' dir='ltr'><strong>universam</strong></span> <span class='ocrx_word' id='word_1_330' title='bbox 3423 1839 3553 1880; x_wconf 84' lang='lat' dir='ltr'><strong>enn-</strong></span> 
     </span>
    </p>
   </div>
   <div class='ocr_carea' id='block_1_49' title="bbox 1981 1911 3550 1982">
    <p class='ocr_par' dir='ltr' id='par_1_49' title="bbox 1981 1911 3550 1982">
     <span class='ocr_line' id='line_1_49' title="bbox 1981 1911 3550 1982; baseline 0.003 -17"><span class='ocrx_word' id='word_1_331' title='bbox 1981 1912 2302 1965; x_wconf 86' lang='lat' dir='ltr'><strong>troversiam</strong></span> <span class='ocrx_word' id='word_1_332' title='bbox 2326 1911 2406 1965; x_wconf 89' lang='lat' dir='ltr'><strong>sic</strong></span> <span class='ocrx_word' id='word_1_333' title='bbox 2447 1911 2782 1976; x_wconf 84' lang='lat' dir='ltr'><strong>obtinerent,</strong></span> <span class='ocrx_word' id='word_1_334' title='bbox 2817 1912 3085 1982; x_wconf 81' lang='lat' dir='ltr'><strong>planeque</strong></span> <span class='ocrx_word' id='word_1_335' title='bbox 3131 1914 3382 1970; x_wconf 80' lang='lat' dir='ltr'><strong>fallacem</strong></span> <span class='ocrx_word' id='word_1_336' title='bbox 3430 1933 3550 1970; x_wconf 85' lang='lat' dir='ltr'><strong>eum</strong></span> 
     </span>
    </p>
   </div>
   <div class='ocr_carea' id='block_1_50' title="bbox 1979 2002 3552 2074">
    <p class='ocr_par' dir='ltr' id='par_1_50' title="bbox 1979 2002 3552 2074">
     <span class='ocr_line' id='line_1_50' title="bbox 1979 2002 3552 2074; baseline 0.003 -19"><span class='ocrx_word' id='word_1_337' title='bbox 1979 2005 2337 2056; x_wconf 87' lang='lat' dir='ltr'><strong>ostenderent</strong></span> <span class='ocrx_word' id='word_1_338' title='bbox 2362 2003 2452 2070; x_wconf 92' lang='lat' dir='ltr'><strong>qui</strong></span> <span class='ocrx_word' id='word_1_339' title='bbox 2488 2003 2663 2056; x_wconf 78' lang='lat' dir='ltr'><strong>dixit:</strong></span> <span class='ocrx_word' id='word_1_340' title='bbox 2713 2002 2939 2057; x_wconf 80' lang='lat' dir='ltr'><strong>Verbum</strong></span> <span class='ocrx_word' id='word_1_341' title='bbox 2974 2021 3098 2058; x_wconf 86' lang='lat' dir='ltr'><strong>caro</strong></span> <span class='ocrx_word' id='word_1_342' title='bbox 3125 2004 3328 2074; x_wconf 78' lang='lat' dir='ltr'><strong>factum</strong></span> <span class='ocrx_word' id='word_1_343' title='bbox 3364 2015 3463 2071; x_wconf 76' lang='lat' dir='ltr'><strong>est,</strong></span> <span class='ocrx_word' id='word_1_344' title='bbox 3506 2017 3552 2060; x_wconf 72' lang='lat' dir='ltr'><strong>et</strong></span> 
     </span>
    </p>
   </div>
   <div class='ocr_carea' id='block_1_51' title="bbox 1981 2093 3553 2165">
    <p class='ocr_par' dir='ltr' id='par_1_51' title="bbox 1981 2093 3553 2165">
     <span class='ocr_line' id='line_1_51' title="bbox 1981 2093 3553 2165; baseline 0.002 -17"><span class='ocrx_word' id='word_1_345' title='bbox 1981 2095 2230 2148; x_wconf 80' lang='lat' dir='ltr'><strong>habitavit</strong></span> <span class='ocrx_word' id='word_1_346' title='bbox 2259 2095 2312 2148; x_wconf 86' lang='lat' dir='ltr'><strong>in</strong></span> <span class='ocrx_word' id='word_1_347' title='bbox 2344 2093 2492 2148; x_wconf 75' lang='lat' dir='ltr'><strong>nobis</strong></span> <span class='ocrx_word' id='word_1_348' title='bbox 2514 2095 2581 2161; x_wconf 72' lang='grc'><strong>’⁵,</strong></span> <span class='ocrx_word' id='word_1_349' title='bbox 2636 2095 2762 2150; x_wconf 87' lang='lat' dir='ltr'><strong>item</strong></span> <span class='ocrx_word' id='word_1_350' title='bbox 2797 2111 2920 2150; x_wconf 89' lang='lat' dir='ltr'><strong>eum</strong></span> <span class='ocrx_word' id='word_1_351' title='bbox 2958 2097 3048 2164; x_wconf 88' lang='lat' dir='ltr'><strong>qui</strong></span> <span class='ocrx_word' id='word_1_352' title='bbox 3096 2098 3315 2165; x_wconf 75' lang='lat' dir='ltr'><strong>scripsit</strong></span> <span class='ocrx_word' id='word_1_353' title='bbox 3345 2116 3358 2152; x_wconf 90' lang='lat'><strong>:</strong></span> <span class='ocrx_word' id='word_1_354' title='bbox 3415 2097 3553 2162; x_wconf 82' lang='lat' dir='ltr'><strong>Quia</strong></span> 
     </span>
    </p>
   </div>
   <div class='ocr_carea' id='block_1_52' title="bbox 1979 2187 3556 2256">
    <p class='ocr_par' dir='ltr' id='par_1_52' title="bbox 1979 2187 3556 2256">
     <span class='ocr_line' id='line_1_52' title="bbox 1979 2187 3556 2256; baseline -0.001 -16"><span class='ocrx_word' id='word_1_355' title='bbox 1979 2187 2130 2254; x_wconf 84' lang='lat' dir='ltr'><strong>pueri</strong></span> <span class='ocrx_word' id='word_1_356' title='bbox 2155 2187 2674 2240; x_wconf 74' lang='lat' dir='ltr'><strong>communicaverunt</strong></span> <span class='ocrx_word' id='word_1_357' title='bbox 2715 2187 2965 2256; x_wconf 73' lang='lat' dir='ltr'><strong>sanguini</strong></span> <span class='ocrx_word' id='word_1_358' title='bbox 3018 2196 3068 2239; x_wconf 78' lang='lat' dir='ltr'><strong>et</strong></span> <span class='ocrx_word' id='word_1_359' title='bbox 3128 2189 3296 2250; x_wconf 84' lang='lat' dir='ltr'><strong>carni,</strong></span> <span class='ocrx_word' id='word_1_360' title='bbox 3337 2196 3385 2240; x_wconf 82' lang='lat' dir='ltr'><strong>et</strong></span> <span class='ocrx_word' id='word_1_361' title='bbox 3446 2189 3556 2252; x_wconf 71' lang='lat' dir='ltr'><strong>ipse</strong></span> 
     </span>
    </p>
   </div>
   <div class='ocr_carea' id='block_1_53' title="bbox 1982 2277 3555 2349">
    <p class='ocr_par' dir='ltr' id='par_1_53' title="bbox 1982 2277 3555 2349">
     <span class='ocr_line' id='line_1_53' title="bbox 1982 2277 3555 2349; baseline 0.001 -17"><span class='ocrx_word' id='word_1_362' title='bbox 1982 2279 2231 2332; x_wconf 73' lang='lat' dir='ltr'><strong>similiter</strong></span> <span class='ocrx_word' id='word_1_363' title='bbox 2266 2278 2462 2332; x_wconf 79' lang='lat' dir='ltr'><strong>eisdem</strong></span> <span class='ocrx_word' id='word_1_364' title='bbox 2501 2279 2922 2348; x_wconf 80' lang='lat' dir='ltr'><strong>participauit&quot;.</strong></span> <span class='ocrx_word' id='word_1_365' title='bbox 2975 2277 3086 2332; x_wconf 80' lang='lat' dir='ltr'><strong>Nec</strong></span> <span class='ocrx_word' id='word_1_366' title='bbox 3137 2294 3244 2332; x_wconf 92' lang='lat' dir='ltr'><strong>non</strong></span> <span class='ocrx_word' id='word_1_367' title='bbox 3288 2289 3555 2349; x_wconf 76' lang='lat' dir='ltr'><strong>quotquot</strong></span> 
     </span>
    </p>
   </div>
   <div class='ocr_carea' id='block_1_54' title="bbox 1981 2369 3553 2439">
    <p class='ocr_par' dir='ltr' id='par_1_54' title="bbox 1981 2369 3553 2439">
     <span class='ocr_line' id='line_1_54' title="bbox 1981 2369 3553 2439; baseline 0.001 -17"><span class='ocrx_word' id='word_1_368' title='bbox 1981 2369 2084 2422; x_wconf 85' lang='lat' dir='ltr'><strong>alia</strong></span> <span class='ocrx_word' id='word_1_369' title='bbox 2116 2370 2274 2423; x_wconf 91' lang='lat' dir='ltr'><strong>nobis</strong></span> <span class='ocrx_word' id='word_1_370' title='bbox 2295 2370 2363 2423; x_wconf 88' lang='lat' dir='ltr'><strong>ab</strong></span> <span class='ocrx_word' id='word_1_371' title='bbox 2397 2369 2711 2438; x_wconf 83' lang='lat' dir='ltr'><strong>evangelica</strong></span> <span class='ocrx_word' id='word_1_372' title='bbox 2751 2369 3137 2439; x_wconf 64' lang='lat' dir='ltr'><strong>prmdicatione</strong></span> <span class='ocrx_word' id='word_1_373' title='bbox 3171 2371 3366 2422; x_wconf 85' lang='lat' dir='ltr'><strong>tradita</strong></span> <span class='ocrx_word' id='word_1_374' title='bbox 3405 2379 3553 2424; x_wconf 91' lang='lat' dir='ltr'><strong>sunt.</strong></span> 
     </span>
    </p>
   </div>
   <div class='ocr_carea' id='block_1_55' title="bbox 1982 2459 3552 2517">
    <p class='ocr_par' dir='ltr' id='par_1_55' title="bbox 1982 2459 3552 2517">
     <span class='ocr_line' id='line_1_55' title="bbox 1982 2459 3552 2517; baseline -0.002 0"><span class='ocrx_word' id='word_1_375' title='bbox 1982 2462 2087 2517; x_wconf 89' lang='lat' dir='ltr'><strong>Sed</strong></span> <span class='ocrx_word' id='word_1_376' title='bbox 2122 2459 2518 2516; x_wconf 85' lang='lat' dir='ltr'><strong>enimabsurda</strong></span> <span class='ocrx_word' id='word_1_377' title='bbox 2543 2459 2657 2514; x_wconf 67' lang='lat' dir='ltr'><strong>hrcc</strong></span> <span class='ocrx_word' id='word_1_378' title='bbox 2691 2467 2747 2515; x_wconf 92' lang='lat' dir='ltr'><strong>et</strong></span> <span class='ocrx_word' id='word_1_379' title='bbox 2791 2459 3187 2514; x_wconf 87' lang='lat' dir='ltr'><strong>irrationabilia</strong></span> <span class='ocrx_word' id='word_1_380' title='bbox 3238 2476 3303 2515; x_wconf 79' lang='lat' dir='ltr'><strong>ex</strong></span> <span class='ocrx_word' id='word_1_381' title='bbox 3353 2461 3552 2514; x_wconf 70' lang='lat' dir='ltr'><strong>absuro</strong></span> 
     </span>
    </p>
   </div>
   <div class='ocr_carea' id='block_1_56' title="bbox 1980 2549 3558 2619">
    <p class='ocr_par' dir='ltr' id='par_1_56' title="bbox 1980 2549 3558 2619">
     <span class='ocr_line' id='line_1_56' title="bbox 1980 2549 3558 2619; baseline -0.002 -13"><span class='ocrx_word' id='word_1_382' title='bbox 1980 2552 2153 2606; x_wconf 91' lang='lat' dir='ltr'><strong>ditate</strong></span> <span class='ocrx_word' id='word_1_383' title='bbox 2193 2551 2485 2606; x_wconf 81' lang='lat' dir='ltr'><strong>scribentis</strong></span> <span class='ocrx_word' id='word_1_384' title='bbox 2516 2549 2784 2617; x_wconf 80' lang='lat' dir='ltr'><strong>proiecta,</strong></span> <span class='ocrx_word' id='word_1_385' title='bbox 2840 2549 3011 2618; x_wconf 88' lang='lat' dir='ltr'><strong>ipsius</strong></span> <span class='ocrx_word' id='word_1_386' title='bbox 3044 2564 3170 2602; x_wconf 84' lang='lat' dir='ltr'><strong>vere</strong></span> <span class='ocrx_word' id='word_1_387' title='bbox 3213 2550 3558 2619; x_wconf 87' lang='lat' dir='ltr'><strong>aliorumque</strong></span> 
     </span>
    </p>
   </div>
   <div class='ocr_carea' id='block_1_57' title="bbox 1981 2641 3401 2712">
    <p class='ocr_par' dir='ltr' id='par_1_57' title="bbox 1981 2641 3401 2712">
     <span class='ocr_line' id='line_1_57' title="bbox 1981 2641 3401 2712; baseline -0.004 -12"><span class='ocrx_word' id='word_1_388' title='bbox 1981 2646 2155 2700; x_wconf 86' lang='lat' dir='ltr'><strong>eidem</strong></span> <span class='ocrx_word' id='word_1_389' title='bbox 2197 2658 2386 2697; x_wconf 89' lang='lat' dir='ltr'><strong>aurem</strong></span> <span class='ocrx_word' id='word_1_390' title='bbox 2417 2643 2774 2712; x_wconf 78' lang='lat' dir='ltr'><strong>pra-Dentium</strong></span> <span class='ocrx_word' id='word_1_391' title='bbox 2803 2641 3030 2694; x_wconf 59' lang='lat' dir='ltr'><strong>insaniae</strong></span> <span class='ocrx_word' id='word_1_392' title='bbox 3050 2641 3401 2695; x_wconf 88' lang='lat' dir='ltr'><strong>conveniunt.</strong></span> 
     </span>
    </p>
   </div>
   <div class='ocr_carea' id='block_1_58' title="bbox 2053 2753 3556 2823">
    <p class='ocr_par' dir='ltr' id='par_1_58' title="bbox 2053 2753 3556 2823">
     <span class='ocr_line' id='line_1_58' title="bbox 2053 2753 3556 2823; baseline -0.001 -16"><span class='ocrx_word' id='word_1_393' title='bbox 2053 2754 2184 2808; x_wconf 91' lang='lat' dir='ltr'><strong>Illud</strong></span> <span class='ocrx_word' id='word_1_394' title='bbox 2219 2769 2433 2823; x_wconf 89' lang='lat' dir='ltr'><strong>quoque</strong></span> <span class='ocrx_word' id='word_1_395' title='bbox 2463 2754 2754 2808; x_wconf 76' lang='lat' dir='ltr'><strong>dicendum</strong></span> <span class='ocrx_word' id='word_1_396' title='bbox 2791 2761 2897 2815; x_wconf 81' lang='lat' dir='ltr'><strong>est,</strong></span> <span class='ocrx_word' id='word_1_397' title='bbox 2929 2767 3140 2806; x_wconf 85' lang='lat' dir='ltr'><strong>sacram</strong></span> <span class='ocrx_word' id='word_1_398' title='bbox 3201 2768 3395 2818; x_wconf 82' lang='lat' dir='ltr'><strong>nempe</strong></span> <span class='ocrx_word' id='word_1_399' title='bbox 3427 2753 3556 2806; x_wconf 86' lang='lat' dir='ltr'><strong>Ser-</strong></span> 
     </span>
    </p>
   </div>
   <div class='ocr_carea' id='block_1_59' title="bbox 1982 2842 3554 2914">
    <p class='ocr_par' dir='ltr' id='par_1_59' title="bbox 1982 2842 3554 2914">
     <span class='ocr_line' id='line_1_59' title="bbox 1982 2842 3554 2914; baseline -0.002 -14"><span class='ocrx_word' id='word_1_400' title='bbox 1982 2848 2190 2901; x_wconf 84' lang='lat' dir='ltr'><strong>vatoris</strong></span> <span class='ocrx_word' id='word_1_401' title='bbox 2225 2846 2542 2914; x_wconf 81' lang='lat' dir='ltr'><strong>imaginem,</strong></span> <span class='ocrx_word' id='word_1_402' title='bbox 2605 2854 2764 2914; x_wconf 91' lang='lat' dir='ltr'><strong>prout</strong></span> <span class='ocrx_word' id='word_1_403' title='bbox 2826 2842 3091 2897; x_wconf 88' lang='lat' dir='ltr'><strong>hactenus</strong></span> <span class='ocrx_word' id='word_1_404' title='bbox 3146 2842 3419 2911; x_wconf 84' lang='lat' dir='ltr'><strong>disputata</strong></span> <span class='ocrx_word' id='word_1_405' title='bbox 3455 2844 3554 2897; x_wconf 91' lang='lat' dir='ltr'><strong>do-</strong></span> 
     </span>
    </p>
   </div>
   <div class='ocr_carea' id='block_1_60' title="bbox 1981 2934 3556 3012">
    <p class='ocr_par' dir='ltr' id='par_1_60' title="bbox 1981 2934 3556 3012">
     <span class='ocr_line' id='line_1_60' title="bbox 1981 2934 3556 3012; baseline -0.002 -20"><span class='ocrx_word' id='word_1_406' title='bbox 1981 2949 2138 3002; x_wconf 85' lang='lat' dir='ltr'><strong>cent,</strong></span> <span class='ocrx_word' id='word_1_407' title='bbox 2196 2953 2282 2991; x_wconf 90' lang='lat' dir='ltr'><strong>rcs</strong></span> <span class='ocrx_word' id='word_1_408' title='bbox 2335 2935 2614 3012; x_wconf 82' lang='lat' dir='ltr'><strong>archetypi</strong></span> <span class='ocrx_word' id='word_1_409' title='bbox 2671 2936 3028 3004; x_wconf 84' lang='lat' dir='ltr'><strong>participare;</strong></span> <span class='ocrx_word' id='word_1_410' title='bbox 3093 2935 3240 3002; x_wconf 92' lang='lat' dir='ltr'><strong>quod</strong></span> <span class='ocrx_word' id='word_1_411' title='bbox 3300 2950 3367 2988; x_wconf 82' lang='lat' dir='ltr'><strong>ex</strong></span> <span class='ocrx_word' id='word_1_412' title='bbox 3423 2934 3556 3004; x_wconf 86' lang='lat' dir='ltr'><strong>ipsis</strong></span> 
     </span>
    </p>
   </div>
   <div class='ocr_carea' id='block_1_61' title="bbox 290 3025 1881 3117">
    <p class='ocr_par' dir='ltr' id='par_1_61' title="bbox 290 3028 1875 3100">
     <span class='ocr_line' id='line_1_61' title="bbox 290 3028 1875 3100; baseline 0.001 -19"><span class='ocrx_word' id='word_1_413' title='bbox 290 3029 488 3096; x_wconf 64' lang='grc' dir='ltr'>σαφῶς</span> <span class='ocrx_word' id='word_1_414' title='bbox 534 3028 878 3097; x_wconf 61' lang='grc' dir='ltr'>ἐπιφαίνεται.</span> <span class='ocrx_word' id='word_1_415' title='bbox 916 3028 1126 3100; x_wconf 81' lang='grc' dir='ltr'>Ὠσπερ</span> <span class='ocrx_word' id='word_1_416' title='bbox 1179 3029 1288 3098; x_wconf 75' lang='grc' dir='ltr'><strong>γὰρ</strong></span> <span class='ocrx_word' id='word_1_417' title='bbox 1343 3029 1379 3083; x_wconf 73' lang='grc' dir='ltr'><strong>ἀ</strong></span> <span class='ocrx_word' id='word_1_418' title='bbox 1427 3029 1521 3081; x_wconf 83' lang='grc' dir='ltr'>νῦν</span> <span class='ocrx_word' id='word_1_419' title='bbox 1576 3031 1728 3099; x_wconf 83' lang='grc' dir='ltr'><strong>παρά</strong></span> <span class='ocrx_word' id='word_1_420' title='bbox 1768 3031 1875 3082; x_wconf 85' lang='grc' dir='ltr'>τῶν</span> 
     </span>
    </p>
   </div>
   <div class='ocr_carea' id='block_1_62' title="bbox 1983 3025 3560 3117">
    <p class='ocr_par' dir='ltr' id='par_1_62' title="bbox 1984 3025 3560 3098">
     <span class='ocr_line' id='line_1_62' title="bbox 1984 3025 3560 3098; baseline -0.001 -16"><span class='ocrx_word' id='word_1_421' title='bbox 1984 3031 2213 3085; x_wconf 84' lang='lat' dir='ltr'><strong>istorum</strong></span> <span class='ocrx_word' id='word_1_422' title='bbox 2257 3028 2512 3098; x_wconf 85' lang='lat' dir='ltr'><strong>operibus</strong></span> <span class='ocrx_word' id='word_1_423' title='bbox 2556 3025 2900 3082; x_wconf 81' lang='lat' dir='ltr'><strong>manifestum</strong></span> <span class='ocrx_word' id='word_1_424' title='bbox 2934 3026 3012 3080; x_wconf 80' lang='lat' dir='ltr'><strong>iit.</strong></span> <span class='ocrx_word' id='word_1_425' title='bbox 3041 3025 3194 3081; x_wconf 91' lang='lat' dir='ltr'><strong>Sicut</strong></span> <span class='ocrx_word' id='word_1_426' title='bbox 3227 3027 3372 3080; x_wconf 89' lang='lat' dir='ltr'><strong>enim</strong></span> <span class='ocrx_word' id='word_1_427' title='bbox 3400 3027 3560 3096; x_wconf 82' lang='lat' dir='ltr'><strong>quid-</strong></span> 
     </span>
    </p>
   </div>
   <div class='ocr_carea' id='block_1_63' title="bbox 289 3119 1879 3192">
    <p class='ocr_par' dir='ltr' id='par_1_63' title="bbox 289 3119 1879 3192">
     <span class='ocr_line' id='line_1_63' title="bbox 289 3119 1879 3192; baseline 0.003 -20"><span class='ocrx_word' id='word_1_428' title='bbox 289 3119 833 3189; x_wconf 75' lang='grc' dir='ltr'>Χριστομαχούντων</span> <span class='ocrx_word' id='word_1_429' title='bbox 871 3120 1074 3191; x_wconf 78' lang='grc' dir='ltr'>πάσχει</span> <span class='ocrx_word' id='word_1_430' title='bbox 1121 3120 1460 3192; x_wconf 77' lang='grc' dir='ltr'>ὑϐριζομένη</span> <span class='ocrx_word' id='word_1_431' title='bbox 1496 3139 1556 3174; x_wconf 90' lang='grc' dir='ltr'><strong>τε</strong></span> <span class='ocrx_word' id='word_1_432' title='bbox 1590 3125 1681 3175; x_wconf 69' lang='grc' dir='ltr'>καὶ</span> <span class='ocrx_word' id='word_1_433' title='bbox 1709 3140 1879 3176; x_wconf 87' lang='grc' dir='ltr'>κατα-</span> 
     </span>
    </p>
   </div>
   <div class='ocr_carea' id='block_1_64' title="bbox 290 3208 1878 3281">
    <p class='ocr_par' dir='ltr' id='par_1_64' title="bbox 290 3208 1878 3281">
     <span class='ocr_line' id='line_1_64' title="bbox 290 3208 1878 3281; baseline 0.003 -19"><span class='ocrx_word' id='word_1_434' title='bbox 290 3209 630 3278; x_wconf 75' lang='grc' dir='ltr'>δαλλομένη,</span> <span class='ocrx_word' id='word_1_435' title='bbox 684 3208 752 3261; x_wconf 85' lang='grc' dir='ltr'><strong>δι’</strong></span> <span class='ocrx_word' id='word_1_436' title='bbox 785 3209 920 3263; x_wconf 78' lang='grc' dir='ltr'>αὑτό</span> <span class='ocrx_word' id='word_1_437' title='bbox 948 3227 1012 3278; x_wconf 90' lang='grc' dir='ltr'><strong>γε</strong></span> <span class='ocrx_word' id='word_1_438' title='bbox 1039 3211 1100 3264; x_wconf 75' lang='grc' dir='ltr'>τὸ</span> <span class='ocrx_word' id='word_1_439' title='bbox 1146 3210 1454 3280; x_wconf 75' lang='grc' dir='ltr'>ἀρχέτυπον</span> <span class='ocrx_word' id='word_1_440' title='bbox 1508 3213 1740 3281; x_wconf 65' lang='grc' dir='ltr'>πάσχειν</span> <span class='ocrx_word' id='word_1_441' title='bbox 1791 3213 1878 3267; x_wconf 72' lang='grc' dir='ltr'><strong>διὰ</strong></span> 
     </span>
    </p>
   </div>
   <div class='ocr_carea' id='block_1_65' title="bbox 291 3284 1874 3372">
    <p class='ocr_par' dir='ltr' id='par_1_65' title="bbox 291 3284 1874 3372">
     <span class='ocr_line' id='line_1_65' title="bbox 291 3284 1874 3372; baseline 0.003 -19"><span class='ocrx_word' id='word_1_442' title='bbox 291 3302 403 3371; x_wconf 73' lang='grc' dir='ltr'><strong>γὰρ</strong></span> <span class='ocrx_word' id='word_1_443' title='bbox 423 3301 524 3369; x_wconf 82' lang='grc' dir='ltr'>τὴν</span> <span class='ocrx_word' id='word_1_444' title='bbox 555 3302 636 3364; x_wconf 87' lang='grc' dir='ltr'><strong>εἰς</strong></span> <span class='ocrx_word' id='word_1_445' title='bbox 670 3301 906 3370; x_wconf 67' lang='grc' dir='ltr'>Χριστὸν</span> <span class='ocrx_word' id='word_1_446' title='bbox 933 3302 1092 3372; x_wconf 79' lang='grc' dir='ltr'>ὓϐριν</span> <span class='ocrx_word' id='word_1_447' title='bbox 1115 3303 1210 3356; x_wconf 72' lang='grc' dir='ltr'>καὶ</span> <span class='ocrx_word' id='word_1_448' title='bbox 1231 3297 1376 3357; x_wconf 74' lang='grc' dir='ltr'>οὗτοι</span> <span class='ocrx_word' id='word_1_449' title='bbox 1398 3284 1571 3356; x_wconf 61' lang='grc' dir='ltr'>ταῧτα</span> <span class='ocrx_word' id='word_1_450' title='bbox 1603 3303 1874 3358; x_wconf 74' lang='grc' dir='ltr'>ποιοῦσινο</span> 
     </span>
    </p>
   </div>
   <div class='ocr_carea' id='block_1_66' title="bbox 293 3393 1882 3463">
    <p class='ocr_par' dir='ltr' id='par_1_66' title="bbox 293 3393 1882 3463">
     <span class='ocr_line' id='line_1_66' title="bbox 293 3393 1882 3463; baseline 0.002 -18"><span class='ocrx_word' id='word_1_451' title='bbox 293 3393 470 3456; x_wconf 72' lang='grc' dir='ltr'>οὕτως</span> <span class='ocrx_word' id='word_1_452' title='bbox 498 3393 781 3461; x_wconf 77' lang='grc' dir='ltr'>ἀναλόγως</span> <span class='ocrx_word' id='word_1_453' title='bbox 817 3394 882 3445; x_wconf 81' lang='grc' dir='ltr'>ἐκ</span> <span class='ocrx_word' id='word_1_454' title='bbox 905 3393 998 3447; x_wconf 84' lang='grc' dir='ltr'>τοῦ</span> <span class='ocrx_word' id='word_1_455' title='bbox 1025 3393 1344 3458; x_wconf 80' lang='grc' dir='ltr'>ἀκολούθου,</span> <span class='ocrx_word' id='word_1_456' title='bbox 1380 3394 1456 3458; x_wconf 86' lang='grc' dir='ltr'>ὼς</span> <span class='ocrx_word' id='word_1_457' title='bbox 1486 3395 1599 3448; x_wconf 77' lang='grc' dir='ltr'>ἔστι</span> <span class='ocrx_word' id='word_1_458' title='bbox 1632 3395 1882 3463; x_wconf 86' lang='grc' dir='ltr'>συλλογι-</span> 
     </span>
    </p>
   </div>
   <div class='ocr_carea' id='block_1_67' title="bbox 296 3485 1879 3557">
    <p class='ocr_par' dir='ltr' id='par_1_67' title="bbox 296 3485 1879 3557">
     <span class='ocr_line' id='line_1_67' title="bbox 296 3485 1879 3557; baseline 0.002 -20"><span class='ocrx_word' id='word_1_459' title='bbox 296 3486 538 3554; x_wconf 82' lang='grc' dir='ltr'>σάμενον</span> <span class='ocrx_word' id='word_1_460' title='bbox 602 3485 805 3556; x_wconf 74' lang='grc' dir='ltr'>ῥᾳδίως</span> <span class='ocrx_word' id='word_1_461' title='bbox 880 3486 1155 3550; x_wconf 78' lang='grc' dir='ltr'>συνιδεῖν,</span> <span class='ocrx_word' id='word_1_462' title='bbox 1211 3486 1365 3557; x_wconf 83' lang='grc' dir='ltr'>παρὰ</span> <span class='ocrx_word' id='word_1_463' title='bbox 1420 3487 1514 3539; x_wconf 74' lang='grc' dir='ltr'>τοῦ</span> <span class='ocrx_word' id='word_1_464' title='bbox 1569 3488 1879 3557; x_wconf 77' lang='grc' dir='ltr'>ἀρχετύπου</span> 
     </span>
    </p>
   </div>
   <div class='ocr_carea' id='block_1_68' title="bbox 291 3574 1881 3646">
    <p class='ocr_par' dir='ltr' id='par_1_68' title="bbox 291 3574 1881 3646">
     <span class='ocr_line' id='line_1_68' title="bbox 291 3574 1881 3646; baseline 0.001 -19"><span class='ocrx_word' id='word_1_465' title='bbox 291 3574 522 3644; x_wconf 82' lang='grc' dir='ltr'>χάριτός</span> <span class='ocrx_word' id='word_1_466' title='bbox 571 3591 721 3636; x_wconf 87' lang='grc' dir='ltr'>τινος</span> <span class='ocrx_word' id='word_1_467' title='bbox 771 3575 866 3626; x_wconf 77' lang='grc' dir='ltr'><strong>καί</strong></span> <span class='ocrx_word' id='word_1_468' title='bbox 919 3574 1201 3644; x_wconf 85' lang='grc' dir='ltr'>δυνάμεως</span> <span class='ocrx_word' id='word_1_469' title='bbox 1251 3575 1392 3628; x_wconf 79' lang='grc' dir='ltr'><strong>κατά</strong></span> <span class='ocrx_word' id='word_1_470' title='bbox 1439 3575 1881 3646; x_wconf 78' lang='grc' dir='ltr'>ἀντιπερίστασιν</span> 
     </span>
    </p>
   </div>
   <div class='ocr_carea' id='block_1_69' title="bbox 291 3661 1882 3736">
    <p class='ocr_par' dir='ltr' id='par_1_69' title="bbox 291 3661 1882 3736">
     <span class='ocr_line' id='line_1_69' title="bbox 291 3661 1882 3736; baseline 0.001 -17"><span class='ocrx_word' id='word_1_471' title='bbox 291 3666 528 3729; x_wconf 81' lang='grc' dir='ltr'>εἰκότως</span> <span class='ocrx_word' id='word_1_472' title='bbox 581 3665 824 3735; x_wconf 81' lang='grc' dir='ltr'>μεθέξει.</span> <span class='ocrx_word' id='word_1_473' title='bbox 864 3664 1050 3728; x_wconf 81' lang='grc' dir='ltr'>Οὕτως</span> <span class='ocrx_word' id='word_1_474' title='bbox 1083 3661 1175 3722; x_wconf 84' lang='grc' dir='ltr'>οὖν</span> <span class='ocrx_word' id='word_1_475' title='bbox 1226 3666 1395 3736; x_wconf 74' lang='grc' dir='ltr'>βαρύς</span> <span class='ocrx_word' id='word_1_476' title='bbox 1445 3667 1594 3720; x_wconf 74' lang='grc' dir='ltr'>ἐστιν</span> <span class='ocrx_word' id='word_1_477' title='bbox 1639 3667 1822 3730; x_wconf 80' lang='grc' dir='ltr'>αὐτοῖς</span> <span class='ocrx_word' id='word_1_478' title='bbox 1853 3668 1882 3720; x_wconf 86' lang='grc' dir='ltr'><strong>ό</strong></span> 
     </span>
    </p>
   </div>
   <div class='ocr_carea' id='block_1_70' title="bbox 291 3753 1880 3829">
    <p class='ocr_par' dir='ltr' id='par_1_70' title="bbox 291 3753 1880 3829">
     <span class='ocr_line' id='line_1_70' title="bbox 291 3753 1880 3829; baseline 0 -21"><span class='ocrx_word' id='word_1_479' title='bbox 291 3755 536 3824; x_wconf 74' lang='grc' dir='ltr'>Χριστὸς</span> <span class='ocrx_word' id='word_1_480' title='bbox 569 3754 666 3808; x_wconf 77' lang='grc' dir='ltr'>καὶ</span> <span class='ocrx_word' id='word_1_481' title='bbox 699 3753 758 3806; x_wconf 86' lang='grc' dir='ltr'>ὲν</span> <span class='ocrx_word' id='word_1_482' title='bbox 792 3754 965 3808; x_wconf 89' lang='grc' dir='ltr'>εἰκόνι</span> <span class='ocrx_word' id='word_1_483' title='bbox 997 3754 1352 3826; x_wconf 84' lang='grc' dir='ltr'>βλεπόμενος.</span> <span class='ocrx_word' id='word_1_484' title='bbox 1391 3757 1730 3829; x_wconf 76' lang='grc' dir='ltr'>Ὅνπεργάρ</span> <span class='ocrx_word' id='word_1_485' title='bbox 1750 3757 1880 3827; x_wconf 82' lang='grc' dir='ltr'>τρό-</span> 
     </span>
    </p>
   </div>
   <div class='ocr_carea' id='block_1_71' title="bbox 292 3843 1882 3918">
    <p class='ocr_par' dir='ltr' id='par_1_71' title="bbox 292 3843 1882 3918">
     <span class='ocr_line' id='line_1_71' title="bbox 292 3843 1882 3918; baseline 0.001 -19"><span class='ocrx_word' id='word_1_486' title='bbox 292 3864 399 3899; x_wconf 88' lang='grc' dir='ltr'><strong>πον</strong></span> <span class='ocrx_word' id='word_1_487' title='bbox 432 3849 543 3908; x_wconf 83' lang='grc' dir='ltr'>τοῖς</span> <span class='ocrx_word' id='word_1_488' title='bbox 593 3845 767 3899; x_wconf 87' lang='grc' dir='ltr'>πάλαι</span> <span class='ocrx_word' id='word_1_489' title='bbox 827 3847 1108 3910; x_wconf 83' lang='grc' dir='ltr'>Ἰουδαίοις</span> <span class='ocrx_word' id='word_1_490' title='bbox 1163 3847 1335 3918; x_wconf 78' lang='grc' dir='ltr'>βαρὺς</span> <span class='ocrx_word' id='word_1_491' title='bbox 1367 3843 1435 3918; x_wconf 81' lang='grc' dir='ltr'>ἦν</span> <span class='ocrx_word' id='word_1_492' title='bbox 1481 3849 1510 3901; x_wconf 85' lang='grc' dir='ltr'>ὁ</span> <span class='ocrx_word' id='word_1_493' title='bbox 1561 3849 1794 3918; x_wconf 86' lang='grc' dir='ltr'>Χριστὸς</span> <span class='ocrx_word' id='word_1_494' title='bbox 1823 3849 1882 3902; x_wconf 82' lang='grc' dir='ltr'>ὲν</span> 
     </span>
    </p>
   </div>
   <div class='ocr_carea' id='block_1_72' title="bbox 293 3937 1877 4010">
    <p class='ocr_par' dir='ltr' id='par_1_72' title="bbox 293 3937 1877 4010">
     <span class='ocr_line' id='line_1_72' title="bbox 293 3937 1877 4010; baseline 0.001 -20"><span class='ocrx_word' id='word_1_495' title='bbox 293 3937 467 4007; x_wconf 77' lang='grc' dir='ltr'>σαρκὶ</span> <span class='ocrx_word' id='word_1_496' title='bbox 515 3937 819 4007; x_wconf 84' lang='grc' dir='ltr'>ὁρώμενος,</span> <span class='ocrx_word' id='word_1_497' title='bbox 858 3939 935 4002; x_wconf 88' lang='grc' dir='ltr'>ὠς</span> <span class='ocrx_word' id='word_1_498' title='bbox 983 3938 1324 4010; x_wconf 79' lang='grc' dir='ltr'>ἀχθομένους</span> <span class='ocrx_word' id='word_1_499' title='bbox 1374 3940 1468 3993; x_wconf 76' lang='grc' dir='ltr'><strong>ἐπὶ</strong></span> <span class='ocrx_word' id='word_1_500' title='bbox 1513 3940 1606 3994; x_wconf 72' lang='grc' dir='ltr'>τὸν</span> <span class='ocrx_word' id='word_1_501' title='bbox 1649 3941 1877 4007; x_wconf 87' lang='grc' dir='ltr'>δίκαιον,</span> 
     </span>
    </p>
   </div>
   <div class='ocr_carea' id='block_1_73' title="bbox 291 4027 1883 4103">
    <p class='ocr_par' dir='ltr' id='par_1_73' title="bbox 291 4027 1883 4103">
     <span class='ocr_line' id='line_1_73' title="bbox 291 4027 1883 4103; baseline 0.004 -25"><span class='ocrx_word' id='word_1_502' title='bbox 291 4029 425 4080; x_wconf 82' lang='grc' dir='ltr'>ποτὲ</span> <span class='ocrx_word' id='word_1_503' title='bbox 459 4029 558 4094; x_wconf 80' lang='grc' dir='ltr'>μὲν</span> <span class='ocrx_word' id='word_1_504' title='bbox 593 4028 779 4095; x_wconf 79' lang='grc' dir='ltr'>λέγειν</span> <span class='ocrx_word' id='word_1_505' title='bbox 809 4027 960 4098; x_wconf 75' lang='grc' dir='ltr'><strong>αὐτῷ</strong></span> <span class='ocrx_word' id='word_1_506' title='bbox 985 4045 999 4060; x_wconf 75' lang='grc' dir='ltr'><strong>ο</strong></span> <span class='ocrx_word' id='word_1_507' title='bbox 1036 4030 1180 4090; x_wconf 84' lang='grc' dir='ltr'>Ἕως</span> <span class='ocrx_word' id='word_1_508' title='bbox 1208 4030 1338 4083; x_wconf 84' lang='grc' dir='ltr'>πότε</span> <span class='ocrx_word' id='word_1_509' title='bbox 1369 4030 1544 4102; x_wconf 76' lang='grc' dir='ltr'>αἴρεις</span> <span class='ocrx_word' id='word_1_510' title='bbox 1573 4031 1674 4103; x_wconf 74' lang='grc' dir='ltr'>τὴν</span> <span class='ocrx_word' id='word_1_511' title='bbox 1701 4031 1883 4102; x_wconf 77' lang='grc' dir='ltr'>ψυχὴν</span> 
     </span>
    </p>
   </div>
   <div class='ocr_carea' id='block_1_74' title="bbox 288 4119 1880 4193">
    <p class='ocr_par' dir='ltr' id='par_1_74' title="bbox 288 4119 1880 4193">
     <span class='ocr_line' id='line_1_74' title="bbox 288 4119 1880 4193; baseline 0.004 -23"><span class='ocrx_word' id='word_1_512' title='bbox 288 4119 490 4188; x_wconf 52' lang='lat' dir='ltr'><strong>math;</strong></span> <span class='ocrx_word' id='word_1_513' title='bbox 530 4121 664 4172; x_wconf 85' lang='grc' dir='ltr'>ποτὲ</span> <span class='ocrx_word' id='word_1_514' title='bbox 707 4119 777 4174; x_wconf 62' lang='grc' dir='ltr'><strong>δὲν</strong></span> <span class='ocrx_word' id='word_1_515' title='bbox 807 4124 1035 4192; x_wconf 87' lang='grc' dir='ltr'>μυρίαις</span> <span class='ocrx_word' id='word_1_516' title='bbox 1072 4121 1423 4193; x_wconf 74' lang='grc' dir='ltr'>περιϐάλλειν</span> <span class='ocrx_word' id='word_1_517' title='bbox 1469 4124 1880 4192; x_wconf 78' lang='grc' dir='ltr'>συκοφαντίαις,</span> 
     </span>
    </p>
   </div>
   <div class='ocr_carea' id='block_1_75' title="bbox 291 4210 1881 4285">
    <p class='ocr_par' dir='ltr' id='par_1_75' title="bbox 291 4210 1881 4285">
     <span class='ocr_line' id='line_1_75' title="bbox 291 4210 1881 4285; baseline 0.003 -19"><span class='ocrx_word' id='word_1_518' title='bbox 291 4210 421 4266; x_wconf 77' lang='grc' dir='ltr'>εἶτα</span> <span class='ocrx_word' id='word_1_519' title='bbox 457 4214 519 4266; x_wconf 79' lang='grc' dir='ltr'>τὸ</span> <span class='ocrx_word' id='word_1_520' title='bbox 551 4214 882 4266; x_wconf 85' lang='grc' dir='ltr'>τελευταῖον-</span> <span class='ocrx_word' id='word_1_521' title='bbox 901 4213 1119 4282; x_wconf 86' lang='grc' dir='ltr'>θανάτῳ</span> <span class='ocrx_word' id='word_1_522' title='bbox 1143 4215 1410 4285; x_wconf 81' lang='grc' dir='ltr'>αἰσχίστῳ</span> <span class='ocrx_word' id='word_1_523' title='bbox 1443 4215 1881 4285; x_wconf 85' lang='grc' dir='ltr'>παραδεδώκασι,</span> 
     </span>
    </p>
   </div>
   <div class='ocr_carea' id='block_1_76' title="bbox 287 4303 1883 4373">
    <p class='ocr_par' dir='ltr' id='par_1_76' title="bbox 287 4303 1883 4373">
     <span class='ocr_line' id='line_1_76' title="bbox 287 4303 1883 4373; baseline 0.002 -18"><span class='ocrx_word' id='word_1_524' title='bbox 287 4305 390 4355; x_wconf 55' lang='lat' dir='ltr'><strong>tim</strong></span> <span class='ocrx_word' id='word_1_525' title='bbox 413 4303 579 4356; x_wconf 65' lang='grc' dir='ltr'>αὐτὸν</span> <span class='ocrx_word' id='word_1_526' title='bbox 613 4304 814 4373; x_wconf 86' lang='grc' dir='ltr'>τρόπον</span> <span class='ocrx_word' id='word_1_527' title='bbox 864 4306 960 4357; x_wconf 66' lang='grc' dir='ltr'><strong>καὶ</strong></span> <span class='ocrx_word' id='word_1_528' title='bbox 1005 4307 1118 4367; x_wconf 73' lang='grc' dir='ltr'>τοῖς</span> <span class='ocrx_word' id='word_1_529' title='bbox 1151 4305 1248 4357; x_wconf 82' lang='grc' dir='ltr'>νῦν</span> <span class='ocrx_word' id='word_1_530' title='bbox 1305 4305 1600 4368; x_wconf 82' lang='grc' dir='ltr'>Ἰουδαίοις,</span> <span class='ocrx_word' id='word_1_531' title='bbox 1647 4306 1735 4358; x_wconf 70' lang='grc' dir='ltr'><strong>διὰ</strong></span> <span class='ocrx_word' id='word_1_532' title='bbox 1789 4306 1883 4358; x_wconf 85' lang='grc' dir='ltr'>τοῦ</span> 
     </span>
    </p>
   </div>
   <div class='ocr_carea' id='block_1_77' title="bbox 290 4394 1887 4465">
    <p class='ocr_par' dir='ltr' id='par_1_77' title="bbox 290 4394 1887 4465">
     <span class='ocr_line' id='line_1_77' title="bbox 290 4394 1887 4465; baseline 0 -18"><span class='ocrx_word' id='word_1_533' title='bbox 290 4394 602 4464; x_wconf 72' lang='grc' dir='ltr'>σεϐασμίου</span> <span class='ocrx_word' id='word_1_534' title='bbox 653 4395 823 4448; x_wconf 77' lang='grc' dir='ltr'>αὑτοῦ</span> <span class='ocrx_word' id='word_1_535' title='bbox 875 4395 1298 4464; x_wconf 80' lang='grc' dir='ltr'>ὲκτυπώματος,</span> <span class='ocrx_word' id='word_1_536' title='bbox 1348 4395 1424 4458; x_wconf 84' lang='grc' dir='ltr'>ὡς</span> <span class='ocrx_word' id='word_1_537' title='bbox 1473 4395 1887 4465; x_wconf 67' lang='grc' dir='ltr'>δυσφορώτατος</span> 
     </span>
    </p>
   </div>
   <div class='ocr_carea' id='block_1_78' title="bbox 289 4486 1886 4558">
    <p class='ocr_par' dir='ltr' id='par_1_78' title="bbox 289 4486 1886 4558">
     <span class='ocr_line' id='line_1_78' title="bbox 289 4486 1886 4558; baseline 0 -18"><span class='ocrx_word' id='word_1_538' title='bbox 289 4487 620 4540; x_wconf 63' lang='grc' dir='ltr'>δείκνυε-αι’</span> <span class='ocrx_word' id='word_1_539' title='bbox 669 4486 744 4550; x_wconf 83' lang='grc' dir='ltr'>ὡς</span> <span class='ocrx_word' id='word_1_540' title='bbox 790 4487 901 4558; x_wconf 84' lang='grc' dir='ltr'><strong>γάρ</strong></span> <span class='ocrx_word' id='word_1_541' title='bbox 939 4487 1040 4558; x_wconf 69' lang='grc' dir='ltr'>τὴν</span> <span class='ocrx_word' id='word_1_542' title='bbox 1101 4487 1377 4542; x_wconf 84' lang='grc' dir='ltr'>Ἰουδαίων</span> <span class='ocrx_word' id='word_1_543' title='bbox 1426 4489 1612 4540; x_wconf 80' lang='grc' dir='ltr'>εἰκόνα</span> <span class='ocrx_word' id='word_1_544' title='bbox 1665 4489 1756 4540; x_wconf 73' lang='grc' dir='ltr'>καὶ</span> <span class='ocrx_word' id='word_1_545' title='bbox 1787 4488 1886 4556; x_wconf 82' lang='grc' dir='ltr'>τὴν</span> 
     </span>
    </p>
   </div>
   <div class='ocr_carea' id='block_1_79' title="bbox 296 4578 1886 4650">
    <p class='ocr_par' dir='ltr' id='par_1_79' title="bbox 296 4578 1886 4650">
     <span class='ocr_line' id='line_1_79' title="bbox 296 4578 1886 4650; baseline 0 -20"><span class='ocrx_word' id='word_1_546' title='bbox 296 4579 544 4650; x_wconf 77' lang='grc' dir='ltr'>μίμησιν</span> <span class='ocrx_word' id='word_1_547' title='bbox 577 4578 862 4648; x_wconf 78' lang='grc' dir='ltr'>φέροντες,</span> <span class='ocrx_word' id='word_1_548' title='bbox 899 4579 995 4631; x_wconf 73' lang='grc' dir='ltr'><strong>ἐπὶ</strong></span> <span class='ocrx_word' id='word_1_549' title='bbox 1019 4583 1086 4650; x_wconf 82' lang='grc' dir='ltr'>τῇ</span> <span class='ocrx_word' id='word_1_550' title='bbox 1119 4580 1293 4632; x_wconf 86' lang='grc' dir='ltr'>εἰκόνι</span> <span class='ocrx_word' id='word_1_551' title='bbox 1321 4578 1558 4648; x_wconf 81' lang='grc' dir='ltr'>Χριστοῦ</span> <span class='ocrx_word' id='word_1_552' title='bbox 1597 4578 1886 4648; x_wconf 82' lang='grc' dir='ltr'>δυσχεραί-</span> 
     </span>
    </p>
   </div>
   <div class='ocr_carea' id='block_1_80' title="bbox 291 4668 1886 4740">
    <p class='ocr_par' dir='ltr' id='par_1_80' title="bbox 291 4668 1886 4740">
     <span class='ocr_line' id='line_1_80' title="bbox 291 4668 1886 4740; baseline 0.001 -20"><span class='ocrx_word' id='word_1_553' title='bbox 291 4683 487 4721; x_wconf 85' lang='grc' dir='ltr'>νουσι·</span> <span class='ocrx_word' id='word_1_554' title='bbox 517 4670 616 4721; x_wconf 77' lang='grc' dir='ltr'><strong>καὶ</strong></span> <span class='ocrx_word' id='word_1_555' title='bbox 657 4669 920 4733; x_wconf 80' lang='grc' dir='ltr'>ὡσαύτως</span> <span class='ocrx_word' id='word_1_556' title='bbox 970 4671 1202 4733; x_wconf 81' lang='grc' dir='ltr'>ἐκείνοις</span> <span class='ocrx_word' id='word_1_557' title='bbox 1283 4669 1508 4740; x_wconf 84' lang='grc' dir='ltr'>μυρίαις</span> <span class='ocrx_word' id='word_1_558' title='bbox 1566 4668 1759 4740; x_wconf 70' lang='grc' dir='ltr'>ὕϐρεσι</span> <span class='ocrx_word' id='word_1_559' title='bbox 1793 4672 1886 4723; x_wconf 69' lang='grc' dir='ltr'>καὶ</span> 
     </span>
    </p>
   </div>
   <div class='ocr_carea' id='block_1_81' title="bbox 291 4759 1930 4835">
    <p class='ocr_par' dir='ltr' id='par_1_81' title="bbox 291 4759 1930 4835">
     <span class='ocr_line' id='line_1_81' title="bbox 291 4759 1930 4835; baseline 0.003 -23"><span class='ocrx_word' id='word_1_560' title='bbox 291 4759 598 4830; x_wconf 81' lang='grc' dir='ltr'>λοιδορίαις</span> <span class='ocrx_word' id='word_1_561' title='bbox 652 4761 932 4830; x_wconf 85' lang='grc' dir='ltr'>βάλλουσι,</span> <span class='ocrx_word' id='word_1_562' title='bbox 967 4763 1062 4815; x_wconf 81' lang='grc' dir='ltr'><strong>καὶ</strong></span> <span class='ocrx_word' id='word_1_563' title='bbox 1093 4763 1154 4816; x_wconf 81' lang='grc' dir='ltr'>τὸ</span> <span class='ocrx_word' id='word_1_564' title='bbox 1193 4763 1506 4816; x_wconf 86' lang='grc' dir='ltr'>τελευταῖον</span> <span class='ocrx_word' id='word_1_565' title='bbox 1567 4763 1888 4835; x_wconf 77' lang='grc' dir='ltr'>καθαιροῦσι</span> <span class='ocrx_word' id='word_1_566' title='bbox 1917 4768 1930 4778; x_wconf 79' lang='grc'><strong><em>³</em></strong></span> 
     </span>
    </p>
   </div>
   <div class='ocr_carea' id='block_1_82' title="bbox 292 4852 1549 4925">
    <p class='ocr_par' dir='ltr' id='par_1_82' title="bbox 292 4852 1549 4925">
     <span class='ocr_line' id='line_1_82' title="bbox 292 4852 1549 4925; baseline 0.004 -21"><span class='ocrx_word' id='word_1_567' title='bbox 292 4853 516 4922; x_wconf 77' lang='grc' dir='ltr'>πικρῶς</span> <span class='ocrx_word' id='word_1_568' title='bbox 542 4854 593 4905; x_wconf 87' lang='grc' dir='ltr'>οἱ</span> <span class='ocrx_word' id='word_1_569' title='bbox 638 4852 1066 4925; x_wconf 74' lang='grc' dir='ltr'>Ἰουδαιόφρονες</span> <span class='ocrx_word' id='word_1_570' title='bbox 1097 4858 1191 4907; x_wconf 71' lang='grc' dir='ltr'>καὶ</span> <span class='ocrx_word' id='word_1_571' title='bbox 1221 4857 1549 4925; x_wconf 80' lang='grc' dir='ltr'>παράνομοι.</span> 
     </span>
    </p>
   </div>
   <div class='ocr_carea' id='block_1_83' title="bbox 369 4928 1888 5016">
    <p class='ocr_par' dir='ltr' id='par_1_83' title="bbox 369 4941 1888 5016">
     <span class='ocr_line' id='line_1_83' title="bbox 369 4941 1888 5016; baseline 0.001 -22"><span class='ocrx_word' id='word_1_572' title='bbox 369 4941 470 4995; x_wconf 84' lang='grc' dir='ltr'>κε’.</span> <span class='ocrx_word' id='word_1_573' title='bbox 522 4943 747 5014; x_wconf 75' lang='grc' dir='ltr'>Ἐπειδὴ</span> <span class='ocrx_word' id='word_1_574' title='bbox 777 4945 833 4997; x_wconf 81' lang='grc' dir='ltr'>δὲ</span> <span class='ocrx_word' id='word_1_575' title='bbox 871 4948 1003 5016; x_wconf 71' lang='grc' dir='ltr'><strong>περῖ¹</strong></span> <span class='ocrx_word' id='word_1_576' title='bbox 1031 4949 1130 5014; x_wconf 77' lang='grc' dir='ltr'>τῆς</span> <span class='ocrx_word' id='word_1_577' title='bbox 1163 4945 1258 4998; x_wconf 82' lang='grc' dir='ltr'>τοῦ</span> <span class='ocrx_word' id='word_1_578' title='bbox 1304 4946 1510 5015; x_wconf 82' lang='grc' dir='ltr'>Κυρίου</span> <span class='ocrx_word' id='word_1_579' title='bbox 1557 4945 1888 5016; x_wconf 75' lang='grc' dir='ltr'>σαρκὼαεως</span> 
     </span>
    </p>
   </div>
   <div class='ocr_carea' id='block_1_84' title="bbox 294 5034 1890 5108">
    <p class='ocr_par' dir='ltr' id='par_1_84' title="bbox 294 5034 1890 5108">
     <span class='ocr_line' id='line_1_84' title="bbox 294 5034 1890 5108; baseline 0.001 -21"><span class='ocrx_word' id='word_1_580' title='bbox 294 5037 432 5104; x_wconf 75' lang='grc' dir='ltr'>ἡμῖν</span> <span class='ocrx_word' id='word_1_581' title='bbox 483 5037 511 5087; x_wconf 79' lang='grc' dir='ltr'><strong>ό</strong></span> <span class='ocrx_word' id='word_1_582' title='bbox 560 5034 739 5101; x_wconf 68' lang='grc' dir='ltr'><strong>λόγοςἼ</strong></span> <span class='ocrx_word' id='word_1_583' title='bbox 791 5037 892 5088; x_wconf 71' lang='grc' dir='ltr'><strong>οὐκ</strong></span> <span class='ocrx_word' id='word_1_584' title='bbox 943 5038 1176 5100; x_wconf 79' lang='grc' dir='ltr'>ἄκαιρον</span> <span class='ocrx_word' id='word_1_585' title='bbox 1231 5037 1560 5108; x_wconf 70' lang='grc' dir='ltr'>ἡγησάμεθα</span> <span class='ocrx_word' id='word_1_586' title='bbox 1596 5039 1686 5090; x_wconf 77' lang='grc' dir='ltr'><strong>καί</strong></span> <span class='ocrx_word' id='word_1_587' title='bbox 1731 5037 1890 5089; x_wconf 75' lang='grc' dir='ltr'>τοῦτο</span> 
     </span>
    </p>
   </div>
   <div class='ocr_carea' id='block_1_85' title="bbox 293 5127 1889 5199">
    <p class='ocr_par' dir='ltr' id='par_1_85' title="bbox 293 5127 1889 5199">
     <span class='ocr_line' id='line_1_85' title="bbox 293 5127 1889 5199; baseline 0.003 -22"><span class='ocrx_word' id='word_1_588' title='bbox 293 5129 412 5189; x_wconf 69' lang='grc' dir='ltr'>τοῖς</span> <span class='ocrx_word' id='word_1_589' title='bbox 464 5127 785 5194; x_wconf 77' lang='grc' dir='ltr'>εἰρημένοις</span> <span class='ocrx_word' id='word_1_590' title='bbox 842 5132 1329 5198; x_wconf 82' lang='grc' dir='ltr'>προσεπενεγκεῖν,</span> <span class='ocrx_word' id='word_1_591' title='bbox 1378 5130 1596 5198; x_wconf 77' lang='grc' dir='ltr'>πρῶτον</span> <span class='ocrx_word' id='word_1_592' title='bbox 1651 5129 1750 5199; x_wconf 88' lang='grc' dir='ltr'>μὲν</span> <span class='ocrx_word' id='word_1_593' title='bbox 1798 5132 1889 5182; x_wconf 71' lang='grc' dir='ltr'><strong>τὸν</strong></span> 
     </span>
    </p>
   </div>
   <div class='ocr_carea' id='block_1_86' title="bbox 292 5217 1884 5291">
    <p class='ocr_par' dir='ltr' id='par_1_86' title="bbox 292 5217 1884 5291">
     <span class='ocr_line' id='line_1_86' title="bbox 292 5217 1884 5291; baseline 0 -22"><span class='ocrx_word' id='word_1_594' title='bbox 292 5217 564 5269; x_wconf 76' lang='grc' dir='ltr'>δοκοῦντα</span> <span class='ocrx_word' id='word_1_595' title='bbox 598 5219 735 5286; x_wconf 74' lang='grc' dir='ltr'>ἡμῖν</span> <span class='ocrx_word' id='word_1_596' title='bbox 768 5220 862 5272; x_wconf 78' lang='grc' dir='ltr'>καὶ</span> <span class='ocrx_word' id='word_1_597' title='bbox 909 5223 975 5289; x_wconf 80' lang='grc' dir='ltr'>τῇ</span> <span class='ocrx_word' id='word_1_598' title='bbox 1027 5220 1257 5291; x_wconf 72' lang='grc' dir='ltr'>ἀληθείᾳ</span> <span class='ocrx_word' id='word_1_599' title='bbox 1308 5220 1468 5289; x_wconf 76' lang='grc' dir='ltr'>λόγον</span> <span class='ocrx_word' id='word_1_600' title='bbox 1522 5222 1884 5290; x_wconf 76' lang='grc' dir='ltr'>ἐκτιθέμενοι,</span> 
     </span>
    </p>
   </div>
   <div class='ocr_carea' id='block_1_87' title="bbox 293 5308 1884 5386">
    <p class='ocr_par' dir='ltr' id='par_1_87' title="bbox 293 5308 1884 5386">
     <span class='ocr_line' id='line_1_87' title="bbox 293 5308 1884 5386; baseline 0.003 -24"><span class='ocrx_word' id='word_1_601' title='bbox 293 5308 494 5362; x_wconf 72' lang='grc' dir='ltr'>ἔπειτα</span> <span class='ocrx_word' id='word_1_602' title='bbox 523 5309 580 5361; x_wconf 80' lang='grc' dir='ltr'>δὲ</span> <span class='ocrx_word' id='word_1_603' title='bbox 608 5309 700 5362; x_wconf 79' lang='grc' dir='ltr'>τὸν</span> <span class='ocrx_word' id='word_1_604' title='bbox 728 5310 837 5362; x_wconf 83' lang='grc' dir='ltr'>τῶν</span> <span class='ocrx_word' id='word_1_605' title='bbox 891 5311 1173 5378; x_wconf 75' lang='grc' dir='ltr'>ἐναντίων,</span> <span class='ocrx_word' id='word_1_606' title='bbox 1228 5312 1303 5375; x_wconf 82' lang='grc' dir='ltr'><strong>ὡς</strong></span> <span class='ocrx_word' id='word_1_607' title='bbox 1359 5313 1472 5383; x_wconf 79' lang='grc' dir='ltr'>ἔχει</span> <span class='ocrx_word' id='word_1_608' title='bbox 1530 5313 1884 5386; x_wconf 72' lang='grc' dir='ltr'>εὖθύτητοςῆ</span> 
     </span>
    </p>
   </div>
   <div class='ocr_carea' id='block_1_88' title="bbox 370 5489 1908 5557">
    <p class='ocr_par' dir='ltr' id='par_1_88' title="bbox 370 5489 1908 5557">
     <span class='ocr_line' id='line_1_88' title="bbox 370 5489 1908 5557; baseline 0.002 -15"><span class='ocrx_word' id='word_1_609' title='bbox 370 5492 416 5522; x_wconf 69' lang='grc'>³⁸</span> <span class='ocrx_word' id='word_1_610' title='bbox 465 5490 625 5546; x_wconf 75' lang='lat' dir='ltr'><strong>Joan.</strong></span> <span class='ocrx_word' id='word_1_611' title='bbox 672 5508 709 5554; x_wconf 93' lang='lat' dir='ltr'><strong>I,</strong></span> <span class='ocrx_word' id='word_1_612' title='bbox 740 5493 827 5546; x_wconf 77' lang='grc' dir='ltr'>Η.</span> <span class='ocrx_word' id='word_1_613' title='bbox 908 5492 952 5524; x_wconf 80' lang='grc'><strong><em>⁸⁵</em></strong></span> <span class='ocrx_word' id='word_1_614' title='bbox 999 5491 1162 5546; x_wconf 85' lang='lat' dir='ltr'><strong>Ilebr.</strong></span> <span class='ocrx_word' id='word_1_615' title='bbox 1199 5506 1258 5557; x_wconf 89' lang='lat' dir='ltr'><strong>Il,</strong></span> <span class='ocrx_word' id='word_1_616' title='bbox 1291 5491 1376 5544; x_wconf 77' lang='grc' dir='ltr'>Η.</span> <span class='ocrx_word' id='word_1_617' title='bbox 1456 5489 1688 5547; x_wconf 79' lang='lat' dir='ltr'><strong>“Juan.</strong></span> <span class='ocrx_word' id='word_1_618' title='bbox 1733 5509 1786 5555; x_wconf 73' lang='grc' dir='ltr'>χ,</span> <span class='ocrx_word' id='word_1_619' title='bbox 1816 5493 1908 5546; x_wconf 62' lang='lat'><strong>‘21.</strong></span> 
     </span>
    </p>
   </div>
   <div class='ocr_carea' id='block_1_89' title="bbox 1981 3117 3558 3190">
    <p class='ocr_par' dir='ltr' id='par_1_89' title="bbox 1981 3117 3558 3190">
     <span class='ocr_line' id='line_1_89' title="bbox 1981 3117 3558 3190; baseline -0.003 -14"><span class='ocrx_word' id='word_1_620' title='bbox 1981 3122 2109 3190; x_wconf 81' lang='lat' dir='ltr'><strong>quid</strong></span> <span class='ocrx_word' id='word_1_621' title='bbox 2139 3137 2166 3173; x_wconf 92' lang='lat' dir='ltr'><strong>a</strong></span> <span class='ocrx_word' id='word_1_622' title='bbox 2196 3120 2400 3174; x_wconf 75' lang='lat' dir='ltr'><strong>Christi</strong></span> <span class='ocrx_word' id='word_1_623' title='bbox 2443 3118 2688 3173; x_wconf 86' lang='lat' dir='ltr'><strong>hostibus</strong></span> <span class='ocrx_word' id='word_1_624' title='bbox 2719 3118 2925 3187; x_wconf 90' lang='lat' dir='ltr'><strong>patitur</strong></span> <span class='ocrx_word' id='word_1_625' title='bbox 2954 3117 3076 3185; x_wconf 88' lang='lat' dir='ltr'><strong>ejus</strong></span> <span class='ocrx_word' id='word_1_626' title='bbox 3124 3118 3300 3186; x_wconf 83' lang='lat' dir='ltr'><strong>imago</strong></span> <span class='ocrx_word' id='word_1_627' title='bbox 3349 3117 3558 3186; x_wconf 78' lang='lat' dir='ltr'><strong>iniuriis</strong></span> 
     </span>
    </p>
   </div>
   <div class='ocr_carea' id='block_1_90' title="bbox 1981 3207 3554 3279">
    <p class='ocr_par' dir='ltr' id='par_1_90' title="bbox 1981 3207 3554 3279">
     <span class='ocr_line' id='line_1_90' title="bbox 1981 3207 3554 3279; baseline 0 -17"><span class='ocrx_word' id='word_1_628' title='bbox 1981 3210 2218 3279; x_wconf 89' lang='lat' dir='ltr'><strong>appetita</strong></span> <span class='ocrx_word' id='word_1_629' title='bbox 2255 3218 2307 3263; x_wconf 91' lang='lat' dir='ltr'><strong>et</strong></span> <span class='ocrx_word' id='word_1_630' title='bbox 2347 3207 2578 3275; x_wconf 83' lang='lat' dir='ltr'><strong>dejecta,</strong></span> <span class='ocrx_word' id='word_1_631' title='bbox 2629 3215 2848 3275; x_wconf 88' lang='lat' dir='ltr'><strong>propter</strong></span> <span class='ocrx_word' id='word_1_632' title='bbox 2897 3207 3070 3275; x_wconf 91' lang='lat' dir='ltr'><strong>ipsmn</strong></span> <span class='ocrx_word' id='word_1_633' title='bbox 3127 3221 3316 3274; x_wconf 87' lang='lat' dir='ltr'><strong>reapse</strong></span> <span class='ocrx_word' id='word_1_634' title='bbox 3361 3210 3554 3262; x_wconf 75' lang='lat' dir='ltr'><strong>arche-</strong></span> 
     </span>
    </p>
   </div>
   <div class='ocr_carea' id='block_1_91' title="bbox 1983 3299 3556 3374">
    <p class='ocr_par' dir='ltr' id='par_1_91' title="bbox 1983 3299 3556 3374">
     <span class='ocr_line' id='line_1_91' title="bbox 1983 3299 3556 3374; baseline -0.003 -17"><span class='ocrx_word' id='word_1_635' title='bbox 1983 3314 2168 3374; x_wconf 89' lang='lat' dir='ltr'><strong>typnm</strong></span> <span class='ocrx_word' id='word_1_636' title='bbox 2201 3301 2445 3370; x_wconf 88' lang='lat' dir='ltr'><strong>patitur;</strong></span> <span class='ocrx_word' id='word_1_637' title='bbox 2475 3302 2600 3370; x_wconf 85' lang='lat' dir='ltr'><strong>quia</strong></span> <span class='ocrx_word' id='word_1_638' title='bbox 2637 3301 2689 3355; x_wconf 90' lang='lat' dir='ltr'><strong>hi</strong></span> <span class='ocrx_word' id='word_1_639' title='bbox 2743 3311 2800 3354; x_wconf 88' lang='lat' dir='ltr'><strong>ut</strong></span> <span class='ocrx_word' id='word_1_640' title='bbox 2826 3299 3106 3354; x_wconf 82' lang='lat' dir='ltr'><strong>Christum</strong></span> <span class='ocrx_word' id='word_1_641' title='bbox 3159 3300 3465 3360; x_wconf 75' lang='lat' dir='ltr'><strong>offendant,</strong></span> <span class='ocrx_word' id='word_1_642' title='bbox 3507 3302 3556 3352; x_wconf 90' lang='lat' dir='ltr'><strong>id</strong></span> 
     </span>
    </p>
   </div>
   <div class='ocr_carea' id='block_1_92' title="bbox 1981 3388 3556 3463">
    <p class='ocr_par' dir='ltr' id='par_1_92' title="bbox 1981 3388 3556 3463">
     <span class='ocr_line' id='line_1_92' title="bbox 1981 3388 3556 3463; baseline -0.004 -17"><span class='ocrx_word' id='word_1_643' title='bbox 1981 3404 2178 3463; x_wconf 82' lang='lat' dir='ltr'><strong>agunt;</strong></span> <span class='ocrx_word' id='word_1_644' title='bbox 2210 3395 2280 3445; x_wconf 88' lang='lat' dir='ltr'><strong>ita</strong></span> <span class='ocrx_word' id='word_1_645' title='bbox 2313 3392 2596 3461; x_wconf 84' lang='lat' dir='ltr'><strong>analogice</strong></span> <span class='ocrx_word' id='word_1_646' title='bbox 2627 3401 2678 3444; x_wconf 92' lang='lat' dir='ltr'><strong>et</strong></span> <span class='ocrx_word' id='word_1_647' title='bbox 2738 3401 3130 3451; x_wconf 88' lang='lat' dir='ltr'><strong>conscntanee,</strong></span> <span class='ocrx_word' id='word_1_648' title='bbox 3161 3396 3219 3442; x_wconf 90' lang='lat' dir='ltr'><strong>nt</strong></span> <span class='ocrx_word' id='word_1_649' title='bbox 3277 3388 3421 3442; x_wconf 77' lang='lat' dir='ltr'><strong>facili</strong></span> <span class='ocrx_word' id='word_1_650' title='bbox 3473 3405 3556 3442; x_wconf 80' lang='lat' dir='ltr'><strong>ra-</strong></span> 
     </span>
    </p>
   </div>
   <div class='ocr_carea' id='block_1_93' title="bbox 1987 3481 3556 3554">
    <p class='ocr_par' dir='ltr' id='par_1_93' title="bbox 1987 3481 3556 3554">
     <span class='ocr_line' id='line_1_93' title="bbox 1987 3481 3556 3554; baseline -0.003 -14"><span class='ocrx_word' id='word_1_651' title='bbox 1987 3486 2206 3540; x_wconf 79' lang='lat' dir='ltr'><strong>tiocinio</strong></span> <span class='ocrx_word' id='word_1_652' title='bbox 2231 3485 2462 3554; x_wconf 88' lang='lat' dir='ltr'><strong>quisque</strong></span> <span class='ocrx_word' id='word_1_653' title='bbox 2484 3492 2762 3553; x_wconf 77' lang='lat' dir='ltr'><strong>agnoscet,</strong></span> <span class='ocrx_word' id='word_1_654' title='bbox 2793 3483 3022 3552; x_wconf 79' lang='lat' dir='ltr'><strong>gratiam</strong></span> <span class='ocrx_word' id='word_1_655' title='bbox 3049 3483 3245 3534; x_wconf 84' lang='lat' dir='ltr'><strong>merito</strong></span> <span class='ocrx_word' id='word_1_656' title='bbox 3268 3481 3556 3549; x_wconf 85' lang='lat' dir='ltr'><strong>quamdam</strong></span> 
     </span>
    </p>
   </div>
   <div class='ocr_carea' id='block_1_94' title="bbox 1984 3573 3554 3647">
    <p class='ocr_par' dir='ltr' id='par_1_94' title="bbox 1984 3573 3554 3647">
     <span class='ocr_line' id='line_1_94' title="bbox 1984 3573 3554 3647; baseline -0.003 -16"><span class='ocrx_word' id='word_1_657' title='bbox 1984 3589 2145 3647; x_wconf 89' lang='lat' dir='ltr'><strong>atque</strong></span> <span class='ocrx_word' id='word_1_658' title='bbox 2171 3579 2429 3630; x_wconf 83' lang='lat' dir='ltr'><strong>virtutem</strong></span> <span class='ocrx_word' id='word_1_659' title='bbox 2463 3575 2708 3630; x_wconf 85' lang='lat' dir='ltr'><strong>vicissim</strong></span> <span class='ocrx_word' id='word_1_660' title='bbox 2743 3589 2809 3628; x_wconf 79' lang='lat' dir='ltr'><strong>ex</strong></span> <span class='ocrx_word' id='word_1_661' title='bbox 2852 3573 3149 3641; x_wconf 86' lang='lat' dir='ltr'><strong>archetypo</strong></span> <span class='ocrx_word' id='word_1_662' title='bbox 3185 3573 3364 3640; x_wconf 82' lang='lat' dir='ltr'><strong>imago</strong></span> <span class='ocrx_word' id='word_1_663' title='bbox 3385 3578 3554 3640; x_wconf 89' lang='lat' dir='ltr'><strong>parti-</strong></span> 
     </span>
    </p>
   </div>
   <div class='ocr_carea' id='block_1_95' title="bbox 1985 3662 3553 3739">
    <p class='ocr_par' dir='ltr' id='par_1_95' title="bbox 1985 3662 3553 3739">
     <span class='ocr_line' id='line_1_95' title="bbox 1985 3662 3553 3739; baseline -0.006 -14"><span class='ocrx_word' id='word_1_664' title='bbox 1985 3671 2130 3739; x_wconf 78' lang='lat' dir='ltr'><strong>cipat</strong></span> <span class='ocrx_word' id='word_1_665' title='bbox 2167 3668 2303 3739; x_wconf 75' lang='grc'><strong>(54).</strong></span> <span class='ocrx_word' id='word_1_666' title='bbox 2356 3667 2565 3736; x_wconf 85' lang='lat' dir='ltr'><strong>Quippe</strong></span> <span class='ocrx_word' id='word_1_667' title='bbox 2599 3665 2860 3719; x_wconf 89' lang='lat' dir='ltr'><strong>molestus</strong></span> <span class='ocrx_word' id='word_1_668' title='bbox 2893 3672 2978 3718; x_wconf 89' lang='lat' dir='ltr'><strong>est</strong></span> <span class='ocrx_word' id='word_1_669' title='bbox 3032 3665 3164 3731; x_wconf 89' lang='lat' dir='ltr'><strong>ipsis</strong></span> <span class='ocrx_word' id='word_1_670' title='bbox 3203 3662 3459 3717; x_wconf 84' lang='lat' dir='ltr'><strong>Christus</strong></span> <span class='ocrx_word' id='word_1_671' title='bbox 3501 3664 3553 3716; x_wconf 92' lang='lat' dir='ltr'><strong>in</strong></span> 
     </span>
    </p>
   </div>
   <div class='ocr_carea' id='block_1_96' title="bbox 1985 3754 3558 3832">
    <p class='ocr_par' dir='ltr' id='par_1_96' title="bbox 1985 3754 3558 3832">
     <span class='ocr_line' id='line_1_96' title="bbox 1985 3754 3558 3832; baseline -0.004 -16"><span class='ocrx_word' id='word_1_672' title='bbox 1985 3761 2223 3832; x_wconf 79' lang='lat' dir='ltr'><strong>imagine</strong></span> <span class='ocrx_word' id='word_1_673' title='bbox 2250 3761 2412 3815; x_wconf 75' lang='lat' dir='ltr'><strong>etiam</strong></span> <span class='ocrx_word' id='word_1_674' title='bbox 2449 3765 2741 3828; x_wconf 74' lang='lat' dir='ltr'><strong>spectatus.</strong></span> <span class='ocrx_word' id='word_1_675' title='bbox 2780 3755 3096 3810; x_wconf 88' lang='lat' dir='ltr'><strong>Sicutenim</strong></span> <span class='ocrx_word' id='word_1_676' title='bbox 3133 3754 3336 3810; x_wconf 68' lang='lat' dir='ltr'><strong>Iuda-is</strong></span> <span class='ocrx_word' id='word_1_677' title='bbox 3365 3755 3558 3824; x_wconf 79' lang='lat' dir='ltr'><strong>priscis</strong></span> 
     </span>
    </p>
   </div>
   <div class='ocr_carea' id='block_1_97' title="bbox 1983 3849 3560 3922">
    <p class='ocr_par' dir='ltr' id='par_1_97' title="bbox 1983 3849 3560 3922">
     <span class='ocr_line' id='line_1_97' title="bbox 1983 3849 3560 3922; baseline -0.002 -19"><span class='ocrx_word' id='word_1_678' title='bbox 1983 3852 2164 3922; x_wconf 87' lang='lat' dir='ltr'><strong>gravis</strong></span> <span class='ocrx_word' id='word_1_679' title='bbox 2209 3860 2327 3905; x_wconf 89' lang='lat' dir='ltr'><strong>erat</strong></span> <span class='ocrx_word' id='word_1_680' title='bbox 2381 3849 2630 3904; x_wconf 87' lang='lat' dir='ltr'><strong>Christus</strong></span> <span class='ocrx_word' id='word_1_681' title='bbox 2671 3849 2726 3904; x_wconf 92' lang='lat' dir='ltr'><strong>in</strong></span> <span class='ocrx_word' id='word_1_682' title='bbox 2763 3863 2930 3903; x_wconf 90' lang='lat' dir='ltr'><strong>carne</strong></span> <span class='ocrx_word' id='word_1_683' title='bbox 2976 3860 3328 3918; x_wconf 71' lang='lat' dir='ltr'><strong>conslicctus,</strong></span> <span class='ocrx_word' id='word_1_684' title='bbox 3387 3849 3461 3903; x_wconf 87' lang='lat' dir='ltr'><strong>ita</strong></span> <span class='ocrx_word' id='word_1_685' title='bbox 3503 3860 3560 3901; x_wconf 92' lang='lat' dir='ltr'><strong>ut</strong></span> 
     </span>
    </p>
   </div>
   <div class='ocr_carea' id='block_1_98' title="bbox 1978 3938 3558 4011">
    <p class='ocr_par' dir='ltr' id='par_1_98' title="bbox 1978 3938 3558 4011">
     <span class='ocr_line' id='line_1_98' title="bbox 1978 3938 3558 4011; baseline 0 -17"><span class='ocrx_word' id='word_1_686' title='bbox 1978 3941 2186 4011; x_wconf 85' lang='lat' dir='ltr'><strong>justum</strong></span> <span class='ocrx_word' id='word_1_687' title='bbox 2209 3942 2354 3995; x_wconf 92' lang='lat' dir='ltr'><strong>hunc</strong></span> <span class='ocrx_word' id='word_1_688' title='bbox 2377 3955 2482 3995; x_wconf 91' lang='lat' dir='ltr'><strong>non</strong></span> <span class='ocrx_word' id='word_1_689' title='bbox 2504 3938 2762 4003; x_wconf 80' lang='lat' dir='ltr'><strong>ferentes,</strong></span> <span class='ocrx_word' id='word_1_690' title='bbox 2787 3938 2947 3992; x_wconf 90' lang='lat' dir='ltr'><strong>modo</strong></span> <span class='ocrx_word' id='word_1_691' title='bbox 2966 3939 3198 3993; x_wconf 76' lang='lat' dir='ltr'><strong>dixerint</strong></span> <span class='ocrx_word' id='word_1_692' title='bbox 3223 3956 3237 3992; x_wconf 88' lang='lat'><strong><em>:</em></strong></span> <span class='ocrx_word' id='word_1_693' title='bbox 3261 3940 3558 4010; x_wconf 88' lang='lat' dir='ltr'><strong>Quousque</strong></span> 
     </span>
    </p>
   </div>
   <div class='ocr_carea' id='block_1_99' title="bbox 1985 4029 3557 4098">
    <p class='ocr_par' dir='ltr' id='par_1_99' title="bbox 1985 4029 3557 4098">
     <span class='ocr_line' id='line_1_99' title="bbox 1985 4029 3557 4098; baseline -0.003 -12"><span class='ocrx_word' id='word_1_694' title='bbox 1985 4033 2219 4086; x_wconf 81' lang='lat' dir='ltr'><strong>animant</strong></span> <span class='ocrx_word' id='word_1_695' title='bbox 2255 4043 2496 4086; x_wconf 69' lang='lat' dir='ltr'><strong>noswam</strong></span> <span class='ocrx_word' id='word_1_696' title='bbox 2547 4031 2834 4098; x_wconf 66' lang='lat' dir='ltr'><strong>sustiendis</strong></span> <span class='ocrx_word' id='word_1_697' title='bbox 2858 4030 2936 4083; x_wconf 69' lang='grc' dir='ltr'><strong>’θῖ</strong></span> <span class='ocrx_word' id='word_1_698' title='bbox 2968 4031 3126 4084; x_wconf 88' lang='lat' dir='ltr'><strong>tuodo</strong></span> <span class='ocrx_word' id='word_1_699' title='bbox 3181 4029 3430 4098; x_wconf 86' lang='lat' dir='ltr'><strong>plurimis</strong></span> <span class='ocrx_word' id='word_1_700' title='bbox 3464 4045 3557 4083; x_wconf 85' lang='lat' dir='ltr'><strong>ca-</strong></span> 
     </span>
    </p>
   </div>
   <div class='ocr_carea' id='block_1_100' title="bbox 1987 4117 3559 4183">
    <p class='ocr_par' dir='ltr' id='par_1_100' title="bbox 1987 4117 3559 4183">
     <span class='ocr_line' id='line_1_100' title="bbox 1987 4117 3559 4183; baseline -0.004 -7"><span class='ocrx_word' id='word_1_701' title='bbox 1987 4122 2206 4176; x_wconf 89' lang='lat' dir='ltr'><strong>lumniis</strong></span> <span class='ocrx_word' id='word_1_702' title='bbox 2236 4117 2719 4183; x_wconf 84' lang='lat' dir='ltr'><strong>circumvencrint,</strong></span> <span class='ocrx_word' id='word_1_703' title='bbox 2771 4119 2966 4173; x_wconf 86' lang='lat' dir='ltr'><strong>deinde</strong></span> <span class='ocrx_word' id='word_1_704' title='bbox 3011 4119 3076 4171; x_wconf 83' lang='lat' dir='ltr'><strong>ad</strong></span> <span class='ocrx_word' id='word_1_705' title='bbox 3101 4129 3405 4172; x_wconf 74' lang='lat' dir='ltr'><strong>extremum</strong></span> <span class='ocrx_word' id='word_1_706' title='bbox 3446 4128 3559 4171; x_wconf 84' lang='lat' dir='ltr'><strong>tur-</strong></span> 
     </span>
    </p>
   </div>
   <div class='ocr_carea' id='block_1_101' title="bbox 1987 4205 3552 4282">
    <p class='ocr_par' dir='ltr' id='par_1_101' title="bbox 1987 4205 3552 4282">
     <span class='ocr_line' id='line_1_101' title="bbox 1987 4205 3552 4282; baseline -0.005 -17"><span class='ocrx_word' id='word_1_707' title='bbox 1987 4214 2206 4282; x_wconf 79' lang='lat' dir='ltr'><strong>piSsima</strong></span> <span class='ocrx_word' id='word_1_708' title='bbox 2235 4228 2368 4268; x_wconf 87' lang='lat' dir='ltr'><strong>nece</strong></span> <span class='ocrx_word' id='word_1_709' title='bbox 2403 4211 2682 4266; x_wconf 71' lang='lat' dir='ltr'><strong>aﬂccerirtt</strong></span> <span class='ocrx_word' id='word_1_710' title='bbox 2705 4227 2720 4275; x_wconf 88' lang='lat'><strong>;</strong></span> <span class='ocrx_word' id='word_1_711' title='bbox 2741 4211 2818 4264; x_wconf 89' lang='lat' dir='ltr'><strong>sic</strong></span> <span class='ocrx_word' id='word_1_712' title='bbox 2842 4208 3120 4262; x_wconf 72' lang='lat' dir='ltr'><strong>hodiernis</strong></span> <span class='ocrx_word' id='word_1_713' title='bbox 3141 4209 3302 4260; x_wconf 86' lang='lat' dir='ltr'><strong>etiam</strong></span> <span class='ocrx_word' id='word_1_714' title='bbox 3331 4205 3552 4271; x_wconf 69' lang='lat' dir='ltr'><strong>Iuda-is,</strong></span> 
     </span>
    </p>
   </div>
   <div class='ocr_carea' id='block_1_102' title="bbox 1990 4299 3561 4374">
    <p class='ocr_par' dir='ltr' id='par_1_102' title="bbox 1990 4299 3561 4374">
     <span class='ocr_line' id='line_1_102' title="bbox 1990 4299 3561 4374; baseline -0.003 -16"><span class='ocrx_word' id='word_1_715' title='bbox 1990 4306 2041 4358; x_wconf 91' lang='lat' dir='ltr'><strong>in</strong></span> <span class='ocrx_word' id='word_1_716' title='bbox 2068 4299 2374 4359; x_wconf 77' lang='lat' dir='ltr'><strong>veneranda</strong></span> <span class='ocrx_word' id='word_1_717' title='bbox 2413 4303 2585 4374; x_wconf 81' lang='lat' dir='ltr'><strong>clllgic</strong></span> <span class='ocrx_word' id='word_1_718' title='bbox 2614 4318 2706 4354; x_wconf 83' lang='lat' dir='ltr'><strong>sua</strong></span> <span class='ocrx_word' id='word_1_719' title='bbox 2742 4299 3100 4352; x_wconf 82' lang='lat' dir='ltr'><strong>intolerabilis</strong></span> <span class='ocrx_word' id='word_1_720' title='bbox 3123 4301 3370 4354; x_wconf 78' lang='lat' dir='ltr'><strong>Christus</strong></span> <span class='ocrx_word' id='word_1_721' title='bbox 3407 4301 3561 4353; x_wconf 86' lang='lat' dir='ltr'><strong>vide-</strong></span> 
     </span>
    </p>
   </div>
   <div class='ocr_carea' id='block_1_103' title="bbox 1925 4393 3559 4468">
    <p class='ocr_par' dir='ltr' id='par_1_103' title="bbox 1925 4393 3559 4468">
     <span class='ocr_line' id='line_1_103' title="bbox 1925 4393 3559 4468; baseline -0.002 -18"><span class='ocrx_word' id='word_1_722' title='bbox 1925 4396 1964 4450; x_wconf 90' lang='lat' dir='ltr'><strong>D</strong></span> <span class='ocrx_word' id='word_1_723' title='bbox 1993 4407 2099 4461; x_wconf 84' lang='lat' dir='ltr'><strong>tur,</strong></span> <span class='ocrx_word' id='word_1_724' title='bbox 2123 4398 2213 4468; x_wconf 91' lang='lat' dir='ltr'><strong>qui</strong></span> <span class='ocrx_word' id='word_1_725' title='bbox 2249 4399 2300 4450; x_wconf 92' lang='lat' dir='ltr'><strong>in</strong></span> <span class='ocrx_word' id='word_1_726' title='bbox 2327 4411 2384 4450; x_wconf 88' lang='lat' dir='ltr'><strong>se</strong></span> <span class='ocrx_word' id='word_1_727' title='bbox 2419 4396 2548 4466; x_wconf 80' lang='lat' dir='ltr'><strong>ipsis</strong></span> <span class='ocrx_word' id='word_1_728' title='bbox 2577 4395 2881 4448; x_wconf 68' lang='lat' dir='ltr'><strong>Jndzcorum</strong></span> <span class='ocrx_word' id='word_1_729' title='bbox 2921 4393 3208 4462; x_wconf 82' lang='lat' dir='ltr'><strong>imaginem</strong></span> <span class='ocrx_word' id='word_1_730' title='bbox 3249 4403 3412 4462; x_wconf 84' lang='lat' dir='ltr'><strong>atque</strong></span> <span class='ocrx_word' id='word_1_731' title='bbox 3439 4393 3559 4446; x_wconf 87' lang='lat' dir='ltr'><strong>imi-</strong></span> 
     </span>
    </p>
   </div>
   <div class='ocr_carea' id='block_1_104' title="bbox 1991 4485 3566 4558">
    <p class='ocr_par' dir='ltr' id='par_1_104' title="bbox 1991 4485 3566 4558">
     <span class='ocr_line' id='line_1_104' title="bbox 1991 4485 3566 4558; baseline -0.003 -16"><span class='ocrx_word' id='word_1_732' title='bbox 1991 4491 2246 4544; x_wconf 80' lang='lat' dir='ltr'><strong>tationem</strong></span> <span class='ocrx_word' id='word_1_733' title='bbox 2297 4497 2568 4558; x_wconf 83' lang='lat' dir='ltr'><strong>gerentes,</strong></span> <span class='ocrx_word' id='word_1_734' title='bbox 2606 4486 2811 4539; x_wconf 74' lang='lat' dir='ltr'><strong>Christi</strong></span> <span class='ocrx_word' id='word_1_735' title='bbox 2867 4485 3086 4554; x_wconf 85' lang='lat' dir='ltr'><strong>imagini</strong></span> <span class='ocrx_word' id='word_1_736' title='bbox 3136 4485 3471 4547; x_wconf 81' lang='lat' dir='ltr'><strong>irascuntur;</strong></span> <span class='ocrx_word' id='word_1_737' title='bbox 3508 4495 3566 4537; x_wconf 77' lang='lat' dir='ltr'><strong>et</strong></span> 
     </span>
    </p>
   </div>
   <div class='ocr_carea' id='block_1_105' title="bbox 1988 4575 3556 4648">
    <p class='ocr_par' dir='ltr' id='par_1_105' title="bbox 1988 4575 3556 4648">
     <span class='ocr_line' id='line_1_105' title="bbox 1988 4575 3556 4648; baseline -0.006 -16"><span class='ocrx_word' id='word_1_738' title='bbox 1988 4595 2142 4648; x_wconf 73' lang='lat' dir='ltr'><strong>mque</strong></span> <span class='ocrx_word' id='word_1_739' title='bbox 2163 4595 2225 4633; x_wconf 84' lang='lat' dir='ltr'><strong>ac</strong></span> <span class='ocrx_word' id='word_1_740' title='bbox 2256 4579 2329 4631; x_wconf 88' lang='lat' dir='ltr'><strong>illi</strong></span> <span class='ocrx_word' id='word_1_741' title='bbox 2353 4577 2564 4642; x_wconf 72' lang='lat' dir='ltr'><strong>iniuriis</strong></span> <span class='ocrx_word' id='word_1_742' title='bbox 2590 4576 2838 4647; x_wconf 79' lang='lat' dir='ltr'><strong>plurimis</strong></span> <span class='ocrx_word' id='word_1_743' title='bbox 2868 4575 3246 4641; x_wconf 63' lang='lat' dir='ltr'><strong>conuiciisque</strong></span> <span class='ocrx_word' id='word_1_744' title='bbox 3270 4585 3556 4642; x_wconf 79' lang='lat' dir='ltr'><strong>appetunt,</strong></span> 
     </span>
    </p>
   </div>
   <div class='ocr_carea' id='block_1_106' title="bbox 1989 4666 3558 4743">
    <p class='ocr_par' dir='ltr' id='par_1_106' title="bbox 1989 4666 3558 4743">
     <span class='ocr_line' id='line_1_106' title="bbox 1989 4666 3558 4743; baseline -0.001 -22"><span class='ocrx_word' id='word_1_745' title='bbox 1989 4680 2376 4743; x_wconf 80' lang='lat' dir='ltr'><strong>postremoque</strong></span> <span class='ocrx_word' id='word_1_746' title='bbox 2395 4670 2661 4724; x_wconf 89' lang='lat' dir='ltr'><strong>violenter</strong></span> <span class='ocrx_word' id='word_1_747' title='bbox 2679 4671 2986 4729; x_wconf 85' lang='lat' dir='ltr'><strong>destruunt,</strong></span> <span class='ocrx_word' id='word_1_748' title='bbox 3009 4666 3316 4720; x_wconf 69' lang='lat' dir='ltr'><strong>Iuda-orum</strong></span> <span class='ocrx_word' id='word_1_749' title='bbox 3344 4669 3558 4721; x_wconf 84' lang='lat' dir='ltr'><strong>scdicet</strong></span> 
     </span>
    </p>
   </div>
   <div class='ocr_carea' id='block_1_107' title="bbox 1989 4761 2688 4818">
    <p class='ocr_par' dir='ltr' id='par_1_107' title="bbox 1989 4761 2688 4818">
     <span class='ocr_line' id='line_1_107' title="bbox 1989 4761 2688 4818; baseline -0.004 0"><span class='ocrx_word' id='word_1_750' title='bbox 1989 4763 2336 4818; x_wconf 87' lang='lat' dir='ltr'><strong>consectanei</strong></span> <span class='ocrx_word' id='word_1_751' title='bbox 2367 4771 2421 4817; x_wconf 90' lang='lat' dir='ltr'><strong>et</strong></span> <span class='ocrx_word' id='word_1_752' title='bbox 2451 4761 2688 4816; x_wconf 87' lang='lat' dir='ltr'><strong>scelesti.</strong></span> 
     </span>
    </p>
   </div>
   <div class='ocr_carea' id='block_1_108' title="bbox 2065 4946 3568 5016">
    <p class='ocr_par' dir='ltr' id='par_1_108' title="bbox 2065 4946 3568 5016">
     <span class='ocr_line' id='line_1_108' title="bbox 2065 4946 3568 5016; baseline -0.005 -12"><span class='ocrx_word' id='word_1_753' title='bbox 2065 4949 2157 5004; x_wconf 67' lang='lat'><strong>25.</strong></span> <span class='ocrx_word' id='word_1_754' title='bbox 2189 4950 2454 5016; x_wconf 90' lang='lat' dir='ltr'><strong>Quoniam</strong></span> <span class='ocrx_word' id='word_1_755' title='bbox 2484 4965 2614 5004; x_wconf 87' lang='lat' dir='ltr'><strong>vero</strong></span> <span class='ocrx_word' id='word_1_756' title='bbox 2647 4948 2712 5003; x_wconf 92' lang='lat' dir='ltr'><strong>dc</strong></span> <span class='ocrx_word' id='word_1_757' title='bbox 2741 4946 2948 5001; x_wconf 83' lang='lat' dir='ltr'><strong>Domini</strong></span> <span class='ocrx_word' id='word_1_758' title='bbox 2981 4946 3356 5001; x_wconf 88' lang='lat' dir='ltr'><strong>incarnatione</strong></span> <span class='ocrx_word' id='word_1_759' title='bbox 3411 4946 3568 5000; x_wconf 79' lang='lat' dir='ltr'><strong>nobis</strong></span> 
     </span>
    </p>
   </div>
   <div class='ocr_carea' id='block_1_109' title="bbox 1993 5037 3564 5108">
    <p class='ocr_par' dir='ltr' id='par_1_109' title="bbox 1993 5037 3564 5108">
     <span class='ocr_line' id='line_1_109' title="bbox 1993 5037 3564 5108; baseline -0.006 -12"><span class='ocrx_word' id='word_1_760' title='bbox 1993 5057 2174 5096; x_wconf 86' lang='lat' dir='ltr'><strong>seru-0</strong></span> <span class='ocrx_word' id='word_1_761' title='bbox 2205 5053 2310 5105; x_wconf 64' lang='lat' dir='ltr'><strong>est,</strong></span> <span class='ocrx_word' id='word_1_762' title='bbox 2350 5042 2491 5094; x_wconf 90' lang='lat' dir='ltr'><strong>haud</strong></span> <span class='ocrx_word' id='word_1_763' title='bbox 2513 5040 2951 5108; x_wconf 80' lang='lat' dir='ltr'><strong>intempestivum</strong></span> <span class='ocrx_word' id='word_1_764' title='bbox 2993 5051 3245 5108; x_wconf 49' lang='lat' dir='ltr'><strong>putari-us</strong></span> <span class='ocrx_word' id='word_1_765' title='bbox 3269 5038 3372 5091; x_wconf 90' lang='lat' dir='ltr'><strong>hoc</strong></span> <span class='ocrx_word' id='word_1_766' title='bbox 3402 5037 3564 5090; x_wconf 84' lang='lat' dir='ltr'><strong>etiam</strong></span> 
     </span>
    </p>
   </div>
   <div class='ocr_carea' id='block_1_110' title="bbox 1993 5127 3561 5202">
    <p class='ocr_par' dir='ltr' id='par_1_110' title="bbox 1993 5127 3561 5202">
     <span class='ocr_line' id='line_1_110' title="bbox 1993 5127 3561 5202; baseline -0.004 -19"><span class='ocrx_word' id='word_1_767' title='bbox 1993 5134 2268 5202; x_wconf 71' lang='lat' dir='ltr'><strong>pra-dictis</strong></span> <span class='ocrx_word' id='word_1_768' title='bbox 2321 5131 2648 5200; x_wconf 79' lang='lat' dir='ltr'><strong>adjungcre;</strong></span> <span class='ocrx_word' id='word_1_769' title='bbox 2702 5142 2755 5184; x_wconf 90' lang='lat' dir='ltr'><strong>et</strong></span> <span class='ocrx_word' id='word_1_770' title='bbox 2804 5132 2978 5200; x_wconf 79' lang='lat' dir='ltr'><strong>primo</strong></span> <span class='ocrx_word' id='word_1_771' title='bbox 3023 5130 3244 5198; x_wconf 69' lang='lat' dir='ltr'><strong>qniiem</strong></span> <span class='ocrx_word' id='word_1_772' title='bbox 3279 5127 3561 5196; x_wconf 63' lang='lat' dir='ltr'><strong>probitam</strong></span> 
     </span>
    </p>
   </div>
   <div class='ocr_carea' id='block_1_111' title="bbox 1993 5223 3559 5292">
    <p class='ocr_par' dir='ltr' id='par_1_111' title="bbox 1993 5223 3559 5292">
     <span class='ocr_line' id='line_1_111' title="bbox 1993 5223 3559 5292; baseline -0.006 -16"><span class='ocrx_word' id='word_1_773' title='bbox 1993 5226 2148 5278; x_wconf 87' lang='lat' dir='ltr'><strong>nobis</strong></span> <span class='ocrx_word' id='word_1_774' title='bbox 2223 5225 2330 5277; x_wconf 91' lang='lat' dir='ltr'><strong>imo</strong></span> <span class='ocrx_word' id='word_1_775' title='bbox 2411 5224 2509 5292; x_wconf 90' lang='lat' dir='ltr'><strong>ipsi</strong></span> <span class='ocrx_word' id='word_1_776' title='bbox 2576 5223 2792 5277; x_wconf 73' lang='lat' dir='ltr'><strong>veritati</strong></span> <span class='ocrx_word' id='word_1_777' title='bbox 2879 5224 3182 5276; x_wconf 77' lang='lat' dir='ltr'><strong>doctrinam</strong></span> <span class='ocrx_word' id='word_1_778' title='bbox 3259 5232 3559 5287; x_wconf 73' lang='lat' dir='ltr'><strong>exponere,</strong></span> 
     </span>
    </p>
   </div>
   <div class='ocr_carea' id='block_1_112' title="bbox 1993 5315 3564 5379">
    <p class='ocr_par' dir='ltr' id='par_1_112' title="bbox 1993 5315 3564 5379">
     <span class='ocr_line' id='line_1_112' title="bbox 1993 5315 3564 5379; baseline -0.008 -8"><span class='ocrx_word' id='word_1_779' title='bbox 1993 5317 2362 5372; x_wconf 75' lang='lat' dir='ltr'><strong>dcintlecliam</strong></span> <span class='ocrx_word' id='word_1_780' title='bbox 2413 5317 2849 5372; x_wconf 77' lang='lat' dir='ltr'><strong>adversariorum</strong></span> <span class='ocrx_word' id='word_1_781' title='bbox 2901 5315 3230 5369; x_wconf 68' lang='lat' dir='ltr'><strong>sententiam</strong></span> <span class='ocrx_word' id='word_1_782' title='bbox 3291 5318 3564 5379; x_wconf 74' lang='lat' dir='ltr'><strong>quatenus</strong></span> 
     </span>
    </p>
   </div>
   <div class='ocr_carea' id='block_1_113' title="bbox 370 5645 3044 5720">
    <p class='ocr_par' dir='ltr' id='par_1_113' title="bbox 370 5645 3044 5720">
     <span class='ocr_line' id='line_1_113' title="bbox 370 5645 3044 5720; baseline -0.001 -21"><span class='ocrx_word' id='word_1_783' title='bbox 370 5648 484 5717; x_wconf 75' lang='lat' dir='ltr'><strong>(3i)</strong></span> <span class='ocrx_word' id='word_1_784' title='bbox 512 5647 680 5702; x_wconf 74' lang='lat' dir='ltr'><strong>Mirus</strong></span> <span class='ocrx_word' id='word_1_785' title='bbox 735 5649 834 5702; x_wconf 88' lang='lat' dir='ltr'><strong>hac</strong></span> <span class='ocrx_word' id='word_1_786' title='bbox 889 5662 1050 5718; x_wconf 86' lang='lat' dir='ltr'><strong>super</strong></span> <span class='ocrx_word' id='word_1_787' title='bbox 1091 5664 1145 5702; x_wconf 87' lang='lat' dir='ltr'><strong>re</strong></span> <span class='ocrx_word' id='word_1_788' title='bbox 1181 5647 1332 5701; x_wconf 87' lang='lat' dir='ltr'><strong>locus</strong></span> <span class='ocrx_word' id='word_1_789' title='bbox 1382 5655 1620 5701; x_wconf 71' lang='lat' dir='ltr'><strong>vett-rum</strong></span> <span class='ocrx_word' id='word_1_790' title='bbox 1658 5645 1875 5700; x_wconf 78' lang='lat' dir='ltr'><strong>Patrum</strong></span> <span class='ocrx_word' id='word_1_791' title='bbox 1919 5645 2112 5720; x_wconf 73' lang='lat' dir='ltr'><strong>recitat</strong></span> <span class='ocrx_word' id='word_1_792' title='bbox 2151 5647 2419 5706; x_wconf 77' lang='lat' dir='ltr'><strong>Adrianus</strong></span> <span class='ocrx_word' id='word_1_793' title='bbox 2441 5666 2526 5719; x_wconf 80' lang='lat' dir='ltr'><strong>cp.</strong></span> <span class='ocrx_word' id='word_1_794' title='bbox 2564 5649 2656 5702; x_wconf 85' lang='lat' dir='ltr'><strong>cit.</strong></span> <span class='ocrx_word' id='word_1_795' title='bbox 2685 5663 2736 5716; x_wconf 89' lang='lat' dir='ltr'><strong>p.</strong></span> <span class='ocrx_word' id='word_1_796' title='bbox 2767 5645 2890 5709; x_wconf 60' lang='lat'><strong>9—19.,</strong></span> <span class='ocrx_word' id='word_1_797' title='bbox 2921 5645 3044 5698; x_wconf 72' lang='lat'><strong>955.</strong></span> 
     </span>
    </p>
   </div>
  </div>
