3994 6198
425 227 526 293 ττι

1430 235 1510 295 8.
1552 234 1974 296 NICEPHORI
2009 235 2516 298 PATRIARCIIzE
2534 238 2662 298 (ΞΡ.

3575 236 3706 305 ⁸272

400 350 552 411 ·‹·ι”ἰί,
599 355 658 401 ιιι
705 361 828 403 eum
881 347 1102 418 proprio
1133 345 1392 420 suﬂ‘ragio
1419 352 1595 419 juvet.
1639 350 1876 408 Necesse
1917 363 2002 408 est

2122 353 2452 426 τυνθήσοιτο.
2515 355 2754 427 ’Λνάγκη
2784 355 2876 410 οὖν
2919 355 3094 427 αὐτῷ,
3141 357 3230 410 ὅτε
3287 355 3316 408 ό
3360 356 3533 424 Λόγος
3567 358 3706 430 σὰρξ

427 438 465 491 it
487 451 608 509 ique
635 446 694 491 ut
723 435 1026 502 Mamouas,
1054 446 1186 494 tunc
1215 453 1337 494 cum
1373 437 1606 495 Verbum
1636 456 1767 497 caro
1803 441 2003 496 factum

424 542 508 588 est
543 545 598 588 et
637 532 899 588 habitavit
931 533 984 588 in
1036 533 1230 601 nobis,
1267 533 1382 588 sive
1415 541 1538 604 post
1577 534 1834 590 unionem
1884 550 2008 604 per-

427 633 627 688 actam,
651 623 1278 694 incircumscriptionem
1305 625 1458 679 carui
1495 626 1754 681 ascribat.
1789 625 1882 680 Sic
1909 641 2006 680 au-

426 727 535 771 tem
575 724 630 770 et
653 715 1172 786 impassibilitatem,
1205 724 1258 770 et
1291 715 1796 788 intaugibilitalem,
1823 727 1878 772 et
1925 718 2006 771 iu-

425 807 816 873 visibilitatem,
855 807 974 862 etsi
1008 807 1137 876 quid
1165 807 1313 864 aliud
1360 808 1675 880 huiusmodi
1711 820 1817 872 est,
1853 809 2006 864 unice

426 900 514 953 uis
542 896 816 969 Verbique
842 911 1030 964 causa,
1062 899 1212 954 carni
1242 900 1506 955 attribuat
1531 918 1546 956 :
1570 917 1690 970 quae
1719 901 1864 956 illico
1886 910 2008 969 post

425 991 676 1049 unionem
708 991 924 1062 negabit
953 1006 1012 1046 se
1045 993 1386 1062 passibilem,
1437 993 1732 1059 visibilem,
1775 993 2007 1064 langibi-

403 1085 556 1151 'lem,
591 1092 646 1139 et
695 1094 894 1140 caetera
939 1084 1138 1154 quibus
1177 1086 1359 1141 carnis
1391 1096 1584 1140 natura
1634 1087 1952 1157 agnoscitur
1989 1105 2002 1139 :

395 1176 654 1246 ~_eritque,
684 1174 751 1230 de
773 1175 942 1229 nostri
973 1175 1214 1229 auctoris
1243 1177 1536 1238 sententia.
1588 1176 1730 1230 idem
1774 1178 2009 1231 circum-

424 1269 686 1337 scriptum
717 1276 771 1322 et
803 1267 1356 1336 iucircumscriptum,
1391 1268 1652 1338 passibile
1673 1278 1728 1323 et
1758 1267 2010 1338 impassi-

395 1359 551 1424 -~|iile,
583 1357 840 1430 tangibile
863 1366 919 1413 et
948 1357 1290 1430 iutangibile,
1321 1371 1379 1414 et
1419 1366 1616 1414 caatera
1640 1359 1894 1430 quaelibet
1928 1359 2011 1414 in-

427 1461 510 1504 tet'
531 1465 590 1505 se
618 1449 886 1520 opposita.
921 1447 1101 1518 Atque
1129 1449 1233 1512 alia
1263 1449 1482 1521 quidem
1519 1451 1782 1508 attributa
1818 1465 1914 1520 per
1953 1466 2012 1506 se

397 1541 542 1607 ‘ipsa
568 1540 870 1594 subsistent
902 1541 1067 1596 etiam
1109 1549 1235 1594 ante
1270 1541 1550 1606 unionem,
1585 1541 1690 1596 alia
1735 1556 1865 1596 vero
1914 1557 2012 1612 per

426 1631 570 1686 aliud
607 1632 770 1686 etiam
802 1640 926 1701 post
961 1632 1258 1686 unionem:
1302 1632 1554 1701 idemque
1591 1631 1751 1688 simul
1779 1632 1908 1696 erit,
1957 1641 2011 1686 et

2107 447 2330 516 ἐγένετο
2359 448 2456 502 καὶ
2485 448 2800 519 ἐσκήνωσεν
2831 451 2891 502 ἐν
2931 451 3085 518 ἡμῖν,
3117 451 3244 520 ἢτοι
3279 447 3421 520 μετὰ
3441 449 3544 518 τὴν
3565 451 3703 504 ’ἐνω-

2111 552 2222 600 σιν,
2251 534 2312 588 τὸ
2338 535 2755 606 ἀπερίγραπτον
2777 540 2842 608 τῇ
2873 534 3424 609 σαρκὶιέπιγράςρειν.
3460 537 3620 593 Οὕτω
3647 538 3707 593 δὶ

2108 627 2206 680 καὶ
2233 629 2294 680 τὸ
2338 627 2575 690 ἀπαθὲς,
2621 629 2832 696 ἀναφὲς
2876 645 2937 681 τε
2975 629 3071 682 καὶ
3107 629 3367 701 ἀόρατον,
3425 630 3522 684 καὶ
3571 631 3626 684 εί
3650 649 3706 686 τι

2107 717 2373 783 τοιοῦτον,
2406 720 2496 774 διὰ
2525 719 2624 790 τὴν
2651 720 2849 774 ἕνωσιν
2881 721 2977 774 καὶ
3008 722 3103 775 τὸν
3129 723 3292 776 αὑτὸν
3307 721 3498 791 Λόγον,
3532 742 3706 795 προσ-

2109 809 2324 879 ένειμεν
2351 811 2418 864 ἂν
2467 811 2689 874 πάντως
2715 812 2854 883 αὐτῇ
2899 813 3190 886 ἠρνημένῃ
3223 815 3389 876 εὐθὺς
3433 816 3572 885 μετὰ
3608 815 3708 886 τὴν

2109 899 2302 954 ἕνωσιν
2330 901 2394 955 τὸ
2443 903 2690 974 παθητὸν
2733 903 2831 957 καὶ
2874 906 3070 978 ὁρατὸν
3131 907 3225 959 καὶ
3283 907 3454 960 ἁπτὸν
3490 907 3586 961 καὶ
3637 907 3709 960 τά

2109 992 2297 1058 λοιπὰ,
2335 989 2418 1057 οἷς
2444 993 2505 1048 τὸ
2527 993 2667 1048 εἶναι
2699 995 2834 1068 σὰρξ
2864 997 3215 1067 γνωρίζεται.
3247 999 3356 1052 Καὶ
3388 998 3542 1052 ἔσται
3575 997 3706 1052 κατ’

2111 1083 2276 1138 αὑτὸν
2312 1085 2372 1138 τὸ
2399 1085 2534 1138 αὐτὸ
2568 1088 2665 1140 καὶ
2725 1089 3108 1162 περι-γραπτὸν
3133 1092 3228 1143 καὶ
3256 1090 3706 1161 ἀπερίγραπτον,

2111 1178 2210 1230 καὶ
2237 1176 2482 1248 παθητὸν
2513 1178 2608 1231 καὶ
2638 1179 2870 1244 ἀπαθὲς,
2895 1181 3071 1235 ἁπτόν
3111 1199 3170 1235 τε
3213 1182 3308 1240 καὶ
3343 1183 3572 1252 ἀναφὲς,
3610 1184 3709 1236 καὶ

2108 1269 2280 1324 τάλλα
2311 1268 2488 1323 ὁπόσα
2517 1270 2582 1323 ἂν
2654 1272 3033 1343 ἀντικείμενα.
3060 1274 3170 1327 Καὶ
3197 1273 3262 1328 τὰ
3289 1274 3390 1344 μὲν
3412 1275 3480 1326 δι’
3511 1276 3706 1339 ἑαυτὰ,

2111 1360 2206 1413 καὶ
2233 1360 2339 1432 πρὸ
2369 1361 2470 1431 τῆς
2500 1361 2752 1426 ένὼσεως
2771 1379 2786 1392 ⁶
2813 1363 2884 1416 τὰ
2923 1363 2979 1416 δὲ
3008 1362 3076 1416 δι’
3101 1365 3290 1436 ἔτερα,
3319 1367 3415 1419 καὶ
3446 1369 3585 1436 μετὰ
3606 1367 3710 1438 τὴν

2110 1451 2307 1506 ἕνωσιν
2326 1469 2339 1482 °
2367 1447 2591 1508 τδάὺτδ
2627 1453 2684 1506 δὲ
2713 1449 2857 1508 εἶναι
2888 1455 3030 1508 κατὰ
3055 1457 3275 1523 ταύτὸν,
3313 1458 3409 1511 καὶ
3439 1458 3711 1530 ὑπάρχειν

2115 1543 2184 1598 τὰ
2216 1546 2598 1616 ἀντικείμενα.
2637 1543 3088 1617 Οὖδὲμένεινὲτι
3123 1548 3284 1619 σῶμα
3308 1549 3714 1622 ὁμολογηθήσεο

2114 1655 2226 1690 ταν
2253 1639 2482 1708 ἐκσταίη
2511 1639 2624 1710 γὰρ
2658 1640 2724 1693 ἂν
2752 1639 2970 1706 ἑαυτοῦ,
3005 1641 3104 1694 καὶ
3131 1643 3224 1694 τὸν
3267 1641 3400 1695 rem
3429 1645 3710 1712 παραιτή-

397 1732 610 1776 ~tamen
659 1722 820 1778 simul
857 1721 1024 1777 etiam
1055 1723 1424 1777 contrarium.
1463 1722 1649 1794 Neque
1669 1725 1782 1796 jam
1809 1738 2008 1794 corpus

2122 1749 2269 1786 σεται
2293 1734 2423 1805 ὅρον
2451 1751 2511 1787 τε
2531 1735 2628 1788 καὶ
2653 1735 2811 1804 λόγον
2833 1751 2846 1765 ο
2873 1727 2934 1788 οὗ
2957 1736 3014 1788 τί
3033 1735 3099 1789 ἃν
3129 1735 3347 1804 γένοιτο
3365 1735 3711 1808 ἀλογώτερον

428 1827 715 1882 superesse
764 1815 1040 1870 constabit
1094 1831 1109 1868 :
1168 1813 1412 1871 discedet
1463 1817 1610 1872 enim
1664 1833 1694 1870 a
1750 1833 1810 1874 se
1866 1821 2003 1890 ipso,

2115 1825 2147 1894 ἦ
2177 1826 2251 1895 ἀφ
2260 1826 2578 1897 ρονέστερον
2601 1845 2617 1895 ;

428 1927 688 1983 suamque
718 1911 1086 1968 deﬁnitionem
1123 1913 1339 1967 amittet
1367 1923 1530 1995 atque
1561 1915 1851 1972 rationem.
1877 1917 1991 1985 Qua
2033 1921 2249 1990 quidem
2309 1939 2368 1980 re
2407 1924 2540 1979 nihil
2602 1939 2727 1982 esse
2787 1934 2972 1996 potest
3019 1925 3396 1983 lr’rationalius
3438 1927 3520 1982 vel
3558 1926 3709 1981 iusa-

393 2021 552 2063 ⁵111118

499 2099 654 2157 Unde
675 2099 820 2156 enim
849 2115 1018 2155 sacrae
1045 2101 1388 2166 oeconomiae,
1419 2099 1734 2173 Christique
1761 2119 1882 2158 cum
1913 2104 2011 2160 ho-

405 2193 666 2248 minibus
691 2191 1088 2258 conversantis,
1128 2207 1213 2248 res
1244 2193 1614 2248 constabunt?
1643 2192 1814 2261 Unde,
1865 2195 2010 2263 quod

429 2284 722 2340 rsuriverit
775 2293 830 2339 et
877 2283 1133 2351 sitiverit,
1183 2286 1502 2356 apparebit?
1536 2285 1708 2348 Unde.
1752 2286 2010 2342 itinerum

403 2375 844 2442 'labor,.sudor,
897 2390 1086 2445 pavor,
1139 2375 1368 2456 aliaeque
1407 2391 1750 2448 quacunque
1796 2379 2010 2450 corpori

431 2479 618 2525 nostro
677 2469 926 2524 accidunt
979 2469 1292 2538 passiones?
1344 2470 1488 2541 quod
1543 2486 1676 2524 sane
1711 2486 1818 2525 nou
1857 2481 2011 2526 caret

434 2564 626 2633 ﬁgura,
665 2561 956 2626 soliditate,
987 2561 1183 2632 triplici
1241 2562 1606 2625 dimensione,
1642 2561 1848 2625 colore,
1901 2571 2016 2616 sta-

435 2671 577 2723 tura,
614 2666 669 2710 et
691 2654 953 2725 pondere,
997 2665 1260 2724 pra-terea
1295 2654 1683 2724 tangibilitate,
1710 2665 1765 2710 et
1797 2654 1899 2708 alia
1957 2667 2018 2708 re

407 2749 697 2818 ~qualibet,
739 2756 1010 2818 qu0tquot
1033 2744 1280 2816 corporis
1315 2744 1551 2814 prepriae
1590 2754 1716 2799 sunt
1751 2755 1808 2799 et
1831 2745 2018 2798 dicun-

436 2840 541 2896 tsir.
573 2839 857 2906 Quomodo
882 2839 1046 2907 igitur
1083 2836 1226 2908 quod
1257 2845 1342 2891 est
1369 2835 1650 2906 tangibile.
1683 2847 1790 2890 neu
1821 2835 2018 2890 sitcir-

433 2931 862 3002 cuniscriptum?
889 2941 946 2985 ut
972 2945 1036 2986 ex
1076 2946 1182 2984 una
1211 2929 1546 3000 proprietate
1583 2928 1804 2998 reliqua:
1856 2927 2018 2984 intel-

2197 2107 2286 2162 Ἐν
2341 2109 2447 2162 τίνι
2497 2107 2607 2178 γὰρ
2649 2108 2720 2164 τὰ
2763 2108 2866 2179 τῆς
2918 2109 3234 2181 οἰκονομίας
3272 2109 3367 2164 καὶ
3405 2111 3506 2180 τῆς
3566 2109 3711 2181 πρὸς

2113 2193 2437 2266 ἀνθρώπους
2475 2196 2922 2267 ὲμπολιτεύσεως
2955 2197 3052 2272 τοῦ
3089 2199 3326 2268 Χριστοῦ
3356 2201 3706 2270 φανήσεταις

2127 2283 2216 2335 Ἐν
2253 2283 2358 2338 τίνι
2393 2285 2454 2338 τὸ
2496 2288 2686 2356 πεινῇν
2717 2285 2816 2340 καὶ
2843 2285 3004 2357 διψῇν
3046 2287 3500 2359 θεωρηθήσεται;
3533 2288 3710 2342 Πόθεν

2112 2378 2140 2430 ό
2173 2375 2272 2445 τῆς
2321 2377 2634 2447 ὁδοιπορίας
2664 2378 2854 2442 κόπος,
2904 2379 2966 2432 τὸ
3006 2379 3189 2449 ίδροῦν
3241 2397 3300 2432 τε
3334 2381 3429 2434 καὶ
3474 2379 3709 2450 δειλιᾷν,

2117 2468 2210 2520 καὶ
2242 2465 2413 2520 τᾶλλα
2451 2467 2809 2536 πάσχειν-ὃσα
2837 2467 2931 2521 τοῦ
2965 2469 3239 2541 ἡμετέρου
3262 2469 3382 2523 ἐστὶ
3414 2469 3710 2540 σώματος;

2114 2549 2158 2624 ᾧ
2180 2557 2241 2610 τό
2269 2575 2326 2610 τε
2353 2557 2543 2629 σχῆμα
2574 2559 2669 2612 καὶ
2693 2561 2725 2632 ή
2760 2560 3052 2614 ἀντιτυπία
3083 2563 3179 2614 καὶ
3203 2563 3235 2633 ἡ
3266 2562 3461 2634 τρισσὴ
3490 2561 3713 2616 διάστα-

2118 2665 2225 2712 σις,
2271 2651 2366 2702 καὶ
2398 2648 2459 2702 τὸ
2493 2648 2696 2720 χρῶμα
2744 2650 2896 2721 καὶὴ
2951 2651 3252 2722 πηλικότης
3295 2653 3391 2706 καὶ
3419 2653 3480 2705 τὸ
3518 2653 3710 2723 βάρος.

2116 2741 2256 2812 πρὸς
2287 2742 2342 2795 δὲ
2373 2741 2468 2794 καὶ
2491 2743 2552 2795 τὸ
2584 2743 2756 2798 ἁπτὸν
2792 2739 2955 2806 εἶναι,
3003 2746 3099 2798 καὶ
3149 2745 3250 2798 ὃσα
3284 2745 3420 2798 ἄλλα
3455 2745 3564 2799 ἴδια
3607 2745 3708 2799 τοῦ

2120 2831 2375 2903 σώματος
2417 2833 2534 2888 ἐστι
2565 2843 2625 2887 τε
2657 2835 2752 2888 καὶ
2789 2835 3034 2904 λέγεται,
3071 2835 3195 2899 Πῶς
3223 2833 3316 2890 οὖν
3345 2836 3406 2890 τδ
3442 2837 3617 2892 ἀπτδν
3645 2840 3713 2892 οὐ

2117 2925 2534 2996 ’περιγραπτόν;
2567 2925 2657 2981 ἵνα
2687 2926 2748 2992 ἐξ
2773 2927 2891 2990 ἑνός
2925 2943 2988 2996 γε
3020 2927 3115 2981 καὶ
3161 2927 3330 2981 τᾶλλα
3369 2929 3718 3006 συμπεριλη-

436 3011 691 3096 ligantur,
737 3033 1003 3094 quotquot
1061 3024 1114 3078 in
1149 3022 1377 3078 Christo
1406 3031 1626 3093 propter
1677 3030 2014 3092 assumptam

2122 3016 2303 3088 φθείη.
2342 3018 2444 3070 ὃσα
2470 3016 2558 3070 διὰ
2585 3016 2680 3070 τοῦ
2709 3019 3145 3093 προσλήμματος
3175 3021 3232 3070 ὲν
3256 3019 3481 3090 Χριστῷ
3513 3020 3716 3074 τεθεώ-

410 3119 832 3174 Ἰιιιιηςιιιίιιιωιιι
865 3126 1204 3187 spectantur.
1234 3114 1444 3183 Quibus
1477 3114 1582 3168 nisi
1613 3113 1893 3169 Manionas
1922 3129 2015 3169 as-

433 3208 1028 3274 seutiatur,Cbristum
1060 3216 1414 3278 corporalem
1463 3206 1647 3276 negari
1699 3207 1768 3259 ab
1811 3220 1878 3262 eo
1935 3207 2017 3260 di-

435 3312 582 3358 serte
614 3316 837 3358 necesse
859 3310 967 3356 est.
1007 3299 1150 3370 Ergo
1183 3317 1250 3355 ne
1278 3315 1498 3369 passum
1531 3299 1750 3369 quidem
1793 3299 2020 3354 confite-

437 3395 606 3459 bitur,
631 3403 687 3449 et
717 3391 1020 3462 redemptio
1048 3399 1232 3444 nostra
1263 3400 1578 3453 evanescet,
1613 3399 1775 3458 atque
1802 3393 1872 3444 ab
1900 3389 2019 3444 ido-

414 3485 506 3543 ‘lis
530 3485 797 3548 receSsus,
827 3481 972 3552 quod
1011 3480 1101 3536 ille
1144 3479 1392 3550 apprime
1441 3478 1610 3533 voluit
1643 3496 1656 3533 :
1701 3493 1838 3532 rana
1894 3494 2018 3546 spes

439 3585 618 3632 nostra
655 3583 762 3643 est,
787 3584 842 3630 et
871 3584 1208 3644 quaecunque
1253 3571 1412 3626 nobis
1444 3586 1477 3625 a
1529 3569 1840 3624 Servatum
1892 3585 2018 3638 pas-

420 3669 592 3724 sione
639 3668 981 3724 obvenerunt
1025 3683 1039 3720 :
1108 3662 1398 3733 Evangelia
1457 3663 1586 3717 item
1639 3660 1773 3714 nihil
1829 3677 2016 3715 verum

436 3759 812 3820 continebant,
837 3765 894 3811 et
913 3753 1162 3811 doctrina
1189 3753 1367 3808 omnis
1398 3763 1694 3821 nostraque
1717 3749 1853 3805 lides
1875 3767 2013 3806 vana

439 3850 564 3905 huic
606 3847 899 3902 videbitur.

510 3938 636 3995 llac
663 3948 853 3992 contra
879 3937 1044 3992 istum
1075 3935 1219 3991 dicta
1257 3943 1440 4000 sunto,
1482 3935 1574 4004 qui
1612 3935 2021 3992 incircumscri-

435 4031 674 4102 ptiouem
697 4029 862 4084 stulte
893 4027 1247 4084 vociferatur.
1283 4026 1398 4082 NOn
1436 4027 1509 4080 ita
1542 4036 1720 4101 tamen
1763 4045 1823 4084 se
1859 4027 2023 4084 habet

439 4120 686 4177 veritatis
711 4119 888 4186 ratio;
919 4119 1014 4175 sed
1043 4119 1184 4174 sicut
1215 4117 1450 4174 Verbum
1481 4121 1630 4174 carui
1665 4122 1874 4176 unitum
1899 4136 2020 4191 per-

438 4210 609 4268 fectas
636 4200 983 4280 iutegrasque
1013 4220 1240 4262 naturas
1263 4210 1633 4274 coitserVavit,
1665 4227 1764 4266 nec
1815 4227 1842 4263 a
1883 4213 2020 4282 phy-

376 4302 378 4304 V
436 4305 571 4360 sicis
599 4302 858 4358 discessit
890 4301 1355 4373 proprietatibus.
1383 4309 1438 4355 et
1467 4314 1738 4372 quatenus
1783 4302 2016 4359 Verhuut

2107 3123 2301 3178 putat.
2339 3104 2424 3169 Ὠς
2450 3107 2500 3158 εί
2529 3107 2603 3176 μὴ
2627 3107 2840 3170 τούτοις
2863 3107 3041 3172 ἔθετο,
3070 3109 3166 3162 καὶ
3191 3109 3250 3162 τὸ
3276 3110 3715 3180 σεσωματῶσθαι

2118 3197 2282 3249 αὑτὸν
2323 3197 2414 3248 τὸν
2445 3197 2649 3268 Κύριον
2670 3199 2965 3270 ἀπηρνήθη
3008 3199 3075 3254 ἂν
3107 3199 3458 3274 τελεώτερον.
3499 3202 3716 3257 Οὐκοῦν

2118 3287 2241 3342 οὐδὲ
2298 3289 2632 3342 πεπονθέναι
2685 3288 3106 3368 διωμολόγησεο
3155 3293 3251 3346 καὶ
3302 3294 3583 3364 οἰχήσεται
3639 3297 3714 3348 τὰ

2119 3382 2218 3450 τῆς
2250 3381 2574 3452 ἐλευθερίας
2623 3383 2778 3452 ἡμῖν,
2838 3384 2932 3436 καὶ
2966 3384 3025 3437 τὸ
3066 3385 3416 3457 ἀπηλλάχθαι
3450 3387 3710 3452 εἰδώλων,

2119 3473 2258 3543 ὅπερ
2297 3475 2507 3538 ἐκεῖνος
2536 3474 2844 3528 ἐσπούδακε
2867 3490 2880 3504 °
2929 3475 3062 3530 κενὰ
3097 3477 3168 3530 τὰ
3206 3479 3308 3548 τῆς
3346 3478 3577 3542 ἐλπίδος,
3615 3482 3716 3534 καὶ

2120 3562 2222 3615 ὃσα
2269 3562 2358 3614 διὰ
2391 3562 2484 3616 τοῦ
2536 3565 2810 3634 σωτηρίου
2845 3566 2981 3635 ἡμῖν
3009 3566 3349 3635 προσγέγονε
3383 3568 3620 3632 πάθους⁹
3642 3572 3715 3624 τὰ

2120 3653 2254 3724 γοῦν
2284 3655 2620 3724 Εὑαγγέλια,
2647 3657 2849 3726 ἥκιστα
2865 3657 2930 3727 δὴ
2960 3656 3024 3710 τὸ
3045 3654 3398 3730 ἀληθίζεσθαι
3419 3659 3715 3731 διακεκτήο

2123 3763 2300 3812 σεται,
2335 3747 2430 3800 καὶ
2455 3746 2521 3819 δὴ
2569 3749 2664 3800 καὶ
2696 3747 2838 3818 ὀφθῇ
2894 3747 3047 3818 αὺτῷ
3077 3749 3312 3819 μάταιον
3354 3751 3416 3804 τὸ
3445 3751 3711 3824 κήρυγμα

2122 3839 2274 3910 καὶὴ
2317 3839 2500 3902 πίστις
2535 3839 2714 3910 ἡμῶν.

2193 3931 2378 3983 Ταῦτα
2417 3930 2518 4001 μὲν
2555 3926 2648 3985 οὖν
2703 3929 2946 4003 εἰρήσθω
2995 3933 3133 4005 πρὸς
3181 3932 3368 3998 αὐτὸν,
3416 3933 3476 3986 τὸ
3507 3935 3713 4006 ἀπερί-

2123 4039 2372 4092 γραπτον
2413 4024 2623 4092 ἀλόγως
2676 4025 3054 4094 κομπάζοντα.
3103 4027 3216 4098 Οὐχ
3274 4020 3376 4080 ὦδε
3424 4027 3480 4080 δὲ
3531 4031 3560 4082 ὁ
3611 4031 3714 4100 τῆς

2123 4113 2381 4183 ἀληθείας
2416 4112 2531 4184 ἔχει
2564 4114 2744 4184 λόγος,
2787 4116 2923 4169 ἀλλὰ
2963 4117 3222 4188 καθάπερ
3269 4118 3298 4171 ό
3331 4117 3530 4186 Λόγος,
3568 4119 3709 4173 Evec-

2126 4205 2240 4270 θεὶς
2273 4211 2336 4279 τῇ
2384 4210 2571 4280 σαρκὶ,
2602 4209 2701 4272 τάς
2755 4209 2947 4278 φύσεις
2977 4210 3194 4274 τελείας
3242 4213 3341 4266 καὶ
3394 4213 3713 4275 evexit-n.1,-

2123 4295 2438 4369 διετήρησε,
2496 4298 2593 4352 καὶ
2624 4299 2736 4352 τῶν
2769 4299 3020 4368 φυσικῶν
3065 4302 3166 4355 οὐκ
3195 4301 3499 4368 ἐξέστηκεν
3561 4303 3710 4355 ἰδίω-

439 4407 544 4460 est,
569 4395 784 4449 diversa
821 4409 849 4448 a
879 4406 1110 4462 corpore
1142 4394 1339 4446 mansit
1369 4393 1708 4461 substantia;
1745 4394 1825 4448 sic
1855 4394 2015 4448 etiam

2131 4389 2339 4459 μάτων,
2379 4390 2661 4459 μεμένηκε
2681 4390 2737 4444 δὲ
2783 4392 2928 4444 κατά
2952 4409 3016 4460 γε
3046 4393 3139 4446 τὸν
3179 4392 3274 4448 τοῦ
3319 4388 3462 4447 εἶναι
3518 4392 3707 4461 λόγον,

441 4503 641 4557 corpus
657 4487 932 4557 diversum
969 4501 997 4539 a
1041 4483 1218 4539 Verbo
1249 4494 1352 4549 est,
1377 4485 1517 4554 quod
1544 4486 2022 4555 attinet,iuquam,

441 4579 510 4632 ad
537 4555 924 4648 propriefatcm
961 4594 973 4630 :
1010 4591 1116 4630 non
1141 4573 1289 4628 enim
1309 4589 1336 4624 a
1381 4573 1620 4644 propriis
1649 4575 2022 4628 secessit’no-

445 4671 701 4725 tionibus.
735 4669 799 4722 Et
827 4668 988 4723 sicuti
1036 4667 1240 4722 factum
1287 4665 1378 4720 Dei
1420 4681 1621 4734 corpus
1690 4682 1799 4720 nou
1861 4665 2025 4720 desiit

445 4777 568 4816 esse
593 4776 811 4830 carpas,
837 4759 938 4813 etsi
965 4759 1035 4814 ad
1079 4757 1360 4812 meliorem
1391 4756 1614 4812 omnino
1656 4756 2021 4829 conditionem

451 4854 650 4907 virtute
692 4850 850 4905 Verbi
885 4851 1206 4905 translatum
1231 4889 1247 4914 ,
1286 4849 1359 4904 ita
1413 4864 1480 4904 ue
1525 4849 2023 4921 pliysicis‘quidem

449 4941 873 5013 proprietatibus
939 4939 1230 5008 spoliatum
1298 4937 1421 4992 fuit.
1485 4933 1698 5006 Alioqui
1755 4938 2027 5004 quomodo

448 5043 598 5091 sarta
626 5045 767 5088 tecta
792 5037 937 5086 esset
962 5030 1268 5100 integritas,
1303 5045 1466 5099 quam
1490 5039 1671 5084 tamen
1709 5030 1774 5082 de
1810 5027 2028 5081 Christo

448 5124 876 5185 ecclesiasticum
903 5121 1274 5194 magisterium
1307 5123 1493 5184 tradit,
1526 5121 1670 5177 sicut
1725 5121 1776 5174 in
1824 5119 2028 5176 deitate

441 5223 517 5278 ita
545 5219 708 5277 etiam
738 5219 794 5272 in
823 5214 1193 5271 humanitate?
1219 5213 1327 5287 43
1359 5215 1519 5270 Certe
1555 5218 1600 5269 si
1625 5214 1755 5282 quid
1818 5212 1882 5266 ad
1929 5213 2025 5266 hu-

441 5314 758 5370 manitatem
796 5291 1076 5381 pertinens
1109 5309 1546 5371 subtraheretur,
1577 5307 1774 5363 nedum
1811 5304 1888 5358 rei
1935 5303 2022 5358 in-

443 5405 693 5476 tcgritas,
740 5402 834 5458 sed
869 5416 935 5454 ne
962 5415 1049 5454 res
1079 5398 1296 5470 quidem
1325 5398 1550 5453 omnino
1609 5397 1813 5465 reliqua
1862 5394 2021 5449 iuret.

446 5496 724 5561 Quomodo
749 5507 879 5563 ergo
903 5505 1088 5546 semen
1121 5491 1355 5544 Abrabzc
1393 5489 1746 5558 apprehendit
1774 5527 1789 5549 ,
1836 5487 1881 5541 si
1919 5488 2024 5542 hoc

451 5587 622 5654 ipsum
671 5587 723 5640 in
770 5583 990 5640 Christo
1031 5599 1135 5638 nou
1182 5580 1695 5638 circumscribitur?
1745 5579 2024 5646 Quoumdu

446 5675 626 5731 debuit
653 5691 748 5742 per
777 5677 955 5731 etruria
989 5676 1246 5732 fratribus
1273 5674 1584 5740 assiutilaii,
1612 5674 1656 5728 is
1680 5675 1768 5744 qui
1799 5673 1849 5727 in
1882 5672 2023 5726 mul-

2131 4481 2385 4553 ἑτεροίως
2413 4481 2552 4552 ἔχων
2596 4482 2734 4552 πρὸς
2780 4483 2844 4534 τὸ
2884 4482 3071 4553 σῶμα,
3137 4483 3418 4550 οὕτωκαὶ
3457 4483 3519 4536 τὸ
3545 4484 3711 4554 σῶμα

2129 4573 2386 4637 ἐναντίως
2419 4573 2530 4644 ἔχει
2571 4575 2708 4641 πρὸς
2747 4574 2838 4627 τὸν
2889 4575 3086 4643 Λόγον,
3127 4575 3273 4630 κατὰ
3319 4575 3383 4644 γέ
3420 4593 3566 4646 φημι
3608 4577 3710 4647 τὴν

2131 4665 2372 4735 ἰδιότητα
2395 4681 2406 4694 ·
2432 4665 2684 4735 οὐδαμῶς
2707 4665 2816 4736 γὰρ
2835 4666 2943 4718 τῶν
2964 4667 3108 4721 ἰδίων
3133 4668 3548 4738 ἀποπεφοίτηκε
3565 4684 3710 4735 γνω-

2131 4757 2436 4826 ρισμάτων.
2503 4759 2612 4810 Καὶ
2647 4756 2722 4821 ὡς
2776 4758 3071 4829 γενόμενον
3132 4759 3270 4813 Θεοῦ
3343 4759 3526 4829 σῶμα,
3609 4761 3710 4812 οὐκ

2128 4849 2409 4918 ἀφῄρηται
2444 4848 2504 4900 τὸ
2555 4846 2697 4902 εἶναι
2743 4849 2922 4920 σῶμα,
2959 4854 3008 4907 εί
3065 4854 3162 4905 καὶ
3207 4853 3347 4924 πρὸς
3399 4853 3462 4906 τὸ
3495 4852 3706 4924 βέλτιον

2126 4941 2249 4993 ὅλον
2279 4942 2344 5010 τῇ
2374 4939 2603 5010 δυνάμει
2653 4941 2746 4995 τοῦ
2795 4943 2971 5007 Λόγου
3001 4944 3500 5014 μετεστοιχείωται,
3533 4945 3710 5008 οὕτως

2127 5029 2246 5082 οὐδὲ
2297 5029 2406 5082 τῶν
2467 5029 2716 5098 φυσικῶν
2781 5031 3089 5102 ἰδιωμάτων
3171 5033 3486 5104 ἐστέρηται.
3555 5031 3711 5085 Ἐπεὶ

2130 5120 2234 5174 ποῦ
2284 5119 2590 5193 σωθήσεται
2641 5123 2702 5176 τὸ
2767 5123 2996 5188 τέλειον,
3057 5125 3200 5177 κατὰ
3252 5125 3352 5195 τὴν
3415 5124 3711 5192 ἐκκλησια-

2135 5215 2327 5288 στικὴν
2355 5213 2704 5267 διδασκαλίαν
2753 5216 2845 5268 ἐπὶ
2879 5215 3141 5286 Χριστοῦ,
3175 5215 3366 5285 ὥσπερ
3395 5218 3450 5267 ὲν
3491 5215 3709 5283 θεότητι

2130 5305 2274 5358 οὕτω
2300 5307 2364 5376 δὴ
2396 5307 2492 5360 καὶ
2523 5307 3022 5380 ὲνάνθρωπότητις
3055 5309 3120 5362 Ei
3148 5311 3257 5378 γάρ
3288 5325 3340 5360 τι
3365 5308 3473 5360 τῶν
3505 5310 3582 5370 εἰς
3613 5312 3712 5376 τὴν

2128 5397 2445 5466 τελειότητα
2465 5399 2710 5468 ἡκόντων
2740 5401 3091 5472 ἀφαιρεθείη,
3115 5401 3176 5453 οὐ
3205 5401 3367 5470 μόνον
3391 5401 3453 5452 οὺ
3485 5400 3708 5464 τέλειον,

2129 5485 2244 5540 ἀλλ’
2301 5486 2425 5540 οὐδὲ
2471 5487 2775 5560 ὑπάρξειεν
2833 5491 2992 5554 ὅλως.
3071 5492 3194 5555 Πῶς
3248 5491 3341 5546 οὖν
3394 5492 3710 5564 σπέρματος

2143 5579 2396 5650 Ἀϐραὰμ
2441 5579 2900 5652 ἐπιλαμϐάνεται,
2929 5586 2976 5636 εί
3033 5583 3152 5637 κατ’
3187 5583 3320 5636 αὐτὸ
3347 5600 3408 5652 γε
3461 5583 3620 5636 τοῦτο
3649 5585 3703 5634 of.

2133 5671 2570 5742 περιγράφεται;
2605 5671 2778 5726 Πόθεν
2811 5673 3010 5743 ὤφειλε
3036 5675 3177 5728 κατὰ
3203 5674 3377 5728 πάντα
3410 5675 3518 5736 τοῖς
3555 5672 3704 5725 ἀδελ-
