3994 6198
237 397 359 464 277

990 395 1620 458 ANTIRRHETICUS
1658 395 1687 456 Ι
1726 397 1896 460 ADV.
1935 364 2529 460 CONSTANTINUM
2565 395 2780 457 corn.

3413 393 3544 458 273'

249 511 362 571 τοῖς
399 505 495 561 νύν
532 503 1086 578 προκεχειρισμένοις
1121 503 1273 560 εστιν
1311 507 1513 575 εἰπεῖν,
1538 506 1622 560 δτι
1675 503 1835 578 ἀρχὲ·

1942 513 2120 564 mente
2153 517 2304 573 sunt,
2332 517 2388 563 ut
2429 507 2483 562 in
2516 505 2770 577 praesenti
2814 503 3138 562 tractatione
3171 504 3276 563 dici
3320 516 3518 576 potest,

246 599 420 654 τυπόν
461 601 612 653 ἔστιν
665 598 814 669 ἀρχὴ
846 599 941 650 καὶ
990 597 1348 668 παράδειγμα
1385 598 1693 669 ὑφεστηκὸς
1740 597 1836 652 τοῦ

242 690 343 746 ἀπ’
377 687 548 744 αὑτοῦ
579 684 1130 759 χαρακτηριξομένου
1184 687 1379 753 εἴδους,
1429 689 1524 742 καὶ
1548 687 1648 757 τῆς
1693 703 1838 758 παρ-

243 782 477 852 αγωγῆς
507 780 601 834 τοῦ
634 779 1025 851 προσεοικότος
1055 779 1248 834 αἴτιον.
1283 779 1398 850 Τῆς
1425 779 1469 832 δ’
1511 778 1580 832 αὖ
1627 779 1838 842 εἰκόνος

243 873 480 946 ὁρισμὸς
509 871 778 936 τοιοῦτος,
812 869 888 934 ὡς
943 870 1172 925 ἐπὶτῶν
1207 869 1486 942 τεχνητῶν
1511 869 1719 925 τούτων
1753 887 1838 935 τις

246 963 434 1017 εἰποι·
491 961 659 1015 εἰκών
709 963 860 1013 ἐστιν
909 960 1166 1031 ὁμοίωμα
1219 961 1553 1032 ἀρχετύπου,
1603 959 1723 1013 ὅλον
1777 959 1840 1012 ἐν

247 1056 422 1126 ἑαυτῇ
453 1053 548 1108 τοῦ
579 1050 983 1123 ὲντυπουμένου
1015 1051 1074 1106 τδ
1103 1047 1243 1115 εἶδος
1275 1051 1364 1106 διά
1393 1053 1494 1123 τῆς
1528 1051 1836 1124 ἐμφερείας

247 1145 771 1216 ιναποματτομένη,
794 1144 874 1215 τῷ
904 1143 1152 1214 διαφόρῳ
1181 1144 1282 1214 τῆς
1311 1139 1521 1208 οὑείας,
1565 1144 1710 1199 κατά
1737 1145 1836 1214 τὴν

248 1233 390 1306 ὕλην
424 1237 522 1290 καὶ¹
567 1233 729 1303 μόνον
781 1233 1280 1306 παραλλάσσουσω
1315 1233 1349 1305 ἢ
1397 1236 1631 1306 μίμησις
1668 1235 1837 1306 ἀρχε-

246 1327 427 1383 τύπου
461 1328 556 1379 καὶ
583 1324 929 1395 ἀπείκασμα,
961 1327 1028 1395 τῇ
1055 1323 1216 1395 οὑσία
1257 1325 1352 1377 καὶ
1381 1331 1457 1394 τῷ
1489 1324 1836 1395 ὑποκειμένῳ

249 1416 616 1489 διαφέρουσα,
667 1415 702 1487 ἢ
753 1415 952 1486 τέχνης
1008 1415 1358 1486 ἀποτέλεσμα
1408 1416 1551 1469 κατά
1599 1414 1835 1486 μίμησιν

247 1510 345 1564 τοῦ
377 1507 696 1581 ἀρχετύπου
726 1503 1162 1577 εἰδοποιουμένη,
1192 1507 1352 1579 οὐσίᾳ⁸
1375 1507 1432 1561 δὲ
1463 1508 1558 1561 καὶ
1587 1507 1664 1578 τῷ
1700 1507 1834 1561 ὑπο-

249 1600 502 1673 κειμένῳ
552 1595 911 1671 διαφέρουσα.
945 1599 1007 1652 Εἰ
1059 1597 1170 1670 γὰρ
1205 1599 1280 1669 μὴ
1309 1598 1560 1668 διαφέρει
1593 1599 1650 1651 ἔν
1695 1615 1828 1663 τινι,

246 1694 352 1746 οὑκ
375 1692 563 1756 εἰκὼν,
598 1690 719 1744 οὑδὲ
754 1689 884 1744 ἄλλο
903 1706 958 1742 τι
1001 1688 1154 1762 παρά
1195 1689 1256 1742 τὸ
1307 1686 1616 1759 ἀρχέτυπόν
1661 1688 1831 1743 ἐστιν.

249 1779 416 1839 οὕτω
468 1781 569 1853 μὲν
605 1777 699 1835 οὖν
747 1783 782 1851 η
833 1780 1033 1847 εἰκὼν,
1075 1779 1328 1850 ὁμοίωμα
1387 1779 1480 1833 καὶ
1527 1778 1836 1852 ὲκτύπωμα

245 1873 424 1928 δντων
454 1874 552 1926 καὶ
580 1871 968 1942 ὑφεστηκότων
1018 1870 1154 1924 ἐστί.

326 1966 434 2020 κθ’.
478 1966 553 2016 Τὸ
594 1965 650 2017 δὲ
699 1964 916 2016 εἴδωλον
969 1961 1343 2034 ἀνυπάρκτων
1403 1961 1571 2016 τινῶν
1609 1961 1701 2016 καί
1738 1961 1836 2014 ἀν-

248 2057 583 2111 υποστάτων
608 2054 962 2125 ἀνάπλασμα,
993 2054 1186 2118 ὁποίας
1209 2053 1274 2124 δή
1291 2070 1446 2117 τινας
1464 2052 1724 2124 Ἕλληνες
1745 2052 1840 2106 ὑπ’

249 2150 548 2211 ἀσυνεσίας
574 2149 669 2200 καὶ
696 2148 909 2212 ἀθεῖας,
942 2145 1234 2219 Τριτώνων
1263 2145 1426 2200 τινῶν
1452 2147 1548 2200 καὶ
1591 2145 1837 2200 Κενταύ-

253 2258 367 2312 ρων
403 2240 500 2294 aut
527 2239 704 2294 ἀλλων
743 2238 1048 2309 φασμάτων
1090 2240 1189 2310 οὐχ
1234 2237 1584 2308 ὑφεστώτων,
1621 2239 1840 2310 μορφὰς

247 2333 685 2386 ἀναπλάττουσι.
714 2333 828 2386 Καὶ
849 2313 1026 2404 ταύτξι
1046 2330 1290 2400 ἀλλήλων
1325 2329 1490 2385 εἰκών
1519 2347 1580 2384 τε
1625 2333 1720 2384 καὶ
1767 2329 1840 2383 εἴ·

251 2423 431 2478 δωλον
463 2422 999 2488 ἀπδιαστέλλονται,
1035 2423 1178 2478 ὥστε
1205 2425 1256 2476 οἰ
1285 2424 1359 2494 μὴ
1399 2423 1681 2494 δεχόμενοι
1711 2421 1838 2476 τού-

247 2531 365 2568 των
389 2514 553 2584 διαφο
563 2515 684 2583 ραν,
703 2515 928 2580 δικαίως
949 2514 1014 2569 ἂν
1035 2513 1419 2586 εἰδωλολάτραι
1439 2515 1708 2585 κληθεῖεν.
1728 2513 1840 2567 Kal.

247 2609 307 2660 αἰ
344 2606 447 2677 μιν
469 2605 700 2670 εἰκόνες,
739 2605 834 2658 καὶ
877 2605 1100 2675 ἀγαθῶν
1133 2609 1229 2660 καὶ
1263 2605 1482 2675 φαύλων
1511 2605 1647 2659 εἰσὶν
1690 2606 1840 2659 εἰκό-

247 2716 366 2765 νες,
391 2695 473 2754 ὧν
497 2698 594 2753 καὶ
615 2699 650 2768 ἡ
686 2695 815 2763 δόξα
847 2697 1126 2769 διάφορος.
1158 2697 1279 2753 Τῶν
1329 2698 1426 2768 μὲν
1472 2696 1581 2767 γὰρ
1617 2694 1840 2768 ἀγαθῶν

247 2791 540 2863 τιμητέαι.
569 2791 676 2844 τῶν
699 2790 921 2861 φαύλων
961 2790 1017 2843 δὲ
1062 2789 1476 2858 ἀωπεμπτὲαι,
1507 2789 1602 2842 καὶ
1631 2789 1688 2840 ὲν
1733 2787 1836 2858 ῐσῳ

251 2884 502 2948 εἰδώλοις
555 2881 859 2953 φευκτέαιο
915 2883 1167 2936 κάκεῖναι
1221 2879 1478 2952 μάλιστα,
1543 2881 1697 2943 ὅσαις
1745 2879 1841 2933 καὶ

251 2975 496 3030 εἰδώλων
517 2973 684 3038 σέϐας
710 2972 821 3026 τῶν
855 2970 1104 3026 παλαιῶν
1134 2987 1297 3036 τινες,
1332 2969 1517 3034 κακῶς
1541 2969 1635 3023 καὶ
1663 2968 1839 3034 ἀθέως

252 3068 548 3133 ἀνέθεσαν,
571 3067 663 3120 τὸν
691 3065 800 3118 τῶν
829 3066 971 3120 ὅλων
1002 3063 1135 3117 Θεὸν
1161 3065 1253 3116 καὶ
1285 3061 1384 3134 τὴν
1416 3060 1638 3132 πρώτην
1659 3059 1839 3115 αἰτίαν

251 3159 657 3229 ἀγνοήσαντες.
707 3156 886 3226 Ὅπερ
935 3155 972 3226 ἢ
1011 3170 1070 3208 τε
1117 3155 1257 3225 πρὸς
1294 3154 1420 3218 τοὺς
1463 3153 1694 3218 οἰκείους
1728 3153 1837 3206 τῶν

253 3247 529 3320 ιμπαθῶν
560 3247 656 3301 καὶ
699 3245 1047 3316 ὑλικωτὲρων
1073 3245 1452 3316 ἀπειργάσατο
1481 3243 1837 3316 περιπάθεια,

251 3341 292 3412 ἢ
321 3357 379 3394 τε
403 3339 684 3410 τυραννὶς,
701 3337 803 3408 τῆς
835 3335 1224 3407 προσηκούσης
1249 3334 1407 3406 δόξης
1432 3337 1562 3400 τοὺς
1589 3335 1834 3407 θεσμοὺς

254 3432 351 3486 καὶ
380 3431 548 3501 ὄρους
574 3427 1048 3497 πλεονεκτήσασα.
1079 3425 1171 3480 Διὸ
1201 3425 1418 3480 εἴδωλον
1445 3426 1536 3480 ἐπί
1562 3442 1709 3490 τινος
1733 3425 1840 3479 τῶν

254 3521 483 3592 ἀγαθῶν
517 3521 620 3574 οὑκ
669 3517 738 3572 ἂν
779 3517 1015 3586 λέγοιτο,
1063 3515 1140 3587 τῷ
1176 3515 1543 3592 προειλῆφθαι
1594 3513 1831 3587 μάλιστα

254 3591 354 3682 τῆν
384 3610 574 3680 φωνὴν
626 3608 721 3662 ἰπὶ
779 3606 889 3660 τῶν
931 3604 1163 3660 ἐθνικῶν
1214 3591 1598 3676 σεδασμάτων,
1631 3603 1667 3660 ἀ
1726 3611 1841 3668 τοῖς

253 3701 477 3772 δαίμοσι
537 3698 628 3753 διά
692 3696 802 3751 τῶν
858 3695 1062 3752 θυσιῶν
1108 3695 1500 3769 προσφέρεται,
1550 3697 1692 3752 κατά
1737 3697 1840 3768 τὴν

254 3789 633 3860 ἀποπολικὴν
661 3789 844 3859 ῥῆσιν.

325 3881 396 3936 λ’.
437 3879 554 3934 Οὑκ
579 3879 809 3948 ἄκαιρον
843 3876 901 3931 δὲ
922 3871 1078 3948 οῐμαι
1107 3878 1165 3931 ὲν
1183 3877 1262 3948 τῷ
1289 3877 1541 3948 παρόντι,
1576 3875 1843 3931 καὶτοῦτο

255 3970 584 4043 προσθεῖναι
615 3964 694 4040 τῷ
721 3969 888 4040 λόγῳ,
930 3968 1012 4022 ὃτι
1043 3970 1076 4039 ἡ
1124 3967 1290 4022 εἰκὼν
1325 3968 1510 4038 σχέσιν
1552 3968 1664 4040 ἔχει
1705 3968 1841 4039 πρὸς

254 4060 679 4132 τὸάρχέτυπον,
737 4060 832 4112 καὶ
877 4058 1055 4113 αἰτίου
1105 4059 1253 4112 ἐστὶν
1301 4058 1582 4112 αἰτιατὸνο
1627 4059 1843 4130 ἀνάγκη

255 4152 357 4207 οὖν
387 4152 479 4205 διά
509 4149 670 4203 τοῦτο
700 4150 795 4204 καὶ
823 4149 931 4202 τῶν
957 4148 1095 4220 πρός
1121 4165 1174 4202 τι
1218 4143 1363 4203 είναί
1407 4167 1465 4202 τε
1507 4149 1713 4219 ταύτην
1748 4150 1845 4203 καὶ

256 4240 546 4311 λέγεσθαι.
573 4241 652 4295 Τά
683 4241 740 4296 δὲ
786 4241 920 4312 πρός
963 4258 1040 4306 τι,
1074 4240 1214 4294 αὑτά
1251 4239 1396 4312 ἅπερ
1434 4242 1602 4304 ἐστὶν,
1640 4241 1845 4312 ἐτέρων

255 4327 406 4384 εἶναι
465 4329 709 4399 λέγεται,
770 4330 866 4383 καὶ
924 4329 1278 4400 ἀντιστρέφει
1331 4331 1400 4400 τῇ
1461 4328 1644 4400 σχέσει
1707 4328 1845 4401 πρὸς

257 4423 480 4494 ἄλληλα
503 4437 521 4453 ’
550 4421 742 4492 ὥσπερ
786 4423 814 4475 ὁ
840 4420 1024 4492 πατὴρ
1059 4420 1180 4474 υἱοῦ
1211 4420 1415 4493 πατὴρ,
1447 4423 1542 4474 καὶ
1601 4419 1840 4493 ἔμπαλιν

1939 597 2293 670 archetypum
2333 607 2456 654 esse
2493 596 2816 668 principium
2843 591 3220 668 etexemplar,
3249 593 3395 666 quod
3425 611 3522 666 per

1939 707 1998 748 se
2027 693 2262 754 exsistit,
2294 691 2415 762 ejus
2457 688 2646 744 forma:
2678 705 2797 761 quae
2827 689 2894 744 ab
2921 687 3042 758 ipso
3074 684 3422 756 exprimitur,
3466 701 3523 746 et

1939 785 2314 848 derivationis,
2333 780 2832 852 quaeiassimilata
2857 787 2962 847 est,
2992 794 3239 835 causam.
3263 775 3525 834 Deﬁnitio

1937 885 2118 928 autem
2145 871 2397 943 imaginis
2438 871 2554 927 haac
2586 871 2713 934 erit,
2753 881 2811 923 ut
2843 870 2912 926 de
2943 869 3010 925 iis
3040 885 3162 939 qua:
3219 883 3338 924 arte
3364 869 3520 933 tiunt,

1938 963 2047 1019 dici
2081 971 2262 1032 potest
2295 979 2311 1016 :
2343 961 2552 1031 imago,
2587 959 2834 1028 inquam,
2861 969 2947 1014 est
2991 959 3294 1015 similitudo
3325 957 3525 1015 arche-

1940 1056 2072 1126 typi,
2100 1069 2220 1126 qua:
2243 1053 2294 1108 in
2335 1066 2396 1109 se
2423 1061 2590 1108 totam
2621 1051 2858 1122 speciem
2893 1051 3007 1106 sive
3043 1051 3270 1107 formam
3302 1051 3518 1123 ﬁgurati

1939 1163 2035 1215 per
2069 1145 2517 1200 assimilationem
2545 1143 2826 1212 exprimit,
2874 1143 2986 1198 sola
3017 1142 3337 1200 diversitate
3386 1145 3521 1198 sub-

1937 1238 2151 1292 stantia:
2180 1238 2476 1292 secundum
2508 1235 2790 1288 materiam
2822 1235 2890 1290 ab
2925 1249 2990 1290 eo
3033 1227 3316 1290 ditl'erente
3355 1253 3370 1290 :
3424 1246 3520 1291 aut

1937 1330 2170 1386 imitatio
2190 1327 2471 1398 archetypi
2524 1333 2580 1380 et
2601 1326 2948 1393 assimilatio,
2973 1327 3275 1380 substantia
3299 1341 3362 1383 ac
3395 1327 3523 1381 sub-

1931 1425 2079 1494 jecto
2111 1422 2402 1480 ditl'erens:
2439 1431 2532 1476 aut
2562 1419 2696 1474 artis
2721 1413 2946 1475 eﬂectus
2968 1419 3268 1476 secundum
3321 1419 3506 1473 imita-

1939 1516 2140 1568 tionem
2199 1513 2482 1584 archetypi
2549 1511 2835 1576 furmatus,
2885 1510 3190 1566 substantia
3235 1517 3418 1564 tamen
3459 1511 3516 1564 et

1937 1605 2181 1676 subjecto
2201 1602 2480 1659 dill'erens.
2513 1601 2628 1656 Nisi
2659 1602 2806 1656 enim
2839 1599 3018 1670 aliqua
3049 1599 3108 1654 in
3143 1615 3199 1654 re
3241 1588 3512 1664 ditTerret,

1938 1712 2043 1752 non
2089 1697 2268 1766 imago
2328 1710 2427 1750 nec
2457 1693 2600 1748 aliud
2631 1693 2784 1764 quid.
2835 1700 3215 1761 praeterquam
3256 1686 3516 1759 archety-

1937 1772 2274 1858 pum,esset.
2311 1787 2404 1842 Sic
2431 1785 2598 1858 igitur
2638 1787 2838 1855 imago,
2892 1779 3192 1838 similitudo
3219 1786 3274 1836 et
3330 1773 3502 1835 forma

1866 1861 1910 1916 Β
1935 1887 2021 1934 est
2064 1879 2131 1933 ab
2161 1876 2248 1942 iis,
2281 1893 2403 1948 quae
2432 1892 2530 1948 per
2549 1892 2610 1933 se
2638 1887 2786 1941 stmt,
2813 1887 3090 1944 expressa.

1928 1963 1940 1976 “
2007 1965 2098 2022 29.
2143 1965 2349 2022 Idolum
2380 1982 2510 2021 vero
2559 1965 2705 2022 ﬁctio
2732 1979 2919 2020 eorum
2942 1979 3060 2032 qua:
3097 1977 3202 2017 non
3241 1962 3515 2016 exsistunt

1938 2076 2115 2132 neque
2135 2076 2230 2131 per
2257 2075 2317 2116 se
2341 2071 2467 2115 sunt
2494 2058 2608 2130 (58)
2639 2079 2652 2114 :
2688 2057 2986 2128 cuiusmodi
3021 2047 3130 2129 45
3163 2068 3288 2111 sunt
3318 2047 3509 2111 forma:

1937 2155 2180 2223 quaedam
2205 2167 2342 2224 quas
2397 2151 2604 2207 ethnici
2660 2148 2810 2206 fatue
2836 2155 2999 2219 atque
3051 2145 3355 2220 irreligiose
3384 2139 3517 2202 cun;

1938 2247 2177 2316 lingunt,
2217 2255 2277 2300 ut
2329 2241 2652 2309 Tritonum,
2695 2243 3122 2302 Centaurorum,
3173 2241 3517 2309 aliorumque

1939 2337 2382 2406 phantasmatum
2435 2351 2555 2407 qua:
2596 2350 2702 2390 non
2744 2334 3070 2389 subsistunt.
3108 2330 3199 2388 Sic
3253 2329 3430 2402 imago
3461 2342 3516 2387 et.
3555 2343 3564 2354 ‘

1940 2423 2143 2483 idolum
2185 2427 2419 2482 invicem
2473 2425 2900 2496 distinguuntur.
2941 2421 3122 2488 Quare
3167 2423 3258 2492 qui
3315 2423 3513 2476 herum

1938 2519 2297 2575 dill'erentiam
2325 2533 2430 2574 non
2445 2519 2768 2587 approbant,
2791 2513 2988 2570 merito
3007 2511 3308 2569 itlolulatra:
3332 2515 3516 2570 vocari

1939 2619 2186 2684 ppssuut.
2221 2609 2301 2664 Ac
2329 2608 2594 2678 imagines
2641 2607 2900 2676 quidem,
2949 2606 3216 2660 bonorum
3251 2619 3404 2675 aeque
3455 2619 3520 2658 ac

1941 2685 2208 2755 titulorum
2234 2697 2500 2770 imagines
2533 2698 2779 2765 sunt,vde
2807 2696 3012 2768 quibus
3051 2705 3231 2750 tamen
3261 2693 3521 2773 'dissiml-

1942 2791 2066 2846 liter
2093 2790 2512 2846 existimandum
2544 2799 2648 2846 est.
2678 2784 2810 2844 Nam
2838 2788 3101 2844 bonorum
3131 2787 3348 2858 quidem
3380 2784 3517 2842 ima-

1940 2883 2095 2954 gines
2129 2881 2456 2938 honoranda:
2484 2890 2650 2946 sunt;
2681 2881 2944 2936 malorum
2991 2894 3118 2934 vero
3150 2879 3517 2949 repudiandae,

1940 2984 1996 3030 et
2015 2987 2169 3042 aeque
2193 2987 2257 3028 ac
2280 2971 2424 3028 idola
2467 2970 2756 3042 fugiendae,
2790 2973 2892 3028 illae
2923 2974 3290 3044 potissimum,
3315 2971 3516 3040 quibus

1943 3065 2104 3136 aliqui
2131 3080 2198 3120 ex
2232 3063 2428 3135 priscis
2462 3065 2866 3120 venerationem
2890 3064 3158 3120 idolorum
3190 3078 3356 3135 prave
3379 3062 3519 3117 irre-

1903 3202 1905 3225 i
1944 3157 2236 3228 ligioseque
2269 3157 2652 3222 adhibuerunt,
2679 3157 3040 3214 universalem
3071 3145 3238 3210 Deum
3261 3155 3520 3223 primam-

1941 3264 2048 3320 que
2079 3265 2300 3306 causam
2334 3250 2667 3322 ignorantes.
2695 3249 2848 3316 Quod
2869 3248 3084 3318 quidem
3119 3235 3254 3302 fecit
3277 3251 3389 3302 tum
3422 3247 3520 3301 lto-

1941 3341 2148 3394 minum
2191 3341 2582 3411 cupiditatibus
2607 3349 2660 3395 et
2689 3329 2926 3396 terrenis
2959 3334 3124 3394 rebus
3154 3337 3513 3393 servientium

1940 3431 2177 3499 affectio,
2209 3441 2323 3489 tum
2344 3435 2508 3490 etiam
2529 3433 2812 3504 tyrannica
2843 3440 3109 3502 potestas,
3142 3431 3278 3485 lines
3299 3445 3364 3485 ac
3392 3430 3517 3500 jura

1935 3525 2070 3598 justi
2098 3527 2320 3582 honoris
2352 3535 2762 3596 pmtergressa.
2799 3522 2925 3581 Ideo
2953 3537 3228 3592 nunquam
3278 3521 3331 3576 in
3379 3521 3519 3576 bona

1941 3614 2123 3686 aliqua
2172 3629 2230 3670 re
2263 3614 2479 3670 dicetur
2519 3615 2746 3680 idolum,
2793 3613 3050 3684 quoniam
3098 3613 3152 3666 id
3192 3610 3513 3668 voeabulum

1943 3705 2215 3778 praecipue
2253 3715 2572 3775 usurpatum
2599 3704 2702 3760 fuit
2738 3706 2792 3760 itt
2829 3703 2975 3761 cultu
3005 3703 3249 3771 ethnico,
3275 3702 3366 3774 qui
3409 3701 3521 3758 da-

1943 3798 2194 3854 monihus
2233 3799 2548 3864 exhibetur,
2584 3797 2727 3852 sicut
2773 3796 3062 3868 Apostolus
3102 3795 3201 3850 ait.

2013 3889 2104 3945 30.
2147 3887 2396 3944 Arbitror
2431 3903 2536 3942 non
2556 3903 2676 3944 esse
2701 3903 2844 3942 nunc
2865 3890 3286 3958 inepportunnm
3313 3892 3504 3939 nostro

1945 3980 2182 4037 sermoni
2219 3983 2420 4035 addere
2459 3981 2578 4043 hoc,
2616 3981 2818 4036 habere
2847 3979 3059 4035 scilicet
3119 3979 3410 4048 imaginem
3441 3979 3510 4032 all

1945 4074 2300 4143 archetypum
2359 4071 2675 4150 relationem
2725 4088 2902 4128 causa:
2935 4081 2988 4127 et
3036 4070 3259 4126 enectus
3301 4084 3519 4140 :quare

1947 4157 2173 4214 necesse
2215 4167 2320 4223 est,
2356 4171 2409 4213 et
2441 4174 2562 4214 esse
2591 4170 2645 4214 et
2699 4158 2806 4214 dici
2855 4173 3068 4220 eorum,
3105 4173 3224 4227 quae
3287 4168 3412 4212 sunt
3448 4158 3515 4212 ad

1947 4245 2177 4316 aliquid.
2211 4245 2342 4314 Quae
2379 4257 2560 4302 autem
2592 4255 2720 4301 sunt
2760 4247 2825 4300 ad
2857 4246 3082 4316 aliquid,
3119 4247 3235 4316 ipsa
3279 4245 3361 4299 illa
3402 4261 3521 4314 qua:

1944 4337 2163 4406 quidem
2193 4348 2341 4400 sunt,
2375 4337 2604 4392 aliorum
2649 4351 2770 4392 esse
2801 4338 3072 4402 dicuntur,
3121 4346 3177 4392 et
3217 4327 3520 4406 reciproca-

1947 4438 2035 4484 tur
2063 4429 2301 4496 ipsorum
2336 4427 2479 4484 inter
2505 4442 2567 4484 se
2589 4428 2800 4492 relatio,
2838 4431 2896 4482 ut
2927 4437 3080 4497 pater
3121 4427 3214 4483 lilii
3259 4439 3434 4498 pater,
3464 4438 3519 4480 «οι

257 4518 290 4570 6
340 4515 462 4577 υίὸς
521 4513 734 4583 πατρὸς
788 4513 1011 4582 λέγεται
1046 4513 1184 4576 υίὸς,
1217 4511 1483 4574 ὡσαύτως
1538 4511 1635 4565 καὶ
1686 4510 1838 4580 φίλος

1945 4534 2136 4574 rursus
2155 4519 2296 4574 illius
2328 4519 2497 4587 patris
2542 4518 2682 4574 lilitts
2711 4519 2930 4574 dicitur.
2987 4517 3250 4574 Similiter
3305 4519 3514 4572 anticus

257 4605 445 4674 φίλου,
472 4605 570 4658 καὶ
594 4603 768 4670 δεξιὸς
796 4601 1118 4674 ἀριστεροῦ,
1148 4602 1243 4656 καὶ
1289 4601 1530 4672 ἔμπαλιν
1556 4601 1846 4673 ἀριστερὸς
1883 4627 1908 4646 υ

257 4694 470 4762 δεξιοῦ’
493 4695 701 4766 ὁμοίως
739 4696 834 4748 καὶ
881 4693 1150 4765 δεσπότης
1185 4693 1374 4748 δούλου
1418 4693 1706 4764 δεσπότης,
1753 4692 1848 4746 καί

261 4787 529 4858 ἔμπαλιν,
571 4787 666 4840 καὶ
714 4787 770 4840 εἰ
801 4803 856 4840 τι
890 4785 1102 4850 τούτοις
1139 4789 1489 4859 προσόμοιον.
1526 4785 1716 4850 Οὖτως
1753 4785 1848 4842 οὑν

261 4876 366 4930 καὶ
417 4876 764 4945 ἀρχέτυπον,
822 4875 1035 4940 εἰκόνος
1093 4876 1432 4946 ἀρχέτυπον·
1497 4876 1592 4930 καὶ
1651 4875 1843 4943 εἰκὼν,

261 4957 582 5038 ἀρχετύπου
615 4967 779 5019 εἰκών
804 4983 816 4999 υ
849 4969 945 5021 καὶ
974 4967 1078 5020 οὑκ
1131 4968 1197 5022 ἄν
1249 4983 1337 5032 τις
1369 4967 1599 5039 ἄσχετον
1654 4969 1844 5024 εἰκόνα

260 5057 363 5112 τοῦ
395 5073 540 5122 τινος
569 5058 753 5110 εἰκόνα
784 5057 944 5129 φαίη.
987 5059 1142 5128 Ἅμα
1195 5059 1305 5131 γὰρ
1335 5060 1717 5128 συνεισάγεται
1749 5061 1846 5114 καὶ

266 5145 758 5216 συνεπιθεωρεϊται
783 5145 998 5217 θατέρῳ
1019 5147 1080 5199 τὸ
1103 5146 1294 5218 ἕτερον
1313 5163 1328 5180 ο
1369 5151 1472 5203 κᾶν
1509 5165 1612 5202 που
1641 5150 1846 5220 οἴχοιτο

263 5237 330 5290 τὸ
359 5237 694 5309 ἀρχέτυπον,
718 5236 831 5290 ἀλλ’
856 5237 892 5307 ἢ
919 5253 984 5308 γε
1018 5239 1205 5308 σχέσις
1246 5239 1308 5292 οὑ
1354 5240 1721 5310 συναπολήγει
1742 5256 1758 5270 ·
1782 5241 1845 5295 οὑ

340 5378 460 5448 (38)
512 5376 606 5433 Sic
637 5379 800 5433 etiam
839 5378 1153 5436 Ducarius:
1191 5379 1429 5434 Εἴδωλον
1475 5383 1852 5437 ἀνυποστάτου

265 5449 607 5520 πράγματός
632 5450 751 5501 ἐστι
773 5448 1114 5520 διατύπωσις
1133 5469 1148 5504 ς
1166 5451 1377 5520 Idolum
1401 5455 1476 5505 rei
1496 5452 1850 5507 insubsisten-

267 5517 335 5572 us
369 5517 632 5589 ligurritio
661 5519 850 5574 estaTb
878 5520 986 5589 μὲν
1011 5517 1230 5574 εἴδωλον
1252 5519 1514 5589 οὐδεμίαν
1543 5522 1850 5576 ὑπόστασιν

265 5589 418 5646 ιγει·
457 5588 659 5641 nullam
704 5589 855 5641 habet
907 5588 1298 5644 subsidentium
1348 5588 1571 5644 idolum.
1596 5592 1661 5646 Et
1687 5609 1844 5646 mox:

281 5608 292 5643 ι
337 5608 418 5640 ει-
457 5608 659 5641 nuuam
704 5608 855 5641 naut
907 5608 1298 5644 mactarunt
1348 5608 1661 5646 motum.“
1687 5609 1844 5646 mox:

281 5608 510 5730 ’ἒπειδη
541 5657 806 5730 ’Έλληνες
838 5658 1243 5730 ἀναπλάττουσι
1264 5659 1364 5722 τάς
1393 5661 1492 5730 οὑχ
1527 5661 1850 5730 ὑφεστώσας

279 5727 521 5799 μορφὰς.
555 5727 804 5799 Σφίγγας
825 5728 986 5799 τινάς
1013 5729 1110 5782 καὶ
1136 5728 1444 5798 Τρίτωναςο
1461 5727 1760 5798 Ἀἰγύπτιοι
1788 5733 1848 5786 δὲ

277 5795 746 5867 κυῖροπροσώπους
787 5798 882 5850 καὶ
921 5795 1289 5870 βουκεφάλους
1334 5795 1608 5870 λέγουσιν,
1656 5803 1846 5856 εἴδωλα

1945 4611 2129 4674 amici,
2160 4619 2217 4666 et
2242 4611 2492 4665 dextrum
2529 4608 2762 4675 sinistri,
2801 4617 2857 4664 et
2907 4609 3184 4678 reciproce
3231 4608 3513 4662 sinistrum

1945 4701 2121 4756 dextri
2147 4719 2162 4756 :
2195 4701 2322 4756 item
2347 4701 2597 4756 dominus
2612 4701 2777 4765 servi,
2805 4708 2862 4754 et
2886 4699 3136 4753 similiter
3158 4699 3210 4752 in
3237 4698 3358 4752 aliis
3381 4699 3520 4768 ejus-

1944 4793 2112 4848 modi.
2137 4792 2228 4848 Sic
2257 4793 2421 4863 igitur
2455 4803 2830 4865 prototypum,
2851 4791 3103 4860 imaginis
3131 4798 3476 4862 prototypum
3501 4809 3516 4855 ;

1945 4894 2000 4939 et
2034 4885 2230 4954 imago,
2259 4883 2528 4953 prototypi
2558 4884 2762 4950 imago;
2805 4897 2904 4936 nec
2944 4881 3086 4935 ullus
3109 4882 3396 4952 imaginem
3428 4897 3516 4936 rc-

1953 4973 2151 5030 latione
2207 4975 2464 5038 solutam,
2524 4973 2753 5042 alicujus
2793 4973 3082 5042 imaginem
3122 4975 3282 5028 dicet.
3342 4973 3516 5028 Sitnul

1951 5064 2094 5120 enim
2127 5065 2357 5119 alterum
2389 5081 2509 5118 ctnn
2537 5073 2766 5134 utroQue
2826 5064 3191 5118 introducitur
3227 5073 3281 5118 et
3315 5065 3518 5134 cogita-

1954 5163 2041 5210 tur
2071 5167 2165 5212 :et
2191 5156 2315 5212 licet
2359 5158 2710 5227 archetypum
2737 5158 2842 5212 alio
2873 5157 3090 5226 abierit,
3123 5157 3312 5212 relatio
3341 5167 3517 5210 tamen

1955 5258 2061 5300 non
2089 5244 2249 5300 simul
2280 5255 2402 5300 esse
2432 5246 2619 5310 desiit;
2660 5263 2762 5302 nou
2793 5247 2936 5301 enim
2971 5247 3110 5302 ratio
3139 5245 3298 5301 simul
3353 5247 3518 5299 inter-

1953 5383 2111 5456 καλεῖ
2126 5384 2200 5456 τὰ
2223 5384 2334 5456 τῶν
2349 5385 2448 5456 οὑχ
2471 5384 2802 5456 ὑφεστώτων
2820 5387 2849 5439 ὁ
2871 5384 3166 5456 νομοθέτης
3183 5381 3514 5456 εἰκάσματα.

1959 5454 2222 5520 Quoniam
2249 5450 2691 5509 Grrrci'carentes
2717 5450 3054 5510 subsistentia
3086 5450 3282 5520 [orntus
3309 5450 3518 5520 conﬁn-

1953 5517 2106 5594 g'unt,
2154 5522 2408 5593 Sphinge:
2440 5527 2700 5592 quasdam
2733 5537 2892 5594 atque
2945 5517 3214 5594 Tritones;
3256 5517 3518 5594 Ἀξῃῃμιίί

1955 5590 2131 5646 autem
2159 5590 2538 5662 cynocephalus
2568 5607 2616 5648 et
2645 5590 2978 5662 bucepltalos,
3019 5591 3214 5662 idcirco
3248 5590 3522 5662 legislator

1955 5660 2212 5734 (Moyses)
2241 5660 2384 5734 idolo
2421 5665 2648 5733 appellat
2675 5660 2778 5715 has
2801 5676 2982 5734 rerum;
3002 5675 3103 5734 nou
3125 5660 3516 5734 attbsisieutium

1953 5729 2228 5799 imafqt'nes.
2251 5733 2392 5789 llinc
2429 5729 2584 5788 divus
2608 5746 2820 5799 quoque
2856 5729 3050 5784 Paulus
3083 5730 3100 5782 ι
3135 5729 3256 5785 Cor.
3297 5729 3413 5796 \‘t'u,
3441 5729 3512 5785 ιε

1956 5801 2110 5856 Nihil
2143 5814 2216 5857 est
2259 5804 2457 5857 idolum
2489 5804 2542 5855 in
2577 5801 2791 5854 mundo.
