3994 6198
313 227 419 292 297

1046 223 1670 288 ANTIRRHETICUS
1705 225 1734 286 Ι
1772 228 1938 290 ADV.
1974 227 2568 289 CONSTANTINUM
2606 229 2821 290 COPR.

3470 231 3577 294 293

312 339 615 415 προσώπου
647 339 768 403 ἑνὸς
805 337 986 404 ὖντος,
1020 337 1224 410 ἔφησεν
1274 339 1536 394 ἀδύνατον
1583 335 1726 394 εἶναι
1757 342 1901 394 εἰκο-

2006 315 2271 396 ιιτιιιιιιιεί
2294 341 2589 397 Dicendum
2614 352 2698 397 est
2720 328 2899 412 igtur,
2925 348 3066 412 quod
3099 343 3574 412 quandoquidem,

310 431 564 496 νίζεσθαι
601 429 692 482 τον
719 427 978 496 Χριστόν,
1005 429 1148 482 κατὰ
1175 429 1273 500 τὴν
1297 430 1495 502 ἑτέραν
1523 429 1635 484 τῶν
1660 430 1896 500 φύσεων,

309 523 409 578 καὶ
453 521 670 593 β;6αιοί
715 519 877 574 τοῦτο
903 520 1142 598 φάσκων,
1165 520 1306 590 μετὰ
1358 518 1598 592 βραχέαο
1649 539 1669 572 ι
1708 521 1830 575 Ὅτι
1866 523 1901 592 ἡ
1933 555 1938 560 ς

310 613 505 680 εἰκὼν,
546 612 841 684 προσώπου
876 612 1026 665 ἐστὶν
1053 611 1240 676 εἰκὼν,
1278 612 1582 684 καὶταύτῃ
1623 613 1722 684 τὴν
1749 613 1900 667 θείαν

309 707 482 777 φύσιν
529 703 865 776 ἀπρόσουτον
919 701 997 766 ὡς
1053 703 1831 774 ἀπερίγραπτοντυγχάνειν,
1872 720 1893 754 ι

309 799 536 854 πάντως
559 795 700 866 ἴναή
728 792 1026 856 ἀκόλουθος
1050 793 1128 864 τῷ
1155 793 1300 864 λόγῳ
1329 793 1601 857 ἀντίθεσις
1626 791 1898 887 φυλαχθῇ,

307 891 410 944 καὶ
438 889 504 941 ἐκ
529 887 622 940 τοῦ
646 883 1015 940 ἁνεικόνιστον
1026 883 1272 950 δοξάζειν
1286 883 1376 936 τὸν
1396 883 1653 954 Χριστὸν,
1674 883 1898 956 ’ἀπρόσ-

307 993 468 1036 ωπον
511 977 780 1041 ὡσαύτως
841 977 936 1030 ἐπὶ
969 982 1070 1048 της
1107 977 1302 1047 ἑτέρας
1335 975 1447 1029 τῶν
1483 976 1699 1043 φύσεων
1739 977 1900 1029 αὑτὸν

308 1073 628 1142 είσαγάγοι.
665 1069 780 1129 Καὶ
816 1067 974 1122 τοῦτό
1021 1071 1139 1122 ἐστι
1179 1069 1342 1122 πάλιν
1386 1067 1670 1121 ἀδύνατον.
1709 1065 1900 1133 Ἕλεξε

307 1167 424 1238 γὰρ
451 1165 518 1220 ἂν
546 1161 793 1235 βιασθεὶς
814 1160 1116 1226 κάνταῦθα,
1136 1159 1218 1214 ὅτι
1248 1149 1558 1212 ου’δυνατδν
1591 1160 1684 1214 ἐπὶ
1711 1158 1805 1214 τοῦ
1835 1161 1901 1213 ἐκ

304 1260 410 1313 δύο
443 1259 662 1328 φύσεων
695 1257 754 1308 ὲν
801 1254 881 1306 ἐνὶ
932 1250 1214 1322 προσώπῳ
1266 1251 1421 1314 δντος
1449 1291 1466 1316 ,
1517 1252 1612 1305 ἐπὶ
1639 1250 1738 1322 τῆς
1770 1251 1900 1322 μιᾶς

309 1324 542 1420 φῦσεως
574 1324 867 1420 πρόσωπον
907 1345 1280 1399 ἁνεικόνιστον
1323 1341 1466 1399 εἶναι
1487 1385 1502 1409 ,
1548 1343 1644 1398 καὶ⁵
1676 1343 1770 1396 επὶ
1801 1345 1900 1413 τῆς

314 1445 454 1516 μιᾶς
479 1441 813 1514 ἀπρόσωπον
852 1439 1168 1508 τυγχάνειν,
1224 1437 1318 1490 καὶ
1359 1435 1517 1506 ψιλὸν
1559 1434 1724 1507 μόνον
1764 1433 1900 1488 Θεὸν

311 1534 563 1590 νοεῖσθαι
610 1533 704 1586 τὸν
731 1529 1006 1602 Χριστὸν,
1042 1529 1138 1582 καὶ
1159 1528 1262 1582 ἰπὶ
1289 1529 1392 1598 τῆς
1435 1527 1690 1596 θεότητος
1733 1524 1898 1580 αὐτοῦ
1949 1559 1952 1563 -

315 1627 495 1697 μόνης
524 1622 820 1694 πρόσωπον
847 1619 1070 1683 διδόναι,
1105 1618 1200 1672 καὶ
1248 1617 1324 1690 μὴ
1355 1616 1642 1682 είκονίζειν
1689 1614 1853 1670 αὐτόν
1881 1628 1896 1644 ⁸

311 1687 972 1776 καθέντδ-άνεικόνιστον,
1004 1687 1480 1780 προσώπουνὲστὶν
1511 1708 1896 1762 ἀνεικόνιστον⁶
1931 1687 1976 1743 Β

313 1807 415 1862 aut
449 1808 483 1877 ὴ
540 1801 680 1876 σάρξ
723 1805 842 1856 ἐστι
877 1800 1252 1872 περιγραπτή.
1281 1799 1475 1864 ῡῦτως
1519 1795 1613 1853 οὖν
1649 1799 1742 1852 ἐπὶ
1787 1800 1900 1860 τοῖς

313 1896 746 1970 προειρημένοις
778 1891 930 1962 αὐτῷ
981 1891 1230 1956 ἀτόποις,
1285 1889 1488 1961 ὁμοίως
1543 1889 1638 1944 καὶ
1691 1887 1760 1942 τὰ
1807 1887 1903 1940 νῦν

314 1988 734 2059 ἀναφαινόμενα
777 1985 976 2039 ἄτοπα.
1008 1983 1117 2036 Καὶ⁴
1153 1982 1262 2053 γάρ
1291 1981 1353 2035 τὸ
1383 1980 1775 2052 ἀμφίκρημνον
1801 1978 1904 2032 οὐκ

314 2079 589 2144 ἐξέκλινε,
620 2077 740 2138 ταῖς
763 2073 872 2127 τῶν
892 2071 1111 2126 οἰκείων
1136 2069 1313 2138 λόγων
1341 2068 1530 2124 συνόού
1539 2084 1700 2140 μενος
1731 2067 1906 2140 ἄρκυ-

316 2189 405 2229 σιν
429 2189 446 2206 ο
477 2169 604 2224 ἐπεὶ
630 2167 819 2238 ἐδέησέ
851 2181 914 2234 γε
956 2165 1050 2218 καὶ
1103 2163 1178 2235 μὴ
1213 2162 1523 2234 βουλομένῳ
1577 2159 1745 2231 αὐτῷ,
1781 2159 1904 2212 καί·

313 2277 400 2314 τοι
430 2259 600 2313 πολλὰ
639 2257 769 2328 περὶ
800 2253 894 2309 τοῦ
929 2251 1352 2323 άπεριγράπτου
1385 2250 1640 2319 καμόντι,
1683 2249 1774 2300 καὶ
1810 2263 1932 2310 κεο,

315 2351 684 2420 νολογήσαντι
739 2346 987 2412 πλείονα,
1023 2343 1400 2416 περιγραπτδν
1447 2340 1782 2412 ὁμολογῆσαι
1810 2338 1902 2392 τὸν

317 2441 517 2506 Λόγον,
564 2438 654 2492 ἵνα
689 2437 766 2508 μὴ
811 2435 1102 2507 πρόσωπον
1145 2432 1329 2496 tame;
1359 2432 1452 2484 ἐπὶ
1500 2430 1604 2500 τῆς
1651 2429 1902 2500 θεότητος

316 2530 491 2585 αὐτοῦ
521 2529 736 2595 είσάγοι
771 2527 964 2598 μόνης,
994 2527 1089 2579 καὶ
1111 2526 1146 2595 ἡ
1176 2525 1314 2597 σὰρξ
1327 2519 1664 2593 καταλειφθῇ
1691 2520 1902 2592 ἀπρόσ-

310 2639 492 2684 ωπος.
547 2619 618 2672 Ἦ
679 2618 902 2680 πάντως
987 2633 1051 2685 γε
1103 2615 1420 2686 λελείψεται·
1456 2615 1689 2684 ἀόρατον
1739 2612 1902 2666 αὐτὸν

313 2715 536 2770 οῐεσθαι
567 2714 662 2768 καὶ
683 2713 870 2785 ἀναφῆ
884 2714 978 2766 καὶ
1001 2711 1210 2782 ἀπαθῆ,
1233 2711 1408 2764 καὶτὸ
1435 2711 1556 2764 ὅλον
1581 2711 1757 2762 εἰπεῖν
1789 2723 1903 2780 μη-

315 2809 376 2862 δὲ
407 2808 594 2878 σάρκα
620 2805 997 2876 ἀνειληφέναι.
1031 2805 1140 2860 Καὶ
1169 2803 1290 2868 πῶς
1338 2801 1664 2874 ἐκφεύξεται
1711 2802 1774 2855 τὸ
1800 2801 1904 2873 τῆς

314 2900 600 2970 δοκήσεως
651 2897 748 2952 καὶ
781 2896 1085 2967 φαντασίας
1115 2894 1478 2968 βλάσφημον;
1527 2893 1698 2948 Τοῦτο
1729 2893 1796 2968 δὴ
1839 2892 1902 2948 τὸ

314 2993 620 3064 πρόσωπον
671 2991 766 3045 καὶ¹
819 2989 919 3061 τὴν
971 2989 1272 3043 ὑπόστασιν
1313 2987 1491 3058 ἁπλῆν
1527 2987 1626 3058 μὲν
1667 2986 1806 3051 τέως
1837 2985 1900 3040 οὐ
1929 3027 1975 3090 c

315 3085 478 3153 λέγει
507 3081 652 3137 εἶναι
677 3097 692 3114 θ
730 3081 762 3152 ἦ
797 3082 908 3152 γάρ
939 3079 1009 3136 ἂν
1036 3081 1098 3133 τὸ
1130 3081 1240 3136 πᾶν
1268 3080 1368 3152 τῆς
1400 3079 1716 3149 οἰκονομίας
1751 3080 1902 3132 ἀνεῖ-

317 3178 438 3241 λεν,
472 3177 615 3247 ὅπερ
645 3173 742 3228 νῦν
773 3173 1036 3246 ἄντικρυς
1064 3174 1240 3227 εἰπεῖν
1259 3173 1518 3237 δέδοικεν,
1544 3171 1620 3235 ὡς
1640 3169 1708 3224 ἂν
1733 3172 1905 3240 ἔκφα-

317 3271 442 3342 νείη
474 3269 657 3323 πάντα
686 3268 872 3322 κυκῶν
909 3267 1001 3320 καὶ
1029 3265 1336 3321 κατασείων
1366 3265 1434 3319 τὰ
1466 3265 1590 3319 καθ’
1618 3265 1767 3336 ἡμᾶς
1797 3281 1902 3333 μυ.

320 3365 551 3432 στήρια.
589 3359 662 3413 Τὸ
713 3361 822 3430 γὰρ
854 3357 1017 3428 φύσει
1059 3358 1303 3423 ἁπλοῦν,
1335 3357 1460 3412 οὕτε
1491 3355 1743 3428 ὁρᾶσθαι,
1780 3352 1906 3408 οὔτε

315 3451 714 3506 είδοποιείσθαι
736 3493 752 3517 ,
789 3450 912 3504 οὔτε
949 3451 1181 3520 πάσχειν
1213 3467 1267 3504 τι
1309 3448 1432 3502 καθ’
1473 3446 1757 3502 ὁντιναοῦν
1782 3445 1908 3517 τρό-

316 3561 426 3598 πον
455 3544 707 3612 πέφυκεν
730 3559 747 3576 ο
780 3542 993 3605 ἀπαθὲς
1023 3543 1132 3615 γὰρ
1161 3543 1256 3596 καὶ
1283 3541 1564 3612 ἄφθαρτον
1595 3540 1690 3592 καὶ
1732 3537 1906 3608 πάντη

317 3636 579 3706 ἄληπτον
613 3635 709 3688 καὶ
737 3635 1119 3706 ἀπερινόητον,
1145 3633 1316 3686 Τοῦτο
1347 3633 1404 3686 δὲ
1425 3633 1478 3684 τί
1508 3631 1575 3684 ἂν
1600 3630 1682 3699 εἴη
1713 3629 1843 3684 ἄλλο
1871 3627 1906 3700 ἢ

314 3727 495 3794 θε6ς;
545 3727 719 3781 Τοῦτο
749 3723 844 3780 οὖν
878 3727 938 3780 οὐ
991 3727 1165 3794 λέγει,
1222 3725 1477 3778 σύνθετον
1521 3723 1579 3781 δὲ
1611 3723 1704 3776 καὶ
1746 3721 1910 3784 αὐτὸς

315 3819 504 3887 αὐτῆς
547 3818 926 3890 ὡμολόγησεν,
975 3815 1146 3871 είπὼν
1193 3819 1259 3870 ix
1291 3815 1386 3870 δύο
1419 3815 1636 3884 φύσεων
1681 3812 1910 3882 γεγενῆ-

320 3911 496 3979 σθαι,
534 3912 640 3966 κᾶν
672 3910 1006 3982 ταμιεύηται
1041 3909 1138 3965 νῦν
1166 3909 1226 3964 ὃν
1275 3910 1425 3963 δοκεῖ
1469 3907 1670 3979 τρόπον
1716 3904 1909 3959 συνθέ-

316 4018 490 4068 σεως.
525 4003 860 4074 Τεχνάζεται
889 4003 998 4073 γὰρ
1041 4003 1132 4058 διὰ
1157 4004 1258 4074 τῆς
1299 4003 1429 4071 μιᾶς
1464 4000 1561 4055 τοῦ
1607 3997 1912 4070 ἁπεριγρά-

316 4111 464 4149 mu
493 4096 701 4166 φωνῆς,
731 4094 827 4149 καὶ
847 4095 1016 4151 τᾶλλα
1042 4095 1221 4150 πάντα
1245 4093 1457 4150 ἀνελεῖν
1481 4091 1767 4164 ἰδιώματα.

2005 447 2110 484 una
2159 431 2459 486 essistente
2514 429 2720 486 Christi
2786 442 3040 500 persona.
3117 429 3451 500 impossibile
3500 435 3578 487 ait

2005 523 2284 578 Christum
2331 522 2568 592 ﬁgurare
2609 519 2873 584 in,aitera
2905 535 2971 575 ex
3005 519 3122 589 ejus
3145 523 3379 588 naturis,
3415 523 3576 594 idque

2001 611 2163 680 paulo
2195 621 2314 682 post
2358 610 2645 666 conﬁrmat
2676 611 2904 666 dicens:
2945 629 2966 664 ι
3002 610 3140 678 Quia
3185 611 3303 666 icon
3339 622 3422 668 est
3450 628 3575 684 per-

2003 717 2151 756 sona:
2206 703 2351 768 icon,
2397 702 2630 772 ideoque
2669 717 2958 771 personam
3006 704 3189 758 divina
3229 713 3420 758 natura
3466 720 3574 760 non

2006 792 2188 860 habet,
2243 794 2370 862 quia
2429 793 2896 864 incircumscripla
2925 803 3028 860 est,
3070 813 3088 847 ι
3134 795 3422 850 dicendum
3467 797 3576 860 est,

2005 881 2248 951 inquam,
2275 891 2334 936 ut
2365 891 2732 951 consentanea
2781 883 3022 936 sermoni
3057 893 3306 938 servetur
3337 883 3575 937 antithe.

2003 974 2101 1035 sis,
2139 973 2208 1027 ob
2234 974 2284 1028 id
2327 975 2491 1029 etiam
2529 973 2673 1044 quod
2707 973 2958 1030 Christus
3007 973 3231 1044 ﬁgurari
3281 989 3442 1046 posse
3469 991 3574 1030 non

2005 1063 2288 1128 credatur,
2317 1079 2444 1120 eum
2480 1062 2596 1120 fore
2653 1065 2904 1120 similiter
2947 1066 2998 1118 in
3050 1066 3223 1121 altera
3252 1077 3570 1121 naturarum

2004 1171 2225 1210 suarum
2285 1156 2494 1226 absque
2545 1169 2796 1226 persona.
2850 1156 3020 1212 Porro
3067 1157 3168 1212 hoc
3214 1157 3453 1213 vicissim
3492 1167 3578 1212 est

2004 1247 2364 1319 impossibile.
2395 1246 2528 1302 Nam
2555 1258 2611 1304 et
2637 1249 2740 1304 hoc
2780 1249 2898 1304 loco
2943 1258 3162 1306 coactus
3197 1251 3406 1305 diceret
3473 1252 3575 1305 im-

2005 1340 2262 1410 possibile
2293 1354 2414 1396 esse
2450 1357 2599 1408 eum,
2650 1342 2740 1411 qui
2797 1355 2860 1396 ex
2891 1341 3101 1395 duabus
3138 1343 3350 1396 naturis
3381 1343 3434 1396 in
3469 1358 3574 1396 una
3629 1391 3647 1398 -

2006 1448 2234 1503 persona
2261 1435 2510 1500 exsistat,
2542 1450 2646 1487 una
2685 1435 2901 1504 quidem
2934 1435 2984 1488 in
3012 1444 3204 1488 natura
3231 1450 3356 1490 esse
3379 1435 3576 1506 inﬁgu-

2005 1521 2248 1587 rabilem,
2285 1523 2336 1576 in
2385 1521 2556 1578 altera
2590 1531 2770 1577 autem
2803 1539 2925 1578 esse
2979 1525 3421 1594 impersonalem,
3451 1527 3578 1580 sim-

2005 1613 2307 1684 plicemque
2336 1625 2392 1671 et
2421 1616 2794 1670 tantummodo
2822 1615 2988 1671 Deum
3017 1617 3244 1685 intelligi
3271 1617 3574 1680 Christum;

2005 1717 2166 1778 atque
2201 1707 2315 1779 ejus
2340 1709 2441 1764 soli
2469 1709 2658 1764 deitati
2695 1725 2982 1780 personam
3012 1710 3436 1774 concedendam,
3469 1728 3576 1766 nun

2005 1809 2186 1854 tamen
2230 1801 2480 1857 eumdem
2527 1802 2901 1873 figurandum;
2955 1811 3226 1872 quatenus
3278 1803 3420 1870 quod
3454 1803 3578 1856 inli-

2005 1891 2249 1962 gurabile
2280 1901 2385 1957 est,
2444 1891 2608 1960 hujus
2635 1908 2868 1963 persona
2898 1900 2983 1948 est
3030 1893 3422 1965 inﬂgurabilis;
3450 1910 3577 1950 caro

2004 1993 2184 2038 autem
2215 1983 2635 2053 circumscripta
2669 1993 2770 2038 est.
2805 1984 2896 2039 Sic
2941 1997 3071 2054 ergo
3117 1994 3318 2054 prmter
3373 2001 3535 2055 supra
3559 2015 3600 2054 ο,

2005 2074 2146 2130 dicta
2179 2075 2296 2146 ejus
2321 2075 2581 2140 absurda,
2612 2077 2904 2147 praesentia
2929 2091 3150 2148 quoque
3189 2077 3334 2132 haud
3363 2079 3576 2133 minore

2005 2163 2346 2220 absurditate
2377 2164 2649 2220 laborant.
2684 2164 2817 2220 Nam
2842 2165 3038 2235 duplex
3074 2167 3435 2238 praecipitium
3469 2184 3574 2222 non

2006 2255 2217 2322 vitavit,
2297 2271 2518 2310 suorum
2593 2255 2890 2326 implicitus
2967 2257 3254 2313 verborum
3315 2257 3572 2314 retibus:

2005 2345 2259 2416 quoniam
2295 2346 2371 2400 illi
2409 2361 2632 2402 necesse
2657 2345 2762 2401 fuit
2790 2346 2955 2402 etiam
2981 2347 3176 2412 invito,
3213 2348 3315 2403 etsi
3347 2349 3574 2404 multum

2005 2452 2102 2506 pro
2149 2435 2627 2508 incircumscripto
2676 2436 3043 2506 laboraverat,
3101 2437 3380 2508 multaque
3436 2454 3574 2492 vana

2003 2527 2239 2591 dixerat,
2279 2528 2756 2599 circumscriptum
2790 2529 3024 2585 Verbum
3049 2529 3322 2598 confiteri,
3347 2546 3416 2587 ne
3451 2545 3577 2602 per-

2003 2635 2192 2676 sonam
2221 2634 2469 2676 seorsum
2513 2621 2566 2675 in
2623 2623 2747 2692 ejus
2799 2630 3011 2678 tantum
3055 2624 3258 2692 deitate
3282 2635 3576 2688 statueret.

2003 2727 2133 2770 caro
2155 2722 2334 2770 autem
2363 2713 2739 2786 impersonalis
2772 2726 3036 2771 maneret.
3061 2714 3159 2771 Vel
3190 2732 3348 2773 secus
3378 2733 3576 2786 supcr-

2002 2805 2107 2860 erit
2135 2805 2210 2870 ei,
2245 2814 2304 2860 ut
2332 2805 2606 2862 existimet
2636 2805 2868 2862 Verbum
2916 2824 3038 2864 esse
3072 2810 3360 2875 invisibile,
3394 2811 3579 2888 intan-

2003 2897 2187 2966 gibile,
2249 2899 2608 2969 impassibile,
2661 2901 2715 2954 in
2752 2916 2961 2955 smnma
2992 2916 3060 2956 ne
3103 2917 3323 2958 carnem
3349 2903 3570 2973 quidem

2006 2991 2386 3059 assumpsisse.
2421 2991 2706 3060 Quomodo
2740 3002 2918 3047 autem
2941 2993 3135 3049 vitabit
3168 2993 3492 3050 Docetarum
3520 3006 3576 3049 et

2005 3078 2512 3136 Phantasiastarum
2557 3082 2994 3153 blasphemiam?
3033 3085 3185 3139 lianc
3221 3100 3352 3140 vero
3381 3100 3573 3156 pereo.

2006 3187 2131 3226 nam
2167 3180 2219 3227 et
2257 3173 2592 3246 hypostasim
2625 3189 2968 3246 nequaquam
3022 3177 3324 3246 simplicem
3355 3179 3572 3234 interim

2006 3263 2163 3330 dicit;
2192 3264 2395 3334 alioqui
2451 3273 2622 3320 totum
2655 3267 2973 3320 oeconomia:
3001 3269 3276 3338 negotium
3317 3271 3562 3326 sustulit»

2006 3361 2108 3418 set,
2138 3355 2280 3424 quod
2310 3367 2454 3408 nunc
2480 3353 2692 3424 liquido
2756 3353 3024 3410 allii-mare
3081 3369 3339 3425 veretur;
3397 3360 3469 3414 ita
3517 3370 3574 3412 ut

2007 3437 2203 3500 Cuncta
2241 3443 2570 3514 permiscere
2609 3452 2667 3498 et
2720 3445 3070 3514 pessumdare
3105 3447 3361 3518 mysteria
3390 3457 3572 3503 nostra

2010 3536 2275 3590 videatur.
2311 3533 2446 3589 Nam
2483 3535 2628 3606 quod
2655 3535 2976 3592 naturaliter
3001 3537 3233 3608 simplex
3265 3549 3369 3604 est,
3401 3554 3576 3610 neque

2008 3623 2179 3689 cerni,
2216 3638 2390 3693 neque
2421 3625 2826 3692 repraesentari,
2867 3641 3044 3696 neque
3069 3627 3274 3698 aliquid
3317 3629 3430 3700 pati
3467 3631 3578 3684 ullo

2010 3715 2170 3772 modo
2196 3725 2407 3786 potest:
2437 3723 2522 3771 est
2554 3716 2697 3770 enim
2749 3717 3106 3784 impassibile,
3141 3719 3575 3792 ittcorrttplibile,

2009 3821 2231 3878 prorsus
2257 3807 2812 3876 incomprehensibile
2831 3819 2887 3864 et
2929 3825 3037 3865 non
3067 3809 3430 3884 intelligibile.
3470 3813 3580 3868 lluc

2012 3915 2140 3957 vero
2163 3899 2291 3970 quid
2317 3907 2401 3954 est
2436 3898 2602 3965 aliud,
2646 3900 2749 3956 nisi
2783 3899 2966 3958 Deus?
2987 3899 3355 3974 Cotnpositam
3399 3917 3577 3961 autem

2011 3993 2128 4062 ipse
2159 4005 2377 4062 quoque
2396 3991 2642 4047 eamdem
2674 3992 3014 4066 (personam)
3040 3995 3321 4053 confessus
3349 4007 3434 4053 est
3456 4015 3578 4052 cum

1903 4115 1912 4122 -
2012 4083 2148 4140 dixit
2173 4097 2291 4138 eam
2327 4096 2396 4138 ex
2423 4083 2634 4139 duabus
2664 4085 2880 4140 naturis
2899 4086 3120 4142 conﬁeri
3148 4106 3164 4152 ς
3192 4089 3412 4144 etiamsi
3440 4090 3580 4145 celat

317 4205 474 4246 nunc
521 4205 680 4258 quem
729 4189 875 4242 dit-at
919 4189 1136 4242 modum
1189 4186 1622 4256 compositionis.
1679 4183 1897 4238 Molitur
1965 4177 2108 4236 enim
2143 4188 2252 4230 uno
2305 4174 2767 4246 incircumscripti
2827 4179 3092 4235 vocabulo
3139 4191 3366 4238 caeteras
3389 4201 3580 4243 omnes

317 4284 548 4342 abolere
571 4282 953 4350 proprietates.

399 4375 668 4431 Σύνθετον
691 4375 750 4429 δὲ
782 4376 847 4428 ὲκ
871 4373 984 4427 τῶν
1006 4373 1268 4428 ἐναντίων
1299 4371 1472 4444 αὑτήν
1505 4388 1687 4442 φαμεν
1719 4372 1902 4442 ἡμεῖς,

2075 4369 2188 4439 Age
2220 4382 2355 4423 vero
2399 4369 2598 4424 Christi
2629 4385 2918 4440 personam
2951 4387 3017 4426 ex
3051 4372 3260 4428 duobus
3291 4378 3583 4432 contrariis
3670 4373 3681 4391 ⁸

321 4465 477 4520 καθὰ
501 4464 568 4534 δὴ
591 4465 640 4517 0i
665 4463 918 4536 θεηγόροι
947 4464 1264 4520 διδάσκουσι
1297 4464 1600 4533 φάσκοντες
1618 4480 1632 4494 ο
1657 4483 1675 4516 ι
1703 4461 1907 4534 [19031-

321 4559 436 4612 θὼν
485 4557 542 4610 δὲ
584 4556 719 4619 Θεὸς
754 4557 895 4624 μετὰ
923 4557 1024 4623 τῆς
1060 4555 1445 4626 προσλήψεως,
1479 4553 1538 4607 ἓν
1571 4555 1636 4607 ὲκ
1665 4553 1760 4606 δύο
1798 4552 1910 4606 τῶν

323 4650 612 4712 ἐναντίων,
633 4646 836 4717 σαρκός
853 4646 912 4700 τὲ
929 4664 1072 4719 φημι
1101 4647 1196 4700 καὶ
1223 4645 1555 4716 πνεύματος.
1572 4665 1590 4697 ι
1613 4644 1905 4700 Ἀδύνατον

323 4742 438 4810 γάρ
467 4739 564 4794 δύο
587 4738 780 4808 φύσεις
802 4739 885 4802 είς
913 4737 1031 4800 ἑνός
1055 4754 1200 4800 τινος
1219 4736 1459 4809 ὓπαρξιν
1482 4737 1904 4808 συνερχομένας,

327 4832 405 4904 μὴ
440 4827 584 4884 εἶναι
635 4827 888 4891 ἐναντίας
937 4829 1034 4880 καὶ
1059 4827 1351 4900 διαφόρους
1373 4866 1388 4891 ,
1419 4821 1495 4881 ὧν
1532 4827 1594 4880 τὸ
1621 4826 1900 4898 διάφορον.

322 4923 422 4976 καὶ
465 4923 494 4972 ό
527 4917 760 4990 ἀριθμὸς
811 4915 1140 4986 παρίστησιν
1165 4931 1178 4946 ·
1229 4913 1312 4979 οἷς
1351 4915 1458 4985 γὰρ
1504 4913 1838 4967 συντεθείσιν
1876 4915 1905 4967 ὁ

324 5006 564 5078 ἀριθμὸς
592 5003 1016 5075 ἐπιφημισθείη,
1047 5005 1105 5057 τὸ
1139 5003 1433 5073 ἑτεροφυὲς
1454 5002 1564 5056 τῶν
1587 5001 1905 5074 ἠριθμημέ-

324 5118 434 5154 ww
458 5101 778 5167 εισήγαγεν.
808 5096 870 5151 Et
917 5095 1024 5166 γάρ
1058 5096 1256 5150 ταύτὸν
1284 5091 1416 5164 εἷεν,
1447 5097 1509 5150 οὐ
1547 5095 1642 5150 δύο
1673 5096 1742 5150 ἂν
1769 5091 1902 5159 εἷεν,

322 5189 466 5248 ἀλλὰ
515 5189 636 5260 μία.
693 5188 818 5251 Πῶς
857 5187 964 5258 γάρ
1009 5189 1102 5239 ἐπὶ
1153 5188 1254 5274 τῆς
1299 5189 1430 5258 μιᾶς
1471 5189 1572 5241 καὶ
1599 5189 1702 5257 τῆς
1733 5189 1906 5258 αὐτῆς

329 5281 586 5340 τύνθεσιν
640 5278 896 5346 γενέσθαι
943 5279 1208 5346 δυνατόν;
1261 5279 1325 5334 ’Π
1366 5281 1474 5352 γὰρ
1525 5279 1812 5344 σύνθεσις,
1843 5283 1907 5334 τὸ.

322 5378 586 5444 διάφορον
642 5369 752 5422 τῶν
790 5369 1217 5440 συντρεχόντων,
1253 5370 1288 5425 ἃ
1338 5371 1401 5443 δὴ
1430 5372 1525 5425 καὶ
1582 5370 1902 5441 ἑτεροούσια

324 5455 474 5516 εἶναι
508 5459 680 5530 δηλοῖ.
715 5458 828 5511 Καὶ
842 5457 1079 5512 πειθέτω
1105 5458 1276 5514 ταῦτα
1297 5461 1325 5512 ό
1349 5459 1524 5528 λέγων
1543 5474 1556 5488 ·
1591 5477 1609 5510 ι
1641 5458 1811 5514 Οὕπω
1829 5455 1898 5531 ἦν

2011 4461 2365 4530 compositam
2402 4461 2636 4517 dicimus
2677 4459 2796 4528 nos,
2824 4472 2982 4532 prout
3024 4465 3254 4536 theologi
3287 4467 3373 4522 his
3406 4470 3584 4524 verbis

2009 4553 2207 4608 docent
2223 4552 2347 4624 (52)
2382 4570 2396 4607 :
2435 4571 2455 4606 ι
2489 4551 2804 4610 Procedens
2834 4553 2979 4611 Deus
3008 4563 3132 4611 ctam
3164 4569 3440 4631 assumpta
3484 4562 3583 4616 lm-

2011 4645 2291 4712 mauitate,
2351 4662 2518 4702 unum
2567 4660 2634 4702 ex
2670 4647 2881 4702 duobus
2933 4649 3344 4718 dissidentibus,
3394 4668 3580 4720 carne,

2010 4736 2255 4807 inquam,
2302 4747 2354 4792 et
2405 4738 2620 4807 spiritu.
2650 4759 2669 4790 ι
2715 4736 3047 4808 ltitpossibile
3068 4749 3154 4796 est
3177 4741 3323 4797 enim
3357 4754 3582 4799 naturas

2011 4827 2148 4883 duas
2176 4829 2227 4882 in
2253 4845 2416 4884 unam
2449 4831 2860 4886 subsistentiam
2877 4841 3266 4888 concurrentes
3289 4834 3434 4891 haud
3462 4851 3584 4890 eSse

2011 4921 2291 4988 oppositas
2323 4936 2386 4976 ac
2421 4919 2772 4988 dili'erentes;
2807 4937 3037 4992 quarum
3075 4927 3450 4984 diversitatem
3499 4931 3578 4983 vel

2015 5011 2132 5080 ipse
2173 5025 2434 5066 numerus
2484 5013 2688 5069 iudicat
2717 5031 2731 5068 :
2765 5015 2833 5070 de
2865 5015 3063 5083 quibus
3097 5018 3242 5072 enim
3266 5020 3586 5088 compositis

2015 5117 2274 5157 numerus
2307 5105 2650 5172 praedicatur,
2685 5122 2872 5162 eorum
2896 5123 3114 5180 quoque
3139 5110 3354 5168 diversa
3388 5123 3582 5166 [lallll‘t

2013 5205 2256 5266 apparet.
2291 5193 2427 5248 Nam
2458 5195 2502 5250 si
2537 5197 2676 5252 idem
2711 5211 2916 5264 essent,
2943 5200 3057 5270 jam
3084 5217 3189 5256 non
3224 5204 3342 5256 duas
3375 5211 3581 5254 natura:
3623 5250 3629 5255 .

2011 5294 2218 5348 essent,
2255 5285 2350 5340 sed
2393 5301 2524 5342 una.
2553 5287 2690 5342 Nam
2732 5305 2853 5360 qua:
2891 5293 3008 5346 ﬁeri
3052 5302 3227 5362 potest
3259 5291 3580 5358 compositio

2011 5373 2174 5428 unius
2200 5373 2554 5448 ejusdemque
2579 5381 2824 5435 naturae?
2849 5379 3060 5454 Quippe
3082 5379 3404 5450 compositio
3428 5376 3584 5432 diﬂ‘ec

2013 5465 2244 5520 reutiam
2273 5472 2717 5526 concurrentium
2758 5475 3004 5540 denotat,
3039 5487 3160 5542 quae
3203 5473 3317 5526 hzec
3361 5469 3582 5540 insuper

404 5628 520 5702 (59.)
553 5631 645 5687 Sic
675 5631 790 5687 fere
834 5633 977 5703 loqui
1019 5633 1155 5689 solet
1204 5635 1343 5690 haud
1393 5634 1561 5690 semel
1599 5635 1893 5706 Gregorius
1934 5636 2261 5714 Theologus.

699 5726 964 5788 Ρλτιιοι..
1003 5731 1118 5791 GR.
1153 5730 1221 5790 C.

3130 5743 3205 5805 10
