  <div class='ocr_page' id='page_1' title='image "/cluster/home/n/w/nwhite01/storage/ocr_20150623/100/hvd.32044054111919/155.png"; bbox 0 0 3994 6198; ppageno 0'>
   <div class='ocr_carea' id='block_1_1' title="bbox 358 182 466 258">
    <p class='ocr_par' dir='ltr' id='par_1_1' title="bbox 358 182 466 258">
     <span class='ocr_line' id='line_1_1' title="bbox 358 182 466 258; baseline -0.019 0"><span class='ocrx_word' id='word_1_1' title='bbox 358 182 466 258; x_wconf 69' lang='lat'><strong>9.99</strong></span> 
     </span>
    </p>
   </div>
   <div class='ocr_carea' id='block_1_2' title="bbox 1391 187 2705 252">
    <p class='ocr_par' dir='ltr' id='par_1_2' title="bbox 1391 187 2705 252">
     <span class='ocr_line' id='line_1_2' title="bbox 1391 187 2705 252; baseline -0.009 -1"><span class='ocrx_word' id='word_1_2' title='bbox 1391 192 1450 251; x_wconf 92' lang='lat' dir='ltr'><strong>S.</strong></span> <span class='ocrx_word' id='word_1_3' title='bbox 1492 191 1910 252; x_wconf 78' lang='lat' dir='ltr'><strong>NICEI’HORI</strong></span> <span class='ocrx_word' id='word_1_4' title='bbox 1949 188 2454 250; x_wconf 64' lang='lat' dir='ltr'><strong>PA&#39;l‘liIARCﬂxE</strong></span> <span class='ocrx_word' id='word_1_5' title='bbox 2491 191 2599 248; x_wconf 72' lang='grc' dir='ltr'><strong>(ΣΡ.</strong></span> <span class='ocrx_word' id='word_1_6' title='bbox 2693 187 2705 196; x_wconf 87' lang='grc'><em>’</em></span> 
     </span>
    </p>
   </div>
   <div class='ocr_carea' id='block_1_3' title="bbox 3517 185 3632 251">
    <p class='ocr_par' dir='ltr' id='par_1_3' title="bbox 3517 185 3632 251">
     <span class='ocr_line' id='line_1_3' title="bbox 3517 185 3632 251; baseline 0 0"><span class='ocrx_word' id='word_1_7' title='bbox 3517 185 3632 251; x_wconf 78' lang='lat'><strong>300</strong></span> 
     </span>
    </p>
   </div>
   <div class='ocr_carea' id='block_1_4' title="bbox 360 295 1953 376">
    <p class='ocr_par' dir='ltr' id='par_1_4' title="bbox 360 299 1930 376">
     <span class='ocr_line' id='line_1_4' title="bbox 360 299 1930 376; baseline -0.003 -17"><span class='ocrx_word' id='word_1_8' title='bbox 360 309 722 376; x_wconf 72' lang='lat' dir='ltr'><strong>heterogenea</strong></span> <span class='ocrx_word' id='word_1_9' title='bbox 769 318 889 358; x_wconf 76' lang='lat' dir='ltr'><strong>esse</strong></span> <span class='ocrx_word' id='word_1_10' title='bbox 932 303 1223 374; x_wconf 79' lang='lat' dir='ltr'><strong>signiﬁcat.</strong></span> <span class='ocrx_word' id='word_1_11' title='bbox 1280 299 1424 357; x_wconf 87' lang='lat' dir='ltr'><strong>Satis</strong></span> <span class='ocrx_word' id='word_1_12' title='bbox 1469 303 1570 355; x_wconf 91' lang='lat' dir='ltr'><strong>hoc</strong></span> <span class='ocrx_word' id='word_1_13' title='bbox 1602 300 1760 355; x_wconf 85' lang='lat' dir='ltr'><strong>nobis</strong></span> <span class='ocrx_word' id='word_1_14' title='bbox 1805 315 1930 370; x_wconf 87' lang='lat' dir='ltr'><strong>per-</strong></span> 
     </span>
    </p>
   </div>
   <div class='ocr_carea' id='block_1_5' title="bbox 2061 295 3626 376">
    <p class='ocr_par' dir='ltr' id='par_1_5' title="bbox 2061 295 3626 372">
     <span class='ocr_line' id='line_1_5' title="bbox 2061 295 3626 372; baseline 0.002 -23"><span class='ocrx_word' id='word_1_15' title='bbox 2061 303 2227 371; x_wconf 78' lang='grc' dir='ltr'>ιρᾶμα</span> <span class='ocrx_word' id='word_1_16' title='bbox 2261 300 2320 365; x_wconf 79' lang='grc' dir='ltr'>ἐξ</span> <span class='ocrx_word' id='word_1_17' title='bbox 2345 301 2696 372; x_wconf 73' lang='grc' dir='ltr'><strong>ἀμφοτέρων,</strong></span> <span class='ocrx_word' id='word_1_18' title='bbox 2749 299 2870 352; x_wconf 82' lang='grc' dir='ltr'>ούδέ</span> <span class='ocrx_word' id='word_1_19' title='bbox 2902 318 2986 363; x_wconf 81' lang='grc' dir='ltr'><strong>τις</strong></span> <span class='ocrx_word' id='word_1_20' title='bbox 3014 295 3160 370; x_wconf 80' lang='grc' dir='ltr'>μίξις</span> <span class='ocrx_word' id='word_1_21' title='bbox 3193 299 3306 352; x_wconf 76' lang='grc' dir='ltr'>τῶν</span> <span class='ocrx_word' id='word_1_22' title='bbox 3339 298 3626 360; x_wconf 72' lang='grc' dir='ltr'>ἐναντίων.</span> 
     </span>
    </p>
   </div>
   <div class='ocr_carea' id='block_1_6' title="bbox 361 393 1931 466">
    <p class='ocr_par' dir='ltr' id='par_1_6' title="bbox 361 393 1931 466">
     <span class='ocr_line' id='line_1_6' title="bbox 361 393 1931 466; baseline -0.004 -13"><span class='ocrx_word' id='word_1_23' title='bbox 361 396 589 453; x_wconf 74' lang='lat' dir='ltr'><strong>suadeat</strong></span> <span class='ocrx_word' id='word_1_24' title='bbox 625 397 672 450; x_wconf 89' lang='lat' dir='ltr'><strong>is</strong></span> <span class='ocrx_word' id='word_1_25' title='bbox 718 396 810 466; x_wconf 85' lang='lat' dir='ltr'><strong>qui</strong></span> <span class='ocrx_word' id='word_1_26' title='bbox 866 395 1002 450; x_wconf 87' lang='lat' dir='ltr'><strong>dicit</strong></span> <span class='ocrx_word' id='word_1_27' title='bbox 1043 411 1058 448; x_wconf 91' lang='lat'><strong>:</strong></span> <span class='ocrx_word' id='word_1_28' title='bbox 1118 415 1136 446; x_wconf 79' lang='grc' dir='ltr'><strong>ε</strong></span> <span class='ocrx_word' id='word_1_29' title='bbox 1174 393 1416 448; x_wconf 82' lang='lat' dir='ltr'><strong>Nondum</strong></span> <span class='ocrx_word' id='word_1_30' title='bbox 1467 401 1586 446; x_wconf 86' lang='lat' dir='ltr'><strong>erat</strong></span> <span class='ocrx_word' id='word_1_31' title='bbox 1633 393 1931 458; x_wconf 73' lang='lat' dir='ltr'><strong>concretio,</strong></span> 
     </span>
    </p>
   </div>
   <div class='ocr_carea' id='block_1_7' title="bbox 361 483 1937 560">
    <p class='ocr_par' dir='ltr' id='par_1_7' title="bbox 361 483 1937 560">
     <span class='ocr_line' id='line_1_7' title="bbox 361 483 1937 560; baseline -0.003 -18"><span class='ocrx_word' id='word_1_32' title='bbox 361 505 539 560; x_wconf 84' lang='lat' dir='ltr'><strong>neque</strong></span> <span class='ocrx_word' id='word_1_33' title='bbox 587 489 778 544; x_wconf 85' lang='lat' dir='ltr'><strong>tnistio</strong></span> <span class='ocrx_word' id='word_1_34' title='bbox 811 487 1210 558; x_wconf 84' lang='lat' dir='ltr'><strong>oppositorum,</strong></span> <span class='ocrx_word' id='word_1_35' title='bbox 1248 504 1264 534; x_wconf 75' lang='grc' dir='ltr'><strong>ι</strong></span> <span class='ocrx_word' id='word_1_36' title='bbox 1304 483 1372 538; x_wconf 86' lang='lat' dir='ltr'><strong>de</strong></span> <span class='ocrx_word' id='word_1_37' title='bbox 1427 485 1678 560; x_wconf 34' lang='lat' dir='ltr'><strong>humano.</strong></span> <span class='ocrx_word' id='word_1_38' title='bbox 1714 499 1937 554; x_wconf 89' lang='lat' dir='ltr'><strong>compo-</strong></span> 
     </span>
    </p>
   </div>
   <div class='ocr_carea' id='block_1_8' title="bbox 361 575 1933 650">
    <p class='ocr_par' dir='ltr' id='par_1_8' title="bbox 361 575 1933 650">
     <span class='ocr_line' id='line_1_8' title="bbox 361 575 1933 650; baseline -0.006 -12"><span class='ocrx_word' id='word_1_39' title='bbox 361 584 466 639; x_wconf 80' lang='lat' dir='ltr'><strong>sito</strong></span> <span class='ocrx_word' id='word_1_40' title='bbox 495 580 609 650; x_wconf 78' lang='lat'><strong>(55)</strong></span> <span class='ocrx_word' id='word_1_41' title='bbox 645 581 922 636; x_wconf 86' lang='lat' dir='ltr'><strong>disserens</strong></span> <span class='ocrx_word' id='word_1_42' title='bbox 962 579 1016 632; x_wconf 83' lang='lat' dir='ltr'><strong>et</strong></span> <span class='ocrx_word' id='word_1_43' title='bbox 1064 577 1300 631; x_wconf 81' lang='lat' dir='ltr'><strong>hominis</strong></span> <span class='ocrx_word' id='word_1_44' title='bbox 1346 575 1646 642; x_wconf 79' lang='lat' dir='ltr'><strong>creatione,</strong></span> <span class='ocrx_word' id='word_1_45' title='bbox 1681 590 1840 644; x_wconf 87' lang='lat' dir='ltr'><strong>quem</strong></span> <span class='ocrx_word' id='word_1_46' title='bbox 1869 590 1933 630; x_wconf 83' lang='lat' dir='ltr'><strong>ex</strong></span> 
     </span>
    </p>
   </div>
   <div class='ocr_carea' id='block_1_9' title="bbox 345 665 1938 747">
    <p class='ocr_par' dir='ltr' id='par_1_9' title="bbox 345 665 1938 747">
     <span class='ocr_line' id='line_1_9' title="bbox 345 665 1938 747; baseline -0.008 -17"><span class='ocrx_word' id='word_1_47' title='bbox 345 673 627 747; x_wconf 23' lang='lat' dir='ltr'><strong>[invisibili</strong></span> <span class='ocrx_word' id='word_1_48' title='bbox 679 669 995 738; x_wconf 80' lang='lat' dir='ltr'><strong>visibiliqne</strong></span> <span class='ocrx_word' id='word_1_49' title='bbox 1044 675 1272 721; x_wconf 80' lang='lat' dir='ltr'><strong>natura’</strong></span> <span class='ocrx_word' id='word_1_50' title='bbox 1291 665 1610 733; x_wconf 83' lang='lat' dir='ltr'><strong>formatum,</strong></span> <span class='ocrx_word' id='word_1_51' title='bbox 1643 665 1938 720; x_wconf 74' lang='lat' dir='ltr'><strong>contrariis</strong></span> 
     </span>
    </p>
   </div>
   <div class='ocr_carea' id='block_1_10' title="bbox 357 753 1938 835">
    <p class='ocr_par' dir='ltr' id='par_1_10' title="bbox 357 753 1938 835">
     <span class='ocr_line' id='line_1_10' title="bbox 357 753 1938 835; baseline -0.007 -14"><span class='ocrx_word' id='word_1_52' title='bbox 357 767 514 835; x_wconf 83' lang='lat' dir='ltr'><strong>juxta</strong></span> <span class='ocrx_word' id='word_1_53' title='bbox 575 753 893 824; x_wconf 67' lang='lat' dir='ltr'><strong>collocatis.</strong></span> <span class='ocrx_word' id='word_1_54' title='bbox 956 759 1182 814; x_wconf 84' lang='lat' dir='ltr'><strong>scimus.</strong></span> <span class='ocrx_word' id='word_1_55' title='bbox 1241 759 1352 813; x_wconf 89' lang='lat' dir='ltr'><strong>Cur</strong></span> <span class='ocrx_word' id='word_1_56' title='bbox 1425 774 1556 828; x_wconf 76' lang='lat' dir='ltr'><strong>ergo</strong></span> <span class='ocrx_word' id='word_1_57' title='bbox 1611 773 1730 812; x_wconf 90' lang='lat' dir='ltr'><strong>cum</strong></span> <span class='ocrx_word' id='word_1_58' title='bbox 1795 758 1938 811; x_wconf 81' lang='lat' dir='ltr'><strong>dicat</strong></span> 
     </span>
    </p>
   </div>
   <div class='ocr_carea' id='block_1_11' title="bbox 363 849 1938 926">
    <p class='ocr_par' dir='ltr' id='par_1_11' title="bbox 363 849 1938 926">
     <span class='ocr_line' id='line_1_11' title="bbox 363 849 1938 926; baseline -0.008 -14"><span class='ocrx_word' id='word_1_59' title='bbox 363 854 721 926; x_wconf 79' lang='lat' dir='ltr'><strong>compositam</strong></span> <span class='ocrx_word' id='word_1_60' title='bbox 754 851 1089 924; x_wconf 78' lang='lat' dir='ltr'><strong>hypostasint</strong></span> <span class='ocrx_word' id='word_1_61' title='bbox 1113 894 1128 916; x_wconf 89' lang='lat'><strong>,</strong></span> <span class='ocrx_word' id='word_1_62' title='bbox 1173 849 1564 906; x_wconf 78' lang='lat' dir='ltr'><strong>convenientes</strong></span> <span class='ocrx_word' id='word_1_63' title='bbox 1598 864 1810 919; x_wconf 89' lang='lat' dir='ltr'><strong>quoque</strong></span> <span class='ocrx_word' id='word_1_64' title='bbox 1841 863 1938 900; x_wconf 91' lang='lat' dir='ltr'><strong>na-</strong></span> 
     </span>
    </p>
   </div>
   <div class='ocr_carea' id='block_1_12' title="bbox 367 935 1938 1013">
    <p class='ocr_par' dir='ltr' id='par_1_12' title="bbox 367 935 1938 1013">
     <span class='ocr_line' id='line_1_12' title="bbox 367 935 1938 1013; baseline -0.008 -13"><span class='ocrx_word' id='word_1_65' title='bbox 367 946 500 1000; x_wconf 89' lang='lat' dir='ltr'><strong>turis</strong></span> <span class='ocrx_word' id='word_1_66' title='bbox 535 945 733 1013; x_wconf 75' lang='lat' dir='ltr'><strong>agnitis</strong></span> <span class='ocrx_word' id='word_1_67' title='bbox 783 940 1079 1009; x_wconf 72' lang='lat' dir='ltr'><strong>qualitates</strong></span> <span class='ocrx_word' id='word_1_68' title='bbox 1103 937 1336 993; x_wconf 82' lang='lat' dir='ltr'><strong>libenter</strong></span> <span class='ocrx_word' id='word_1_69' title='bbox 1379 949 1610 1008; x_wconf 84' lang='lat' dir='ltr'><strong>apteque</strong></span> <span class='ocrx_word' id='word_1_70' title='bbox 1645 953 1750 990; x_wconf 90' lang='lat' dir='ltr'><strong>non</strong></span> <span class='ocrx_word' id='word_1_71' title='bbox 1777 935 1938 990; x_wconf 83' lang='lat' dir='ltr'><strong>attri-</strong></span> 
     </span>
    </p>
   </div>
   <div class='ocr_carea' id='block_1_13' title="bbox 364 1027 1937 1106">
    <p class='ocr_par' dir='ltr' id='par_1_13' title="bbox 364 1027 1937 1106">
     <span class='ocr_line' id='line_1_13' title="bbox 364 1027 1937 1106; baseline -0.009 -12"><span class='ocrx_word' id='word_1_72' title='bbox 364 1037 483 1094; x_wconf 85' lang='lat' dir='ltr'><strong>buit</strong></span> <span class='ocrx_word' id='word_1_73' title='bbox 505 1037 532 1090; x_wconf 80' lang='lat' dir='ltr'><strong>&#39;I</strong></span> <span class='ocrx_word' id='word_1_74' title='bbox 557 1035 698 1088; x_wconf 82' lang='lat' dir='ltr'><strong>Nam</strong></span> <span class='ocrx_word' id='word_1_75' title='bbox 728 1035 772 1090; x_wconf 84' lang='lat' dir='ltr'><strong>si</strong></span> <span class='ocrx_word' id='word_1_76' title='bbox 935 1032 1152 1086; x_wconf 76' lang='lat' dir='ltr'><strong>visiblle</strong></span> <span class='ocrx_word' id='word_1_77' title='bbox 1177 1030 1510 1085; x_wconf 80' lang='lat' dir='ltr'><strong>contrarium</strong></span> <span class='ocrx_word' id='word_1_78' title='bbox 1541 1039 1624 1082; x_wconf 89' lang='lat' dir='ltr'><strong>est</strong></span> <span class='ocrx_word' id='word_1_79' title='bbox 1655 1027 1937 1096; x_wconf 83' lang='lat' dir='ltr'><strong>invisibili,</strong></span> 
     </span>
    </p>
   </div>
   <div class='ocr_carea' id='block_1_14' title="bbox 365 1119 1943 1197">
    <p class='ocr_par' dir='ltr' id='par_1_14' title="bbox 365 1119 1943 1197">
     <span class='ocr_line' id='line_1_14' title="bbox 365 1119 1943 1197; baseline -0.007 -12"><span class='ocrx_word' id='word_1_80' title='bbox 365 1139 420 1184; x_wconf 89' lang='lat' dir='ltr'><strong>et</strong></span> <span class='ocrx_word' id='word_1_81' title='bbox 453 1127 712 1197; x_wconf 74' lang='lat' dir='ltr'><strong>tangibile</strong></span> <span class='ocrx_word' id='word_1_82' title='bbox 765 1124 1185 1197; x_wconf 29' lang='lat' dir='ltr'><strong>intangihilipet</strong></span> <span class='ocrx_word' id='word_1_83' title='bbox 1217 1121 1573 1192; x_wconf 90' lang='lat' dir='ltr'><strong>corruptibile</strong></span> <span class='ocrx_word' id='word_1_84' title='bbox 1614 1119 1943 1189; x_wconf 84' lang='lat' dir='ltr'><strong>incorrupti-</strong></span> 
     </span>
    </p>
   </div>
   <div class='ocr_carea' id='block_1_15' title="bbox 368 1200 1941 1289">
    <p class='ocr_par' dir='ltr' id='par_1_15' title="bbox 368 1200 1941 1289">
     <span class='ocr_line' id='line_1_15' title="bbox 368 1200 1941 1289; baseline -0.01 -9"><span class='ocrx_word' id='word_1_85' title='bbox 368 1223 486 1289; x_wconf 91' lang='lat' dir='ltr'><strong>bili,</strong></span> <span class='ocrx_word' id='word_1_86' title='bbox 531 1233 583 1276; x_wconf 81' lang='lat' dir='ltr'><strong>et</strong></span> <span class='ocrx_word' id='word_1_87' title='bbox 620 1223 774 1289; x_wconf 88' lang='lat' dir='ltr'><strong>siqua</strong></span> <span class='ocrx_word' id='word_1_88' title='bbox 817 1219 923 1272; x_wconf 88' lang='lat' dir='ltr'><strong>alia</strong></span> <span class='ocrx_word' id='word_1_89' title='bbox 957 1200 1166 1286; x_wconf 73' lang='lat' dir='ltr'><strong>pariter</strong></span> <span class='ocrx_word' id='word_1_90' title='bbox 1217 1217 1450 1269; x_wconf 83' lang='lat' dir='ltr'><strong>invicem</strong></span> <span class='ocrx_word' id='word_1_91' title='bbox 1498 1222 1626 1268; x_wconf 88' lang='lat' dir='ltr'><strong>sunt</strong></span> <span class='ocrx_word' id='word_1_92' title='bbox 1669 1211 1941 1282; x_wconf 60' lang='lat' dir='ltr'><strong>opposita,</strong></span> 
     </span>
    </p>
   </div>
   <div class='ocr_carea' id='block_1_16' title="bbox 363 1309 1940 1386">
    <p class='ocr_par' dir='ltr' id='par_1_16' title="bbox 363 1309 1940 1386">
     <span class='ocr_line' id='line_1_16' title="bbox 363 1309 1940 1386; baseline -0.01 -15"><span class='ocrx_word' id='word_1_93' title='bbox 363 1333 538 1386; x_wconf 87' lang='lat' dir='ltr'><strong>eaque</strong></span> <span class='ocrx_word' id='word_1_94' title='bbox 561 1315 613 1368; x_wconf 93' lang='lat' dir='ltr'><strong>in</strong></span> <span class='ocrx_word' id='word_1_95' title='bbox 651 1329 756 1367; x_wconf 88' lang='lat' dir='ltr'><strong>una</strong></span> <span class='ocrx_word' id='word_1_96' title='bbox 781 1310 1088 1377; x_wconf 86' lang='lat' dir='ltr'><strong>eademque</strong></span> <span class='ocrx_word' id='word_1_97' title='bbox 1109 1309 1312 1362; x_wconf 83' lang='lat' dir='ltr'><strong>Christi</strong></span> <span class='ocrx_word' id='word_1_98' title='bbox 1345 1321 1580 1377; x_wconf 86' lang='lat' dir='ltr'><strong>persona</strong></span> <span class='ocrx_word' id='word_1_99' title='bbox 1603 1313 1940 1375; x_wconf 83' lang='lat' dir='ltr'><strong>Spectantur,</strong></span> 
     </span>
    </p>
   </div>
   <div class='ocr_carea' id='block_1_17' title="bbox 364 1397 1945 1480">
    <p class='ocr_par' dir='ltr' id='par_1_17' title="bbox 364 1397 1945 1480">
     <span class='ocr_line' id='line_1_17' title="bbox 364 1397 1945 1480; baseline -0.01 -15"><span class='ocrx_word' id='word_1_100' title='bbox 364 1408 556 1480; x_wconf 89' lang='lat' dir='ltr'><strong>quidni</strong></span> <span class='ocrx_word' id='word_1_101' title='bbox 592 1409 763 1461; x_wconf 85' lang='lat' dir='ltr'><strong>altera</strong></span> <span class='ocrx_word' id='word_1_102' title='bbox 823 1419 1044 1475; x_wconf 88' lang='lat' dir='ltr'><strong>quoque</strong></span> <span class='ocrx_word' id='word_1_103' title='bbox 1092 1401 1456 1456; x_wconf 85' lang='lat' dir='ltr'><strong>antithesisiu</strong></span> <span class='ocrx_word' id='word_1_104' title='bbox 1493 1399 1683 1454; x_wconf 88' lang='lat' dir='ltr'><strong>eodem</strong></span> <span class='ocrx_word' id='word_1_105' title='bbox 1725 1397 1945 1452; x_wconf 73' lang='lat' dir='ltr'><strong>Christo</strong></span> 
     </span>
    </p>
   </div>
   <div class='ocr_carea' id='block_1_18' title="bbox 363 1491 1944 1568">
    <p class='ocr_par' dir='ltr' id='par_1_18' title="bbox 363 1491 1944 1568">
     <span class='ocr_line' id='line_1_18' title="bbox 363 1491 1944 1568; baseline -0.009 -10"><span class='ocrx_word' id='word_1_106' title='bbox 363 1499 726 1568; x_wconf 75' lang='lat' dir='ltr'><strong>spcctabitnr,</strong></span> <span class='ocrx_word' id='word_1_107' title='bbox 753 1495 1232 1565; x_wconf 86' lang='lat' dir='ltr'><strong>circumscriptum</strong></span> <span class='ocrx_word' id='word_1_108' title='bbox 1267 1493 1388 1548; x_wconf 87' lang='lat' dir='ltr'><strong>dico</strong></span> <span class='ocrx_word' id='word_1_109' title='bbox 1437 1501 1494 1548; x_wconf 89' lang='lat' dir='ltr'><strong>et</strong></span> <span class='ocrx_word' id='word_1_110' title='bbox 1538 1491 1944 1547; x_wconf 83' lang='lat' dir='ltr'><strong>incircumscri-</strong></span> 
     </span>
    </p>
   </div>
   <div class='ocr_carea' id='block_1_19' title="bbox 363 1583 1946 1666">
    <p class='ocr_par' dir='ltr' id='par_1_19' title="bbox 363 1583 1946 1666">
     <span class='ocr_line' id='line_1_19' title="bbox 363 1583 1946 1666; baseline -0.008 -18"><span class='ocrx_word' id='word_1_111' title='bbox 363 1593 557 1666; x_wconf 87' lang='lat' dir='ltr'><strong>ptum?</strong></span> <span class='ocrx_word' id='word_1_112' title='bbox 617 1591 752 1646; x_wconf 76' lang='lat' dir='ltr'><strong>Nam</strong></span> <span class='ocrx_word' id='word_1_113' title='bbox 797 1591 888 1658; x_wconf 89' lang='lat' dir='ltr'><strong>qui</strong></span> <span class='ocrx_word' id='word_1_114' title='bbox 949 1603 1168 1643; x_wconf 90' lang='lat' dir='ltr'><strong>carnem</strong></span> <span class='ocrx_word' id='word_1_115' title='bbox 1243 1583 1770 1666; x_wconf 12' lang='lat' dir='ltr'><strong>incircttvmscriptam</strong></span> <span class='ocrx_word' id='word_1_116' title='bbox 1825 1597 1946 1637; x_wconf 85' lang='lat' dir='ltr'><strong>esse</strong></span> 
     </span>
    </p>
   </div>
   <div class='ocr_carea' id='block_1_20' title="bbox 2037 388 3633 462">
    <p class='ocr_par' dir='ltr' id='par_1_20' title="bbox 2037 388 3633 462">
     <span class='ocr_line' id='line_1_20' title="bbox 2037 388 3633 462; baseline 0.024 -20"><span class='ocrx_word' id='word_1_117' title='bbox 2037 392 2169 462; x_wconf 77' lang='grc' dir='ltr'>περὶ</span> <span class='ocrx_word' id='word_1_118' title='bbox 2207 390 2302 443; x_wconf 82' lang='grc' dir='ltr'><strong>τοῦ</strong></span> <span class='ocrx_word' id='word_1_119' title='bbox 2335 392 2680 461; x_wconf 74' lang='grc' dir='ltr'>ανθρωπείου</span> <span class='ocrx_word' id='word_1_120' title='bbox 2727 389 3040 461; x_wconf 66' lang='grc' dir='ltr'><strong>φιλοσοτέῶν</strong></span> <span class='ocrx_word' id='word_1_121' title='bbox 3093 388 3498 460; x_wconf 50' lang='grc' dir='ltr'><strong>συγκρίματθῇ</strong></span> <span class='ocrx_word' id='word_1_122' title='bbox 3533 392 3633 442; x_wconf 58' lang='grc' dir='ltr'><strong>καὶ</strong></span> 
     </span>
    </p>
   </div>
   <div class='ocr_carea' id='block_1_21' title="bbox 2035 469 3635 551">
    <p class='ocr_par' dir='ltr' id='par_1_21' title="bbox 2035 469 3635 551">
     <span class='ocr_line' id='line_1_21' title="bbox 2035 469 3635 551; baseline 0.001 -19"><span class='ocrx_word' id='word_1_123' title='bbox 2035 481 2136 548; x_wconf 85' lang='grc' dir='ltr'>τῆς</span> <span class='ocrx_word' id='word_1_124' title='bbox 2159 469 2302 535; x_wconf 85' lang='grc' dir='ltr'><strong>κατᾶ</strong></span> <span class='ocrx_word' id='word_1_125' title='bbox 2327 481 2418 534; x_wconf 78' lang='grc' dir='ltr'><strong>τὸν</strong></span> <span class='ocrx_word' id='word_1_126' title='bbox 2443 479 2730 551; x_wconf 85' lang='grc' dir='ltr'>άνθρωπον</span> <span class='ocrx_word' id='word_1_127' title='bbox 2755 479 3142 551; x_wconf 74' lang='grc' dir='ltr'><strong>δημιουργίας,</strong></span> <span class='ocrx_word' id='word_1_128' title='bbox 3179 479 3239 546; x_wconf 76' lang='grc' dir='ltr'>ἐξ</span> <span class='ocrx_word' id='word_1_129' title='bbox 3265 479 3504 550; x_wconf 75' lang='grc' dir='ltr'><strong>ἀοράτου</strong></span> <span class='ocrx_word' id='word_1_130' title='bbox 3532 480 3635 534; x_wconf 67' lang='grc' dir='ltr'><strong>καὶ</strong></span> 
     </span>
    </p>
   </div>
   <div class='ocr_carea' id='block_1_22' title="bbox 2035 569 3637 642">
    <p class='ocr_par' dir='ltr' id='par_1_22' title="bbox 2035 569 3637 642">
     <span class='ocr_line' id='line_1_22' title="bbox 2035 569 3637 642; baseline -0.001 -18"><span class='ocrx_word' id='word_1_131' title='bbox 2035 571 2238 642; x_wconf 78' lang='grc' dir='ltr'>ὁρατῆς</span> <span class='ocrx_word' id='word_1_132' title='bbox 2272 571 2488 640; x_wconf 83' lang='grc' dir='ltr'>φύσεως</span> <span class='ocrx_word' id='word_1_133' title='bbox 2533 570 2958 635; x_wconf 76' lang='grc' dir='ltr'>δια-πλασθέντα,</span> <span class='ocrx_word' id='word_1_134' title='bbox 3011 569 3118 624; x_wconf 79' lang='grc' dir='ltr'><strong>τῶν</strong></span> <span class='ocrx_word' id='word_1_135' title='bbox 3161 570 3426 624; x_wconf 76' lang='grc' dir='ltr'>ἐναντίων</span> <span class='ocrx_word' id='word_1_136' title='bbox 3467 569 3637 640; x_wconf 78' lang='grc' dir='ltr'><strong>ἀλλή-</strong></span> 
     </span>
    </p>
   </div>
   <div class='ocr_carea' id='block_1_23' title="bbox 2037 657 3636 737">
    <p class='ocr_par' dir='ltr' id='par_1_23' title="bbox 2037 657 3636 737">
     <span class='ocr_line' id='line_1_23' title="bbox 2037 657 3636 737; baseline 0 -21"><span class='ocrx_word' id='word_1_137' title='bbox 2037 665 2152 727; x_wconf 82' lang='grc' dir='ltr'>λοις</span> <span class='ocrx_word' id='word_1_138' title='bbox 2186 663 2456 733; x_wconf 77' lang='grc' dir='ltr'><strong>κειμένων</strong></span> <span class='ocrx_word' id='word_1_139' title='bbox 2489 662 2798 735; x_wconf 74' lang='grc' dir='ltr'><strong>προδήλως.</strong></span> <span class='ocrx_word' id='word_1_140' title='bbox 2835 663 2902 716; x_wconf 86' lang='grc' dir='ltr'>Τί</span> <span class='ocrx_word' id='word_1_141' title='bbox 2938 663 3004 732; x_wconf 81' lang='grc' dir='ltr'>δὴ</span> <span class='ocrx_word' id='word_1_142' title='bbox 3032 657 3128 716; x_wconf 77' lang='grc' dir='ltr'><strong>οὖν</strong></span> <span class='ocrx_word' id='word_1_143' title='bbox 3164 661 3426 716; x_wconf 84' lang='grc' dir='ltr'>σύνθετον</span> <span class='ocrx_word' id='word_1_144' title='bbox 3455 662 3636 737; x_wconf 78' lang='grc' dir='ltr'>λέγων</span> 
     </span>
    </p>
   </div>
   <div class='ocr_carea' id='block_1_24' title="bbox 2037 753 3634 828">
    <p class='ocr_par' dir='ltr' id='par_1_24' title="bbox 2037 753 3634 828">
     <span class='ocr_line' id='line_1_24' title="bbox 2037 753 3634 828; baseline -0.001 -20"><span class='ocrx_word' id='word_1_145' title='bbox 2037 757 2136 828; x_wconf 71' lang='grc' dir='ltr'><strong>τὴν</strong></span> <span class='ocrx_word' id='word_1_146' title='bbox 2169 757 2494 818; x_wconf 74' lang='grc' dir='ltr'>ὑπόστασιν,</span> <span class='ocrx_word' id='word_1_147' title='bbox 2547 753 2622 825; x_wconf 77' lang='grc' dir='ltr'>μὴ</span> <span class='ocrx_word' id='word_1_148' title='bbox 2657 755 2754 807; x_wconf 78' lang='grc' dir='ltr'><strong>καὶ</strong></span> <span class='ocrx_word' id='word_1_149' title='bbox 2800 755 2871 809; x_wconf 78' lang='grc' dir='ltr'><strong>τά</strong></span> <span class='ocrx_word' id='word_1_150' title='bbox 2921 754 3212 825; x_wconf 81' lang='grc' dir='ltr'>πρόσφορα</span> <span class='ocrx_word' id='word_1_151' title='bbox 3253 754 3362 806; x_wconf 85' lang='grc' dir='ltr'><strong>τῶν</strong></span> <span class='ocrx_word' id='word_1_152' title='bbox 3407 755 3465 806; x_wconf 82' lang='grc' dir='ltr'>ὲν</span> <span class='ocrx_word' id='word_1_153' title='bbox 3492 753 3634 825; x_wconf 81' lang='grc' dir='ltr'>αῦτῇ</span> 
     </span>
    </p>
   </div>
   <div class='ocr_carea' id='block_1_25' title="bbox 2041 843 3633 918">
    <p class='ocr_par' dir='ltr' id='par_1_25' title="bbox 2041 843 3633 918">
     <span class='ocr_line' id='line_1_25' title="bbox 2041 843 3633 918; baseline -0.002 -18"><span class='ocrx_word' id='word_1_154' title='bbox 2041 847 2456 918; x_wconf 81' lang='grc' dir='ltr'>θεωρουμένων,</span> <span class='ocrx_word' id='word_1_155' title='bbox 2489 846 2852 917; x_wconf 78' lang='grc' dir='ltr'><strong>εὐγνωμόνως</strong></span> <span class='ocrx_word' id='word_1_156' title='bbox 2885 848 2979 900; x_wconf 69' lang='grc' dir='ltr'><strong>καὶ</strong></span> <span class='ocrx_word' id='word_1_157' title='bbox 3005 845 3226 906; x_wconf 74' lang='grc' dir='ltr'>οἰκείως</span> <span class='ocrx_word' id='word_1_158' title='bbox 3255 843 3633 910; x_wconf 79' lang='grc' dir='ltr'>ἁποδέδωκεν;</span> 
     </span>
    </p>
   </div>
   <div class='ocr_carea' id='block_1_26' title="bbox 2040 935 3638 1010">
    <p class='ocr_par' dir='ltr' id='par_1_26' title="bbox 2040 935 3638 1010">
     <span class='ocr_line' id='line_1_26' title="bbox 2040 935 3638 1010; baseline -0.003 -18"><span class='ocrx_word' id='word_1_159' title='bbox 2040 939 2104 992; x_wconf 86' lang='lat' dir='ltr'><strong>Ei</strong></span> <span class='ocrx_word' id='word_1_160' title='bbox 2140 939 2252 1010; x_wconf 85' lang='grc' dir='ltr'><strong>γάρ</strong></span> <span class='ocrx_word' id='word_1_161' title='bbox 2276 939 2522 992; x_wconf 77' lang='grc' dir='ltr'>ἐναντίον</span> <span class='ocrx_word' id='word_1_162' title='bbox 2545 939 2608 990; x_wconf 80' lang='grc' dir='ltr'>τὸ</span> <span class='ocrx_word' id='word_1_163' title='bbox 2636 939 2833 1008; x_wconf 73' lang='grc' dir='ltr'>ὁρατὸν</span> <span class='ocrx_word' id='word_1_164' title='bbox 2862 937 2940 1007; x_wconf 77' lang='grc' dir='ltr'>τῷ</span> <span class='ocrx_word' id='word_1_165' title='bbox 2973 937 3213 1008; x_wconf 71' lang='grc' dir='ltr'>ἀοράτῳ,</span> <span class='ocrx_word' id='word_1_166' title='bbox 3244 935 3342 990; x_wconf 75' lang='grc' dir='ltr'>καὶ</span> <span class='ocrx_word' id='word_1_167' title='bbox 3369 937 3430 989; x_wconf 87' lang='grc' dir='ltr'><strong>τὸ</strong></span> <span class='ocrx_word' id='word_1_168' title='bbox 3458 935 3638 990; x_wconf 67' lang='grc' dir='ltr'>ἁπτὸν</span> 
     </span>
    </p>
   </div>
   <div class='ocr_carea' id='block_1_27' title="bbox 2039 1027 3641 1103">
    <p class='ocr_par' dir='ltr' id='par_1_27' title="bbox 2039 1027 3641 1103">
     <span class='ocr_line' id='line_1_27' title="bbox 2039 1027 3641 1103; baseline -0.004 -17"><span class='ocrx_word' id='word_1_169' title='bbox 2039 1031 2118 1103; x_wconf 81' lang='grc' dir='ltr'>τῷ</span> <span class='ocrx_word' id='word_1_170' title='bbox 2145 1033 2362 1102; x_wconf 86' lang='grc' dir='ltr'>ἀναφεῖ,</span> <span class='ocrx_word' id='word_1_171' title='bbox 2397 1033 2490 1086; x_wconf 80' lang='grc' dir='ltr'>καὶ</span> <span class='ocrx_word' id='word_1_172' title='bbox 2519 1031 2580 1084; x_wconf 84' lang='grc' dir='ltr'><strong>τὸ</strong></span> <span class='ocrx_word' id='word_1_173' title='bbox 2619 1030 2859 1102; x_wconf 81' lang='grc' dir='ltr'>φθαρτὸν</span> <span class='ocrx_word' id='word_1_174' title='bbox 2887 1029 2964 1100; x_wconf 78' lang='grc' dir='ltr'>τῷ</span> <span class='ocrx_word' id='word_1_175' title='bbox 2993 1027 3280 1100; x_wconf 82' lang='grc' dir='ltr'>ἀφθάρτῳ,</span> <span class='ocrx_word' id='word_1_176' title='bbox 3316 1028 3408 1081; x_wconf 74' lang='grc' dir='ltr'>καὶ</span> <span class='ocrx_word' id='word_1_177' title='bbox 3441 1027 3502 1080; x_wconf 82' lang='grc' dir='ltr'><strong>τὸ</strong></span> <span class='ocrx_word' id='word_1_178' title='bbox 3529 1043 3641 1080; x_wconf 57' lang='grc' dir='ltr'><strong>παρ</strong></span> 
     </span>
    </p>
   </div>
   <div class='ocr_carea' id='block_1_28' title="bbox 2043 1120 3642 1195">
    <p class='ocr_par' dir='ltr' id='par_1_28' title="bbox 2043 1120 3642 1195">
     <span class='ocr_line' id='line_1_28' title="bbox 2043 1120 3642 1195; baseline -0.003 -17"><span class='ocrx_word' id='word_1_179' title='bbox 2043 1123 2203 1195; x_wconf 79' lang='grc' dir='ltr'>θητὸν</span> <span class='ocrx_word' id='word_1_180' title='bbox 2237 1123 2316 1195; x_wconf 80' lang='grc' dir='ltr'><strong>τῷ</strong></span> <span class='ocrx_word' id='word_1_181' title='bbox 2347 1123 2585 1188; x_wconf 87' lang='grc' dir='ltr'>ἀπαθεῖ,</span> <span class='ocrx_word' id='word_1_182' title='bbox 2609 1123 2707 1176; x_wconf 75' lang='grc' dir='ltr'><strong>καὶ</strong></span> <span class='ocrx_word' id='word_1_183' title='bbox 2737 1121 2791 1175; x_wconf 85' lang='grc' dir='ltr'><strong>εί</strong></span> <span class='ocrx_word' id='word_1_184' title='bbox 2822 1140 2874 1175; x_wconf 90' lang='grc' dir='ltr'><strong>τι</strong></span> <span class='ocrx_word' id='word_1_185' title='bbox 2908 1121 3118 1184; x_wconf 87' lang='grc' dir='ltr'>τούτοις</span> <span class='ocrx_word' id='word_1_186' title='bbox 3149 1121 3353 1192; x_wconf 83' lang='grc' dir='ltr'>ὁμοίως</span> <span class='ocrx_word' id='word_1_187' title='bbox 3383 1120 3642 1192; x_wconf 77' lang='grc' dir='ltr'><strong>ἀλλήλοις</strong></span> 
     </span>
    </p>
   </div>
   <div class='ocr_carea' id='block_1_29' title="bbox 2043 1211 3637 1284">
    <p class='ocr_par' dir='ltr' id='par_1_29' title="bbox 2043 1211 3637 1284">
     <span class='ocr_line' id='line_1_29' title="bbox 2043 1211 3637 1284; baseline -0.004 -14"><span class='ocrx_word' id='word_1_188' title='bbox 2043 1215 2346 1270; x_wconf 80' lang='grc' dir='ltr'>ἀντίκειται</span> <span class='ocrx_word' id='word_1_189' title='bbox 2373 1255 2386 1280; x_wconf 92' lang='grc'><strong>,</strong></span> <span class='ocrx_word' id='word_1_190' title='bbox 2422 1215 2516 1269; x_wconf 56' lang='grc' dir='ltr'><strong>καί¹</strong></span> <span class='ocrx_word' id='word_1_191' title='bbox 2549 1215 2674 1284; x_wconf 72' lang='grc' dir='ltr'>περὶ</span> <span class='ocrx_word' id='word_1_192' title='bbox 2711 1213 2768 1266; x_wconf 85' lang='grc' dir='ltr'>ἓν</span> <span class='ocrx_word' id='word_1_193' title='bbox 2803 1215 2900 1267; x_wconf 68' lang='grc' dir='ltr'><strong>καὶ</strong></span> <span class='ocrx_word' id='word_1_194' title='bbox 2939 1215 3002 1268; x_wconf 74' lang='grc' dir='ltr'>τὸ</span> <span class='ocrx_word' id='word_1_195' title='bbox 3036 1213 3168 1268; x_wconf 75' lang='grc' dir='ltr'>αὐτὸ</span> <span class='ocrx_word' id='word_1_196' title='bbox 3197 1213 3497 1282; x_wconf 83' lang='grc' dir='ltr'>πρόσωπον</span> <span class='ocrx_word' id='word_1_197' title='bbox 3541 1211 3637 1265; x_wconf 86' lang='grc' dir='ltr'><strong>τοῦ</strong></span> 
     </span>
    </p>
   </div>
   <div class='ocr_carea' id='block_1_30' title="bbox 2045 1301 3643 1377">
    <p class='ocr_par' dir='ltr' id='par_1_30' title="bbox 2045 1301 3643 1377">
     <span class='ocr_line' id='line_1_30' title="bbox 2045 1301 3643 1377; baseline -0.003 -18"><span class='ocrx_word' id='word_1_198' title='bbox 2045 1305 2285 1376; x_wconf 78' lang='grc' dir='ltr'>Χριστοῦ</span> <span class='ocrx_word' id='word_1_199' title='bbox 2320 1305 2650 1377; x_wconf 82' lang='grc' dir='ltr'>θεωροῦνται</span> <span class='ocrx_word' id='word_1_200' title='bbox 2676 1346 2691 1372; x_wconf 95' lang='grc'><strong>,</strong></span> <span class='ocrx_word' id='word_1_201' title='bbox 2719 1308 2846 1359; x_wconf 79' lang='grc' dir='ltr'>ὅτου</span> <span class='ocrx_word' id='word_1_202' title='bbox 2883 1305 2948 1376; x_wconf 84' lang='grc' dir='ltr'>δὴ</span> <span class='ocrx_word' id='word_1_203' title='bbox 2989 1307 3152 1376; x_wconf 81' lang='grc' dir='ltr'>χάριν</span> <span class='ocrx_word' id='word_1_204' title='bbox 3181 1305 3255 1374; x_wconf 82' lang='grc' dir='ltr'>μὴ</span> <span class='ocrx_word' id='word_1_205' title='bbox 3286 1303 3381 1356; x_wconf 71' lang='grc' dir='ltr'><strong>καὶ</strong></span> <span class='ocrx_word' id='word_1_206' title='bbox 3410 1303 3442 1372; x_wconf 80' lang='grc' dir='ltr'>ἡ</span> <span class='ocrx_word' id='word_1_207' title='bbox 3473 1301 3643 1370; x_wconf 77' lang='grc' dir='ltr'>ἑτέρα</span> 
     </span>
    </p>
   </div>
   <div class='ocr_carea' id='block_1_31' title="bbox 2045 1391 3644 1466">
    <p class='ocr_par' dir='ltr' id='par_1_31' title="bbox 2045 1391 3644 1466">
     <span class='ocr_line' id='line_1_31' title="bbox 2045 1391 3644 1466; baseline -0.003 -18"><span class='ocrx_word' id='word_1_208' title='bbox 2045 1391 2326 1458; x_wconf 60' lang='grc' dir='ltr'>ἀντίθεσις</span> <span class='ocrx_word' id='word_1_209' title='bbox 2375 1395 2463 1449; x_wconf 76' lang='grc' dir='ltr'><strong>ἐπ’</strong></span> <span class='ocrx_word' id='word_1_210' title='bbox 2491 1395 2638 1465; x_wconf 82' lang='grc' dir='ltr'>αύτῷ</span> <span class='ocrx_word' id='word_1_211' title='bbox 2680 1393 3096 1466; x_wconf 71' lang='grc' dir='ltr'>θεωρηθήσεται</span> <span class='ocrx_word' id='word_1_212' title='bbox 3117 1411 3130 1424; x_wconf 94' lang='grc'><strong>·</strong></span> <span class='ocrx_word' id='word_1_213' title='bbox 3165 1393 3228 1447; x_wconf 76' lang='grc' dir='ltr'><strong>τὸ</strong></span> <span class='ocrx_word' id='word_1_214' title='bbox 3257 1392 3644 1464; x_wconf 80' lang='grc' dir='ltr'>περιγραπτδν</span> 
     </span>
    </p>
   </div>
   <div class='ocr_carea' id='block_1_32' title="bbox 2045 1481 3674 1560">
    <p class='ocr_par' dir='ltr' id='par_1_32' title="bbox 2045 1481 3674 1560">
     <span class='ocr_line' id='line_1_32' title="bbox 2045 1481 3674 1560; baseline -0.003 -20"><span class='ocrx_word' id='word_1_215' title='bbox 2045 1487 2190 1556; x_wconf 74' lang='grc' dir='ltr'>λέγω</span> <span class='ocrx_word' id='word_1_216' title='bbox 2217 1488 2311 1542; x_wconf 72' lang='grc' dir='ltr'><strong>καὶ</strong></span> <span class='ocrx_word' id='word_1_217' title='bbox 2339 1488 2760 1560; x_wconf 83' lang='grc' dir='ltr'>ἁπερίγραπτον</span> <span class='ocrx_word' id='word_1_218' title='bbox 2783 1483 3284 1558; x_wconf 72' lang='grc' dir='ltr'>;”Απερίγραπτον</span> <span class='ocrx_word' id='word_1_219' title='bbox 3306 1485 3417 1556; x_wconf 88' lang='grc' dir='ltr'><strong>γὰρ</strong></span> <span class='ocrx_word' id='word_1_220' title='bbox 3447 1483 3641 1552; x_wconf 82' lang='grc' dir='ltr'>είσφέ-</span> <span class='ocrx_word' id='word_1_221' title='bbox 3662 1481 3674 1486; x_wconf 77' lang='grc'><em>’</em></span> 
     </span>
    </p>
   </div>
   <div class='ocr_carea' id='block_1_33' title="bbox 2053 1574 3642 1650">
    <p class='ocr_par' dir='ltr' id='par_1_33' title="bbox 2053 1574 3642 1650">
     <span class='ocr_line' id='line_1_33' title="bbox 2053 1574 3642 1650; baseline -0.003 -18"><span class='ocrx_word' id='word_1_222' title='bbox 2053 1597 2160 1649; x_wconf 89' lang='grc' dir='ltr'><strong>ρων</strong></span> <span class='ocrx_word' id='word_1_223' title='bbox 2189 1581 2289 1650; x_wconf 72' lang='grc' dir='ltr'>τὴν</span> <span class='ocrx_word' id='word_1_224' title='bbox 2317 1581 2498 1650; x_wconf 88' lang='grc' dir='ltr'>σάρκα</span> <span class='ocrx_word' id='word_1_225' title='bbox 2519 1619 2534 1645; x_wconf 95' lang='grc'><strong>,</strong></span> <span class='ocrx_word' id='word_1_226' title='bbox 2563 1579 2718 1633; x_wconf 77' lang='grc' dir='ltr'>οῦδὲν</span> <span class='ocrx_word' id='word_1_227' title='bbox 2749 1579 2938 1649; x_wconf 72' lang='grc' dir='ltr'>ἕτερον</span> <span class='ocrx_word' id='word_1_228' title='bbox 2964 1579 3114 1646; x_wconf 80' lang='grc' dir='ltr'>λέγει</span> <span class='ocrx_word' id='word_1_229' title='bbox 3142 1577 3176 1648; x_wconf 86' lang='grc' dir='ltr'>ἢ</span> <span class='ocrx_word' id='word_1_230' title='bbox 3207 1578 3288 1630; x_wconf 78' lang='grc' dir='ltr'><strong>ὅτι</strong></span> <span class='ocrx_word' id='word_1_231' title='bbox 3313 1575 3468 1630; x_wconf 80' lang='grc' dir='ltr'>οὐδὲν</span> <span class='ocrx_word' id='word_1_232' title='bbox 3501 1574 3642 1628; x_wconf 86' lang='grc' dir='ltr'>διοί-</span> 
     </span>
    </p>
   </div>
   <div class='ocr_carea' id='block_1_34' title="bbox 367 1664 1953 1754">
    <p class='ocr_par' dir='ltr' id='par_1_34' title="bbox 367 1664 1942 1754">
     <span class='ocr_line' id='line_1_34' title="bbox 367 1664 1942 1754; baseline -0.01 -12"><span class='ocrx_word' id='word_1_233' title='bbox 367 1664 550 1754; x_wconf 67' lang='lat' dir='ltr'><strong>ilocet,</strong></span> <span class='ocrx_word' id='word_1_234' title='bbox 607 1682 742 1738; x_wconf 83' lang='lat' dir='ltr'><strong>nihil</strong></span> <span class='ocrx_word' id='word_1_235' title='bbox 777 1679 924 1734; x_wconf 82' lang='lat' dir='ltr'><strong>aliud</strong></span> <span class='ocrx_word' id='word_1_236' title='bbox 965 1679 1066 1740; x_wconf 90' lang='lat' dir='ltr'><strong>ait,</strong></span> <span class='ocrx_word' id='word_1_237' title='bbox 1097 1676 1200 1732; x_wconf 86' lang='lat' dir='ltr'><strong>nisi</strong></span> <span class='ocrx_word' id='word_1_238' title='bbox 1238 1675 1366 1730; x_wconf 85' lang='lat' dir='ltr'><strong>nihil</strong></span> <span class='ocrx_word' id='word_1_239' title='bbox 1419 1664 1658 1732; x_wconf 69' lang='lat' dir='ltr'><strong>divinam</strong></span> <span class='ocrx_word' id='word_1_240' title='bbox 1696 1687 1942 1729; x_wconf 70' lang='lat' dir='ltr'><strong>naturam</strong></span> 
     </span>
    </p>
   </div>
   <div class='ocr_carea' id='block_1_35' title="bbox 2061 1664 3643 1754">
    <p class='ocr_par' dir='ltr' id='par_1_35' title="bbox 2061 1668 3643 1742">
     <span class='ocr_line' id='line_1_35' title="bbox 2061 1668 3643 1742; baseline -0.004 -17"><span class='ocrx_word' id='word_1_241' title='bbox 2061 1689 2132 1725; x_wconf 71' lang='lat' dir='ltr'><strong>rei</strong></span> <span class='ocrx_word' id='word_1_242' title='bbox 2168 1671 2202 1742; x_wconf 85' lang='grc' dir='ltr'>ἡ</span> <span class='ocrx_word' id='word_1_243' title='bbox 2253 1671 2372 1726; x_wconf 83' lang='grc' dir='ltr'>Θεία</span> <span class='ocrx_word' id='word_1_244' title='bbox 2404 1669 2564 1740; x_wconf 89' lang='grc' dir='ltr'>φύσις</span> <span class='ocrx_word' id='word_1_245' title='bbox 2617 1672 2716 1742; x_wconf 83' lang='grc' dir='ltr'>τῆς</span> <span class='ocrx_word' id='word_1_246' title='bbox 2749 1669 3104 1742; x_wconf 74' lang='grc' dir='ltr'>ἀνθρωπίνης</span> <span class='ocrx_word' id='word_1_247' title='bbox 3130 1710 3146 1732; x_wconf 90' lang='grc'><strong>,</strong></span> <span class='ocrx_word' id='word_1_248' title='bbox 3201 1669 3236 1740; x_wconf 79' lang='grc' dir='ltr'>ἢ</span> <span class='ocrx_word' id='word_1_249' title='bbox 3282 1668 3347 1721; x_wconf 81' lang='grc' dir='ltr'><strong>τὸ</strong></span> <span class='ocrx_word' id='word_1_250' title='bbox 3379 1669 3643 1724; x_wconf 79' lang='grc' dir='ltr'>ἄκτιστον</span> 
     </span>
    </p>
   </div>
   <div class='ocr_carea' id='block_1_36' title="bbox 367 1769 1942 1836">
    <p class='ocr_par' dir='ltr' id='par_1_36' title="bbox 367 1769 1942 1836">
     <span class='ocr_line' id='line_1_36' title="bbox 367 1769 1942 1836; baseline -0.01 -3"><span class='ocrx_word' id='word_1_251' title='bbox 367 1781 437 1833; x_wconf 84' lang='lat' dir='ltr'><strong>ab</strong></span> <span class='ocrx_word' id='word_1_252' title='bbox 469 1779 712 1832; x_wconf 88' lang='lat' dir='ltr'><strong>humana</strong></span> <span class='ocrx_word' id='word_1_253' title='bbox 755 1769 998 1836; x_wconf 76' lang='lat' dir='ltr'><strong>diﬂ‘erre,</strong></span> <span class='ocrx_word' id='word_1_254' title='bbox 1032 1770 1146 1824; x_wconf 80' lang='lat' dir='ltr'><strong>sive</strong></span> <span class='ocrx_word' id='word_1_255' title='bbox 1181 1783 1292 1821; x_wconf 90' lang='lat' dir='ltr'><strong>rem</strong></span> <span class='ocrx_word' id='word_1_256' title='bbox 1326 1769 1626 1822; x_wconf 82' lang='lat' dir='ltr'><strong>incrcatam</strong></span> <span class='ocrx_word' id='word_1_257' title='bbox 1659 1783 1687 1820; x_wconf 91' lang='lat' dir='ltr'><strong>a</strong></span> <span class='ocrx_word' id='word_1_258' title='bbox 1719 1775 1899 1820; x_wconf 89' lang='lat' dir='ltr'><strong>creata</strong></span> <span class='ocrx_word' id='word_1_259' title='bbox 1929 1783 1942 1818; x_wconf 90' lang='lat'><strong>:</strong></span> 
     </span>
    </p>
   </div>
   <div class='ocr_carea' id='block_1_37' title="bbox 367 1854 1950 1928">
    <p class='ocr_par' dir='ltr' id='par_1_37' title="bbox 367 1854 1950 1928">
     <span class='ocr_line' id='line_1_37' title="bbox 367 1854 1950 1928; baseline -0.008 -7"><span class='ocrx_word' id='word_1_260' title='bbox 367 1870 473 1921; x_wconf 91' lang='lat' dir='ltr'><strong>huc</strong></span> <span class='ocrx_word' id='word_1_261' title='bbox 502 1863 646 1920; x_wconf 87' lang='lat' dir='ltr'><strong>enim</strong></span> <span class='ocrx_word' id='word_1_262' title='bbox 677 1871 968 1928; x_wconf 88' lang='lat' dir='ltr'><strong>utrumque</strong></span> <span class='ocrx_word' id='word_1_263' title='bbox 1014 1857 1244 1922; x_wconf 81' lang='lat' dir='ltr'><strong>recidit;</strong></span> <span class='ocrx_word' id='word_1_264' title='bbox 1273 1855 1580 1924; x_wconf 74' lang='lat' dir='ltr'><strong>frustraque</strong></span> <span class='ocrx_word' id='word_1_265' title='bbox 1613 1855 1725 1924; x_wconf 89' lang='lat' dir='ltr'><strong>jam</strong></span> <span class='ocrx_word' id='word_1_266' title='bbox 1776 1854 1863 1908; x_wconf 91' lang='lat' dir='ltr'><strong>ille</strong></span> <span class='ocrx_word' id='word_1_267' title='bbox 1893 1863 1950 1908; x_wconf 91' lang='lat' dir='ltr'><strong>et</strong></span> 
     </span>
    </p>
   </div>
   <div class='ocr_carea' id='block_1_38' title="bbox 370 1944 1942 2026">
    <p class='ocr_par' dir='ltr' id='par_1_38' title="bbox 370 1944 1942 2026">
     <span class='ocr_line' id='line_1_38' title="bbox 370 1944 1942 2026; baseline -0.008 -13"><span class='ocrx_word' id='word_1_268' title='bbox 370 1951 756 2026; x_wconf 70' lang='lat' dir='ltr'><strong>intempestive</strong></span> <span class='ocrx_word' id='word_1_269' title='bbox 783 1953 1016 2008; x_wconf 89' lang='lat' dir='ltr'><strong>duarum</strong></span> <span class='ocrx_word' id='word_1_270' title='bbox 1054 1959 1367 2004; x_wconf 86' lang='lat' dir='ltr'><strong>naturarum</strong></span> <span class='ocrx_word' id='word_1_271' title='bbox 1417 1949 1748 2003; x_wconf 84' lang='lat' dir='ltr'><strong>mentionem</strong></span> <span class='ocrx_word' id='word_1_272' title='bbox 1786 1944 1942 2001; x_wconf 77' lang='lat' dir='ltr'><strong>facit.</strong></span> 
     </span>
    </p>
   </div>
   <div class='ocr_carea' id='block_1_39' title="bbox 369 2039 1948 2111">
    <p class='ocr_par' dir='ltr' id='par_1_39' title="bbox 369 2039 1948 2111">
     <span class='ocr_line' id='line_1_39' title="bbox 369 2039 1948 2111; baseline -0.007 -9"><span class='ocrx_word' id='word_1_273' title='bbox 369 2047 482 2104; x_wconf 78' lang='lat' dir='ltr'><strong>Nisi</strong></span> <span class='ocrx_word' id='word_1_274' title='bbox 525 2047 672 2102; x_wconf 89' lang='lat' dir='ltr'><strong>enim</strong></span> <span class='ocrx_word' id='word_1_275' title='bbox 727 2043 946 2111; x_wconf 75' lang='lat' dir='ltr'><strong>utrique</strong></span> <span class='ocrx_word' id='word_1_276' title='bbox 984 2051 1192 2094; x_wconf 77' lang='lat' dir='ltr'><strong>natura:</strong></span> <span class='ocrx_word' id='word_1_277' title='bbox 1233 2039 1526 2108; x_wconf 83' lang='lat' dir='ltr'><strong>qualitates</strong></span> <span class='ocrx_word' id='word_1_278' title='bbox 1574 2039 1828 2110; x_wconf 61' lang='lat' dir='ltr'><strong>prapriaa,</strong></span> <span class='ocrx_word' id='word_1_279' title='bbox 1881 2053 1948 2092; x_wconf 81' lang='lat' dir='ltr'><strong>ex</strong></span> 
     </span>
    </p>
   </div>
   <div class='ocr_carea' id='block_1_40' title="bbox 369 2132 1949 2209">
    <p class='ocr_par' dir='ltr' id='par_1_40' title="bbox 369 2132 1949 2209">
     <span class='ocr_line' id='line_1_40' title="bbox 369 2132 1949 2209; baseline -0.006 -18"><span class='ocrx_word' id='word_1_280' title='bbox 369 2139 570 2209; x_wconf 83' lang='lat' dir='ltr'><strong>quibus</strong></span> <span class='ocrx_word' id='word_1_281' title='bbox 593 2146 850 2192; x_wconf 86' lang='lat' dir='ltr'><strong>constant</strong></span> <span class='ocrx_word' id='word_1_282' title='bbox 885 2133 1275 2197; x_wconf 79' lang='lat' dir='ltr'><strong>attribuantur,</strong></span> <span class='ocrx_word' id='word_1_283' title='bbox 1315 2132 1388 2185; x_wconf 86' lang='lat' dir='ltr'><strong>ita</strong></span> <span class='ocrx_word' id='word_1_284' title='bbox 1413 2139 1472 2186; x_wconf 92' lang='lat' dir='ltr'><strong>ut</strong></span> <span class='ocrx_word' id='word_1_285' title='bbox 1497 2132 1548 2184; x_wconf 89' lang='lat' dir='ltr'><strong>in</strong></span> <span class='ocrx_word' id='word_1_286' title='bbox 1579 2132 1694 2184; x_wconf 82' lang='lat' dir='ltr'><strong>suis</strong></span> <span class='ocrx_word' id='word_1_287' title='bbox 1722 2143 1949 2199; x_wconf 67' lang='lat' dir='ltr'><strong>qumque</strong></span> 
     </span>
    </p>
   </div>
   <div class='ocr_carea' id='block_1_41' title="bbox 371 2220 1950 2303">
    <p class='ocr_par' dir='ltr' id='par_1_41' title="bbox 371 2220 1950 2303">
     <span class='ocr_line' id='line_1_41' title="bbox 371 2220 1950 2303; baseline -0.008 -17"><span class='ocrx_word' id='word_1_288' title='bbox 371 2229 802 2303; x_wconf 75' lang='lat' dir='ltr'><strong>proprietatibus</strong></span> <span class='ocrx_word' id='word_1_289' title='bbox 829 2235 1181 2296; x_wconf 79' lang='lat' dir='ltr'><strong>agnoscatur,</strong></span> <span class='ocrx_word' id='word_1_290' title='bbox 1229 2223 1498 2278; x_wconf 85' lang='lat' dir='ltr'><strong>undenam</strong></span> <span class='ocrx_word' id='word_1_291' title='bbox 1535 2220 1822 2289; x_wconf 82' lang='lat' dir='ltr'><strong>nobisjam</strong></span> <span class='ocrx_word' id='word_1_292' title='bbox 1854 2237 1950 2292; x_wconf 69' lang='lat' dir='ltr'><strong>ap-</strong></span> 
     </span>
    </p>
   </div>
   <div class='ocr_carea' id='block_1_42' title="bbox 370 2312 1947 2394">
    <p class='ocr_par' dir='ltr' id='par_1_42' title="bbox 370 2312 1947 2394">
     <span class='ocr_line' id='line_1_42' title="bbox 370 2312 1947 2394; baseline -0.007 -17"><span class='ocrx_word' id='word_1_293' title='bbox 370 2323 644 2394; x_wconf 76' lang='lat' dir='ltr'><strong>parebunt</strong></span> <span class='ocrx_word' id='word_1_294' title='bbox 699 2319 978 2374; x_wconf 79' lang='lat' dir='ltr'><strong>naturales</strong></span> <span class='ocrx_word' id='word_1_295' title='bbox 1019 2317 1283 2386; x_wconf 73' lang='lat' dir='ltr'><strong>Opposita:</strong></span> <span class='ocrx_word' id='word_1_296' title='bbox 1333 2312 1678 2378; x_wconf 74' lang='lat' dir='ltr'><strong>diil‘erentiae,</strong></span> <span class='ocrx_word' id='word_1_297' title='bbox 1715 2321 1772 2368; x_wconf 90' lang='lat' dir='ltr'><strong>et</strong></span> <span class='ocrx_word' id='word_1_298' title='bbox 1817 2312 1947 2366; x_wconf 54' lang='lat' dir='ltr'><strong>sub.</strong></span> 
     </span>
    </p>
   </div>
   <div class='ocr_carea' id='block_1_43' title="bbox 265 2399 1948 2482">
    <p class='ocr_par' dir='ltr' id='par_1_43' title="bbox 265 2399 1948 2482">
     <span class='ocr_line' id='line_1_43' title="bbox 265 2399 1948 2482; baseline -0.009 -10"><span class='ocrx_word' id='word_1_299' title='bbox 265 2432 270 2443; x_wconf 88' lang='lat'><strong>&#39;</strong></span> <span class='ocrx_word' id='word_1_300' title='bbox 371 2399 658 2471; x_wconf 78' lang='lat' dir='ltr'><strong>stautiales</strong></span> <span class='ocrx_word' id='word_1_301' title='bbox 708 2407 1040 2482; x_wconf 78' lang='lat' dir='ltr'><strong>qualitates?</strong></span> <span class='ocrx_word' id='word_1_302' title='bbox 1077 2407 1491 2476; x_wconf 88' lang='lat' dir='ltr'><strong>Comperientur</strong></span> <span class='ocrx_word' id='word_1_303' title='bbox 1547 2405 1728 2476; x_wconf 82' lang='lat' dir='ltr'><strong>itaque</strong></span> <span class='ocrx_word' id='word_1_304' title='bbox 1785 2419 1948 2457; x_wconf 89' lang='lat' dir='ltr'><strong>unum</strong></span> 
     </span>
    </p>
   </div>
   <div class='ocr_carea' id='block_1_44' title="bbox 372 2495 1946 2578">
    <p class='ocr_par' dir='ltr' id='par_1_44' title="bbox 372 2495 1946 2578">
     <span class='ocr_line' id='line_1_44' title="bbox 372 2495 1946 2578; baseline -0.007 -18"><span class='ocrx_word' id='word_1_305' title='bbox 372 2507 502 2578; x_wconf 90' lang='lat' dir='ltr'><strong>quid</strong></span> <span class='ocrx_word' id='word_1_306' title='bbox 531 2519 654 2562; x_wconf 83' lang='lat' dir='ltr'><strong>esse</strong></span> <span class='ocrx_word' id='word_1_307' title='bbox 677 2520 798 2575; x_wconf 78' lang='lat' dir='ltr'><strong>qua:</strong></span> <span class='ocrx_word' id='word_1_308' title='bbox 829 2509 957 2556; x_wconf 87' lang='lat' dir='ltr'><strong>sunt</strong></span> <span class='ocrx_word' id='word_1_309' title='bbox 975 2501 1256 2572; x_wconf 85' lang='lat' dir='ltr'><strong>opposita;</strong></span> <span class='ocrx_word' id='word_1_310' title='bbox 1295 2500 1440 2570; x_wconf 88' lang='lat' dir='ltr'><strong>quod</strong></span> <span class='ocrx_word' id='word_1_311' title='bbox 1469 2508 1552 2553; x_wconf 89' lang='lat' dir='ltr'><strong>est</strong></span> <span class='ocrx_word' id='word_1_312' title='bbox 1587 2495 1946 2568; x_wconf 77' lang='lat' dir='ltr'><strong>impossibile.</strong></span> 
     </span>
    </p>
   </div>
   <div class='ocr_carea' id='block_1_45' title="bbox 445 2609 1953 2681">
    <p class='ocr_par' dir='ltr' id='par_1_45' title="bbox 445 2609 1953 2681">
     <span class='ocr_line' id='line_1_45' title="bbox 445 2609 1953 2681; baseline -0.007 -6"><span class='ocrx_word' id='word_1_313' title='bbox 445 2621 536 2676; x_wconf 67' lang='grc'><strong>60.</strong></span> <span class='ocrx_word' id='word_1_314' title='bbox 581 2619 907 2672; x_wconf 82' lang='lat' dir='ltr'><strong>Arianorum</strong></span> <span class='ocrx_word' id='word_1_315' title='bbox 939 2622 1068 2668; x_wconf 90' lang='lat' dir='ltr'><strong>sunt</strong></span> <span class='ocrx_word' id='word_1_316' title='bbox 1098 2613 1214 2667; x_wconf 66' lang='lat' dir='ltr'><strong>haec</strong></span> <span class='ocrx_word' id='word_1_317' title='bbox 1245 2626 1343 2667; x_wconf 90' lang='lat' dir='ltr'><strong>nec</strong></span> <span class='ocrx_word' id='word_1_318' title='bbox 1380 2625 1486 2666; x_wconf 89' lang='lat' dir='ltr'><strong>non</strong></span> <span class='ocrx_word' id='word_1_319' title='bbox 1530 2609 1862 2681; x_wconf 80' lang='lat' dir='ltr'><strong>Apollinaris</strong></span> <span class='ocrx_word' id='word_1_320' title='bbox 1897 2620 1953 2664; x_wconf 89' lang='lat' dir='ltr'><strong>et</strong></span> 
     </span>
    </p>
   </div>
   <div class='ocr_carea' id='block_1_46' title="bbox 376 2701 1954 2784">
    <p class='ocr_par' dir='ltr' id='par_1_46' title="bbox 376 2701 1954 2784">
     <span class='ocr_line' id='line_1_46' title="bbox 376 2701 1954 2784; baseline -0.007 -17"><span class='ocrx_word' id='word_1_321' title='bbox 376 2709 717 2784; x_wconf 81' lang='lat' dir='ltr'><strong>Eutychetis,</strong></span> <span class='ocrx_word' id='word_1_322' title='bbox 744 2719 800 2764; x_wconf 87' lang='lat' dir='ltr'><strong>et</strong></span> <span class='ocrx_word' id='word_1_323' title='bbox 823 2704 1283 2764; x_wconf 82' lang='lat' dir='ltr'><strong>confusanearum</strong></span> <span class='ocrx_word' id='word_1_324' title='bbox 1313 2701 1954 2774; x_wconf 82' lang='lat' dir='ltr'><strong>acephalarumquepar-</strong></span> 
     </span>
    </p>
   </div>
   <div class='ocr_carea' id='block_1_47' title="bbox 378 2793 1956 2874">
    <p class='ocr_par' dir='ltr' id='par_1_47' title="bbox 378 2793 1956 2874">
     <span class='ocr_line' id='line_1_47' title="bbox 378 2793 1956 2874; baseline -0.008 -14"><span class='ocrx_word' id='word_1_325' title='bbox 378 2807 515 2860; x_wconf 87' lang='lat' dir='ltr'><strong>tium</strong></span> <span class='ocrx_word' id='word_1_326' title='bbox 545 2811 761 2874; x_wconf 87' lang='lat' dir='ltr'><strong>spectra</strong></span> <span class='ocrx_word' id='word_1_327' title='bbox 790 2809 845 2856; x_wconf 85' lang='lat' dir='ltr'><strong>et</strong></span> <span class='ocrx_word' id='word_1_328' title='bbox 893 2797 1252 2868; x_wconf 84' lang='lat' dir='ltr'><strong>sophismata,</strong></span> <span class='ocrx_word' id='word_1_329' title='bbox 1286 2809 1519 2865; x_wconf 83' lang='lat' dir='ltr'><strong>quorum</strong></span> <span class='ocrx_word' id='word_1_330' title='bbox 1566 2793 1778 2864; x_wconf 86' lang='lat' dir='ltr'><strong>aliquot</strong></span> <span class='ocrx_word' id='word_1_331' title='bbox 1805 2806 1956 2849; x_wconf 86' lang='lat' dir='ltr'><strong>com-</strong></span> 
     </span>
    </p>
   </div>
   <div class='ocr_carea' id='block_1_48' title="bbox 379 2886 1954 2968">
    <p class='ocr_par' dir='ltr' id='par_1_48' title="bbox 379 2886 1954 2968">
     <span class='ocr_line' id='line_1_48' title="bbox 379 2886 1954 2968; baseline -0.008 -14"><span class='ocrx_word' id='word_1_332' title='bbox 379 2907 594 2968; x_wconf 85' lang='lat' dir='ltr'><strong>parata,</strong></span> <span class='ocrx_word' id='word_1_333' title='bbox 645 2905 830 2951; x_wconf 90' lang='lat' dir='ltr'><strong>utrum</strong></span> <span class='ocrx_word' id='word_1_334' title='bbox 882 2892 954 2947; x_wconf 87' lang='lat' dir='ltr'><strong>ab</strong></span> <span class='ocrx_word' id='word_1_335' title='bbox 1003 2891 1111 2947; x_wconf 85' lang='lat' dir='ltr'><strong>illis</strong></span> <span class='ocrx_word' id='word_1_336' title='bbox 1145 2890 1414 2944; x_wconf 70' lang='lat' dir='ltr'><strong>Mantonaz</strong></span> <span class='ocrx_word' id='word_1_337' title='bbox 1462 2886 1731 2954; x_wconf 79' lang='lat' dir='ltr'><strong>dill&#39;erant,</strong></span> <span class='ocrx_word' id='word_1_338' title='bbox 1780 2887 1954 2960; x_wconf 84' lang='lat' dir='ltr'><strong>palam</strong></span> 
     </span>
    </p>
   </div>
   <div class='ocr_carea' id='block_1_49' title="bbox 2045 1762 3645 1834">
    <p class='ocr_par' dir='ltr' id='par_1_49' title="bbox 2045 1762 3645 1834">
     <span class='ocr_line' id='line_1_49' title="bbox 2045 1762 3645 1834; baseline -0.002 -17"><span class='ocrx_word' id='word_1_339' title='bbox 2045 1763 2142 1817; x_wconf 84' lang='grc' dir='ltr'><strong>τοῦ</strong></span> <span class='ocrx_word' id='word_1_340' title='bbox 2187 1762 2444 1818; x_wconf 80' lang='grc' dir='ltr'>κτιστοῦ·</span> <span class='ocrx_word' id='word_1_341' title='bbox 2479 1764 2556 1827; x_wconf 84' lang='grc' dir='ltr'><strong>είς</strong></span> <span class='ocrx_word' id='word_1_342' title='bbox 2604 1763 2804 1814; x_wconf 74' lang='grc' dir='ltr'>ταύτὸν</span> <span class='ocrx_word' id='word_1_343' title='bbox 2851 1762 2960 1832; x_wconf 77' lang='grc' dir='ltr'><strong>γάρ</strong></span> <span class='ocrx_word' id='word_1_344' title='bbox 2997 1763 3153 1832; x_wconf 83' lang='grc' dir='ltr'>φέρει</span> <span class='ocrx_word' id='word_1_345' title='bbox 3192 1762 3500 1834; x_wconf 73' lang='grc' dir='ltr'>ἀμφότερα,</span> <span class='ocrx_word' id='word_1_346' title='bbox 3545 1762 3645 1814; x_wconf 74' lang='grc' dir='ltr'>καὶ</span> 
     </span>
    </p>
   </div>
   <div class='ocr_carea' id='block_1_50' title="bbox 2048 1853 3642 1928">
    <p class='ocr_par' dir='ltr' id='par_1_50' title="bbox 2048 1853 3642 1928">
     <span class='ocr_line' id='line_1_50' title="bbox 2048 1853 3642 1928; baseline -0.001 -20"><span class='ocrx_word' id='word_1_347' title='bbox 2048 1855 2308 1928; x_wconf 77' lang='grc' dir='ltr'>περισσὸν</span> <span class='ocrx_word' id='word_1_348' title='bbox 2339 1854 2492 1925; x_wconf 85' lang='grc' dir='ltr'>αῦτῷ</span> <span class='ocrx_word' id='word_1_349' title='bbox 2521 1855 2617 1910; x_wconf 69' lang='grc' dir='ltr'><strong>καὶ</strong></span> <span class='ocrx_word' id='word_1_350' title='bbox 2652 1855 2882 1926; x_wconf 75' lang='grc' dir='ltr'>ἄκαιρον</span> <span class='ocrx_word' id='word_1_351' title='bbox 2918 1855 3027 1908; x_wconf 81' lang='grc' dir='ltr'>τῶν</span> <span class='ocrx_word' id='word_1_352' title='bbox 3053 1853 3146 1908; x_wconf 86' lang='grc' dir='ltr'><strong>δύο</strong></span> <span class='ocrx_word' id='word_1_353' title='bbox 3172 1853 3391 1922; x_wconf 86' lang='grc' dir='ltr'>φύσεων</span> <span class='ocrx_word' id='word_1_354' title='bbox 3421 1853 3514 1906; x_wconf 83' lang='grc' dir='ltr'><strong>τὸν</strong></span> <span class='ocrx_word' id='word_1_355' title='bbox 3545 1853 3642 1906; x_wconf 70' lang='lat'><strong>7.6-</strong></span> 
     </span>
    </p>
   </div>
   <div class='ocr_carea' id='block_1_51' title="bbox 2047 1943 3643 2019">
    <p class='ocr_par' dir='ltr' id='par_1_51' title="bbox 2047 1943 3643 2019">
     <span class='ocr_line' id='line_1_51' title="bbox 2047 1943 3643 2019; baseline -0.003 -19"><span class='ocrx_word' id='word_1_356' title='bbox 2047 1964 2144 2016; x_wconf 89' lang='grc' dir='ltr'><strong>γον</strong></span> <span class='ocrx_word' id='word_1_357' title='bbox 2175 1945 2648 2019; x_wconf 75' lang='grc' dir='ltr'>προχειρίζεσθαι.</span> <span class='ocrx_word' id='word_1_358' title='bbox 2676 1945 2738 1998; x_wconf 83' lang='grc' dir='ltr'>Εί</span> <span class='ocrx_word' id='word_1_359' title='bbox 2769 1943 2847 2016; x_wconf 83' lang='grc' dir='ltr'>μὴ</span> <span class='ocrx_word' id='word_1_360' title='bbox 2885 1943 2994 2014; x_wconf 77' lang='grc' dir='ltr'>γὰρ</span> <span class='ocrx_word' id='word_1_361' title='bbox 3017 1943 3257 2016; x_wconf 79' lang='grc' dir='ltr'>ἑκατέρᾳ</span> <span class='ocrx_word' id='word_1_362' title='bbox 3285 1943 3394 1996; x_wconf 83' lang='grc' dir='ltr'>τῶν</span> <span class='ocrx_word' id='word_1_363' title='bbox 3420 1943 3643 2013; x_wconf 80' lang='grc' dir='ltr'>φύσεων</span> 
     </span>
    </p>
   </div>
   <div class='ocr_carea' id='block_1_52' title="bbox 2046 2024 3644 2104">
    <p class='ocr_par' dir='ltr' id='par_1_52' title="bbox 2046 2024 3644 2104">
     <span class='ocr_line' id='line_1_52' title="bbox 2046 2024 3644 2104; baseline -0.005 -12"><span class='ocrx_word' id='word_1_364' title='bbox 2046 2039 2118 2092; x_wconf 76' lang='grc' dir='ltr'><strong>τά</strong></span> <span class='ocrx_word' id='word_1_365' title='bbox 2147 2039 2325 2092; x_wconf 87' lang='grc' dir='ltr'>οίκεῖα</span> <span class='ocrx_word' id='word_1_366' title='bbox 2355 2037 2450 2090; x_wconf 71' lang='grc' dir='ltr'>καὶ</span> <span class='ocrx_word' id='word_1_367' title='bbox 2489 2036 2516 2090; x_wconf 85' lang='grc' dir='ltr'>ὃ</span> <span class='ocrx_word' id='word_1_368' title='bbox 2552 2037 2796 2104; x_wconf 75' lang='grc' dir='ltr'>πέφυκεν</span> <span class='ocrx_word' id='word_1_369' title='bbox 2828 2033 2968 2104; x_wconf 80' lang='grc' dir='ltr'>αὐτὴ</span> <span class='ocrx_word' id='word_1_370' title='bbox 2991 2073 3008 2098; x_wconf 96' lang='grc'><strong>,</strong></span> <span class='ocrx_word' id='word_1_371' title='bbox 3049 2024 3338 2104; x_wconf 73' lang='grc' dir='ltr'>άποδοθείὴ</span> <span class='ocrx_word' id='word_1_372' title='bbox 3369 2032 3644 2104; x_wconf 76' lang='grc' dir='ltr'>γνωριζο-</span> 
     </span>
    </p>
   </div>
   <div class='ocr_carea' id='block_1_53' title="bbox 2052 2124 3644 2200">
    <p class='ocr_par' dir='ltr' id='par_1_53' title="bbox 2052 2124 3644 2200">
     <span class='ocr_line' id='line_1_53' title="bbox 2052 2124 3644 2200; baseline -0.003 -19"><span class='ocrx_word' id='word_1_373' title='bbox 2052 2128 2189 2200; x_wconf 76' lang='grc' dir='ltr'>μὲνῃ</span> <span class='ocrx_word' id='word_1_374' title='bbox 2218 2130 2339 2192; x_wconf 82' lang='grc' dir='ltr'>ταῖς</span> <span class='ocrx_word' id='word_1_375' title='bbox 2373 2125 2620 2196; x_wconf 75' lang='grc' dir='ltr'>ἰδιότησι,</span> <span class='ocrx_word' id='word_1_376' title='bbox 2648 2124 2752 2179; x_wconf 84' lang='grc' dir='ltr'><strong>ποῦ</strong></span> <span class='ocrx_word' id='word_1_377' title='bbox 2779 2126 2918 2195; x_wconf 43' lang='grc' dir='ltr'>ἡμῖν,</span> <span class='ocrx_word' id='word_1_378' title='bbox 2936 2124 3273 2195; x_wconf 80' lang='grc' dir='ltr'>φανήσονται</span> <span class='ocrx_word' id='word_1_379' title='bbox 3303 2125 3362 2179; x_wconf 88' lang='grc' dir='ltr'><strong>αί</strong></span> <span class='ocrx_word' id='word_1_380' title='bbox 3391 2124 3644 2180; x_wconf 71' lang='grc' dir='ltr'>ἐναντίαι</span> 
     </span>
    </p>
   </div>
   <div class='ocr_carea' id='block_1_54' title="bbox 2049 2215 3644 2290">
    <p class='ocr_par' dir='ltr' id='par_1_54' title="bbox 2049 2215 3644 2290">
     <span class='ocr_line' id='line_1_54' title="bbox 2049 2215 3644 2290; baseline -0.004 -16"><span class='ocrx_word' id='word_1_381' title='bbox 2049 2223 2146 2275; x_wconf 75' lang='grc' dir='ltr'><strong>καὶ</strong></span> <span class='ocrx_word' id='word_1_382' title='bbox 2176 2219 2400 2290; x_wconf 72' lang='grc' dir='ltr'>φυσικαὶ</span> <span class='ocrx_word' id='word_1_383' title='bbox 2428 2218 2688 2290; x_wconf 71' lang='grc' dir='ltr'>διαφοραὶ</span> <span class='ocrx_word' id='word_1_384' title='bbox 2722 2217 2820 2271; x_wconf 72' lang='grc' dir='ltr'><strong>καὶ</strong></span> <span class='ocrx_word' id='word_1_385' title='bbox 2853 2215 3136 2280; x_wconf 81' lang='grc' dir='ltr'>οὐσιῶδεις</span> <span class='ocrx_word' id='word_1_386' title='bbox 3165 2215 3496 2288; x_wconf 81' lang='grc' dir='ltr'>ποιότητες;</span> <span class='ocrx_word' id='word_1_387' title='bbox 3527 2218 3644 2270; x_wconf 72' lang='grc' dir='ltr'><strong>Καὶ</strong></span> 
     </span>
    </p>
   </div>
   <div class='ocr_carea' id='block_1_55' title="bbox 2050 2306 3646 2384">
    <p class='ocr_par' dir='ltr' id='par_1_55' title="bbox 2050 2306 3646 2384">
     <span class='ocr_line' id='line_1_55' title="bbox 2050 2306 3646 2384; baseline -0.001 -20"><span class='ocrx_word' id='word_1_388' title='bbox 2050 2311 2412 2384; x_wconf 81' lang='grc' dir='ltr'>εὑρεθήσεται</span> <span class='ocrx_word' id='word_1_389' title='bbox 2446 2309 2512 2367; x_wconf 67' lang='grc' dir='ltr'>ἐν</span> <span class='ocrx_word' id='word_1_390' title='bbox 2548 2309 2646 2366; x_wconf 77' lang='grc' dir='ltr'>καὶ</span> <span class='ocrx_word' id='word_1_391' title='bbox 2691 2306 2891 2364; x_wconf 72' lang='grc' dir='ltr'>ταύτὸν</span> <span class='ocrx_word' id='word_1_392' title='bbox 2928 2307 2998 2361; x_wconf 80' lang='grc' dir='ltr'><strong>τά</strong></span> <span class='ocrx_word' id='word_1_393' title='bbox 3029 2308 3283 2375; x_wconf 73' lang='grc' dir='ltr'>ἐναντία,</span> <span class='ocrx_word' id='word_1_394' title='bbox 3330 2311 3469 2381; x_wconf 76' lang='grc' dir='ltr'>ὅπερ</span> <span class='ocrx_word' id='word_1_395' title='bbox 3518 2307 3646 2363; x_wconf 84' lang='grc' dir='ltr'>ἀδύ-</span> 
     </span>
    </p>
   </div>
   <div class='ocr_carea' id='block_1_56' title="bbox 2050 2419 2231 2458">
    <p class='ocr_par' dir='ltr' id='par_1_56' title="bbox 2050 2419 2231 2458">
     <span class='ocr_line' id='line_1_56' title="bbox 2050 2419 2231 2458; baseline 0 0"><span class='ocrx_word' id='word_1_396' title='bbox 2050 2419 2231 2458; x_wconf 84' lang='grc' dir='ltr'>νατον.</span> 
     </span>
    </p>
   </div>
   <div class='ocr_carea' id='block_1_57' title="bbox 2125 2627 3642 2703">
    <p class='ocr_par' dir='ltr' id='par_1_57' title="bbox 2125 2627 3642 2703">
     <span class='ocr_line' id='line_1_57' title="bbox 2125 2627 3642 2703; baseline 0 -17"><span class='ocrx_word' id='word_1_397' title='bbox 2125 2629 2201 2702; x_wconf 85' lang='grc' dir='ltr'>μ’.</span> <span class='ocrx_word' id='word_1_398' title='bbox 2249 2627 2548 2703; x_wconf 75' lang='grc' dir='ltr'>Ἀρειανῶν</span> <span class='ocrx_word' id='word_1_399' title='bbox 2568 2629 2752 2684; x_wconf 84' lang='grc' dir='ltr'>ταῦτα</span> <span class='ocrx_word' id='word_1_400' title='bbox 2786 2629 2882 2684; x_wconf 70' lang='grc' dir='ltr'>καὶ</span> <span class='ocrx_word' id='word_1_401' title='bbox 2921 2629 3303 2701; x_wconf 64' lang='grc' dir='ltr'>’Ἀπολιναρίου</span> <span class='ocrx_word' id='word_1_402' title='bbox 3331 2631 3433 2684; x_wconf 71' lang='grc' dir='ltr'>καὶ</span> <span class='ocrx_word' id='word_1_403' title='bbox 3460 2632 3642 2686; x_wconf 78' lang='grc' dir='ltr'>Εὐτυ-</span> 
     </span>
    </p>
   </div>
   <div class='ocr_carea' id='block_1_58' title="bbox 2051 2721 3644 2794">
    <p class='ocr_par' dir='ltr' id='par_1_58' title="bbox 2051 2721 3644 2794">
     <span class='ocr_line' id='line_1_58' title="bbox 2051 2721 3644 2794; baseline -0.001 -17"><span class='ocrx_word' id='word_1_404' title='bbox 2051 2721 2204 2793; x_wconf 68' lang='grc' dir='ltr'>κοῦς,</span> <span class='ocrx_word' id='word_1_405' title='bbox 2241 2723 2340 2777; x_wconf 82' lang='grc' dir='ltr'>καὶ</span> <span class='ocrx_word' id='word_1_406' title='bbox 2372 2723 2474 2794; x_wconf 83' lang='grc' dir='ltr'>τῆς</span> <span class='ocrx_word' id='word_1_407' title='bbox 2519 2721 2857 2792; x_wconf 84' lang='grc' dir='ltr'>συγχυτικῆς</span> <span class='ocrx_word' id='word_1_408' title='bbox 2889 2722 2985 2776; x_wconf 73' lang='grc' dir='ltr'>καὶ</span> <span class='ocrx_word' id='word_1_409' title='bbox 3027 2721 3306 2791; x_wconf 77' lang='grc' dir='ltr'>ἀκεφάλου</span> <span class='ocrx_word' id='word_1_410' title='bbox 3339 2722 3538 2793; x_wconf 84' lang='grc' dir='ltr'>μοίρας</span> <span class='ocrx_word' id='word_1_411' title='bbox 3573 2723 3644 2776; x_wconf 84' lang='grc' dir='ltr'>τὰ</span> 
     </span>
    </p>
   </div>
   <div class='ocr_carea' id='block_1_59' title="bbox 2055 2805 3642 2884">
    <p class='ocr_par' dir='ltr' id='par_1_59' title="bbox 2055 2805 3642 2884">
     <span class='ocr_line' id='line_1_59' title="bbox 2055 2805 3642 2884; baseline -0.001 -17"><span class='ocrx_word' id='word_1_412' title='bbox 2055 2813 2321 2884; x_wconf 76' lang='grc' dir='ltr'>φάσματα</span> <span class='ocrx_word' id='word_1_413' title='bbox 2369 2812 2464 2867; x_wconf 75' lang='grc' dir='ltr'><strong>καὶ</strong></span> <span class='ocrx_word' id='word_1_414' title='bbox 2516 2810 2866 2883; x_wconf 80' lang='grc' dir='ltr'>σοφίσματα,</span> <span class='ocrx_word' id='word_1_415' title='bbox 2917 2805 2995 2864; x_wconf 85' lang='grc' dir='ltr'>ὧν</span> <span class='ocrx_word' id='word_1_416' title='bbox 3039 2827 3166 2865; x_wconf 90' lang='grc' dir='ltr'>τινα</span> <span class='ocrx_word' id='word_1_417' title='bbox 3229 2811 3642 2882; x_wconf 72' lang='grc' dir='ltr'>παρατεθιντα,</span> 
     </span>
    </p>
   </div>
   <div class='ocr_carea' id='block_1_60' title="bbox 2055 2899 3646 2974">
    <p class='ocr_par' dir='ltr' id='par_1_60' title="bbox 2055 2899 3646 2974">
     <span class='ocr_line' id='line_1_60' title="bbox 2055 2899 3646 2974; baseline -0.001 -15"><span class='ocrx_word' id='word_1_418' title='bbox 2055 2905 2180 2959; x_wconf 81' lang='grc' dir='ltr'>ὅσον</span> <span class='ocrx_word' id='word_1_419' title='bbox 2207 2903 2400 2959; x_wconf 85' lang='grc' dir='ltr'>διοίσει</span> <span class='ocrx_word' id='word_1_420' title='bbox 2439 2903 2550 2957; x_wconf 87' lang='grc' dir='ltr'>τῶν</span> <span class='ocrx_word' id='word_1_421' title='bbox 2591 2903 2806 2957; x_wconf 75' lang='grc' dir='ltr'>ἐκείνου</span> <span class='ocrx_word' id='word_1_422' title='bbox 2827 2903 3153 2974; x_wconf 66' lang='grc' dir='ltr'>,ἐμφανιεὶ</span> <span class='ocrx_word' id='word_1_423' title='bbox 3187 2899 3317 2958; x_wconf 81' lang='grc' dir='ltr'>Ὧδε</span> <span class='ocrx_word' id='word_1_424' title='bbox 3349 2904 3459 2974; x_wconf 83' lang='grc' dir='ltr'>γὰρ</span> <span class='ocrx_word' id='word_1_425' title='bbox 3493 2905 3646 2974; x_wconf 75' lang='grc' dir='ltr'>ἔχει’</span> 
     </span>
    </p>
   </div>
   <div class='ocr_carea' id='block_1_61' title="bbox 381 2975 1953 3068">
    <p class='ocr_par' dir='ltr' id='par_1_61' title="bbox 381 2975 1953 3044">
     <span class='ocr_line' id='line_1_61' title="bbox 381 2975 1953 3044; baseline -0.008 0"><span class='ocrx_word' id='word_1_426' title='bbox 381 2988 606 3044; x_wconf 75' lang='lat' dir='ltr'><strong>facient.</strong></span> <span class='ocrx_word' id='word_1_427' title='bbox 634 2985 726 3040; x_wconf 85' lang='lat' dir='ltr'><strong>Sic</strong></span> <span class='ocrx_word' id='word_1_428' title='bbox 757 2984 902 3038; x_wconf 90' lang='lat' dir='ltr'><strong>enim</strong></span> <span class='ocrx_word' id='word_1_429' title='bbox 921 2983 1021 3037; x_wconf 91' lang='lat' dir='ltr'><strong>.hic</strong></span> <span class='ocrx_word' id='word_1_430' title='bbox 1068 2987 1256 3036; x_wconf 87' lang='lat' dir='ltr'><strong>noster</strong></span> <span class='ocrx_word' id='word_1_431' title='bbox 1285 2995 1299 3032; x_wconf 91' lang='lat'><strong>:</strong></span> <span class='ocrx_word' id='word_1_432' title='bbox 1329 2997 1362 3031; x_wconf 77' lang='lat' dir='ltr'><strong>.t</strong></span> <span class='ocrx_word' id='word_1_433' title='bbox 1397 2975 1477 3032; x_wconf 84' lang='lat' dir='ltr'><strong>Ita</strong></span> <span class='ocrx_word' id='word_1_434' title='bbox 1503 2987 1562 3032; x_wconf 91' lang='lat' dir='ltr'><strong>ut</strong></span> <span class='ocrx_word' id='word_1_435' title='bbox 1598 2991 1822 3034; x_wconf 87' lang='lat' dir='ltr'><strong>carnem</strong></span> <span class='ocrx_word' id='word_1_436' title='bbox 1871 2976 1953 3032; x_wconf 87' lang='lat' dir='ltr'><strong>di-</strong></span> 
     </span>
    </p>
   </div>
   <div class='ocr_carea' id='block_1_62' title="bbox 2061 2975 3648 3068">
    <p class='ocr_par' dir='ltr' id='par_1_62' title="bbox 2067 2993 3648 3064">
     <span class='ocr_line' id='line_1_62' title="bbox 2067 2993 3648 3064; baseline 0.001 -17"><span class='ocrx_word' id='word_1_437' title='bbox 2067 3013 2087 3047; x_wconf 82' lang='grc' dir='ltr'><strong>ε</strong></span> <span class='ocrx_word' id='word_1_438' title='bbox 2125 2995 2292 3048; x_wconf 82' lang='grc' dir='ltr'>Ὥστε</span> <span class='ocrx_word' id='word_1_439' title='bbox 2347 2993 2530 3064; x_wconf 82' lang='grc' dir='ltr'>σάρκα</span> <span class='ocrx_word' id='word_1_440' title='bbox 2585 2993 2866 3062; x_wconf 78' lang='grc' dir='ltr'>λέγοντες,</span> <span class='ocrx_word' id='word_1_441' title='bbox 2929 2993 2990 3046; x_wconf 79' lang='grc' dir='ltr'><strong>οὐ</strong></span> <span class='ocrx_word' id='word_1_442' title='bbox 3039 2993 3102 3046; x_wconf 76' lang='grc' dir='ltr'>τὸ</span> <span class='ocrx_word' id='word_1_443' title='bbox 3158 2995 3363 3048; x_wconf 70' lang='grc' dir='ltr'>οίκείοὒ</span> <span class='ocrx_word' id='word_1_444' title='bbox 3411 2995 3648 3064; x_wconf 76' lang='grc' dir='ltr'>ἔχουσαν</span> 
     </span>
    </p>
   </div>
   <div class='ocr_carea' id='block_1_63' title="bbox 379 3070 1956 3149">
    <p class='ocr_par' dir='ltr' id='par_1_63' title="bbox 379 3070 1956 3149">
     <span class='ocr_line' id='line_1_63' title="bbox 379 3070 1956 3149; baseline -0.009 -11"><span class='ocrx_word' id='word_1_445' title='bbox 379 3089 595 3144; x_wconf 85' lang='lat' dir='ltr'><strong>centes,</strong></span> <span class='ocrx_word' id='word_1_446' title='bbox 622 3093 744 3149; x_wconf 74' lang='lat' dir='ltr'><strong>qua:</strong></span> <span class='ocrx_word' id='word_1_447' title='bbox 776 3093 883 3130; x_wconf 92' lang='lat' dir='ltr'><strong>non</strong></span> <span class='ocrx_word' id='word_1_448' title='bbox 917 3075 1194 3146; x_wconf 86' lang='lat' dir='ltr'><strong>propriam</strong></span> <span class='ocrx_word' id='word_1_449' title='bbox 1212 3071 1308 3128; x_wconf 88' lang='lat' dir='ltr'><strong>sed</strong></span> <span class='ocrx_word' id='word_1_450' title='bbox 1342 3070 1436 3128; x_wconf 89' lang='lat' dir='ltr'><strong>Dei</strong></span> <span class='ocrx_word' id='word_1_451' title='bbox 1457 3071 1624 3128; x_wconf 85' lang='lat' dir='ltr'><strong>habet</strong></span> <span class='ocrx_word' id='word_1_452' title='bbox 1646 3085 1956 3140; x_wconf 85' lang='lat' dir='ltr'><strong>personam,</strong></span> 
     </span>
    </p>
   </div>
   <div class='ocr_carea' id='block_1_64' title="bbox 385 3161 1956 3234">
    <p class='ocr_par' dir='ltr' id='par_1_64' title="bbox 385 3161 1956 3234">
     <span class='ocr_line' id='line_1_64' title="bbox 385 3161 1956 3234; baseline -0.006 -9"><span class='ocrx_word' id='word_1_453' title='bbox 385 3175 556 3226; x_wconf 83' lang='lat' dir='ltr'><strong>Deum</strong></span> <span class='ocrx_word' id='word_1_454' title='bbox 583 3173 637 3224; x_wconf 90' lang='lat' dir='ltr'><strong>in</strong></span> <span class='ocrx_word' id='word_1_455' title='bbox 661 3168 848 3224; x_wconf 86' lang='lat' dir='ltr'><strong>divina</strong></span> <span class='ocrx_word' id='word_1_456' title='bbox 880 3165 1164 3234; x_wconf 83' lang='lat' dir='ltr'><strong>majestate</strong></span> <span class='ocrx_word' id='word_1_457' title='bbox 1181 3164 1564 3234; x_wconf 68' lang='lat' dir='ltr'><strong>praedicemus.</strong></span> <span class='ocrx_word' id='word_1_458' title='bbox 1593 3180 1616 3214; x_wconf 77' lang='grc' dir='ltr'><strong>ι</strong></span> <span class='ocrx_word' id='word_1_459' title='bbox 1639 3161 1706 3216; x_wconf 87' lang='grc' dir='ltr'>Ει</span> <span class='ocrx_word' id='word_1_460' title='bbox 1728 3176 1918 3216; x_wconf 85' lang='lat' dir='ltr'><strong>rursus</strong></span> <span class='ocrx_word' id='word_1_461' title='bbox 1941 3177 1956 3216; x_wconf 92' lang='lat'><strong>:</strong></span> 
     </span>
    </p>
   </div>
   <div class='ocr_carea' id='block_1_65' title="bbox 389 3249 1958 3328">
    <p class='ocr_par' dir='ltr' id='par_1_65' title="bbox 389 3249 1958 3328">
     <span class='ocr_line' id='line_1_65' title="bbox 389 3249 1958 3328; baseline -0.006 -12"><span class='ocrx_word' id='word_1_462' title='bbox 389 3282 408 3316; x_wconf 73' lang='grc' dir='ltr'><strong>ι</strong></span> <span class='ocrx_word' id='word_1_463' title='bbox 453 3263 512 3318; x_wconf 84' lang='lat' dir='ltr'><strong>Si</strong></span> <span class='ocrx_word' id='word_1_464' title='bbox 551 3261 694 3317; x_wconf 91' lang='lat' dir='ltr'><strong>enim</strong></span> <span class='ocrx_word' id='word_1_465' title='bbox 745 3260 836 3328; x_wconf 90' lang='lat' dir='ltr'><strong>qui</strong></span> <span class='ocrx_word' id='word_1_466' title='bbox 867 3269 951 3313; x_wconf 85' lang='lat' dir='ltr'><strong>est</strong></span> <span class='ocrx_word' id='word_1_467' title='bbox 990 3272 1057 3312; x_wconf 78' lang='lat' dir='ltr'><strong>ex</strong></span> <span class='ocrx_word' id='word_1_468' title='bbox 1099 3255 1344 3328; x_wconf 75' lang='lat' dir='ltr'><strong>Virgine,</strong></span> <span class='ocrx_word' id='word_1_469' title='bbox 1379 3270 1519 3309; x_wconf 87' lang='lat' dir='ltr'><strong>unus</strong></span> <span class='ocrx_word' id='word_1_470' title='bbox 1559 3249 1818 3310; x_wconf 83' lang='lat' dir='ltr'><strong>Dominus</strong></span> <span class='ocrx_word' id='word_1_471' title='bbox 1862 3268 1958 3322; x_wconf 83' lang='lat' dir='ltr'><strong>ap-</strong></span> 
     </span>
    </p>
   </div>
   <div class='ocr_carea' id='block_1_66' title="bbox 383 3343 1958 3425">
    <p class='ocr_par' dir='ltr' id='par_1_66' title="bbox 383 3343 1958 3425">
     <span class='ocr_line' id='line_1_66' title="bbox 383 3343 1958 3425; baseline -0.008 -15"><span class='ocrx_word' id='word_1_472' title='bbox 383 3355 620 3425; x_wconf 86' lang='lat' dir='ltr'><strong>pellatus</strong></span> <span class='ocrx_word' id='word_1_473' title='bbox 649 3362 758 3418; x_wconf 73' lang='lat' dir='ltr'><strong>eat,</strong></span> <span class='ocrx_word' id='word_1_474' title='bbox 791 3362 845 3404; x_wconf 91' lang='lat' dir='ltr'><strong>et</strong></span> <span class='ocrx_word' id='word_1_475' title='bbox 875 3351 993 3420; x_wconf 84' lang='lat' dir='ltr'><strong>ipse</strong></span> <span class='ocrx_word' id='word_1_476' title='bbox 1025 3358 1109 3404; x_wconf 83' lang='lat' dir='ltr'><strong>est</strong></span> <span class='ocrx_word' id='word_1_477' title='bbox 1131 3362 1226 3420; x_wconf 89' lang='lat' dir='ltr'><strong>per</strong></span> <span class='ocrx_word' id='word_1_478' title='bbox 1253 3361 1412 3416; x_wconf 87' lang='lat' dir='ltr'><strong>quem</strong></span> <span class='ocrx_word' id='word_1_479' title='bbox 1442 3346 1628 3401; x_wconf 86' lang='lat' dir='ltr'><strong>omnia</strong></span> <span class='ocrx_word' id='word_1_480' title='bbox 1659 3343 1958 3410; x_wconf 82' lang='lat' dir='ltr'><strong>iactasuut,</strong></span> 
     </span>
    </p>
   </div>
   <div class='ocr_carea' id='block_1_67' title="bbox 384 3441 1959 3514">
    <p class='ocr_par' dir='ltr' id='par_1_67' title="bbox 384 3441 1959 3514">
     <span class='ocr_line' id='line_1_67' title="bbox 384 3441 1959 3514; baseline -0.006 -14"><span class='ocrx_word' id='word_1_481' title='bbox 384 3462 491 3502; x_wconf 82' lang='lat' dir='ltr'><strong>una</strong></span> <span class='ocrx_word' id='word_1_482' title='bbox 543 3447 734 3514; x_wconf 91' lang='lat' dir='ltr'><strong>utique</strong></span> <span class='ocrx_word' id='word_1_483' title='bbox 766 3453 960 3498; x_wconf 87' lang='lat' dir='ltr'><strong>natura</strong></span> <span class='ocrx_word' id='word_1_484' title='bbox 991 3449 1098 3508; x_wconf 90' lang='lat' dir='ltr'><strong>est,</strong></span> <span class='ocrx_word' id='word_1_485' title='bbox 1125 3441 1386 3511; x_wconf 88' lang='lat' dir='ltr'><strong>quoniam</strong></span> <span class='ocrx_word' id='word_1_486' title='bbox 1427 3453 1533 3493; x_wconf 90' lang='lat' dir='ltr'><strong>una</strong></span> <span class='ocrx_word' id='word_1_487' title='bbox 1582 3453 1813 3508; x_wconf 87' lang='lat' dir='ltr'><strong>persona</strong></span> <span class='ocrx_word' id='word_1_488' title='bbox 1852 3451 1959 3492; x_wconf 88' lang='lat' dir='ltr'><strong>non</strong></span> 
     </span>
    </p>
   </div>
   <div class='ocr_carea' id='block_1_68' title="bbox 385 3523 1964 3608">
    <p class='ocr_par' dir='ltr' id='par_1_68' title="bbox 385 3523 1964 3608">
     <span class='ocr_line' id='line_1_68' title="bbox 385 3523 1964 3608; baseline -0.004 -17"><span class='ocrx_word' id='word_1_489' title='bbox 385 3539 588 3608; x_wconf 85' lang='lat' dir='ltr'><strong>patitur</strong></span> <span class='ocrx_word' id='word_1_490' title='bbox 619 3537 672 3592; x_wconf 92' lang='lat' dir='ltr'><strong>in</strong></span> <span class='ocrx_word' id='word_1_491' title='bbox 727 3537 836 3592; x_wconf 90' lang='lat' dir='ltr'><strong>duo</strong></span> <span class='ocrx_word' id='word_1_492' title='bbox 877 3534 1202 3590; x_wconf 84' lang='lat' dir='ltr'><strong>divisionem</strong></span> <span class='ocrx_word' id='word_1_493' title='bbox 1247 3551 1261 3588; x_wconf 90' lang='lat'><strong>:</strong></span> <span class='ocrx_word' id='word_1_494' title='bbox 1297 3523 1737 3603; x_wconf 86' lang='lat' dir='ltr'><strong>quandoquidem</strong></span> <span class='ocrx_word' id='word_1_495' title='bbox 1783 3544 1964 3600; x_wconf 85' lang='lat' dir='ltr'><strong>neque</strong></span> 
     </span>
    </p>
   </div>
   <div class='ocr_carea' id='block_1_69' title="bbox 385 3623 1963 3702">
    <p class='ocr_par' dir='ltr' id='par_1_69' title="bbox 385 3623 1963 3702">
     <span class='ocr_line' id='line_1_69' title="bbox 385 3623 1963 3702; baseline -0.005 -18"><span class='ocrx_word' id='word_1_496' title='bbox 385 3633 608 3702; x_wconf 82' lang='lat' dir='ltr'><strong>propria</strong></span> <span class='ocrx_word' id='word_1_497' title='bbox 662 3640 858 3684; x_wconf 88' lang='lat' dir='ltr'><strong>natura</strong></span> <span class='ocrx_word' id='word_1_498' title='bbox 896 3627 1168 3697; x_wconf 91' lang='lat' dir='ltr'><strong>corporis,</strong></span> <span class='ocrx_word' id='word_1_499' title='bbox 1204 3635 1258 3680; x_wconf 89' lang='lat' dir='ltr'><strong>et</strong></span> <span class='ocrx_word' id='word_1_500' title='bbox 1292 3625 1512 3695; x_wconf 88' lang='lat' dir='ltr'><strong>propria</strong></span> <span class='ocrx_word' id='word_1_501' title='bbox 1559 3635 1756 3678; x_wconf 86' lang='lat' dir='ltr'><strong>natura</strong></span> <span class='ocrx_word' id='word_1_502' title='bbox 1788 3623 1963 3679; x_wconf 83' lang='lat' dir='ltr'><strong>deitas</strong></span> 
     </span>
    </p>
   </div>
   <div class='ocr_carea' id='block_1_70' title="bbox 385 3713 1964 3780">
    <p class='ocr_par' dir='ltr' id='par_1_70' title="bbox 385 3713 1964 3780">
     <span class='ocr_line' id='line_1_70' title="bbox 385 3713 1964 3780; baseline -0.004 -4"><span class='ocrx_word' id='word_1_503' title='bbox 385 3721 688 3776; x_wconf 80' lang='lat' dir='ltr'><strong>secundum</strong></span> <span class='ocrx_word' id='word_1_504' title='bbox 743 3733 964 3773; x_wconf 87' lang='lat' dir='ltr'><strong>carnem</strong></span> <span class='ocrx_word' id='word_1_505' title='bbox 1006 3718 1146 3774; x_wconf 82' lang='lat' dir='ltr'><strong>:sed</strong></span> <span class='ocrx_word' id='word_1_506' title='bbox 1199 3726 1258 3771; x_wconf 92' lang='lat' dir='ltr'><strong>ut</strong></span> <span class='ocrx_word' id='word_1_507' title='bbox 1292 3717 1454 3772; x_wconf 90' lang='lat' dir='ltr'><strong>homo</strong></span> <span class='ocrx_word' id='word_1_508' title='bbox 1500 3730 1605 3769; x_wconf 86' lang='lat' dir='ltr'><strong>una</strong></span> <span class='ocrx_word' id='word_1_509' title='bbox 1636 3725 1858 3780; x_wconf 80' lang='lat' dir='ltr'><strong>natura,</strong></span> <span class='ocrx_word' id='word_1_510' title='bbox 1884 3713 1964 3769; x_wconf 89' lang='lat' dir='ltr'><strong>sic</strong></span> 
     </span>
    </p>
   </div>
   <div class='ocr_carea' id='block_1_71' title="bbox 388 3806 1958 3868">
    <p class='ocr_par' dir='ltr' id='par_1_71' title="bbox 388 3806 1958 3868">
     <span class='ocr_line' id='line_1_71' title="bbox 388 3806 1958 3868; baseline -0.008 0"><span class='ocrx_word' id='word_1_511' title='bbox 388 3815 553 3868; x_wconf 87' lang='lat' dir='ltr'><strong>etiam</strong></span> <span class='ocrx_word' id='word_1_512' title='bbox 588 3813 644 3866; x_wconf 88' lang='lat' dir='ltr'><strong>in</strong></span> <span class='ocrx_word' id='word_1_513' title='bbox 679 3809 1092 3866; x_wconf 82' lang='lat' dir='ltr'><strong>similitudinem</strong></span> <span class='ocrx_word' id='word_1_514' title='bbox 1116 3807 1396 3862; x_wconf 83' lang='lat' dir='ltr'><strong>hominum</strong></span> <span class='ocrx_word' id='word_1_515' title='bbox 1429 3808 1606 3864; x_wconf 81' lang='lat' dir='ltr'><strong>factus</strong></span> <span class='ocrx_word' id='word_1_516' title='bbox 1633 3806 1906 3862; x_wconf 77' lang='lat' dir='ltr'><strong>Christus.</strong></span> <span class='ocrx_word' id='word_1_517' title='bbox 1937 3823 1958 3856; x_wconf 70' lang='grc' dir='ltr'><strong>ι</strong></span> 
     </span>
    </p>
   </div>
   <div class='ocr_carea' id='block_1_72' title="bbox 393 3897 1966 3974">
    <p class='ocr_par' dir='ltr' id='par_1_72' title="bbox 393 3897 1966 3974">
     <span class='ocr_line' id='line_1_72' title="bbox 393 3897 1966 3974; baseline -0.005 -16"><span class='ocrx_word' id='word_1_518' title='bbox 393 3904 672 3972; x_wconf 77' lang='lat' dir='ltr'><strong>Quoniam</strong></span> <span class='ocrx_word' id='word_1_519' title='bbox 701 3902 790 3958; x_wconf 87' lang='lat' dir='ltr'><strong>hic</strong></span> <span class='ocrx_word' id='word_1_520' title='bbox 816 3901 980 3972; x_wconf 71' lang='lat' dir='ltr'><strong>igitur</strong></span> <span class='ocrx_word' id='word_1_521' title='bbox 1005 3913 1170 3974; x_wconf 62' lang='lat' dir='ltr'><strong>atque</strong></span> <span class='ocrx_word' id='word_1_522' title='bbox 1195 3913 1258 3954; x_wconf 91' lang='lat' dir='ltr'><strong>ac</strong></span> <span class='ocrx_word' id='word_1_523' title='bbox 1281 3899 1358 3953; x_wconf 89' lang='lat' dir='ltr'><strong>illi</strong></span> <span class='ocrx_word' id='word_1_524' title='bbox 1385 3897 1646 3968; x_wconf 87' lang='lat' dir='ltr'><strong>loquitur,</strong></span> <span class='ocrx_word' id='word_1_525' title='bbox 1665 3906 1966 3954; x_wconf 77' lang='lat' dir='ltr'><strong>consenta-</strong></span> 
     </span>
    </p>
   </div>
   <div class='ocr_carea' id='block_1_73' title="bbox 393 3987 1960 4060">
    <p class='ocr_par' dir='ltr' id='par_1_73' title="bbox 393 3987 1960 4060">
     <span class='ocr_line' id='line_1_73' title="bbox 393 3987 1960 4060; baseline -0.005 -10"><span class='ocrx_word' id='word_1_526' title='bbox 393 4009 556 4052; x_wconf 84' lang='lat' dir='ltr'><strong>neum</strong></span> <span class='ocrx_word' id='word_1_527' title='bbox 589 3993 638 4048; x_wconf 87' lang='lat' dir='ltr'><strong>ei</strong></span> <span class='ocrx_word' id='word_1_528' title='bbox 671 4004 816 4060; x_wconf 87' lang='lat' dir='ltr'><strong>erat,</strong></span> <span class='ocrx_word' id='word_1_529' title='bbox 843 3999 903 4046; x_wconf 91' lang='lat' dir='ltr'><strong>ut</strong></span> <span class='ocrx_word' id='word_1_530' title='bbox 932 4000 984 4048; x_wconf 89' lang='lat' dir='ltr'><strong>et</strong></span> <span class='ocrx_word' id='word_1_531' title='bbox 1012 4006 1176 4046; x_wconf 87' lang='lat' dir='ltr'><strong>unam</strong></span> <span class='ocrx_word' id='word_1_532' title='bbox 1206 3999 1457 4045; x_wconf 82' lang='lat' dir='ltr'><strong>naturam</strong></span> <span class='ocrx_word' id='word_1_533' title='bbox 1491 3989 1544 4044; x_wconf 92' lang='lat' dir='ltr'><strong>in</strong></span> <span class='ocrx_word' id='word_1_534' title='bbox 1573 3987 1792 4044; x_wconf 85' lang='lat' dir='ltr'><strong>Christo</strong></span> <span class='ocrx_word' id='word_1_535' title='bbox 1813 3989 1960 4043; x_wconf 90' lang='lat' dir='ltr'><strong>dice-</strong></span> 
     </span>
    </p>
   </div>
   <div class='ocr_carea' id='block_1_74' title="bbox 395 4081 1966 4154">
    <p class='ocr_par' dir='ltr' id='par_1_74' title="bbox 395 4081 1966 4154">
     <span class='ocr_line' id='line_1_74' title="bbox 395 4081 1966 4154; baseline -0.004 -14"><span class='ocrx_word' id='word_1_536' title='bbox 395 4097 478 4140; x_wconf 86' lang='lat' dir='ltr'><strong>ret</strong></span> <span class='ocrx_word' id='word_1_537' title='bbox 508 4101 574 4139; x_wconf 80' lang='lat' dir='ltr'><strong>ex</strong></span> <span class='ocrx_word' id='word_1_538' title='bbox 609 4084 875 4140; x_wconf 82' lang='lat' dir='ltr'><strong>atnbahus</strong></span> <span class='ocrx_word' id='word_1_539' title='bbox 915 4083 1298 4154; x_wconf 75' lang='lat' dir='ltr'><strong>compositam,</strong></span> <span class='ocrx_word' id='word_1_540' title='bbox 1342 4098 1408 4138; x_wconf 90' lang='lat' dir='ltr'><strong>ne</strong></span> <span class='ocrx_word' id='word_1_541' title='bbox 1457 4085 1636 4137; x_wconf 88' lang='lat' dir='ltr'><strong>minus</strong></span> <span class='ocrx_word' id='word_1_542' title='bbox 1673 4096 1835 4152; x_wconf 87' lang='lat' dir='ltr'><strong>quam</strong></span> <span class='ocrx_word' id='word_1_543' title='bbox 1889 4081 1966 4136; x_wconf 89' lang='lat' dir='ltr'><strong>illi</strong></span> 
     </span>
    </p>
   </div>
   <div class='ocr_carea' id='block_1_75' title="bbox 388 4176 1968 4248">
    <p class='ocr_par' dir='ltr' id='par_1_75' title="bbox 388 4176 1968 4248">
     <span class='ocr_line' id='line_1_75' title="bbox 388 4176 1968 4248; baseline -0.003 -16"><span class='ocrx_word' id='word_1_544' title='bbox 388 4193 619 4248; x_wconf 88' lang='lat' dir='ltr'><strong>peccare</strong></span> <span class='ocrx_word' id='word_1_545' title='bbox 650 4177 934 4233; x_wconf 82' lang='lat' dir='ltr'><strong>videretur</strong></span> <span class='ocrx_word' id='word_1_546' title='bbox 989 4195 1002 4232; x_wconf 90' lang='lat'>:</span> <span class='ocrx_word' id='word_1_547' title='bbox 1059 4191 1290 4246; x_wconf 88' lang='lat' dir='ltr'><strong>quorum</strong></span> <span class='ocrx_word' id='word_1_548' title='bbox 1327 4176 1414 4231; x_wconf 90' lang='lat' dir='ltr'><strong>hic</strong></span> <span class='ocrx_word' id='word_1_549' title='bbox 1445 4189 1634 4246; x_wconf 85' lang='lat' dir='ltr'><strong>reapse</strong></span> <span class='ocrx_word' id='word_1_550' title='bbox 1691 4177 1968 4246; x_wconf 86' lang='lat' dir='ltr'><strong>impietate</strong></span> 
     </span>
    </p>
   </div>
   <div class='ocr_carea' id='block_1_76' title="bbox 395 4266 1967 4339">
    <p class='ocr_par' dir='ltr' id='par_1_76' title="bbox 395 4266 1967 4339">
     <span class='ocr_line' id='line_1_76' title="bbox 395 4266 1967 4339; baseline -0.001 -16"><span class='ocrx_word' id='word_1_551' title='bbox 395 4287 463 4327; x_wconf 80' lang='lat' dir='ltr'><strong>ac</strong></span> <span class='ocrx_word' id='word_1_552' title='bbox 499 4270 838 4339; x_wconf 73' lang='lat' dir='ltr'><strong>blaSphemia</strong></span> <span class='ocrx_word' id='word_1_553' title='bbox 861 4270 1143 4334; x_wconf 84' lang='lat' dir='ltr'><strong>laborans,</strong></span> <span class='ocrx_word' id='word_1_554' title='bbox 1173 4283 1424 4338; x_wconf 69' lang='lat' dir='ltr'><strong>magnam</strong></span> <span class='ocrx_word' id='word_1_555' title='bbox 1449 4266 1592 4321; x_wconf 87' lang='lat' dir='ltr'><strong>illam</strong></span> <span class='ocrx_word' id='word_1_556' title='bbox 1619 4276 1674 4322; x_wconf 90' lang='lat' dir='ltr'><strong>et</strong></span> <span class='ocrx_word' id='word_1_557' title='bbox 1707 4281 1967 4322; x_wconf 85' lang='lat' dir='ltr'><strong>numero-</strong></span> 
     </span>
    </p>
   </div>
   <div class='ocr_carea' id='block_1_77' title="bbox 2060 3082 3644 3158">
    <p class='ocr_par' dir='ltr' id='par_1_77' title="bbox 2060 3082 3644 3158">
     <span class='ocr_line' id='line_1_77' title="bbox 2060 3082 3644 3158; baseline 0.001 -20"><span class='ocrx_word' id='word_1_558' title='bbox 2060 3085 2354 3157; x_wconf 81' lang='grc' dir='ltr'>πρόσωπον</span> <span class='ocrx_word' id='word_1_559' title='bbox 2392 3085 2532 3138; x_wconf 82' lang='grc' dir='ltr'><strong>ἀλλὰ</strong></span> <span class='ocrx_word' id='word_1_560' title='bbox 2576 3087 2638 3138; x_wconf 84' lang='grc' dir='ltr'>τὸ</span> <span class='ocrx_word' id='word_1_561' title='bbox 2659 3082 2756 3137; x_wconf 91' lang='grc' dir='ltr'><strong>τοῦ</strong></span> <span class='ocrx_word' id='word_1_562' title='bbox 2784 3083 2952 3151; x_wconf 86' lang='grc' dir='ltr'>Θεοῦ,</span> <span class='ocrx_word' id='word_1_563' title='bbox 2983 3083 3118 3138; x_wconf 80' lang='grc' dir='ltr'>Θεὸν</span> <span class='ocrx_word' id='word_1_564' title='bbox 3149 3085 3210 3138; x_wconf 82' lang='grc' dir='ltr'>ὲν</span> <span class='ocrx_word' id='word_1_565' title='bbox 3234 3087 3301 3158; x_wconf 73' lang='grc' dir='ltr'>τῇ</span> <span class='ocrx_word' id='word_1_566' title='bbox 3335 3086 3490 3156; x_wconf 83' lang='grc' dir='ltr'>θεϊκῇ</span> <span class='ocrx_word' id='word_1_567' title='bbox 3513 3085 3644 3156; x_wconf 78' lang='grc' dir='ltr'>δόξῃ</span> 
     </span>
    </p>
   </div>
   <div class='ocr_carea' id='block_1_78' title="bbox 2059 3172 3648 3251">
    <p class='ocr_par' dir='ltr' id='par_1_78' title="bbox 2059 3172 3648 3251">
     <span class='ocr_line' id='line_1_78' title="bbox 2059 3172 3648 3251; baseline 0.001 -20"><span class='ocrx_word' id='word_1_568' title='bbox 2059 3175 2434 3248; x_wconf 82' lang='grc' dir='ltr'>κηρύσσομεν.</span> <span class='ocrx_word' id='word_1_569' title='bbox 2459 3195 2494 3229; x_wconf 73' lang='grc' dir='ltr'><strong>..ε</strong></span> <span class='ocrx_word' id='word_1_570' title='bbox 2530 3176 2642 3229; x_wconf 75' lang='grc' dir='ltr'><strong>Καὶ</strong></span> <span class='ocrx_word' id='word_1_571' title='bbox 2669 3172 2862 3240; x_wconf 74' lang='grc' dir='ltr'>αὖθιςο</span> <span class='ocrx_word' id='word_1_572' title='bbox 2903 3193 2922 3227; x_wconf 80' lang='grc' dir='ltr'><strong>ε</strong></span> <span class='ocrx_word' id='word_1_573' title='bbox 2959 3177 3023 3230; x_wconf 80' lang='lat' dir='ltr'><strong>Et</strong></span> <span class='ocrx_word' id='word_1_574' title='bbox 3053 3177 3165 3248; x_wconf 84' lang='grc' dir='ltr'>γὰρ</span> <span class='ocrx_word' id='word_1_575' title='bbox 3197 3179 3226 3230; x_wconf 81' lang='grc' dir='ltr'><strong>ὁ</strong></span> <span class='ocrx_word' id='word_1_576' title='bbox 3253 3179 3319 3232; x_wconf 76' lang='grc' dir='ltr'>ὲκ</span> <span class='ocrx_word' id='word_1_577' title='bbox 3347 3180 3451 3248; x_wconf 82' lang='grc' dir='ltr'>τῆς</span> <span class='ocrx_word' id='word_1_578' title='bbox 3494 3180 3648 3251; x_wconf 81' lang='grc' dir='ltr'>Παρ-</span> 
     </span>
    </p>
   </div>
   <div class='ocr_carea' id='block_1_79' title="bbox 2060 3263 3646 3338">
    <p class='ocr_par' dir='ltr' id='par_1_79' title="bbox 2060 3263 3646 3338">
     <span class='ocr_line' id='line_1_79' title="bbox 2060 3263 3646 3338; baseline 0.001 -16"><span class='ocrx_word' id='word_1_579' title='bbox 2060 3268 2217 3322; x_wconf 82' lang='grc' dir='ltr'>θένου</span> <span class='ocrx_word' id='word_1_580' title='bbox 2247 3263 2330 3332; x_wconf 76' lang='grc' dir='ltr'>εἷς</span> <span class='ocrx_word' id='word_1_581' title='bbox 2354 3267 2561 3338; x_wconf 84' lang='grc' dir='ltr'>Κύριος</span> <span class='ocrx_word' id='word_1_582' title='bbox 2600 3267 2954 3338; x_wconf 78' lang='grc' dir='ltr'>ὠνόμασται,</span> <span class='ocrx_word' id='word_1_583' title='bbox 2995 3268 3093 3322; x_wconf 72' lang='grc' dir='ltr'>καὶ</span> <span class='ocrx_word' id='word_1_584' title='bbox 3121 3269 3286 3332; x_wconf 80' lang='grc' dir='ltr'>αὑτός</span> <span class='ocrx_word' id='word_1_585' title='bbox 3333 3271 3452 3323; x_wconf 76' lang='grc' dir='ltr'>ἐστι</span> <span class='ocrx_word' id='word_1_586' title='bbox 3488 3271 3558 3324; x_wconf 81' lang='grc' dir='ltr'>δι’</span> <span class='ocrx_word' id='word_1_587' title='bbox 3583 3263 3646 3324; x_wconf 74' lang='grc' dir='ltr'>οὗ</span> 
     </span>
    </p>
   </div>
   <div class='ocr_carea' id='block_1_80' title="bbox 2058 3358 3646 3431">
    <p class='ocr_par' dir='ltr' id='par_1_80' title="bbox 2058 3358 3646 3431">
     <span class='ocr_line' id='line_1_80' title="bbox 2058 3358 3646 3431; baseline 0 -16"><span class='ocrx_word' id='word_1_588' title='bbox 2058 3360 2127 3415; x_wconf 85' lang='grc' dir='ltr'><strong>τά</strong></span> <span class='ocrx_word' id='word_1_589' title='bbox 2153 3360 2332 3413; x_wconf 90' lang='grc' dir='ltr'>πάντα</span> <span class='ocrx_word' id='word_1_590' title='bbox 2355 3358 2571 3428; x_wconf 85' lang='grc' dir='ltr'>γέγονε,</span> <span class='ocrx_word' id='word_1_591' title='bbox 2601 3358 2701 3429; x_wconf 85' lang='grc' dir='ltr'><strong>μία</strong></span> <span class='ocrx_word' id='word_1_592' title='bbox 2723 3358 2888 3429; x_wconf 85' lang='grc' dir='ltr'>φύσις</span> <span class='ocrx_word' id='word_1_593' title='bbox 2913 3360 3084 3428; x_wconf 76' lang='grc' dir='ltr'>ἐστὶν,</span> <span class='ocrx_word' id='word_1_594' title='bbox 3115 3360 3312 3430; x_wconf 72' lang='grc' dir='ltr'>ἐπειδὴ</span> <span class='ocrx_word' id='word_1_595' title='bbox 3350 3361 3646 3431; x_wconf 80' lang='grc' dir='ltr'>πρόσωπον</span> 
     </span>
    </p>
   </div>
   <div class='ocr_carea' id='block_1_81' title="bbox 2060 3449 3648 3521">
    <p class='ocr_par' dir='ltr' id='par_1_81' title="bbox 2060 3449 3648 3521">
     <span class='ocr_line' id='line_1_81' title="bbox 2060 3449 3648 3521; baseline 0.001 -19"><span class='ocrx_word' id='word_1_596' title='bbox 2060 3449 2119 3504; x_wconf 80' lang='grc' dir='ltr'>ἓν</span> <span class='ocrx_word' id='word_1_597' title='bbox 2151 3451 2251 3504; x_wconf 86' lang='grc' dir='ltr'><strong>οὐκ</strong></span> <span class='ocrx_word' id='word_1_598' title='bbox 2278 3449 2403 3520; x_wconf 73' lang='grc' dir='ltr'>,ἕχον</span> <span class='ocrx_word' id='word_1_599' title='bbox 2427 3451 2510 3512; x_wconf 84' lang='grc' dir='ltr'>εἰς</span> <span class='ocrx_word' id='word_1_600' title='bbox 2533 3449 2628 3504; x_wconf 87' lang='grc' dir='ltr'><strong>δύο</strong></span> <span class='ocrx_word' id='word_1_601' title='bbox 2667 3450 2935 3521; x_wconf 86' lang='grc' dir='ltr'>διαίρεσιν</span> <span class='ocrx_word' id='word_1_602' title='bbox 2954 3467 2968 3480; x_wconf 76' lang='grc' dir='ltr'><strong>ο</strong></span> <span class='ocrx_word' id='word_1_603' title='bbox 2995 3451 3120 3504; x_wconf 76' lang='grc' dir='ltr'>ἐπεὶ</span> <span class='ocrx_word' id='word_1_604' title='bbox 3149 3449 3226 3521; x_wconf 78' lang='grc' dir='ltr'>μὴ</span> <span class='ocrx_word' id='word_1_605' title='bbox 3259 3449 3314 3504; x_wconf 75' lang='grc' dir='ltr'>δὲ</span> <span class='ocrx_word' id='word_1_606' title='bbox 3351 3450 3459 3504; x_wconf 84' lang='grc' dir='ltr'>ίδία</span> <span class='ocrx_word' id='word_1_607' title='bbox 3483 3451 3648 3521; x_wconf 84' lang='grc' dir='ltr'>φύσις</span> 
     </span>
    </p>
   </div>
   <div class='ocr_carea' id='block_1_82' title="bbox 2063 3539 3645 3612">
    <p class='ocr_par' dir='ltr' id='par_1_82' title="bbox 2063 3539 3645 3612">
     <span class='ocr_line' id='line_1_82' title="bbox 2063 3539 3645 3612; baseline 0.002 -19"><span class='ocrx_word' id='word_1_608' title='bbox 2063 3539 2339 3610; x_wconf 85' lang='grc' dir='ltr'>σώματος,</span> <span class='ocrx_word' id='word_1_609' title='bbox 2370 3539 2464 3592; x_wconf 74' lang='grc' dir='ltr'>καὶ</span> <span class='ocrx_word' id='word_1_610' title='bbox 2497 3540 2604 3594; x_wconf 84' lang='grc' dir='ltr'>ίδία</span> <span class='ocrx_word' id='word_1_611' title='bbox 2637 3542 2802 3608; x_wconf 82' lang='grc' dir='ltr'>φύσις</span> <span class='ocrx_word' id='word_1_612' title='bbox 2839 3541 2872 3610; x_wconf 76' lang='grc' dir='ltr'><strong>ἡ</strong></span> <span class='ocrx_word' id='word_1_613' title='bbox 2904 3539 3098 3610; x_wconf 78' lang='grc' dir='ltr'>θεότης</span> <span class='ocrx_word' id='word_1_614' title='bbox 3124 3541 3269 3594; x_wconf 82' lang='grc' dir='ltr'>κατὰ</span> <span class='ocrx_word' id='word_1_615' title='bbox 3299 3540 3399 3612; x_wconf 80' lang='grc' dir='ltr'>τὴν</span> <span class='ocrx_word' id='word_1_616' title='bbox 3428 3541 3645 3612; x_wconf 60' lang='grc' dir='ltr'>σάρκα*</span> 
     </span>
    </p>
   </div>
   <div class='ocr_carea' id='block_1_83' title="bbox 2059 3628 3649 3704">
    <p class='ocr_par' dir='ltr' id='par_1_83' title="bbox 2059 3628 3649 3704">
     <span class='ocr_line' id='line_1_83' title="bbox 2059 3628 3649 3704; baseline 0.001 -18"><span class='ocrx_word' id='word_1_617' title='bbox 2059 3631 2176 3686; x_wconf 78' lang='grc' dir='ltr'>ἀλλ’</span> <span class='ocrx_word' id='word_1_618' title='bbox 2203 3631 2280 3693; x_wconf 83' lang='grc' dir='ltr'>ὡς</span> <span class='ocrx_word' id='word_1_619' title='bbox 2306 3631 2594 3702; x_wconf 69' lang='grc' dir='ltr'>ἄνθρωπος</span> <span class='ocrx_word' id='word_1_620' title='bbox 2625 3632 2724 3702; x_wconf 89' lang='grc' dir='ltr'><strong>μία</strong></span> <span class='ocrx_word' id='word_1_621' title='bbox 2759 3631 2944 3702; x_wconf 85' lang='grc' dir='ltr'>φύσις,</span> <span class='ocrx_word' id='word_1_622' title='bbox 2966 3628 3138 3694; x_wconf 79' lang='grc' dir='ltr'>οὕτως</span> <span class='ocrx_word' id='word_1_623' title='bbox 3172 3633 3268 3684; x_wconf 70' lang='grc' dir='ltr'><strong>καὶ</strong></span> <span class='ocrx_word' id='word_1_624' title='bbox 3308 3635 3337 3686; x_wconf 83' lang='grc' dir='ltr'>ὁ</span> <span class='ocrx_word' id='word_1_625' title='bbox 3357 3635 3416 3686; x_wconf 77' lang='grc' dir='ltr'>ὲν</span> <span class='ocrx_word' id='word_1_626' title='bbox 3446 3633 3649 3704; x_wconf 75' lang='grc' dir='ltr'>ὁμοιώ-</span> 
     </span>
    </p>
   </div>
   <div class='ocr_carea' id='block_1_84' title="bbox 2066 3721 3650 3795">
    <p class='ocr_par' dir='ltr' id='par_1_84' title="bbox 2066 3721 3650 3795">
     <span class='ocr_line' id='line_1_84' title="bbox 2066 3721 3650 3795; baseline -0.001 -18"><span class='ocrx_word' id='word_1_627' title='bbox 2066 3740 2197 3795; x_wconf 85' lang='grc' dir='ltr'>ματι</span> <span class='ocrx_word' id='word_1_628' title='bbox 2241 3721 2552 3794; x_wconf 78' lang='grc' dir='ltr'>ἀνθρώπων</span> <span class='ocrx_word' id='word_1_629' title='bbox 2607 3724 2907 3793; x_wconf 86' lang='grc' dir='ltr'>γενόμενος</span> <span class='ocrx_word' id='word_1_630' title='bbox 2955 3721 3218 3792; x_wconf 79' lang='grc' dir='ltr'>Χριστός.</span> <span class='ocrx_word' id='word_1_631' title='bbox 3271 3742 3291 3774; x_wconf 73' lang='grc' dir='ltr'><strong>ι</strong></span> <span class='ocrx_word' id='word_1_632' title='bbox 3351 3723 3508 3777; x_wconf 81' lang='grc' dir='ltr'>Ἐπεὶ</span> <span class='ocrx_word' id='word_1_633' title='bbox 3555 3721 3650 3778; x_wconf 83' lang='grc' dir='ltr'>οὖν</span> 
     </span>
    </p>
   </div>
   <div class='ocr_carea' id='block_1_85' title="bbox 2062 3811 3652 3887">
    <p class='ocr_par' dir='ltr' id='par_1_85' title="bbox 2062 3811 3652 3887">
     <span class='ocr_line' id='line_1_85' title="bbox 2062 3811 3652 3887; baseline 0.002 -19"><span class='ocrx_word' id='word_1_634' title='bbox 2062 3814 2275 3878; x_wconf 75' lang='grc' dir='ltr'>τούτοις</span> <span class='ocrx_word' id='word_1_635' title='bbox 2303 3811 2741 3884; x_wconf 83' lang='grc' dir='ltr'>συμφθέγγεται,</span> <span class='ocrx_word' id='word_1_636' title='bbox 2773 3817 3071 3872; x_wconf 83' lang='grc' dir='ltr'>ἀκόλουθον</span> <span class='ocrx_word' id='word_1_637' title='bbox 3092 3811 3161 3887; x_wconf 81' lang='grc' dir='ltr'>ἦν</span> <span class='ocrx_word' id='word_1_638' title='bbox 3196 3815 3346 3886; x_wconf 83' lang='grc' dir='ltr'>αὐτῷ</span> <span class='ocrx_word' id='word_1_639' title='bbox 3383 3817 3479 3870; x_wconf 81' lang='grc' dir='ltr'>καὶ</span> <span class='ocrx_word' id='word_1_640' title='bbox 3519 3819 3652 3887; x_wconf 81' lang='grc' dir='ltr'>μίαν</span> 
     </span>
    </p>
   </div>
   <div class='ocr_carea' id='block_1_86' title="bbox 2064 3905 3652 3981">
    <p class='ocr_par' dir='ltr' id='par_1_86' title="bbox 2064 3905 3652 3981">
     <span class='ocr_line' id='line_1_86' title="bbox 2064 3905 3652 3981; baseline 0.001 -21"><span class='ocrx_word' id='word_1_641' title='bbox 2064 3906 2230 3976; x_wconf 83' lang='grc' dir='ltr'>φύσιν</span> <span class='ocrx_word' id='word_1_642' title='bbox 2264 3905 2446 3976; x_wconf 77' lang='grc' dir='ltr'>λέγειν</span> <span class='ocrx_word' id='word_1_643' title='bbox 2492 3909 2868 3980; x_wconf 80' lang='grc' dir='ltr'>συγκειμένην</span> <span class='ocrx_word' id='word_1_644' title='bbox 2917 3907 2980 3974; x_wconf 76' lang='grc' dir='ltr'><strong>ἐξ</strong></span> <span class='ocrx_word' id='word_1_645' title='bbox 3010 3911 3215 3980; x_wconf 75' lang='grc' dir='ltr'>ἀμφοῖν</span> <span class='ocrx_word' id='word_1_646' title='bbox 3258 3909 3352 3962; x_wconf 77' lang='grc' dir='ltr'><strong>ἐπὶ</strong></span> <span class='ocrx_word' id='word_1_647' title='bbox 3381 3907 3477 3962; x_wconf 82' lang='grc' dir='ltr'><strong>τοῦ</strong></span> <span class='ocrx_word' id='word_1_648' title='bbox 3509 3911 3652 3981; x_wconf 72' lang='grc' dir='ltr'>Χριο</span> 
     </span>
    </p>
   </div>
   <div class='ocr_carea' id='block_1_87' title="bbox 2067 3998 3652 4074">
    <p class='ocr_par' dir='ltr' id='par_1_87' title="bbox 2067 3998 3652 4074">
     <span class='ocr_line' id='line_1_87' title="bbox 2067 3998 3652 4074; baseline 0.001 -21"><span class='ocrx_word' id='word_1_649' title='bbox 2067 3998 2219 4064; x_wconf 88' lang='grc' dir='ltr'>στσῦ,</span> <span class='ocrx_word' id='word_1_650' title='bbox 2258 3999 2348 4054; x_wconf 88' lang='grc' dir='ltr'><strong>ίνα</strong></span> <span class='ocrx_word' id='word_1_651' title='bbox 2401 3998 2895 4071; x_wconf 79' lang='grc' dir='ltr'>συνεξαμαρτάνων</span> <span class='ocrx_word' id='word_1_652' title='bbox 2945 4003 3132 4066; x_wconf 79' lang='grc' dir='ltr'>αὐτοῖς</span> <span class='ocrx_word' id='word_1_653' title='bbox 3181 4005 3248 4074; x_wconf 79' lang='grc' dir='ltr'>τῇ</span> <span class='ocrx_word' id='word_1_654' title='bbox 3299 4001 3530 4073; x_wconf 75' lang='grc' dir='ltr'>ἀσεϐείᾳ</span> <span class='ocrx_word' id='word_1_655' title='bbox 3574 4003 3652 4074; x_wconf 70' lang='grc' dir='ltr'>μὴ</span> 
     </span>
    </p>
   </div>
   <div class='ocr_carea' id='block_1_88' title="bbox 2065 4089 3652 4162">
    <p class='ocr_par' dir='ltr' id='par_1_88' title="bbox 2065 4089 3652 4162">
     <span class='ocr_line' id='line_1_88' title="bbox 2065 4089 3652 4162; baseline 0.001 -18"><span class='ocrx_word' id='word_1_656' title='bbox 2065 4089 2284 4162; x_wconf 80' lang='grc' dir='ltr'>καθυφῇ</span> <span class='ocrx_word' id='word_1_657' title='bbox 2307 4105 2321 4122; x_wconf 76' lang='grc' dir='ltr'><strong><em>ο</em></strong></span> <span class='ocrx_word' id='word_1_658' title='bbox 2372 4090 2581 4144; x_wconf 86' lang='grc' dir='ltr'>τούτων</span> <span class='ocrx_word' id='word_1_659' title='bbox 2626 4090 2736 4160; x_wconf 88' lang='grc' dir='ltr'><strong>γάρ</strong></span> <span class='ocrx_word' id='word_1_660' title='bbox 2767 4091 2829 4144; x_wconf 80' lang='grc' dir='ltr'>τὸ</span> <span class='ocrx_word' id='word_1_661' title='bbox 2870 4091 3036 4147; x_wconf 85' lang='grc' dir='ltr'>άθεον</span> <span class='ocrx_word' id='word_1_662' title='bbox 3069 4091 3247 4156; x_wconf 75' lang='grc' dir='ltr'>ὅντως</span> <span class='ocrx_word' id='word_1_663' title='bbox 3279 4093 3376 4146; x_wconf 79' lang='grc' dir='ltr'><strong>καὶ</strong></span> <span class='ocrx_word' id='word_1_664' title='bbox 3409 4092 3652 4162; x_wconf 78' lang='grc' dir='ltr'>βλάσφη-</span> 
     </span>
    </p>
   </div>
   <div class='ocr_carea' id='block_1_89' title="bbox 2069 4181 3652 4255">
    <p class='ocr_par' dir='ltr' id='par_1_89' title="bbox 2069 4181 3652 4255">
     <span class='ocr_line' id='line_1_89' title="bbox 2069 4181 3652 4255; baseline 0.003 -21"><span class='ocrx_word' id='word_1_665' title='bbox 2069 4199 2170 4252; x_wconf 90' lang='grc' dir='ltr'><strong>μον</strong></span> <span class='ocrx_word' id='word_1_666' title='bbox 2197 4181 2392 4246; x_wconf 85' lang='grc' dir='ltr'>νοσῶν,</span> <span class='ocrx_word' id='word_1_667' title='bbox 2423 4181 2524 4252; x_wconf 79' lang='grc' dir='ltr'>τὴν</span> <span class='ocrx_word' id='word_1_668' title='bbox 2566 4181 2814 4254; x_wconf 80' lang='grc' dir='ltr'>μεγάλην</span> <span class='ocrx_word' id='word_1_669' title='bbox 2841 4182 3061 4254; x_wconf 72' lang='grc' dir='ltr'>ἐκείνην</span> <span class='ocrx_word' id='word_1_670' title='bbox 3086 4185 3181 4238; x_wconf 82' lang='grc' dir='ltr'>καὶ</span> <span class='ocrx_word' id='word_1_671' title='bbox 3220 4183 3652 4255; x_wconf 73' lang='grc' dir='ltr'>πολυάνθρωπον</span> 
     </span>
    </p>
   </div>
   <div class='ocr_carea' id='block_1_90' title="bbox 2071 4271 3654 4346">
    <p class='ocr_par' dir='ltr' id='par_1_90' title="bbox 2071 4271 3654 4346">
     <span class='ocr_line' id='line_1_90' title="bbox 2071 4271 3654 4346; baseline 0.003 -22"><span class='ocrx_word' id='word_1_672' title='bbox 2071 4271 2227 4344; x_wconf 85' lang='grc' dir='ltr'>ίερὰν</span> <span class='ocrx_word' id='word_1_673' title='bbox 2257 4271 2475 4328; x_wconf 81' lang='grc' dir='ltr'>σύνοδον</span> <span class='ocrx_word' id='word_1_674' title='bbox 2509 4271 2778 4344; x_wconf 77' lang='grc' dir='ltr'>ἀθετῆσαι</span> <span class='ocrx_word' id='word_1_675' title='bbox 2822 4274 3180 4340; x_wconf 76' lang='grc' dir='ltr'>ἐσπούδασεν,</span> <span class='ocrx_word' id='word_1_676' title='bbox 3221 4275 3348 4346; x_wconf 69' lang='grc' dir='ltr'>ἥτις</span> <span class='ocrx_word' id='word_1_677' title='bbox 3401 4275 3495 4328; x_wconf 72' lang='grc' dir='ltr'>τὸν</span> <span class='ocrx_word' id='word_1_678' title='bbox 3521 4275 3654 4346; x_wconf 75' lang='grc' dir='ltr'>περὶ</span> 
     </span>
    </p>
   </div>
   <div class='ocr_carea' id='block_1_91' title="bbox 387 4361 1953 4438">
    <p class='ocr_par' dir='ltr' id='par_1_91' title="bbox 387 4361 1953 4438">
     <span class='ocr_line' id='line_1_91' title="bbox 387 4361 1953 4438; baseline -0.002 -20"><span class='ocrx_word' id='word_1_679' title='bbox 387 4363 665 4418; x_wconf 84' lang='lat' dir='ltr'><strong>sissimam</strong></span> <span class='ocrx_word' id='word_1_680' title='bbox 691 4363 911 4417; x_wconf 77' lang='lat' dir='ltr'><strong>abolere</strong></span> <span class='ocrx_word' id='word_1_681' title='bbox 933 4363 1130 4432; x_wconf 69' lang='lat' dir='ltr'><strong>sategit</strong></span> <span class='ocrx_word' id='word_1_682' title='bbox 1151 4363 1364 4417; x_wconf 78' lang='lat' dir='ltr'><strong>sac‘ram</strong></span> <span class='ocrx_word' id='word_1_683' title='bbox 1389 4364 1651 4432; x_wconf 76' lang='lat' dir='ltr'><strong>synodum</strong></span> <span class='ocrx_word' id='word_1_684' title='bbox 1673 4361 1822 4438; x_wconf 65' lang='grc'><strong>,(56),</strong></span> <span class='ocrx_word' id='word_1_685' title='bbox 1845 4377 1953 4431; x_wconf 73' lang='lat' dir='ltr'><strong>qua</strong></span> 
     </span>
    </p>
   </div>
   <div class='ocr_carea' id='block_1_92' title="bbox 2061 4361 3653 4438">
    <p class='ocr_par' dir='ltr' id='par_1_92' title="bbox 2068 4363 3653 4434">
     <span class='ocr_line' id='line_1_92' title="bbox 2068 4363 3653 4434; baseline 0.001 -17"><span class='ocrx_word' id='word_1_686' title='bbox 2068 4363 2169 4434; x_wconf 75' lang='grc' dir='ltr'>τῆς</span> <span class='ocrx_word' id='word_1_687' title='bbox 2203 4365 2346 4418; x_wconf 82' lang='grc' dir='ltr'>κατὰ</span> <span class='ocrx_word' id='word_1_688' title='bbox 2379 4363 2616 4434; x_wconf 80' lang='grc' dir='ltr'>Χριστὸν</span> <span class='ocrx_word' id='word_1_689' title='bbox 2646 4364 3002 4429; x_wconf 81' lang='grc' dir='ltr'>ὑποστάσεως</span> <span class='ocrx_word' id='word_1_690' title='bbox 3047 4365 3144 4419; x_wconf 79' lang='grc' dir='ltr'>καὶ</span> <span class='ocrx_word' id='word_1_691' title='bbox 3181 4365 3290 4419; x_wconf 88' lang='grc' dir='ltr'><strong>τῶν</strong></span> <span class='ocrx_word' id='word_1_692' title='bbox 3335 4364 3458 4418; x_wconf 83' lang='grc' dir='ltr'>κατ’</span> <span class='ocrx_word' id='word_1_693' title='bbox 3487 4364 3653 4419; x_wconf 81' lang='grc' dir='ltr'>αὐ.δν</span> 
     </span>
    </p>
   </div>
   <div class='ocr_carea' id='block_1_93' title="bbox 394 4451 1964 4524">
    <p class='ocr_par' dir='ltr' id='par_1_93' title="bbox 394 4451 1964 4524">
     <span class='ocr_line' id='line_1_93' title="bbox 394 4451 1964 4524; baseline 0 -15"><span class='ocrx_word' id='word_1_694' title='bbox 394 4451 710 4509; x_wconf 79' lang='lat' dir='ltr'><strong>doctrinam</strong></span> <span class='ocrx_word' id='word_1_695' title='bbox 741 4453 808 4509; x_wconf 88' lang='lat' dir='ltr'><strong>de</strong></span> <span class='ocrx_word' id='word_1_696' title='bbox 837 4453 1039 4509; x_wconf 86' lang='lat' dir='ltr'><strong>Christi</strong></span> <span class='ocrx_word' id='word_1_697' title='bbox 1068 4453 1368 4524; x_wconf 82' lang='lat' dir='ltr'><strong>hypostasi,</strong></span> <span class='ocrx_word' id='word_1_698' title='bbox 1387 4456 1560 4522; x_wconf 88' lang='lat' dir='ltr'><strong>deque</strong></span> <span class='ocrx_word' id='word_1_699' title='bbox 1579 4453 1696 4522; x_wconf 78' lang='lat' dir='ltr'><strong>ejus</strong></span> <span class='ocrx_word' id='word_1_700' title='bbox 1733 4455 1964 4519; x_wconf 85' lang='lat' dir='ltr'><strong>naturis.</strong></span> 
     </span>
    </p>
   </div>
   <div class='ocr_carea' id='block_1_94' title="bbox 389 4543 1967 4618">
    <p class='ocr_par' dir='ltr' id='par_1_94' title="bbox 389 4543 1967 4618">
     <span class='ocr_line' id='line_1_94' title="bbox 389 4543 1967 4618; baseline -0.001 -16"><span class='ocrx_word' id='word_1_701' title='bbox 389 4545 578 4602; x_wconf 77' lang='lat' dir='ltr'><strong>divino</strong></span> <span class='ocrx_word' id='word_1_702' title='bbox 613 4543 823 4618; x_wconf 88' lang='lat' dir='ltr'><strong>Spiritu</strong></span> <span class='ocrx_word' id='word_1_703' title='bbox 877 4558 1121 4617; x_wconf 88' lang='lat' dir='ltr'><strong>permota</strong></span> <span class='ocrx_word' id='word_1_704' title='bbox 1155 4546 1468 4612; x_wconf 83' lang='lat' dir='ltr'><strong>edisseruit,</strong></span> <span class='ocrx_word' id='word_1_705' title='bbox 1503 4545 1700 4602; x_wconf 77' lang='lat' dir='ltr'><strong>divina:</strong></span> <span class='ocrx_word' id='word_1_706' title='bbox 1743 4560 1967 4602; x_wconf 61' lang='lat' dir='ltr'><strong>oecono-</strong></span> 
     </span>
    </p>
   </div>
   <div class='ocr_carea' id='block_1_95' title="bbox 392 4636 1972 4709">
    <p class='ocr_par' dir='ltr' id='par_1_95' title="bbox 392 4636 1972 4709">
     <span class='ocr_line' id='line_1_95' title="bbox 392 4636 1972 4709; baseline 0 -19"><span class='ocrx_word' id='word_1_707' title='bbox 392 4638 514 4699; x_wconf 75' lang='lat' dir='ltr'><strong>mia:</strong></span> <span class='ocrx_word' id='word_1_708' title='bbox 555 4640 876 4709; x_wconf 80' lang='lat' dir='ltr'><strong>mysterium</strong></span> <span class='ocrx_word' id='word_1_709' title='bbox 913 4637 1258 4692; x_wconf 78' lang='lat' dir='ltr'><strong>manifestius</strong></span> <span class='ocrx_word' id='word_1_710' title='bbox 1308 4637 1462 4692; x_wconf 89' lang='lat' dir='ltr'><strong>nobis</strong></span> <span class='ocrx_word' id='word_1_711' title='bbox 1505 4646 1558 4692; x_wconf 87' lang='lat' dir='ltr'><strong>et</strong></span> <span class='ocrx_word' id='word_1_712' title='bbox 1599 4636 1972 4708; x_wconf 76' lang='lat' dir='ltr'><strong>clarius-pra:-</strong></span> 
     </span>
    </p>
   </div>
   <div class='ocr_carea' id='block_1_96' title="bbox 391 4725 597 4782">
    <p class='ocr_par' dir='ltr' id='par_1_96' title="bbox 391 4725 597 4782">
     <span class='ocr_line' id='line_1_96' title="bbox 391 4725 597 4782; baseline -0.005 -1"><span class='ocrx_word' id='word_1_713' title='bbox 391 4725 597 4782; x_wconf 87' lang='lat' dir='ltr'><strong>dicans.</strong></span> 
     </span>
    </p>
   </div>
   <div class='ocr_carea' id='block_1_97' title="bbox 463 4817 1969 4888">
    <p class='ocr_par' dir='ltr' id='par_1_97' title="bbox 463 4817 1969 4888">
     <span class='ocr_line' id='line_1_97' title="bbox 463 4817 1969 4888; baseline -0.001 -15"><span class='ocrx_word' id='word_1_714' title='bbox 463 4819 675 4873; x_wconf 84' lang='lat' dir='ltr'><strong>Etenim</strong></span> <span class='ocrx_word' id='word_1_715' title='bbox 735 4819 910 4888; x_wconf 84' lang='lat' dir='ltr'><strong>primo</strong></span> <span class='ocrx_word' id='word_1_716' title='bbox 945 4817 1486 4872; x_wconf 83' lang='lat' dir='ltr'><strong>animadvertendum</strong></span> <span class='ocrx_word' id='word_1_717' title='bbox 1543 4828 1627 4874; x_wconf 91' lang='lat' dir='ltr'><strong>est</strong></span> <span class='ocrx_word' id='word_1_718' title='bbox 1665 4818 1969 4873; x_wconf 71' lang='lat' dir='ltr'><strong>Mamonam</strong></span> 
     </span>
    </p>
   </div>
   <div class='ocr_carea' id='block_1_98' title="bbox 395 4909 1968 4974">
    <p class='ocr_par' dir='ltr' id='par_1_98' title="bbox 395 4909 1968 4974">
     <span class='ocr_line' id='line_1_98' title="bbox 395 4909 1968 4974; baseline -0.001 -9"><span class='ocrx_word' id='word_1_719' title='bbox 395 4910 484 4966; x_wconf 89' lang='lat' dir='ltr'><strong>hic</strong></span> <span class='ocrx_word' id='word_1_720' title='bbox 529 4927 596 4966; x_wconf 77' lang='lat' dir='ltr'><strong>ex</strong></span> <span class='ocrx_word' id='word_1_721' title='bbox 662 4911 872 4966; x_wconf 88' lang='lat' dir='ltr'><strong>duabus</strong></span> <span class='ocrx_word' id='word_1_722' title='bbox 925 4925 1044 4964; x_wconf 85' lang='lat' dir='ltr'><strong>esse</strong></span> <span class='ocrx_word' id='word_1_723' title='bbox 1101 4909 1382 4964; x_wconf 88' lang='lat' dir='ltr'><strong>Christum</strong></span> <span class='ocrx_word' id='word_1_724' title='bbox 1442 4911 1656 4964; x_wconf 83' lang='lat' dir='ltr'><strong>naturis</strong></span> <span class='ocrx_word' id='word_1_725' title='bbox 1707 4909 1968 4974; x_wconf 82' lang='lat' dir='ltr'><strong>delinire;</strong></span> 
     </span>
    </p>
   </div>
   <div class='ocr_carea' id='block_1_99' title="bbox 390 5001 1972 5072">
    <p class='ocr_par' dir='ltr' id='par_1_99' title="bbox 390 5001 1972 5072">
     <span class='ocr_line' id='line_1_99' title="bbox 390 5001 1972 5072; baseline -0.001 -16"><span class='ocrx_word' id='word_1_726' title='bbox 390 5005 580 5058; x_wconf 87' lang='lat' dir='ltr'><strong>nescio</strong></span> <span class='ocrx_word' id='word_1_727' title='bbox 633 5004 815 5058; x_wconf 86' lang='lat' dir='ltr'><strong>hercle</strong></span> <span class='ocrx_word' id='word_1_728' title='bbox 847 5019 954 5072; x_wconf 90' lang='lat' dir='ltr'><strong>quo</strong></span> <span class='ocrx_word' id='word_1_729' title='bbox 999 5001 1144 5070; x_wconf 88' lang='lat' dir='ltr'><strong>jure,</strong></span> <span class='ocrx_word' id='word_1_730' title='bbox 1199 5005 1289 5072; x_wconf 85' lang='lat' dir='ltr'><strong>qui</strong></span> <span class='ocrx_word' id='word_1_731' title='bbox 1342 5016 1408 5057; x_wconf 87' lang='lat' dir='ltr'><strong>ne</strong></span> <span class='ocrx_word' id='word_1_732' title='bbox 1459 5016 1620 5055; x_wconf 83' lang='lat' dir='ltr'><strong>unam</strong></span> <span class='ocrx_word' id='word_1_733' title='bbox 1671 5002 1891 5072; x_wconf 81' lang='lat' dir='ltr'><strong>quidem</strong></span> <span class='ocrx_word' id='word_1_734' title='bbox 1922 5001 1972 5055; x_wconf 90' lang='lat' dir='ltr'><strong>ei</strong></span> 
     </span>
    </p>
   </div>
   <div class='ocr_carea' id='block_1_100' title="bbox 392 5093 1972 5164">
    <p class='ocr_par' dir='ltr' id='par_1_100' title="bbox 392 5093 1972 5164">
     <span class='ocr_line' id='line_1_100' title="bbox 392 5093 1972 5164; baseline -0.001 -14"><span class='ocrx_word' id='word_1_735' title='bbox 392 5097 632 5152; x_wconf 74' lang='lat' dir='ltr'><strong>formam</strong></span> <span class='ocrx_word' id='word_1_736' title='bbox 662 5095 824 5164; x_wconf 90' lang='lat' dir='ltr'><strong>paulo</strong></span> <span class='ocrx_word' id='word_1_737' title='bbox 847 5104 973 5150; x_wconf 87' lang='lat' dir='ltr'><strong>ante</strong></span> <span class='ocrx_word' id='word_1_738' title='bbox 1005 5093 1364 5151; x_wconf 77' lang='lat' dir='ltr'><strong>concedebat.</strong></span> <span class='ocrx_word' id='word_1_739' title='bbox 1391 5096 1644 5148; x_wconf 83' lang='lat' dir='ltr'><strong>Attamen</strong></span> <span class='ocrx_word' id='word_1_740' title='bbox 1681 5093 1737 5148; x_wconf 87' lang='lat' dir='ltr'><strong>in</strong></span> <span class='ocrx_word' id='word_1_741' title='bbox 1761 5093 1972 5148; x_wconf 84' lang='lat' dir='ltr'><strong>duabus</strong></span> 
     </span>
    </p>
   </div>
   <div class='ocr_carea' id='block_1_101' title="bbox 392 5185 1948 5256">
    <p class='ocr_par' dir='ltr' id='par_1_101' title="bbox 392 5185 1948 5256">
     <span class='ocr_line' id='line_1_101' title="bbox 392 5185 1948 5256; baseline -0.001 -14"><span class='ocrx_word' id='word_1_742' title='bbox 392 5203 516 5244; x_wconf 86' lang='lat' dir='ltr'><strong>esse</strong></span> <span class='ocrx_word' id='word_1_743' title='bbox 539 5189 752 5242; x_wconf 88' lang='lat' dir='ltr'><strong>naturis</strong></span> <span class='ocrx_word' id='word_1_744' title='bbox 776 5187 1016 5242; x_wconf 89' lang='lat' dir='ltr'><strong>nondum</strong></span> <span class='ocrx_word' id='word_1_745' title='bbox 1039 5185 1323 5241; x_wconf 87' lang='lat' dir='ltr'><strong>Christum</strong></span> <span class='ocrx_word' id='word_1_746' title='bbox 1349 5187 1454 5241; x_wconf 88' lang='lat' dir='ltr'><strong>dici</strong></span> <span class='ocrx_word' id='word_1_747' title='bbox 1479 5187 1546 5240; x_wconf 88' lang='lat' dir='ltr'><strong>ab</strong></span> <span class='ocrx_word' id='word_1_748' title='bbox 1568 5201 1634 5240; x_wconf 88' lang='lat' dir='ltr'><strong>eo</strong></span> <span class='ocrx_word' id='word_1_749' title='bbox 1655 5196 1803 5255; x_wconf 90' lang='lat' dir='ltr'><strong>patet</strong></span> <span class='ocrx_word' id='word_1_750' title='bbox 1833 5185 1948 5256; x_wconf 78' lang='lat'><strong>(55)</strong></span> 
     </span>
    </p>
   </div>
   <div class='ocr_carea' id='block_1_102' title="bbox 469 5385 1974 5462">
    <p class='ocr_par' dir='ltr' id='par_1_102' title="bbox 469 5385 1974 5462">
     <span class='ocr_line' id='line_1_102' title="bbox 469 5385 1974 5462; baseline -0.004 -16"><span class='ocrx_word' id='word_1_751' title='bbox 469 5390 584 5462; x_wconf 78' lang='lat'><strong>(55)</strong></span> <span class='ocrx_word' id='word_1_752' title='bbox 624 5392 678 5444; x_wconf 89' lang='lat' dir='ltr'><strong>lll</strong></span> <span class='ocrx_word' id='word_1_753' title='bbox 705 5391 892 5446; x_wconf 82' lang='lat' dir='ltr'><strong>Codice</strong></span> <span class='ocrx_word' id='word_1_754' title='bbox 923 5397 1007 5444; x_wconf 85' lang='lat' dir='ltr'><strong>est</strong></span> <span class='ocrx_word' id='word_1_755' title='bbox 1053 5387 1452 5458; x_wconf 77' lang='grc' dir='ltr'>συγκρίματος.</span> <span class='ocrx_word' id='word_1_756' title='bbox 1495 5385 1598 5440; x_wconf 84' lang='lat' dir='ltr'><strong>Sed</strong></span> <span class='ocrx_word' id='word_1_757' title='bbox 1645 5400 1744 5455; x_wconf 76' lang='lat' dir='ltr'><strong>ego</strong></span> <span class='ocrx_word' id='word_1_758' title='bbox 1794 5385 1974 5440; x_wconf 88' lang='lat' dir='ltr'><strong>malim</strong></span> 
     </span>
    </p>
   </div>
   <div class='ocr_carea' id='block_1_103' title="bbox 400 5463 1836 5533">
    <p class='ocr_par' dir='ltr' id='par_1_103' title="bbox 400 5463 1836 5533">
     <span class='ocr_line' id='line_1_103' title="bbox 400 5463 1836 5533; baseline 0.017 -23"><span class='ocrx_word' id='word_1_759' title='bbox 400 5463 808 5533; x_wconf 82' lang='grc' dir='ltr'>συγκράματος.</span> <span class='ocrx_word' id='word_1_760' title='bbox 879 5475 888 5486; x_wconf 86' lang='lat'><strong><em>‘</em></strong></span> <span class='ocrx_word' id='word_1_761' title='bbox 1029 5530 1039 5533; x_wconf 91' lang='lat'><em>_</em></span> <span class='ocrx_word' id='word_1_762' title='bbox 1174 5529 1222 5533; x_wconf 26' lang='grc' dir='ltr'>,Α</span> <span class='ocrx_word' id='word_1_763' title='bbox 1286 5527 1296 5533; x_wconf 90' lang='lat'><em>_</em></span> <span class='ocrx_word' id='word_1_764' title='bbox 1387 5527 1398 5533; x_wconf 86' lang='lat'>_</span> <span class='ocrx_word' id='word_1_765' title='bbox 1513 5519 1524 5529; x_wconf 83' lang='lat'><strong>.</strong></span> <span class='ocrx_word' id='word_1_766' title='bbox 1706 5523 1747 5533; x_wconf 87' lang='lat'><strong>-.</strong></span> <span class='ocrx_word' id='word_1_767' title='bbox 1790 5512 1836 5533; x_wconf 92' lang='lat'><strong>.-</strong></span> 
     </span>
    </p>
   </div>
   <div class='ocr_carea' id='block_1_104' title="bbox 469 5523 1974 5603">
    <p class='ocr_par' dir='ltr' id='par_1_104' title="bbox 469 5523 1974 5603">
     <span class='ocr_line' id='line_1_104' title="bbox 469 5523 1974 5603; baseline -0.002 -18"><span class='ocrx_word' id='word_1_768' title='bbox 469 5523 582 5603; x_wconf 67' lang='lat'><strong>(5_4&#39;)</strong></span> <span class='ocrx_word' id='word_1_769' title='bbox 605 5523 845 5603; x_wconf 71' lang='lat' dir='ltr'><strong>littellige</strong></span> <span class='ocrx_word' id='word_1_770' title='bbox 865 5530 1135 5603; x_wconf 62' lang='lat' dir='ltr'><strong>synqdum</strong></span> <span class='ocrx_word' id='word_1_771' title='bbox 1165 5523 1686 5582; x_wconf 80' lang='lat' dir='ltr'><strong>Chalcedonensem.</strong></span> <span class='ocrx_word' id='word_1_772' title='bbox 1706 5523 1802 5583; x_wconf 80' lang='lat' dir='ltr'><strong>Vel</strong></span> <span class='ocrx_word' id='word_1_773' title='bbox 1826 5538 1974 5582; x_wconf 80' lang='lat' dir='ltr'><strong>certe</strong></span> 
     </span>
    </p>
   </div>
   <div class='ocr_carea' id='block_1_105' title="bbox 399 5599 1034 5670">
    <p class='ocr_par' dir='ltr' id='par_1_105' title="bbox 399 5599 1034 5670">
     <span class='ocr_line' id='line_1_105' title="bbox 399 5599 1034 5670; baseline -0.005 -16"><span class='ocrx_word' id='word_1_774' title='bbox 399 5599 580 5658; x_wconf 70' lang='lat' dir='ltr'><strong>mote</strong></span> <span class='ocrx_word' id='word_1_775' title='bbox 616 5615 738 5670; x_wconf 83' lang='lat' dir='ltr'><strong>cap.</strong></span> <span class='ocrx_word' id='word_1_776' title='bbox 774 5599 830 5670; x_wconf 65' lang='grc' dir='ltr'><strong>(ξ,</strong></span> <span class='ocrx_word' id='word_1_777' title='bbox 859 5599 910 5670; x_wconf 72' lang='grc' dir='ltr'>ρζ</span> <span class='ocrx_word' id='word_1_778' title='bbox 947 5599 1034 5653; x_wconf 83' lang='grc'><strong>17.</strong></span> 
     </span>
    </p>
   </div>
   <div class='ocr_carea' id='block_1_106' title="bbox 2071 4455 3754 4529">
    <p class='ocr_par' dir='ltr' id='par_1_106' title="bbox 2071 4455 3754 4529">
     <span class='ocr_line' id='line_1_106' title="bbox 2071 4455 3754 4529; baseline 0.001 -19"><span class='ocrx_word' id='word_1_779' title='bbox 2071 4457 2288 4527; x_wconf 81' lang='grc' dir='ltr'>φύσεων</span> <span class='ocrx_word' id='word_1_780' title='bbox 2337 4457 2517 4525; x_wconf 70' lang='grc' dir='ltr'>λόγον,</span> <span class='ocrx_word' id='word_1_781' title='bbox 2557 4455 2688 4527; x_wconf 85' lang='grc' dir='ltr'>θείῳ</span> <span class='ocrx_word' id='word_1_782' title='bbox 2721 4456 3002 4528; x_wconf 88' lang='grc' dir='ltr'>Πνεύματι</span> <span class='ocrx_word' id='word_1_783' title='bbox 3055 4457 3394 4529; x_wconf 80' lang='grc' dir='ltr'>κεκινημένη</span> <span class='ocrx_word' id='word_1_784' title='bbox 3435 4457 3654 4527; x_wconf 78' lang='grc' dir='ltr'>διετράο</span> <span class='ocrx_word' id='word_1_785' title='bbox 3745 4469 3754 4478; x_wconf 88' lang='lat'><strong>&#39;</strong></span> 
     </span>
    </p>
   </div>
   <div class='ocr_carea' id='block_1_107' title="bbox 2070 4549 3655 4622">
    <p class='ocr_par' dir='ltr' id='par_1_107' title="bbox 2070 4549 3655 4622">
     <span class='ocr_line' id='line_1_107' title="bbox 2070 4549 3655 4622; baseline 0.001 -19"><span class='ocrx_word' id='word_1_786' title='bbox 2070 4566 2246 4614; x_wconf 83' lang='grc' dir='ltr'>νωσε,</span> <span class='ocrx_word' id='word_1_787' title='bbox 2294 4549 2630 4620; x_wconf 78' lang='grc' dir='ltr'>σαφέστερον</span> <span class='ocrx_word' id='word_1_788' title='bbox 2678 4551 2773 4604; x_wconf 77' lang='grc' dir='ltr'>καὶ</span> <span class='ocrx_word' id='word_1_789' title='bbox 2821 4550 3179 4622; x_wconf 71' lang='grc' dir='ltr'>ἐκδηλότερον</span> <span class='ocrx_word' id='word_1_790' title='bbox 3229 4551 3292 4604; x_wconf 79' lang='grc' dir='ltr'><strong>τὸ</strong></span> <span class='ocrx_word' id='word_1_791' title='bbox 3337 4551 3440 4620; x_wconf 81' lang='grc' dir='ltr'><strong>τῆς</strong></span> <span class='ocrx_word' id='word_1_792' title='bbox 3499 4549 3655 4614; x_wconf 86' lang='grc' dir='ltr'>θείας</span> 
     </span>
    </p>
   </div>
   <div class='ocr_carea' id='block_1_108' title="bbox 2069 4639 3298 4712">
    <p class='ocr_par' dir='ltr' id='par_1_108' title="bbox 2069 4639 3298 4712">
     <span class='ocr_line' id='line_1_108' title="bbox 2069 4639 3298 4712; baseline 0.001 -18"><span class='ocrx_word' id='word_1_793' title='bbox 2069 4639 2384 4710; x_wconf 88' lang='grc' dir='ltr'>οίκονομίας</span> <span class='ocrx_word' id='word_1_794' title='bbox 2411 4640 2710 4712; x_wconf 73' lang='grc' dir='ltr'>μυστήριον</span> <span class='ocrx_word' id='word_1_795' title='bbox 2737 4642 2872 4710; x_wconf 76' lang='grc' dir='ltr'>ἡμῖν</span> <span class='ocrx_word' id='word_1_796' title='bbox 2897 4639 3298 4712; x_wconf 82' lang='grc' dir='ltr'>διακηρύξασα.</span> 
     </span>
    </p>
   </div>
   <div class='ocr_carea' id='block_1_109' title="bbox 2145 4819 3656 4901">
    <p class='ocr_par' dir='ltr' id='par_1_109' title="bbox 2145 4819 3656 4901">
     <span class='ocr_line' id='line_1_109' title="bbox 2145 4819 3656 4901; baseline 0.002 -29"><span class='ocrx_word' id='word_1_797' title='bbox 2145 4819 2484 4891; x_wconf 76' lang='grc' dir='ltr'>Προσεκτέον</span> <span class='ocrx_word' id='word_1_798' title='bbox 2507 4819 2618 4892; x_wconf 79' lang='grc' dir='ltr'>γὰρ</span> <span class='ocrx_word' id='word_1_799' title='bbox 2654 4820 2946 4892; x_wconf 82' lang='grc' dir='ltr'>πρότερον,</span> <span class='ocrx_word' id='word_1_800' title='bbox 2979 4821 3064 4874; x_wconf 85' lang='grc' dir='ltr'>ὃτι</span> <span class='ocrx_word' id='word_1_801' title='bbox 3094 4823 3160 4874; x_wconf 80' lang='grc' dir='ltr'>ἐκ</span> <span class='ocrx_word' id='word_1_802' title='bbox 3180 4821 3278 4874; x_wconf 88' lang='grc' dir='ltr'><strong>δύο</strong></span> <span class='ocrx_word' id='word_1_803' title='bbox 3315 4820 3415 4892; x_wconf 83' lang='grc' dir='ltr'>μὲν</span> <span class='ocrx_word' id='word_1_804' title='bbox 3435 4821 3656 4901; x_wconf 34' lang='grc' dir='ltr'>,φύσεων</span> 
     </span>
    </p>
   </div>
   <div class='ocr_carea' id='block_1_110' title="bbox 2077 4908 3658 4985">
    <p class='ocr_par' dir='ltr' id='par_1_110' title="bbox 2077 4908 3658 4985">
     <span class='ocr_line' id='line_1_110' title="bbox 2077 4908 3658 4985; baseline 0.001 -19"><span class='ocrx_word' id='word_1_805' title='bbox 2077 4909 2316 4966; x_wconf 71' lang='grc' dir='ltr'>ἐνταῦθα</span> <span class='ocrx_word' id='word_1_806' title='bbox 2349 4910 2670 4982; x_wconf 72' lang='grc' dir='ltr'>δογματίζει</span> <span class='ocrx_word' id='word_1_807' title='bbox 2709 4912 2804 4967; x_wconf 77' lang='grc' dir='ltr'>τὸν</span> <span class='ocrx_word' id='word_1_808' title='bbox 2844 4913 3118 4985; x_wconf 81' lang='grc' dir='ltr'>Χριστόν·</span> <span class='ocrx_word' id='word_1_809' title='bbox 3161 4913 3264 4966; x_wconf 81' lang='grc' dir='ltr'><strong>οὐκ</strong></span> <span class='ocrx_word' id='word_1_810' title='bbox 3301 4908 3399 4966; x_wconf 82' lang='grc' dir='ltr'>οἷδ’</span> <span class='ocrx_word' id='word_1_811' title='bbox 3429 4914 3598 4978; x_wconf 84' lang='grc' dir='ltr'>ὅπως,</span> <span class='ocrx_word' id='word_1_812' title='bbox 3629 4915 3658 4968; x_wconf 72' lang='grc' dir='ltr'><strong>ὁ</strong></span> 
     </span>
    </p>
   </div>
   <div class='ocr_carea' id='block_1_111' title="bbox 2081 5002 3656 5076">
    <p class='ocr_par' dir='ltr' id='par_1_111' title="bbox 2081 5002 3656 5076">
     <span class='ocr_line' id='line_1_111' title="bbox 2081 5002 3656 5076; baseline 0.002 -21"><span class='ocrx_word' id='word_1_813' title='bbox 2081 5003 2359 5074; x_wconf 81' lang='grc' dir='ltr'>μηδεμίαν</span> <span class='ocrx_word' id='word_1_814' title='bbox 2400 5003 2552 5074; x_wconf 81' lang='grc' dir='ltr'>αύτῷ</span> <span class='ocrx_word' id='word_1_815' title='bbox 2607 5004 2826 5076; x_wconf 75' lang='grc' dir='ltr'>μορφὴν</span> <span class='ocrx_word' id='word_1_816' title='bbox 2871 5004 2979 5075; x_wconf 80' lang='grc' dir='ltr'><strong>πρὸ</strong></span> <span class='ocrx_word' id='word_1_817' title='bbox 3063 5004 3263 5075; x_wconf 81' lang='grc' dir='ltr'>μικροῦ</span> <span class='ocrx_word' id='word_1_818' title='bbox 3335 5002 3656 5074; x_wconf 75' lang='grc' dir='ltr'>συγχωρῶν.</span> 
     </span>
    </p>
   </div>
   <div class='ocr_carea' id='block_1_112' title="bbox 2091 5091 3660 5173">
    <p class='ocr_par' dir='ltr' id='par_1_112' title="bbox 2091 5091 3660 5173">
     <span class='ocr_line' id='line_1_112' title="bbox 2091 5091 3660 5173; baseline -0.002 -24"><span class='ocrx_word' id='word_1_819' title='bbox 2091 5095 2182 5149; x_wconf 86' lang='grc' dir='ltr'><strong>Ἐν</strong></span> <span class='ocrx_word' id='word_1_820' title='bbox 2227 5094 2351 5173; x_wconf 74' lang='grc' dir='ltr'>δυσὶ</span> <span class='ocrx_word' id='word_1_821' title='bbox 2391 5094 2450 5148; x_wconf 83' lang='grc' dir='ltr'>δὲ</span> <span class='ocrx_word' id='word_1_822' title='bbox 2491 5095 2655 5149; x_wconf 73' lang='grc' dir='ltr'>αὑτὸν</span> <span class='ocrx_word' id='word_1_823' title='bbox 2710 5095 2959 5165; x_wconf 84' lang='grc' dir='ltr'>φύσεσ.ν,</span> <span class='ocrx_word' id='word_1_824' title='bbox 3007 5095 3260 5163; x_wconf 82' lang='grc' dir='ltr'>οὐδαμῶς</span> <span class='ocrx_word' id='word_1_825' title='bbox 3302 5096 3441 5158; x_wconf 79' lang='grc' dir='ltr'>τέως</span> <span class='ocrx_word' id='word_1_826' title='bbox 3489 5091 3660 5148; x_wconf 73' lang='grc' dir='ltr'>εἰπὼν</span> 
     </span>
    </p>
   </div>
   <div class='ocr_carea' id='block_1_113' title="bbox 2082 5177 3666 5265">
    <p class='ocr_par' dir='ltr' id='par_1_113' title="bbox 2082 5177 3666 5265">
     <span class='ocr_line' id='line_1_113' title="bbox 2082 5177 3666 5265; baseline 0 -25"><span class='ocrx_word' id='word_1_827' title='bbox 2082 5177 2354 5256; x_wconf 77' lang='grc' dir='ltr'>φαίνετάῖ.</span> <span class='ocrx_word' id='word_1_828' title='bbox 2389 5189 2480 5260; x_wconf 85' lang='grc' dir='ltr'><strong>Μή</strong></span> <span class='ocrx_word' id='word_1_829' title='bbox 2511 5189 2630 5242; x_wconf 82' lang='grc' dir='ltr'>ποτ’</span> <span class='ocrx_word' id='word_1_830' title='bbox 2661 5186 2753 5244; x_wconf 81' lang='grc' dir='ltr'><strong>οὖν</strong></span> <span class='ocrx_word' id='word_1_831' title='bbox 2785 5187 3064 5242; x_wconf 83' lang='grc' dir='ltr'>κάνταῦθα</span> <span class='ocrx_word' id='word_1_832' title='bbox 3090 5188 3234 5240; x_wconf 83' lang='grc' dir='ltr'>κατὰ</span> <span class='ocrx_word' id='word_1_833' title='bbox 3255 5188 3382 5250; x_wconf 74' lang='grc' dir='ltr'>τοὺς</span> <span class='ocrx_word' id='word_1_834' title='bbox 3409 5186 3666 5265; x_wconf 75' lang='grc' dir='ltr'>διδασκά-</span> 
     </span>
    </p>
   </div>
   <div class='ocr_carea' id='block_1_114' title="bbox 2155 5386 3657 5459">
    <p class='ocr_par' dir='ltr' id='par_1_114' title="bbox 2155 5386 3657 5459">
     <span class='ocr_line' id='line_1_114' title="bbox 2155 5386 3657 5459; baseline -0.004 -15"><span class='ocrx_word' id='word_1_835' title='bbox 2155 5388 2268 5459; x_wconf 80' lang='grc'><strong>(55)</strong></span> <span class='ocrx_word' id='word_1_836' title='bbox 2304 5389 2658 5444; x_wconf 71' lang='lat' dir='ltr'><strong>Notis-sinum</strong></span> <span class='ocrx_word' id='word_1_837' title='bbox 2689 5398 2772 5442; x_wconf 85' lang='lat' dir='ltr'><strong>est</strong></span> <span class='ocrx_word' id='word_1_838' title='bbox 2800 5387 3205 5458; x_wconf 79' lang='lat' dir='ltr'><strong>Monophysitas</strong></span> <span class='ocrx_word' id='word_1_839' title='bbox 3233 5386 3657 5459; x_wconf 79' lang='lat' dir='ltr'><strong>orthodoxorum</strong></span> 
     </span>
    </p>
   </div>
   <div class='ocr_carea' id='block_1_115' title="bbox 2084 5458 3659 5529">
    <p class='ocr_par' dir='ltr' id='par_1_115' title="bbox 2084 5458 3659 5529">
     <span class='ocr_line' id='line_1_115' title="bbox 2084 5458 3659 5529; baseline -0.001 -17"><span class='ocrx_word' id='word_1_840' title='bbox 2084 5458 2422 5529; x_wconf 77' lang='lat' dir='ltr'><strong>argumentis</strong></span> <span class='ocrx_word' id='word_1_841' title='bbox 2454 5463 2757 5521; x_wconf 74' lang='lat' dir='ltr'><strong>convictos,</strong></span> <span class='ocrx_word' id='word_1_842' title='bbox 2785 5462 2962 5512; x_wconf 84' lang='lat' dir='ltr'><strong>adhuc</strong></span> <span class='ocrx_word' id='word_1_843' title='bbox 2997 5459 3263 5529; x_wconf 78' lang='lat' dir='ltr'><strong>refugium</strong></span> <span class='ocrx_word' id='word_1_844' title='bbox 3292 5458 3422 5511; x_wconf 87' lang='lat' dir='ltr'><strong>illud</strong></span> <span class='ocrx_word' id='word_1_845' title='bbox 3459 5458 3659 5525; x_wconf 68' lang='grc' dir='ltr'>(μιαιεί-</span> 
     </span>
    </p>
   </div>
   <div class='ocr_carea' id='block_1_116' title="bbox 2081 5529 3658 5592">
    <p class='ocr_par' dir='ltr' id='par_1_116' title="bbox 2081 5529 3658 5592">
     <span class='ocr_line' id='line_1_116' title="bbox 2081 5529 3658 5592; baseline -0.003 -10"><span class='ocrx_word' id='word_1_846' title='bbox 2081 5532 2228 5586; x_wconf 83' lang='lat' dir='ltr'><strong>visse</strong></span> <span class='ocrx_word' id='word_1_847' title='bbox 2254 5543 2310 5584; x_wconf 89' lang='lat' dir='ltr'><strong>ut</strong></span> <span class='ocrx_word' id='word_1_848' title='bbox 2333 5531 2578 5584; x_wconf 83' lang='lat' dir='ltr'><strong>dicerent</strong></span> <span class='ocrx_word' id='word_1_849' title='bbox 2606 5531 2882 5584; x_wconf 82' lang='lat' dir='ltr'><strong>Christum</strong></span> <span class='ocrx_word' id='word_1_850' title='bbox 2910 5544 3074 5582; x_wconf 90' lang='lat' dir='ltr'><strong>unum</strong></span> <span class='ocrx_word' id='word_1_851' title='bbox 3101 5543 3168 5583; x_wconf 83' lang='lat' dir='ltr'><strong>ex</strong></span> <span class='ocrx_word' id='word_1_852' title='bbox 3188 5529 3396 5580; x_wconf 84' lang='lat' dir='ltr'><strong>duabus</strong></span> <span class='ocrx_word' id='word_1_853' title='bbox 3427 5529 3658 5592; x_wconf 85' lang='lat' dir='ltr'><strong>naturis,</strong></span> 
     </span>
    </p>
   </div>
   <div class='ocr_carea' id='block_1_117' title="bbox 2078 5595 3656 5666">
    <p class='ocr_par' dir='ltr' id='par_1_117' title="bbox 2078 5595 3656 5666">
     <span class='ocr_line' id='line_1_117' title="bbox 2078 5595 3656 5666; baseline -0.003 -12"><span class='ocrx_word' id='word_1_854' title='bbox 2078 5615 2186 5654; x_wconf 88' lang='lat' dir='ltr'><strong>non</strong></span> <span class='ocrx_word' id='word_1_855' title='bbox 2241 5610 2420 5654; x_wconf 86' lang='lat' dir='ltr'><strong>tamen</strong></span> <span class='ocrx_word' id='word_1_856' title='bbox 2482 5599 2532 5654; x_wconf 92' lang='lat' dir='ltr'><strong>in</strong></span> <span class='ocrx_word' id='word_1_857' title='bbox 2565 5600 2794 5654; x_wconf 86' lang='lat' dir='ltr'><strong>duabus.</strong></span> <span class='ocrx_word' id='word_1_858' title='bbox 2837 5597 2893 5654; x_wconf 79' lang='grc' dir='ltr'>ω</span> <span class='ocrx_word' id='word_1_859' title='bbox 2929 5607 3110 5654; x_wconf 79' lang='lat' dir='ltr'><strong>autent</strong></span> <span class='ocrx_word' id='word_1_860' title='bbox 3167 5609 3278 5652; x_wconf 86' lang='lat' dir='ltr'><strong>tum</strong></span> <span class='ocrx_word' id='word_1_861' title='bbox 3312 5611 3472 5666; x_wconf 63' lang='lat' dir='ltr'><strong>saepe</strong></span> <span class='ocrx_word' id='word_1_862' title='bbox 3508 5595 3656 5663; x_wconf 84' lang='lat' dir='ltr'><strong>alibi,</strong></span> 
     </span>
    </p>
   </div>
  </div>
