3994 6198
411 209 511 276 301

1133 203 1756 271 ANTIRBIIETICUS
1807 209 1836 267 Ι
1877 205 2044 269 ADV.
2084 207 2678 270 CONSTANTINUM
2716 207 2929 268 COPR.

3505 237 3514 246 '
3553 209 3662 281 302

415 322 540 387 λους
559 319 748 388 αὐτοῦ,
793 320 882 374 διὰ
911 321 1011 390 τὴν
1045 322 1175 390 μίαν
1206 321 1525 386 ὑπόστασιν,
1549 321 1645 373 καὶ
1673 319 1772 384 τὰς
1801 319 1990 388 φύσεις

2110 318 2240 372 N'nm
2299 334 2429 388 ergo
2484 317 2572 372 hic
2629 333 2870 388 quoque,
2944 319 3098 388 juxta
3157 319 3445 390 magistros
3484 332 3662 390 'suos,

414 415 645 486 πγχεῖ;
695 412 756 466 τὸ
801 411 911 483 γὰρ
955 410 1332 483 περιγραπτὸν
1377 410 1683 484 περιελὼν,
1723 410 1979 480 δηλοῦται

409 505 510 558 καὶ
531 503 631 567 τὰς
660 502 858 566 λοιπὰς
885 501 985 570 τῆς
1010 500 1214 572 σαρκὸς
1237 500 1674 571 ἁπαναινόμενος
1704 499 1990 570 διαφοράς;

423 593 484 645 '0
511 593 569 645 δὲ
601 591 763 644 τοῦτο
799 590 997 658 λέγων,
1043 589 1164 642 οὐδὲ
1207 588 1304 655 τὰς
1330 590 1428 657 τῆς
1452 589 1604 652 θείας
1641 589 1856 658 φύσεως
1893 605 1994 657 φυ-

409 682 566 748 λάξει
599 683 893 758 ἰδιότητας,
925 682 1020 734 καὶ
1051 680 1179 734 οὔτε
1225 681 1610 754 περιγραπτὴν
1643 679 1764 734 οὔτε
1794 679 1994 748 ἀπερί-

411 791 665 845 γραπτον
713 774 813 844 τὴν
861 771 955 826 τοῦ
998 773 1206 844 Κυρίου
1253 772 1552 826 ὑπόστασιν
1603 771 1849 838 δέξεταιο
1885 788 1996 824 τοι·

412 864 576 928 οὗτος
601 865 714 936 γὰρ
735 866 765 917 ὁ
789 865 890 936 τῆς
917 863 1233 934 συγχύσεως
1263 865 1464 936 τρόπος
1484 881 1498 895 ·
1523 863 1635 917 οὐδ’
1658 862 1918 934 ὁπότερόν
1945 880 1997 916 τι

411 956 529 1011 τῶν
561 956 862 1026 ἡνωμένων
889 955 1161 1009 δείκνυσιν
1187 955 1497 1027 εἰλικρινῶς
1521 953 1602 1020 ὃν,
1641 954 1830 1025 ἕτερον
1857 953 1914 1006 δέ
1944 971 1997 1006 τι

413 1053 706 1110 ἀποτελῶν
748 1053 826 1116 ὡς
874 1053 942 1107 τὰ
980 1053 1442 1124 συνεφθαρμένα*
1501 1053 1645 1108 καθὰ
1679 1052 1840 1107 τοῦτο
1897 1053 1998 1108 ίδοι

413 1164 506 1210 τις
523 1145 622 1198 καὶ
644 1144 738 1198 ἐπὶ
763 1146 863 1215 τῆς
907 1144 1014 1199 τῶν
1048 1145 1267 1215 τηκτῶν
1301 1145 1612 1217 λεγομένων
1649 1144 1998 1214 συγχύσεως,

417 1239 522 1293 καὶ
547 1241 649 1308 τῆς
679 1238 790 1290 τῶν
826 1237 1168 1308 μεταλλικῶν
1192 1236 1442 1300 ένώσεως
1461 1251 1474 1265 ·
1506 1237 1606 1308 οὐχ
1631 1230 1790 1309 ἧττον
1817 1235 1873 1290 δὲ
1905 1237 2001 1288 καὶ

419 1333 519 1385 ἐπὶ
536 1331 645 1385 τῶν
666 1329 808 1384 κατὰ
835 1331 936 1402 τὴν
959 1329 1212 1403 ἰατρικὴν
1239 1327 1638 1398 συντιθεμένων
1673 1327 1998 1398 φαρμάκων,

419 1423 506 1477 ἔτι
534 1423 631 1476 καὶ
655 1423 748 1476 ἐπὶ
771 1423 870 1493 τῆς
898 1422 1004 1475 τῶν
1043 1423 1322 1492 στοιχείων
1353 1419 1495 1473 κατὰ
1521 1420 1590 1473 τὰ
1617 1417 1848 1492 σώματα
1879 1437 2004 1471 συν-

418 1513 669 1584 δρομῆςο
705 1513 780 1577 ὡς
817 1512 972 1566 οὐδὲν
1007 1511 1268 1584 καθαρῶς
1315 1513 1487 1574 ὲστιν,
1533 1509 1658 1564 οὔτε
1700 1511 1808 1581 γὰρ
1840 1510 2002 1582 μόνον

421 1604 539 1676 πῦρ
567 1605 742 1665 ἐστιν,
773 1599 898 1657 οὔτε
925 1603 1020 1672 γῆ,
1059 1599 1183 1656 οὔτε
1212 1619 1265 1653 τι
1308 1599 1418 1654 τῶν
1452 1599 1652 1654 ἄλλων.
1706 1599 1787 1653 Τά
1821 1615 2000 1669 παραυ

421 1697 634 1766 πλήσια
662 1695 718 1747 δὲ
754 1695 849 1748 καὶ
876 1693 1006 1764 περὶ
1033 1692 1142 1744 τῶν
1175 1690 1376 1746 διπλῶν
1409 1690 1703 1762 ἐνεργειῶν
1733 1691 1840 1744 τῶν
1864 1689 2004 1751 κατὰ

421 1784 664 1855 Χριστὸν
700 1782 1096 1853 θεωρουμένων
1137 1781 1451 1852 πεφρόνηκε
1485 1797 1588 1834 που
1621 1781 1859 1844 πάντως.
1906 1779 2006 1833 Διά

420 1876 526 1946 τὴν
559 1877 690 1946 μίαν
718 1876 828 1946 γὰρ
855 1873 1177 1936 ὑπόστασιν,
1214 1873 1310 1926 καὶ
1345 1872 1478 1943 μίαν
1505 1871 1789 1943 ἐνέργειαν
1829 1869 2004 1924 ἐδίδου

423 1967 528 2021 ἂν·
560 1964 802 2035 δειχθείη
857 1964 913 2017 δὲ
941 1964 1035 2018 καὶ
1059 1961 1233 2026 οὕτως
1261 1966 1374 2026 τοῖς
1409 1963 1510 2032 τῆς
1544 1961 1860 2032 συγχύσεως
1912 1963 2007 2015 καὶ

423 2059 703 2128 δοκήσεως
719 2057 1192 2126 καθηγησαμένοις
1211 2055 1470 2126 ἑπόμενος
1484 2055 1842 2116 διδασκάλοις.
1858 2053 2010 2107 Καθ-

422 2150 574 2222 άπερ
603 2152 716 2220 γὰρ
763 2149 964 2200 ἐκεῖνοι
991 2147 1092 2216 τῆς
1139 2145 1234 2200 τοῦ
1261 2145 1497 2218 ἀριθμοῦ
1519 2144 1708 2208 δυάδος
1734 2142 2006 2208 δυσσεϐῶς

426 2239 523 2292 καὶ
569 2237 861 2308 κακοήθως
899 2235 1358 2308 ὲπιδραξάμενοι,
1406 2234 1464 2288 ὃν
1495 2235 1544 2287 οἱ
1583 2234 1684 2303 τῆς
1725 2233 2008 2296 εὐσεῦείας

426 2331 526 2384 καὶ
545 2329 642 2383 τοῦ
669 2329 832 2400 ὀρθοῦ
865 2327 1272 2398 προεστηκότες
1303 2326 1485 2404 λόγου,
1519 2326 1612 2379 ἐπὶ
1640 2323 1750 2378 τῶν
1780 2323 1873 2377 δύο
1904 2323 2006 2391 φύ-

429 2439 578 2476 σεων
608 2421 852 2484 εὐσεϐῶς
896 2421 1274 2492 ἐπρέσϐευον,
1300 2418 1396 2473 καὶ
1419 2413 1539 2472 εἶτα
1573 2417 1650 2480 ὡς
1674 2414 1847 2470 αἴτιον
1869 2415 2010 2468 διαι-

426 2514 641 2586 ρέσεως
671 2513 771 2583 τῆς
806 2513 951 2567 κατὰ
978 2510 1214 2584 Χριστὸν
1260 2510 1612 2574 ὑποστάσεως
1649 2508 2007 2580 προάγοντες,

426 2607 508 2671 ὡς
536 2605 572 2676 ἢ
600 2606 696 2660 δύο
729 2605 998 2676 πρόσωπα
1017 2602 1106 2656 διὰ
1129 2602 1226 2666 τὰς
1259 2601 1453 2672 φύσεις
1477 2598 1822 2668 εἰσάγεσθαι,
1863 2599 1898 2671 ἢ
1922 2599 2008 2652 διὰ

428 2697 494 2750 τὺ
524 2695 584 2750 ἓν
618 2695 935 2767 πρόσωπον,
979 2693 1110 2764 μίαν
1143 2693 1201 2760 ἐξ
1246 2691 1495 2763 ἀνάγκης
1537 2689 1702 2759 φύσιν
1727 2687 2008 2754 δίδοσθαι,

425 2787 580 2844 οὕτω
605 2789 702 2842 καὶ
740 2779 897 2850 οὗτος
940 2789 1006 2858 τῇ
1047 2786 1142 2840 τοῦ
1199 2787 1616 2856 άπεριγράπτου
1665 2785 2010 2856 προσπλεκό-

433 2895 601 2951 pavo;
623 2877 960 2944 λέξει,δοκεῖ
989 2877 1200 2949 βαθέως
1244 2877 1338 2930 καὶ
1370 2877 1510 2946 ἄγαν
1557 2877 2030 2954 κατασκευάζειν,

2096 420 2316 480 propter
2344 426 2506 464 unam
2545 410 2882 481 hypostasim
2915 421 3140 464 naturas
3181 413 3389 480 pariter
3429 414 3662 468 coniun-

2097 501 2216 558 dit?
2247 503 2380 556 Dum
2416 503 2559 557 enim
2615 503 3180 573 circumscriptionem
3229 503 3424 568 aul'crt,
3455 517 3666 561 Ctttlslttl.

2096 608 2219 648 eum
2265 605 2492 648 caeteras
2527 609 2745 664 quoque
2796 595 2980 650 carnis
3035 594 3372 652 diﬂ‘erentias
3443 613 3662 668 negare.

2101 681 2268 738 Porro
2295 684 2386 752 qui
2413 685 2491 739 sic
2515 684 2776 754 loquitur,
2811 685 2858 739 is
2891 701 2958 740 ne
2988 687 3182 742 divina:
3215 687 3430 756 quidem
3462 701 3668 743 natura:

2101 776 2460 843 proprietates
2511 777 2787 839 servabit,
2841 786 2893 828 et
2943 792 3118 845 neque
3171 778 3665 850 circumscriptam,

2101 879 2276 936 neque
2297 855 2840 938 ‘incircumscriptam
2867 868 3079 922 Domini
3111 870 3444 940 Itypostasitn
3471 875 3667 927 admit-

2103 967 2220 1024 tet;
2253 957 2324 1011 ita
2349 961 2494 1012 enim
2531 957 2636 1012 fert
2664 959 3001 1016 confusionis
3033 963 3207 1028 ratio;
3240 979 3416 1032 neque
3456 977 3670 1019 utrum-

2101 1048 2234 1104 libet
2257 1051 2532 1104 unitorum
2561 1050 2808 1105 absolute
2830 1067 2925 1120 per
2939 1068 2998 1106 se
3021 1053 3285 1110 exsistens
3308 1055 3688 1121 demonstrat;~

2105 1142 2198 1196 sed
2235 1141 2384 1196 aliud
2420 1144 2605 1199 nescio
2636 1143 2764 1210 quid
2799 1144 3039 1212 exhibet,
3088 1156 3144 1200 ut
3181 1147 3236 1200 lit
3279 1148 3329 1201 in
3363 1149 3670 1218 corruptio-

2104 1232 2300 1299 nibus;
2357 1231 2519 1288 veluti
2565 1250 2793 1290 cernere
2837 1236 2963 1291 licet
2990 1239 3041 1290 in
3097 1238 3420 1306 liquidarum
3479 1241 3674 1296 confu-

2103 1321 2275 1386 sione,
2309 1337 2374 1376 ac
2405 1323 2746 1378 metallorum
2791 1339 3076 1396 compage,
3127 1327 3368 1396 itemque
3409 1330 3461 1384 in
3505 1333 3675 1386 medi-

2105 1410 2362 1468 cinalinm
2395 1415 2904 1482 compositione,“
2928 1416 3164 1486 denique
3191 1419 3242 1472 in
3279 1419 3671 1476 elementormn

2107 1502 2171 1554 ad
2223 1517 2459 1572 corpora
2511 1505 2848 1560 conﬁcienda
2903 1521 3210 1575 concursu;
3265 1509 3318 1563 in
3351 1511 3548 1580 quibus
3600 1512 3675 1566 nil

2108 1607 2304 1660 purum
2342 1603 2447 1660 est,
2485 1609 2590 1650 non
2621 1595 2778 1666 ignis,
2815 1613 2919 1652 non
2963 1607 3130 1663 terra,
3185 1617 3289 1654 non
3321 1603 3469 1660 aliud
3501 1606 3676 1674 quod-

2041 1662 2077 1714 Β
2109 1681 2258 1736 libet.
2292 1681 2450 1737 Paria
2482 1662 2713 1746 omnin
2748 1687 2838 1742 hic
2878 1698 3064 1743 noster
3099 1662 3164 1746 de
3193 1690 3404 1747 duabus
3459 1662 3678 1764 quoque

2107 1775 2546 1842 operationibus,
2568 1792 2687 1846 qua:
2715 1777 2767 1831 in
2803 1777 3021 1832 Christo
3059 1791 3392 1850 spectantur,
3414 1786 3678 1854 opintha-
3735 1813 3744 1825 -

2110 1871 2216 1918 tur.
2251 1863 2465 1919 Etenim
2494 1880 2613 1920 cum
2641 1883 2748 1921 una
2788 1869 3091 1940 hypostasi,
3118 1888 3280 1926 unam
3309 1877 3514 1943 pariter
3543 1894 3676 1948 ope-

2107 1954 2373 2010 rationem
2407 1955 2512 2027 55
2541 1957 2873 2014 attribnebat
2899 1970 3098 2031 :atque
3119 1965 3192 2018 ita
3219 1965 3675 2024 confusaneorum

2107 2054 2163 2099 et
2208 2047 2522 2104 docetarum
2576 2053 2870 2118 tramitem,
2910 2057 3286 2127 magistrorum
3319 2076 3565 2132 suarum,
3595 2080 3681 2121 se-

2109 2137 2246 2192 etari
2279 2152 2400 2192 eum
2435 2151 2682 2210 apparet.
2719 2143 2876 2199 Sicut
2914 2147 3058 2200 enim
3111 2148 3186 2204 illi
3224 2151 3535 2209 dualitatcm
3575 2172 3678 2211 nu-

2112 2227 2243 2282 meri
2272 2229 2578 2300 irreligiose
2607 2233 2986 2304 malitioseque
3016 2237 3310 2306 arripiunt,
3348 2257 3510 2310 quam
3535 2259 3680 2300 versu

2110 2318 2395 2389 religionis
2431 2334 2702 2394 rectaeque
2742 2327 3004 2384 doctrinae
3033 2329 3350 2388 defensores
3374 2335 3438 2389 de
3471 2337 3681 2392 duabus

2110 2411 2319 2466 naturis
2341 2413 2430 2481 pie
2456 2413 2720 2472 aﬂirmant
2741 2425 2944 2488 ;_atque
2975 2421 3116 2475 hanc
3151 2423 3343 2479 deinde
3364 2426 3678 2482 dualitatem

2110 2518 2209 2560 ceu
2245 2504 2546 2562 dividendae
2577 2507 2782 2563 Christi
2819 2511 3177 2580 hypostaseos
3203 2531 3428 2572 causam
3477 2521 3682 2588 produ-

2111 2605 2262 2663 cunt,
2300 2607 2357 2650 ut
2397 2598 2482 2653 vel
2517 2601 2651 2654 duas
2698 2616 2960 2670 personas
3007 2605 3078 2660 ob
3123 2615 3344 2664 naturas
3395 2610 3679 2678 invehunt,

2112 2689 2196 2746 vel
2227 2690 2296 2746 ob
2339 2707 2500 2746 unam
2533 2707 2819 2764 personam
2850 2696 3063 2752 unicam
3093 2683 3404 2757 necessario
3431 2715 3680 2758 naturam

2111 2791 2390 2851 statuant;
2437 2785 2508 2838 ita
2571 2786 2736 2840 etiam
2818 2787 2904 2842 hic
2981 2805 3164 2845 [mater
3221 2792 3680 2866 incircumscripti

2115 2875 2399 2930 adhaerens
2425 2876 2713 2943 vocabulo,
2739 2879 3208 2950 videlurgraviter
3225 2882 3682 2955 vehementerque

429 2971 513 3034 ὥς
547 2970 584 3042 ἢ
613 2967 944 3041 διαιρεῖσθαι
978 2968 1068 3023 διά
1112 2967 1318 3038 ταύτην
1343 2971 1438 3022 καὶ
1475 2969 1576 3039 τὴν
1622 2967 1718 3021 τοῦ
1772 2968 2009 3040 Χριστοῦ

2117 2966 2328 3026 conari.
2361 2974 2418 3021 ut
2445 2969 2528 3022 vel
2581 2983 2680 3037 per
2715 2970 2815 3024 hoc
2841 2968 3046 3026 Christi
3088 2973 3420 3042 hypostasim
3453 2978 3680 3041 dividat,

431 3059 763 3124 ὑπόστασιν,
804 3060 838 3130 ἢ
868 3058 966 3114 καὶ
996 3058 1088 3112 τὸν
1119 3059 1280 3126 λόγον
1308 3059 1374 3130 τῇ
1421 3061 1588 3130 σαρκὶ
1622 3059 2006 3132 συμπεριγρά-

430 3151 655 3220 φεσθαι.
677 3151 832 3222 Ἔχει
860 3152 970 3222 γὰρ
991 3149 1062 3204 τὰ
1093 3150 1414 3222 ὲπαγόμενα
1443 3149 1617 3216 οὕτως
1641 3171 1653 3184 ·

513 3312 627 3378 μα’.
667 3325 688 3358 ι
739 3306 883 3360 Ἀλλ’
928 3305 1088 3376 ἢκαὶ
1149 3304 1211 3359 τὺ
1254 3304 1398 3358 θεῖον
1448 3301 2008 3378 συμπεριγράφεσθαι

429 3398 556 3471 εχει
582 3399 642 3452 ἐν
679 3401 748 3470 τῇ
778 3397 951 3451 εἰκόνι
992 3397 1200 3468 ἐκείνῃ,
1234 3395 1417 3460 καθώς
1444 3397 1595 3450 ἐστιν
1625 3398 1654 3450 ὁ
1681 3395 1916 3466 Χριστὸς
1947 3397 2013 3448 ἐκ

429 3488 789 3560 διπλότητος,
838 3487 873 3558 ἢ
911 3487 1070 3556 ψιλὸν
1109 3487 1270 3557 μόνον
1313 3485 1600 3556 ἄνθρωπον
1636 3484 1877 3538 νοεῖσθαι
1922 3485 2014 3537 τὸν

429 3580 696 3652 Χριστὸν,
743 3580 838 3632 καὶ
868 3578 1158 3644 είκονίζειν
1189 3577 1354 3631 αὐτὸν
1379 3578 1576 3642 οὕτως,
1618 3577 1756 3631 καθὸ
1785 3579 1820 3647 ἡ
1847 3577 2014 3630 εἰκὼν

431 3669 739 3743 προσώπου
785 3670 936 3722 ἐστὶν
981 3666 1166 3732 εἰκὼν,
1213 3668 1396 3722 καὶτὸ
1434 3666 1580 3720 θεῖόν
1628 3667 1776 3721 ἔστιν
1821 3667 2015 3738 ἀπερί-

430 3779 674 3836 γραφον.
715 3781 734 3813 ι
775 3761 902 3824 Πῶς
949 3760 1112 3814 τοῦτο
1145 3759 1317 3827 λέγει,
1357 3759 1459 3814 κᾶν
1491 3758 1590 3832 ἔχῃ
1623 3759 1838 3828 φύσεως
1872 3759 2016 3812 οὕτω

423 3859 502 3914 σὺ
528 3857 785 3928 πρᾶγμα,
811 3853 917 3906 κᾶν
949 3853 1056 3923 μή;
1111 3851 1276 3905 Ἀλλὰ
1317 3850 1488 3905 ταῦτα
1521 3851 1642 3921 μὲν,
1671 3851 1746 3914 ὡς
1771 3850 1919 3904 δοκεί
1948 3851 2013 3920 τῇ

439 3947 810 4020 ματαιότητι,
845 3945 1188 4016 τυραννικῶς
1216 3943 1611 4012 ἀποφαίνεται,
1655 3941 1834 3996 οὐδενὶ
1871 3943 2015 4013 λόγῳ

434 4041 544 4111 τῆς
591 4038 854 4110 ἀληθείας
901 4036 1190 4108 συνηγόρῳ
1243 4034 1546 4106 χρώμενος.
1609 4034 1773 4105 Ἡμῖν
1813 4035 1870 4088 δὲ
1922 4036 2016 4086 καὶ

443 4129 635 4202 μικρῷ
686 4128 924 4200 πρόσθεν
967 4129 1099 4196 περὶ
1137 4126 1329 4180 τούτου
1371 4125 1470 4178 σὺν
1522 4123 1752 4196 ἀληθείᾳ
1797 4125 2014 4193 εἴρηται

439 4220 567 4290 ήδη,
592 4219 667 4282 ὡς
695 4221 724 4272 ὁ
759 4218 901 4280 θεῖος
929 4217 1104 4284 Λόγος
1139 4215 1308 4288 μηδὲν
1337 4213 1596 4284 πεφυκὼς
1642 4216 1889 4284 πάσχειν,
1920 4215 2015 4268 καὶ

439 4315 502 4364 ἐν
543 4309 753 4380 σώματι
784 4309 1077 4378 γενόμενος
1099 4349 1112 4372 ,
1167 4305 1384 4376 ἀπαθής
1424 4323 1488 4374 γε
1537 4305 1690 4360 οὐδὲν
1721 4302 1886 4376 ἦττον
1918 4323 2014 4376 με-
2049 4339 2091 4394 D

444 4404 682 4474 μένηκε,
734 4405 830 4456 καλ⁹
871 4402 979 4455 τῶν
1031 4401 1154 4469 εἰκῆ
1181 4399 1657 4470 πεφλυαρημένων
1695 4397 2016 4478 ,ὁλοτρὸπως

442 4495 767 4568 ἀπείρατος.
823 4494 934 4548 Καὶ
985 4491 1080 4545 νῦν
1133 4491 1192 4544 δὲ
1251 4491 1342 4544 διὰ
1398 4489 1647 4562 βραχέων
1711 4489 2011 4562 εἰρήσεται.

440 4588 682 4642 Λεκτέον
698 4587 826 4657 γὰρ,
848 4585 932 4638 ὅτι
951 4584 1014 4638 οὔ
1039 4583 1198 4654 μόνον
1219 4581 1682 4654 περιγραφομένφ
1699 4580 1778 4646 τῷ
1802 4579 2013 4650 σώματι

439 4679 470 4731 ὀ
497 4676 670 4744 Λόγος
713 4677 776 4729 οὐ
801 4674 1400 4746 συμπεριγραφήσεται
1421 4715 1437 4738 ,
1475 4671 1590 4725 ἀλλ’
1624 4671 1744 4724 οὐδὲ
1772 4672 1832 4724 ὲν
1861 4670 2012 4742 αὐτῷ

437 4769 520 4838 τῷ
555 4768 770 4839 σώματι
825 4765 1068 4836 γεγονὼς
1099 4767 1578 4838 περιγέγραπται,
1612 4763 1790 4818 καίτοι
1823 4764 2019 4816 οὐσιωο

439 4859 574 4925 εῶς,
608 4860 703 4913 καὶ
747 4859 1092 4922 άδιαστάτως
1124 4857 1274 4929 αὐτῷ
1319 4854 1674 4927 συνημμένῳ.
1720 4856 1832 4908 Kal.
1859 4851 2018 4906 τοῦτο

437 4947 599 5020 οἶμαι
634 4950 825 5021 μηδενὶ
851 4950 1171 5020 ἠγνοῆσθαι,
1205 4949 1259 5004 εῐ
1279 4965 1333 5003 τι
1378 4948 1634 5004 πειστέον
1697 4949 1812 5010 τοῖς
1843 4946 2014 5013 εὐαγ-

438 5042 826 5110 γελισαμένοις
857 5042 992 5112 ἡμῖν
1023 5041 1091 5095 τὰ
1122 5041 1214 5093 ἐπὶ
1241 5043 1307 5111 τῇ
1347 5041 1466 5110 θείᾳ
1491 5037 1856 5108 πεπραγμένα
1880 5052 2012 5103 συγ-

439 5133 770 5188 καταΰάσει.
827 5135 951 5196 Πῶς
995 5134 1109 5206 γὰρ
1147 5132 1445 5204 ἀληθεύσει
1473 5135 1502 5186 ὁ
1548 5132 1720 5203 μέγας
1758 5129 2011 5198 Ἰωάννης

436 5230 507 5298 τῇ
562 5227 795 5298 ἀληθείᾳ
850 5226 1145 5298 μαρτυρῶν
1178 5227 1282 5279 καὶ
1333 5226 1546 5294 λέγων·
1603 5221 1805 5288 Μέσος
1847 5221 2016 5290 ὑμῶν

436 5321 706 5390 ἕστηκεν
736 5318 808 5372 ὃν
835 5319 1006 5388 ὑμεῖς
1033 5321 1144 5374 οὐκ
1187 5318 1418 5382 οἴδατε,
1453 5317 1544 5370 τὸν
1577 5315 1732 5370 οὔπω
1768 5314 2014 5386 παρόντα

2115 3056 2200 3108 vel
2235 3057 2400 3111 etiam
2454 3057 2688 3112 Verbum
2733 3075 2856 3114 cum
2895 3075 3057 3116 carne
3083 3063 3516 3121 circumscribat.
3546 3066 3680 3122 Nam

2109 3163 2232 3219 qua:
2259 3150 2428 3216 addit,
2464 3150 2534 3204 ita
2556 3164 2616 3204 se
2641 3150 2876 3208 hahent:

2186 3305 2276 3360 Η.
2315 3325 2334 3358 ι
2379 3305 2484 3360 Sed
2517 3305 2599 3361 vel
2631 3305 2886 3360 deitatem
2919 3307 3124 3376 pariter
3155 3310 3526 3366 cireumst'ribi
3552 3328 3683 3368 usu-

2113 3398 2332 3452 venitin
2359 3398 2448 3452 illa
2481 3397 2656 3462 icone,
2695 3409 2964 3468 quatenus
2999 3400 3249 3480 Christus
3281 3417 3346 3456 ex
3375 3390 3685 3474 duplicizate

2113 3489 2368 3556 exsistit;
2442 3488 2526 3544 vel
2583 3490 2884 3560 simplicem
2975 3478 3350 3547 tantummodo
3412 3478 3687 3554 hominem

2117 3579 2394 3632 Christum
2423 3579 2673 3648 intelligi,
2697 3589 2862 3649 atque
2889 3581 2962 3634 ita
2989 3597 3110 3634 eum
3140 3580 3389 3651 ﬁgurari;
3417 3596 3686 3652 quatenus

2118 3667 2240 3721 icon
2281 3677 2363 3721 est
2413 3681 2660 3736 persona:
2719 3667 2872 3734 icon;
2929 3677 2984 3724 et
3029 3669 3202 3724 dcitas
3247 3680 3330 3725 est
3389 3673 3684 3729 incircum-

2118 3759 2343 3828 scripta.
2381 3777 2402 3806 ι
2445 3759 2724 3826 Quomodo
2778 3761 2878 3815 hoc
2931 3760 3102 3816 dicit?
3155 3762 3269 3816 sive
3327 3763 3377 3818 id
3411 3767 3683 3836 negotium

2119 3851 2440 3906 naturaliter
2493 3852 2563 3905 ita
2601 3865 2660 3908 se
2713 3853 2930 3919 haheat,
2991 3854 3104 3909 sive
3139 3869 3318 3912 secus.
3381 3855 3486 3912 Sed
3541 3860 3684 3913 enim

2120 3945 2253 4009 hinc,
2298 3951 2455 4013 prout
2483 3957 2593 3998 sua:
2621 3941 2754 3998 libet
2805 3942 3074 4014 stultitiae,
3129 3947 3408 4016 tyrannice
3445 3965 3686 4018 pronun-

2119 4034 2252 4096 tiat,
2300 4035 2446 4088 nullo
2507 4045 2828 4103 argumento
2872 4037 3094 4090 veritati
3155 4037 3372 4093 favente
3439 4043 3686 4097 utens.A

2119 4124 2273 4178 nobis
2323 4134 2502 4178 antem
2564 4113 2724 4192 pauld
2771 4127 2935 4179 etiam
2989 4137 3134 4182 retro
3191 4128 3260 4182 de
3311 4129 3414 4183 hac
3463 4145 3518 4182 re
3560 4145 3688 4182 vere

2119 4215 2320 4268 dictum
2367 4215 2487 4277 fuit,
2541 4229 2733 4282 nempe
2763 4217 2906 4282 quod
2948 4216 3178 4270 Verbum
3213 4217 3453 4270 divinum
3493 4232 3686 4272 natura

2121 4321 2216 4362 sua
2269 4303 2620 4374 impassibile.
2671 4307 2840 4358 etiam
2880 4321 3110 4376 corpore
3142 4317 3442 4378 assumpto,
3495 4311 3690 4364 nihilu-

2125 4398 2302 4450 minus
2337 4394 2673 4465 impassibile
2728 4397 2946 4460 mansit,
2983 4407 3037 4451 et
3089 4397 3278 4452 horum
3311 4413 3434 4468 quae
3485 4400 3685 4455 frustra

2122 4491 2462 4552 dictitantnr,
2527 4503 2750 4558 prorsus
2801 4505 3019 4560 expers.
3073 4491 3227 4558 Quod
3279 4507 3423 4547 nunc
3472 4508 3689 4563 quoque

2123 4579 2363 4634 breviter
2399 4588 2724 4650 repetemus.
2757 4579 3052 4635 Dicendum
3085 4590 3169 4636 est
3212 4583 3356 4636 enim
3393 4599 3496 4638 non
3529 4587 3688 4638 modo

2119 4686 2240 4726 cum
2317 4671 2732 4740 circumscripto
2783 4687 3012 4741 corpore
3071 4670 3307 4726 Verbum
3369 4674 3514 4728 haud
3577 4675 3688 4728 cir-

2121 4761 2440 4826 cumscribi,
2476 4763 2570 4816 sed
2610 4777 2786 4830 neque
2808 4763 2860 4815 in
2888 4762 3004 4832 ipso
3021 4776 3248 4832 corpore
3271 4765 3540 4819 essisteus
3568 4782 3689 4821 esse

2121 4851 2617 4922 circumscriptum,
2655 4851 2866 4905 etiamsi
2921 4867 3119 4921 corpus
3170 4857 3602 4912 substantialiter
3636 4870 3690 4912 et

2121 4943 2559 5012 inseparabiliter
2609 4944 2784 4998 eidem
2843 4943 3149 5012 cepttlatum
3196 4955 3302 5002 est.
3362 4948 3538 5014 Atque
3588 4949 3689 5002 hoc

2123 5036 2326 5105 nemini
2351 5039 2592 5106 ignotum
2640 5037 2897 5102 arbitror,
2948 5039 2992 5090 si
3027 5047 3178 5093 certe
3225 5039 3556 5094 credendum
3607 5053 3688 5092 est

2124 5128 2190 5180 iis
2220 5126 2312 5193 qui
2347 5125 2626 5196 negotium
2662 5142 2763 5179 nos
2793 5127 3094 5182 docuerunt
3143 5129 3335 5181 divina:
3359 5132 3695 5183 condescen-

2122 5217 2312 5272 sionis.
2346 5216 2627 5283 Quoinodo
2663 5219 2806 5272 enim
2866 5233 3028 5273 verax
3060 5219 3248 5272 fuisset
3279 5234 3502 5288 magnus
3527 5218 3691 5272 Joan-

2123 5325 2243 5376 nes,
2298 5311 2389 5378 qui
2444 5311 2663 5364 veritati
2743 5309 3123 5367 teStimoninm'
3169 5309 3397 5378 praebuit
3452 5308 3685 5364 dicens:

442 5536 559 5581 tum
607 5525 659 5577 in
698 5525 857 5578 editis
891 5539 918 5575 a
967 5540 1052 5577 me
1085 5521 1348 5577 adversus
1387 5517 1792 5592 Monophysit_as
1847 5513 2012 5569 variis
2051 5523 2295 5567 vetermn
2361 5521 2644 5566 auctorum
2680 5509 2902 5580 scriptis
2971 5507 3288 5564 ventilatum
3322 5510 3456 5564 satis
3486 5509 3688 5564 rem.“

447 5606 674 5664 tumque
706 5595 1026 5662 comperies.
