3994 6198
329 368 342 384 1

387 395 495 460 305

1097 393 1720 459 ANTIRRHETICUS
1760 401 1786 458 Ι
1833 403 2004 462 ADV.
2059 403 2655 469 CONSTANTINUM
2691 408 2904 468 COPR.

3536 411 3646 474 3οῆ
3669 401 3676 410 ’

389 521 554 576 μενος
583 505 862 576 πρόνοιαν.
899 502 1040 556 Ἀλλ’
1069 504 1117 556 εί
1141 503 1235 556 καὶ
1259 503 1400 574 μετὰ
1431 503 1734 576 ἀνθρώπων
1769 525 1967 579 κεχρη-

2071 525 2252 566 curam
2277 515 2516 569 omnium
2540 515 2703 586 gerit.
2727 513 2926 572 Verum
2941 516 3154 572 etiamsi
3183 532 3304 573 cum
3329 518 3640 575 hominibus

385 597 625 668 μάτικεν
673 597 749 660 ὡς
790 595 1007 668 ἀληθῶς
1052 595 1358 667 ἄνθρωπος,
1397 595 1508 649 τῶν
1551 599 1838 670 πατρικῶν
1869 599 1970 652 οὐκ

381 690 718 743 ἀπελείπετο
764 688 1003 753 κόλπων,
1051 689 1146 742 καὶ
1178 689 1206 740 ό
1236 685 1428 758 Πατὴρ
1467 683 1536 759 ἦν
1577 690 1636 742 ἐν
1672 690 1842 763 αὐτῷ,
1874 694 1969 746 καὶ

381 783 553 848 αὐτὸς
583 785 641 836 ἐν
672 781 750 852 τῷ
780 781 976 854 Πατρί.

460 877 521 928 Ei
550 876 750 938 τοίνυν,
785 875 1037 944 καθάπερ
1058 877 1086 928 ό
1114 877 1214 946 τῆς
1242 877 1500 948 ἀληθείας
1521 877 1800 956 ἐφοδεύων
1831 895 1970 949 συμο

387 968 639 1038 κραίνει
685 967 866 1034 λόγος,
901 967 960 1020 ἐν
1004 967 1082 1038 τῷ
1122 969 1237 1040 ἰδίῳ
1282 970 1345 1023 οὐ
1383 970 1826 1041 περιγέγραπται
1859 969 1968 1024 σώ-

389 1076 547 1129 ματι,
585 1057 748 1121 ποίας
778 1059 966 1121 ἀνοίας
1009 1061 1103 1112 καὶ
1132 1046 1358 1128 ἀλογίας
1386 1061 1470 1114 ἔτι
1508 1063 1606 1115 καὶ
1645 1061 1968 1128 δυσσεϐείας

386 1154 490 1222 οὐχ
517 1151 795 1222 ὐπεροίσει
843 1151 1062 1222 μέτρον,
1104 1151 1165 1205 τὸ
1197 1152 1377 1220 λέγειν
1413 1155 1971 1226 συμπεριγράιρεσθαι

387 1242 862 1314 περιγραφομένῳ
902 1243 997 1296 τδν
1044 1243 1220 1313 Λόγον
1253 1244 1332 1316 τῷ
1367 1244 1622 1316 σώματι,
1655 1247 1966 1318 ἅπεριγρά-

327 1399 337 1402 _
387 1350 531 1386 πτου
561 1334 618 1386 δὲ
652 1332 749 1386 τοῦ
782 1333 932 1388 θείου
965 1334 1120 1398 ὄντος
1147 1336 1322 1404 Λόγου
1350 1353 1366 1403 ;
1413 1337 1968 1409 Συμπαραληφθῆναι

385 1415 501 1496 γᾶρ
531 1424 610 1478 δεῖ
648 1424 747 1478 καὶ
785 1425 895 1479 τῶν
932 1427 1284 1498 ζητουμένων
1324 1426 1386 1480 τὸ
1428 1427 1731 1498 σύστοιχονο
1771 1415 1866 1483 καὶ
1908 1432 1967 1484 ὲν

386 1518 564 1572 ἂπασι
591 1517 880 1587 παρόντος,
903 1517 1004 1587 τῆς
1041 1519 1286 1588 μείζονος
1309 1517 1378 1572 ἂν
1405 1518 1489 1590 εἴη
1521 1521 1724 1590 μανίας
1743 1521 1838 1574 καὶ
1865 1521 1968 1592 τῆς

385 1608 631 1680 ἐσχάτης
671 1607 1103 1680 παραφροσύνης
1134 1609 1196 1664 τὸ
1234 1608 1488 1680 φράζειν,
1520 1610 1848 1682 χωρίζεσθαι
1873 1612 1968 1666 τὸν

384 1701 566 1771 Λόγον
585 1701 680 1754 τοῦ
710 1701 987 1770 σώματος,
1009 1701 1174 1771 ἡνίκα
1201 1701 1576 1773 περιγραπτδν
1595 1702 1964 1774 ὡμολόγηται.

386 1795 454 1848 Εἰ
480 1795 591 1864 γὰρ
620 1793 836 1858 οὐδενὸς
873 1793 1074 1847 ἄπεστι
1091 1835 1106 1857 ,
1140 1795 1236 1848 καὶ
1263 1793 1565 1863 οὐδαμόθεν
1591 1794 1968 1866 ἀπολιμπάνε-

386 1903 506 1950 ται,
536 1885 691 1958 πόσῳ
718 1884 897 1954 λέγειν
925 1885 1314 1956 ἀληθέστερον,
1343 1885 1426 1941 ὅτι
1450 1887 1509 1939 ὲν
1543 1885 1626 1956 τῷ
1648 1887 1860 1958 σώματι
1887 1888 1966 1960 τῷ

385 1976 580 2042 οίκείῳ
607 1976 702 2028 καὶ
731 1974 856 2029 καθ’
897 1976 1196 2029 ὑπόστασιν
1225 1974 1375 2046 αὐτῷ
1409 1977 1676 2048 ήνωμένῳ
1695 2016 1710 2040 ,
1743 1977 1839 2032 καὶ
1870 1995 1970 2032 πε-

391 2065 684 2136 ριγραπτῷ
717 2082 780 2132 γε
811 2065 947 2132 ὄντι,
979 2066 1066 2118 ἀεὶ
1115 2066 1404 2137 πάρεστιν,
1437 2067 1504 2119 ἵν’
1545 2067 1662 2138 ἅμα
1695 2069 1790 2122 καὶ
1825 2070 1968 2125 κατὰ

384 2158 588 2210 ταύτὸν
621 2159 655 2225 ὴ
692 2158 777 2210 ἐπ’
810 2159 1014 2228 ἀμφοῖν
1042 2157 1152 2210 τῶν
1191 2157 1402 2210 ἀσεϐῶν
1435 2157 1636 2224 ἄτοπος
1667 2163 1762 2214 καὶ
1791 2163 1970 2236 παρά-

385 2248 550 2315 λογος
574 2246 922 2319 διελέγχηται
967 2248 1308 2316 φιλονεικία;
1349 2249 1410 2302 Εἰ
1448 2250 1549 2320 μὲν
1577 2250 1690 2321 γὰρ
1721 2253 1753 2323 ἡ
1791 2253 1970 2318 κτίσις

385 2343 422 2409 ἡ
455 2339 726 2410 σύμπασα
828 2339 1092 2411 πάρεστιν
1120 2339 1196 2404 ὡς
1233 2341 1370 2404 θεὸς
1397 2342 1866 2414 ἁπεριγράπτως,
1901 2341 1971 2419 ἦν

386 2435 850 2504 ἀπερίγραπτος,
881 2434 1110 2504 ἐξήνυεν
1135 2433 1202 2488 ἄν
1243 2451 1297 2488 τι
1337 2436 1469 2499 ίσως
1509 2437 1538 2489 ό
1583 2436 1744 2506 λόγος
1796 2440 1968 2509 αὐτῷ.

387 2527 454 2579 El
493 2526 555 2579 δὲ
589 2526 766 2579 πάντα
796 2527 1155 2598 περιγραπτά
1183 2529 1321 2596 ἐστι,
1353 2528 1499 2592 τίνος
1530 2528 1720 2584 ἕνεκεν
1745 2533 1776 2601 ἡ
1812 2532 1971 2586 ἀνού-

386 2635 594 2681 στατος
621 2617 759 2689 αὕτη
792 2619 891 2672 καί
918 2618 1104 2690 ψυχρὰ
1134 2618 1414 2687 ἔνστασις,
1445 2619 1539 2674 τοῦ
1576 2621 1778 2675 οἰκείου
1811 2624 1970 2692 μόνον

385 2711 763 2782 ὑπερορίσθαι
812 2711 906 2764 τὸν
963 2711 1136 2780 Λόγον
1191 2709 1501 2780 -σώματοςς
1558 2713 1767 2776 Ὄντως
1825 2713 1970 2770 ίστδν

384 2805 644 2874 ἀράχνης
689 2803 1010 2874 ὑφαίνουσιν
1059 2804 1111 2857 oi
1157 2802 1331 2857 ταῦτα
1377 2803 1704 2874 φρονοῦντες
1747 2806 1841 2860 καὶ
1878 2807 1971 2862 λέ-

384 2913 608 2964 τοντες.

462 2987 578 3056 μβζ
620 2985 840 3042 Τούτων
877 2987 934 3042 δὲ
975 2987 1148 3050 οὕτως
1195 2987 1527 3061 εἰρημένων,
1567 2989 1662 3044 ἐπὶ
1693 2994 1762 3046 τὰ
1807 2989 1972 3047 λοιπὰ

381 3078 485 3131 τοῦ
514 3077 677 3146 λόγου
723 3078 1075 3150 τρεψώμεθα.
1117 3081 1178 3133 Εί
1212 3081 1279 3134 ἐκ
1313 3079 1631 3153 διπλότητος
1672 3083 1970 3154 πρεσϐεύει

2071 616 2168 654 ceu
2201 617 2360 657 verus
2388 604 2546 659 homo
2577 604 2918 667 versabatur,
2946 615 3230 677 paternum
3283 621 3390 662 non
3416 606 3638 663 desere-

2071 695 2164 748 bat
2181 693 2359 751 sinum
2381 713 2397 764 ;
2417 695 2690 770 Paterque
2707 699 2900 754 eratin
2932 699 3071 770 ipso,
3093 707 3148 754 et
3179 699 3296 770 ipse
3319 699 3372 756 in
3393 699 3639 756 Patre“.

2145 872 2202 929 Si
2237 889 2390 944 ergo,
2421 883 2479 929 ut
2508 875 2756 933 veritatis
2788 879 3085 934 decurrens
3128 893 3307 935 sermo
3345 880 3642 942 concludit,

2071 966 2125 1022 in
2177 967 2396 1037 proprio
2443 983 2548 1023 non
2603 968 3071 1024 circumscribitur
3115 985 3342 1044 corpore
3379 1011 3394 1036 ,
3448 973 3636 1040 quidni

2069 1073 2285 1114 omnem
2300 1059 2564 1127 stultitiae,
2584 1059 2872 1115 dementi:e
2901 1062 3304 1132 impietatisque
3325 1077 3641 1134 mensuram

2071 1149 2320 1214 excedet,
2361 1149 2405 1203 si
2443 1149 2568 1218 quis
2614 1149 2764 1204 dicat
2812 1151 3182 1206 circumscribi
3225 1165 3350 1205 eum
3400 1153 3642 1208 circum-

2069 1241 2276 1310 scripto
2323 1256 2553 1310 corpore
2606 1240 2865 1306 Verbum,
2917 1255 3042 1297 cum
3093 1257 3286 1312 reapse
3343 1244 3644 1300 incircum-

2071 1331 2336 1400 scriptum
2383 1331 2618 1387 Verbqu
2649 1330 2760 1386 sit?
2803 1330 2936 1384 Nam
2993 1329 3155 1385 simul
3207 1341 3422 1401 sumpta
3475 1329 3643 1387 fuisse

2069 1431 2284 1492 oportet
2309 1422 2476 1478 etiam
2526 1423 2809 1493 coniugata
2851 1437 3040 1478 eorum
3075 1438 3195 1491 quae
3215 1434 3345 1478 sunt
3389 1423 3442 1478 in
3487 1439 3642 1494 qua:-

2069 1515 2266 1570 stione.
2291 1515 2535 1585 Cumque
2559 1515 2812 1570 omnibus
2840 1515 3000 1570 rebus
3025 1515 3093 1570 sit
3125 1529 3387 1584 prmsens,
3409 1517 3634 1586 majoris

2069 1605 2362 1660 dementire
2391 1604 2557 1661 fuerit
2582 1607 2927 1677 extremique
2955 1609 3130 1664 delirii
3156 1611 3360 1675 dicere,
3398 1612 3642 1682 separari

2068 1711 2099 1751 a
2131 1711 2360 1768 corpore
2387 1695 2648 1774 Verbum,
2675 1699 2721 1755 si
2747 1701 3220 1772 circumscriptum
3244 1701 3486 1774 (corpus)
3510 1717 3636 1760 esse

2069 1784 2387 1842 aﬁlrmetur.
2438 1786 2571 1842 Nam
2615 1789 2728 1844 sia
2783 1790 2927 1844 nulla
2977 1807 3034 1846 re
3062 1796 3236 1856 abest,
3264 1801 3322 1847 et
3372 1807 3641 1863 nusquam

2069 1879 2246 1944 deest,
2275 1880 2470 1950 quidni
2523 1882 2705 1938 verius
2736 1882 2973 1946 dicatur,
3004 1883 3131 1939 illud
3161 1884 3216 1939 in
3251 1899 3481 1954 corpore
3511 1899 3640 1955 pro-

2070 1971 2190 2040 prio
2218 1971 2557 2042 hypostatice
2583 1971 2687 2027 sibi
2711 1972 2865 2026 unito
2889 1981 2947 2026 et
2969 1972 3386 2041 circumscripto
3417 1985 3636 2042 semper

2069 2059 2301 2116 adesse?
2349 2070 2406 2114 ut
2438 2060 2621 2126 simul,
2669 2069 2723 2116 et
2772 2061 3070 2116 secundum
3123 2063 3290 2126 idem,
3345 2059 3636 2132 impiorqu

2071 2152 2364 2222 utrubique
2387 2147 2628 2207 absurda
2657 2163 2713 2207 et
2740 2152 2928 2208 insana
2955 2163 3284 2222 coarguatur
3308 2153 3633 2222 pertinacia.

2070 2240 2202 2296 Nam
2253 2243 2299 2298 si
2351 2243 2608 2298 universa
2642 2255 2916 2310 creatura,
2950 2247 3034 2298 cui
3067 2259 3309 2313 praesens
3351 2255 3438 2299 est
3471 2243 3640 2298 incir-

2068 2337 2402 2406 cumscripte
2435 2335 2604 2400 Deus,
2645 2336 3117 2402 incircumscripta
3149 2343 3320 2402 esset,
3353 2335 3561 2391 valeret
3585 2335 3636 2389 ei

2068 2428 2298 2484 fortasse
2320 2427 2525 2497 aliquid
2549 2427 2950 2498 argumentatio
2971 2441 3092 2485 sua.
3113 2427 3210 2481 Sin
3233 2438 3422 2482 eontra
3450 2425 3634 2481 omnia

2068 2523 2484 2591 circumscripta
2511 2532 2659 2589 sunt,
2695 2538 2792 2576 cur
2825 2522 2940 2576 hinc
2963 2520 3324 2577 insulsissima
3349 2530 3407 2576 et
3439 2519 3632 2590 frigida

2069 2613 2348 2669 contentio
2381 2612 2459 2677 ﬁt,
2493 2626 2613 2692 quae
2642 2601 2684 2665 a'
2707 2609 2934 2682 proprio
2969 2619 3183 2666 tantum
3215 2625 3450 2682 corpore
3498 2610 3636 2666 Ver-

2070 2706 2195 2761 bum
2223 2705 2588 2760 exterminat?
2621 2703 2756 2758 Vere
2789 2701 2949 2758 telam
2983 2703 3169 2758 aranei
3211 2711 3514 2758 contexunt
3539 2703 3635 2773 qui

2071 2799 2172 2854 ista
2204 2799 2424 2868 sapiunt
2447 2808 2504 2854 et
2528 2797 2714 2854 dicunt
2735 2797 2748 2852 l
2813 2799 2825 2812 '

2140 2985 2232 3041 42.
2284 2985 2382 3063 His
2413 2986 2489 3042 ita
2535 2985 2846 3056 disputatis,
2875 2985 3114 3054 reliquas
3145 2981 3424 3042 sermonis
3456 2985 3628 3041 nostri

2069 3085 2251 3145 partes
2277 3089 2689 3146 persequamur.
2742 3075 3008 3143 Quoniam
3060 3089 3124 3131 ex
3158 3073 3474 3144 duplicitate
3503 3088 3636 3130 con-

383 3167 534 3226 εἶναι
589 3171 682 3224 τὸν
725 3171 982 3244 Χριστὸν,
1029 3173 1078 3226 εἰ
1126 3171 1378 3226 ἐϐούλετο
1433 3173 1706 3227 σεσῶσθαι
1736 3177 1886 3248 αὐτῷ
1937 3177 1966 3231 ὃ

2071 3165 2255 3220 ﬂatum
2291 3166 2568 3222 Mamonas
2594 3166 2873 3222 Christum
2895 3163 3148 3231 alﬁrmat,
3179 3167 3224 3220 si
3253 3174 3404 3233 certe
3427 3165 3478 3219 ei
3503 3179 3636 3221 con-

380 3262 745 3336 περιθρυλλεί
768 3261 1170 3336 εὔφημονακαὶ
1223 3263 1435 3334 κομψὸν
1491 3264 1594 3334 τῆς
1648 3265 1970 3338 διπλότητος

381 3355 566 3422 ἥνομα
591 3392 607 3416 ,
659 3352 1040 3424 περιγραπτὺν
1071 3353 1214 3408 κατὰ
1251 3352 1359 3424 τὴν,
1379 3355 1576 3424 ἑτέραν
1614 3355 1723 3408 τῶν
1753 3355 1970 3426 φύσεων

380 3444 677 3514 όμολογεῖν
723 3444 816 3498 τὸν
853 3445 1088 3516 Χριστὸν
1136 3444 1265 3500 ἔδει.
1333 3445 1552 3517 Ἐπειδὴ
1601 3445 1660 3500 δὲ
1706 3447 1868 3502 τοῦτο
1904 3449 1968 3503 οὐ

379 3531 625 3601 δίδωσιν,
649 3535 957 3606 ὲξήπλωται
985 3535 1138 3604 αύτῷ
1166 3535 1226 3588 τὸ
1249 3535 1688 3606 συνεπτυγμὲνον
1714 3539 1808 3592 καὶ
1837 3539 1971 3599 Gaia-,-

385 3627 601 3696 μαστὸν
627 3627 728 3696 τῆς
755 3625 1106 3697 δι-πλότητοςο
1141 3627 1236 3681 καὶ
1268 3628 1624 3698 γεγύμνωται
1649 3629 1752 3700 τῆς
1783 3631 1970 3686 διπλό-

379 3736 556 3786 τητος
590 3717 685 3772 τοῦ
714 3719 920 3789 τρόπον
967 3719 1064 3771 καὶ
1101 3719 1211 3772 τῶν
1244 3719 1570 3793 πανούργων
1607 3721 1774 3775 αὐτοῦ
1804 3739 1964 3792 σοφι-

381 3812 638 3880 σμάτων.
689 3810 922 3882 Τοιαύτη
968 3810 1026 3864 δὲ
1075 3811 1108 3882 ἠ
1136 3811 1430 3877 ἀλαζονεία
1453 3814 1548 3867 καὶ
1573 3813 1865 3883 φιλαυτία,
1899 3815 1969 3870 τὰ

379 3905 536 3974 πέρα
567 3903 662 3959 τοῦ
693 3906 895 3978 μέτρου
945 3907 1366 3978 κενεμϐατοῦσα
1400 3909 1744 3980 περιαθρετν·
1791 3902 1866 3962 ὧν
1903 3909 1962 3964 δὲ

381 3998 603 4066 ἐφείται
627 3997 1114 4070 διατεκμαίρεοθαι
1149 3999 1243 4052 καὶ⁸
1273 3998 1708 4064 διασκοπεῖσθαι,
1741 4000 1979 4072 διαμαρυ

378 4092 573 4144 τὰνειν
607 4092 940 4163 περιφανῶς.
979 4094 1180 4165 Ἐχρῆν
1205 4092 1316 4165 γὰρ
1346 4093 1408 4158 ἐξ
1429 4087 1512 4150 ὧν
1545 4093 1708 4156 αὐτὸς
1743 4095 1962 4166 προῆγε

381 4181 588 4250 λόγων,
613 4185 1007 4250 προαισθέσθαι
1031 4202 1094 4254 γε
1115 4186 1210 4239 καὶ
1233 4185 1613 4252 συνιέναιγότι
1643 4185 1794 4257 αὐτῷ
1823 4175 1979 4240 ἐκεῖ-ί

383 4271 484 4324 θεν
511 4273 830 4343 ἐκϐήσεται.
865 4273 964 4328 Ἐκ
987 4275 1304 4346 διπλότητος
1329 4275 1544 4342 δοξάζει
1569 4275 1662 4330 τὸν
1687 4277 1926 4348 Χριστόν
1947 4295 1963 4341 ;

385 4363 579 4438 Ταύτῃ
611 4367 744 4434 γοῦν
781 4369 876 4421 καὶ
909 4367 1164 4432 σύνθετος
1197 4368 1353 4422 ἔσται
1391 4369 1632 4430 πάντως.
1665 4370 1730 4422 El
1759 4369 1870 4442 γὰρ
1902 4369 1966 4424 τὸ

383 4455 601 4510 ἁπλοῦν
639 4457 952 4522 ἀσύνθετον,
999 4459 1062 4512 τδ
1105 4459 1170 4512 ὲκ
1203 4459 1526 4527 διπλότητος
1574 4459 1854 4515 σύνθετον.
1895 4461 1962 4515 Τί

2070 3270 2291 3325 servare
2335 3257 2446 3311 vult
2491 3269 2654 3326 quam
2701 3257 2952 3311 buccinat
2989 3257 3242 3327 inclytam
3271 3265 3328 3310 et
3351 3256 3628 3326 egregiam

2067 3346 2407 3416 duplicitatis
2493 3347 2948 3418 appellationem,
3031 3347 3504 3416 circumscriptum
3581 3346 3639 3401 in

2067 3438 2334 3494 alterutra
2357 3453 2420 3494 ex
2454 3440 2540 3495 his
2573 3439 2786 3494 namris
2802 3439 3049 3493 conﬁteri
3075 3437 3360 3492 Christum
3391 3437 3636 3492 deberet.

2069 3531 2208 3600 Quia
2243 3545 2371 3586 vero
2405 3532 2457 3587 id
2511 3545 2618 3586 non
2647 3531 2922 3594 concedit,
2961 3529 3278 3584 dissolvitur
3316 3528 3368 3583 ei
3414 3543 3638 3597 compa-

2067 3634 2214 3680 ctum
2266 3623 2368 3678 hoc
2420 3632 2478 3678 et
2555 3621 2842 3678 miriﬁcum
2891 3620 3228 3690 duplicitatis
3282 3619 3636 3685 vocabulum,

2067 3711 2293 3782 ipsoque
2352 3711 2683 3781 duplicitatis
2735 3710 2969 3767 artiﬁcio
3017 3710 3339 3781 callidisque
3368 3710 3483 3765 suis
3547 3724 3639 3766 so-

2068 3804 2430 3874 phismatibus
2453 3805 2780 3859 denudatur.
2812 3803 2906 3858 Est
2929 3813 3110 3860 autem
3137 3804 3355 3874 superbi
3390 3805 3627 3860 homihis

2067 3896 2282 3968 sibique
2313 3896 2480 3952 nimis
2523 3895 2790 3968 placentis
2837 3895 3101 3964 cilicium,
3150 3913 3239 3954 res
3265 3899 3408 3953 ultra
3456 3912 3642 3969 aequos

2069 3987 2209 4043 ﬁnes
2245 3987 2452 4056 positas
2486 4001 2648 4042 aereo
2696 3986 2863 4041 veluti
2900 3977 3064 4043 cursu
3118 3989 3531 4059 pervestigare;
3567 3988 3636 4042 ab

2067 4077 2134 4133 iis
2183 4087 2363 4134 autem
2395 4093 2530 4148 quas
2565 4077 2630 4131 ei,
2664 4077 2950 4147 dispicere
2985 4093 3050 4134 ac
3092 4080 3360 4149 speculari
3423 4079 3632 4141 liceret,

2066 4169 2372 4225 manifeste
2405 4171 2684 4225 aberrare.
2737 4167 3036 4239 Oportebat
3081 4171 3228 4224 enim
3278 4185 3346 4224 ex
3401 4170 3468 4225 iis
3517 4185 3640 4238 quae

2067 4272 2226 4320 antea
2257 4261 2412 4325 dixit,
2447 4261 2766 4330 praesentire
2798 4269 2960 4329 atque
3000 4261 3324 4331 intelligere,
3353 4261 3485 4331 quid
3527 4263 3632 4317 sibi

2066 4352 2308 4408 indidem
2339 4351 2480 4407 foret
2504 4349 3006 4406 obventurum..Ex
3035 4351 3350 4420 duplicitate
3379 4361 3633 4406 constare

2067 4445 2340 4501 Christum
2371 4440 2602 4500 censet?
2633 4441 2928 4512 Propterea
2977 4443 3143 4512 igitur
3195 4452 3250 4499 et
3305 4445 3635 4513 compositus

381 4542 484 4599 οὖν
518 4547 581 4598 τὸ
622 4548 1080 4619 περιιστάμενονς
1123 4549 1184 4600 Ei
1219 4549 1638 4618 ἀπερίγραπτον
1675 4550 1749 4602 τό
1779 4550 1958 4616 Θείον,

2068 4539 2292 4596 omnino
2325 4537 2450 4593 erit.
2479 4537 2613 4591 Nam
2649 4535 2696 4592 si
2723 4551 2810 4592 res
2837 4535 3073 4607 simplex
3123 4546 3206 4591 est
3239 4536 3596 4606 incomposita
3625 4556 3640 4602 ;

379 4637 520 4692 διότι
559 4639 774 4693 ἁπλοῦν
798 4641 890 4694 καὶ
929 4639 1246 4706 ἀσύνθετον,
1294 4641 1358 4693 τὸ
1403 4641 1469 4694 ὲκ
1500 4639 1820 4710 διπλότητος
1865 4645 1962 4698 καὶ

382 4729 667 4795 σύνθετον,
700 4734 755 4787 τί
784 4733 936 4787 ἔσται
955 4751 995 4800 ;.
1007 4733 1352 4804 Ἔφησεν-ἂν-
1371 4734 1592 4797 πάντως
1614 4735 1708 4788 καὶ
1740 4734 1816 4806 μὴ
1840 4735 1964 4806 βου-

380 4822 616 4892 λόμενος
647 4825 1026 4896 περιγραπτόν
1050 4839 1066 4858 ο
1097 4824 1272 4888 ἄλλως
1302 4841 1363 4878 τε
1387 4825 1446 4878 δὲ
1472 4825 1613 4897 αὐτὴ
1643 4827 1676 4897 ἡ
1707 4827 1807 4897 τῆς
1835 4845 1964 4890 συνε

381 4914 590 4975 θέσεως
614 4914 814 4979 ἔννοια,
839 4915 938 4987 τὴν
967 4915 1318 4988 περιγραφὴν
1341 4918 1475 4988 ἡμῖν
1497 4918 1562 4988 εκ
1592 4917 1795 4982 παντὸς
1824 4919 1961 4973 ὑπο-

377 5003 620 5057 τίθεται.
669 5002 857 5067 Οὕτως
896 4985 1181 5075 πανταχοῦ
1223 4985 1321 5058 καὶ
1365 4985 1446 5074 τῷ
1497 4985 1644 5076 όρθῷ
1691 5003 1836 5077 λόγῳ
1869 5006 1964 5060 καὶ

377 5092 564 5164 ἑαυτῷ
585 5094 1012 5165 ἀπομαχόμενος
1039 5096 1337 5150 δείκνυται.
1367 5094 1478 5149 Καὶ
1499 5095 1674 5150 ταῦτα
1701 5097 1801 5166 μὲν
1823 5095 1962 5168 πρὸς

377 5182 514 5246 τοὺς
552 5185 763 5238 ἐκείνου
812 5184 1003 5253 λόγους
1038 5185 1297 5256 λελέχθω.
1353 5188 1513 5240 Δοκεῖ
1558 5185 1666 5258 γὰρ
1703 5187 1962 5258 κατειλη-

381 5273 547 5342 φέναι
583 5275 646 5326 τὸ
697 5274 936 5346 Χριστοῦ
1001 5279 1329 5348 μυστήριον,
1379 5275 1516 5348 μηδὲ
1563 5277 1634 5330 τὰ
1684 5277 1744 5331 ἐν
1795 5279 1959 5332 ποσὶν

377 5363 544 5430 εἰδὼς
565 5366 601 5438 ἢ
634 5366 871 5438 βλέπων.
907 5369 1177 5436 Καθάπαξ
1215 5369 1324 5441 γὰρ
1358 5371 1458 5440 τῆς
1485 5369 1702 5434 εὐθείας
1726 5371 1820 5425 καὶ
1859 5371 1960 5442 βα·-

377 5459 604 5531 αιλικῆς
630 5460 1008 5528 ἀπονενευκὼς
1055 5463 1246 5534 τρίϐου
1269 5501 1284 5527 ,
1315 5462 1408 5515 ἐπὶ
1450 5464 1693 5533 τοὺςὲφ⁹
1723 5465 1962 5540 ἑκάτερὰ

377 5567 501 5616 πως
527 5555 966 5620 ἁποκεκλικότας
993 5555 1278 5628 κρημνοὺς
1308 5555 1468 5610 ίεται.

456 5689 506 5722 ⁸³
541 5687 700 5744 Joan.
733 5707 790 5755 x,
842 5689 934 5746 58.

2067 4634 2210 4706 quod
2263 4650 2328 4688 ex
2393 4633 2712 4702 duplicitate
2763 4631 3067 4708 consurgit,
3097 4631 3480 4702 compositum
3529 4643 3634 4688 est.

2067 4726 2206 4794 Quid
2225 4740 2356 4796 ergo
2381 4724 2669 4795 sequitur?
2715 4723 2772 4778 Si
2810 4723 3277 4792 incircumscripta
3318 4733 3402 4778 est
3437 4723 3634 4788 deitas,

2067 4819 2194 4890 quia
2236 4818 2468 4887 simplex
2499 4827 2558 4872 et
2591 4817 2980 4884 incomposita;
3008 4815 3152 4886 quod
3198 4831 3264 4868 ex
3321 4815 3637 4883 duplicitate

2067 4909 2427 4980 compositum
2473 4921 2592 4974 est,
2641 4907 2771 4978 quid
2839 4907 3069 4963 demum.
3117 4906 3224 4979 5³1
3283 4909 3434 4964 erit?
3467 4907 3638 4967 'Dicet

2068 5004 2289 5059 omnino
2311 5001 2395 5058 vel
2423 5001 2650 5067 invitus,
2683 5001 2738 5056 id
2785 5015 2909 5057 esse
2945 5000 3444 5072 circumscriptum.
3496 5001 3640 5056 Alio-

2069 5098 2202 5167 quin
2235 5097 2349 5165 ipsa
2405 5094 2570 5150 etiam
2621 5093 3038 5164 compositionis
3085 5095 3238 5148 notio
3284 5091 3635 5148 circumscri-

2067 5189 2303 5260 ptionem
2345 5187 2501 5242 nobis
2530 5200 2752 5254 prorsus
2791 5194 3167 5255 repraesentat.
3209 5187 3300 5240 Sic
3321 5197 3628 5253 usquequa-

2071 5297 2176 5352 que
2200 5291 2256 5337 et
2281 5289 2444 5336 recta:
2463 5279 2724 5336 doctrinae
2744 5289 2796 5333 et
2820 5280 2921 5350 ipsi
2958 5279 3065 5334 sibi
3096 5291 3394 5348 repugnare
3425 5288 3626 5342 cogno-

2069 5373 2260 5426 scitur.
2303 5370 2482 5440 Atque
2510 5369 2624 5425 bzec
2648 5371 2908 5424 adversus
2957 5369 3128 5438 ipsius
3179 5379 3456 5421 sermones
3492 5365 3644 5419 dicta

2069 5473 2230 5522 ειιιιιο
2273 5463 2409 5534 (57).
2451 5459 2678 5517 Videtur
2725 5463 2871 5516 ettim
2941 5461 2988 5516 is
3031 5458 3236 5515 Christi
3317 5457 3644 5527 mysterium

2068 5559 2283 5630 assequi
2321 5562 2504 5612 mente
2548 5569 2825 5628 sperasse,
2864 5552 2954 5622 qui
3006 5565 3070 5606 ne
3119 5549 3206 5603 illa
3251 5548 3468 5620 quidem
3513 5564 3637 5620 qua:

2799 5711 2814 5756 Κ

457 5800 570 5874 (57)
601 5801 678 5859 De
700 5802 1114 5876 circumscripto
1135 5814 1213 5862 et'
1276 5804 1742 5878 incircumscripto
1780 5807 1866 5863 diu
1907 5809 2143 5882 loquitur
2173 5811 2334 5867 etiam
2365 5810 2681 5865 Theodorus
2750 5805 2960 5862 St-udita
3018 5805 3071 5861 in
3127 5805 3241 5875 pati
3267 5820 3432 5874 opere
3482 5804 3638 5861 edito
