3952 6202
299 393 403 457 {’07

1328 403 1387 463 S.
1426 403 1842 465 NICEPHORI
1880 403 2386 465 PATRIARCH/E
2423 403 2530 461 ΟΡ.

300 514 427 560 ante
460 505 623 573 pedes
667 513 797 562 sunt
850 501 1000 562 novit
1044 514 1138 562 aut
1171 507 1337 564 videt.
1384 509 1560 566 Semel
1610 513 1810 583 quippe
1878 527 1906 564 a
1951 519 2118 566 recta'
2153 511 2406 580 regiaque
2452 511 2535 564 via
2599 509 2812 578 devius,
2881 511 2946 564 ad
2999 509 3228 567 declivia
3282 508 3557 580 utrimque

301 596 602 666 prmcipitia
639 597 904 654 defertur.

374 685 501 741 Vult
529 703 658 758 ergo
685 689 963 744 auditores
993 701 1127 743 suos
1153 690 1418 747 orationis
1449 695 1500 748 vi
1541 694 1868 764 compulsos,

2049 693 2310 748 Βούλεται
2345 689 2439 748 οὖν
2471 695 2598 758 τοὺς
2630 693 3016 765 ἀκροωμένους
3041 691 3151 746 ὑπὸ
3181 693 3280 762 τῆς
3307 692 3558 764 ἀνάγκης

302 794 365 830 (ιτ
398 778 610 832 duabus
644 793 804 832 unam
837 786 1138 849 praeoptare
1185 783 1535 838 sententiam.
1581 785 1688 839 Aut
1730 785 1874 840 enim

303 869 582 923 Christum
611 872 916 938 pingentes,
949 870 1002 924 in
1033 870 1229 940 duplex
1262 883 1321 926 ut
1353 875 1566 929 videtur
1596 884 1876 944 peccatum

304 961 618 1016 necessario
653 961 970 1031 incurrent;
1020 978 1212 1034 nempe
1243 965 1327 1020 vel
1385 965 1544 1021 simul
1575 981 1700 1022 eum
1743 965 1880 1020 ima-

305 1053 430 1119 gine
457 1053 714 1108 deitatem
743 1053 1218 1121 circumscribent,
1253 1067 1474 1127 prapter
1503 1059 1717 1113 unicam
1751 1073 1876 1128 per-

306 1159 494 1198 sonam
521 1159 643 1214 quae
663 1159 729 1200 ex
757 1145 1072 1215 du-plicitate
1109 1147 1188 1215 lit,
1213 1159 1272 1203 ut
1303 1151 1377 1204 ait
1422 1168 1436 1204 :
1474 1149 1558 1204 vel
1583 1150 1878 1218 simplicem

307 1233 686 1288 tantummodo
718 1235 991 1290 hominem
1021 1235 1302 1292 Christum
1335 1241 1694 1308 reputabant,
1713 1229 1773 1295 ὀι
1803 1241 1880 1294 sic

305 1325 542 1382 Nestorii
571 1327 808 1381 vesaniae
835 1329 1198 1384 consentient.
1227 1329 1332 1384 Aut
1363 1331 1408 1385 si
1431 1330 1544 1386 haec
1572 1331 1742 1386 vitare
1766 1340 1882 1386 stn-

307 1418 458 1480 tlent,
494 1418 716 1473 omnino
751 1419 1030 1474 Christum
1063 1420 1290 1490 pingere
1321 1433 1577 1487 caveant;
1617 1404 1782 1490 atqde
1809 1425 1880 1475 ita

309 1510 362 1562 in
406 1525 631 1579 pravum
681 1509 948 1565 Mamertae
995 1511 1189 1582 dogma
1231 1512 1545 1578 incurrent,
1587 1513 1639 1567 id
1689 1523 1774 1568 est
1825 1513 1880 1565 in

309 1603 643 1656 mntrariam
677 1603 1178 1672 phantasiastarum
1222 1613 1428 1659 sectam
1453 1645 1468 1670 ,
1502 1607 1593 1676 qtti
1642 1605 1885 1659 funditus

309 1692 548 1746 veritate
571 1693 924 1758 exciderunt;
955 1694 1044 1748 cui
1077 1703 1256 1751 tamen
1295 1696 1411 1766 ipse
1441 1708 1602 1752 sectae
1631 1711 1736 1752 non
1765 1696 1884 1752 sine

309 1784 538 1838 ardente
590 1784 770 1838 studio
815 1782 1083 1852 adhaeret;
1133 1787 1400 1856 siquidem
1451 1801 1516 1841 ex
1572 1783 1884 1856 duplicitate

309 1873 528 1941 quidem
557 1871 811 1942 afﬁrmat,
838 1875 889 1928 in
909 1874 1228 1946 duplicitate
1255 1887 1458 1941 tamen,
1486 1875 1539 1930 id
1563 1883 1645 1930 est
1669 1875 1720 1929 in
1753 1877 1886 1928 dua-

311 1963 416 2018 bus
442 1964 676 2029 naturis,
701 1965 978 2020 Christum
1003 1965 1273 2020 exsistere
1301 1979 1524 2034 prorsus
1557 1977 1718 2036 negat
1744 1963 1877 2037 (58).

312 2054 494 2124 Atque
531 2054 606 2109 ita
665 2071 772 2111 uno
805 2057 997 2110 saltem
1053 2058 1211 2112 modo
1248 2057 1444 2112 divina:
1493 2057 1886 2112 incarnationis

314 2147 561 2200 doctrina
610 2148 1000 2214 corrumpitur.
1047 2148 1288 2215 Quorum
1339 2150 1620 2204 hominum
1675 2147 1886 2219 fugiens

313 2234 680 2291 absurditates
702 2235 968 2306 Ecclesia,
997 2249 1052 2292 et
1077 2239 1129 2292 in
1157 2238 1469 2294 alterutram
1505 2249 1714 2309 partem
1738 2240 1886 2294 clau-

314 2327 500 2382 dicare
538 2327 799 2384 diviuitus
827 2329 1022 2396 vitans,
1047 2316 1396 2400 mediamque
1427 2341 1482 2387 et
1511 2342 1712 2388 rectam
1743 2334 1884 2386 viam

316 2433 510 2476 tenens
529 2461 544 2486 ,
574 2422 664 2475 uni
695 2421 940 2477 adhaeret
970 2423 1219 2489 veritati,
1260 2413 1563 2480 erthodoxe
1591 2423 1886 2494 religiose-

299 2523 422 2576 ‘que
449 2511 652 2566 Christi
681 2513 1042 2568 oeconomiam
1064 2515 1329 2569 confitens
1351 2508 1514 2585 atque
1533 2516 1883 2585 amplectens.

315 2599 434 2656 Jam
469 2616 604 2658 vero
631 2603 722 2672 qui
749 2603 840 2658 illa
872 2605 1223 2676 dogmatizat,
1261 2605 1400 2661 idem
1427 2589 1708 2662 evidenter
1735 2607 1886 2673 facit,

319 2706 386 2748 ac
419 2692 464 2747 si
495 2693 620 2763 quis
649 2708 717 2748 ex
753 2707 940 2760 aureo,
975 2697 1128 2750 verbi
1161 2697 1332 2762 gratia
1355 2735 1370 2760 ,
1409 2696 1590 2764 sigillo
1619 2697 1803 2764 plures
1835 2697 1888 2750 in

318 2801 442 2842 cera
474 2786 862 2867 impressiones
881 2789 1103 2844 ell'ectas
1133 2789 1341 2851 videns,
1364 2803 1486 2842 mox
1514 2788 1888 2852 contenderet,

316 2878 402 2932 vel
452 2893 646 2932 aurum
695 2893 834 2934 cerae
880 2890 1194 2934 concretum
1243 2894 1364 2933 esse
1406 2887 1462 2934 et
1499 2881 1846 2934 commistutn
1873 2923 1889 2946 ,

318 2971 448 3025 dum
490 2971 841 3038 charagmata
869 2971 1239 3040 exprimeret;
1273 2971 1356 3025 vel
1389 2971 1610 3026 omnino
1644 2972 1888 3027 incusam

316 3059 374 3114 in
417 3061 594 3131 sigillo
633 3063 960 3133 scripturam
1013 3063 1080 3118 ab
1121 3063 1212 3118 illo
1264 3064 1430 3119 dividi
1491 3079 1554 3120 ac
1587 3064 1890 3133 dispertiri.

318 3149 416 3230 vel
451 3155 496 3207 si
538 3153 661 3224 quis
699 3155 876 3222 ignem
921 3154 1210 3228 ﬁguratum
1247 3156 1518 3226 aspiciens
1541 3197 1556 3223 ,
1591 3155 1892 3222 cujusmudi

319 3259 464 3314 smpe
513 3246 762 3300 videmus
796 3255 944 3301 rotas
986 3247 1248 3317 quasdam
1301 3248 1488 3316 igneas
1528 3248 1894 3316 ardentesque

1977 785 2086 838 τῶν
2115 785 2290 854 λόγων
2329 785 2627 856 ἠγμένους,
2670 774 2818 838 δυοῖν
2851 784 3070 857 ἑλέσθαι
3116 785 3176 838 τὸ
3221 785 3436 856 ἓτερον.
3483 788 3560 840 ’Ἡ

1976 876 2086 948 γὰρ
2122 877 2438 948 γράφοντας
2483 877 2574 930 τδν
2613 877 2870 948 Χριστὸν.
2919 877 3338 948 ἀναγκασθῆναι
3381 879 3559 952 διπλῷ

1975 969 2055 1040 τῷ
2091 969 2333 1022 δοκοῦντι
2363 972 2681 1040 περιπεσεῖν
2707 971 3086 1041 ἁμαρτήματι·
3115 971 3236 1041 ἦτοι
3283 988 3556 1041 συμπερι-

1977 1060 2212 1130 γράφειν
2237 1059 2299 1112 τδ
2336 1059 2491 1112 Θείον
2536 1061 2604 1130 τῇ
2649 1059 2854 1120 εἰκόνι,
2888 1057 2978 1112 διὰ
3025 1058 3088 1112 τὸ
3133 1058 3194 1112 ἓν
3240 1059 3555 1130 πρόσωπον,

1977 1151 2112 1221 ὅπερ
2159 1151 2225 1203 ἐκ
2259 1149 2609 1220 διπλότητος,
2660 1151 2738 1215 ὣς
2782 1168 2968 1221 φησιν,
3017 1151 3188 1204 ἐστίν·
3241 1146 3560 1222 ἦτοι.ψιλδν

1983 1239 2142 1311 μόνον
2171 1237 2458 1307 ἄνθρωπον
2481 1239 2720 1294 νοεῖσθαι
2743 1241 2834 1294 τὸν
2860 1239 3116 1311 Χριστὸν,
3147 1241 3240 1294 καὶ
3267 1243 3332 1312 τῇ
3355 1240 3562 1294 Νεστο-

1984 1328 2099 1398 ρίου
2125 1327 2502 1400 συμφέρεσθαι
2527 1327 2948 1402 φρενοϐλαϐείᾳ.
2985 1331 3056 1384 Ἦ
3077 1330 3254 1384 ταῦτα
3275 1330 3560 1401 διαφυγεῖν

1981 1417 2362 1488 αἱρουμένους,
2396 1419 2472 1490 μὴ
2507 1423 2744 1492 γράφειν
2781 1421 2966 1488 αὑτὸν,
2997 1421 3085 1474 ἵνα
3115 1425 3180 1492 τῇ
3215 1421 3427 1475 ἐκείνου
3461 1439 3562 1476 κα-

1981 1511 2201 1592 κοδοξίᾳ.
2225 1512 2600 1584 περιπέσοιενο
2632 1509 2830 1566 ταύτὸν
2853 1513 2910 1566 δὲ
2930 1516 3125 1576 εἰπεῖν,
3149 1516 3214 1585 τῇ
3247 1513 3562 1583 φαντασιῶ-

1980 1604 2058 1659 δει
2089 1605 2183 1658 καὶ
2216 1604 2496 1672 ἀντιπάλῳ
2523 1605 2708 1678 μοίρᾳ,
2741 1605 2852 1658 τῶν
2873 1608 2936 1658 ὲκ
2961 1606 3256 1676 διαμέτρου
3285 1605 3428 1673 λέγω
3456 1605 3560 1676 τῆς

1983 1695 2244 1766 ἀληθείας
2272 1696 2724 1766 ἀποσφαλέντων,
2762 1693 2832 1770 ἧς
2861 1697 2982 1760 ὅλος
3029 1687 3254 1770 θερμῶς
3303 1697 3560 1767 περιεχό-

1987 1805 2148 1856 μενος
2179 1787 2412 1856 γίνεται,
2444 1787 2506 1840 τὸ
2539 1788 2638 1858 μὲν
2660 1791 2723 1842 ὲκ
2751 1789 3072 1858 διπλότητος
3099 1787 3297 1856 λέγων,
3327 1787 3388 1840 τὸ
3408 1787 3466 1840 δὲ
3501 1789 3562 1840 ὲν
3609 1777 3621 1785 ’

1983 1878 2283 1949 διπλότητι,
2325 1879 2496 1950 ῆγουν
2523 1880 2583 1932 ἐν
2612 1879 2736 1933 δυσί
2763 1879 2959 1948 φύσεσι
2999 1879 3090 1933 τδν
3118 1879 3355 1950 Χριστὸν
3381 1872 3522 1931 εἶναι
3543 1921 3560 1942 ,

1986 1969 2262 2040 πανταχοῦ
2297 1969 2750 2041 παραιτούμενος.
2783 1972 2894 2024 Καὶ
2931 1969 3104 2034 οῦτως
3135 1969 3193 2035 ἐξ
3223 1968 3341 2032 ἑνός
3375 1986 3439 2036 γε
3465 1965 3562 2020 τοῦ

1985 2061 2186 2131 τρόπου
2209 2061 2238 2113 ό
2256 2065 2356 2132 τῆς
2379 2060 2531 2125 θείας
2557 2062 2885 2130 σαρκώσεως
2911 2059 3362 2132 παρασλάπτοιτο
3379 2057 3562 2126 λόγος.

1985 2143 2198 2221 ’Ὧνπερ
2243 2152 2276 2221 ἡ
2317 2151 2613 2221 Ἐκκλησία
2639 2152 2976 2222 διαφυγοῦσα
3004 2152 3072 2206 τὰ
3100 2153 3277 2206 ἄτοπα
3300 2192 3315 2218 ,
3345 2149 3441 2204 καὶ
3463 2149 3568 2220 τὴν

1986 2242 2078 2295 ἐπὶ
2102 2242 2306 2312 θάτερα
2345 2239 2671 2314 θεοπρεπῶς
2699 2243 3062 2314 παρατροπὴν
3093 2241 3390 2296 ὲκκλίνασα
3412 2281 3426 2306 ,
3465 2239 3568 2295 καὶ

1986 2335 2086 2404 τὴν
2119 2337 2290 2405 μέσην
2318 2332 2510 2406 ὥσπερ
2551 2335 2644 2388 καὶ
2687 2336 2809 2389 κατ’
2841 2334 2974 2388 εὐθὺ
3017 2335 3174 2389 ἰοῦσα
3207 2335 3350 2398 όδίν,
3395 2335 3568 2406 μόνης

1987 2425 2172 2496 ἔχεται
2200 2425 2301 2496 τῆς
2349 2424 2643 2496 ἀληθείας,
2690 2424 2988 2498 όρθοδόξως
3037 2426 3133 2480 καὶ
3175 2425 3420 2489 εὐσεϐῶς
3464 2425 3568 2496 τὴν

1990 2517 2132 2572 κατὰ
2179 2517 2415 2589 Χριστὸν
2470 2517 2788 2587 οἰκονομίαν
2817 2517 3157 2588 ὁμολογοῦσα
3187 2536 3246 2572 τε
3281 2519 3376 2572 καὶ
3406 2533 3568 2588 περιο

1991 2613 2218 2664 έπουσα.
2239 2609 2409 2664 ’Δλλᾶι
2439 2609 2610 2664 ταῦτα
2640 2609 2988 2679 δογματίζων
3014 2610 3174 2680 δῆλός
3202 2612 3351 2676 ἐστιν
3378 2609 3570 2680 ὅμοιόν

1991 2721 2042 2756 τι
2069 2703 2257 2767 ποιῶν,
2285 2702 2359 2766 ὼς
2393 2703 2446 2755 εί
2475 2719 2560 2766 τις
2610 2701 2733 2756 ἰδὼν
2759 2703 3030 2774 δακτυλίῳ
3059 2703 3248 2774 χρυσῷ
3268 2743 3284 2768 ,
3321 2703 3455 2774 φέρε
3483 2702 3566 2755 εἰ-

1993 2799 2138 2860 πεῖν,
2189 2795 2651 2866 ἔκσφραγίσματα
2693 2793 2916 2849 πλείονα
2953 2796 3011 2847 ὲν
3055 2793 3212 2865 κηρῷ
3253 2791 3566 2848 ἀποτυποῦ-

1997 2905 2135 2958 μενα
2165 2927 2180 2953 ,
2215 2889 2464 2942 ἐνίστατο
2497 2887 2693 2954 λέγων,
2727 2887 2760 2955 ἢ
2795 2872 2888 2939 τὸν
2918 2887 3122 2958 χρυσὸν
3149 2885 3228 2956 τῷ
3251 2885 3407 2958 κηρῷ
3433 2900 3570 2940 συν-

1993 2976 2403 3046 ανακεκρᾶσθαι
2430 2978 2524 3030 καὶ
2545 2977 3017 3048 συναναμεμίχθαι
3058 2977 3570 3048 ὲναποματτόμενον

1993 3068 2062 3122 τὰ
2111 3069 2462 3138 χαράγματα,
2509 3067 2542 3138 ἢ
2589 3069 2806 3133 πάντως
2833 3087 2898 3139 γε
2941 3069 3038 3140 τὴν
3079 3068 3571 3141 ἐγκεχαραγμένην

1995 3161 2054 3212 ἐν
2090 3159 2170 3229 τῷ
2210 3158 2480 3229 δακτυλίῳ
2525 3160 2742 3231 γραφὴν
2785 3160 3092 3214 διίστασθαι
3142 3159 3238 3214 ἀπ’
3277 3161 3444 3214 αὐτοῦ
3471 3162 3571 3214 καὶ

2000 3250 2340 3322 μερίζεσθαι.
2377 3251 2447 3304 Ἦ
2479 3251 2554 3313 ὡς
2579 3251 2644 3305 ἂν
2668 3269 2752 3316 τις
2779 3252 2841 3305 τὸ
2875 3251 2985 3321 πῦρ
3009 3251 3408 3322 εἰκονιζόμενον
3437 3253 3569 3306 θεά·

317 3333 570 3390 ﬂatnmas
618 3351 721 3391 ttna
769 3351 892 3391 cum
947 3337 1259 3391 clteruhinis
1314 3337 1520 3406 pictas,
1558 3351 1663 3406 qua
1718 3337 1891 3391 forma

1999 3351 2172 3408 σοιτο,
2205 3341 2348 3396 καθὰ
2393 3342 2653 3407 πολλάκις
2681 3343 2902 3414 ὁρῶμεν
2933 3344 3161 3414 τροχοῦς
3183 3357 3337 3408 τινας
3379 3342 3569 3415 stupri:-

321 3428 559 3496 ιιιοοίοεί
597 3428 916 3498 angelorum
963 3427 1330 3496 apparitiones
1363 3428 1654 3496 viderunt;
1701 3429 1768 3491 is,
1807 3428 1896 3482 in-

320 3533 508 3586 quam,
535 3518 755 3590 igneum
779 3531 997 3588 quoque
1016 3518 1249 3573 calorem
1278 3518 1352 3572 ibi
1379 3533 1606 3588 prorsus
1635 3535 1760 3574 cum
1785 3533 1896 3572 rna-

322 3610 460 3665 tcria
519 3610 993 3680 circumscriptum
1063 3609 1442 3676 existimaret,
1495 3621 1590 3665 aut
1655 3610 1894 3679 separari

325 3705 505 3773 ignem
535 3717 567 3758 α
589 3718 685 3756 sua
713 3703 932 3772 propria
962 3702 1422 3768 substantialique
1448 3702 1709 3772 qualitate
1737 3719 1898 3772 prop-

303 3807 409 3852 ,ter
437 3792 841 3860 ﬁgurationem.
876 3791 1032 3847 Sicut
1059 3808 1190 3862 ergo
1223 3794 1296 3846 ita
1339 3794 1554 3861 opinari
1589 3807 1653 3848 ac
1686 3793 1894 3857 dicere,

324 3883 550 3938 stultum
581 3889 670 3934 est
707 3891 868 3950 atque
907 3881 1264 3950 impossibile,
1300 3883 1373 3934 ita
1424 3882 1556 3936 illud
1591 3882 1811 3938 stultius
1845 3883 1900 3936 et

325 3973 740 4044 impossibilius.
773 3973 924 4027 .Sunt
955 3973 1099 4026 enim
1133 3971 1216 4026 lue
1251 3971 1384 4026 fatui
1433 3974 1760 4042 attonitique
1811 3976 1897 4029 in-

326 4066 468 4132 genii
499 4065 961 4136 despumationes.
999 4061 1136 4118 Nam
1173 4064 1219 4119 si
1253 4064 1507 4134 pmdicta
1547 4065 1684 4120 nihil
1720 4067 1773 4119 in
1801 4081 1896 4120 sua

327 4169 522 4214 natura
565 4159 878 4229 patiuntur,
923 4156 1194 4226 quomodo
1237 4157 1657 4226 supernatnraie
1689 4171 1744 4214 et
1795 4162 1899 4213 im-

326 4253 586 4322 passibile
616 4251 846 4306 Verbum
910 4261 1006 4305 aut
1031 4249 1511 4305 circumscribetur
1531 4267 1652 4306 cum
1682 4253 1898 4322 propria

327 4360 514 4408 carne,
543 4351 634 4398 aut
662 4343 708 4398 si
739 4344 851 4398 hac
879 4343 1152 4414 pingatur,
1191 4343 1368 4412 ipsum
1407 4343 1474 4396 ab
1503 4357 1566 4396 ea
1598 4342 1896 4408 dividetur,

328 4448 418 4491 aut
447 4437 592 4490 aliud
623 4434 931 4504 huiusmodi
968 4433 1334 4504 perpetietur?
1367 4433 1800 4503 quandoquidem
1836 4451 1902 4490 ne

332 4531 384 4582 iu
418 4527 766 4583 sanctissima
783 4526 1000 4596 quidem
1023 4541 1188 4581 carne
1215 4539 1334 4587 sua,
1358 4526 1442 4579 cui
1469 4527 1902 4580 substantialiter

331 4619 545 4672 unitum
577 4626 684 4683 est,
721 4616 1197 4684 circumscriptum
1234 4613 1334 4669 fuit
1377 4615 1514 4688 (59).
1548 4615 1714 4685 Atqui
1760 4617 1902 4670 lttmc

1997 3436 2130 3501 ὃεις,
2159 3435 2253 3488 καὶ
2298 3433 2500 3504 φλόγας
2531 3435 2702 3506 πυρὸς
2747 3436 3132 3506 ἀναπτομένας
3151 3475 3168 3498 ,
3200 3437 3296 3490 καὶ
3333 3436 3447 3496 τοῖς
3477 3450 3571 3504 χε-

2000 3525 2199 3598 ρουόὶμ
2225 3525 2789 3598 συνδιαγραφομέναςο
2814 3527 2934 3582 καθ’
2965 3527 3032 3590 ἃς
3055 3529 3104 3580 oi
3132 3527 3376 3596 θεολόγοι
3401 3529 3573 3596 ἀγγε-

1998 3617 2284 3686 λοφανείας
2323 3611 2482 3682 εἶδον,
2523 3618 2741 3681 πάντως
2773 3618 2867 3671 καὶ
2897 3620 2998 3689 τὴν
3038 3619 3306 3691 ὲμπύριον
3353 3634 3574 3688 συμπε-

2003 3709 2366 3782 ριγεγραφθαι
2399 3710 2464 3781 τῇ
2494 3708 2596 3784 ὕλῃ
2619 3709 2759 3776 δόξει
2787 3710 3100 3782 θερμότητα
3125 3752 3141 3774 ,
3171 3710 3204 3782 ἢ
3235 3709 3575 3781 κεχωρίσθαι

1997 3799 2060 3852 τὸ
2091 3799 2202 3871 πῦρ
2229 3799 2330 3868 τῆς
2357 3800 2565 3862 οἰκείας
2592 3799 2687 3854 καὶ
2721 3800 3016 3863 οὖσιὼδους
3045 3801 3332 3870 ποιότητος
3373 3801 3576 3852 εἰκονι-

1999 3890 2247 3960 ζόμειον.
2292 3889 2380 3953 Ὦς
2410 3885 2504 3942 οὖν
2535 3889 2709 3944 ταῦτα
2755 3893 2971 3962 φρονεῖν
3000 3891 3094 3945 καὶ
3131 3890 3308 3960 λέγειν
3343 3891 3578 3961 ἀνόητον

1999 3977 2094 4031 καὶ
2119 3976 2402 4041 ἀδύνατον,
2429 3977 2783 4048 ἀνοητότερον
2811 3979 2990 4031 ἐκεῖνο
3015 3980 3110 4032 καὶ
3137 3978 3578 4050 ἀδυνατώτερον·

1999 4069 2260 4122 ἀσυνέτου
2301 4068 2410 4140 γὰρ
2461 4069 2616 4124 ταυτί
2665 4071 2758 4124 καὶ
2808 4069 3170 4141 ἐξεστηκυίας
3199 4071 3395 4142 φρενὸς
3433 4071 3580 4124 ἀπο-

2000 4159 2310 4229 ϐράσματα.
2338 4159 2399 4210 Εἰ
2427 4156 2535 4228 γὰρ
2557 4158 2708 4212 οὺδὶν
2731 4158 2800 4212 τὰ
2832 4161 3101 4230 εἰρημένα
3130 4161 3209 4222 εἰς
3234 4157 3333 4230 τὴν
3353 4159 3572 4213 ἑαυτῶν

2001 4250 2162 4319 φύσιν
2188 4249 2436 4315 πάθοιεν,
2463 4249 2581 4312 πῶς
2607 4249 2637 4302 ὅ
2664 4266 2728 4317 γε
2772 4250 3064 4321 ὑπερφυὴς
3093 4251 3188 4304 καὶ
3221 4250 3443 4319 ἀπαθὴς
3473 4250 3582 4304 Λό-

2000 4357 2114 4409 γος,
2142 4340 2176 4413 ἢ
2207 4341 2797 4412 συμπεριγραφήσεται
2825 4343 2891 4412 τῇ
2925 4341 3032 4412 ἰδίᾳ
3065 4344 3252 4411 σαρκὶ,
3293 4341 3327 4412 ἢ
3366 4357 3583 4412 γραφο-

2005 4433 2172 4503 μένης
2199 4432 2546 4504 διαστήσεται
2573 4473 2589 4498 ,
2620 4433 2653 4503 ἢ
2695 4433 2886 4504 ἔτερόν
2913 4450 2967 4487 τι
2998 4433 3240 4487 τοιοῦτον
3282 4433 3537 4487 σπείσεται
3561 4473 3579 4501 ,

2003 4527 2160 4597 εἴπερ
2191 4525 2311 4579 οὐδὲ
2349 4526 2408 4578 ὲν
2435 4528 2500 4598 τῇ
2533 4527 2779 4598 παναγίᾳ
2821 4525 2987 4581 αὑτοῦ
3020 4527 3188 4598 σαρκί
3214 4523 3271 4600 ᾖ,
3299 4527 3583 4593 οὗσιωδῶς

2001 4617 2244 4686 ἥνωται,
2291 4619 2776 4689 περιγέγραπται;
2839 4617 3042 4689 Ἐχρῆν
3093 4617 3150 4672 δὲ
3200 4617 3434 4672 συνιδεῖν
3481 4622 3584 4672 καὶ

331 4711 630 4780 sapientem
670 4710 812 4765 scire
843 4707 1130 4779 oportebat
1165 4715 1222 4760 et
1271 4705 1520 4773 credere,
1561 4705 1891 4762 Christiano-

2005 4708 2297 4763 πεπεῖσθαι
2327 4709 2419 4763 τὸν
2473 4710 2635 4781 σοφὸν
2670 4712 2782 4772 τοῖς
2808 4709 3153 4780 Χριστιανῶν
3195 4710 3462 4780 ἑπόμενον
3493 4709 3586 4764 δό-

333 4813 454 4850 τιιιη
512 4798 854 4866 dogmatibus
898 4797 1324 4864 obsequentem,
1379 4794 1624 4849 divinum
1665 4793 1900 4849 Verbum

331 4902 457 4945 cum
489 4901 664 4957 genus
685 4897 929 4942 nostrum
960 4888 1233 4943 redimere
1271 4901 1367 4956 per
1411 4899 1568 4940 suum
1609 4887 1902 4942 salutarem

332 4981 628 5043 adventum
660 4976 850 5041 voluit,
885 4991 1006 5032 cum
1032 4977 1315 5048 bypostasi
1343 4991 1440 5032 sua
1463 4991 1662 5032 arcane
1681 4987 1735 5032 et
1766 4978 1906 5032 inef-

335 5070 572 5124 tnhiliter
601 5075 769 5124 totam
804 5067 899 5122 toti
933 5067 1036 5122 sibi
1069 5067 1212 5122 hanc
1234 5069 1701 5138 circumscriptam
1731 5069 1904 5123 linea-

334 5168 552 5233 lcmque
583 5169 826 5218 noStram
855 5171 922 5212 ac
957 5158 1242 5228 ﬁguratam
1273 5169 1522 5216 naturam
1553 5161 1902 5224 adunavisse,

335 5271 456 5325 quae
485 5253 652 5310 etiam
687 5257 809 5322 post
841 5249 1272 5320 assumptionem
1305 5252 1722 5320 circumscripta
1759 5261 1815 5307 et
1842 5253 1903 5304 li-

334 5349 510 5404 nealis
543 5354 802 5418 perpetuo
831 5354 1207 5397 conservatur.
1237 5342 1374 5395 Nam
1404 5344 1503 5397 nisi
1541 5347 1642 5399 hoc
1671 5345 1909 5398 circum-

337 5440 600 5508 scriptum
633 5453 834 5506 corpus
873 5443 1209 5505 assumptum
1243 5433 1454 5500 luisset,
1485 5451 1590 5488 non
1621 5445 1765 5490 esset
1793 5435 1901 5490 sal-

240 5601 246 5605 ·
345 5589 607 5658 adversus
671 5587 1078 5644 lconomachos.
1108 5583 1230 5658 Nos
1274 5599 1404 5658 vero
1455 5586 1720 5654 laetamur,
1765 5593 1908 5658 quod

345 5654 510 5728 hujus
541 5669 757 5722 qttoque
806 5657 1195 5728 sapientissimi
1236 5655 1415 5728 piique
1474 5661 1720 5714 auctoris
1770 5654 1904 5715 nova

344 5723 552 5846 aliquit
581 5729 784 5792 scripta
813 5723 978 5782 in'his
1007 5728 1209 5784 nostris
1237 5723 1604 5782 voluminibus
1642 5729 1906 5798 prolaturi

345 5807 502 5846 suntu
539 5827 554 5844 .

345 5807 554 5854 sumus.

2006 4818 2236 4872 γμασιν,
2263 4802 2347 4856 ὅτι
2375 4817 2480 4872 περ
2525 4803 2553 4854 ό
2599 4801 2742 4864 θεῖος
2781 4801 2951 4868 Λόγος
2977 4799 3156 4852 σῶσαι
3187 4797 3248 4852 τὸ
3276 4797 3399 4852 καθ’
3429 4799 3586 4868 ἡμᾶς

2007 4895 2162 4962 γένος
2187 4895 2276 4948 διὰ
2303 4895 2406 4964 τῆς
2445 4895 2718 4972 σωτηρίου
2758 4892 2926 4947 αὑτοῦ
2963 4893 3288 4962 ἐπιφανείας
3319 4891 3588 4962 βουλόμε-

2009 5001 2117 5052 νος,
2149 4987 2207 5038 ὲν
2233 4989 2298 5058 τῇ
2330 4986 2527 5041 ἑαυτοῦ
2557 4987 2850 5041 ὑποστάσει
2875 4988 3136 5058 ἀρρήτως
3171 4985 3267 5039 καὶ
3301 4985 3444 5056 ὑπὲρ
3489 4985 3584 5038 λό-

2011 5087 2128 5139 γον,
2157 5072 2285 5142 ὅλην
2326 5073 2433 5144 ὅλῳ
2459 5074 2638 5146 ἑαυτῷ
2681 5077 2782 5144 τὴν
2837 5075 3222 5146 περιγραπτὴν
3265 5074 3329 5144 δὴ
3373 5075 3588 5148 ταύτην

2011 5165 2106 5216 καὶ
2133 5165 2384 5236 γραπτὴν
2413 5165 2569 5236 ἡμῶν
2599 5165 2760 5235 φύσιν
2789 5167 2882 5220 καὶ
2921 5165 3326 5236 εἰκονιζομένην
3357 5181 3588 5236 προσει-

2009 5253 2197 5323 ληφῶς
2233 5255 2461 5326 ἥνωσεν,
2495 5257 2616 5327 ἥτις
2649 5259 2744 5310 καὶ
2773 5259 2912 5326 μετὰ
2959 5257 3058 5330 τὴν
3085 5256 3394 5328 πρόσληψιν
3424 5273 3589 5326 περι-

2012 5347 2328 5418 γραφομένη
2376 5348 2472 5400 καὶ
2513 5351 2836 5419 γραφομένη
2879 5351 2958 5414 είς
2999 5349 3086 5403 ἀεὶ
3126 5349 3478 5414 διασώζεται.
3523 5351 3586 5404 Εἰ

2008 5441 2115 5511 γὰρ
2149 5439 2210 5492 τὸ
2239 5441 2612 5512 περιγραπτὸν
2651 5441 2812 5495 τοῦτο
2847 5440 3004 5510 σῶμα
3034 5441 3094 5494 οὐ
3146 5439 3587 5513 προσείληπται,

2083 5594 2196 5663 (58)
2225 5593 2420 5650 Recole
2447 5595 2589 5649 dicta
2621 5613 2654 5650 ιδ
2679 5598 2833 5653 nobis
2861 5612 2913 5665 p.
2952 5597 3044 5661 54,
3077 5595 3202 5650 adn.
3240 5597 3334 5651 55.

2086 5665 2198 5736 (59)
2226 5665 2428 5736 Confer
2456 5667 2743 5736 Eusebium
2768 5667 3158 5722 Casariensem
3198 5668 3249 5720 in
3275 5679 3443 5735 opere
3475 5680 3586 5719 nu-

2018 5734 2112 5802 per
2141 5734 2351 5790 detecto
2380 5734 2456 5789 De
2485 5735 2819 5806 llwopham'a,
2845 5737 2938 5792 lib.
2972 5751 3057 5807 ut,
3097 5736 3187 5792 39.
3225 5738 3244 5750 “

3451 401 3560 464 3'08
3661 378 3686 386 ’
