3994 6198
363 377 471 440 339

1077 375 1704 465 ANTIRBHETICUS
1756 376 1784 435 Ι
1822 377 1988 438 ADV.
2029 372 2618 437 CONSTANTINUM
2675 371 2887 433 COPR.

3527 362 3633 429 310

359 491 486 543 ωδε
514 491 810 544 σέσωσται.
857 488 931 541 Τδ
966 488 1076 560 γὰρ
1108 480 1518 559 ἀπρόσληπτον.
1543 489 1941 561 ἀθεράπευτον,

2055 498 2252 542 vatum.
2287 484 2566 554 Siquidem
2601 484 2745 553 quol
2789 478 2980 547 nequit
3028 475 3236 532 assumi
3265 515 3280 539 ,
3317 474 3625 530 insanabile

361 578 532 647 φασὶν
552 581 604 633 οἱ
639 578 899 649 θεολόγοι.
935 575 1066 634 Εἶτα
1103 579 1358 649 ἐπιφέρει
1386 579 1632 633 τοιαῦτα.

443 788 558 852 μγ’.
596 802 617 835 ι
647 783 811 851 Λέγει
832 782 892 835 δὲ
919 785 946 836 ὁ
986 783 1220 852 ποιήσας
1252 783 1354 854 τὴν
1383 784 1568 837 εἰκόνα
1594 785 1835 854 ἐκείνην,
1871 785 1950 840 ὅτι

361 872 540 925 είκὼν
589 873 686 927 τοῦ
726 873 978 944 ,Χριστοῦ
1029 875 1166 928 ἔστι.
1218 875 1330 927 Καὶ
1388 875 1449 927 τὸ
1487 876 1743 943 Χριστός
1772 875 1949 944 δνομα

363 964 743 1032 γινώσκεται,
787 967 870 1018 ὅτι
920 966 983 1017 οὐ
1025 965 1190 1035 μόνον
1238 965 1534 1036 ἄνθρωπον
1582 966 1766 1037 δηλοῖ,
1814 967 1955 1021 ἀλλά

364 1056 463 1109 καὶ
521 1055 676 1111 Θεόν.
741 1076 757 1108 ι
816 1058 964 1111 Ἔδει
1016 1058 1182 1112 αὑτὸν
1227 1057 1331 1110 κᾶν
1367 1058 1499 1125 γοῦν
1541 1059 1672 1121 τοὺς
1714 1058 1954 1122 οἰκείους

362 1147 781 1217 δυσωπηθέντα,
826 1148 1051 1218 λόγους,
1123 1148 1515 1203 ωναισθέσθαι
1563 1149 1666 1219 τῆς
1717 1148 1954 1213 ἀτοπίας

364 1238 481 1293 τῶν
511 1240 643 1311 παρ’
673 1241 845 1295 αὐτοῦ
877 1241 1297 1312 προαγομένων.
1339 1240 1482 1294 Ἀλλ’
1508 1232 1742 1312 ἔοικενή
1773 1241 1953 1312 πλάνη

368 1332 469 1385 καὶ
516 1332 577 1385 τὸ
604 1332 804 1401 ψεῦδος
848 1333 946 1387 καὶ
978 1333 1158 1403 ἑαυτῷ
1196 1334 1291 1385 καὶ
1327 1335 1395 1404 τῇ
1433 1331 1667 1404 ἀληθείᾳ
1697 1333 1955 1387 ἀνθίστα-

367 1421 519 1478 σθαι.
570 1424 633 1477 El
669 1425 768 1494 μὲν
798 1427 908 1495 γάρ
939 1423 998 1477 ἓν
1030 1420 1099 1496 ἧν
1129 1424 1192 1477 τὸ
1235 1425 1300 1478 ὲκ
1328 1423 1425 1477 τοῦ
1461 1424 1727 1495 ὀνόματος
1757 1425 1954 1495 δηλούς

370 1530 560 1582 μενον,
597 1515 701 1579 τὰς
739 1516 956 1590 περῖτδ
994 1515 1052 1571 ἓν
1093 1514 1524 1587 ζυγομαχούσας
1552 1515 1661 1571 τῶν
1692 1516 1955 1572 ἐναντίων

366 1603 562 1671 δόξας,
613 1607 644 1660 ὁ
684 1606 972 1677 βραϐεύων
1011 1608 1073 1661 τὸ
1114 1606 1357 1676 ἀσφαλὲς
1401 1606 1573 1663 ἐπιὼν
1611 1607 1804 1677 λόγος,
1860 1609 1955 1663 καὶ

366 1698 608 1768 γνωμῶν
648 1699 995 1755 ταλαντεύων
1049 1701 1112 1754 τὸ
1159 1702 1547 1773 ἀμφίρροπον,
1601 1701 1837 1756 δέδωκεν
1887 1703 1954 1758 ἀν

2054 591 2138 635 est
2160 620 2174 645 ,
2207 589 2266 632 ut
2299 578 2454 632 aiunt
2503 575 2758 646 theologi.
2800 572 3005 629 Deinde
3022 567 3318 631 Mamonas
3350 569 3464 622 hare
3505 566 3634 621 sub.

2048 669 2189 739 jicit.

2126 783 2236 855 58
2274 784 2363 838 45.
2405 801 2422 834 ι
2460 781 2560 847 Qui
2617 780 2741 835 fecit
2776 779 2986 834 iconem
3024 776 3198 851 illam,
3234 773 3369 829 dicit
3419 774 3634 826 iconem

2054 890 2177 931 csse
2220 873 2447 928 Christi.
2490 872 2653 942 Atqui
2687 885 2883 926 nomen
2913 868 3123 925 Christi
3156 869 3362 923 scimus
3390 881 3495 919 non
3537 865 3640 917 hu-

2057 967 2258 1022 minem
2285 973 2497 1020 tantum
2527 966 2806 1027 denotare,
2839 963 2934 1018 sed
2973 961 3139 1017 etiam
3172 960 3369 1015 Deum.
3408 977 3426 1009 ι
3461 956 3637 1025 Opor-

2059 1066 2237 1113 tnerat
2274 1057 2437 1121 hunc,
2469 1056 2513 1111 si
2546 1070 2765 1111 suorum
2792 1063 2945 1109 certe
2972 1068 3281 1109 sermonum
3326 1057 3634 1120 respectum

2056 1149 2291 1219 aliquem
2314 1148 2615 1212 habuisset,
2638 1145 3301 1201 animadvertereillorum
3332 1157 3451 1210 quae
3474 1151 3631 1194 antea
3706 1176 3713 1181 -

2056 1242 2271 1298 dixerat
2306 1243 2720 1298 absurditatem.
2777 1239 2885 1295 Sed
2932 1252 3049 1292 mos
3091 1246 3177 1292 est
3228 1233 3433 1289 erroris
3470 1241 3637 1301 atque

2055 1334 2356 1401 mendacii,
2408 1345 2466 1388 ut
2508 1334 2610 1389 sibi
2657 1331 2863 1403 pariter
2902 1346 2965 1385 ac
3008 1327 3223 1385 veritati
3274 1323 3633 1382 contradicat.

2054 1420 2190 1477 Nam
2223 1423 2266 1478 si
2303 1440 2465 1478 unum
2509 1424 2561 1479 id
2594 1432 2738 1478 esset
2768 1420 2910 1492 quod
2946 1435 3014 1475 ex
3064 1418 3284 1473 nomine
3317 1418 3626 1477 denotatur,

2055 1525 2405 1572 contumaces
2438 1518 2653 1586 quidem
2690 1511 3126 1572 adversariorum
3163 1514 3231 1569 de
3268 1528 3376 1567 uno
3411 1510 3632 1581 opinio-

2054 1622 2176 1671 nes.
2227 1608 2470 1663 veritatis
2515 1616 2758 1663 assertor
2794 1622 2976 1664 sermo
3022 1615 3208 1661 noster
3253 1605 3528 1667 lustrans,
3581 1610 3636 1655 et

2055 1698 2445 1753 sententiarum
2499 1700 2906 1771 ambiguitatem
2942 1698 3184 1763 librans,
3217 1696 3499 1752 victoriam
3538 1710 3637 1763 ροσ-

362 1789 470 1861 τὴν
513 1791 757 1845 νικῶσαν
786 1793 868 1862 τῷ
900 1792 1176 1865 κρείττονι
1201 1809 1217 1823 ο
1258 1794 1291 1864 ἢ
1340 1793 1526 1846 τέλεον
1570 1795 1947 1866 περιγραπτὺν

2059 1789 2181 1845 tiori
2212 1790 2560 1875 decerneret;
2588 1805 2783 1861 nempe
2808 1790 2891 1845 vel
2913 1789 3135 1846 omnino
3159 1786 3631 1855 circumscriptum

363 1880 694 1949 ἀποφαίνων
738 1881 800 1935 τὸ
852 1882 947 1948 ἓν,
993 1883 1027 1954 ἢ
1068 1882 1254 1943 τέλεον
1293 1883 1732 1955 ἀπερίγραπτον.
1798 1886 1952 1939 Ἐπεὶ

358 1972 418 2026 δὲ
454 1973 571 2026 τῶν
620 1974 714 2028 δύο
762 1975 982 2045 φύσεων
1031 1977 1269 2046 ὑπάρχει
1309 1977 1757 2048 παραστατικὸν,
1807 1978 1951 2033 καθά

360 2065 460 2116 καὶ
499 2065 668 2129 αὐτὸς
712 2066 918 2135 ἔφησε,
960 2066 1046 2130 τίς
1092 2068 1122 2120 ὁ
1157 2066 1422 2129 κωλύσων
1453 2067 1652 2136 λόγος,
1690 2068 1765 2140 μὴ
1814 2070 1949 2123 ἐκα-

357 2152 501 2224 τέρᾳ
520 2154 728 2207 τούτων
746 2154 817 2207 τά
844 2157 1022 2208 οἰκεῖα
1047 2156 1144 2209 καὶ
1172 2156 1528 2227 προσήκοντα
1555 2156 1947 2227 ἀποδίδοσθαι;

357 2240 505 2296 ὥστε
536 2243 635 2297 καὶ
662 2242 910 2313 ἡνῶσθαι
942 2244 1228 2317 ἀλλήλαις,
1261 2246 1359 2299 καὶ
1391 2247 1701 2319 μηδετέραν
1728 2248 1952 2320 ἐξεστη-

358 2332 522 2387 κὲναι
557 2334 670 2388 τῶν
701 2335 983 2401 οὐσιωδῶς
1026 2338 1087 2392 ὲν
1129 2338 1326 2401 αὐταῖς
1371 2337 1801 2410 θεωρουμένων,
1854 2344 1951 2397 καὶ

354 2428 649 2499 ἀτρέπτως
681 2430 1115 2501 ινυπαρχουσῶν
1159 2431 1411 2501 φυσικῶν
1454 2431 1779 2504 ίδιοτήτων,
1823 2436 1948 2506 μηδ’

353 2513 431 2572 αὖ
472 2518 801 2590 διαιρεῖσθαι
834 2519 914 2590 τῷ
942 2520 1026 2582 είς
1065 2520 1309 2593 ἀλλήλας
1337 2519 1667 2590 ἀσυγχύτως
1706 2538 1949 2593 περιχω-

356 2614 499 2681 ρεῖν.
549 2612 612 2665 El
660 2612 773 2683 γάρ
826 2612 955 2684 περὶ
1004 2613 1205 2667 ταυτὸν
1248 2613 1449 2685 ἄμφω,
1500 2613 1617 2668 ἀλλ’
1653 2615 1753 2668 οὐκ
1782 2615 1950 2685 ἀμφω

352 2700 564 2767 ταῦτα,
592 2701 783 2774 ὥσπερ
817 2704 941 2757 οὐδὲ
967 2704 1116 2775 ψυχὴ
1151 2706 1247 2759 καὶ
1287 2704 1469 2775 σῶμα.
1514 2706 1590 2759 Οὐ
1636 2707 1747 2778 γὰρ
1778 2706 1831 2760 εί
1863 2724 1951 2771 τις

349 2791 476 2865 δοίη
522 2792 616 2846 τὸν
656 2795 823 2850 αὐτὸν
863 2797 1162 2867 χρυσοχόον
1203 2792 1346 2852 εἶναι
1399 2799 1494 2854 καὶ
1527 2799 1772 2867 λιθοξόον
1795 2839 1812 2866 ,
1845 2801 1947 2873 ήδη

350 2884 459 2954 τήν
520 2887 888 2958 χρυσοχοῦιην
930 2890 1015 2951 είς
1057 2888 1157 2960 τήν
1226 2890 1535 2962 λιθοξοῖκὴν
1591 2893 1946 2964 περιαγάγοι.

366 2975 538 3029 Ἀλλά
575 2977 668 3032 τὸν
727 2977 964 3050 ἀριθμὸν
1019 2982 1120 3049 τῆς
1175 2980 1400 3047 δυάδος,
1455 2983 1539 3047 είς
1575 2984 1800 3054 μέθοδον
1848 2986 1951 3057 τῆς

352 3067 556 3122 ἑαυτοῦ
618 3068 961 3142 δυστροπίας
1022 3074 1476 3146 προχειρίζεται,
1543 3077 1640 3130 καὶ
1706 3094 1951 3149 κακουρ-

351 3165 448 3230 γεῖ
492 3162 627 3233 περὶ
678 3164 783 3227 τάς
828 3163 1063 3233 φύσειςο
1112 3166 1203 3219 ῐνα
1230 3168 1341 3221 ’καὶ
1373 3167 1436 3221 τὸ
1475 3167 1572 3223 ἀπ’
1604 3169 1786 3224 αὐτῶν
1818 3187 1946 3224 συνο

351 3254 518 3307 τεθὲν
567 3254 902 3323 πρόσωπον,
961 3257 1148 3315 τέλεον
1205 3259 1678 3332 παραγράψηται,
1735 3263 1832 3315 καὶ
1879 3263 1949 3333 ἢν

354 3344 495 3417 περὶ
528 3348 665 3401 αὐτὸ
709 3349 873 3416 δόξαν
915 3348 1075 3420 ἔσχεν
1121 3350 1423 3426 ἀποπλήσῃ
1474 3352 1694 3424 ῥᾳδίως.
1750 3354 1809 3409 '0
1854 3340 1948 3409 οὖν

355 3436 537 3491 ποιῶν
572 3439 673 3509 τήν
715 3441 904 3495 είκόνα
933 3442 1189 3512 ἐκείνην,
1236 3443 1331 3496 καὶ¹
1372 3443 1546 3511 λέγων
1575 3445 1661 3497 ὅτι
1705 3445 1949 3516 Χριστοῦ

355 3528 544 3593 ἐστιν,
577 3524 690 3583 οἶδε
746 3531 846 3601 μὲν
884 3532 980 3586 καὶ
1025 3534 1098 3586 τά
1144 3534 1256 3588 ἀπὸ
1305 3534 1404 3588 τοῦ
1444 3535 1713 3607 ὀνόματος
1747 3538 1948 3608 δηλού-

358 3632 539 3687 μενα·
580 3614 689 3673 οἶδε
719 3620 776 3674 δὲ
809 3622 907 3674 καὶ
950 3622 1019 3677 τὰ
1050 3622 1160 3677 ἀπὸ
1201 3624 1296 3678 τοῦ
1332 3627 1630 3697 προσώπου
1680 3629 1949 3700 γνωριζό-

359 3726 506 3780 μενα
532 3726 546 3740 ο
589 3710 692 3766 οὐκ
733 3714 927 3782 ἀγνοεῖ
963 3714 1050 3779 δὲ,
1082 3716 1164 3769 ὅτι
1199 3717 1294 3770 καὶ
1323 3717 1545 3771 ἐναντία
1586 3705 1838 3790 ἀλλήλοις
1876 3721 1950 3777 τά

358 3802 690 3857 συνελθόντα
715 3844 731 3870 ,
785 3799 862 3859 ὧν
917 3807 1015 3877 μία
1068 3809 1102 3876 ή
1149 3809 1465 3879 ἐπιστήμη,
1516 3809 1664 3864 καθά
1703 3810 1949 3881 λέγεται.

356 3890 535 3955 Εἰδὼς
565 3891 747 3947 τοίνυν
784 3894 867 3948 ὄτι
899 3895 961 3948 τὸ
1006 3894 1108 3967 μὲν
1132 3895 1343 3951 τούτων
1375 3897 1606 3969 ἀόρατον
1637 3900 1731 3953 καὶ
1767 3900 1947 3972 πάντη

353 3983 609 4055 ἄληπτον
630 4023 647 4047 ,
696 3985 793 4039 καὶ
833 3986 925 4041 διὰ
953 3986 1117 4041 τοῦτο
1161 3988 1453 4059 ’ἀγραπτον
1501 3990 1597 4043 καὶ
1633 3991 1948 4063 ἀπερίγρα-

354 4091 537 4144 πτον,
583 4077 789 4132 εἴσεται
823 4079 917 4134 καὶ
949 4078 1180 4152 Θάτερον
1217 4081 1302 4134 ὅτι
1344 4081 1543 4151 ὁρατὸν
1584 4083 1682 4139 καὶ
1708 4085 1951 4157 καταλη-

354 4168 530 4222 πτόνσ
563 4167 706 4223 ὥστε
733 4172 832 4245 καὶ
860 4171 1240 4243 περιγραπτὺν
1273 4172 1334 4237 ἐξ
1378 4174 1626 4244 ἀνάγκης
1674 4177 1770 4229 καὶ
1805 4194 1949 4248 γρα-

352 4259 499 4312 πτὸν
519 4298 536 4323 ,
566 4260 659 4315 διὰ
686 4260 788 4332 τὴν
816 4261 929 4315 τῶν
960 4263 1225 4318 ἐναντίων
1258 4262 1554 4321 ἀντίθεσιν.
1601 4258 1677 4318 Οὐ
1721 4268 1859 4338 πρὸς
1886 4270 1948 4322 τὸ

351 4353 484 4406 ὅλον
510 4348 605 4407 οὖν
637 4353 697 4406 ἓν
730 4353 808 4418 ὡς
842 4355 967 4409 ὅλον
994 4356 1363 4420 ἀποϐλέπων,
1396 4357 1457 4411 τὸ
1494 4358 1555 4423 ὲξ
1584 4360 1789 4430 ἀμφοῖν
1833 4365 1947 4415 τοῖν

356 4447 553 4518 μεροῖν
577 4447 947 4517 συγκείμενον
967 4464 979 4477 ·
1017 4448 1051 4519 ἢ
1083 4449 1194 4518 γὰρ
1228 4450 1296 4503 ἂν
1325 4449 1455 4513 ἴσως
1485 4452 1579 4505 καί
1617 4468 1742 4505 τινα
1771 4452 1945 4524 ἀφορ-

354 4543 471 4609 μὴν
499 4533 651 4609 εἶχεν
669 4540 698 4593 ό
725 4538 885 4607 λόγος
902 4580 918 4603 ,
950 4539 1087 4593 ἀλλά
1111 4540 1172 4595 τὸ
1192 4540 1474 4611 ὁρώμενον
1504 4542 1667 4612 μόνον
1699 4545 1945 4601 ἀναθεω-

346 4632 508 4704 ρῶν,
539 4631 716 4704 ταύτῃ
760 4635 928 4686 ποιεῖ.
992 4631 1311 4687 Ἐπίσταται
1344 4634 1403 4688 δὲ
1441 4635 1524 4688 ὅτι
1564 4638 1627 4689 ἐκ
1658 4637 1756 4690 τοῦ
1806 4639 1942 4711 γρά·

350 4739 504 4791 φειν,
535 4721 663 4777 οὔτε
688 4723 1290 4795 συμπεριγραφήσεται
1317 4725 1415 4781 καὶ
1435 4725 1664 4796 Θάτερον
1687 4727 1747 4793 ἐξ
1774 4731 1944 4798 ἀνάγ-

350 4833 498 4885 κης,
541 4815 668 4871 οὔτε
716 4813 785 4871 αὖ
819 4817 880 4869 τὸ
916 4816 975 4870 ἓν
1000 4816 1123 4871 ὅλον
1158 4817 1575 4888 μερισθήσεται.
1614 4821 1806 4885 Obesi;
1836 4822 1945 4893 γὰρ

348 4907 792 4980 λόγοςόδρᾶσαι.
836 4907 1001 4960 τοῦτο
1044 4908 1367 4978 δυνάμενος.
1420 4907 1508 4973 Ὠς
1548 4911 1658 4982 γὰρ
1692 4913 1751 4965 οὐ
1795 4913 1946 4983 παρά

350 4999 416 5052 τὸ
440 4999 646 5053 εἰδέναι
673 4999 768 5053 τὸν
782 4999 1101 5071 γράφοντα,
1130 5000 1198 5053 τὰ
1221 4999 1533 5072 δηλούμενα
1566 5003 1940 5074 διαστήσεται,

347 5091 534 5157 οὕτως
552 5091 679 5146 οὐδὲ
711 5092 866 5163 παρὰ
893 5093 956 5146 τὸ
988 5091 1225 5163 γράφειν
1250 5093 1312 5145 τδ
1347 5093 1555 5162 ἕτερον,
1589 5095 1689 5150 καὶ
1717 5094 1944 5168 θάτερον

352 5184 826 5257 ωγγεγράψεται.
878 5185 1018 5256 Ἤδη
1058 5183 1221 5238 τοῦτο
1276 5186 1373 5239 καὶ
1402 5185 1498 5239 ἐπὶ
1525 5185 1622 5239 τοῦ
1670 5188 1812 5241 κατά
1852 5190 1943 5241 τδν

349 5274 650 5347 ἄνθρωπον
679 5273 1129 5347 παραδείγματος
1169 5276 1392 5348 εἴρηται
1416 5293 1430 5309 ο
1461 5276 1523 5329 τὸ
1558 5277 1776 5333 τοιοῦτο
1803 5280 1851 5333 δ’
1876 5279 1942 5334 ἂν

348 5368 453 5422 καὶ
495 5368 557 5420 ιν
584 5366 773 5430 ἀλλοις
824 5367 1025 5437 ῥᾳδίως
1055 5364 1211 5439 stipat
1243 5385 1327 5432 τις
1360 5370 1449 5423 ἀν.
1482 5370 1546 5425 El
1582 5371 1692 5442 γάρ
1715 5389 1800 5436 τις
1830 5367 1939 5426 οἵδε

352 5456 688 5530 πράγματός
730 5473 875 5517 τινος
905 5458 1142 5530 διάφορα
1181 5462 1252 5514 τὰ
1298 5461 1625 5533 δηλούμενα,
1671 5464 1844 5519 ἕλοιτο
1881 5465 1939 5519 δὲ

428 5660 544 5730 (60)
578 5660 654 5715 De
681 5660 958 5716 vocabulis
1012 5664 1342 5730 περιχωρεῖν
1386 5669 1440 5713 et
1472 5658 1845 5783 περιχώιρησις
1884 5661 1935 5714 in

430 5748 462 5782 u
500 5731 753 5783 lonuemli
784 5730 1111 5783 theologica.
1145 5731 1233 5783 diu
1267 5746 1330 5783 ac
1353 5732 1628 5783 sapienter
1722 5732 1935 5783 etavius

358 5748 462 5787 usu
500 5730 1111 5801 loquemliitheolomcn,
1145 5731 1330 5801 diuae
1353 5732 1633 5801 sapienter
1677 5730 1936 5787 Petavius

358 5799 600 5868 disserit,
635 5799 711 5857 De
737 5800 929 5855 Trim’t.
963 5801 1055 5855 lib.
1090 5816 1164 5868 iv,
1199 5799 1285 5865 16,
1322 5799 1480 5870 quem
1519 5801 1563 5855 Si
1601 5800 1775 5856 Graeci
1802 5802 1937 5856 lesi-

1976 3231 2020 3288 C

1982 4590 2026 4646 D

2053 1897 2217 1936 unum
2261 1882 2504 1949 diceret,
2538 1882 2623 1938 vel
2654 1884 2785 1938 item
2816 1883 3040 1939 omnino
3075 1879 3632 1948 incircumscriptum.

2057 1973 2164 2030 Sed
2196 1975 2321 2043 quia
2350 1974 2598 2041 Christus
2640 1976 2773 2030 duas
2812 1990 2923 2045 pra:
2956 1989 3014 2030 se
3048 1972 3155 2028 fert
3183 1981 3443 2034 naturas,
3495 1970 3637 2024 sicut

2052 2067 2214 2122 etiam
2247 2065 2523 2124 Mamonas
2550 2068 2649 2135 ait,
2677 2069 2800 2138 quis
2828 2067 3079 2138 prohibet
3109 2065 3406 2136 quominus
3439 2064 3632 2118 harum

2051 2162 2270 2229 utrique
2297 2161 2516 2230 propria
2547 2170 2604 2218 et
2635 2161 3012 2217 convenientia
3048 2160 3307 2214 attributa
3344 2157 3635 2226 assignen-

2051 2249 2179 2303 tur?
2212 2257 2269 2303 ut
2317 2258 2371 2304 et
2419 2261 2606 2306 mutuo
2639 2250 2891 2305 adueata:
2920 2250 3060 2314 sint,
3106 2257 3161 2303 et
3206 2258 3384 2302 tamen
3442 2255 3634 2300 neutra

2052 2339 2367 2396 discesserit
2407 2357 2436 2394 a
2470 2324 2925 2397 substantialibus
2971 2341 3086 2396 suis
3115 2337 3531 2409 prmrogativls;
3575 2345 3633 2389 ut

2052 2429 2543 2489 inconvertibiliter
2558 2432 2902 2488 manentibus
2919 2431 3160 2503 physicis
3178 2428 3627 2498 proprietatibus.

2052 2535 2160 2577 non
2194 2530 2375 2575 tamen
2411 2530 2620 2577 natura;
2650 2531 3007 2592 separentur,
3029 2521 3284 2590 quoniam
3329 2518 3629 2574 inconfusa:

2052 2602 2282 2691 invicem
2336 2614 2789 2675 circnminsident
2834 2615 2972 2684 (60).
3017 2614 3341 2684 Quanquam
3391 2611 3536 2667 enim
3582 2611 3633 2664 in

2051 2720 2161 2760 uno
2180 2704 2402 2763 Christo
2430 2708 2548 2762 dum
2577 2723 2665 2764 res
2687 2718 2834 2775 sunt,
2870 2709 3011 2763 haud
3039 2707 3167 2765 hinc
3192 2714 3374 2761 tamen
3411 2703 3636 2774 subjecti

2052 2795 2285 2851 dualitas
2321 2797 2512 2863 conﬁt,
2546 2800 2689 2854 sicut
2730 2815 2797 2854 ne
2840 2800 3038 2854 anima:
3064 2798 3286 2868 quidem
3323 2806 3379 2852 et
3422 2796 3634 2865 corpori

2056 2886 2327 2939 usuvenit.
2360 2884 2547 2955 Neque
2578 2888 2622 2941 si
2657 2888 2777 2957 quis
2818 2896 3028 2945 annuat
3070 2887 3323 2942 eumdem
3361 2886 3635 2940 hominem

2051 2975 2212 3030 simul
2242 2990 2366 3031 esse
2392 2978 2674 3034 aurificem
2704 2988 2761 3034 et
2795 2980 3119 3034 statuarinm
3142 3019 3157 3043 .
3193 2978 3403 3034 idcirco
3436 2990 3502 3030 es
3534 2990 3635 3029 au-

2051 3070 2196 3124 raria
2227 3078 2281 3124 et
2303 3071 2572 3125 statuaria
2599 3087 2763 3125 unam
2793 3081 2965 3129 artem
2996 3070 3209 3127 elliciet.
3242 3069 3523 3126 Mamonas
3555 3079 3637 3123 ta.

2054 3177 2178 3217 men
2213 3162 2492 3220 dualitatls
2526 3180 2812 3220 nmnernm
2861 3178 2960 3220 ceu
3013 3163 3233 3218 malitia:
3282 3178 3395 3217 suae
3434 3162 3638 3215 instru-

2056 3265 2299 3310 mentum
2322 3256 2581 3326 objectat,
2606 3257 2733 3310 etin
2763 3256 2971 3311 naturis
3003 3269 3291 3325 perperam
3323 3252 3629 3316 cavillator,

2057 3354 2116 3401 ut
2165 3347 2526 3415 compositam
2570 3362 2788 3416 quoque
2838 3363 2906 3402 es
2959 3347 3044 3401 his
3097 3359 3386 3416 personam
3422 3345 3638 3399 demum

2055 3437 2333 3504 destruat,
2370 3454 2637 3510 suamque
2681 3440 2749 3495 de
2780 3440 2886 3495 hac
2938 3454 2994 3494 re
3042 3439 3368 3494 sententiam
3426 3435 3640 3491 facilius

2056 3540 2422 3585 consummet.
2449 3532 2591 3602 Ergo
2613 3534 2705 3601 qui
2738 3532 2886 3585 illam
2918 3530 3051 3585 facit
3076 3529 3389 3598 imaginem,
3412 3528 3641 3583 Christi-

2056 3636 2161 3692 que
2188 3624 2497 3691 essedicit,
2536 3626 2707 3694 probe
2727 3626 2828 3679 scit
2851 3638 2913 3678 ea
2947 3623 3112 3677 etiam
3137 3636 3259 3690 qua:
3282 3620 3389 3675 hoe
3417 3620 3637 3674 nomine

2057 3718 2457 3789 significantur,
2495 3728 2728 3790 quaeque
2759 3720 2887 3774 item
2919 3734 2947 3772 a
2984 3712 3216 3789 persona
3259 3717 3589 3772 denotantur
3619 3735 3633 3770 :

2056 3824 2234 3879 neque
2277 3810 2402 3864 item
2432 3811 2605 3865 nescit
2655 3810 2770 3864 haec
2804 3808 3035 3863 invicem
3070 3821 3190 3863 esse
3234 3796 3483 3878 Opposita
3514 3821 3633 3875 qua:

2057 3901 2455 3966 coadunantnr,
2504 3915 2735 3972 quorum
2765 3908 2848 3955 est
2880 3916 2986 3955 una
3017 3900 3108 3971 (id
3140 3908 3226 3955 est
3276 3898 3638 3965 simultanea)

2057 3990 2329 4060 cognitio,
2381 4002 2438 4046 ut
2472 3992 2767 4063 loquimur.
2810 3990 3003 4047 Sciens
3039 3990 3207 4061 igitur
3244 3990 3440 4044 horum
3472 4003 3638 4042 unum

2057 4096 2177 4138 esse
2210 4083 2484 4139 invisibile
2515 4095 2571 4139 et
2604 4082 3181 4162 incomprehensibile,
3218 4082 3447 4150 ideoque
3483 4080 3636 4135 inde-

2057 4173 2313 4228 lineabile
2363 4183 2421 4228 et
2468 4174 3035 4243 ineircumscriptum,
3092 4180 3388 4243 cognoscet
3435 4169 3640 4240 pariter

2055 4265 2215 4321 etiam
2248 4265 2512 4332 alterum,
2558 4280 2754 4335 nempe
2785 4266 2925 4336 quod
2959 4266 3031 4319 sit
3060 4263 3274 4318 visibile
3302 4274 3357 4317 et
3392 4250 3639 4329 compre-

2056 4356 2357 4425 hensibile;
2409 4358 2482 4412 ita
2523 4365 2581 4411 ut
2625 4356 2934 4412 necessario
2965 4366 3022 4411 et
3054 4354 3529 4424 circumscriptum
3562 4353 3633 4407 sit

2054 4460 2110 4505 et
2164 4449 2511 4518 delineabile,
2564 4461 2789 4522 propter
2836 4449 3240 4505 contrariorum
3290 4447 3632 4504 antithesim.

2053 4542 2172 4598 Non
2202 4558 2332 4613 ergo
2365 4544 2432 4598 ad
2468 4554 2638 4599 totum
2673 4559 2873 4609 unum,
2908 4553 3165 4615 tanquam
3212 4551 3384 4597 totum
3410 4582 3423 4605 ,
3462 4541 3635 4610 respio

2054 4636 2208 4692 ciens
2239 4634 2381 4708 quod
2407 4652 2471 4691 es
2502 4636 2713 4692 duabus
2743 4637 2987 4707 partibus
3019 4636 3397 4706 componitur;
3429 4634 3631 4705 alioqui

2055 4728 2284 4783 fortasse
2318 4728 2426 4783 vim
2461 4729 2695 4800 aliquam
2726 4739 3107 4798 argumentum
3138 4726 3399 4795 haberet;
3426 4727 3523 4782 sed
3556 4726 3640 4781 vi-

2051 4821 2209 4877 sibile
2244 4830 2456 4877 tantum
2507 4831 2795 4892 spectans,
2844 4822 2919 4876 ita
2963 4835 3024 4876 se
3066 4821 3230 4892 gerit.
3283 4817 3403 4875 Scit
3451 4828 3631 4875 autem

2051 4915 2193 4983 quod
2227 4914 2455 4985 pictura:
2484 4927 2670 4979 causa,
2702 4914 2844 4968 haud
2873 4914 3185 4970 necessario
3204 4913 3442 4969 alterum
3474 4913 3631 4968 simul

2051 5005 2554 5071 circumscribetur,
2595 5020 2771 5075 neque
2810 5005 2944 5067 item
2972 5022 3138 5061 unum
3175 5015 3346 5062 totum
3380 5003 3511 5059 illud
3551 5004 3633 5058 di—

2052 5096 2286 5149 videtur.
2326 5094 2648 5151 Nullatenus
2674 5096 2819 5151 enim
2845 5096 2897 5151 id
2922 5094 3042 5151 ﬁeri
3072 5106 3274 5167 potest.
3304 5094 3440 5149 Nam
3465 5092 3625 5151 sicut.

2054 5188 2181 5256 quia
2212 5197 2264 5239 tu
2294 5189 2605 5257 pingentem
2636 5188 2856 5257 videas,
2889 5188 3035 5243 haud
3071 5199 3360 5259 propterea
3394 5199 3482 5239 res
3517 5184 3626 5238 visa

2051 5278 2105 5331 in
2139 5287 2322 5347 partes
2352 5280 2485 5346 ibit;
2517 5278 2592 5334 ita
2622 5294 2692 5335 ne
2723 5281 2796 5335 ob
2827 5280 3157 5336 delineatum
3187 5277 3407 5347 quidem
3437 5288 3622 5334 unum,

2050 5369 2279 5426 alterum
2309 5371 2474 5427 simul
2502 5372 3003 5429 circumscribetnr.
3035 5369 3265 5439 Jamque
3296 5366 3399 5421 hoc
3425 5365 3494 5419 ab
3524 5368 3635 5419 hn-'

2048 5463 2213 5519 minis
2236 5465 2400 5520 etiam
2436 5468 2683 5536 exemplo
2708 5463 3200 5521 demonstravimus
3264 5469 3318 5516 et
3345 5459 3468 5513 aliis
3490 5473 3623 5529 quo-

2050 5665 2305 5733 cngraphi
2363 5665 2785 5729 consuluissent,
2841 5660 3061 5715 meliora
3126 5669 3179 5711 et
3225 5657 3620 5733 almndantiora

2049 5735 2259 5789 tradere
2293 5745 2565 5804 poterant.
