3952 6202
341 357 443 422 311

1366 368 1424 426 S.
1462 369 1881 430 NICEPHORI
1920 369 2424 431 PATRIARCHAZ
2462 369 2571 432 (ΣΡ.

3479 365 3586 430 312

338 481 447 535 que
482 469 533 519 iu
567 464 726 518 rebus
757 464 900 520 idem
930 465 1086 522 facile
1111 470 1491 539 comperietur.
1521 472 1654 527 Nam
1703 473 1748 527 si
1788 475 1908 543 quis

2013 475 2218 529 τούτων
2245 475 2307 527 τὺ
2334 475 2520 545 ἕτερον
2544 516 2559 541 ,
2593 471 2703 545 ἆρα
2736 474 2831 527 καὶ
2865 473 2940 544 τῷ
2967 472 3140 545 λοιπῷ
3184 475 3586 544 συγχρήσοιτος

338 557 550 611 duabus
578 553 954 611 diﬁ‘erentibus
987 559 1303 615 monstratis
1328 561 1519 629 rebus,
1553 562 1778 617 alteram
1813 564 1912 617 ba-

340 663 459 701 rum
493 646 692 717 eligat,
727 664 855 702 num
901 658 956 704 et
994 649 1163 705 altera
1203 652 1383 707 simul'
1412 655 1627 709 utetur?
1669 654 1910 725 Exempli

339 752 503 792 causa
550 756 564 793 :
603 738 778 807 ignem
812 738 1018 796 scimus
1050 742 1316 812 duplicem
1360 743 1562 799 habere
1598 759 1663 799 ex
1693 759 1751 800 se
1784 760 1914 814 pro-

341 834 591 883 deuntem
622 831 726 884 vim
748 870 763 896 ,
790 831 1018 910 alteram
1042 832 1414 899 illuminandi,
1442 836 1632 890 urentii
1663 836 1912 891 alteram.

283 926 292 941 '
343 921 398 974 Si
432 922 555 991 quis
598 937 727 992 ergo
758 922 879 980 luce
908 938 976 980 ex
1025 926 1147 996 igne
1177 927 1449 997 indigeat,
1498 945 1625 982 num
1656 929 1798 984 idem
1832 930 1915 982 vel

342 1013 544 1100 invitus
566 1025 788 1083 cogetur
821 1018 1258 1074 combustionem
1289 1034 1503 1090 quoque
1542 1020 1779 1075 indidem
1819 1034 1914 1075 ex-

339 1105 538 1174 periri?
569 1104 666 1161 Vel
700 1107 746 1162 si
796 1110 923 1179 quis
956 1110 1025 1165 ad
1067 1112 1309 1166 sordium
1356 1112 1732 1183 purgationem
1773 1125 1912 1180 aqua

341 1196 517 1252 calida
552 1208 779 1264 utatur,
802 1216 931 1255 num
962 1201 1089 1257 inde
1116 1203 1281 1257 etiam
1317 1202 1747 1271 rel'rigerabitur,
1778 1217 1915 1271 quo-

343 1287 487 1341 niam
525 1303 663 1359 aqua
711 1292 874 1346 simul
923 1292 1089 1347 habet
1133 1294 1403 1363 purgandi
1448 1309 1512 1347 ac
1553 1293 1913 1365 refrigerandi

244 1450 253 1457 ἰ
342 1377 692 1435 facultatem?
730 1380 897 1436 Nemo
928 1393 1074 1440 certe
1105 1399 1273 1442 sanus
1308 1385 1393 1440 his
1429 1386 1785 1440 assentietur.
1819 1383 1914 1440 Sie

342 1468 526 1535 itaque
554 1468 835 1525 Mamonus
865 1472 1032 1528 veluti
1066 1489 1229 1528 unum
1276 1476 1406 1544 quid
1430 1515 1446 1539 .
1480 1484 1653 1532 totum
1699 1476 1824 1541 boc,
1860 1474 1913 1528 id

342 1567 426 1611 cst
454 1557 734 1616 Christum
757 1604 774 1629 ,
804 1565 1176 1635 contemplans
1197 1606 1219 1632 ,
1243 1566 1403 1622 vellet
1438 1567 1525 1622 illa
1559 1568 1726 1622 etiam
1772 1567 1915 1622 unde

344 1647 485 1702 idem
529 1662 779 1717 constat,
830 1663 1085 1724 tauquam
1137 1658 1189 1710 in
1235 1658 1402 1713 totius
1438 1658 1709 1714 mentione
1750 1657 1912 1713 simul

342 1738 602 1811 adunare,
629 1745 869 1815 nihilque
890 1745 1083 1801 borum
1111 1763 1206 1817 per
1234 1764 1294 1804 se
1318 1750 1491 1819 ipsum
1524 1758 1773 1819 spectare
1797 1766 1811 1802 :
1838 1748 1910 1802 ita

2015 565 2138 620 υἷον
2177 566 2230 619 τί
2256 566 2399 633 λέγω
2417 542 2439 598 υ.
2465 542 2727 637 ίσμεννὼς
2759 564 2822 618 τὸ
2852 542 2963 633 πῦρ
2986 542 3178 635 διττὴν
3216 542 3337 636 ἔχει
3364 542 3464 637 τὴν
3490 542 3588 620 ἀπ’

2013 658 2180 713 αὑτοῦ
2212 657 2514 729 προϊοῦσαν
2561 658 2849 729 ἐνέργειαν
2872 697 2887 723 ,
2926 656 3024 728 τὴν
3063 656 3163 727 μὲν
3215 657 3587 728 φωτιστικὴν,

2012 750 2112 821 τὴν
2141 751 2197 804 δὲ
2234 751 2555 822 καυστικὴν.
2590 751 2764 819 Εἴπερ
2792 746 2886 803 οὖν
2923 768 3007 812 τις
3046 749 3139 803 τοῦ
3174 748 3455 820 φωτισμοῦ
3492 750 3588 802 τοῦ

2013 839 2121 894 ἀπὸ
2162 839 2256 892 τοῦ
2291 841 2462 912 πυρὸς
2510 841 2863 911 προσδέοιτο,
2919 840 3276 911 βιασθήσεται
3316 842 3453 911 ἄρα,
3493 842 3590 893 καὶ

2013 931 2112 1001 οὐχ
2160 930 2302 984 ἑκὼν
2325 971 2340 995 ,
2393 932 2488 985 καὶ
2524 930 2625 1001 τῆς
2671 931 2884 984 ἐκεῖθεν
2918 929 3244 1000 φλογὼσεως
3284 932 3365 995 εἰς
3392 933 3589 1003 πεῖραν

2017 1024 2174 1077 ἰέναι.
2230 1022 2304 1076 Ἢ
2360 1023 2455 1077 ἐάν
2512 1041 2595 1088 τις
2650 1024 2788 1093 πρὸς
2846 1022 3115 1093 κάθαρσιν
3161 1026 3373 1095 ῥύπου,
3428 1024 3587 1077 ὖδατι

1992 1108 2203 1187 ’θερμῷ
2237 1117 2639 1186 προσχρήσοιτο
2662 1155 2677 1180 ,
2714 1115 2809 1169 καὶ⁵
2836 1114 3170 1185 ψυχθήσεται
3219 1116 3440 1180 πάντως
3489 1117 3589 1171 ἀπ’

2012 1208 2211 1271 αὐτοῦ,
2250 1206 2386 1261 διότι
2434 1207 2705 1278 ρυπτικὴν
2750 1206 2845 1259 καὶ
2881 1204 3153 1276 ψυκτικὴν
3186 1208 3450 1275 κέκτηται
3485 1205 3589 1276 τὴν

2014 1299 2316 1371 ἐνέργειαν.
2362 1296 2503 1351 Ἀλλ’
2538 1297 2712 1361 οὐδεὶς
2743 1297 2810 1351 ἂν
2848 1298 2959 1351 τῶν
2989 1296 3112 1351 νοῦν
3142 1299 3373 1369 ἑχόντων
3411 1297 3590 1352 ταῦτα

2015 1409 2079 1446 συ
2087 1380 2279 1462 μφήσὲ
2278 1409 2372 1445 ιεν.
2413 1392 2564 1445 Ἐπεὶ
2587 1387 2678 1445 οὖν
2706 1390 2840 1461 πρὸς
2869 1390 2927 1443 ἓν
2956 1392 3160 1451 ἐκεῖνος
3187 1390 3248 1443 τὸ
3281 1390 3402 1444 ὅλον
3428 1391 3590 1444 τοῦτο

2012 1482 2104 1535 τὸν
2155 1481 2390 1553 Χριστὸν
2447 1480 2797 1547 διασκοπῶν,
2852 1479 3103 1535 ἐϐούλετο
3161 1482 3253 1533 καὶ
3301 1480 3370 1534 τὰ
3401 1478 3463 1545 ἐξ
3511 1474 3591 1534 ὧν

2013 1571 2205 1637 αὐτὸς,
2250 1572 2327 1637 ὡς
2365 1573 2426 1625 ὲν
2476 1576 2543 1645 τῇ
2591 1571 2686 1625 τοῦ
2717 1572 2839 1625 ὅλου
2891 1572 3116 1643 μνήμῃ,
3160 1571 3587 1640 συνεισάγεσθαι

2013 1665 2184 1735 ὁμοῦ,
2216 1664 2311 1717 καὶ
2346 1663 2512 1735 μηδὲν
2539 1663 2745 1717 τούτων
2771 1663 2894 1717 καθ’
2922 1663 3086 1716 ἑαυτὸ
3118 1662 3476 1733 θεωρεῖσθαι·
3509 1663 3589 1725 ὡς

2013 1755 2083 1809 τὰ
2107 1755 2280 1826 ἑτέρῳ
2310 1755 2697 1826 συμϐαίνοντα,
2730 1755 2949 1816 πάντως
2969 1755 3063 1808 καὶ
3091 1754 3308 1825 θατέρῳ
3338 1753 3397 1819 ἐξ
3423 1753 3592 1823 ἀνάγ-

344 1841 401 1886 ιιι
434 1848 554 1903 qua}
583 1836 673 1889 uni
698 1837 974 1905 accidunt,
1001 1853 1227 1909 prorsus
1257 1852 1308 1896 et
1331 1841 1422 1897 alii
1443 1841 1663 1897 evenire
1689 1853 1908 1896 necesse

2012 1863 2116 1915 κης
2149 1844 2413 1917 ὑπάρξαι.

342 1924 434 1977 sit.

413 2035 523 2107 59
545 2038 633 2093 44.
678 2040 793 2112 Age
824 2056 952 2097 vero
997 2044 1043 2098 si
1076 2045 1295 2113 quando
1332 2060 1361 2099 a
1406 2045 1571 2101 Paulo
1616 2045 1851 2101 audierit
1895 2065 1909 2101 :

343 2122 458 2180 Nos
489 2138 663 2183 autem
684 2131 1039 2199 praedicamus
1062 2132 1333 2190 Christum
1354 2139 1667 2207 cruciﬁxum
1686 2142 1754 2209 ἰς
1782 2143 1912 2213 quid

341 2224 390 2277 ei
416 2233 542 2276 tunc
571 2223 737 2277 menti
770 2225 1046 2279 occurrit?
1073 2221 1338 2293 Quoniam
1362 2244 1649 2287 commune
1681 2244 1764 2288 est
1794 2250 1911 2289 am-

342 2315 515 2370 babus
546 2315 869 2375 coadunatis
912 2318 1128 2373 naturis
1171 2335 1367 2376 nomen
1402 2320 1631 2388 Christi.
1667 2341 1801 2382 sane
1828 2327 1913 2384 vel

340 2407 541 2461 invitus
567 2416 793 2461 coactus
822 2406 988 2463 fuerit
1013 2409 1313 2466 secundum
1336 2427 1467 2469 suas
1489 2416 1910 2485 propositiones,

340 2498 599 2567 quoniam
649 2497 794 2555 Deus
841 2515 1060 2570 quoque
1093 2503 1195 2558 hoc
1241 2506 1459 2561 nomine
1502 2508 1808 2573 denotatur,
1845 2524 1914 2565 ne

340 2589 484 2659 quod
514 2598 600 2644 est
634 2604 797 2644 unum
839 2591 1073 2656 dividat,
1101 2592 1275 2662 ipsum
1313 2594 1550 2651 Verbum
1596 2598 1653 2652 in
1688 2600 1910 2669 propria

340 2696 467 2736 vere
489 2690 681 2736 natura
704 2682 1024 2738 cruciﬁxum
1049 2686 1251 2751 dicere,
1277 2687 1624 2758 divinumque
1651 2704 1910 2747 arcanam

337 2773 703 2830 substantiam
730 2791 852 2831 eum
888 2776 1129 2846 humana
1176 2795 1300 2836 esse
1347 2796 1710 2849 compassam.
1757 2783 1823 2838 Et
1865 2785 1909 2839 si

339 2866 462 2932 quis
490 2866 538 2921 ei
568 2871 936 2923 venerandum
972 2884 1187 2940 quoque
1218 2882 1274 2926 et
1305 2870 1574 2928 vivilleum
1601 2874 1907 2944 sepulcrum

339 2954 641 3010 ostenderit
677 2956 880 3027 (utjam
908 2958 1376 3016 circumcisionem
1402 2970 1455 3013 et
1477 2962 1755 3029 passiones
1777 2961 1912 3017 alias

338 3046 714 3115 omittamus),
762 3047 1007 3118 profecto
1051 3048 1252 3103 dixerit
1296 3058 1564 3104 mortuum
1613 3065 1735 3107 esse
1772 3049 1906 3107 Ver-

337 3136 492 3200 bum,
529 3135 875 3207 divinamqtte
901 3148 956 3193 et
985 3139 1346 3195 immortalem
1379 3151 1626 3197 naturam
1652 3156 1775 3197 cum
1807 3143 1910 3198 hu-

342 3243 498 3281 mana
531 3243 596 3283 ac
627 3229 842 3283 mortali
866 3231 1258 3299 consepultam.
1288 3230 1412 3286 Haec
1438 3234 1580 3289 enim
1614 3238 1752 3304 apud
1784 3250 1905 3290 eum
1935 3205 1978 3263 θ

340 3323 497 3385 tiunt,
530 3330 588 3374 ut
614 3321 904 3391 quominus
926 3323 1232 3379 dividantur
1258 3336 1483 3390 natura,
1514 3326 1559 3381 si
1585 3326 1715 3397 quid
1744 3326 1909 3382 alter-

340 3425 460 3465 utra
502 3413 756 3481 patiatur,
813 3414 864 3468 itt
896 3414 1036 3469 idem
1064 3415 1268 3484 pariter
1300 3416 1702 3473 incommodum
1738 3418 1906 3473 etiam

337 3504 563 3559 alteram
586 3505 883 3575 pet-trahat.
904 3504 1042 3572 Quid
1067 3522 1229 3576 porro
1246 3507 1294 3561 ei
1313 3509 1684 3563 demonstrant
1708 3508 1868 3562 verba
1890 3526 1907 3562 :

341 3592 510 3650 Nobis
547 3597 751 3666 quidem
784 3612 919 3651 unus
953 3595 1089 3651 Deus
1116 3605 1165 3651 et
1195 3596 1375 3661 Pater,
1406 3613 1469 3652 ea:
1494 3614 1596 3667 quo
1628 3599 1831 3665 omnia,
1859 3608 1908 3653 et

338 3704 430 3740 nos
462 3687 515 3740 in
549 3687 700 3755 ipso;
730 3697 779 3742 et
816 3687 1073 3742 Dominus
1107 3689 1266 3744 .lesus
1316 3689 1558 3746 Christus
1579 3731 1595 3759 ,
1625 3708 1718 3761 per
1757 3707 1906 3761 quem

338 3779 536 3842 auauia,
566 3788 614 3831 et
645 3795 736 3833 nos
759 3795 852 3848 per
878 3780 1052 3846 ipsum
1082 3779 1166 3833 "‘i
1197 3780 1357 3843 Certe
1385 3798 1416 3835 e
1438 3783 1730 3837 matrario
1756 3781 1906 3851 paria

338 3868 417 3922 illi
439 3867 728 3946 obvenicnt
748 3868 1003 3923 absurda.
1033 3868 1168 3922 Nam
1196 3870 1321 3939 quia
1346 3871 1399 3924 in
1430 3886 1594 3925 unum
1616 3872 1908 3927 conferun-

336 3971 429 4013 tur
454 3958 660 4023 omnia,
686 3958 963 4014 videbitur
990 3961 1332 4015 concreatrix
1360 3976 1482 4016 cum
1513 3960 1693 4017 Verbo
1723 3972 1904 4018 nostra

333 4062 553 4117 quoque
579 4057 769 4103 natura
802 4049 856 4103 iu
892 4064 1069 4105 rerum
1101 4050 1341 4104 omnium
1366 4051 1742 4119 productione,
1772 4053 1905 4108 erit-

333 4154 439 4209 que
471 4140 634 4195 homo
664 4142 746 4196 sui
777 4141 948 4208 ipsius
979 4150 1216 4198 creator.
1236 4141 1495 4213 itemque
1529 4143 1742 4199 dicente
1780 4144 1905 4199 divo

331 4233 494 4289 Petro
525 4251 539 4287 :
576 4236 649 4287 Tu
685 4249 738 4288 es
761 4231 998 4288 Christus
1030 4235 1128 4289 Dei
1158 4233 1334 4290 Filius
1351 4237 1419 4300 ⁵⁵,
1448 4236 1741 4292 seuundum
1759 4236 1906 4307 ejus-

332 4318 477 4383 ιιῐοςίὶ
512 4329 936 4399 propositionem
958 4369 975 4393 ,
1001 4345 1132 4384 caro
1157 4330 1322 4384 etiam
1352 4330 1735 4399 eomperictur,
1776 4344 1904 4401 pro-

330 4432 453 4491 pter
502 4420 621 4476 Filii
665 4420 1017 4487 relationem,
1061 4420 1297 4477 Deitatis
1344 4422 1665 4477 naturaliter
1698 4422 1903 4478 habere

2087 2055 2191 2128 μδ’.
2224 2055 2289 2109 Et
2312 2071 2444 2108 ποτε
2480 2051 2691 2108 Παύλου
2721 2035 2961 2123 ἀκήκοεν
2981 2067 2996 2079 ³
3033 2047 3232 2117 Ἡμεῖς
3257 2047 3327 2102 δὲ
3354 2046 3589 2116 κηρύσ-

2012 2167 2204 2221 σομεν
2235 2147 2495 2217 Χριστὸν
2525 2143 3018 2215 ἐσταυρωμένον,
3061 2143 3116 2196 τί
3153 2140 3304 2213 αὑτῷ
3335 2138 3619 2194 imae“.
3696 2140 3705 2149 ’

2013 2245 2269 2314 ἀπήντα;
2317 2240 2536 2312 Ἐπειδὴ
2571 2239 2750 2293 κοινὸν
2789 2238 2993 2307 ἀμφοῖν
3020 2236 3129 2290 τῶν
3159 2232 3589 2304 συνδραμουσῶν

2014 2335 2229 2405 φύσεων
2266 2332 2441 2401 δνομα
2473 2330 2709 2401 Χριστός
2731 2346 2746 2360 ·
2778 2328 3006 2400 ἐϐιάσθη
3033 2326 3101 2381 ἂν
3128 2326 3225 2380 καὶ
3250 2325 3352 2379 οὐκ
3378 2323 3590 2378 ἐθέλων

2013 2425 2154 2479 κατὰ
2202 2424 2274 2477 τὰ
2325 2422 2434 2477 ἴδια
2482 2421 2884 2494 προϐλήματα,
2926 2417 3114 2490 ἐπειδὴ
3166 2417 3263 2471 καὶ
3309 2414 3439 2478 Θεὸς
3487 2414 3589 2483 δη-

2012 2516 2202 2570 λοῦται
2234 2514 2326 2568 διὰ
2355 2512 2449 2566 τοῦ
2470 2512 2738 2583 ὀνόματος
2757 2550 2773 2576 ,
2803 2510 2879 2574 ὡς
2907 2509 2973 2564 ἂν
3008 2508 3084 2579 μὴ
3121 2507 3351 2560 διέλοιτο
3373 2504 3452 2567 ἓν,
3484 2504 3591 2557 καὶ

2010 2607 2104 2661 τὸν
2140 2605 2315 2675 Λόγον
2355 2603 2520 2657 αὑτὸν
2571 2601 2733 2671 φύσει
2780 2596 3257 2671 συνεσταυρῶσθαι
3285 2597 3407 2659 ταῖς
3449 2594 3586 2665 ἀληο

2013 2698 2188 2760 θείαις
2220 2695 2430 2765 λέγειν,
2471 2695 2564 2748 καὶ
2594 2693 2693 2763 τὴν
2737 2691 2891 2745 θείαν
2923 2690 3018 2743 καὶ
3043 2689 3360 2760 ἀπόρρητον
3395 2685 3589 2739 οὐσίαν

2011 2792 2077 2859 τῇ
2107 2786 2424 2858 ἀνθρωπίνῃ
2458 2782 2918 2856 ωμπεπονθὲναι.
2962 2781 3069 2834 Καὶ
3109 2780 3162 2833 εί
3192 2796 3280 2842 τις
3307 2777 3456 2847 αὑτῷ
3484 2775 3588 2833 καὶ

2011 2881 2102 2933 τὸν
2151 2877 2293 2932 θεῖον
2349 2876 2444 2931 καὶ
2487 2875 2749 2941 ζωοποιὸν
2802 2874 2975 2944 τάφον
3009 2870 3319 2937 ὑπέδειξεν,
3364 2870 3450 2922 ἶνα
3480 2866 3587 2937 τήν

2012 2954 2434 3041 περιτομὴνααὶ
2464 2968 2531 3020 τὰ
2560 2965 2694 3022 ἄλλα
2726 2965 2874 3037 πάθη
2908 2963 3006 3017 νῦν
3038 2963 3393 3034 παρήσωμεν,
3427 2955 3589 3013 εἶπεν

2013 3060 2079 3115 ἂν
2107 3059 2430 3129 τεθνηκέναι
2468 3058 2563 3113 τὸν
2597 3058 2804 3126 Λόγον,
2848 3057 2947 3110 καὶ
2998 3057 3098 3126 τὴν
3130 3054 3282 3107 θείαν
3319 3051 3412 3106 καὶ
3441 3048 3585 3104 ἀθά-

2012 3167 2171 3205 νατον
2202 3149 2364 3219 φύσιν
2409 3151 2475 3220 τῇ
2516 3146 2833 3219 ἀνθρωπίνῃ
2863 3145 2958 3200 καὶ⁵
2984 3145 3152 3215 θνητῇ
3188 3144 3406 3206 πάντως
3442 3155 3586 3207 συγ-

2010 3240 2449 3312 κατορωρύχθαι.
2493 3240 2677 3293 Ταῦτα
2721 3238 2832 3309 γὰρ
2883 3235 3030 3307 αὐτῷ
3074 3234 3357 3306 βούλεται,
3399 3231 3474 3296 ὡς
3511 3232 3590 3285 ἂν

2013 3335 2089 3404 μὴ
2121 3331 2441 3403 διαιρεθεῖεν
2469 3332 2524 3384 αί
2556 3329 2781 3398 φύσεις,
2814 3328 2892 3399 τῷ
2930 3329 3031 3399 τήν
3069 3327 3198 3398 μίαν
3227 3323 3465 3389 τούτων,
3499 3322 3586 3386 εἰς

2008 3426 2078 3481 τὰ
2107 3428 2165 3479 ὲν
2198 3419 2278 3488 οἷς
2328 3422 2528 3487 πάθοι,
2577 3422 2673 3476 καὶ
2706 3422 2805 3493 τὴν
2855 3420 3053 3492 ἑτέραν
3106 3418 3313 3490 δηλαδὴ
3362 3431 3575 3469 συνεπ-

2011 3517 2242 3587 άγεσθαι
2273 3516 2608 3585 πάσχουσαν.
2638 3512 2702 3566 Τί
2731 3513 2787 3566 δὲ
2817 3511 2970 3582 αὐτῷ
3008 3510 3199 3582 ἐδήλου
3232 3510 3314 3562 τό·
3333 3506 3495 3577 Ἡμῖν
3510 3503 3587 3560 δὲ

2008 3604 2097 3677 εἶς
2132 3608 2315 3675 Θεὸς,
2345 3610 2378 3662 ὁ
2421 3605 2648 3674 Πατὴρ.
2685 3605 2756 3669 ἐξ
2789 3600 2860 3661 οὗ
2895 3604 2966 3659 τὰ
2993 3602 3219 3667 πάντα,
3263 3602 3363 3654 καί
3408 3588 3588 3668 ἡμεῖς

2007 3705 2095 3769 είς
2114 3700 2332 3755 αὐτόν·
2373 3698 2470 3753 καὶ
2502 3701 2535 3752 ὁ
2574 3698 2792 3766 Κύριος
2829 3695 3066 3764 Ἰησοῦς
3108 3690 3469 3763 Χριστὸς,δι’
3504 3684 3589 3747 οὗ

2008 3794 2082 3848 τὰ
2104 3791 2321 3856 πάντα,
2353 3790 2453 3846 καὶ
2488 3789 2660 3860 ἡμεῖς
2686 3788 2761 3843 δι’
2793 3788 3017 3853 αὐτοῦς
3057 3786 3153 3841 Ἐκ
3174 3786 3282 3857 γὰρ
3303 3783 3397 3838 τοῦ
3426 3785 3591 3836 ἐναν-

2008 3886 2126 3937 τίου
2175 3882 2245 3936 τὰ
2273 3882 2437 3952 ὃμοια
2485 3880 2639 3951 αὐτῷ
2684 3879 3057 3950 ἀπαντήσεται
3103 3877 3303 3932 ἄτοπα.
3360 3869 3588 3944 Ἐπειδὴ

2008 3974 2147 4045 πρὸς
2173 3973 2251 4045 τῷ
2282 3972 2362 4026 ἐνί
2389 3974 2505 4026 ἐστι
2537 3972 2607 4026 τὰ
2626 3970 2935 4042 δηλούμενα
2955 4010 2970 4036 ,
3000 3968 3255 4039 ἐφαίνετο
3285 3963 3432 4034 αὐτῷ
3468 3963 3587 4035 ἄρα

2009 4063 2435 4137 συνδημιουργὺς
2482 4064 2561 4136 τῷ
2614 4063 2803 4135 Λόγῳ,
2865 4060 2964 4115 καὶ
2991 4063 3026 4133 ή
3072 4058 3195 4114 καθ’
3229 4058 3376 4128 ἡμᾶς
3416 4053 3588 4124 φύσις

2006 4156 2102 4209 ἐπὶ
2130 4157 2196 4227 τῇ
2227 4154 2338 4208 τῶν
2372 4154 2510 4207 ὅλων
2545 4154 2852 4224 παραγωγῇ
2877 4191 2892 4215 .
2928 4150 3024 4205 καὶ
3060 4148 3216 4203 ἔσται
3239 4150 3268 4201 ό
3292 4146 3587 4216 ἄνθρωπος

2005 4246 2171 4308 αὐτὸς
2200 4241 2397 4297 ἑαυτοῦ
2432 4241 2784 4313 δημιουργός.
2812 4241 2926 4295 Καὶ
2956 4240 3117 4294 πάλιν
3149 4238 3246 4293 τοῦ
3295 4237 3438 4290 θείου
3469 4235 3591 4289 Πέ-

2005 4351 2134 4407 τρου
2169 4335 2436 4403 λέγοντος·
2466 4333 2552 4387 Σὺ
2591 4330 2651 4399 εἴ
2672 4336 2705 4387 ό
2734 4331 2985 4401 Χριστὸς
3019 4333 3052 4385 ό
3096 4331 3230 4395 Υἱὸς
3266 4328 3373 4383 τοῦ
3404 4324 3591 4393 Θεοῦ,

2004 4427 2093 4481 διὰ
2139 4424 2201 4480 τὸ
2227 4425 2360 4480 αὐτὸ
2390 4425 2684 4497 πρόϐλημα
2735 4423 3095 4496 εὑρεθήσεται
3126 4423 3220 4476 καὶ
3257 4422 3291 4492 ή
3335 4419 3472 4492 σὰρξ
3514 4421 3592 4474 τὸ

310 4512 668 4603 ιιίειιίιθιειη.
705 4511 835 4568 llaec
867 4521 922 4567 et
952 4514 1109 4589 plura
1137 4512 1359 4581 similia,
1401 4512 1646 4569 delibans
1676 4515 1905 4585 quilibet

2010 4524 2102 4593 τῆς
2129 4520 2379 4591 θεότητος
2406 4518 2634 4603 διὰᾲτῆς
2668 4515 2852 4587 υἱικῆς
2894 4516 3169 4603 σχέσεως,
3214 4512 3591 4603 φύσει-φερο-

325 4604 540 4660 divinas
558 4603 891 4675 Scripturas,
920 4604 1160 4661 inveniet
1184 4621 1305 4676 quae
1328 4605 1484 4661 istius
1504 4605 1893 4677 blasphemiam

328 4696 829 4767 absurditatemque
859 4694 1243 4767 objurgabunt.
1275 4695 1424 4751 Talia
1460 4696 1662 4766 quippe
1690 4695 1893 4753 Mame-

329 4803 456 4841 nam
488 4788 730 4857 cogitare
765 4799 819 4844 et
849 4790 1088 4860 opinari,
1115 4804 1425 4847 sermonum
1457 4788 1578 4860 ejus
1607 4790 1893 4860 prommia,

326 4893 483 4932 vana:
516 4878 844 4950 fallacesque
886 4883 1248 4950 quaestiones,
1299 4880 1455 4937 nobis
1498 4880 1892 4936 demonstrant.

270 5040 287 5059 ι
326 4970 395 5025 Ει
440 4972 553 5025 haec
595 4970 813 5041 quidem
865 4975 957 5028 ille
1002 4974 1421 5031 inartiﬁcialiter
1468 4972 1898 5045 simpliciterque

327 5066 575 5132 dogmata
628 5062 827 5129 tradit,
881 5079 987 5119 non
1016 5076 1193 5121 autem
1245 5067 1405 5123 modo
1465 5066 1647 5137 aliquo
1698 5081 1897 5137 approa-

326 5154 612 5225 priationis
660 5164 750 5209 aut
800 5157 1208 5227 permutationis
1258 5159 1407 5230 (6i),
1453 5168 1611 5230 prout
1657 5174 1773 5214 mos
1816 5170 1901 5214 cst

328 5249 627 5320 magisterii
677 5249 967 5315 catholici;
1027 5265 1132 5317 qua
1189 5252 1253 5305 de
1321 5267 1378 5307 re
1424 5255 1583 5322 paulo
1640 5263 1759 5324 post
1818 5255 1899 5309 di-

327 5350 500 5397 retur.

2003 4610 2143 4684 μένη
2183 4610 2422 4680 ἀξίωμα.
2461 4601 2557 4671 Οἷς
2606 4604 2969 4677 παραπλήσια
3008 4603 3105 4656 καὶ
3146 4600 3312 4671 ιτερα
3348 4597 3594 4652 πλείονα

2000 4704 2399 4775 ἀναλεγόμενός
2424 4719 2507 4766 τις
2538 4701 2690 4773 παρὰ
2710 4699 2819 4754 τῶν
2844 4697 3006 4753 θείων
3032 4695 3269 4769 Γραφῶν
3294 4692 3445 4764 εὖροι
3483 4691 3589 4756 ὃν,

1998 4799 2036 4855 ἃ
2076 4800 2176 4869 τὴν
2210 4794 2558 4867 βλασφημίαν
2589 4792 2688 4863 τήν
2731 4792 2945 4846 ἐκείνου
2983 4788 3254 4857 ἐξελέγξει
3305 4787 3397 4841 καὶ
3449 4785 3592 4839 ἀτο-

1999 4890 2151 4946 πίαν.
2199 4887 2437 4942 Τοιαῦτα
2481 4885 2539 4940 δὲ
2580 4886 2676 4938 καὶ
2706 4886 2848 4938 νοεῖν
2891 4881 3055 4937 αὑτὸν
3100 4881 3197 4936 καὶ
3244 4874 3484 4952 φρονεῖν,
3516 4879 3588 4930 αἱ

1997 4978 2107 5033 τῶν
2141 4977 2358 5034 οίκείων
2401 4976 2576 5046 λόγων
2605 4974 2804 5046 ἁρχαὶ,
2840 4973 2935 5027 καὶ
2969 4971 3253 5044 περίεργοι
3304 4970 3399 5023 καὶ
3436 4984 3593 5037 σφα·-

1998 5072 2157 5142 λεραὶ
2193 5071 2486 5141 ζητήσεις,
2516 5071 2649 5139 ἡμῖν
2700 5066 3069 5122 ὑποτίθενται.
3102 5065 3214 5119 Καὶ
3242 5062 3418 5117 ταῦτα
3442 5061 3593 5115 ἀτέ-

1998 5180 2139 5233 χνως
2178 5163 2273 5217 καὶ
2307 5161 2516 5225 ἁπλῶς,
2546 5161 2608 5214 οὐ
2630 5160 2817 5233 τρόπῳ
2852 5160 2962 5213 τινὶ
2984 5156 3308 5219 οίκειώσεως
3337 5155 3371 5225 ἢ
3422 5154 3594 5207 ἀντι-

1999 5254 2199 5318 δόσεως
2247 5251 2685 5325 δογματίζοντα,
2724 5248 2871 5305 κατὰ
2916 5250 3007 5304 τὸν
3045 5244 3430 5303 διδασκαλικὸν
3472 5243 3590 5314 τῆς

2002 5344 2302 5416 καθολικῆς
2347 5342 2669 5416 Ἑκκλησίας
2702 5342 2883 5412 λόγον,
2920 5341 3049 5414 περὶ
3077 5335 3151 5395 ὧν
3194 5337 3336 5411 μετὰ
3374 5333 3589 5409 μικρὸν

2000 5438 2296 5512 εἰρήσεται.

397 5618 445 5651 ⁸⁸
475 5617 495 5673 1
525 5622 650 5678 Cor.
700 5643 743 5692 ι,
782 5627 873 5683 25.
950 5626 999 5658 "
1035 5625 1208 5683 lCor.
1242 5640 1360 5693 vm,
1401 5625 1454 5683 6.
1531 5626 1576 5660 “
1608 5625 1796 5682 Matth.
1830 5594 1943 5693 ενι,
1978 5628 2064 5684 i6.

403 5774 520 5846 (6!)
542 5773 691 5834 Hanc
722 5780 947 5853 theologi
983 5789 1154 5845 nostri
1178 5787 1363 5846 dicunt
1392 5785 1708 5844 idiomatum
1738 5787 2304 5844 communicationem.
