3994 6198
279 364 395 431 313

1003 384 1631 451 ANTIRHHETICUS
1668 392 1695 450 Ι
1732 395 1902 459 ADV.
1942 399 2534 463 CONS’I‘ANTINUM
2589 402 2802 471 COPB.

3435 405 3547 473 315

358 489 466 550 με’.
541 483 694 538 Ἐπεὶ
749 485 806 539 δὲ
857 488 1239 573 ἀδολεσχοῦντι
1293 500 1389 553 καὶ
1435 503 1846 575 ταυτοιεποῦντι1

2034 513 2124 566 45.
2159 512 2267 569 Sed
2314 515 2441 584 quia
2484 515 2586 571 hoc
2628 524 2866 587 nugante
2908 530 2962 573 et
2992 520 3290 590 tautologo,
3339 525 3534 592 nugari

283 571 546 667 συναδσλε
556 577 703 643 σχεῖν
736 579 1083 651 προύθέμεθα
1107 571 1221 650 τοῖς
1246 571 1667 661 ἐπιφερομένοις
1691 571 1865 667 αὐτῷ,

280 661 376 713 καὶ
403 661 472 714 τὰ
501 663 646 717 αύτά
676 668 806 738 περὶ
847 669 957 722 τῶν
984 673 1164 728 αὐτῶν
1196 677 1480 746 διεξιόντι,
1520 684 1665 738 οὕτω
1702 661 1867 742 πάλιν

287 758 867 826 προσαπαντήσωμενο
921 762 1036 833 ἔχει
1084 768 1195 839 γάρ
1229 764 1356 824 ὧδε·
1406 793 1425 824 ι
1479 776 1590 828 Καὶ
1616 777 1736 843 πῶς
1770 781 1864 835 τοῦ

274 841 420 940 Θεοῦ
438 846 540 940 μὶ
566 847 857 919 ἀνθρώπου
889 854 1083 927 ὄνομα,
1116 859 1212 931 τὴν
1235 861 1386 919 θείαν
1408 865 1569 935 φύσιν
1602 841 1865 940 σημαῖνον

276 934 380 1031 καὶ
426 936 816 1012 ἀνθρωπίνην,
869 947 963 1001 ἐπὶ
1000 952 1065 1021 τῇ
1114 953 1284 1007 εἰκόνι
1308 956 1495 1031 ἐκείνῃ
1524 934 1724 1031 ἔχομεν
1765 981 1864 1017 κα-

274 1024 473 1093 λέσαι,
515 1032 584 1101 τῇ
615 1031 859 1099 δυνατῶς
909 1038 1109 1112 ἐχούσῃ
1160 1024 1650 1119 ἀνθρώπου
1698 1053 1862 1121 φύσιν

272 1122 748 1213 χαρακτηρίζειν,
809 1128 903 1182 καί
966 1132 1066 1202 τὴν
1119 1134 1272 1191 θείαν
1328 1138 1423 1193 καὶ
1471 1141 1860 1213 ἀκατάληπτον

273 1208 457 1303 φύσινΔ
476 1214 587 1283 μή;
636 1234 656 1266 ι
700 1216 773 1270 Τὸ
803 1219 952 1286 πῶς,
987 1224 1072 1277 ἵνα
1102 1224 1180 1289 ὡς
1212 1229 1444 1299 παρόντι
1472 1208 1739 1303 διαλεχθῶ
1760 1274 1776 1300 ,
1812 1236 1866 1290 εί

275 1314 368 1395 σοι
398 1300 472 1355 τὰ
498 1303 597 1395 τῆς
619 1303 799 1376 ψυχῆς
820 1303 937 1363 ὦτα
959 1315 1036 1383 μὴ
1063 1316 1381 1385 κεκώφωτο,
1414 1320 1470 1373 ετ
1492 1338 1576 1375 σοι
1691 1325 1860 1395 νοητά

270 1388 507 1487 biga-ta
537 1392 614 1463 μὴ
655 1395 1020 1487 ἐπεπήρωτο.
1058 1404 1114 1456 εί
1146 1421 1227 1459 σοι
1268 1407 1338 1461 τά
1373 1408 1484 1462 τῶν
1517 1413 1730 1481 φρενῶν
1774 1388 1856 1487 ’μὴ

186 1482 209 1497 ’
266 1479 569 1547 ἠλλοίωτο,
602 1485 699 1537 καὶ
729 1488 799 1541 τά
833 1489 941 1542 τῶν
975 1491 1252 1564 λογισμῶν
1290 1498 1365 1568 μὴ
1401 1479 1851 1574 παρετέτραπτοί

264 1570 324 1620 εἶ
342 1586 428 1622 σοι
453 1570 553 1640 τῆς
577 1571 892 1641 θεοσεϐείας
921 1580 971 1632 οἱ
994 1581 1112 1652 ὅροι
1137 1582 1373 1654 ἄτρωτοι
1401 1570 1849 1655 διεφυλάσσοντο,

265 1661 367 1712 καὶ
406 1661 511 1731 τῆς
562 1664 861 1739 καθολικῆς
920 1668 1249 1743 Ἐκκλησίας
1296 1677 1329 1746 ἡ
1386 1679 1685 1749 παράδοσις
1727 1698 1854 1733 συν-

262 1753 575 1823 ετετήρητο
601 1755 906 1826 άλὼὁητος,
936 1764 985 1816 εί
1015 1765 1285 1837 σπινθῆρα
1305 1769 1436 1837 γοῦν
1469 1788 1591 1824 τινα
1617 1774 1853 1838 πίστεως

264 1841 329 1891 ἐν
367 1844 435 1912 τῇ
482 1845 711 1898 σεαυτοῦ
758 1850 1016 1920 συνέσχες
1056 1855 1282 1925 καρδίᾳ,
1316 1858 1453 1913 ἀλλά
1498 1861 1573 1933 μὴ
1619 1861 1847 1927 ἔλύττας
1880 1859 1922 1913 Β

264 1934 414 1985 κατὰ
442 1933 544 2003 τῆς
576 1936 884 2010 ἀμωμήτου
919 1944 1011 1996 καὶ
1042 1944 1318 2013 ἀπλανοῦς
1344 1950 1501 2021 ἡμῶν
1530 1952 1843 2024 ὁμολογίας,

262 2026 382 2086 τοῖς
429 2025 626 2094 ἄγουσί
677 2046 737 2083 σε
773 2033 867 2085 ἐπὶ
899 2036 992 2087 τὸν
1040 2039 1286 2109 κρημνὸν
1320 2045 1420 2114 τῆς
1451 2044 1713 2110 ἀπιστίας
1752 2050 1848 2102 καὶ

264 2115 551 2183 ἀπωλείας
596 2122 949 2194 πειθόμενος,
1002 2128 1220 2201 ἐδείχθη
1256 2132 1322 2186 ἀν
1368 2152 1451 2190 σοι
1484 2139 1581 2191 καὶ
1625 2138 1848 2211 ἐκδηλό-

263 2224 409 2300 τατα
451 2211 513 2263 τὸ
557 2212 891 2286 ζητούμενον
925 2259 940 2281 ,
983 2220 1142 2292 εἴπερ
1188 2221 1522 2298 ζητούμενον
1567 2224 1668 2300 ἦν,
1713 2230 1848 2287 ἀλλά

267 2298 346 2369 μὴ
373 2294 572 2373 ’ῶσπερ
602 2305 793 2380 ἐνέδρα
823 2326 905 2374 τις
929 2310 964 2382 ἢ
1001 2294 1326 2385 πανουργία,
1355 2294 1774 2391 ταμιευόμενον.

340 2624 461 2678 Καὶ
503 2626 595 2680 ἴνα
636 2628 707 2683 τά
740 2630 882 2686 αὐτὰ
931 2634 1061 2705 περὶ
1107 2635 1218 2689 τῶν
1263 2637 1447 2692 αὐτῶν
1490 2641 1849 2708 ἀναλαϐόντες

264 2718 541 2788 εἴπωμεν,
570 2718 759 2794 ῶσπερ
786 2725 820 2794 ἡ
854 2724 1160 2796 σταύρωσις
1195 2731 1288 2782 καὶ
1322 2730 1392 2784 τὰ
1415 2732 1584 2804 πάθη,
1613 2736 1847 2806 Χριστοῦ

262 2807 529 2877 λέγεται,
573 2813 651 2876 ῶς
690 2815 720 2867 ὁ
761 2815 966 2885 τάφος,
1023 2822 1117 2873 καὶ
1160 2822 1233 2874 τὰ
1272 2822 1469 2889 λοιπὰ,
1523 2826 1610 2879 ἵνα
1648 2828 1721 2899 μὴ
1755 2830 1850 2882 ἐπὶ

265 2900 457 2953 πλεῖον
488 2903 579 2955 ἀεὶ
607 2902 885 2975 λέγωμεν,
915 2908 978 2961 τὸ
1010 2910 1231 2982 μέτριον
1261 2915 1691 2988 ὑπερτρέχοντες
1710 2962 1725 2986 ,
1755 2922 1848 2976 καὶ

261 2990 379 3043 τῶν
427 2995 811 3063 προσεχόντων
850 2998 949 3062 τάς
976 3001 1143 3065 ἀκοάς
1189 3004 1609 3077 ἀποκναίωμεν,
1660 3011 1755 3064 καὶ
1786 3014 1847 3065 ού

258 3080 326 3150 δή
361 3083 469 3135 πού
503 3101 688 3155 φαμεν
713 3089 854 3143 κατὰ
881 3091 963 3155 σὲ,
1003 3091 1091 3146 διὰ
1116 3094 1213 3165 τὴν
1242 3097 1308 3149 ὲκ
1342 3098 1437 3150 τοῦ
1466 3098 1730 3171 ὀνόματος
1752 3103 1845 3156 τοῦ

262 3175 512 3245 Χριστοῦ
560 3179 661 3247 τῆς
710 3179 902 3244 δυάδος
944 3185 1054 3237 τῶν
1089 3186 1306 3253 φύσεων
1357 3188 1621 3260 δήλωσιν,
1669 3193 1738 3246 τά
1778 3198 1844 3267 τῇ
1874 3189 1915 3246 C

264 3269 373 3339 μιᾷ
418 3271 867 3343 προσνεμόμενα,
903 3276 997 3327 καὶ
1028 3280 1094 3347 τῇ
1147 3279 1309 3351 ἑτέρᾳ
1343 3282 1561 3345 πάντως
1606 3284 1849 3356 ἀπαντή-

262 3358 483 3415 σεσθαι.
538 3364 600 3417 Ὀ
630 3367 866 3437 σταυρὸς
888 3367 997 3439 γὰρ
1022 3369 1260 3433 δυνατῶς
1288 3372 1401 3442 ἔχει
1426 3373 1525 3445 τὴν
1557 3376 1846 3447 ἀνθρώπου

262 3453 430 3516 φύσιν
469 3453 640 3524 μόνην
674 3455 945 3521 κολάζειν,
982 3458 1121 3513 ἀλλά
1152 3450 1392 3532 Χριστοῦ
1427 3465 1659 3535 σταυρὸς
1694 3467 1845 3535 λέγε-

258 3560 375 3596 ται.
407 3544 519 3596 Καὶ
548 3545 783 3601 πειθέτω
809 3565 868 3601 σε
901 3551 929 3602 ό
956 3549 1155 3618 λέγων·
1204 3553 1359 3620 Ἐμοί
1394 3553 1463 3607 δὲ
1490 3555 1576 3624 μὴ
1616 3555 1846 3625 γένοιτο

256 3633 644 3704 καυχᾶσθαι,
704 3640 758 3692 ει
810 3637 897 3708 μὴ
947 3639 1019 3693 ἐν
1057 3639 1137 3706 τῷ
1190 3642 1432 3712 σταυρῷ
1472 3644 1580 3698 τοῦ
1622 3648 1844 3714 Κυρίου

254 3726 437 3795 ἡμῶν
473 3727 682 3795 Ἰησοῦ
715 3732 997 3797 Χριστοῦ.
1037 3733 1103 3786 Ἦ
1136 3735 1405 3807 περιτομὴ
1429 3736 1525 3807 τὴν
1555 3737 1842 3809 ἀνθρώπου

258 3816 446 3886 σάρκα
480 3817 713 3887 διαιρεῖν
746 3819 1004 3875 δύναται·
1038 3825 1132 3876 καὶ
1165 3826 1193 3876 ὁ
1223 3824 1391 3893 τάφος
1431 3827 1637 3898 ταύτην
1665 3832 1843 3899 εμπε-

260 3911 561 3979 ριγράφειν
593 3913 690 3965 καὶ
748 3915 1082 3985 περικλείειν
1114 3919 1211 3973 καὶ
1249 3920 1629 3993 ἀποκρύπτειν
1677 3922 1838 3981 οἶδεν.

266 3999 439 4053 Ἀλλά
476 4000 651 4055 ταῦτα
692 4002 901 4066 πάντα,
933 4006 1173 4077 Χριστοῦ
1215 4006 1315 4077 μὲν
1343 4009 1562 4078 λέγεται
1587 4027 1602 4042 ο
1636 4012 1695 4066 οὐ
1734 4014 1842 4083 μὴν

254 4091 318 4143 δὲ
352 4093 564 4146 τούτων
594 4109 649 4145 τι
693 4095 787 4147 καὶ
833 4096 977 4150 κατὰ
1008 4097 1107 4168 τῆς
1143 4098 1291 4162 θείας
1327 4101 1421 4154 καὶ
1461 4103 1839 4174 ἀνεκφράστου

253 4183 504 4255 φύσεως,
546 4185 754 4255 κυρίως
786 4188 882 4239 καὶ
922 4187 1198 4254 οὐσιωδῶς
1222 4178 1526 4263 εἰρήσεται,
1558 4196 1838 4265 ἀκηράτου

254 4290 326 4340 γε
359 4272 533 4342 οὔσης
570 4274 664 4327 καὶ
694 4275 960 4342 ἀπαθοῦς,
997 4279 1089 4331 καλ⁵
1117 4281 1217 4350 τῆς
1245 4283 1390 4337 κατά
1420 4300 1473 4336 τι
1499 4283 1629 4352 γοῦν
1654 4286 1841 4338 τοιαύ-

253 4382 363 4435 της
413 4365 655 4432 ἐννοίας,
706 4368 1137 4441 ἀπηλλαγμένης
1190 4373 1556 4429 παντάπασιν.
1617 4378 1680 4431 El
1731 4379 1839 4449 γάρ

1967 602 2127 657 simul
2163 605 2547 662 constituimus
2591 621 2710 661 cum
2746 607 2905 663 dictis
2952 608 3107 677 ejus;
3146 610 3271 665 huic
3296 652 3312 678 ,
3347 614 3537 668 eadem

1967 693 2093 749 licet
2126 695 2324 750 dicenti
2356 698 2421 751 de
2452 697 2645 752 iisdem
2692 698 2853 754 rebus
2877 741 2892 764 ,
2941 715 3129 756 rursus
3159 717 3535 758 occurramus.
3626 727 3645 732 -

1963 783 2040 839 Ita
2073 802 2199 840 vero
2231 787 2276 841 is
2299 788 2505 843 habet:
2539 808 2557 840 ι
2590 788 2655 843 Et
2684 790 2954 860 quomodo
2977 791 3071 847 Dei
3100 802 3152 848 et
3175 794 3410 849 hominis
3436 810 3536 850 no-

1964 892 2086 931 men
2136 874 2432 948 (Christus)
2481 879 2719 933 divinam
2779 891 3026 935 naturam
3074 884 3339 939 denotaus
3375 894 3539 955 atque

1963 968 2278 1031 humanam,
2304 971 2370 1022 de
2399 969 2489 1023 illa
2522 971 2681 1025 icone
2713 973 3058 1040 pronuntiari
3088 992 3116 1028 a
3152 975 3305 1029 nobis
3333 987 3531 1045 potest,

1906 1120 1909 1125 ξ
1962 1074 2083 1128 qua:
2122 1059 2369 1115 humanae
2404 1062 2777 1115 tantummodo
2823 1072 3034 1119 natura;
3078 1068 3531 1133 reprmsentandte

1961 1154 2066 1205 vim
2113 1151 2295 1214 habet,
2329 1153 2525 1208 divina:
2568 1169 2698 1209 vero
2739 1156 3302 1225 incomprehensibilis
3351 1160 3526 1213 haud-

1960 1247 2270 1314 quaquam?
2303 1266 2321 1298 ι
2351 1246 2464 1302 lloc
2483 1249 2704 1302 verbum
2731 1253 3009 1320 quomodo,
3043 1259 3101 1304 ut
3120 1252 3271 1317 quasi
3300 1267 3532 1319 praesen-

1961 1346 2065 1390 tem
2111 1346 2164 1391 te
2202 1337 2468 1406 alloquar,
2512 1340 2555 1393 si
2592 1341 2686 1393 tibi
2725 1343 2918 1396 animae
2968 1358 3129 1397 aures
3181 1359 3288 1397 non
3333 1346 3528 1400 obsur-

1957 1428 2237 1494 duissent,
2270 1430 2313 1483 si
2349 1429 2441 1484 tibi
2475 1431 2779 1485 intellectus
2811 1433 2948 1486 oculi
2980 1449 3083 1487 non
3131 1447 3313 1489 essent
3351 1422 3528 1490 excre-

1954 1521 2088 1581 cati.
2127 1521 2170 1573 si
2205 1520 2300 1574 tihi
2349 1536 2499 1576 mens
2551 1536 2655 1575 non
2688 1534 2835 1577 esset
2882 1507 3125 1578 alienata
3164 1536 3210 1581 et
3252 1525 3519 1581 ratiocinii

1956 1627 2085 1667 usus
2131 1612 2446 1675 subversus,
2491 1612 2535 1666 si
2592 1612 2686 1666 tibi
2739 1612 3015 1684 religionis
3062 1617 3277 1670 termini
3314 1617 3526 1672 immoti

1955 1711 2260 1768 manerent,
2284 1714 2336 1757 et
2357 1703 2637 1757 catholicae
2665 1704 2920 1759 Ecclesia:
2951 1708 3172 1761 traditio
3195 1718 3517 1762 conservata

1954 1802 2101 1849 esset
2141 1793 2446 1859 incolumis,
2481 1794 2524 1848 si
2558 1795 2793 1863 aliquam
2825 1796 3018 1851 saltem
3067 1796 3188 1851 ﬁdei
3230 1796 3519 1851 scintillam

1948 1886 2109 1940 corde
2152 1896 2242 1939 tuo
2297 1886 2596 1952 retineres,
2641 1902 2817 1957 neque
2863 1886 3024 1943 furiis
3070 1889 3333 1944 adversus
3373 1889 3514 1944 irre-

1949 1975 2364 2046 prehensibilem
2422 1976 2872 2049 inl’allibilemque
2941 1964 3337 2036 confessionem
3419 1997 3523 2037 no-

1947 2076 2115 2118 stram
2150 2065 2437 2135 agitarere,
2463 2066 2695 2122 ducibus
2727 2070 2819 2137 qni
2856 2079 2906 2123 te
2932 2069 2997 2122 ad
3031 2070 3364 2127 inﬁdelitatis
3390 2087 3520 2141 per-

1948 2156 2276 2226 ditionisque
2300 2158 2653 2227 prmcipitium
2682 2161 2934 2225 trahunt;
2970 2162 3091 2227 hoc,
3123 2161 3366 2231 inquam,
3389 2177 3521 2229 quo-

1948 2250 2101 2303 modo
2134 2264 2164 2303 a
2202 2259 2252 2303 te
2292 2249 2601 2318 quaesitum,
2633 2253 3038 2308 evidentissime
3074 2264 3263 2323 patens
3294 2253 3515 2331 fuisset;

1949 2342 1993 2394 si
2051 2356 2238 2410 reapse
2283 2343 2606 2411 quiesitnm,
2643 2349 2696 2396 et
2741 2359 2848 2396 non
2898 2345 3079 2412 potius
3116 2361 3213 2400 ceu
3268 2346 3512 2414 decipula

1949 2432 2196 2499 quzmlam
2232 2445 2285 2486 et
2314 2432 2504 2486 callida
2552 2433 2889 2503 improbitas,
2932 2436 3071 2505 apttd
3123 2447 3177 2490 te
3220 2441 3513 2507 repositum

1949 2534 2085 2580 erat.

3529 2502 3569 2526 Ι

2018 2668 2196 2732 Atque
2238 2670 2295 2715 ut
2325 2664 2511 2716 eadem
2544 2663 2609 2715 de
2638 2661 2827 2717 iisdem
2861 2661 3025 2716 rebus
3055 2667 3395 2716 resumentes
3430 2660 3517 2715 di-

1949 2768 2154 2816 camus,
2198 2752 2341 2806 sicut
2378 2751 2659 2806 cruciﬁxio
2698 2758 2751 2805 et
2791 2750 2973 2820 passio
3020 2750 3224 2806 Christi
3289 2751 3514 2814 dicitur.

1951 2842 2186 2910 itemque
2223 2840 2501 2909 sepultura
2534 2850 2589 2894 et
2627 2842 2862 2910 reliqua,
2917 2856 2985 2896 ne
3039 2841 3302 2911 prolixius
3351 2842 3515 2897 verba

1952 2932 2233 2997 faciamus,
2271 2932 2545 2986 modulum
2578 2933 2925 2997 excedentes,
2959 2941 3015 2986 et
3048 2934 3383 2987 audientium
3421 2948 3518 2986 au-

1952 3023 2099 3078 ribus
2133 3023 2435 3078 molestiam
2471 3036 2743 3087 creantes,
2791 3038 2969 3092 neque
2996 3022 3108 3090 jam
3142 3024 3341 3078 diutius
3363 3039 3516 3093 atque

1949 3132 2011 3171 ac
2053 3125 2106 3170 tu
2147 3115 2481 3181 fabulemur;
2516 3118 2642 3185 quia
2692 3115 2898 3171 Christi
2945 3131 3144 3170 nomen
3196 3124 3515 3169 naturarum

1948 3207 2262 3263 dualitatem
2313 3208 2720 3277 complectitur.
2771 3222 2833 3262 ea
2875 3224 2995 3279 qua:
3043 3209 3133 3261 uni
3177 3208 3515 3271 tribuuntur,

1948 3299 2104 3353 alteri
2130 3313 2348 3368 quoque
2381 3299 2661 3353 accedent.
2689 3298 2850 3352 Certe
2876 3314 3008 3353 crux
3044 3299 3256 3353 nonnisi
3282 3299 3518 3352 hominis

1949 3401 2196 3443 naturam
2245 3389 2355 3459 60
2391 3389 2639 3443 cruciare
2682 3398 2878 3458 potest,
2918 3390 3268 3444 nihilominus
3311 3390 3513 3443 Christi

1947 3494 2077 3532 crux
2112 3480 2332 3533 dicitur.
2369 3476 2552 3532 Fidem
2586 3480 2680 3533 tibi
2716 3478 2876 3534 faciat
2910 3480 2997 3548 qui
3024 3480 3147 3564 ait“:
3181 3477 3316 3531 Mihi
3340 3489 3514 3531 autem

1927 3572 2079 3627 ‘abst't
2125 3571 2381 3642 gloriari,
2435 3572 2539 3625 nisi
2593 3573 2646 3625 in
2700 3588 2853 3625 cruce
2903 3570 3113 3624 Domini
3162 3570 3327 3624 nostri
3385 3568 3514 3622 Jesu

1946 3664 2147 3719 Christi
2178 3665 2244 3718 ⁸⁷.
2277 3663 2634 3717 Circumcisio
2666 3663 2905 3717 hominis
2938 3678 3155 3717 carnem
3189 3659 3513 3717 abscindere

1943 3767 2142 3827 potest,
2179 3766 2234 3810 et
2262 3754 2569 3825 sepulcrum
2603 3754 2744 3809 hanc
2773 3754 2913 3808 intra
2951 3768 3010 3808 se
3038 3751 3507 3815 circumscribere,

1943 3846 2267 3902 concludere
2320 3861 2387 3901 ac
2439 3846 2619 3901 celare
2671 3846 2836 3900 valet.
2907 3844 3031 3899 Haec
3091 3853 3270 3897 tamen
3329 3842 3511 3897 omnia

1943 3937 2142 3991 Christi
2170 3936 2423 3990 dicuntur
2453 3953 2468 3988 :
2504 3951 2815 4006 quanquam
2845 3936 2979 3990 nihil
3007 3935 3202 3990 horum
3230 3937 3298 3988 de
3327 3934 3508 3988 divina

1944 4024 2201 4080 ineli‘abili
2238 4036 2431 4080 natura
2469 4027 2684 4094 proprie
2712 4042 2775 4080 ac
2815 4025 3248 4081 substantialiter
3271 4024 3511 4084 dicetur.

1940 4115 2066 4185 quia
2093 4126 2178 4170 est
2204 4117 2320 4171 haec
2348 4115 2673 4171 inviolabilis
2697 4126 2754 4170 et
2784 4115 3157 4185 impassihilis,
3182 4124 3237 4169 et
3263 4114 3332 4167 ab
3359 4112 3517 4203 omni

1940 4207 2057 4275 ejus
2083 4205 2299 4277 generis
2324 4222 2403 4272 re,
2431 4223 2552 4277 quze
2581 4206 2806 4276 cogitari
2837 4206 3027 4275 possit,
3060 4220 3282 4273 prorsus
3309 4203 3508 4256 aliena.

1941 4293 2073 4348 Nam
2102 4295 2146 4349 si
2183 4296 2310 4364 quid
2336 4294 2643 4363 hujusmodi
2670 4295 2871 4348 dictum
2906 4295 3174 4355 videatur,
3205 4292 3255 4344 iil
3286 4306 3508 4360 permu-

1941 4384 2164 4439 tationis
2193 4393 2249 4438 et
2279 4383 2738 4453 appr0priationis
2768 4384 2925 4436 modo
2947 4383 3167 4446 dicitur,
3197 4381 3339 4450 quod
3369 4390 3422 4432 tu
3457 4379 3509 4431 in

254 4470 366 4507 που
405 4455 646 4509 τοιοῦτόν
696 4475 750 4510 τι
797 4459 988 4530 ὀφθείη
1025 4462 1353 4533 λεγόμενον,
1388 4465 1465 4537 τῷ
1495 4469 1594 4538 τῆς
1632 4469 1840 4524 ἀντιδό-

1947 4476 2191 4546 prmsenti
2219 4491 2323 4531 non
2352 4475 2509 4539 facis,
2538 4477 2666 4546 quia
2693 4475 2936 4530 funditus
2961 4476 3010 4528 id
3041 4474 3281 4546 ignoras.
3309 4473 3513 4529 Passus

255 4564 401 4610 σεως
454 4549 488 4619 ἢ
524 4549 853 4614 οἱκειώσεως
896 4553 1086 4624 τρόπῳ
1137 4555 1383 4625 λέγεται,
1429 4559 1569 4629 ὅπερ
1616 4577 1698 4613 σοι
1741 4561 1836 4615 νῦν

1947 4528 2119 4623 autem
2137 4566 2388 4622 Christus
2409 4528 2607 4621 dicitur
2629 4581 2732 4620 nou
2757 4580 2861 4635 qua
2888 4566 3048 4630 Deus,
3075 4567 3169 4622 sed
3194 4583 3297 4631 qua
3325 4569 3508 4630 humo,

248 4642 318 4693 ού
371 4640 613 4706 δέδοται,
643 4642 955 4716 ὀλοτρόπως
995 4647 1355 4717 ἠγνοημένον.
1400 4650 1739 4706 Πεπονθέναι
1778 4652 1837 4707 δὲ

1947 4658 2034 4714 etsi
2076 4673 2217 4712 unus
2260 4657 2509 4727 idemque
2542 4668 2625 4712 eet
2662 4657 3001 4728 hypostatice
3041 4655 3337 4711 adunatus.
3366 4655 3505 4722 Quia

249 4731 497 4800 Χριστὸς
531 4732 783 4801 λέγεται,
835 4735 934 4807 οὐχ
972 4730 1005 4809 ᾗ
1063 4736 1235 4805 Θεὸς,
1262 4737 1378 4793 ἀλλ’
1511 4741 1835 4813 ἄνθρωπος·

248 4822 444 4876 καίτοι
481 4817 565 4886 εἷς
611 4825 707 4877 καὶ
759 4827 789 4877 δ
833 4826 997 4890 αὐτὸς
1037 4827 1329 4900 ὑπάρχων,
1390 4831 1671 4902 ἡνωμένος
1709 4834 1836 4888 καθ’

250 4911 579 4967 ὑπόστασιν.
642 4913 797 4974 Ἐπεὶ
847 4911 941 4969 οὖν
978 4916 1073 4971 καὶ
1113 4919 1174 4971 τὸ
1205 4919 1385 4990 σῶμα,
1420 4922 1557 4995 ὅπερ
1585 4921 1646 4991 ἐξ
1681 4925 1838 4994 ἡμῶν

161 5011 175 5023 ’
246 5005 550 5076 ἀνείληφε,
594 5007 832 5078 Χριστοῦ
883 5010 1046 5082 σῶμα
1077 5011 1325 5081 λέγεται,
1359 5017 1417 5068 ἐν
1450 5009 1495 5084 ᾧ
1526 5016 1622 5070 καὶ
1656 5017 1831 5071 πάντα

244 5085 589 5151 πεπονθέναι
623 5099 973 5164 πιστεύεται,
1027 5102 1188 5156 τοῦτο
1227 5105 1283 5157 δὲ
1338 5105 1400 5159 τὸ
1452 5106 1612 5178 σῶμα
1651 5109 1831 5179 πάντη

246 5192 345 5244 καί
374 5192 597 5255 πάντως
624 5194 953 5266 χαρακτῆρα
983 5190 1159 5266 εἶχεν,
1195 5196 1256 5250 ού
1284 5196 1391 5270 γὰρ
1415 5194 1484 5269 ἦν
1516 5200 1832 5271 ἀχαρακτή-

249 5299 439 5353 ριστον
458 5325 473 5348 ,
505 5284 629 5336 ἐπεὶ
660 5284 785 5338 οὐδὲ
814 5284 995 5355 σῶμα,
1032 5286 1242 5359 ἀνάγκη
1270 5290 1365 5342 καὶ
1397 5288 1489 5342 τὸν
1513 5289 1608 5343 τοῦ
1645 5289 1831 5361 σώμαο

243 5391 342 5438 τος
385 5375 717 5447 χαρακτῆρα
768 5376 863 5431 καὶ
902 5376 1002 5448 τὴν
1046 5377 1334 5444 ὁμοίωσιν,
1391 5380 1631 5451 Χριστοῦ
1677 5380 1830 5451 λέγε-

248 5464 402 5520 σθαι.
449 5464 539 5528 ’ος
588 5465 699 5537 γάρ
729 5468 907 5522 ἐκεῖνο
936 5470 1139 5523 οἰκεῖον
1186 5472 1462 5541 Χριστοῦ,
1512 5473 1686 5537 οὕτως
1734 5476 1829 5529 καὶ

244 5555 411 5615 τοῦτο
435 5558 499 5609 ού
525 5557 664 5628 πρὸς
701 5559 799 5630 τὴν
825 5559 920 5615 τοῦ
947 5562 1122 5631 Λόγου
1155 5563 1317 5634 φύσιν
1346 5564 1442 5636 τὴν
1468 5566 1654 5635 σχέσιν
1678 5566 1823 5637 ἔχον,

321 5776 367 5809 ⁸⁷
398 5775 579 5829 Galat.
612 5793 686 5839 γι,
725 5778 800 5832 Η.

1935 4749 2096 4818 igitur
2125 4759 2181 4802 et
2206 4763 2402 4817 corpus
2424 4749 2565 4818 quod
2600 4763 2630 4801 a
2672 4748 2829 4802 nobis
2865 4747 3117 4816 sumpsit,
3147 4744 3348 4801 Christi
3383 4763 3508 4801 cor-

1935 4854 2034 4907 pus
2064 4838 2283 4902 dicitur,
2322 4839 2374 4893 in
2406 4853 2514 4908 quo
2559 4837 2726 4893 etiam
2773 4837 2955 4892 omnia
2988 4852 3188 4905 passus
3239 4839 3504 4904 creditur,

1936 4931 2038 4985 hoc
2068 4941 2251 4986 autem
2286 4945 2483 4998 corpus
2519 4930 2744 4983 omnino
2782 4930 3154 4983 characterem
3201 4930 3427 4997 habuit;
3459 4933 3504 4985 si

1939 5021 2083 5075 enim
2108 5021 2209 5074 hoc
2238 5020 2524 5082 caruisset,
2557 5033 2624 5072 ne
2657 5033 2857 5088 corpus
2888 5018 3106 5088 quidem
3148 5018 3379 5085 fuisset;
3415 5038 3505 5078 ne-

1937 5124 2095 5165 cesse
2131 5118 2217 5165 est
2246 5110 2410 5164 etiam
2450 5109 2697 5179 corporis
2732 5110 3109 5167 characterem
3144 5129 3207 5168 ac
3238 5115 3504 5181 speciem,

1938 5199 2139 5256 Christi
2165 5199 2291 5255 dici.
2316 5197 2450 5253 Nam
2471 5199 2616 5254 sicut
2638 5215 2839 5270 corpus
2869 5202 3144 5272 proprium
3170 5202 3370 5258 Christi
3398 5211 3499 5264 est,

1938 5294 2019 5347 sic
2043 5302 2097 5347 et
2128 5292 2413 5347 character
2438 5292 2578 5346 haud
2615 5292 2929 5349 referendus
2958 5298 3024 5349 ad
3062 5305 3308 5349 naturam
3344 5290 3504 5346 Verbi

1937 5397 2021 5440 est
2058 5386 2199 5456 quod
2228 5384 2398 5440 forma
2441 5396 2613 5449 caret,
2642 5396 2696 5441 et
2726 5388 3064 5442 indeﬁnitum
3094 5395 3173 5440 est
3197 5427 3212 5450 ,
3251 5383 3505 5455 nullaque

1938 5478 2105 5547 ﬁgura
2138 5478 2457 5557 praeditum;
2484 5479 2578 5533 sed
2602 5478 2670 5533 ad
2697 5476 2855 5533 Verbi
2879 5492 3078 5547 corpus
3100 5477 3506 5544 humanamque

1935 5577 2183 5624 naturam
2213 5568 2449 5639 pertinet
2472 5570 2698 5642 ejusque
2735 5570 2986 5634 formam,
3024 5582 3089 5625 ex
3122 5569 3316 5640 quibus
3344 5568 3507 5626 Chri-
