3952 6202
469 347 584 415 315

468 472 586 513 plus
623 456 906 514 coniicitur
936 474 948 510 :
989 455 1217 526 ideoque
1249 463 1303 509 et
1340 455 1738 528 homonymiam
1771 472 1892 512 cum
1943 455 2034 512 illo
2061 465 2110 524 Α

468 551 630 606 habet
649 589 662 613 ,
697 550 824 619 quia
855 549 1092 616 speciem
1121 546 1240 616 ejus
1267 560 1376 614 prae
1403 561 1460 601 se
1481 545 1589 602 fert
1619 546 1856 617 (62-65).

1379 383 1394 389 -
1488 346 1550 411 SI
1591 345 2007 410 NICEPHORI
2045 349 2552 411 PATRIARCHE
2591 349 2704 410 (ΣΡ.

3608 345 3718 408 3lli

2139 456 2297 526 ἴσμεν
2337 455 2446 528 γὰρ
2479 457 2644 510 αὐτὸν
2688 457 2928 510 ἀνείδεον
2985 457 3078 510 καὶ
3134 457 3362 526 ἄσχετον
3408 458 3502 512 καὶ
3542 459 3720 530 ἀσχη-

2143 541 2435 619 μάτιστον,
2476 547 2612 600 ἀλλὰ
2652 547 2788 618 πρὸς
2820 547 2882 600 τὸ
2921 545 3014 599 τοῦ
3063 547 3240 614 Λόγου
3275 547 3437 617 σῶμα
3487 547 3586 600 καὶ
3613 545 3721 618 τὴν

469 641 812 714 ἀνθρωπείαν
843 639 1006 710 φύσιν
1047 639 1141 690 καὶ
1170 637 1232 690 τὸ
1259 635 1402 708 εἶδος
1437 638 1599 704 αὐτὸ,
1629 637 1688 705 ἐξ
1729 631 1804 692 ὧν
1835 640 1863 690 ὁ
1895 637 2128 708 Χριστός
2149 655 2164 670 ·
2193 639 2275 696 διὸ
2323 641 2420 694 καὶ
2477 638 2786 709 ὁμωνύμως
2840 637 2990 708 αὐτῷ
3057 638 3549 709 προσαγορεύεται,
3577 639 3724 693 κατὰ

470 735 570 808 τὴν
596 734 859 805 ὁμοίωσιν
888 731 1052 786 αύτοῦ
1079 731 1529 802 ἐμφαινόμενον.Δ

541 827 647 882 Sed
687 833 738 880 te
767 824 982 894 quidem
1022 833 1354 893 assumptum
1383 820 1588 879 Christi
1630 839 1851 886 nomen,
1893 823 2036 894 qunti

471 922 698 974 duarum
733 927 1050 972 naturarum
1091 916 1574 972 demonstrativum
1608 925 1722 979 est,
1773 917 2040 986 dogmati—

471 1010 572 1062 ltus
601 1007 706 1061 luis
733 1007 952 1076 gloriari
983 1019 1306 1074 magnopere
1327 1014 1384 1058 et
1407 1000 1844 1072 iullariimpulit,
1877 1013 2040 1072 atque

470 1099 786 1154 existimare
817 1107 1068 1152 neutrum
1111 1097 1302 1151 borum
1345 1096 1451 1149 isto
1493 1093 1711 1148 nomine
1754 1095 2037 1150 denotato-

473 1205 589 1242 rum
613 1227 630 1253 ,
663 1188 783 1242 sine
816 1189 1023 1252 altero,
1066 1185 1304 1254 quolibet
1337 1185 1391 1238 in
1427 1183 1638 1252 negotio
1668 1191 1760 1235 aut
1789 1182 2041 1249 dogmate

475 1279 741 1334 nominari
777 1278 973 1342 solere,
1011 1291 1112 1332 nec
1143 1274 1546 1346 quomodolibet
1575 1271 1860 1342 usurpari,
1905 1273 2035 1341 quin

475 1369 517 1422 si
554 1367 623 1422 ab
653 1367 823 1421 altero
847 1367 1193 1432 dissocietur,
1223 1363 1408 1432 procul
1433 1353 1656 1416 omnino
1677 1362 2035 1416 distrahatur.

2225 823 2389 879 Ἀλλὰ
2423 825 2488 880 σὲ
2529 824 2628 895 μὲν
2665 823 2733 876 τὸ
2770 819 3126 894 παραληφθὲν
3153 822 3360 888 δνομα,
3401 822 3496 875 δύο
3545 824 3726 896 ὑπάρ-

2141 933 2235 988 χον
2279 916 2578 986 δηλωτικὸν
2612 915 2858 984 φύσεων,
2918 915 3010 966 ἐπὶ
3067 917 3178 977 τοῖς
3223 916 3335 975 σοῖς
3387 912 3724 985 παρώτρυνε

2140 1008 2372 1078 δόγμασι
2417 1007 2558 1078 μέγα
2600 1007 2818 1078 φρονεῖν
2850 1007 2944 1058 καὶ
2980 1003 3372 1076 βρενθύεσθαι,
3411 1003 3624 1058 οἴεσθαί
3666 1022 3728 1057 τε

2145 1101 2267 1172 μηδ’
2293 1101 2478 1171 ἕτερον
2501 1098 2611 1152 τῶν
2643 1099 2786 1152 κατὰ
2820 1097 3060 1166 τοῦνομα
3091 1097 3525 1168 θεωρουμένων,
3562 1095 3729 1150 θατέ-

2143 1209 2239 1264 ρου
2269 1193 2397 1246 ἄνευ
2426 1190 2960 1262 προσαγορεύεσθαι,
2994 1190 3050 1242 ἐν
3082 1207 3190 1242 τινι
3222 1190 3510 1260 πράγματι
3533 1188 3567 1258 ἢ
3597 1189 3727 1256 δεγ.

2147 1289 2297 1352 ματι,
2338 1281 2372 1352 ἢ
2412 1281 2660 1335 ὁπωσοῦν
2709 1279 3254 1351 παραλαμϐάνεσθαι,
3292 1279 3324 1348 ἢ
3385 1277 3605 1340 πάντως
3661 1294 3727 1346 γε

2147 1372 2477 1444 μονούμενον
2497 1372 2590 1426 τοῦ
2613 1373 2823 1444 ἑτέρου,
2851 1372 3244 1442 διαστήσεσθαι
3272 1369 3490 1442 μακρῷ.
3524 1370 3728 1439 Ἡμεῖς

475 1459 584 1514 Nos
615 1475 742 1514 vero
770 1458 898 1529 quid
930 1459 994 1512 ad
1022 1457 1133 1510 haec
1164 1453 1429 1511 dicimus?
1453 1455 1596 1510 Sane
1623 1455 1718 1508 tibi
1749 1453 2040 1522 aliquando

2152 1465 2202 1518 δὲ
2227 1465 2282 1518 τί
2315 1463 2452 1535 πρὸς
2492 1463 2662 1518 ταῦτά
2691 1479 2907 1534 φαμενς
2956 1463 3228 1532 Ὃπηνίκα
3280 1461 3346 1516 ἄν
3385 1479 3470 1516 σοι
3512 1477 3727 1531 προτα-

473 1559 745 1614 occurret,
771 1549 1044 1603 hominem
1069 1545 1442 1600 tantummodo
1455 1543 1731 1600 Christum
1751 1554 1844 1598 aut
1871 1543 2034 1599 lilium

2152 1557 2296 1629 θείη,
2332 1556 2618 1627 ἄνθρωπον
2661 1557 2822 1627 μόνον
2855 1558 2946 1608 τὸν
2988 1555 3254 1625 Χριστὸν,
3293 1554 3326 1623 ἢ
3359 1553 3476 1606 υἱὸν
3514 1551 3734 1624 ἀνθρώ-

479 1641 714 1696 bominis
745 1639 871 1705 dici,
900 1647 1060 1708 atque
1088 1637 1158 1690 ita
1189 1636 1330 1690 nuda
1359 1636 1732 1690 nominatione
1756 1635 2036 1704 appellari.

2152 1662 2248 1699 που
2277 1644 2564 1714 λέγεσθαι,
2599 1645 2693 1700 καὶ
2740 1643 2898 1697 τοῦτο
2923 1641 3052 1712 ψιλῇ
3092 1644 3156 1713 τῇ
3201 1641 3394 1712 κλήσει
3443 1657 3734 1712 προσαγο-

479 1734 547 1786 Ει
578 1731 624 1786 si
669 1731 758 1784 alii
795 1731 1021 1794 nemini.
1053 1729 1271 1786 Christo
1311 1738 1461 1784 certe
1490 1727 1712 1782 credere
1741 1727 1888 1781 voles
1927 1736 2040 1781 tur-

2152 1740 2456 1810 ρευᾶμενον.
2485 1739 2596 1792 Καὶ
2629 1738 2677 1790 εί
2712 1737 2786 1807 μή
2831 1751 2936 1788 τινι
2973 1733 3120 1806 ἄλλῳ
3141 1771 3156 1798 ,
3187 1732 3340 1803 αύτῷ
3365 1749 3432 1800 γε
3469 1731 3548 1803 τῷ
3582 1733 3733 1803 Χρι-

479 1821 560 1874 bis
589 1817 900 1874 Judaaorum
927 1817 1125 1872 dicenti
1159 1835 1174 1871 :
1217 1814 1327 1871 Cur
1351 1833 1432 1870 me
1463 1816 1755 1885 interﬁcere
1781 1818 2038 1885 quwritis,

2152 1829 2274 1899 στῷ,
2311 1830 2470 1900 εἰπερ
2512 1827 2744 1898 βούλοιο,
2777 1826 3078 1897 πεισθήσῃ,
3117 1824 3254 1894 προς
3285 1823 3376 1876 τὸν
3416 1823 3587 1894 δῆμον
3614 1823 3734 1875 τῶν

477 1909 737 1964 Immineat
761 1911 851 1978 qui
873 1910 1135 1964 veritatem
1161 1907 1299 1962 vobis
1324 1907 1526 1960 locutus
1552 1923 1666 1964 sum
1685 1907 1730 1938 ⁸⁸
1751 1906 1854 1960 'IEt
1880 1925 1894 1960 :
1919 1905 2040 1962 Nisi

2155 1920 2420 1976 Ἰουδαίων
2463 1920 2674 1988 λέγοντι
2698 1934 2712 1948 ·
2747 1919 2810 1973 Τί
2850 1935 2928 1988 με
2959 1915 3178 1984 (meite
3221 1914 3570 1970 ἀποκτεῖναι
3615 1912 3733 1965 ἅν-

477 2001 918 2055 manducaaeritis
949 2016 1160 2054 carnem
1185 1998 1314 2052 Filii
1353 1999 1580 2052 hominis
1605 1998 1673 2051 ⁸⁸.
1709 1998 1776 2052 Et
1820 2017 1834 2052 :
1867 1997 2040 2054 Clari-

2152 2017 2379 2084 θρωπον
2424 2012 2492 2078 ὃς
2547 2011 2656 2080 τὴν
2697 2009 2991 2078 ἀλήθειαν·
3020 2005 3531 2076 ὑμῖνλελάληκω
3583 2001 3683 2056 καί
3714 2019 3730 2033 ·

477 2093 666 2162 ﬁcattts
691 2102 766 2146 est
789 2090 965 2147 Filius
991 2092 1216 2145 hominis
1241 2090 1308 2144 ⁸ο.
1340 2090 1407 2144 Ει
1431 2108 1445 2144 :
1471 2088 1648 2144 Filius
1679 2089 1904 2144 hominis
1933 2099 2040 2142 tra-

2152 2098 2282 2158 ἰἶὰν
2297 2103 2383 2173 μὴ
2410 2102 2636 2172 φάγητε
2672 2101 2786 2171 τὴν
2810 2099 3009 2168 σάρκα
3044 2097 3149 2151 τοῦ
3189 2095 3328 2150 Υίοῦ
3361 2095 3468 2148 τοῦ
3499 2093 3737 2162 ἀνθρώ-

476 2184 677 2238 dendus
700 2192 774 2237 est
796 2183 862 2238 ⁶¹.
889 2183 956 2237 Et
981 2200 994 2236 :
1028 2180 1178 2236 Venit
1206 2179 1376 2233 Filius
1399 2180 1625 2253 hominis
1646 2180 1714 2234 ad
1735 2179 2040 2236 saluandam

2152 2209 2262 2252 που
2287 2214 2301 2228 ·
2343 2196 2436 2250 καί
2462 2211 2475 2226 ·
2497 2194 2628 2248 Νῦν
2653 2191 2958 2259 ἐδοξάσθη
2991 2193 3024 2244 ὀ
3068 2189 3201 2253 Υἱὸς
3227 2186 3337 2241 τοῦ
3368 2185 3694 2252 ἀνθρώπου
3714 2200 3729 2213 ·

477 2275 616 2345 quod
650 2276 874 2344 perierat
907 2275 975 2328 “.
1001 2273 1105 2328 Et:
1145 2274 1357 2330 Davidis
1385 2272 1584 2326 Filium
1615 2273 1952 2328 nominabant
1972 2273 2040 2326 ⁸⁸.

2152 2290 2257 2346 καί·
2287 2288 2510 2344 Μέλλει
2535 2291 2567 2343 ό
2602 2287 2735 2353 Υἱὸς
2754 2285 2862 2340 τοῦ
2893 2281 3210 2351 ἀνθρώπου
3239 2278 3684 2347 ,παραδίδοσθαι
3711 2293 3727 2308 ·

481 2365 756 2436 Multaque
797 2367 878 2421 his
921 2366 1121 2420 similia
1153 2368 1208 2420 in
1258 2364 1564 2436 Evangeliis
1613 2366 2038 2433 comperientur,

2152 2380 2266 2434 καί·
2315 2375 2546 2433 Ἦλθεν
2600 2380 2634 2432 ό
2697 2377 2834 2442 Υἱὸς
2883 2375 2990 2430 τοῦ
3049 2373 3366 2440 ἀνθρώπου
3418 2368 3616 2423 σῶσαι
3667 2369 3735 2421 τὸ

483 2461 586 2514 nisi
618 2458 758 2513 forte
787 2459 936 2514 lusus
967 2471 1227 2527 nugazque
1259 2457 1570 2527 evangelica
1603 2471 1632 2512 a
1662 2466 1717 2511 te
1749 2457 2040 2512 ereduntur

2152 2470 2462 2534 ἀπολωλός
2485 2485 2498 2499 ·
2527 2469 2654 2522 καί·
2696 2469 2831 2523 Υιὸν
2863 2466 3040 2522 Δαόὶδ
3068 2463 3387 2534 ὠνόμαζον.
3418 2463 3528 2516 Καὶ
3554 2460 3740 2514 πολλὰ

480 2549 722 2603 oracula.
752 2548 1015 2616 Quoniam
1048 2549 1229 2617 itaque
1256 2551 1398 2618 quod
1427 2548 1568 2604 nuda
1595 2548 1831 2602 hominis
1860 2547 2040 2618 appel-

2152 2562 2356 2625 τούτοις
2408 2561 2763 2632 εὑρεθήσεται
2814 2561 2874 2613 ὲν
2923 2560 3036 2623 τοῖς
3085 2556 3440 2626 Εύαγγελίοις
3495 2555 3565 2606 τὰ
3619 2571 3736 2604 πα-

483 2639 682 2696 latione
728 2641 1084 2710 signiﬁcatur,
1132 2657 1297 2696 unum
1333 2648 1440 2704 est,
1479 2655 1583 2693 non
1640 2641 1768 2706 duo,
1807 2640 1947 2694 sicut
1995 2639 2040 2693 iu

2152 2649 2456 2720 ραπλήσια,
2516 2647 2676 2720 είπερ
2729 2665 2811 2701 σοι
2873 2647 2951 2718 μὴ
3019 2639 3208 2700 παιδιὰ
3276 2643 3370 2698 καὶ
3435 2642 3599 2710 λῆρος
3662 2641 3738 2693 τα

481 2731 690 2788 Christi
724 2733 944 2787 nomine
979 2732 1228 2787 usuvenit
1251 2747 1266 2795 ;
1293 2745 1524 2801 namque
1567 2745 1727 2804 unam
1761 2731 1914 2784 nobis
1943 2729 2040 2784 hu-

2152 2740 2477 2809 εύαγγελικὰ
2513 2740 2826 2810 νενόμισται
2872 2738 3050 2808 λόγια.
3094 2737 3249 2789 Ἐπεὶ
3289 2735 3384 2788 οὖν
3425 2733 3485 2786 τὸ
3538 2733 3741 2801 δηλού-

485 2837 700 2877 manam
766 2831 1012 2877 naturam
1074 2821 1391 2877 vocabulum
1445 2820 1696 2886 denotat;
1754 2820 1883 2890 quid
1953 2820 2040 2874 tibi

2152 2850 2308 2904 μενον
2342 2835 2406 2886 ὲκ
2435 2833 2531 2900 τῆς
2565 2831 2732 2902 ψιλῆς
2773 2831 2868 2885 τοῦ
2909 2829 3206 2902 ἀνθρώπου
3235 2826 3636 2900 προσηγορίας,
3673 2825 3739 2884 ἒν

484 2913 715 2974 eveniet,
754 2920 811 2968 et
841 2913 970 2983 quid
1008 2913 1105 2967 tibi
1134 2911 1437 2981 adiicietur,
1477 2912 1642 2968 veluti
1687 2926 1883 2967 novum
1919 2913 2040 2982 quid

2153 2925 2322 2988 ἐστιν,
2354 2922 2414 2976 ού
2445 2921 2570 2987 δύο,
2607 2921 2860 2993 καθάπερ
2877 2921 2968 2974 ἐπὶ
3005 2919 3098 2974 τοῦ
3131 2919 3388 2987 Χριστός
3425 2916 3699 2987 ὀνόματος
3721 2957 3744 2980 ,

485 3013 543 3058 et
586 3018 839 3072 magnum
887 3003 1129 3072 etplane
1177 3002 1500 3057 miriﬁcum?
1535 3001 1686 3058 Licet
1735 3004 1880 3058 enim
1927 3004 2040 3070 tibi,

2155 3014 2285 3084 μίαν
2320 3014 2427 3084 γὰρ
2466 3015 2604 3084 ἡμῖν
2637 3013 2802 3083 φύσιν
2841 3015 2873 3083 ἡ
2909 3012 3060 3083 φωνὴ
3098 3010 3196 3082 τὴν
3231 3008 3585 3082 ἀνθρωπίνην
3636 3026 3748 3078 χαι

486 3095 578 3165 qui
609 3093 826 3150 Christo
871 3095 1052 3165 potius
1082 3109 1244 3164 quam
1289 3095 1490 3149 nomini
1543 3094 1660 3163 ejus
1707 3095 2040 3164 advel-saris,

2153 3103 2509 3178 ρακτηρίζει,
2549 3105 2604 3157 τί
2639 3121 2722 3159 σοι
2763 3104 3104 3174 συμϐήσεται
3139 3103 3233 3157 καὶ
3265 3102 3318 3155 τί
3351 3101 3744 3173 προστεθήσε-

491 3198 694 3242 merum
729 3187 1001 3241 hominem
1043 3195 1100 3240 et
1128 3186 1194 3242 de
1229 3195 1416 3240 nostro
1447 3199 1674 3240 numero
1704 3202 1870 3240 unum
1919 3203 2040 3256 prm-

2152 3213 2278 3259 ται,
2327 3194 2404 3258 ὡς
2448 3195 2634 3248 καινόν
2673 3212 2726 3248 τι
2777 3195 2872 3248 καὶ
2917 3195 3061 3264 μέγα
3103 3195 3196 3248 καὶ
3239 3191 3542 3262 θαυμάσιον
3579 3185 3746 3257 οἷον;

489 3278 675 3332 dicare
706 3277 1012 3344 Dominum,
1042 3277 1098 3332 id
1122 3277 1267 3348 quod
1299 3285 1352 3334 tu
1381 3285 1438 3332 et
1469 3277 1598 3332 olim
1633 3289 1688 3334 et
1713 3292 1858 3332 nunc
1885 3280 2040 3333 etiam

2157 3281 2372 3348 Ἔξεστι
2401 3284 2510 3354 γάρ
2551 3300 2635 3336 σοι
2667 3282 3122 3354 χριστομαχοῦντι
3157 3280 3360 3353 μᾶλλον
3397 3281 3430 3352 ἢ
3463 3280 3740 3350 ὀνοματο-

491 3368 736 3438 improbe
769 3368 1060 3436 studuisti;
1089 3376 1250 3438 atque
1275 3369 1418 3424 hunc
1452 3383 1623 3434 reum,
1653 3378 1708 3424 et
1733 3383 1906 3438 mena:
1929 3370 2040 3426 sub-

2158 3373 2422 3446 μαχοῦντι
2445 3413 2460 3438 ,
2497 3373 2654 3445 ψιλὸν
2687 3374 2977 3446 ἄνθρωπον
3027 3374 3122 3428 καὶ
3163 3374 3274 3428 τῶν
3303 3373 3425 3426 καθ’
3455 3373 3604 3442 ἡμᾶς
3637 3372 3749 3425 ἕνα

489 3461 684 3524 ditum,
724 3469 779 3516 et
818 3459 980 3530 digna
1034 3459 1293 3515 malelleis
1337 3461 2040 3532 patientemyviolentaequt

2155 3459 2452 3536 ιίηρύσσειν
2509 3464 2599 3518 τον
2647 3463 2875 3535 Κύριον,
2931 3464 2959 3517 ὅ
3017 3479 3100 3516 σοι
3148 3462 3242 3516 καὶ
3299 3459 3466 3516 πάλαι
3506 3459 3600 3512 καὶ
3640 3458 3752 3511 νῦν

491 3553 612 3608 ιιοοί
650 3552 945 3609 addictum.
967 3552 1083 3606 Alia
1117 3551 1367 3607 consulto
1389 3561 1648 3622 praetereo
1667 3593 1682 3620 ,
1710 3550 2040 3622 blasphemia

2155 3555 2341 3618 κακῶς
2380 3541 2834 3620 διεσπούδασται,
2869 3557 2965 3607 καὶ
3003 3553 3192 3606 τοῦτον
3233 3553 3590 3625 κατάκριτον,
3644 3553 3754 3604 καὶ

491 3652 658 3700 metu.
689 3642 942 3698 Fortasse
968 3644 1136 3706 dices,
1176 3642 1448 3698 hominem
1475 3643 1616 3697 hunc
1649 3643 1815 3698 Deum
1841 3659 2040 3715 quoqut

2157 3648 2263 3700 ὑπὸ
2290 3646 2448 3718 δίκην
2477 3646 2766 3716 ἀγόμενον,
2792 3644 2888 3699 καὶ
2915 3645 2982 3699 τὰ
3001 3645 3109 3698 τῶν
3138 3645 3465 3716 κακούργων
3493 3644 3748 3708 οἴσοντα,

489 3747 630 3788 esse.
671 3735 1035 3800 Qua-stionem
1081 3733 1318 3798 solvisti;
1349 3749 1472 3786 nam
1507 3743 1560 3798 et
1603 3735 1743 3789 Deus
1777 3736 1863 3789 hic
1897 3737 2040 3790 homt

2157 3741 2250 3793 καὶ
2275 3738 2432 3808 βιαίῳ
2459 3738 2672 3804 θανάτῳ
2694 3736 3216 3807 καταδικαζόμενοι
3257 3737 3371 3789 Καὶ
3391 3735 3563 3789 τᾶλλα
3594 3735 3758 3789 ἑκὼν

488 3831 592 3878 est.
632 3824 740 3878 Sed
771 3839 801 3878 e
827 3825 1124 3886 contrario.
1149 3839 1275 3877 cum
1324 3822 1490 3878 Deum
1543 3825 1916 3878 tantummodo
1961 3841 2040 3880 no-

2157 3829 2496 3902 παραλείψαι
2542 3830 2609 3900 μὲ
2642 3829 2749 3882 δέει
2785 3832 2886 3898 τῆς
2939 3827 3317 3900 βλασφημίας.
3364 3829 3526 3890 Ἴσως
3558 3827 3760 3891 sistet;

2155 3923 2238 3976 ὅτι
2275 3923 2304 3975 ὁ
2338 3921 2626 3993 ἄνθρωπος
2665 3915 2822 3983 οὗτος
2879 3921 2975 3972 καὶ
3019 3919 3152 3982 Θεός
3181 3921 3354 3973 ἐστιν.
3407 3919 3651 3981 Ἔλυσας
3681 3916 3758 3972 τὸ

489 4012 605 4058 erat
633 4005 771 4070 apud
803 4003 964 4056 Deum
986 4043 1000 4068 ,
1029 4013 1074 4056 et
1109 4003 1246 4056 Deus
1283 4011 1398 4056 erat
1443 3999 1667 4056 Verbum
1697 4003 1762 4056 “.
1807 4003 1876 4057 Et
1919 4006 2040 4058 vidi

2158 4011 2524 4082 ζητούμενον,
2563 4011 2658 4064 καὶ
2697 4013 2726 4065 ὁ
2759 4011 2893 4076 Θεος
2925 4011 3032 4083 γὰρ
3061 4028 3215 4075 ουτος
3246 4009 3534 4082 ἄνθρωπός
3563 4011 3756 4064 ἐστιν.

491 4113 606 4180 mus
622 4095 848 4166 gloriam
876 4096 1014 4166 ejus,
1040 4096 1262 4166 gloriam
1289 4093 1724 4165 quasiUnigeniti
1759 4112 1787 4148 ο
1818 4095 1976 4150 Patre
1989 4099 2034 4130 θ’

2156 4103 2220 4156 El
2259 4103 2315 4156 δὲ
2367 4105 2430 4155 ὲκ
2469 4101 2564 4155 τοῦ
2604 4101 2878 4165 ἐναντίου,
2926 4103 3055 4155 ὅταν
3089 4102 3220 4156 Θεδν
3277 4103 3434 4172 μόνον
3478 4101 3710 4164 ἀκούοις
3737 4121 3757 4133 ο

489 4188 557 4243 Et
585 4208 601 4243 :
631 4187 784 4245 Sicut
821 4187 981 4242 Pater
1013 4189 1234 4242 suscitat
1269 4189 1508 4240 mort‘nos
1544 4199 1589 4242 et
1619 4188 1875 4258 viviﬁcat,
1907 4193 1983 4243 sic
2007 4206 2040 4243 ei

2157 4191 2334 4248 -Ἒν
2359 4192 2516 4262 ἀρχῇ
2543 4189 2617 4263 ἦν
2645 4196 2677 4247 ὁ
2717 4193 2930 4263 Λόγος,
2957 4192 3054 4246 καὶ
3087 4195 3323 4262 ὀΛόγος
3344 4193 3426 4261 ἦν
3451 4194 3604 4262 πρὸς
3633 4195 3761 4248 τὸν

489 4278 658 4334 Filius
683 4296 810 4350 quos
831 4281 938 4333 vult
957 4279 1176 4348 aiuiﬁcat
1199 4279 1337 4333 “.Et
1359 4296 1374 4333 :
1396 4276 1578 4343 Pater,
1602 4279 1836 4346 clari/ica
1861 4277 2040 4334 Filiun

2161 4284 2331 4348 Θεὸν,
2371 4284 2472 4337 καὶ
2519 4284 2664 4350 Θεὸς
2727 4279 2808 4354 ἦν
2848 4287 2880 4338 ὀ
2922 4285 3144 4353 Λόγος·
3189 4285 3288 4338 καί
3353 4283 3752 4351 ἐθεασάμεθα

491 4385 660 4435 tuum,
691 4383 746 4425 ut
775 4379 824 4426 et
867 4369 1040 4454 Filius
1071 4370 1323 4439 clari/iret
1361 4379 1410 4423 te
1438 4369 1504 4423 ⁸⁷.
1540 4370 1601 4424 Et
1649 4388 1662 4425 :
1714 4369 1824 4439 Ego
1859 4371 1964 4441 61
2009 4388 2040 4425 ε⁴

2162 4376 2276 4444 τὴν
2314 4374 2506 4439 δόξαν
2543 4375 2760 4438 αὐτοῦ,
2795 4373 2986 4439 δόξαν
3015 4375 3097 4442 ὡς
3143 4373 3527 4444 Μονογενοῦς
3577 4377 3771 4445 παρὰ

495 4458 656 4515 Pater
680 4475 840 4514 unum
870 4477 1050 4516 sumus
1073 4460 1140 4515 ".
1170 4461 1234 4515 Et
1261 4475 1408 4516 caeco
1439 4469 1564 4513 nato
1591 4461 1790 4514 dicitur
1813 4479 1826 4514 :
1854 4460 1930 4513 Tu
1953 4477 2040 4516 cret

2163 4469 2396 4536 Πατρός
2417 4485 2433 4502 ο
2477 4468 2609 4522 καί·
2637 4469 2862 4538 Ὥσπερ
2899 4473 2932 4524 ό
2978 4467 3184 4536 Πατὴρ
3223 4468 3434 4538 ἐγείρει
3464 4467 3610 4534 τοὺς
3645 4487 3766 4524 νε-

491 4551 576 4606 dis
620 4554 675 4606 in
730 4551 943 4606 Filium
998 4553 1100 4606 Dei
1121 4552 1202 4606 “?
1240 4561 1294 4607 et
1330 4559 1680 4620 ‘qua-cunque
1715 4553 1798 4606 his
1825 4552 2040 4606 similia;

2163 4561 2348 4628 κροὺς
2379 4559 2477 4613 καί
2514 4559 2796 4621 ζωοποιεῖ,
2835 4560 3026 4625 οὕτως
3061 4560 3160 4613 καὶ
3198 4563 3231 4613 ό
3276 4559 3408 4624 Υἱὸς
3444 4559 3553 4625 οὓς
3578 4559 3768 4615 θέλει

493 4659 640 4708 num,
691 4645 928 4714 inquam,
961 4660 1080 4699 cum
1115 4647 1228 4700 inec
1269 4643 1449 4709 audis,
1489 4643 1659 4698 Deum
1690 4645 2040 4698 tantummodt

2163 4651 2429 4712 ζωοποιεῖ
2447 4667 2460 4680 ο
2485 4652 2576 4705 καί
2606 4669 2618 4681 ·
2643 4650 2856 4718 Πάτερ,
2874 4649 3144 4714 δόξασόν
3168 4665 3286 4704 σου
3309 4649 3417 4704 τὸν
3456 4652 3621 4712 Υιὸν,
3649 4653 3770 4704 ἵνα

490 4735 792 4804 existimas,
822 4738 1124 4793 substantia
1158 4747 1340 4793 nostra
1371 4735 1694 4802 spoliatum?
1723 4733 1800 4788 lta
1828 4749 2040 4804 prorsa:

2161 4742 2260 4796 καὶ
2326 4745 2359 4796 ὁ
2413 4742 2544 4808 Υἱός
2600 4759 2717 4798 σου
2762 4743 2995 4810 δοξάσῃ
3042 4755 3152 4796 σε·
3191 4741 3321 4794 καίο
3369 4741 3518 4811 Ἐγὼ
3576 4743 3689 4796 καὶ
3729 4748 3770 4799 ό

489 4842 616 4880 eum
660 4842 887 4898 corpore
920 4845 1186 4894 exucres,
1227 4837 1283 4884 et
1328 4825 1585 4896 quidquid
1632 4826 1926 4880 humanum
1974 4840 2040 4879 es

2164 4829 2366 4898 Πατὴρ
2396 4830 2466 4884 ἓν
2487 4830 2695 4900 ἐσμεν.
2730 4832 2839 4884 Καὶ
2882 4833 3018 4902 πρὸς
3046 4833 3138 4884 τὸν
3176 4833 3239 4882 ὲκ
3263 4833 3510 4900 ’γενητῆς
3539 4831 3771 4900 τυφλὸν

493 4917 836 4986 detraheres;
871 4921 1002 4975 adeo
1031 4931 1089 4975 ut
1127 4921 1239 4992 jam
1271 4920 1468 4975 deinde
1501 4917 2040 4990 posses_universam

2161 4919 2402 4988 λέγεταιο
2449 4919 2532 4973 Σὺ
2583 4921 2888 4986 πιστεύεις
2929 4901 3018 4986 εὶς
3071 4921 3178 4972 τὸν
3225 4918 3360 4972 Tibi
3409 4918 3517 4973 τοῦ
3557 4921 3769 4984 Θεςῦ;
3839 4971 3856 4986 ,

490 5010 848 5064 mconoutiam
876 5023 1061 5080 apt-rte
1085 5015 1386 5068 destruere.
2164 5011 2257 5062 καὶ
2287 5011 2387 5063 ὅσα
2408 5009 2618 5074 τούτοις
2647 5011 2810 5080 ὃμοια
2832 5029 2844 5042 ο
2877 5041 2946 5051 --
2980 5011 3111 5062 Θεὸν
3141 5009 3302 5080 μόνον
3335 5008 3775 5080 ὑπολαμϐάνεις

489 5105 587 5163 καὶ
631 5104 734 5175 τῆς
760 5104 883 5158 καθ’
925 5105 1072 5174 ἡμᾶς
1138 5104 1565 5176 γεγυμνωμένον
1629 5103 1852 5168 οὐσίας,
1899 5100 2116 5164 πάντως
2154 5118 2258 5154 που
2298 5105 2393 5155 καὶ
2436 5101 2692 5172 σώματος
2733 5102 2896 5159 αὐτὸν
2947 5099 3358 5164 ἀπαλλάξειας,
3417 5100 3514 5153 καὶ
3556 5102 3772 5156 πάντα.

491 5197 711 5269 ἀφέλοιο
759 5195 832 5250 τὰ
877 5195 1197 5268 ἀνθρώπων
1245 5197 1320 5261 ὡς
1358 5197 1558 5263 ἐξεῖναί
1583 5213 1666 5249 σοι
1716 5193 1902 5249 λοιπὸν
1953 5194 2048 5246 καὶ
2090 5194 2272 5248 πᾶσαν
2304 5197 2402 5266 τὴν
2436 5196 2747 5265 οίκονομίαν
2783 5196 2964 5264 σαφῶς
2993 5192 3487 5258 ἀποσκευάζεσθαι.

493 3911 682 3965 minari
708 3913 864 3966 audis
890 3929 904 3965 :
935 3910 1001 3964 In
1022 3912 1280 3979 principio
1303 3921 1416 3964 erat
1453 3909 1678 3964 Verbum
1700 3949 1714 3973 ,
1743 3923 1790 3966 et
1838 3910 2056 3968 Verbum

563 5355 610 5390 ⁸⁸
635 5353 793 5409 Joan.
823 5368 940 5411 vm.
965 5351 1055 5405 40.
1130 5351 1176 5385 ⁵⁸
1197 5349 1356 5406 Joan.
1385 5366 1456 5410 \‘l.
1487 5352 1576 5404 54.
1653 5353 1698 5384 '°
1727 5350 1883 5406 Joan.
1917 5367 2037 5410 xm,
2065 5350 2154 5403 51.
2232 5351 2273 5381 ⁸⁸
2319 5350 2506 5403 Matth.
2537 5351 2778 5416 xvnﬁl.
2854 5351 2898 5382 “
2923 5349 3111 5404 Matth.
3145 5349 3405 5414 κνιιι,Η.
3483 5349 3530 5380 ⁸³
3549 5349 3782 5408 Matth.

493 5442 572 5492 ιι,
739 5435 794 5479 et
827 5425 974 5480 alibi.
1051 5423 1095 5454 “
1128 5421 1284 5476 Joau.
1329 5437 1371 5486 ι,
1400 5423 1447 5474 ι.
1525 5423 1717 5476 “ibid.
1754 5423 1839 5476 14.
1915 5423 1960 5454 ⁸³
1999 5421 2040 5474 .Ιι

495 5511 572 5560 ιχ,
695 5535 710 5550 .

2152 5461 2155 5471 .
2191 5436 2243 5484 ν,
2266 5420 2356 5476 21.
2433 5422 2476 5452 ⁸⁷
2505 5419 2662 5475 Joan.
2693 5436 2828 5488 xvu,
2858 5421 2908 5474 1.
2984 5420 3028 5452 ⁸⁸
3057 5419 3215 5474 Joau.
3245 5433 3302 5484 ι,
3335 5421 3426 5474 50.
3506 5420 3553 5452 "
3579 5419 3776 5478 Joau.

571 5648 784 5720 (62563)
836 5650 930 5704 llic
965 5659 1020 5704 et
1073 5647 1327 5715 deinceps
1387 5645 1720 5700 admirentur
1772 5645 1998 5716 theologi
2049 5647 2400 5716 persubtilem
2466 5662 2618 5716 :eqttc
2675 5656 2837 5716 atque
2897 5647 3256 5701 rectissimam
3324 5620 3624 5712 Nicephori
3690 5648 3791 5706 de

499 5717 695 5769 tht‘isti
726 5717 1069 5776 idiomatibus
1091 5719 1414 5774 doctrinam.
