  <div class='ocr_page' id='page_1' title='image "/cluster/home/n/w/nwhite01/storage/ocr_20150623/100/hvd.32044054111919/164.png"; bbox 0 0 3994 6198; ppageno 0'>
   <div class='ocr_carea' id='block_1_1' title="bbox 204 423 318 488">
    <p class='ocr_par' dir='ltr' id='par_1_1' title="bbox 204 423 318 488">
     <span class='ocr_line' id='line_1_1' title="bbox 204 423 318 488; baseline 0 0"><span class='ocrx_word' id='word_1_1' title='bbox 204 423 318 488; x_wconf 79' lang='lat'><strong>317</strong></span> 
     </span>
    </p>
   </div>
   <div class='ocr_carea' id='block_1_2' title="bbox 928 407 2747 486">
    <p class='ocr_par' dir='ltr' id='par_1_2' title="bbox 928 407 2747 486">
     <span class='ocr_line' id='line_1_2' title="bbox 928 407 2747 486; baseline -0.003 -1"><span class='ocrx_word' id='word_1_2' title='bbox 928 407 1566 485; x_wconf 33' lang='lat' dir='ltr'><strong>ANTIRRHETICUS&#39;</strong></span> <span class='ocrx_word' id='word_1_3' title='bbox 1611 425 1640 484; x_wconf 91' lang='grc' dir='ltr'>Ι</span> <span class='ocrx_word' id='word_1_4' title='bbox 1691 425 1858 486; x_wconf 84' lang='lat' dir='ltr'><strong>ADV.</strong></span> <span class='ocrx_word' id='word_1_5' title='bbox 1899 422 2495 485; x_wconf 83' lang='lat' dir='ltr'><strong>CONSTANTINUM</strong></span> <span class='ocrx_word' id='word_1_6' title='bbox 2532 421 2747 484; x_wconf 78' lang='lat' dir='ltr'><strong>COI’R.</strong></span> 
     </span>
    </p>
   </div>
   <div class='ocr_carea' id='block_1_3' title="bbox 3375 416 3484 482">
    <p class='ocr_par' dir='ltr' id='par_1_3' title="bbox 3375 416 3484 482">
     <span class='ocr_line' id='line_1_3' title="bbox 3375 416 3484 482; baseline -0.018 0"><span class='ocrx_word' id='word_1_7' title='bbox 3375 416 3484 482; x_wconf 75' lang='lat'><strong>318</strong></span> 
     </span>
    </p>
   </div>
   <div class='ocr_carea' id='block_1_4' title="bbox 287 527 1803 603">
    <p class='ocr_par' dir='ltr' id='par_1_4' title="bbox 287 531 1803 603">
     <span class='ocr_line' id='line_1_4' title="bbox 287 531 1803 603; baseline -0.001 -17"><span class='ocrx_word' id='word_1_8' title='bbox 287 539 413 603; x_wconf 68' lang='grc' dir='ltr'>μςθ.</span> <span class='ocrx_word' id='word_1_9' title='bbox 446 531 517 585; x_wconf 86' lang='grc' dir='ltr'>Τί</span> <span class='ocrx_word' id='word_1_10' title='bbox 558 531 779 600; x_wconf 53' lang='grc' dir='ltr'>λέγεις</span> <span class='ocrx_word' id='word_1_11' title='bbox 829 531 1128 602; x_wconf 83' lang='grc' dir='ltr'>Προσέχεις</span> <span class='ocrx_word' id='word_1_12' title='bbox 1156 535 1280 596; x_wconf 87' lang='grc' dir='ltr'>ταῖς</span> <span class='ocrx_word' id='word_1_13' title='bbox 1317 531 1654 596; x_wconf 70' lang='grc' dir='ltr'><strong>ἰδιαζούσαις</strong></span> <span class='ocrx_word' id='word_1_14' title='bbox 1697 533 1803 586; x_wconf 85' lang='grc' dir='ltr'><strong>τῶν</strong></span> 
     </span>
    </p>
   </div>
   <div class='ocr_carea' id='block_1_5' title="bbox 1907 527 3483 603">
    <p class='ocr_par' dir='ltr' id='par_1_5' title="bbox 1976 527 3483 599">
     <span class='ocr_line' id='line_1_5' title="bbox 1976 527 3483 599; baseline -0.003 -13"><span class='ocrx_word' id='word_1_15' title='bbox 1976 532 2066 586; x_wconf 71' lang='grc'><strong>46.</strong></span> <span class='ocrx_word' id='word_1_16' title='bbox 2103 531 2242 599; x_wconf 83' lang='lat' dir='ltr'><strong>Quid</strong></span> <span class='ocrx_word' id='word_1_17' title='bbox 2277 529 2398 586; x_wconf 85' lang='lat' dir='ltr'><strong>ais?</strong></span> <span class='ocrx_word' id='word_1_18' title='bbox 2423 529 2696 585; x_wconf 79' lang='lat' dir='ltr'><strong>Mordicus</strong></span> <span class='ocrx_word' id='word_1_19' title='bbox 2731 527 2962 584; x_wconf 71' lang='lat' dir='ltr'><strong>inhmres</strong></span> <span class='ocrx_word' id='word_1_20' title='bbox 2995 527 3228 598; x_wconf 73' lang='lat' dir='ltr'><strong>propriis</strong></span> <span class='ocrx_word' id='word_1_21' title='bbox 3261 537 3483 582; x_wconf 83' lang='lat' dir='ltr'><strong>natura-</strong></span> 
     </span>
    </p>
   </div>
   <div class='ocr_carea' id='block_1_6' title="bbox 208 623 1806 696">
    <p class='ocr_par' dir='ltr' id='par_1_6' title="bbox 208 623 1806 696">
     <span class='ocr_line' id='line_1_6' title="bbox 208 623 1806 696; baseline -0.002 -17"><span class='ocrx_word' id='word_1_22' title='bbox 208 626 443 696; x_wconf 76' lang='grc' dir='ltr'>φύσεων</span> <span class='ocrx_word' id='word_1_23' title='bbox 491 625 730 694; x_wconf 83' lang='grc' dir='ltr'><strong>φωναῖς,</strong></span> <span class='ocrx_word' id='word_1_24' title='bbox 768 625 865 676; x_wconf 67' lang='grc' dir='ltr'>καὶ</span> <span class='ocrx_word' id='word_1_25' title='bbox 895 626 1018 686; x_wconf 90' lang='grc' dir='ltr'>ταῖς</span> <span class='ocrx_word' id='word_1_26' title='bbox 1049 623 1150 692; x_wconf 81' lang='grc' dir='ltr'>μὲν</span> <span class='ocrx_word' id='word_1_27' title='bbox 1187 625 1475 688; x_wconf 81' lang='grc' dir='ltr'>ταπειναῖς</span> <span class='ocrx_word' id='word_1_28' title='bbox 1514 640 1806 678; x_wconf 70' lang='grc' dir='ltr'>συνταπεια</span> 
     </span>
    </p>
   </div>
   <div class='ocr_carea' id='block_1_7' title="bbox 208 713 1802 786">
    <p class='ocr_par' dir='ltr' id='par_1_7' title="bbox 208 713 1802 786">
     <span class='ocr_line' id='line_1_7' title="bbox 208 713 1802 786; baseline -0.001 -16"><span class='ocrx_word' id='word_1_29' title='bbox 208 719 326 780; x_wconf 80' lang='grc' dir='ltr'>νοῖς</span> <span class='ocrx_word' id='word_1_30' title='bbox 359 715 634 786; x_wconf 79' lang='grc' dir='ltr'>Χριστὸν,</span> <span class='ocrx_word' id='word_1_31' title='bbox 679 713 1004 786; x_wconf 81' lang='grc' dir='ltr'><strong>ἀποστερῶν</strong></span> <span class='ocrx_word' id='word_1_32' title='bbox 1041 713 1167 766; x_wconf 76' lang='grc' dir='ltr'><strong>τῶν</strong></span> <span class='ocrx_word' id='word_1_33' title='bbox 1201 713 1362 768; x_wconf 89' lang='grc' dir='ltr'>θείων</span> <span class='ocrx_word' id='word_1_34' title='bbox 1405 716 1500 768; x_wconf 74' lang='grc' dir='ltr'>καὶ</span> <span class='ocrx_word' id='word_1_35' title='bbox 1550 715 1802 786; x_wconf 64' lang='grc' dir='ltr'>ὑψηλῶν,</span> 
     </span>
    </p>
   </div>
   <div class='ocr_carea' id='block_1_8' title="bbox 209 803 1806 878">
    <p class='ocr_par' dir='ltr' id='par_1_8' title="bbox 209 803 1806 878">
     <span class='ocr_line' id='line_1_8' title="bbox 209 803 1806 878; baseline -0.001 -18"><span class='ocrx_word' id='word_1_36' title='bbox 209 805 314 860; x_wconf 72' lang='grc' dir='ltr'>καὶ</span> <span class='ocrx_word' id='word_1_37' title='bbox 333 823 402 858; x_wconf 90' lang='grc' dir='ltr'><strong>συ</strong></span> <span class='ocrx_word' id='word_1_38' title='bbox 409 805 667 878; x_wconf 67' lang='grc' dir='ltr'>μφθὲγγῃ</span> <span class='ocrx_word' id='word_1_39' title='bbox 685 807 798 866; x_wconf 88' lang='grc' dir='ltr'>τοῖς</span> <span class='ocrx_word' id='word_1_40' title='bbox 815 807 927 866; x_wconf 85' lang='grc' dir='ltr'>σοῖς</span> <span class='ocrx_word' id='word_1_41' title='bbox 951 803 1314 868; x_wconf 82' lang='grc' dir='ltr'>διδασκάλοις,</span> <span class='ocrx_word' id='word_1_42' title='bbox 1337 803 1437 875; x_wconf 76' lang='grc' dir='ltr'>τὴν</span> <span class='ocrx_word' id='word_1_43' title='bbox 1463 805 1806 876; x_wconf 81' lang='grc' dir='ltr'>Ἀρειανικὴν</span> 
     </span>
    </p>
   </div>
   <div class='ocr_carea' id='block_1_9' title="bbox 213 893 1808 966">
    <p class='ocr_par' dir='ltr' id='par_1_9' title="bbox 213 893 1808 966">
     <span class='ocr_line' id='line_1_9' title="bbox 213 893 1808 966; baseline 0 -18"><span class='ocrx_word' id='word_1_44' title='bbox 213 896 423 966; x_wconf 82' lang='grc' dir='ltr'>μανίαν</span> <span class='ocrx_word' id='word_1_45' title='bbox 463 897 722 963; x_wconf 80' lang='grc' dir='ltr'><strong>νοσήσας.</strong></span> <span class='ocrx_word' id='word_1_46' title='bbox 761 895 894 960; x_wconf 86' lang='grc' dir='ltr'>Ταῖς</span> <span class='ocrx_word' id='word_1_47' title='bbox 923 895 1157 966; x_wconf 66' lang='grc' dir='ltr'>ὑψηλαῖς</span> <span class='ocrx_word' id='word_1_48' title='bbox 1197 893 1264 966; x_wconf 78' lang='grc' dir='ltr'>δὴ</span> <span class='ocrx_word' id='word_1_49' title='bbox 1305 895 1545 965; x_wconf 79' lang='grc' dir='ltr'>ὲξαίρεις</span> <span class='ocrx_word' id='word_1_50' title='bbox 1575 895 1684 948; x_wconf 86' lang='grc' dir='ltr'><strong>τῶν</strong></span> <span class='ocrx_word' id='word_1_51' title='bbox 1711 913 1808 948; x_wconf 85' lang='grc' dir='ltr'>τα·-</span> 
     </span>
    </p>
   </div>
   <div class='ocr_carea' id='block_1_10' title="bbox 213 985 1806 1060">
    <p class='ocr_par' dir='ltr' id='par_1_10' title="bbox 213 985 1806 1060">
     <span class='ocr_line' id='line_1_10' title="bbox 213 985 1806 1060; baseline 0.002 -21"><span class='ocrx_word' id='word_1_52' title='bbox 213 987 462 1054; x_wconf 76' lang='grc' dir='ltr'>πεινῶν,</span> <span class='ocrx_word' id='word_1_53' title='bbox 507 989 605 1040; x_wconf 77' lang='grc' dir='ltr'>καὶ</span> <span class='ocrx_word' id='word_1_54' title='bbox 653 985 843 1055; x_wconf 79' lang='grc' dir='ltr'>νέμεις</span> <span class='ocrx_word' id='word_1_55' title='bbox 877 986 1017 1056; x_wconf 84' lang='grc' dir='ltr'>μόνα</span> <span class='ocrx_word' id='word_1_56' title='bbox 1056 987 1126 1040; x_wconf 87' lang='grc' dir='ltr'><strong>τά</strong></span> <span class='ocrx_word' id='word_1_57' title='bbox 1170 986 1384 1058; x_wconf 78' lang='grc' dir='ltr'>ὑψηλὰ,</span> <span class='ocrx_word' id='word_1_58' title='bbox 1429 988 1522 1040; x_wconf 81' lang='grc' dir='ltr'>καὶ</span> <span class='ocrx_word' id='word_1_59' title='bbox 1559 989 1806 1060; x_wconf 81' lang='grc' dir='ltr'>συνᾴδεις</span> 
     </span>
    </p>
   </div>
   <div class='ocr_carea' id='block_1_11' title="bbox 209 1077 1804 1150">
    <p class='ocr_par' dir='ltr' id='par_1_11' title="bbox 209 1077 1804 1150">
     <span class='ocr_line' id='line_1_11' title="bbox 209 1077 1804 1150; baseline 0.003 -21"><span class='ocrx_word' id='word_1_60' title='bbox 209 1079 334 1140; x_wconf 72' lang='grc' dir='ltr'>τοῖς</span> <span class='ocrx_word' id='word_1_61' title='bbox 363 1079 478 1138; x_wconf 81' lang='grc' dir='ltr'>σοῖς</span> <span class='ocrx_word' id='word_1_62' title='bbox 513 1077 845 1148; x_wconf 77' lang='grc' dir='ltr'>ὑποφήταις,</span> <span class='ocrx_word' id='word_1_63' title='bbox 883 1077 984 1148; x_wconf 80' lang='grc' dir='ltr'>τὴν</span> <span class='ocrx_word' id='word_1_64' title='bbox 1011 1077 1122 1132; x_wconf 83' lang='grc' dir='ltr'><strong>τῶν</strong></span> <span class='ocrx_word' id='word_1_65' title='bbox 1159 1077 1433 1148; x_wconf 81' lang='grc' dir='ltr'>βδελυρῶν</span> <span class='ocrx_word' id='word_1_66' title='bbox 1461 1079 1804 1150; x_wconf 84' lang='grc' dir='ltr'>Εύτυχιτῶν,</span> 
     </span>
    </p>
   </div>
   <div class='ocr_carea' id='block_1_12' title="bbox 215 1167 1806 1241">
    <p class='ocr_par' dir='ltr' id='par_1_12' title="bbox 215 1167 1806 1241">
     <span class='ocr_line' id='line_1_12' title="bbox 215 1167 1806 1241; baseline 0.003 -21"><span class='ocrx_word' id='word_1_67' title='bbox 215 1167 251 1236; x_wconf 70' lang='grc' dir='ltr'>ἢ</span> <span class='ocrx_word' id='word_1_68' title='bbox 291 1167 632 1239; x_wconf 78' lang='grc' dir='ltr'>οῖκειότερον</span> <span class='ocrx_word' id='word_1_69' title='bbox 668 1169 883 1231; x_wconf 76' lang='grc' dir='ltr'>εἰπεῖν,</span> <span class='ocrx_word' id='word_1_70' title='bbox 928 1168 1250 1238; x_wconf 78' lang='grc' dir='ltr'>Μανιχαίων</span> <span class='ocrx_word' id='word_1_71' title='bbox 1293 1169 1511 1241; x_wconf 84' lang='grc' dir='ltr'><strong>ληρώδη</strong></span> <span class='ocrx_word' id='word_1_72' title='bbox 1567 1171 1662 1224; x_wconf 72' lang='grc' dir='ltr'>καὶ</span> <span class='ocrx_word' id='word_1_73' title='bbox 1703 1189 1806 1239; x_wconf 80' lang='grc' dir='ltr'><strong>φα·</strong></span> 
     </span>
    </p>
   </div>
   <div class='ocr_carea' id='block_1_13' title="bbox 219 1259 1806 1333">
    <p class='ocr_par' dir='ltr' id='par_1_13' title="bbox 219 1259 1806 1333">
     <span class='ocr_line' id='line_1_13' title="bbox 219 1259 1806 1333; baseline 0.002 -21"><span class='ocrx_word' id='word_1_74' title='bbox 219 1259 490 1330; x_wconf 80' lang='grc' dir='ltr'>σματώδη</span> <span class='ocrx_word' id='word_1_75' title='bbox 553 1259 958 1332; x_wconf 83' lang='grc' dir='ltr'>μυθοπλαστίαν</span> <span class='ocrx_word' id='word_1_76' title='bbox 1009 1259 1284 1332; x_wconf 78' lang='grc' dir='ltr'>ζηλώσας.</span> <span class='ocrx_word' id='word_1_77' title='bbox 1355 1261 1518 1316; x_wconf 81' lang='grc' dir='ltr'>’Δλλά</span> <span class='ocrx_word' id='word_1_78' title='bbox 1567 1262 1652 1315; x_wconf 77' lang='grc' dir='ltr'><strong>σοὶ</strong></span> <span class='ocrx_word' id='word_1_79' title='bbox 1705 1261 1806 1333; x_wconf 83' lang='grc' dir='ltr'>μὲν</span> 
     </span>
    </p>
   </div>
   <div class='ocr_carea' id='block_1_14' title="bbox 219 1349 1806 1423">
    <p class='ocr_par' dir='ltr' id='par_1_14' title="bbox 219 1349 1806 1423">
     <span class='ocr_line' id='line_1_14' title="bbox 219 1349 1806 1423; baseline 0.001 -20"><span class='ocrx_word' id='word_1_80' title='bbox 219 1351 437 1421; x_wconf 66' lang='grc' dir='ltr'>ῥᾴδιον,</span> <span class='ocrx_word' id='word_1_81' title='bbox 486 1349 634 1416; x_wconf 74' lang='grc' dir='ltr'>ἅπαξ</span> <span class='ocrx_word' id='word_1_82' title='bbox 661 1351 800 1423; x_wconf 74' lang='grc' dir='ltr'>πρὸς</span> <span class='ocrx_word' id='word_1_83' title='bbox 833 1350 992 1423; x_wconf 80' lang='grc' dir='ltr'>ὕϐριν</span> <span class='ocrx_word' id='word_1_84' title='bbox 1024 1354 1117 1406; x_wconf 71' lang='grc' dir='ltr'>καὶ</span> <span class='ocrx_word' id='word_1_85' title='bbox 1149 1351 1467 1423; x_wconf 76' lang='grc' dir='ltr'>καθαίρεσιν</span> <span class='ocrx_word' id='word_1_86' title='bbox 1493 1353 1594 1419; x_wconf 74' lang='grc' dir='ltr'>τῆς</span> <span class='ocrx_word' id='word_1_87' title='bbox 1626 1369 1806 1423; x_wconf 85' lang='grc' dir='ltr'>σωτη-</span> 
     </span>
    </p>
   </div>
   <div class='ocr_carea' id='block_1_15' title="bbox 221 1442 1806 1516">
    <p class='ocr_par' dir='ltr' id='par_1_15' title="bbox 221 1442 1806 1516">
     <span class='ocr_line' id='line_1_15' title="bbox 221 1442 1806 1516; baseline 0.003 -22"><span class='ocrx_word' id='word_1_88' title='bbox 221 1442 346 1512; x_wconf 80' lang='grc' dir='ltr'>ρίου</span> <span class='ocrx_word' id='word_1_89' title='bbox 368 1443 686 1512; x_wconf 68' lang='grc' dir='ltr'>οἰκονομίας</span> <span class='ocrx_word' id='word_1_90' title='bbox 713 1445 1142 1514; x_wconf 79' lang='grc' dir='ltr'>καταντήσαντι,</span> <span class='ocrx_word' id='word_1_91' title='bbox 1173 1447 1284 1508; x_wconf 82' lang='grc' dir='ltr'>τοῖς</span> <span class='ocrx_word' id='word_1_92' title='bbox 1317 1444 1580 1508; x_wconf 73' lang='grc' dir='ltr'>τοιούτοις</span> <span class='ocrx_word' id='word_1_93' title='bbox 1615 1447 1806 1516; x_wconf 66' lang='grc' dir='ltr'>ἐντρυι</span> 
     </span>
    </p>
   </div>
   <div class='ocr_carea' id='block_1_16' title="bbox 223 1533 1805 1604">
    <p class='ocr_par' dir='ltr' id='par_1_16' title="bbox 223 1533 1805 1604">
     <span class='ocr_line' id='line_1_16' title="bbox 223 1533 1805 1604; baseline 0.004 -20"><span class='ocrx_word' id='word_1_94' title='bbox 223 1533 342 1603; x_wconf 75' lang='grc' dir='ltr'>φᾷν</span> <span class='ocrx_word' id='word_1_95' title='bbox 384 1533 758 1604; x_wconf 78' lang='grc' dir='ltr'>ἀτοπήμασιν.</span> <span class='ocrx_word' id='word_1_96' title='bbox 832 1533 1082 1588; x_wconf 68' lang='grc' dir='ltr'>Ἐπειδὰν</span> <span class='ocrx_word' id='word_1_97' title='bbox 1135 1534 1195 1588; x_wconf 78' lang='grc' dir='ltr'>δὲ</span> <span class='ocrx_word' id='word_1_98' title='bbox 1239 1535 1708 1600; x_wconf 86' lang='grc' dir='ltr'>ἀντιπεπονθότως</span> <span class='ocrx_word' id='word_1_99' title='bbox 1747 1539 1805 1591; x_wconf 81' lang='grc' dir='ltr'>ὲν</span> 
     </span>
    </p>
   </div>
   <div class='ocr_carea' id='block_1_17' title="bbox 223 1619 1806 1699">
    <p class='ocr_par' dir='ltr' id='par_1_17' title="bbox 223 1619 1806 1699">
     <span class='ocr_line' id='line_1_17' title="bbox 223 1619 1806 1699; baseline 0.003 -22"><span class='ocrx_word' id='word_1_100' title='bbox 223 1623 446 1688; x_wconf 82' lang='grc' dir='ltr'>τούτοις</span> <span class='ocrx_word' id='word_1_101' title='bbox 493 1624 817 1696; x_wconf 74' lang='grc' dir='ltr'>θεωρεῖται,</span> <span class='ocrx_word' id='word_1_102' title='bbox 847 1619 961 1678; x_wconf 81' lang='grc' dir='ltr'>οἷον</span> <span class='ocrx_word' id='word_1_103' title='bbox 1013 1627 1046 1696; x_wconf 85' lang='grc' dir='ltr'><strong>ή</strong></span> <span class='ocrx_word' id='word_1_104' title='bbox 1084 1626 1184 1694; x_wconf 80' lang='grc' dir='ltr'>μὲν</span> <span class='ocrx_word' id='word_1_105' title='bbox 1219 1627 1562 1699; x_wconf 80' lang='grc' dir='ltr'>προσηγορία</span> <span class='ocrx_word' id='word_1_106' title='bbox 1583 1669 1598 1693; x_wconf 92' lang='grc'><strong>,</strong></span> <span class='ocrx_word' id='word_1_107' title='bbox 1629 1628 1806 1682; x_wconf 81' lang='grc' dir='ltr'>οἰκεία</span> 
     </span>
    </p>
   </div>
   <div class='ocr_carea' id='block_1_18' title="bbox 220 1713 1805 1790">
    <p class='ocr_par' dir='ltr' id='par_1_18' title="bbox 220 1713 1805 1790">
     <span class='ocr_line' id='line_1_18' title="bbox 220 1713 1805 1790; baseline 0.003 -23"><span class='ocrx_word' id='word_1_108' title='bbox 220 1715 322 1767; x_wconf 75' lang='grc' dir='ltr'>καὶ</span> <span class='ocrx_word' id='word_1_109' title='bbox 359 1713 509 1786; x_wconf 77' lang='grc' dir='ltr'>ίδικὴ</span> <span class='ocrx_word' id='word_1_110' title='bbox 555 1718 620 1787; x_wconf 83' lang='grc' dir='ltr'>τῇ</span> <span class='ocrx_word' id='word_1_111' title='bbox 655 1715 780 1768; x_wconf 85' lang='grc' dir='ltr'>καθ’</span> <span class='ocrx_word' id='word_1_112' title='bbox 832 1717 978 1786; x_wconf 76' lang='grc' dir='ltr'>ἡμᾶς</span> <span class='ocrx_word' id='word_1_113' title='bbox 1027 1716 1222 1788; x_wconf 76' lang='grc' dir='ltr'>ούσίᾳο</span> <span class='ocrx_word' id='word_1_114' title='bbox 1270 1715 1342 1772; x_wconf 80' lang='grc' dir='ltr'><strong>τὰ</strong></span> <span class='ocrx_word' id='word_1_115' title='bbox 1375 1717 1432 1770; x_wconf 75' lang='grc' dir='ltr'>δὲ</span> <span class='ocrx_word' id='word_1_116' title='bbox 1466 1717 1596 1788; x_wconf 72' lang='grc' dir='ltr'>περὶ</span> <span class='ocrx_word' id='word_1_117' title='bbox 1637 1718 1805 1790; x_wconf 80' lang='grc' dir='ltr'>αὐτὴν</span> 
     </span>
    </p>
   </div>
   <div class='ocr_carea' id='block_1_19' title="bbox 222 1807 1800 1880">
    <p class='ocr_par' dir='ltr' id='par_1_19' title="bbox 222 1807 1800 1880">
     <span class='ocr_line' id='line_1_19' title="bbox 222 1807 1800 1880; baseline 0.004 -23"><span class='ocrx_word' id='word_1_118' title='bbox 222 1807 633 1876; x_wconf 62' lang='grc' dir='ltr'>ἐπιφαινόμενα,</span> <span class='ocrx_word' id='word_1_119' title='bbox 659 1809 727 1877; x_wconf 77' lang='grc' dir='ltr'>τῇ</span> <span class='ocrx_word' id='word_1_120' title='bbox 756 1807 901 1877; x_wconf 77' lang='grc' dir='ltr'>ὑπὲρ</span> <span class='ocrx_word' id='word_1_121' title='bbox 919 1809 1070 1877; x_wconf 77' lang='grc' dir='ltr'>ἡμᾶς</span> <span class='ocrx_word' id='word_1_122' title='bbox 1101 1807 1359 1880; x_wconf 81' lang='grc' dir='ltr'>ἁρμόδια,</span> <span class='ocrx_word' id='word_1_123' title='bbox 1385 1809 1439 1861; x_wconf 80' lang='grc' dir='ltr'><strong>τί</strong></span> <span class='ocrx_word' id='word_1_124' title='bbox 1467 1809 1800 1880; x_wconf 70' lang='grc' dir='ltr'>ὑπολήψοιος</span> 
     </span>
    </p>
   </div>
   <div class='ocr_carea' id='block_1_20' title="bbox 1907 619 3480 691">
    <p class='ocr_par' dir='ltr' id='par_1_20' title="bbox 1907 619 3480 691">
     <span class='ocr_line' id='line_1_20' title="bbox 1907 619 3480 691; baseline -0.003 -14"><span class='ocrx_word' id='word_1_125' title='bbox 1907 639 2027 677; x_wconf 89' lang='lat' dir='ltr'><strong>rum</strong></span> <span class='ocrx_word' id='word_1_126' title='bbox 2054 621 2324 677; x_wconf 84' lang='lat' dir='ltr'><strong>vocabulis</strong></span> <span class='ocrx_word' id='word_1_127' title='bbox 2346 661 2360 686; x_wconf 94' lang='lat'><strong>,</strong></span> <span class='ocrx_word' id='word_1_128' title='bbox 2415 631 2465 677; x_wconf 89' lang='lat' dir='ltr'><strong>et</strong></span> <span class='ocrx_word' id='word_1_129' title='bbox 2500 622 2583 676; x_wconf 80' lang='lat' dir='ltr'><strong>his</strong></span> <span class='ocrx_word' id='word_1_130' title='bbox 2611 635 2734 691; x_wconf 69' lang='lat' dir='ltr'><strong>qua:</strong></span> <span class='ocrx_word' id='word_1_131' title='bbox 2778 627 2914 674; x_wconf 84' lang='lat' dir='ltr'><strong>sunt</strong></span> <span class='ocrx_word' id='word_1_132' title='bbox 2949 619 3174 674; x_wconf 82' lang='lat' dir='ltr'><strong>humilia</strong></span> <span class='ocrx_word' id='word_1_133' title='bbox 3207 619 3480 674; x_wconf 84' lang='lat' dir='ltr'><strong>Christum</strong></span> 
     </span>
    </p>
   </div>
   <div class='ocr_carea' id='block_1_21' title="bbox 1905 711 3482 784">
    <p class='ocr_par' dir='ltr' id='par_1_21' title="bbox 1905 711 3482 784">
     <span class='ocr_line' id='line_1_21' title="bbox 1905 711 3482 784; baseline -0.003 -14"><span class='ocrx_word' id='word_1_134' title='bbox 1905 713 2198 784; x_wconf 86' lang='lat' dir='ltr'><strong>deprimis,</strong></span> <span class='ocrx_word' id='word_1_135' title='bbox 2237 713 2433 769; x_wconf 77' lang='lat' dir='ltr'><strong>divinis</strong></span> <span class='ocrx_word' id='word_1_136' title='bbox 2461 723 2514 769; x_wconf 92' lang='lat' dir='ltr'><strong>et</strong></span> <span class='ocrx_word' id='word_1_137' title='bbox 2544 712 2772 768; x_wconf 84' lang='lat' dir='ltr'><strong>excelsis</strong></span> <span class='ocrx_word' id='word_1_138' title='bbox 2821 711 3039 766; x_wconf 90' lang='lat' dir='ltr'><strong>dotibus</strong></span> <span class='ocrx_word' id='word_1_139' title='bbox 3067 711 3307 780; x_wconf 76' lang='lat' dir='ltr'><strong>spoliatis</strong></span> <span class='ocrx_word' id='word_1_140' title='bbox 3331 749 3347 776; x_wconf 90' lang='lat'><strong>,</strong></span> <span class='ocrx_word' id='word_1_141' title='bbox 3377 711 3482 766; x_wconf 87' lang='lat' dir='ltr'><strong>tuis</strong></span> 
     </span>
    </p>
   </div>
   <div class='ocr_carea' id='block_1_22' title="bbox 1905 801 3479 874">
    <p class='ocr_par' dir='ltr' id='par_1_22' title="bbox 1905 801 3479 874">
     <span class='ocr_line' id='line_1_22' title="bbox 1905 801 3479 874; baseline -0.002 -15"><span class='ocrx_word' id='word_1_142' title='bbox 1905 805 2160 859; x_wconf 88' lang='lat' dir='ltr'><strong>nimirum</strong></span> <span class='ocrx_word' id='word_1_143' title='bbox 2209 803 2486 874; x_wconf 74' lang='lat' dir='ltr'><strong>magistris</strong></span> <span class='ocrx_word' id='word_1_144' title='bbox 2529 817 2872 866; x_wconf 85' lang='lat' dir='ltr'><strong>consonans,</strong></span> <span class='ocrx_word' id='word_1_145' title='bbox 2927 811 2980 856; x_wconf 89' lang='lat' dir='ltr'><strong>et</strong></span> <span class='ocrx_word' id='word_1_146' title='bbox 3017 801 3216 856; x_wconf 75' lang='lat' dir='ltr'><strong>Aria‘na</strong></span> <span class='ocrx_word' id='word_1_147' title='bbox 3267 802 3479 856; x_wconf 84' lang='lat' dir='ltr'><strong>insania</strong></span> 
     </span>
    </p>
   </div>
   <div class='ocr_carea' id='block_1_23' title="bbox 1907 891 3478 958">
    <p class='ocr_par' dir='ltr' id='par_1_23' title="bbox 1907 891 3478 958">
     <span class='ocr_line' id='line_1_23' title="bbox 1907 891 3478 958; baseline -0.006 -8"><span class='ocrx_word' id='word_1_148' title='bbox 1907 897 2186 952; x_wconf 87' lang='lat' dir='ltr'><strong>laborans.</strong></span> <span class='ocrx_word' id='word_1_149' title='bbox 2218 895 2463 950; x_wconf 81' lang='lat' dir='ltr'><strong>Excelsis</strong></span> <span class='ocrx_word' id='word_1_150' title='bbox 2493 905 2672 948; x_wconf 88' lang='lat' dir='ltr'><strong>autem</strong></span> <span class='ocrx_word' id='word_1_151' title='bbox 2697 893 2982 948; x_wconf 77' lang='lat' dir='ltr'><strong>vocabulis</strong></span> <span class='ocrx_word' id='word_1_152' title='bbox 3018 892 3240 946; x_wconf 85' lang='lat' dir='ltr'><strong>humilia</strong></span> <span class='ocrx_word' id='word_1_153' title='bbox 3274 891 3478 958; x_wconf 80' lang='lat' dir='ltr'><strong>aboles,</strong></span> 
     </span>
    </p>
   </div>
   <div class='ocr_carea' id='block_1_24' title="bbox 1905 984 3479 1057">
    <p class='ocr_par' dir='ltr' id='par_1_24' title="bbox 1905 984 3479 1057">
     <span class='ocr_line' id='line_1_24' title="bbox 1905 984 3479 1057; baseline -0.006 -13"><span class='ocrx_word' id='word_1_154' title='bbox 1905 988 2128 1057; x_wconf 88' lang='lat' dir='ltr'><strong>solaque</strong></span> <span class='ocrx_word' id='word_1_155' title='bbox 2175 986 2432 1043; x_wconf 85' lang='lat' dir='ltr'><strong>sublimia</strong></span> <span class='ocrx_word' id='word_1_156' title='bbox 2475 987 2705 1047; x_wconf 89' lang='lat' dir='ltr'><strong>tribuis,</strong></span> <span class='ocrx_word' id='word_1_157' title='bbox 2747 986 3096 1054; x_wconf 71' lang='lat' dir='ltr'><strong>conciliisque</strong></span> <span class='ocrx_word' id='word_1_158' title='bbox 3139 984 3479 1054; x_wconf 83' lang='lat' dir='ltr'><strong>inspiratori-</strong></span> 
     </span>
    </p>
   </div>
   <div class='ocr_carea' id='block_1_25' title="bbox 1905 1073 3480 1147">
    <p class='ocr_par' dir='ltr' id='par_1_25' title="bbox 1905 1073 3480 1147">
     <span class='ocr_line' id='line_1_25' title="bbox 1905 1073 3480 1147; baseline -0.004 -13"><span class='ocrx_word' id='word_1_159' title='bbox 1905 1080 2004 1134; x_wconf 85' lang='lat' dir='ltr'><strong>bus</strong></span> <span class='ocrx_word' id='word_1_160' title='bbox 2037 1079 2162 1144; x_wconf 85' lang='lat' dir='ltr'><strong>tuis,</strong></span> <span class='ocrx_word' id='word_1_161' title='bbox 2193 1078 2674 1134; x_wconf 87' lang='lat' dir='ltr'><strong>abominandorum</strong></span> <span class='ocrx_word' id='word_1_162' title='bbox 2703 1077 3164 1147; x_wconf 82' lang='lat' dir='ltr'><strong>Eutychianorum</strong></span> <span class='ocrx_word' id='word_1_163' title='bbox 3193 1073 3274 1128; x_wconf 87' lang='lat' dir='ltr'><strong>vel</strong></span> <span class='ocrx_word' id='word_1_164' title='bbox 3301 1074 3480 1142; x_wconf 90' lang='lat' dir='ltr'><strong>potius</strong></span> 
     </span>
    </p>
   </div>
   <div class='ocr_carea' id='block_1_26' title="bbox 1905 1163 3478 1238">
    <p class='ocr_par' dir='ltr' id='par_1_26' title="bbox 1905 1163 3478 1238">
     <span class='ocr_line' id='line_1_26' title="bbox 1905 1163 3478 1238; baseline -0.003 -16"><span class='ocrx_word' id='word_1_165' title='bbox 1905 1168 2326 1224; x_wconf 81' lang='lat' dir='ltr'><strong>Manichaeorum</strong></span> <span class='ocrx_word' id='word_1_166' title='bbox 2361 1167 2472 1238; x_wconf 66' lang='lat'><strong>((34)</strong></span> <span class='ocrx_word' id='word_1_167' title='bbox 2503 1167 2702 1222; x_wconf 86' lang='lat' dir='ltr'><strong>deliras</strong></span> <span class='ocrx_word' id='word_1_168' title='bbox 2736 1165 3220 1236; x_wconf 85' lang='lat' dir='ltr'><strong>phantasticasque</strong></span> <span class='ocrx_word' id='word_1_169' title='bbox 3266 1163 3478 1218; x_wconf 78' lang='lat' dir='ltr'><strong>rabulas</strong></span> 
     </span>
    </p>
   </div>
   <div class='ocr_carea' id='block_1_27' title="bbox 1905 1254 3475 1328">
    <p class='ocr_par' dir='ltr' id='par_1_27' title="bbox 1905 1254 3475 1328">
     <span class='ocr_line' id='line_1_27' title="bbox 1905 1254 3475 1328; baseline -0.006 -12"><span class='ocrx_word' id='word_1_170' title='bbox 1905 1258 2188 1316; x_wconf 74' lang='lat' dir='ltr'><strong>tetuulaus.</strong></span> <span class='ocrx_word' id='word_1_171' title='bbox 2227 1257 2333 1313; x_wconf 86' lang='lat' dir='ltr'><strong>Sed</strong></span> <span class='ocrx_word' id='word_1_172' title='bbox 2381 1259 2472 1312; x_wconf 85' lang='lat' dir='ltr'><strong>tibi</strong></span> <span class='ocrx_word' id='word_1_173' title='bbox 2506 1259 2724 1328; x_wconf 79' lang='lat' dir='ltr'><strong>quidem</strong></span> <span class='ocrx_word' id='word_1_174' title='bbox 2780 1256 2935 1312; x_wconf 79' lang='lat' dir='ltr'><strong>facile</strong></span> <span class='ocrx_word' id='word_1_175' title='bbox 2982 1264 3104 1319; x_wconf 90' lang='lat' dir='ltr'><strong>est,</strong></span> <span class='ocrx_word' id='word_1_176' title='bbox 3149 1270 3216 1310; x_wconf 79' lang='lat' dir='ltr'><strong>ex</strong></span> <span class='ocrx_word' id='word_1_177' title='bbox 3263 1269 3371 1323; x_wconf 92' lang='lat' dir='ltr'><strong>quo</strong></span> <span class='ocrx_word' id='word_1_178' title='bbox 3410 1254 3475 1307; x_wconf 84' lang='lat' dir='ltr'><strong>ad</strong></span> 
     </span>
    </p>
   </div>
   <div class='ocr_carea' id='block_1_28' title="bbox 1906 1345 3476 1416">
    <p class='ocr_par' dir='ltr' id='par_1_28' title="bbox 1906 1345 3476 1416">
     <span class='ocr_line' id='line_1_28' title="bbox 1906 1345 3476 1416; baseline -0.007 -10"><span class='ocrx_word' id='word_1_179' title='bbox 1906 1350 2332 1406; x_wconf 82' lang='lat' dir='ltr'><strong>conculcandam</strong></span> <span class='ocrx_word' id='word_1_180' title='bbox 2359 1349 2852 1416; x_wconf 77' lang='lat' dir='ltr'><strong>destruendamque</strong></span> <span class='ocrx_word' id='word_1_181' title='bbox 2875 1347 3237 1400; x_wconf 74' lang='lat' dir='ltr'><strong>mconomiam</strong></span> <span class='ocrx_word' id='word_1_182' title='bbox 3271 1345 3476 1398; x_wconf 85' lang='lat' dir='ltr'><strong>incum-</strong></span> 
     </span>
    </p>
   </div>
   <div class='ocr_carea' id='block_1_29' title="bbox 1906 1436 3474 1506">
    <p class='ocr_par' dir='ltr' id='par_1_29' title="bbox 1906 1436 3474 1506">
     <span class='ocr_line' id='line_1_29' title="bbox 1906 1436 3474 1506; baseline -0.008 -9"><span class='ocrx_word' id='word_1_183' title='bbox 1906 1442 1990 1497; x_wconf 87' lang='lat' dir='ltr'><strong>bis</strong></span> <span class='ocrx_word' id='word_1_184' title='bbox 2013 1481 2028 1506; x_wconf 95' lang='lat'><strong>,</strong></span> <span class='ocrx_word' id='word_1_185' title='bbox 2057 1436 2207 1496; x_wconf 84' lang='lat' dir='ltr'><strong>hisce</strong></span> <span class='ocrx_word' id='word_1_186' title='bbox 2253 1439 2681 1494; x_wconf 78' lang='lat' dir='ltr'><strong>ahsurditotibns</strong></span> <span class='ocrx_word' id='word_1_187' title='bbox 2711 1437 2991 1493; x_wconf 87' lang='lat' dir='ltr'><strong>oblectari.</strong></span> <span class='ocrx_word' id='word_1_188' title='bbox 3025 1436 3129 1491; x_wconf 84' lang='lat' dir='ltr'><strong>Sed</strong></span> <span class='ocrx_word' id='word_1_189' title='bbox 3177 1450 3300 1490; x_wconf 89' lang='lat' dir='ltr'><strong>cum</strong></span> <span class='ocrx_word' id='word_1_190' title='bbox 3349 1449 3474 1486; x_wconf 85' lang='lat' dir='ltr'><strong>ver-</strong></span> 
     </span>
    </p>
   </div>
   <div class='ocr_carea' id='block_1_30' title="bbox 1905 1525 3476 1600">
    <p class='ocr_par' dir='ltr' id='par_1_30' title="bbox 1905 1525 3476 1600">
     <span class='ocr_line' id='line_1_30' title="bbox 1905 1525 3476 1600; baseline -0.008 -12"><span class='ocrx_word' id='word_1_191' title='bbox 1905 1549 2021 1588; x_wconf 84' lang='lat' dir='ltr'><strong>sam</strong></span> <span class='ocrx_word' id='word_1_192' title='bbox 2057 1534 2228 1587; x_wconf 82' lang='lat' dir='ltr'><strong>vicem</strong></span> <span class='ocrx_word' id='word_1_193' title='bbox 2254 1533 2307 1586; x_wconf 92' lang='lat' dir='ltr'><strong>in</strong></span> <span class='ocrx_word' id='word_1_194' title='bbox 2341 1531 2426 1586; x_wconf 87' lang='lat' dir='ltr'><strong>his</strong></span> <span class='ocrx_word' id='word_1_195' title='bbox 2450 1530 2900 1600; x_wconf 77' lang='lat' dir='ltr'><strong>Spectaverimns,</strong></span> <span class='ocrx_word' id='word_1_196' title='bbox 2932 1543 3122 1597; x_wconf 83' lang='lat' dir='ltr'><strong>nempe</strong></span> <span class='ocrx_word' id='word_1_197' title='bbox 3142 1542 3264 1580; x_wconf 88' lang='lat' dir='ltr'><strong>cum</strong></span> <span class='ocrx_word' id='word_1_198' title='bbox 3295 1525 3476 1595; x_wconf 82' lang='lat' dir='ltr'><strong>appel-</strong></span> 
     </span>
    </p>
   </div>
   <div class='ocr_carea' id='block_1_31' title="bbox 1906 1617 3476 1692">
    <p class='ocr_par' dir='ltr' id='par_1_31' title="bbox 1906 1617 3476 1692">
     <span class='ocr_line' id='line_1_31' title="bbox 1906 1617 3476 1692; baseline -0.004 -16"><span class='ocrx_word' id='word_1_199' title='bbox 1906 1623 2036 1678; x_wconf 85' lang='lat' dir='ltr'><strong>latio</strong></span> <span class='ocrx_word' id='word_1_200' title='bbox 2079 1624 2291 1692; x_wconf 81' lang='lat' dir='ltr'><strong>quidem</strong></span> <span class='ocrx_word' id='word_1_201' title='bbox 2337 1621 2554 1691; x_wconf 79' lang='lat' dir='ltr'><strong>prOpria</strong></span> <span class='ocrx_word' id='word_1_202' title='bbox 2607 1629 2692 1674; x_wconf 89' lang='lat' dir='ltr'><strong>est</strong></span> <span class='ocrx_word' id='word_1_203' title='bbox 2729 1630 2784 1673; x_wconf 90' lang='lat' dir='ltr'><strong>et</strong></span> <span class='ocrx_word' id='word_1_204' title='bbox 2819 1617 3109 1688; x_wconf 81' lang='lat' dir='ltr'><strong>peculiaris</strong></span> <span class='ocrx_word' id='word_1_205' title='bbox 3159 1617 3476 1670; x_wconf 75' lang='lat' dir='ltr'><strong>substantia:</strong></span> 
     </span>
    </p>
   </div>
   <div class='ocr_carea' id='block_1_32' title="bbox 1908 1709 3476 1780">
    <p class='ocr_par' dir='ltr' id='par_1_32' title="bbox 1908 1709 3476 1780">
     <span class='ocr_line' id='line_1_32' title="bbox 1908 1709 3476 1780; baseline -0.004 -13"><span class='ocrx_word' id='word_1_206' title='bbox 1908 1723 2141 1778; x_wconf 68' lang='lat' dir='ltr'><strong>nostrze;</strong></span> <span class='ocrx_word' id='word_1_207' title='bbox 2188 1723 2424 1766; x_wconf 82' lang='lat' dir='ltr'><strong>attamen</strong></span> <span class='ocrx_word' id='word_1_208' title='bbox 2475 1726 2598 1780; x_wconf 64' lang='lat' dir='ltr'><strong>quae</strong></span> <span class='ocrx_word' id='word_1_209' title='bbox 2627 1711 2694 1765; x_wconf 85' lang='lat' dir='ltr'><strong>de</strong></span> <span class='ocrx_word' id='word_1_210' title='bbox 2721 1725 2783 1764; x_wconf 87' lang='lat' dir='ltr'><strong>ea</strong></span> <span class='ocrx_word' id='word_1_211' title='bbox 2833 1709 3218 1780; x_wconf 66' lang='lat' dir='ltr'><strong>praedicantur,</strong></span> <span class='ocrx_word' id='word_1_212' title='bbox 3269 1717 3476 1762; x_wconf 80' lang='lat' dir='ltr'><strong>naturae</strong></span> 
     </span>
    </p>
   </div>
   <div class='ocr_carea' id='block_1_33' title="bbox 1906 1797 3478 1872">
    <p class='ocr_par' dir='ltr' id='par_1_33' title="bbox 1906 1797 3478 1872">
     <span class='ocr_line' id='line_1_33' title="bbox 1906 1797 3478 1872; baseline -0.004 -15"><span class='ocrx_word' id='word_1_213' title='bbox 1906 1818 2066 1872; x_wconf 81' lang='lat' dir='ltr'><strong>supra</strong></span> <span class='ocrx_word' id='word_1_214' title='bbox 2116 1813 2358 1856; x_wconf 85' lang='lat' dir='ltr'><strong>nostram</strong></span> <span class='ocrx_word' id='word_1_215' title='bbox 2405 1812 2532 1856; x_wconf 89' lang='lat' dir='ltr'><strong>sunt</strong></span> <span class='ocrx_word' id='word_1_216' title='bbox 2575 1799 2998 1864; x_wconf 84' lang='lat' dir='ltr'><strong>convenientia,</strong></span> <span class='ocrx_word' id='word_1_217' title='bbox 3045 1799 3176 1866; x_wconf 88' lang='lat' dir='ltr'><strong>quid</strong></span> <span class='ocrx_word' id='word_1_218' title='bbox 3228 1797 3478 1866; x_wconf 82' lang='lat' dir='ltr'><strong>putabis?</strong></span> 
     </span>
    </p>
   </div>
   <div class='ocr_carea' id='block_1_34' title="bbox 221 1887 1803 1970">
    <p class='ocr_par' dir='ltr' id='par_1_34' title="bbox 221 1896 1800 1970">
     <span class='ocr_line' id='line_1_34' title="bbox 221 1896 1800 1970; baseline 0.001 -20"><span class='ocrx_word' id='word_1_219' title='bbox 221 1897 304 1950; x_wconf 77' lang='grc' dir='ltr'>οὑ</span> <span class='ocrx_word' id='word_1_220' title='bbox 345 1898 457 1968; x_wconf 70' lang='grc' dir='ltr'><strong>γὰρ</strong></span> <span class='ocrx_word' id='word_1_221' title='bbox 488 1896 554 1965; x_wconf 76' lang='grc' dir='ltr'>δὴ</span> <span class='ocrx_word' id='word_1_222' title='bbox 612 1897 806 1968; x_wconf 79' lang='grc' dir='ltr'>ὥσπερ</span> <span class='ocrx_word' id='word_1_223' title='bbox 859 1899 922 1951; x_wconf 80' lang='grc' dir='ltr'>τὸ</span> <span class='ocrx_word' id='word_1_224' title='bbox 971 1898 1208 1969; x_wconf 87' lang='grc' dir='ltr'>Χριστός</span> <span class='ocrx_word' id='word_1_225' title='bbox 1249 1898 1422 1970; x_wconf 75' lang='grc' dir='ltr'>ὄνομα</span> <span class='ocrx_word' id='word_1_226' title='bbox 1473 1901 1652 1953; x_wconf 83' lang='grc' dir='ltr'>κοινὸν</span> <span class='ocrx_word' id='word_1_227' title='bbox 1706 1901 1800 1954; x_wconf 75' lang='grc' dir='ltr'>καὶ</span> 
     </span>
    </p>
   </div>
   <div class='ocr_carea' id='block_1_35' title="bbox 1907 1887 3473 1970">
    <p class='ocr_par' dir='ltr' id='par_1_35' title="bbox 1907 1889 3473 1948">
     <span class='ocr_line' id='line_1_35' title="bbox 1907 1889 3473 1948; baseline -0.004 -1"><span class='ocrx_word' id='word_1_228' title='bbox 1907 1893 2016 1948; x_wconf 83' lang='grc' dir='ltr'>Νοιι</span> <span class='ocrx_word' id='word_1_229' title='bbox 2065 1895 2210 1947; x_wconf 87' lang='lat' dir='ltr'><strong>enim</strong></span> <span class='ocrx_word' id='word_1_230' title='bbox 2249 1891 2406 1946; x_wconf 78' lang='lat' dir='ltr'><strong>sicuti</strong></span> <span class='ocrx_word' id='word_1_231' title='bbox 2443 1891 2692 1946; x_wconf 84' lang='lat' dir='ltr'><strong>Christus</strong></span> <span class='ocrx_word' id='word_1_232' title='bbox 2739 1905 3030 1946; x_wconf 87' lang='lat' dir='ltr'><strong>commune</strong></span> <span class='ocrx_word' id='word_1_233' title='bbox 3099 1903 3292 1943; x_wconf 86' lang='lat' dir='ltr'><strong>nomen</strong></span> <span class='ocrx_word' id='word_1_234' title='bbox 3340 1889 3473 1941; x_wconf 87' lang='lat' dir='ltr'><strong>dua-</strong></span> 
     </span>
    </p>
   </div>
   <div class='ocr_carea' id='block_1_36' title="bbox 221 1984 1798 2054">
    <p class='ocr_par' dir='ltr' id='par_1_36' title="bbox 221 1984 1798 2054">
     <span class='ocr_line' id='line_1_36' title="bbox 221 1984 1798 2054; baseline 0.004 -17"><span class='ocrx_word' id='word_1_235' title='bbox 221 1984 528 2054; x_wconf 68' lang='grc' dir='ltr'>δηλωτικόν</span> <span class='ocrx_word' id='word_1_236' title='bbox 553 1985 661 2039; x_wconf 84' lang='grc' dir='ltr'><strong>τῶν</strong></span> <span class='ocrx_word' id='word_1_237' title='bbox 681 1985 778 2040; x_wconf 89' lang='grc' dir='ltr'><strong>δύο</strong></span> <span class='ocrx_word' id='word_1_238' title='bbox 803 1985 1020 2054; x_wconf 85' lang='grc' dir='ltr'>φύσεών</span> <span class='ocrx_word' id='word_1_239' title='bbox 1045 1989 1214 2052; x_wconf 71' lang='grc' dir='ltr'>ἐστιν,</span> <span class='ocrx_word' id='word_1_240' title='bbox 1239 1987 1382 2042; x_wconf 78' lang='grc' dir='ltr'>οὑτω</span> <span class='ocrx_word' id='word_1_241' title='bbox 1404 1988 1500 2042; x_wconf 77' lang='grc' dir='ltr'>καὶ</span> <span class='ocrx_word' id='word_1_242' title='bbox 1527 1987 1761 2044; x_wconf 75' lang='grc' dir='ltr'>ἐνταῦθα</span> <span class='ocrx_word' id='word_1_243' title='bbox 1781 2005 1798 2022; x_wconf 78' lang='grc'><strong>⁸</strong></span> 
     </span>
    </p>
   </div>
   <div class='ocr_carea' id='block_1_37' title="bbox 221 2073 1802 2148">
    <p class='ocr_par' dir='ltr' id='par_1_37' title="bbox 221 2073 1802 2148">
     <span class='ocr_line' id='line_1_37' title="bbox 221 2073 1802 2148; baseline 0.001 -19"><span class='ocrx_word' id='word_1_244' title='bbox 221 2074 366 2129; x_wconf 78' lang='grc' dir='ltr'><strong>ἀλλά</strong></span> <span class='ocrx_word' id='word_1_245' title='bbox 393 2073 480 2128; x_wconf 79' lang='grc' dir='ltr'><strong>διά</strong></span> <span class='ocrx_word' id='word_1_246' title='bbox 505 2075 607 2142; x_wconf 84' lang='grc' dir='ltr'>τῆς</span> <span class='ocrx_word' id='word_1_247' title='bbox 634 2075 944 2147; x_wconf 74' lang='grc' dir='ltr'>ίόιαζούσης</span> <span class='ocrx_word' id='word_1_248' title='bbox 970 2077 1064 2130; x_wconf 65' lang='grc' dir='ltr'>καὶ</span> <span class='ocrx_word' id='word_1_249' title='bbox 1091 2076 1330 2146; x_wconf 80' lang='grc' dir='ltr'>φυσικῆς</span> <span class='ocrx_word' id='word_1_250' title='bbox 1357 2079 1676 2148; x_wconf 85' lang='grc' dir='ltr'>ὀνομασίας,</span> <span class='ocrx_word' id='word_1_251' title='bbox 1707 2079 1802 2132; x_wconf 78' lang='grc' dir='ltr'>καὶ</span> 
     </span>
    </p>
   </div>
   <div class='ocr_carea' id='block_1_38' title="bbox 221 2167 1806 2240">
    <p class='ocr_par' dir='ltr' id='par_1_38' title="bbox 221 2167 1806 2240">
     <span class='ocr_line' id='line_1_38' title="bbox 221 2167 1806 2240; baseline 0.003 -20"><span class='ocrx_word' id='word_1_252' title='bbox 221 2167 298 2220; x_wconf 74' lang='grc' dir='ltr'><strong>τὰ</strong></span> <span class='ocrx_word' id='word_1_253' title='bbox 326 2169 429 2236; x_wconf 82' lang='grc' dir='ltr'>τῆς</span> <span class='ocrx_word' id='word_1_254' title='bbox 463 2167 888 2238; x_wconf 78' lang='grc' dir='ltr'>συνυφεστὼσης</span> <span class='ocrx_word' id='word_1_255' title='bbox 943 2169 1357 2240; x_wconf 74' lang='grc' dir='ltr'>συνεισφέρεται</span> <span class='ocrx_word' id='word_1_256' title='bbox 1383 2169 1571 2234; x_wconf 83' lang='grc' dir='ltr'>οὐσίας</span> <span class='ocrx_word' id='word_1_257' title='bbox 1617 2170 1806 2226; x_wconf 84' lang='grc' dir='ltr'>πλεον-</span> 
     </span>
    </p>
   </div>
   <div class='ocr_carea' id='block_1_39' title="bbox 227 2259 1803 2335">
    <p class='ocr_par' dir='ltr' id='par_1_39' title="bbox 227 2259 1803 2335">
     <span class='ocr_line' id='line_1_39' title="bbox 227 2259 1803 2335; baseline 0.005 -25"><span class='ocrx_word' id='word_1_258' title='bbox 227 2259 565 2330; x_wconf 77' lang='grc' dir='ltr'>εκτήματα,</span> <span class='ocrx_word' id='word_1_259' title='bbox 617 2260 707 2314; x_wconf 78' lang='grc' dir='ltr'><strong>διὰ</strong></span> <span class='ocrx_word' id='word_1_260' title='bbox 752 2261 853 2332; x_wconf 78' lang='grc' dir='ltr'>τὴν</span> <span class='ocrx_word' id='word_1_261' title='bbox 897 2263 1028 2332; x_wconf 75' lang='grc' dir='ltr'>περὶ</span> <span class='ocrx_word' id='word_1_262' title='bbox 1061 2263 1260 2317; x_wconf 78' lang='grc' dir='ltr'>ταύτὸν</span> <span class='ocrx_word' id='word_1_263' title='bbox 1295 2263 1642 2335; x_wconf 74' lang='grc' dir='ltr'>ἐπαλλαγὴν,</span> <span class='ocrx_word' id='word_1_264' title='bbox 1695 2263 1803 2318; x_wconf 86' lang='grc' dir='ltr'><strong>τῶν</strong></span> 
     </span>
    </p>
   </div>
   <div class='ocr_carea' id='block_1_40' title="bbox 225 2350 1802 2426">
    <p class='ocr_par' dir='ltr' id='par_1_40' title="bbox 225 2350 1802 2426">
     <span class='ocr_line' id='line_1_40' title="bbox 225 2350 1802 2426; baseline 0.001 -20"><span class='ocrx_word' id='word_1_265' title='bbox 225 2350 544 2421; x_wconf 68' lang='grc' dir='ltr'>ἰδιωμάτων</span> <span class='ocrx_word' id='word_1_266' title='bbox 570 2353 918 2424; x_wconf 80' lang='grc' dir='ltr'>κιρναμένων</span> <span class='ocrx_word' id='word_1_267' title='bbox 948 2354 1220 2425; x_wconf 77' lang='grc' dir='ltr'>ἀλλήλοις,</span> <span class='ocrx_word' id='word_1_268' title='bbox 1257 2353 1449 2426; x_wconf 83' lang='grc' dir='ltr'>ὥσπερ</span> <span class='ocrx_word' id='word_1_269' title='bbox 1477 2353 1542 2425; x_wconf 82' lang='grc' dir='ltr'>δὴ</span> <span class='ocrx_word' id='word_1_270' title='bbox 1570 2355 1664 2408; x_wconf 74' lang='grc' dir='ltr'>καὶ</span> <span class='ocrx_word' id='word_1_271' title='bbox 1693 2354 1802 2408; x_wconf 83' lang='grc' dir='ltr'><strong>τῶν</strong></span> 
     </span>
    </p>
   </div>
   <div class='ocr_carea' id='block_1_41' title="bbox 219 2440 1800 2515">
    <p class='ocr_par' dir='ltr' id='par_1_41' title="bbox 219 2440 1800 2515">
     <span class='ocr_line' id='line_1_41' title="bbox 219 2440 1800 2515; baseline 0.002 -23"><span class='ocrx_word' id='word_1_272' title='bbox 219 2440 479 2508; x_wconf 78' lang='grc' dir='ltr'>φύσεων,</span> <span class='ocrx_word' id='word_1_273' title='bbox 522 2442 665 2494; x_wconf 75' lang='grc' dir='ltr'>κατὰ</span> <span class='ocrx_word' id='word_1_274' title='bbox 689 2441 750 2494; x_wconf 85' lang='grc' dir='ltr'>τὸ</span> <span class='ocrx_word' id='word_1_275' title='bbox 786 2443 1244 2514; x_wconf 71' lang='grc' dir='ltr'>ἐκκλησιαστικὸν</span> <span class='ocrx_word' id='word_1_276' title='bbox 1283 2443 1562 2514; x_wconf 86' lang='grc' dir='ltr'>φρόνημα.</span> <span class='ocrx_word' id='word_1_277' title='bbox 1593 2445 1658 2496; x_wconf 84' lang='grc' dir='ltr'>Τί</span> <span class='ocrx_word' id='word_1_278' title='bbox 1689 2444 1800 2515; x_wconf 82' lang='grc' dir='ltr'><strong>γὰρ</strong></span> 
     </span>
    </p>
   </div>
   <div class='ocr_carea' id='block_1_42' title="bbox 219 2533 1798 2604">
    <p class='ocr_par' dir='ltr' id='par_1_42' title="bbox 219 2533 1798 2604">
     <span class='ocr_line' id='line_1_42' title="bbox 219 2533 1798 2604; baseline 0.001 -18"><span class='ocrx_word' id='word_1_279' title='bbox 219 2534 424 2604; x_wconf 66' lang='grc' dir='ltr'>φήσεις</span> <span class='ocrx_word' id='word_1_280' title='bbox 449 2533 589 2604; x_wconf 69' lang='grc' dir='ltr'>πρὸς</span> <span class='ocrx_word' id='word_1_281' title='bbox 621 2533 710 2586; x_wconf 79' lang='grc' dir='ltr'>τόο</span> <span class='ocrx_word' id='word_1_282' title='bbox 768 2533 905 2587; x_wconf 82' lang='grc' dir='ltr'><strong>Ἐὰν</strong></span> <span class='ocrx_word' id='word_1_283' title='bbox 931 2534 1098 2603; x_wconf 59' lang='lat' dir='ltr'><strong>[ante</strong></span> <span class='ocrx_word' id='word_1_284' title='bbox 1122 2537 1228 2591; x_wconf 83' lang='grc' dir='ltr'>τὸν</span> <span class='ocrx_word' id='word_1_285' title='bbox 1269 2539 1410 2593; x_wconf 67' lang='lat' dir='ltr'><strong>rm</strong></span> <span class='ocrx_word' id='word_1_286' title='bbox 1437 2537 1542 2591; x_wconf 83' lang='grc' dir='ltr'>τοῦ</span> <span class='ocrx_word' id='word_1_287' title='bbox 1575 2535 1798 2604; x_wconf 76' lang='grc' dir='ltr'>ἀνθρώ-</span> 
     </span>
    </p>
   </div>
   <div class='ocr_carea' id='block_1_43' title="bbox 220 2623 1793 2697">
    <p class='ocr_par' dir='ltr' id='par_1_43' title="bbox 220 2623 1793 2697">
     <span class='ocr_line' id='line_1_43' title="bbox 220 2623 1793 2697; baseline 0.001 -21"><span class='ocrx_word' id='word_1_288' title='bbox 220 2639 344 2678; x_wconf 69' lang='grc' dir='ltr'><strong>που</strong></span> <span class='ocrx_word' id='word_1_289' title='bbox 385 2625 796 2678; x_wconf 75' lang='grc' dir='ltr'>ἀναϐαίνοι-τα</span> <span class='ocrx_word' id='word_1_290' title='bbox 849 2625 1002 2680; x_wconf 75' lang='grc' dir='ltr'>ὅπου</span> <span class='ocrx_word' id='word_1_291' title='bbox 1036 2623 1117 2697; x_wconf 82' lang='grc' dir='ltr'>ἦν</span> <span class='ocrx_word' id='word_1_292' title='bbox 1164 2629 1233 2682; x_wconf 84' lang='grc' dir='ltr'>τὸ</span> <span class='ocrx_word' id='word_1_293' title='bbox 1276 2629 1608 2696; x_wconf 78' lang='grc' dir='ltr'>πρότερον·</span> <span class='ocrx_word' id='word_1_294' title='bbox 1661 2625 1793 2679; x_wconf 87' lang='grc' dir='ltr'>καί·</span> 
     </span>
    </p>
   </div>
   <div class='ocr_carea' id='block_1_44' title="bbox 221 2711 1800 2785">
    <p class='ocr_par' dir='ltr' id='par_1_44' title="bbox 221 2711 1800 2785">
     <span class='ocr_line' id='line_1_44' title="bbox 221 2711 1800 2785; baseline 0.001 -19"><span class='ocrx_word' id='word_1_295' title='bbox 221 2711 441 2776; x_wconf 71' lang='grc' dir='ltr'>οὐδεὶς</span> <span class='ocrx_word' id='word_1_296' title='bbox 484 2713 856 2781; x_wconf 81' lang='grc' dir='ltr'>ἀναϐέϐηκεν</span> <span class='ocrx_word' id='word_1_297' title='bbox 879 2717 968 2780; x_wconf 81' lang='grc' dir='ltr'>εις</span> <span class='ocrx_word' id='word_1_298' title='bbox 1005 2714 1115 2768; x_wconf 84' lang='grc' dir='ltr'>τὸν</span> <span class='ocrx_word' id='word_1_299' title='bbox 1147 2716 1428 2784; x_wconf 83' lang='grc' dir='ltr'>οὐρανὸν,</span> <span class='ocrx_word' id='word_1_300' title='bbox 1459 2717 1512 2770; x_wconf 84' lang='grc' dir='ltr'>ει</span> <span class='ocrx_word' id='word_1_301' title='bbox 1544 2713 1630 2785; x_wconf 81' lang='grc' dir='ltr'>μὴ</span> <span class='ocrx_word' id='word_1_302' title='bbox 1661 2717 1694 2769; x_wconf 83' lang='grc' dir='ltr'><strong>ό</strong></span> <span class='ocrx_word' id='word_1_303' title='bbox 1730 2714 1800 2768; x_wconf 84' lang='grc' dir='ltr'>ἐκ</span> 
     </span>
    </p>
   </div>
   <div class='ocr_carea' id='block_1_45' title="bbox 219 2803 1796 2876">
    <p class='ocr_par' dir='ltr' id='par_1_45' title="bbox 219 2803 1796 2876">
     <span class='ocr_line' id='line_1_45' title="bbox 219 2803 1796 2876; baseline 0.001 -18"><span class='ocrx_word' id='word_1_304' title='bbox 219 2803 327 2858; x_wconf 74' lang='grc' dir='ltr'>τοῦ</span> <span class='ocrx_word' id='word_1_305' title='bbox 351 2805 620 2872; x_wconf 80' lang='grc' dir='ltr'>οὐρανοῦ</span> <span class='ocrx_word' id='word_1_306' title='bbox 637 2808 918 2871; x_wconf 78' lang='grc' dir='ltr'>καταϐὰς,</span> <span class='ocrx_word' id='word_1_307' title='bbox 939 2810 974 2861; x_wconf 83' lang='grc' dir='ltr'><strong>ό</strong></span> <span class='ocrx_word' id='word_1_308' title='bbox 1011 2807 1138 2874; x_wconf 78' lang='grc' dir='ltr'><strong>Υἱὸς</strong></span> <span class='ocrx_word' id='word_1_309' title='bbox 1165 2807 1270 2862; x_wconf 84' lang='grc' dir='ltr'>τοῦ</span> <span class='ocrx_word' id='word_1_310' title='bbox 1290 2808 1604 2876; x_wconf 74' lang='grc' dir='ltr'>ἀνθρώπου</span> <span class='ocrx_word' id='word_1_311' title='bbox 1625 2820 1640 2836; x_wconf 85' lang='grc'><strong><em>⁸</em></strong></span> <span class='ocrx_word' id='word_1_312' title='bbox 1668 2807 1762 2861; x_wconf 87' lang='grc' dir='ltr'><strong>καί</strong></span> <span class='ocrx_word' id='word_1_313' title='bbox 1781 2821 1796 2838; x_wconf 75' lang='grc' dir='ltr'><strong><em>ο</em></strong></span> 
     </span>
    </p>
   </div>
   <div class='ocr_carea' id='block_1_46' title="bbox 215 2893 1799 2968">
    <p class='ocr_par' dir='ltr' id='par_1_46' title="bbox 215 2893 1799 2968">
     <span class='ocr_line' id='line_1_46' title="bbox 215 2893 1799 2968; baseline 0.003 -21"><span class='ocrx_word' id='word_1_314' title='bbox 215 2896 358 2948; x_wconf 77' lang='grc' dir='ltr'>εισι</span> <span class='ocrx_word' id='word_1_315' title='bbox 421 2913 591 2963; x_wconf 74' lang='grc' dir='ltr'>τινος</span> <span class='ocrx_word' id='word_1_316' title='bbox 629 2897 748 2952; x_wconf 81' lang='grc' dir='ltr'><strong>τῶν</strong></span> <span class='ocrx_word' id='word_1_317' title='bbox 788 2893 906 2958; x_wconf 81' lang='grc' dir='ltr'>ὧδε</span> <span class='ocrx_word' id='word_1_318' title='bbox 951 2899 1300 2966; x_wconf 84' lang='grc' dir='ltr'>ἑστηκότων</span> <span class='ocrx_word' id='word_1_319' title='bbox 1337 2901 1559 2964; x_wconf 79' lang='grc' dir='ltr'>οἵτινες</span> <span class='ocrx_word' id='word_1_320' title='bbox 1596 2899 1668 2953; x_wconf 85' lang='grc' dir='ltr'>οὐ</span> <span class='ocrx_word' id='word_1_321' title='bbox 1713 2897 1799 2968; x_wconf 81' lang='grc' dir='ltr'>μὴ</span> 
     </span>
    </p>
   </div>
   <div class='ocr_carea' id='block_1_47' title="bbox 217 2985 1801 3056">
    <p class='ocr_par' dir='ltr' id='par_1_47' title="bbox 217 2985 1801 3056">
     <span class='ocr_line' id='line_1_47' title="bbox 217 2985 1801 3056; baseline 0.003 -19"><span class='ocrx_word' id='word_1_322' title='bbox 217 2987 558 3054; x_wconf 71' lang='grc' dir='ltr'>γεύσωνται</span> <span class='ocrx_word' id='word_1_323' title='bbox 589 2985 848 3043; x_wconf 84' lang='grc' dir='ltr'>θανάτου</span> <span class='ocrx_word' id='word_1_324' title='bbox 868 3029 882 3052; x_wconf 90' lang='grc'><strong>,</strong></span> <span class='ocrx_word' id='word_1_325' title='bbox 917 2989 1028 3056; x_wconf 79' lang='grc' dir='ltr'>ἕως</span> <span class='ocrx_word' id='word_1_326' title='bbox 1054 2987 1134 3044; x_wconf 79' lang='grc' dir='ltr'>ἂν</span> <span class='ocrx_word' id='word_1_327' title='bbox 1164 2989 1337 3042; x_wconf 79' lang='grc' dir='ltr'>ἴδωσι</span> <span class='ocrx_word' id='word_1_328' title='bbox 1375 2989 1482 3043; x_wconf 77' lang='grc' dir='ltr'>τὸν</span> <span class='ocrx_word' id='word_1_329' title='bbox 1525 2987 1664 3048; x_wconf 67' lang='lat' dir='ltr'><strong>ridi:</strong></span> <span class='ocrx_word' id='word_1_330' title='bbox 1693 2987 1801 3041; x_wconf 77' lang='grc' dir='ltr'>τοῦ</span> 
     </span>
    </p>
   </div>
   <div class='ocr_carea' id='block_1_48' title="bbox 217 3075 1796 3146">
    <p class='ocr_par' dir='ltr' id='par_1_48' title="bbox 217 3075 1796 3146">
     <span class='ocr_line' id='line_1_48' title="bbox 217 3075 1796 3146; baseline 0 -16"><span class='ocrx_word' id='word_1_331' title='bbox 217 3075 545 3144; x_wconf 75' lang='grc' dir='ltr'>ἀνθρώπου</span> <span class='ocrx_word' id='word_1_332' title='bbox 571 3077 900 3146; x_wconf 77' lang='grc' dir='ltr'>ἐρχόμενον</span> <span class='ocrx_word' id='word_1_333' title='bbox 920 3077 992 3131; x_wconf 81' lang='grc' dir='ltr'>ἐν</span> <span class='ocrx_word' id='word_1_334' title='bbox 1011 3077 1085 3145; x_wconf 76' lang='grc' dir='ltr'>τῇ</span> <span class='ocrx_word' id='word_1_335' title='bbox 1101 3079 1393 3146; x_wconf 76' lang='grc' dir='ltr'>βασιλείᾳ</span> <span class='ocrx_word' id='word_1_336' title='bbox 1413 3077 1601 3132; x_wconf 81' lang='grc' dir='ltr'>αὑτοῦ</span> <span class='ocrx_word' id='word_1_337' title='bbox 1623 3093 1638 3108; x_wconf 74' lang='grc' dir='ltr'><strong><em>ο</em></strong></span> <span class='ocrx_word' id='word_1_338' title='bbox 1667 3077 1760 3130; x_wconf 84' lang='grc' dir='ltr'><strong>καί</strong></span> <span class='ocrx_word' id='word_1_339' title='bbox 1781 3093 1796 3108; x_wconf 79' lang='grc'><em>’</em></span> 
     </span>
    </p>
   </div>
   <div class='ocr_carea' id='block_1_49' title="bbox 219 3167 1800 3238">
    <p class='ocr_par' dir='ltr' id='par_1_49' title="bbox 219 3167 1800 3238">
     <span class='ocr_line' id='line_1_49' title="bbox 219 3167 1800 3238; baseline 0.001 -16"><span class='ocrx_word' id='word_1_340' title='bbox 219 3168 446 3222; x_wconf 71' lang='grc' dir='ltr'>Μέλλει</span> <span class='ocrx_word' id='word_1_341' title='bbox 466 3171 500 3222; x_wconf 86' lang='grc' dir='ltr'><strong>ὀ</strong></span> <span class='ocrx_word' id='word_1_342' title='bbox 522 3170 657 3234; x_wconf 82' lang='grc' dir='ltr'><em>Υἱὸς</em></span> <span class='ocrx_word' id='word_1_343' title='bbox 674 3168 780 3223; x_wconf 85' lang='grc' dir='ltr'>τοῦ</span> <span class='ocrx_word' id='word_1_344' title='bbox 799 3167 1118 3236; x_wconf 80' lang='grc' dir='ltr'>ἀνθρώπου</span> <span class='ocrx_word' id='word_1_345' title='bbox 1141 3169 1428 3238; x_wconf 80' lang='grc' dir='ltr'>ἔρχεσθαι</span> <span class='ocrx_word' id='word_1_346' title='bbox 1449 3169 1521 3222; x_wconf 80' lang='grc' dir='ltr'>ἐν</span> <span class='ocrx_word' id='word_1_347' title='bbox 1547 3167 1624 3238; x_wconf 75' lang='grc' dir='ltr'>τῇ</span> <span class='ocrx_word' id='word_1_348' title='bbox 1648 3168 1800 3238; x_wconf 81' lang='grc' dir='ltr'>δόξῃ</span> 
     </span>
    </p>
   </div>
   <div class='ocr_carea' id='block_1_50' title="bbox 219 3253 1796 3328">
    <p class='ocr_par' dir='ltr' id='par_1_50' title="bbox 219 3253 1796 3328">
     <span class='ocr_line' id='line_1_50' title="bbox 219 3253 1796 3328; baseline 0.003 -20"><span class='ocrx_word' id='word_1_349' title='bbox 219 3253 328 3308; x_wconf 76' lang='grc' dir='ltr'>τοῦ</span> <span class='ocrx_word' id='word_1_350' title='bbox 352 3255 594 3324; x_wconf 69' lang='grc' dir='ltr'>Πατρός</span> <span class='ocrx_word' id='word_1_351' title='bbox 623 3256 810 3311; x_wconf 82' lang='grc' dir='ltr'>αὐτοῦ</span> <span class='ocrx_word' id='word_1_352' title='bbox 835 3256 982 3324; x_wconf 76' lang='grc' dir='ltr'>μετὰ</span> <span class='ocrx_word' id='word_1_353' title='bbox 1001 3257 1122 3311; x_wconf 83' lang='grc' dir='ltr'><strong>τῶν</strong></span> <span class='ocrx_word' id='word_1_354' title='bbox 1148 3257 1420 3327; x_wconf 76' lang='grc' dir='ltr'>ἀγγέλων</span> <span class='ocrx_word' id='word_1_355' title='bbox 1445 3257 1564 3312; x_wconf 80' lang='grc' dir='ltr'><strong>τῶν</strong></span> <span class='ocrx_word' id='word_1_356' title='bbox 1575 3259 1763 3328; x_wconf 79' lang='grc' dir='ltr'>ἁγίων</span> <span class='ocrx_word' id='word_1_357' title='bbox 1782 3301 1796 3314; x_wconf 94' lang='grc'>.</span> 
     </span>
    </p>
   </div>
   <div class='ocr_carea' id='block_1_51' title="bbox 1906 1980 3477 2054">
    <p class='ocr_par' dir='ltr' id='par_1_51' title="bbox 1906 1980 3477 2054">
     <span class='ocr_line' id='line_1_51' title="bbox 1906 1980 3477 2054; baseline -0.003 -15"><span class='ocrx_word' id='word_1_358' title='bbox 1906 2000 2134 2054; x_wconf 88' lang='lat' dir='ltr'><strong>rumque</strong></span> <span class='ocrx_word' id='word_1_359' title='bbox 2163 1993 2477 2039; x_wconf 85' lang='lat' dir='ltr'><strong>naturarum</strong></span> <span class='ocrx_word' id='word_1_360' title='bbox 2516 1985 2999 2038; x_wconf 85' lang='lat' dir='ltr'><strong>demonstrativum</strong></span> <span class='ocrx_word' id='word_1_361' title='bbox 3026 1992 3111 2037; x_wconf 88' lang='lat' dir='ltr'><strong>est</strong></span> <span class='ocrx_word' id='word_1_362' title='bbox 3135 2023 3150 2046; x_wconf 90' lang='lat'><strong>,</strong></span> <span class='ocrx_word' id='word_1_363' title='bbox 3200 1981 3274 2035; x_wconf 88' lang='lat' dir='ltr'><strong>ita</strong></span> <span class='ocrx_word' id='word_1_364' title='bbox 3305 1989 3359 2034; x_wconf 87' lang='lat' dir='ltr'><strong>et</strong></span> <span class='ocrx_word' id='word_1_365' title='bbox 3391 1980 3477 2034; x_wconf 90' lang='lat' dir='ltr'><strong>hic</strong></span> 
     </span>
    </p>
   </div>
   <div class='ocr_carea' id='block_1_52' title="bbox 1907 2071 3477 2143">
    <p class='ocr_par' dir='ltr' id='par_1_52' title="bbox 1907 2071 3477 2143">
     <span class='ocr_line' id='line_1_52' title="bbox 1907 2071 3477 2143; baseline -0.004 -13"><span class='ocrx_word' id='word_1_366' title='bbox 1907 2075 2193 2138; x_wconf 86' lang='lat' dir='ltr'><strong>usuvenit,</strong></span> <span class='ocrx_word' id='word_1_367' title='bbox 2229 2073 2320 2129; x_wconf 90' lang='lat' dir='ltr'><strong>sed</strong></span> <span class='ocrx_word' id='word_1_368' title='bbox 2351 2089 2471 2128; x_wconf 93' lang='lat' dir='ltr'><strong>cum</strong></span> <span class='ocrx_word' id='word_1_369' title='bbox 2505 2073 2766 2143; x_wconf 81' lang='lat' dir='ltr'><strong>peculiari</strong></span> <span class='ocrx_word' id='word_1_370' title='bbox 2799 2082 2854 2128; x_wconf 92' lang='lat' dir='ltr'><strong>et</strong></span> <span class='ocrx_word' id='word_1_371' title='bbox 2901 2073 3126 2143; x_wconf 84' lang='lat' dir='ltr'><strong>physica</strong></span> <span class='ocrx_word' id='word_1_372' title='bbox 3161 2071 3477 2125; x_wconf 89' lang='lat' dir='ltr'><strong>denomina-</strong></span> 
     </span>
    </p>
   </div>
   <div class='ocr_carea' id='block_1_53' title="bbox 1911 2162 3479 2236">
    <p class='ocr_par' dir='ltr' id='par_1_53' title="bbox 1911 2162 3479 2236">
     <span class='ocr_line' id='line_1_53' title="bbox 1911 2162 3479 2236; baseline -0.004 -14"><span class='ocrx_word' id='word_1_373' title='bbox 1911 2169 2054 2222; x_wconf 84' lang='lat' dir='ltr'><strong>tione</strong></span> <span class='ocrx_word' id='word_1_374' title='bbox 2100 2167 2360 2222; x_wconf 85' lang='lat' dir='ltr'><strong>sublimes</strong></span> <span class='ocrx_word' id='word_1_375' title='bbox 2387 2180 2602 2235; x_wconf 86' lang='lat' dir='ltr'><strong>quoque</strong></span> <span class='ocrx_word' id='word_1_376' title='bbox 2641 2166 3010 2236; x_wconf 71' lang='lat' dir='ltr'><strong>praerogativm</strong></span> <span class='ocrx_word' id='word_1_377' title='bbox 3037 2164 3259 2217; x_wconf 86' lang='lat' dir='ltr'><strong>alterius</strong></span> <span class='ocrx_word' id='word_1_378' title='bbox 3293 2162 3479 2215; x_wconf 76' lang='lat' dir='ltr'><strong>coexi-</strong></span> 
     </span>
    </p>
   </div>
   <div class='ocr_carea' id='block_1_54' title="bbox 1873 2251 3481 2323">
    <p class='ocr_par' dir='ltr' id='par_1_54' title="bbox 1873 2251 3481 2323">
     <span class='ocr_line' id='line_1_54' title="bbox 1873 2251 3481 2323; baseline -0.009 -11"><span class='ocrx_word' id='word_1_379' title='bbox 1873 2257 2103 2312; x_wconf 65' lang='grc' dir='ltr'><strong>⁸ειιειιιῑις</strong></span> <span class='ocrx_word' id='word_1_380' title='bbox 2131 2255 2448 2310; x_wconf 73' lang='lat' dir='ltr'><strong>substantiae</strong></span> <span class='ocrx_word' id='word_1_381' title='bbox 2489 2263 2909 2318; x_wconf 86' lang='lat' dir='ltr'><strong>connectuntur,</strong></span> <span class='ocrx_word' id='word_1_382' title='bbox 2957 2263 3180 2323; x_wconf 77' lang='lat' dir='ltr'><strong>propter</strong></span> <span class='ocrx_word' id='word_1_383' title='bbox 3207 2251 3481 2306; x_wconf 83' lang='lat' dir='ltr'><strong>vicissitu-</strong></span> 
     </span>
    </p>
   </div>
   <div class='ocr_carea' id='block_1_55' title="bbox 1909 2343 3474 2410">
    <p class='ocr_par' dir='ltr' id='par_1_55' title="bbox 1909 2343 3474 2410">
     <span class='ocr_line' id='line_1_55' title="bbox 1909 2343 3474 2410; baseline -0.004 -10"><span class='ocrx_word' id='word_1_384' title='bbox 1909 2347 2126 2410; x_wconf 89' lang='lat' dir='ltr'><strong>dinem,</strong></span> <span class='ocrx_word' id='word_1_385' title='bbox 2179 2348 2232 2400; x_wconf 91' lang='lat' dir='ltr'><strong>in</strong></span> <span class='ocrx_word' id='word_1_386' title='bbox 2281 2346 2470 2401; x_wconf 88' lang='lat' dir='ltr'><strong>eodem</strong></span> <span class='ocrx_word' id='word_1_387' title='bbox 2523 2345 2770 2410; x_wconf 80' lang='lat' dir='ltr'><strong>subjecto</strong></span> <span class='ocrx_word' id='word_1_388' title='bbox 2827 2343 3241 2399; x_wconf 84' lang='lat' dir='ltr'><strong>communicatis</strong></span> <span class='ocrx_word' id='word_1_389' title='bbox 3291 2351 3474 2393; x_wconf 90' lang='lat' dir='ltr'><strong>mutuo</strong></span> 
     </span>
    </p>
   </div>
   <div class='ocr_carea' id='block_1_56' title="bbox 1905 2432 3474 2507">
    <p class='ocr_par' dir='ltr' id='par_1_56' title="bbox 1905 2432 3474 2507">
     <span class='ocr_line' id='line_1_56' title="bbox 1905 2432 3474 2507; baseline -0.004 -17"><span class='ocrx_word' id='word_1_390' title='bbox 1905 2438 2250 2492; x_wconf 82' lang='lat' dir='ltr'><strong>idiomatilnts</strong></span> <span class='ocrx_word' id='word_1_391' title='bbox 2284 2451 2434 2507; x_wconf 59' lang='lat' dir='ltr'><strong>atque</strong></span> <span class='ocrx_word' id='word_1_392' title='bbox 2461 2452 2524 2490; x_wconf 89' lang='lat' dir='ltr'><strong>ac</strong></span> <span class='ocrx_word' id='word_1_393' title='bbox 2549 2439 2948 2505; x_wconf 85' lang='lat' dir='ltr'><strong>naturis,prnut</strong></span> <span class='ocrx_word' id='word_1_394' title='bbox 2969 2432 3330 2488; x_wconf 81' lang='lat' dir='ltr'><strong>ecclesiastica</strong></span> <span class='ocrx_word' id='word_1_395' title='bbox 3353 2445 3474 2486; x_wconf 86' lang='lat' dir='ltr'><strong>sen-</strong></span> 
     </span>
    </p>
   </div>
   <div class='ocr_carea' id='block_1_57' title="bbox 1905 2520 3474 2595">
    <p class='ocr_par' dir='ltr' id='par_1_57' title="bbox 1905 2520 3474 2595">
     <span class='ocr_line' id='line_1_57' title="bbox 1905 2520 3474 2595; baseline -0.004 -15"><span class='ocrx_word' id='word_1_396' title='bbox 1905 2529 2072 2580; x_wconf 84' lang='lat' dir='ltr'><strong>tentia</strong></span> <span class='ocrx_word' id='word_1_397' title='bbox 2104 2535 2206 2582; x_wconf 86' lang='lat' dir='ltr'><strong>est.</strong></span> <span class='ocrx_word' id='word_1_398' title='bbox 2231 2525 2364 2580; x_wconf 82' lang='lat' dir='ltr'><strong>Nam</strong></span> <span class='ocrx_word' id='word_1_399' title='bbox 2395 2526 2524 2595; x_wconf 88' lang='lat' dir='ltr'><strong>quid</strong></span> <span class='ocrx_word' id='word_1_400' title='bbox 2551 2527 2616 2580; x_wconf 88' lang='lat' dir='ltr'><strong>ad</strong></span> <span class='ocrx_word' id='word_1_401' title='bbox 2643 2527 2742 2580; x_wconf 88' lang='lat' dir='ltr'><strong>hos</strong></span> <span class='ocrx_word' id='word_1_402' title='bbox 2769 2526 2918 2580; x_wconf 89' lang='lat' dir='ltr'><strong>locos</strong></span> <span class='ocrx_word' id='word_1_403' title='bbox 2935 2525 3082 2577; x_wconf 90' lang='lat' dir='ltr'><strong>dices</strong></span> <span class='ocrx_word' id='word_1_404' title='bbox 3111 2522 3134 2576; x_wconf 74' lang='grc' dir='ltr'>’ί</span> <span class='ocrx_word' id='word_1_405' title='bbox 3165 2520 3226 2577; x_wconf 84' lang='lat' dir='ltr'><strong>Si</strong></span> <span class='ocrx_word' id='word_1_406' title='bbox 3241 2521 3474 2574; x_wconf 75' lang='lat' dir='ltr'><strong>videritis</strong></span> 
     </span>
    </p>
   </div>
   <div class='ocr_carea' id='block_1_58' title="bbox 1905 2608 3470 2680">
    <p class='ocr_par' dir='ltr' id='par_1_58' title="bbox 1905 2608 3470 2680">
     <span class='ocr_line' id='line_1_58' title="bbox 1905 2608 3470 2680; baseline -0.003 -10"><span class='ocrx_word' id='word_1_407' title='bbox 1905 2615 2108 2670; x_wconf 82' lang='lat' dir='ltr'><strong>Filium</strong></span> <span class='ocrx_word' id='word_1_408' title='bbox 2155 2616 2381 2670; x_wconf 76' lang='lat' dir='ltr'><strong>hominis</strong></span> <span class='ocrx_word' id='word_1_409' title='bbox 2423 2615 2549 2668; x_wconf 79' lang='lat' dir='ltr'><strong>illuc</strong></span> <span class='ocrx_word' id='word_1_410' title='bbox 2599 2615 2958 2668; x_wconf 72' lang='lat' dir='ltr'><strong>ascendentem</strong></span> <span class='ocrx_word' id='word_1_411' title='bbox 2989 2614 3076 2666; x_wconf 71' lang='lat' dir='ltr'><strong>ubi</strong></span> <span class='ocrx_word' id='word_1_412' title='bbox 3105 2613 3251 2680; x_wconf 80' lang='lat' dir='ltr'><strong>prius</strong></span> <span class='ocrx_word' id='word_1_413' title='bbox 3277 2608 3470 2666; x_wconf 78' lang='lat' dir='ltr'><strong>erat&quot;.</strong></span> 
     </span>
    </p>
   </div>
   <div class='ocr_carea' id='block_1_59' title="bbox 1907 2700 3478 2774">
    <p class='ocr_par' dir='ltr' id='par_1_59' title="bbox 1907 2700 3478 2774">
     <span class='ocr_line' id='line_1_59' title="bbox 1907 2700 3478 2774; baseline -0.006 -14"><span class='ocrx_word' id='word_1_414' title='bbox 1907 2707 1971 2760; x_wconf 86' lang='lat' dir='ltr'><strong>Et</strong></span> <span class='ocrx_word' id='word_1_415' title='bbox 2001 2725 2016 2762; x_wconf 87' lang='lat'><strong>:</strong></span> <span class='ocrx_word' id='word_1_416' title='bbox 2047 2703 2216 2760; x_wconf 84' lang='lat' dir='ltr'><strong>Nemo</strong></span> <span class='ocrx_word' id='word_1_417' title='bbox 2256 2707 2486 2760; x_wconf 75' lang='lat' dir='ltr'><strong>ascendit</strong></span> <span class='ocrx_word' id='word_1_418' title='bbox 2512 2706 2566 2759; x_wconf 87' lang='lat' dir='ltr'><strong>in</strong></span> <span class='ocrx_word' id='word_1_419' title='bbox 2599 2705 2813 2771; x_wconf 65' lang='lat' dir='ltr'><strong>calum,</strong></span> <span class='ocrx_word' id='word_1_420' title='bbox 2857 2705 2962 2758; x_wconf 80' lang='lat' dir='ltr'><strong>nisi</strong></span> <span class='ocrx_word' id='word_1_421' title='bbox 2991 2704 3080 2774; x_wconf 84' lang='lat' dir='ltr'><strong>qui</strong></span> <span class='ocrx_word' id='word_1_422' title='bbox 3109 2700 3375 2755; x_wconf 77' lang='lat' dir='ltr'><strong>descendit</strong></span> <span class='ocrx_word' id='word_1_423' title='bbox 3411 2700 3478 2750; x_wconf 78' lang='lat' dir='ltr'><strong>de</strong></span> 
     </span>
    </p>
   </div>
   <div class='ocr_carea' id='block_1_60' title="bbox 1895 2789 3473 2862">
    <p class='ocr_par' dir='ltr' id='par_1_60' title="bbox 1895 2789 3473 2862">
     <span class='ocr_line' id='line_1_60' title="bbox 1895 2789 3473 2862; baseline -0.006 -11"><span class='ocrx_word' id='word_1_424' title='bbox 1895 2797 2022 2851; x_wconf 72' lang='lat' dir='ltr'><strong>caelo</strong></span> <span class='ocrx_word' id='word_1_425' title='bbox 2077 2794 2254 2850; x_wconf 81' lang='lat' dir='ltr'><strong>Filius</strong></span> <span class='ocrx_word' id='word_1_426' title='bbox 2307 2797 2538 2850; x_wconf 81' lang='lat' dir='ltr'><strong>hominis</strong></span> <span class='ocrx_word' id='word_1_427' title='bbox 2563 2797 2632 2850; x_wconf 82' lang='lat'><strong>&quot;.</strong></span> <span class='ocrx_word' id='word_1_428' title='bbox 2671 2795 2738 2848; x_wconf 85' lang='lat' dir='ltr'><strong>Et</strong></span> <span class='ocrx_word' id='word_1_429' title='bbox 2791 2814 2804 2850; x_wconf 93' lang='lat'>:</span> <span class='ocrx_word' id='word_1_430' title='bbox 2843 2795 2980 2850; x_wconf 83' lang='lat' dir='ltr'><strong>Sunt</strong></span> <span class='ocrx_word' id='word_1_431' title='bbox 3036 2789 3254 2862; x_wconf 82' lang='lat' dir='ltr'><strong>quidam</strong></span> <span class='ocrx_word' id='word_1_432' title='bbox 3289 2791 3356 2844; x_wconf 85' lang='lat' dir='ltr'><strong>de</strong></span> <span class='ocrx_word' id='word_1_433' title='bbox 3391 2790 3473 2842; x_wconf 80' lang='lat' dir='ltr'><strong>hic</strong></span> 
     </span>
    </p>
   </div>
   <div class='ocr_carea' id='block_1_61' title="bbox 1897 2881 3472 2959">
    <p class='ocr_par' dir='ltr' id='par_1_61' title="bbox 1897 2881 3472 2959">
     <span class='ocr_line' id='line_1_61' title="bbox 1897 2881 3472 2959; baseline -0.006 -17"><span class='ocrx_word' id='word_1_434' title='bbox 1897 2888 2319 2958; x_wconf 82' lang='lat' dir='ltr'><strong>astantibus,qui</strong></span> <span class='ocrx_word' id='word_1_435' title='bbox 2365 2903 2467 2942; x_wconf 85' lang='lat' dir='ltr'><strong>non</strong></span> <span class='ocrx_word' id='word_1_436' title='bbox 2495 2887 2782 2959; x_wconf 77' lang='lat' dir='ltr'><strong>gustabunt</strong></span> <span class='ocrx_word' id='word_1_437' title='bbox 2814 2885 3234 2952; x_wconf 82' lang='lat' dir='ltr'><strong>mor:em,donec</strong></span> <span class='ocrx_word' id='word_1_438' title='bbox 3264 2881 3472 2934; x_wconf 71' lang='lat' dir='ltr'><strong>rideant</strong></span> 
     </span>
    </p>
   </div>
   <div class='ocr_carea' id='block_1_62' title="bbox 1904 2973 3471 3049">
    <p class='ocr_par' dir='ltr' id='par_1_62' title="bbox 1904 2973 3471 3049">
     <span class='ocr_line' id='line_1_62' title="bbox 1904 2973 3471 3049; baseline -0.005 -17"><span class='ocrx_word' id='word_1_439' title='bbox 1904 2978 2104 3033; x_wconf 72' lang='lat' dir='ltr'><strong>Filium</strong></span> <span class='ocrx_word' id='word_1_440' title='bbox 2147 2981 2374 3034; x_wconf 82' lang='lat' dir='ltr'><strong>hominis</strong></span> <span class='ocrx_word' id='word_1_441' title='bbox 2404 2981 2682 3035; x_wconf 84' lang='lat' dir='ltr'><strong>venientem</strong></span> <span class='ocrx_word' id='word_1_442' title='bbox 2730 2980 2786 3033; x_wconf 86' lang='lat' dir='ltr'><strong>in</strong></span> <span class='ocrx_word' id='word_1_443' title='bbox 2819 2993 3032 3049; x_wconf 85' lang='lat' dir='ltr'><strong>regnum</strong></span> <span class='ocrx_word' id='word_1_444' title='bbox 3070 2991 3227 3030; x_wconf 80' lang='lat' dir='ltr'><strong>suum</strong></span> <span class='ocrx_word' id='word_1_445' title='bbox 3270 2974 3333 3028; x_wconf 84' lang='lat'><strong>&quot;.</strong></span> <span class='ocrx_word' id='word_1_446' title='bbox 3357 2973 3418 3026; x_wconf 75' lang='lat' dir='ltr'><strong>Et</strong></span> <span class='ocrx_word' id='word_1_447' title='bbox 3456 2988 3471 3024; x_wconf 92' lang='lat'><strong>:</strong></span> 
     </span>
    </p>
   </div>
   <div class='ocr_carea' id='block_1_63' title="bbox 1911 3069 3474 3144">
    <p class='ocr_par' dir='ltr' id='par_1_63' title="bbox 1911 3069 3474 3144">
     <span class='ocr_line' id='line_1_63' title="bbox 1911 3069 3474 3144; baseline -0.006 -12"><span class='ocrx_word' id='word_1_448' title='bbox 1911 3076 2162 3132; x_wconf 80' lang='lat' dir='ltr'><strong>Venturus</strong></span> <span class='ocrx_word' id='word_1_449' title='bbox 2191 3087 2266 3131; x_wconf 81' lang='lat' dir='ltr'><strong>est</strong></span> <span class='ocrx_word' id='word_1_450' title='bbox 2308 3075 2483 3131; x_wconf 84' lang='lat' dir='ltr'><strong>Filius</strong></span> <span class='ocrx_word' id='word_1_451' title='bbox 2525 3077 2754 3132; x_wconf 84' lang='lat' dir='ltr'><strong>hominis</strong></span> <span class='ocrx_word' id='word_1_452' title='bbox 2809 3092 2913 3130; x_wconf 85' lang='lat' dir='ltr'><strong>non</strong></span> <span class='ocrx_word' id='word_1_453' title='bbox 2958 3076 3072 3130; x_wconf 86' lang='lat' dir='ltr'><strong>sine</strong></span> <span class='ocrx_word' id='word_1_454' title='bbox 3101 3071 3266 3144; x_wconf 83' lang='lat' dir='ltr'><strong>gloria</strong></span> <span class='ocrx_word' id='word_1_455' title='bbox 3295 3069 3474 3123; x_wconf 80' lang='lat' dir='ltr'><strong>Patris</strong></span> 
     </span>
    </p>
   </div>
   <div class='ocr_carea' id='block_1_64' title="bbox 1902 3167 2682 3239">
    <p class='ocr_par' dir='ltr' id='par_1_64' title="bbox 1902 3167 2682 3239">
     <span class='ocr_line' id='line_1_64' title="bbox 1902 3167 2682 3239; baseline 0 -17"><span class='ocrx_word' id='word_1_456' title='bbox 1902 3169 1986 3222; x_wconf 85' lang='lat' dir='ltr'><strong>sui</strong></span> <span class='ocrx_word' id='word_1_457' title='bbox 2017 3184 2134 3221; x_wconf 84' lang='lat' dir='ltr'><strong>cum</strong></span> <span class='ocrx_word' id='word_1_458' title='bbox 2163 3167 2360 3239; x_wconf 86' lang='lat' dir='ltr'><strong>angelis</strong></span> <span class='ocrx_word' id='word_1_459' title='bbox 2391 3169 2590 3222; x_wconf 86' lang='lat' dir='ltr'><strong>sanctis</strong></span> <span class='ocrx_word' id='word_1_460' title='bbox 2616 3167 2682 3222; x_wconf 77' lang='grc'><strong>⁷⁸.</strong></span> 
     </span>
    </p>
   </div>
   <div class='ocr_carea' id='block_1_65' title="bbox 288 3321 1803 3420">
    <p class='ocr_par' dir='ltr' id='par_1_65' title="bbox 288 3321 1797 3420">
     <span class='ocr_line' id='line_1_65' title="bbox 288 3321 1797 3420; baseline -0.001 -18"><span class='ocrx_word' id='word_1_461' title='bbox 288 3344 443 3418; x_wconf 69' lang='grc' dir='ltr'>’Δρκ</span> <span class='ocrx_word' id='word_1_462' title='bbox 475 3321 581 3401; x_wconf 71' lang='grc' dir='ltr'>οὖν</span> <span class='ocrx_word' id='word_1_463' title='bbox 600 3321 888 3418; x_wconf 73' lang='grc' dir='ltr'>προσέχεις</span> <span class='ocrx_word' id='word_1_464' title='bbox 907 3348 1086 3419; x_wconf 79' lang='grc' dir='ltr'>ψιλοῖς</span> <span class='ocrx_word' id='word_1_465' title='bbox 1111 3321 1504 3420; x_wconf 34' lang='grc' dir='ltr'>τοῖς-ὀνόμασι,</span> <span class='ocrx_word' id='word_1_466' title='bbox 1530 3321 1634 3404; x_wconf 36' lang='grc' dir='ltr'>καὶ.</span> <span class='ocrx_word' id='word_1_467' title='bbox 1657 3352 1797 3412; x_wconf 63' lang='grc' dir='ltr'>νοεῖ,</span> 
     </span>
    </p>
   </div>
   <div class='ocr_carea' id='block_1_66' title="bbox 1907 3321 3476 3420">
    <p class='ocr_par' dir='ltr' id='par_1_66' title="bbox 1970 3321 3476 3418">
     <span class='ocr_line' id='line_1_66' title="bbox 1970 3321 3476 3418; baseline -0.003 -16"><span class='ocrx_word' id='word_1_468' title='bbox 1970 3346 2107 3402; x_wconf 86' lang='lat' dir='ltr'><strong>Num</strong></span> <span class='ocrx_word' id='word_1_469' title='bbox 2139 3321 2371 3418; x_wconf 72' lang='lat' dir='ltr'><strong>tuigitur</strong></span> <span class='ocrx_word' id='word_1_470' title='bbox 2395 3347 2550 3404; x_wconf 89' lang='lat' dir='ltr'><strong>nudis</strong></span> <span class='ocrx_word' id='word_1_471' title='bbox 2568 3347 2812 3402; x_wconf 68' lang='lat' dir='ltr'><strong>adltatres</strong></span> <span class='ocrx_word' id='word_1_472' title='bbox 2858 3344 3190 3406; x_wconf 87' lang='lat' dir='ltr'><strong>nominibus.</strong></span> <span class='ocrx_word' id='word_1_473' title='bbox 3237 3343 3476 3412; x_wconf 71' lang='lat' dir='ltr'><strong>cogitas-</strong></span> 
     </span>
    </p>
   </div>
   <div class='ocr_carea' id='block_1_67' title="bbox 226 3437 1803 3508">
    <p class='ocr_par' dir='ltr' id='par_1_67' title="bbox 226 3437 1803 3508">
     <span class='ocr_line' id='line_1_67' title="bbox 226 3437 1803 3508; baseline 0.001 -16"><span class='ocrx_word' id='word_1_474' title='bbox 226 3439 510 3508; x_wconf 71' lang='grc' dir='ltr'>βασιλείαν</span> <span class='ocrx_word' id='word_1_475' title='bbox 563 3437 852 3508; x_wconf 85' lang='grc' dir='ltr'>ἀνθρώπου</span> <span class='ocrx_word' id='word_1_476' title='bbox 906 3437 1124 3493; x_wconf 85' lang='grc' dir='ltr'>αίώνιον</span> <span class='ocrx_word' id='word_1_477' title='bbox 1166 3441 1260 3495; x_wconf 81' lang='grc' dir='ltr'>καὶ</span> <span class='ocrx_word' id='word_1_478' title='bbox 1298 3441 1668 3508; x_wconf 85' lang='grc' dir='ltr'>ἀκατάλυτον;</span> <span class='ocrx_word' id='word_1_479' title='bbox 1711 3441 1803 3496; x_wconf 78' lang='grc' dir='ltr'>καὶ</span> 
     </span>
    </p>
   </div>
   <div class='ocr_carea' id='block_1_68' title="bbox 224 3511 1804 3600">
    <p class='ocr_par' dir='ltr' id='par_1_68' title="bbox 224 3511 1804 3600">
     <span class='ocr_line' id='line_1_68' title="bbox 224 3511 1804 3600; baseline -0.001 -18"><span class='ocrx_word' id='word_1_480' title='bbox 224 3529 521 3600; x_wconf 74' lang='grc' dir='ltr'>ἄνθρωπον</span> <span class='ocrx_word' id='word_1_481' title='bbox 576 3511 655 3591; x_wconf 67' lang='grc' dir='ltr'>εἷς</span> <span class='ocrx_word' id='word_1_482' title='bbox 697 3527 788 3582; x_wconf 83' lang='grc' dir='ltr'><strong>τὸν</strong></span> <span class='ocrx_word' id='word_1_483' title='bbox 823 3525 1050 3598; x_wconf 79' lang='grc' dir='ltr'>οὐρανὸν</span> <span class='ocrx_word' id='word_1_484' title='bbox 1113 3528 1576 3599; x_wconf 70' lang='grc' dir='ltr'>προῦπάρχοντας</span> <span class='ocrx_word' id='word_1_485' title='bbox 1622 3530 1716 3582; x_wconf 77' lang='grc' dir='ltr'>καὶ</span> <span class='ocrx_word' id='word_1_486' title='bbox 1745 3528 1804 3595; x_wconf 77' lang='grc' dir='ltr'><strong>ἐξ</strong></span> 
     </span>
    </p>
   </div>
   <div class='ocr_carea' id='block_1_69' title="bbox 219 3617 1806 3694">
    <p class='ocr_par' dir='ltr' id='par_1_69' title="bbox 219 3617 1806 3694">
     <span class='ocr_line' id='line_1_69' title="bbox 219 3617 1806 3694; baseline -0.002 -18"><span class='ocrx_word' id='word_1_487' title='bbox 219 3619 461 3694; x_wconf 77' lang='grc' dir='ltr'>ούρανοῦ</span> <span class='ocrx_word' id='word_1_488' title='bbox 489 3618 748 3674; x_wconf 82' lang='grc' dir='ltr'>κατιόντα</span> <span class='ocrx_word' id='word_1_489' title='bbox 774 3621 871 3675; x_wconf 72' lang='grc' dir='ltr'>καὶ</span> <span class='ocrx_word' id='word_1_490' title='bbox 893 3617 1055 3674; x_wconf 77' lang='grc' dir='ltr'>πάλιν</span> <span class='ocrx_word' id='word_1_491' title='bbox 1074 3619 1154 3684; x_wconf 85' lang='grc' dir='ltr'><strong>είς</strong></span> <span class='ocrx_word' id='word_1_492' title='bbox 1177 3619 1405 3691; x_wconf 78' lang='grc' dir='ltr'>οὐρανὸν</span> <span class='ocrx_word' id='word_1_493' title='bbox 1426 3619 1644 3674; x_wconf 80' lang='grc' dir='ltr'>ἀνιόντα</span> <span class='ocrx_word' id='word_1_494' title='bbox 1669 3637 1684 3686; x_wconf 91' lang='grc'><strong>;</strong></span> <span class='ocrx_word' id='word_1_495' title='bbox 1711 3620 1806 3674; x_wconf 75' lang='grc' dir='ltr'><strong>καὶ</strong></span> 
     </span>
    </p>
   </div>
   <div class='ocr_carea' id='block_1_70' title="bbox 221 3704 1804 3782">
    <p class='ocr_par' dir='ltr' id='par_1_70' title="bbox 221 3704 1804 3782">
     <span class='ocr_line' id='line_1_70' title="bbox 221 3704 1804 3782; baseline -0.002 -16"><span class='ocrx_word' id='word_1_496' title='bbox 221 3710 520 3782; x_wconf 75' lang='grc' dir='ltr'>ἀνθρώπου</span> <span class='ocrx_word' id='word_1_497' title='bbox 548 3707 953 3779; x_wconf 79' lang='grc' dir='ltr'>ὀνομαζομένου</span> <span class='ocrx_word' id='word_1_498' title='bbox 989 3708 1204 3782; x_wconf 82' lang='grc' dir='ltr'>πατέρα</span> <span class='ocrx_word' id='word_1_499' title='bbox 1233 3704 1372 3782; x_wconf 77' lang='grc' dir='ltr'>εἶναι</span> <span class='ocrx_word' id='word_1_500' title='bbox 1403 3709 1496 3762; x_wconf 86' lang='grc' dir='ltr'>τὸν</span> <span class='ocrx_word' id='word_1_501' title='bbox 1529 3709 1663 3763; x_wconf 82' lang='grc' dir='ltr'>Θεὸν</span> <span class='ocrx_word' id='word_1_502' title='bbox 1707 3709 1804 3763; x_wconf 81' lang='grc' dir='ltr'>καὶ</span> 
     </span>
    </p>
   </div>
   <div class='ocr_carea' id='block_1_71' title="bbox 225 3800 1805 3874">
    <p class='ocr_par' dir='ltr' id='par_1_71' title="bbox 225 3800 1805 3874">
     <span class='ocr_line' id='line_1_71' title="bbox 225 3800 1805 3874; baseline 0 -18"><span class='ocrx_word' id='word_1_503' title='bbox 225 3803 494 3873; x_wconf 77' lang='grc' dir='ltr'>Πατέρας</span> <span class='ocrx_word' id='word_1_504' title='bbox 531 3802 604 3854; x_wconf 81' lang='grc' dir='ltr'><em>Ἢ</em></span> <span class='ocrx_word' id='word_1_505' title='bbox 647 3803 980 3864; x_wconf 85' lang='grc' dir='ltr'>ἀποσκοπεῖς</span> <span class='ocrx_word' id='word_1_506' title='bbox 1009 3800 1144 3872; x_wconf 81' lang='grc' dir='ltr'>πρὸς</span> <span class='ocrx_word' id='word_1_507' title='bbox 1177 3801 1276 3872; x_wconf 83' lang='grc' dir='ltr'>τὴν</span> <span class='ocrx_word' id='word_1_508' title='bbox 1313 3801 1421 3856; x_wconf 88' lang='grc' dir='ltr'><strong>τῶν</strong></span> <span class='ocrx_word' id='word_1_509' title='bbox 1463 3803 1805 3874; x_wconf 83' lang='grc' dir='ltr'>πραγμάτων</span> 
     </span>
    </p>
   </div>
   <div class='ocr_carea' id='block_1_72' title="bbox 223 3887 1803 3961">
    <p class='ocr_par' dir='ltr' id='par_1_72' title="bbox 223 3887 1803 3961">
     <span class='ocr_line' id='line_1_72' title="bbox 223 3887 1803 3961; baseline -0.001 -15"><span class='ocrx_word' id='word_1_510' title='bbox 223 3891 392 3961; x_wconf 71' lang='grc' dir='ltr'>φύσιν</span> <span class='ocrx_word' id='word_1_511' title='bbox 428 3891 525 3944; x_wconf 69' lang='grc' dir='ltr'>καὶ</span> <span class='ocrx_word' id='word_1_512' title='bbox 559 3889 730 3961; x_wconf 70' lang='grc' dir='ltr'>αὐτὴν</span> <span class='ocrx_word' id='word_1_513' title='bbox 777 3887 876 3960; x_wconf 79' lang='grc' dir='ltr'>τὴν</span> <span class='ocrx_word' id='word_1_514' title='bbox 903 3888 1163 3960; x_wconf 80' lang='grc' dir='ltr'>ἀλήθειαν</span> <span class='ocrx_word' id='word_1_515' title='bbox 1187 3929 1203 3952; x_wconf 98' lang='grc'><strong>,</strong></span> <span class='ocrx_word' id='word_1_516' title='bbox 1263 3889 1360 3944; x_wconf 78' lang='grc' dir='ltr'>καὶ</span> <span class='ocrx_word' id='word_1_517' title='bbox 1403 3891 1803 3960; x_wconf 86' lang='grc' dir='ltr'>ἀποσεμνύνεις</span> 
     </span>
    </p>
   </div>
   <div class='ocr_carea' id='block_1_73' title="bbox 223 3981 1801 4056">
    <p class='ocr_par' dir='ltr' id='par_1_73' title="bbox 223 3981 1801 4056">
     <span class='ocr_line' id='line_1_73' title="bbox 223 3981 1801 4056; baseline -0.001 -18"><span class='ocrx_word' id='word_1_518' title='bbox 223 3981 670 4055; x_wconf 76' lang='grc' dir='ltr'>ἐκπληττόμενος</span> <span class='ocrx_word' id='word_1_519' title='bbox 697 3981 760 4036; x_wconf 77' lang='grc' dir='ltr'><strong>τὺ</strong></span> <span class='ocrx_word' id='word_1_520' title='bbox 796 3982 940 4054; x_wconf 80' lang='grc' dir='ltr'>μέγα</span> <span class='ocrx_word' id='word_1_521' title='bbox 989 3981 1092 4053; x_wconf 82' lang='grc' dir='ltr'>τῆς</span> <span class='ocrx_word' id='word_1_522' title='bbox 1128 3982 1444 4052; x_wconf 78' lang='grc' dir='ltr'>οἰκονομίας</span> <span class='ocrx_word' id='word_1_523' title='bbox 1481 3985 1801 4056; x_wconf 82' lang='grc' dir='ltr'>μυστήριον,</span> 
     </span>
    </p>
   </div>
   <div class='ocr_carea' id='block_1_74' title="bbox 225 4073 1806 4145">
    <p class='ocr_par' dir='ltr' id='par_1_74' title="bbox 225 4073 1806 4145">
     <span class='ocr_line' id='line_1_74' title="bbox 225 4073 1806 4145; baseline -0.001 -15"><span class='ocrx_word' id='word_1_524' title='bbox 225 4077 324 4130; x_wconf 73' lang='grc' dir='ltr'>καὶ</span> <span class='ocrx_word' id='word_1_525' title='bbox 344 4075 417 4130; x_wconf 86' lang='grc' dir='ltr'><strong>τά</strong></span> <span class='ocrx_word' id='word_1_526' title='bbox 440 4075 570 4145; x_wconf 79' lang='grc' dir='ltr'>περὶ</span> <span class='ocrx_word' id='word_1_527' title='bbox 597 4075 766 4144; x_wconf 82' lang='grc' dir='ltr'>αὐτῆς</span> <span class='ocrx_word' id='word_1_528' title='bbox 809 4075 1082 4145; x_wconf 84' lang='grc' dir='ltr'>λεγόμενά</span> <span class='ocrx_word' id='word_1_529' title='bbox 1113 4090 1173 4128; x_wconf 87' lang='grc' dir='ltr'><strong>τε</strong></span> <span class='ocrx_word' id='word_1_530' title='bbox 1221 4075 1316 4128; x_wconf 81' lang='grc' dir='ltr'>καὶ</span> <span class='ocrx_word' id='word_1_531' title='bbox 1349 4073 1614 4143; x_wconf 75' lang='grc' dir='ltr'>νοούμενα</span> <span class='ocrx_word' id='word_1_532' title='bbox 1663 4074 1806 4128; x_wconf 85' lang='grc' dir='ltr'>κατὰ</span> 
     </span>
    </p>
   </div>
   <div class='ocr_carea' id='block_1_75' title="bbox 223 4154 1800 4238">
    <p class='ocr_par' dir='ltr' id='par_1_75' title="bbox 223 4154 1800 4238">
     <span class='ocr_line' id='line_1_75' title="bbox 223 4154 1800 4238; baseline -0.001 -18"><span class='ocrx_word' id='word_1_533' title='bbox 223 4169 326 4238; x_wconf 74' lang='grc' dir='ltr'>τὴν</span> <span class='ocrx_word' id='word_1_534' title='bbox 347 4165 704 4220; x_wconf 75' lang='grc' dir='ltr'>διδασκαλίαν</span> <span class='ocrx_word' id='word_1_535' title='bbox 745 4165 945 4236; x_wconf 75' lang='grc' dir='ltr'>ἐκδέχῃ</span> <span class='ocrx_word' id='word_1_536' title='bbox 971 4165 1073 4236; x_wconf 82' lang='grc' dir='ltr'>τῆς</span> <span class='ocrx_word' id='word_1_537' title='bbox 1103 4163 1402 4234; x_wconf 85' lang='grc' dir='ltr'>καθολικῆς</span> <span class='ocrx_word' id='word_1_538' title='bbox 1448 4154 1800 4234; x_wconf 85' lang='grc' dir='ltr'>Ἐκκλησίας,</span> 
     </span>
    </p>
   </div>
   <div class='ocr_carea' id='block_1_76' title="bbox 221 4253 1802 4326">
    <p class='ocr_par' dir='ltr' id='par_1_76' title="bbox 221 4253 1802 4326">
     <span class='ocr_line' id='line_1_76' title="bbox 221 4253 1802 4326; baseline -0.004 -14"><span class='ocrx_word' id='word_1_539' title='bbox 221 4259 288 4312; x_wconf 76' lang='grc' dir='ltr'>οὐ</span> <span class='ocrx_word' id='word_1_540' title='bbox 321 4257 612 4326; x_wconf 82' lang='grc' dir='ltr'>προσέχων</span> <span class='ocrx_word' id='word_1_541' title='bbox 641 4255 828 4326; x_wconf 77' lang='grc' dir='ltr'>ψιλαῖς</span> <span class='ocrx_word' id='word_1_542' title='bbox 861 4257 984 4319; x_wconf 88' lang='grc' dir='ltr'>ταῖς</span> <span class='ocrx_word' id='word_1_543' title='bbox 1016 4257 1219 4324; x_wconf 79' lang='grc' dir='ltr'>φωναῖς</span> <span class='ocrx_word' id='word_1_544' title='bbox 1254 4254 1490 4318; x_wconf 73' lang='grc' dir='ltr'>καὶτοῖς</span> <span class='ocrx_word' id='word_1_545' title='bbox 1515 4253 1802 4325; x_wconf 89' lang='grc' dir='ltr'>ὀνόμασιν,</span> 
     </span>
    </p>
   </div>
   <div class='ocr_carea' id='block_1_77' title="bbox 223 4345 1806 4421">
    <p class='ocr_par' dir='ltr' id='par_1_77' title="bbox 223 4345 1806 4421">
     <span class='ocr_line' id='line_1_77' title="bbox 223 4345 1806 4421; baseline -0.003 -17"><span class='ocrx_word' id='word_1_546' title='bbox 223 4351 318 4404; x_wconf 77' lang='grc' dir='ltr'>ἵνα</span> <span class='ocrx_word' id='word_1_547' title='bbox 343 4349 426 4421; x_wconf 78' lang='grc' dir='ltr'>μὴ</span> <span class='ocrx_word' id='word_1_548' title='bbox 474 4353 570 4402; x_wconf 77' lang='grc' dir='ltr'><strong>καὶ</strong></span> <span class='ocrx_word' id='word_1_549' title='bbox 613 4349 710 4416; x_wconf 82' lang='grc' dir='ltr'>τῆς</span> <span class='ocrx_word' id='word_1_550' title='bbox 755 4347 1032 4418; x_wconf 79' lang='grc' dir='ltr'>σωτηρίας</span> <span class='ocrx_word' id='word_1_551' title='bbox 1063 4347 1236 4418; x_wconf 80' lang='grc' dir='ltr'>αὐτῆς</span> <span class='ocrx_word' id='word_1_552' title='bbox 1273 4345 1592 4413; x_wconf 81' lang='grc' dir='ltr'>ἀποτεύξοιο</span> <span class='ocrx_word' id='word_1_553' title='bbox 1619 4363 1633 4377; x_wconf 85' lang='grc'><strong>·</strong></span> <span class='ocrx_word' id='word_1_554' title='bbox 1669 4345 1806 4400; x_wconf 85' lang='grc' dir='ltr'><strong>ἀλλά</strong></span> 
     </span>
    </p>
   </div>
   <div class='ocr_carea' id='block_1_78' title="bbox 222 4435 1804 4512">
    <p class='ocr_par' dir='ltr' id='par_1_78' title="bbox 222 4435 1804 4512">
     <span class='ocr_line' id='line_1_78' title="bbox 222 4435 1804 4512; baseline -0.003 -17"><span class='ocrx_word' id='word_1_555' title='bbox 222 4442 448 4506; x_wconf 84' lang='grc' dir='ltr'>τούτοις</span> <span class='ocrx_word' id='word_1_556' title='bbox 473 4439 748 4512; x_wconf 74' lang='grc' dir='ltr'>ἐρρῶσθαι</span> <span class='ocrx_word' id='word_1_557' title='bbox 783 4439 1020 4512; x_wconf 81' lang='grc' dir='ltr'>φράσας,</span> <span class='ocrx_word' id='word_1_558' title='bbox 1050 4441 1164 4502; x_wconf 81' lang='grc' dir='ltr'>τοῖς</span> <span class='ocrx_word' id='word_1_559' title='bbox 1195 4435 1585 4511; x_wconf 83' lang='grc' dir='ltr'>χρησμῳδοῦσι</span> <span class='ocrx_word' id='word_1_560' title='bbox 1615 4437 1671 4492; x_wconf 85' lang='grc' dir='ltr'>δὲ</span> <span class='ocrx_word' id='word_1_561' title='bbox 1710 4438 1804 4492; x_wconf 78' lang='grc' dir='ltr'>καὶ</span> 
     </span>
    </p>
   </div>
   <div class='ocr_carea' id='block_1_79' title="bbox 224 4529 1806 4601">
    <p class='ocr_par' dir='ltr' id='par_1_79' title="bbox 224 4529 1806 4601">
     <span class='ocr_line' id='line_1_79' title="bbox 224 4529 1806 4601; baseline -0.003 -13"><span class='ocrx_word' id='word_1_562' title='bbox 224 4535 458 4600; x_wconf 74' lang='grc' dir='ltr'>ἄγουσιν</span> <span class='ocrx_word' id='word_1_563' title='bbox 485 4531 751 4596; x_wconf 84' lang='grc' dir='ltr'>ὑπείκων,</span> <span class='ocrx_word' id='word_1_564' title='bbox 781 4531 875 4584; x_wconf 75' lang='grc' dir='ltr'><strong>ἐπὶ</strong></span> <span class='ocrx_word' id='word_1_565' title='bbox 903 4531 966 4585; x_wconf 85' lang='grc' dir='ltr'><strong>τὺ</strong></span> <span class='ocrx_word' id='word_1_566' title='bbox 994 4529 1385 4601; x_wconf 79' lang='grc' dir='ltr'>καταγορεύειν</span> <span class='ocrx_word' id='word_1_567' title='bbox 1413 4530 1513 4600; x_wconf 81' lang='grc' dir='ltr'>τῆς</span> <span class='ocrx_word' id='word_1_568' title='bbox 1543 4529 1806 4600; x_wconf 80' lang='grc' dir='ltr'>ἀληθείας</span> 
     </span>
    </p>
   </div>
   <div class='ocr_carea' id='block_1_80' title="bbox 225 4620 1806 4694">
    <p class='ocr_par' dir='ltr' id='par_1_80' title="bbox 225 4620 1806 4694">
     <span class='ocr_line' id='line_1_80' title="bbox 225 4620 1806 4694; baseline -0.004 -14"><span class='ocrx_word' id='word_1_569' title='bbox 225 4627 326 4680; x_wconf 71' lang='grc' dir='ltr'>καὶ</span> <span class='ocrx_word' id='word_1_570' title='bbox 345 4624 450 4694; x_wconf 79' lang='grc' dir='ltr'>τῆς</span> <span class='ocrx_word' id='word_1_571' title='bbox 475 4621 570 4677; x_wconf 79' lang='grc' dir='ltr'>τοῦ</span> <span class='ocrx_word' id='word_1_572' title='bbox 597 4620 836 4693; x_wconf 76' lang='grc' dir='ltr'>Χριστοῦ</span> <span class='ocrx_word' id='word_1_573' title='bbox 881 4622 1197 4692; x_wconf 76' lang='grc' dir='ltr'>οἰκονομίας</span> <span class='ocrx_word' id='word_1_574' title='bbox 1227 4621 1470 4692; x_wconf 85' lang='grc' dir='ltr'>ἀνοήτως</span> <span class='ocrx_word' id='word_1_575' title='bbox 1495 4621 1593 4674; x_wconf 77' lang='grc' dir='ltr'>καὶ</span> <span class='ocrx_word' id='word_1_576' title='bbox 1613 4621 1806 4674; x_wconf 87' lang='grc' dir='ltr'>δυσσε-</span> 
     </span>
    </p>
   </div>
   <div class='ocr_carea' id='block_1_81' title="bbox 1904 3436 3473 3508">
    <p class='ocr_par' dir='ltr' id='par_1_81' title="bbox 1904 3436 3473 3508">
     <span class='ocr_line' id='line_1_81' title="bbox 1904 3436 3473 3508; baseline -0.001 -18"><span class='ocrx_word' id='word_1_577' title='bbox 1904 3453 2008 3504; x_wconf 89' lang='lat' dir='ltr'><strong>que</strong></span> <span class='ocrx_word' id='word_1_578' title='bbox 2049 3451 2268 3508; x_wconf 73' lang='lat' dir='ltr'><strong>regnum</strong></span> <span class='ocrx_word' id='word_1_579' title='bbox 2305 3438 2540 3493; x_wconf 85' lang='lat' dir='ltr'><strong>hominis</strong></span> <span class='ocrx_word' id='word_1_580' title='bbox 2571 3448 2838 3494; x_wconf 73' lang='lat' dir='ltr'><strong>mternnm</strong></span> <span class='ocrx_word' id='word_1_581' title='bbox 2883 3447 2938 3492; x_wconf 90' lang='lat' dir='ltr'><strong>et</strong></span> <span class='ocrx_word' id='word_1_582' title='bbox 2973 3436 3391 3492; x_wconf 84' lang='lat' dir='ltr'><strong>indissolubile‘l</strong></span> <span class='ocrx_word' id='word_1_583' title='bbox 3423 3447 3473 3491; x_wconf 87' lang='lat' dir='ltr'><strong>et</strong></span> 
     </span>
    </p>
   </div>
   <div class='ocr_carea' id='block_1_82' title="bbox 1907 3527 3566 3600">
    <p class='ocr_par' dir='ltr' id='par_1_82' title="bbox 1907 3527 3566 3600">
     <span class='ocr_line' id='line_1_82' title="bbox 1907 3527 3566 3600; baseline 0.001 -20"><span class='ocrx_word' id='word_1_584' title='bbox 1907 3529 2175 3583; x_wconf 87' lang='lat' dir='ltr'><strong>hominem</strong></span> <span class='ocrx_word' id='word_1_585' title='bbox 2210 3530 2264 3584; x_wconf 91' lang='lat' dir='ltr'><strong>in</strong></span> <span class='ocrx_word' id='word_1_586' title='bbox 2290 3529 2426 3585; x_wconf 68' lang='lat' dir='ltr'><strong>caelo</strong></span> <span class='ocrx_word' id='word_1_587' title='bbox 2448 3531 2882 3600; x_wconf 74' lang='lat' dir='ltr'><strong>prmexistentem</strong></span> <span class='ocrx_word' id='word_1_588' title='bbox 2901 3529 2925 3582; x_wconf 88' lang='lat'><strong>?</strong></span> <span class='ocrx_word' id='word_1_589' title='bbox 2941 3539 2992 3584; x_wconf 88' lang='lat' dir='ltr'><strong>et</strong></span> <span class='ocrx_word' id='word_1_590' title='bbox 3017 3529 3080 3584; x_wconf 90' lang='lat' dir='ltr'><strong>de</strong></span> <span class='ocrx_word' id='word_1_591' title='bbox 3099 3527 3238 3582; x_wconf 67' lang='lat' dir='ltr'><strong>caelo</strong></span> <span class='ocrx_word' id='word_1_592' title='bbox 3257 3527 3478 3582; x_wconf 83' lang='lat' dir='ltr'><strong>descen-</strong></span> <span class='ocrx_word' id='word_1_593' title='bbox 3563 3541 3566 3546; x_wconf 79' lang='lat'><strong><em>&#39;</em></strong></span> 
     </span>
    </p>
   </div>
   <div class='ocr_carea' id='block_1_83' title="bbox 1903 3617 3474 3690">
    <p class='ocr_par' dir='ltr' id='par_1_83' title="bbox 1903 3617 3474 3690">
     <span class='ocr_line' id='line_1_83' title="bbox 1903 3617 3474 3690; baseline -0.003 -16"><span class='ocrx_word' id='word_1_594' title='bbox 1903 3619 2116 3674; x_wconf 85' lang='lat' dir='ltr'><strong>dentem</strong></span> <span class='ocrx_word' id='word_1_595' title='bbox 2165 3635 2460 3690; x_wconf 86' lang='lat' dir='ltr'><strong>rursusque</strong></span> <span class='ocrx_word' id='word_1_596' title='bbox 2500 3620 2628 3676; x_wconf 92' lang='lat' dir='ltr'><strong>illuc</strong></span> <span class='ocrx_word' id='word_1_597' title='bbox 2672 3618 3080 3676; x_wconf 83' lang='lat' dir='ltr'><strong>revertentem?</strong></span> <span class='ocrx_word' id='word_1_598' title='bbox 3137 3626 3194 3672; x_wconf 88' lang='lat' dir='ltr'><strong>et</strong></span> <span class='ocrx_word' id='word_1_599' title='bbox 3219 3617 3474 3688; x_wconf 80' lang='lat' dir='ltr'><strong>appellati</strong></span> 
     </span>
    </p>
   </div>
   <div class='ocr_carea' id='block_1_84' title="bbox 1905 3709 3479 3781">
    <p class='ocr_par' dir='ltr' id='par_1_84' title="bbox 1905 3709 3479 3781">
     <span class='ocr_line' id='line_1_84' title="bbox 1905 3709 3479 3781; baseline -0.002 -18"><span class='ocrx_word' id='word_1_600' title='bbox 1905 3710 2143 3764; x_wconf 84' lang='lat' dir='ltr'><strong>hominis</strong></span> <span class='ocrx_word' id='word_1_601' title='bbox 2173 3710 2470 3781; x_wconf 73' lang='lat' dir='ltr'><strong>genitorem</strong></span> <span class='ocrx_word' id='word_1_602' title='bbox 2497 3712 2661 3766; x_wconf 91' lang='lat' dir='ltr'><strong>Deum</strong></span> <span class='ocrx_word' id='word_1_603' title='bbox 2689 3711 2904 3768; x_wconf 87' lang='lat' dir='ltr'><strong>Patrem</strong></span> <span class='ocrx_word' id='word_1_604' title='bbox 2938 3709 3101 3765; x_wconf 77' lang='lat' dir='ltr'><strong>esse?</strong></span> <span class='ocrx_word' id='word_1_605' title='bbox 3127 3709 3264 3774; x_wconf 85' lang='lat' dir='ltr'><strong>Quin</strong></span> <span class='ocrx_word' id='word_1_606' title='bbox 3293 3717 3345 3762; x_wconf 91' lang='lat' dir='ltr'><strong>tu</strong></span> <span class='ocrx_word' id='word_1_607' title='bbox 3384 3723 3479 3776; x_wconf 85' lang='lat' dir='ltr'><strong>po-</strong></span> 
     </span>
    </p>
   </div>
   <div class='ocr_carea' id='block_1_85' title="bbox 1907 3801 3478 3873">
    <p class='ocr_par' dir='ltr' id='par_1_85' title="bbox 1907 3801 3478 3873">
     <span class='ocr_line' id='line_1_85' title="bbox 1907 3801 3478 3873; baseline 0 -19"><span class='ocrx_word' id='word_1_608' title='bbox 1907 3802 2014 3856; x_wconf 86' lang='lat' dir='ltr'><strong>tius</strong></span> <span class='ocrx_word' id='word_1_609' title='bbox 2050 3803 2116 3857; x_wconf 88' lang='lat' dir='ltr'><strong>ad</strong></span> <span class='ocrx_word' id='word_1_610' title='bbox 2149 3817 2328 3858; x_wconf 88' lang='lat' dir='ltr'><strong>rerum</strong></span> <span class='ocrx_word' id='word_1_611' title='bbox 2359 3811 2634 3873; x_wconf 69' lang='lat' dir='ltr'><strong>gestarum</strong></span> <span class='ocrx_word' id='word_1_612' title='bbox 2664 3813 2912 3858; x_wconf 84' lang='lat' dir='ltr'><strong>naturam</strong></span> <span class='ocrx_word' id='word_1_613' title='bbox 2959 3801 3242 3872; x_wconf 87' lang='lat' dir='ltr'><strong>ipsamque</strong></span> <span class='ocrx_word' id='word_1_614' title='bbox 3271 3802 3478 3855; x_wconf 85' lang='lat' dir='ltr'><strong>verita-</strong></span> 
     </span>
    </p>
   </div>
   <div class='ocr_carea' id='block_1_86' title="bbox 1907 3877 3475 3967">
    <p class='ocr_par' dir='ltr' id='par_1_86' title="bbox 1907 3877 3475 3967">
     <span class='ocr_line' id='line_1_86' title="bbox 1907 3877 3475 3967; baseline -0.003 -19"><span class='ocrx_word' id='word_1_615' title='bbox 1907 3903 2012 3949; x_wconf 88' lang='lat' dir='ltr'><strong>tem</strong></span> <span class='ocrx_word' id='word_1_616' title='bbox 2057 3895 2306 3967; x_wconf 87' lang='lat' dir='ltr'><strong>respice;</strong></span> <span class='ocrx_word' id='word_1_617' title='bbox 2357 3903 2413 3951; x_wconf 90' lang='lat' dir='ltr'><strong>et</strong></span> <span class='ocrx_word' id='word_1_618' title='bbox 2457 3909 2578 3950; x_wconf 88' lang='lat' dir='ltr'><strong>cum</strong></span> <span class='ocrx_word' id='word_1_619' title='bbox 2630 3877 2854 3965; x_wconf 78' lang='lat' dir='ltr'><strong>stupore</strong></span> <span class='ocrx_word' id='word_1_620' title='bbox 2900 3893 3176 3950; x_wconf 84' lang='lat' dir='ltr'><strong>admirare</strong></span> <span class='ocrx_word' id='word_1_621' title='bbox 3227 3908 3475 3962; x_wconf 79' lang='lat' dir='ltr'><strong>magnum</strong></span> 
     </span>
    </p>
   </div>
   <div class='ocr_carea' id='block_1_87' title="bbox 1904 3985 3479 4058">
    <p class='ocr_par' dir='ltr' id='par_1_87' title="bbox 1904 3985 3479 4058">
     <span class='ocr_line' id='line_1_87' title="bbox 1904 3985 3479 4058; baseline -0.003 -16"><span class='ocrx_word' id='word_1_622' title='bbox 1904 3985 2220 4042; x_wconf 64' lang='lat' dir='ltr'><strong>mconomite</strong></span> <span class='ocrx_word' id='word_1_623' title='bbox 2243 3988 2582 4058; x_wconf 88' lang='lat' dir='ltr'><strong>mysterium,</strong></span> <span class='ocrx_word' id='word_1_624' title='bbox 2608 4002 2836 4058; x_wconf 66' lang='lat' dir='ltr'><strong>quaeque</strong></span> <span class='ocrx_word' id='word_1_625' title='bbox 2867 3987 2934 4042; x_wconf 89' lang='lat' dir='ltr'><strong>de</strong></span> <span class='ocrx_word' id='word_1_626' title='bbox 2956 4001 3018 4041; x_wconf 89' lang='lat' dir='ltr'><strong>ea</strong></span> <span class='ocrx_word' id='word_1_627' title='bbox 3039 3985 3291 4041; x_wconf 90' lang='lat' dir='ltr'><strong>dicuntur</strong></span> <span class='ocrx_word' id='word_1_628' title='bbox 3317 3993 3479 4052; x_wconf 88' lang='lat' dir='ltr'><strong>atque</strong></span> 
     </span>
    </p>
   </div>
   <div class='ocr_carea' id='block_1_88' title="bbox 1905 4075 3476 4149">
    <p class='ocr_par' dir='ltr' id='par_1_88' title="bbox 1905 4075 3476 4149">
     <span class='ocr_line' id='line_1_88' title="bbox 1905 4075 3476 4149; baseline -0.004 -15"><span class='ocrx_word' id='word_1_629' title='bbox 1905 4078 2201 4134; x_wconf 88' lang='lat' dir='ltr'><strong>creduntur</strong></span> <span class='ocrx_word' id='word_1_630' title='bbox 2238 4079 2390 4149; x_wconf 79' lang='lat' dir='ltr'><strong>juxta</strong></span> <span class='ocrx_word' id='word_1_631' title='bbox 2453 4079 2735 4134; x_wconf 62' lang='lat' dir='ltr'><strong>catholica:</strong></span> <span class='ocrx_word' id='word_1_632' title='bbox 2798 4077 3057 4133; x_wconf 76' lang='lat' dir='ltr'><strong>Ecclesia:</strong></span> <span class='ocrx_word' id='word_1_633' title='bbox 3105 4075 3476 4146; x_wconf 76' lang='lat' dir='ltr'><strong>magisterium</strong></span> 
     </span>
    </p>
   </div>
   <div class='ocr_carea' id='block_1_89' title="bbox 1905 4165 3477 4236">
    <p class='ocr_par' dir='ltr' id='par_1_89' title="bbox 1905 4165 3477 4236">
     <span class='ocr_line' id='line_1_89' title="bbox 1905 4165 3477 4236; baseline -0.004 -14"><span class='ocrx_word' id='word_1_634' title='bbox 1905 4167 2172 4234; x_wconf 85' lang='lat' dir='ltr'><strong>admitte,</strong></span> <span class='ocrx_word' id='word_1_635' title='bbox 2214 4168 2356 4222; x_wconf 84' lang='lat' dir='ltr'><strong>haud</strong></span> <span class='ocrx_word' id='word_1_636' title='bbox 2388 4169 2500 4236; x_wconf 85' lang='lat' dir='ltr'><strong>jam</strong></span> <span class='ocrx_word' id='word_1_637' title='bbox 2559 4169 2716 4222; x_wconf 90' lang='lat' dir='ltr'><strong>nudis</strong></span> <span class='ocrx_word' id='word_1_638' title='bbox 2764 4169 3052 4222; x_wconf 87' lang='lat' dir='ltr'><strong>attendens</strong></span> <span class='ocrx_word' id='word_1_639' title='bbox 3093 4165 3367 4220; x_wconf 88' lang='lat' dir='ltr'><strong>vocabulis</strong></span> <span class='ocrx_word' id='word_1_640' title='bbox 3411 4178 3477 4218; x_wconf 87' lang='lat' dir='ltr'><strong>ac</strong></span> 
     </span>
    </p>
   </div>
   <div class='ocr_carea' id='block_1_90' title="bbox 1905 4256 3470 4329">
    <p class='ocr_par' dir='ltr' id='par_1_90' title="bbox 1905 4256 3470 4329">
     <span class='ocr_line' id='line_1_90' title="bbox 1905 4256 3470 4329; baseline -0.006 -13"><span class='ocrx_word' id='word_1_641' title='bbox 1905 4259 2236 4324; x_wconf 84' lang='lat' dir='ltr'><strong>nominibus,</strong></span> <span class='ocrx_word' id='word_1_642' title='bbox 2275 4274 2340 4313; x_wconf 90' lang='lat' dir='ltr'><strong>ne</strong></span> <span class='ocrx_word' id='word_1_643' title='bbox 2373 4261 2600 4314; x_wconf 89' lang='lat' dir='ltr'><strong>salutem</strong></span> <span class='ocrx_word' id='word_1_644' title='bbox 2640 4267 2786 4313; x_wconf 89' lang='lat' dir='ltr'><strong>tuam</strong></span> <span class='ocrx_word' id='word_1_645' title='bbox 2831 4259 3075 4329; x_wconf 86' lang='lat' dir='ltr'><strong>abjicias.</strong></span> <span class='ocrx_word' id='word_1_646' title='bbox 3110 4257 3214 4312; x_wconf 87' lang='lat' dir='ltr'><strong>Sed</strong></span> <span class='ocrx_word' id='word_1_647' title='bbox 3259 4256 3470 4311; x_wconf 48' lang='lat' dir='ltr'><strong>hem‘tn</strong></span> 
     </span>
    </p>
   </div>
   <div class='ocr_carea' id='block_1_91' title="bbox 1906 4347 3473 4416">
    <p class='ocr_par' dir='ltr' id='par_1_91' title="bbox 1906 4347 3473 4416">
     <span class='ocr_line' id='line_1_91' title="bbox 1906 4347 3473 4416; baseline -0.005 -9"><span class='ocrx_word' id='word_1_648' title='bbox 1906 4351 2055 4407; x_wconf 89' lang='lat' dir='ltr'><strong>hisce</strong></span> <span class='ocrx_word' id='word_1_649' title='bbox 2082 4351 2332 4413; x_wconf 90' lang='lat' dir='ltr'><strong>omnibus</strong></span> <span class='ocrx_word' id='word_1_650' title='bbox 2372 4351 2678 4407; x_wconf 85' lang='lat' dir='ltr'><strong>valedicens</strong></span> <span class='ocrx_word' id='word_1_651' title='bbox 2699 4389 2714 4414; x_wconf 86' lang='lat'><em>.</em></span> <span class='ocrx_word' id='word_1_652' title='bbox 2752 4349 2965 4406; x_wconf 84' lang='lat' dir='ltr'><strong>vatibus</strong></span> <span class='ocrx_word' id='word_1_653' title='bbox 2997 4349 3104 4404; x_wconf 85' lang='lat' dir='ltr'><strong>tuis</strong></span> <span class='ocrx_word' id='word_1_654' title='bbox 3135 4347 3473 4416; x_wconf 83' lang='lat' dir='ltr'><strong>ducibusque</strong></span> 
     </span>
    </p>
   </div>
   <div class='ocr_carea' id='block_1_92' title="bbox 1905 4439 3478 4518">
    <p class='ocr_par' dir='ltr' id='par_1_92' title="bbox 1905 4439 3478 4518">
     <span class='ocr_line' id='line_1_92' title="bbox 1905 4439 3478 4518; baseline -0.009 -13"><span class='ocrx_word' id='word_1_655' title='bbox 1905 4449 2244 4518; x_wconf 84' lang='lat' dir='ltr'><strong>obsequens,</strong></span> <span class='ocrx_word' id='word_1_656' title='bbox 2276 4445 2344 4501; x_wconf 89' lang='lat' dir='ltr'><strong>ad</strong></span> <span class='ocrx_word' id='word_1_657' title='bbox 2382 4445 2815 4500; x_wconf 87' lang='lat' dir='ltr'><strong>calumniandam</strong></span> <span class='ocrx_word' id='word_1_658' title='bbox 2849 4443 3134 4500; x_wconf 82' lang='lat' dir='ltr'><strong>veritatem</strong></span> <span class='ocrx_word' id='word_1_659' title='bbox 3169 4439 3478 4508; x_wconf 83' lang='lat' dir='ltr'><strong>Christique</strong></span> 
     </span>
    </p>
   </div>
   <div class='ocr_carea' id='block_1_93' title="bbox 1907 4531 3476 4606">
    <p class='ocr_par' dir='ltr' id='par_1_93' title="bbox 1907 4531 3476 4606">
     <span class='ocr_line' id='line_1_93' title="bbox 1907 4531 3476 4606; baseline -0.008 -12"><span class='ocrx_word' id='word_1_660' title='bbox 1907 4537 2264 4594; x_wconf 69' lang='lat' dir='ltr'><strong>meouomiam</strong></span> <span class='ocrx_word' id='word_1_661' title='bbox 2311 4536 2479 4592; x_wconf 82' lang='lat' dir='ltr'><strong>stulte</strong></span> <span class='ocrx_word' id='word_1_662' title='bbox 2531 4535 2804 4606; x_wconf 87' lang='lat' dir='ltr'><strong>impieque</strong></span> <span class='ocrx_word' id='word_1_663' title='bbox 2835 4535 3104 4604; x_wconf 85' lang='lat' dir='ltr'><strong>procedis.</strong></span> <span class='ocrx_word' id='word_1_664' title='bbox 3144 4531 3253 4588; x_wconf 84' lang='lat' dir='ltr'><strong>Nos</strong></span> <span class='ocrx_word' id='word_1_665' title='bbox 3297 4540 3476 4584; x_wconf 87' lang='lat' dir='ltr'><strong>autem</strong></span> 
     </span>
    </p>
   </div>
   <div class='ocr_carea' id='block_1_94' title="bbox 1907 4623 3476 4698">
    <p class='ocr_par' dir='ltr' id='par_1_94' title="bbox 1907 4623 3476 4698">
     <span class='ocr_line' id='line_1_94' title="bbox 1907 4623 3476 4698; baseline -0.006 -14"><span class='ocrx_word' id='word_1_666' title='bbox 1907 4629 2041 4684; x_wconf 89' lang='lat' dir='ltr'><strong>istos</strong></span> <span class='ocrx_word' id='word_1_667' title='bbox 2072 4628 2342 4693; x_wconf 85' lang='lat' dir='ltr'><strong>homines,</strong></span> <span class='ocrx_word' id='word_1_668' title='bbox 2372 4627 2465 4698; x_wconf 91' lang='lat' dir='ltr'><strong>qui</strong></span> <span class='ocrx_word' id='word_1_669' title='bbox 2503 4627 2589 4698; x_wconf 23' lang='lat' dir='ltr'><strong>de.</strong></span> <span class='ocrx_word' id='word_1_670' title='bbox 2617 4627 2928 4684; x_wconf 86' lang='lat' dir='ltr'><strong>nominibus</strong></span> <span class='ocrx_word' id='word_1_671' title='bbox 2961 4633 3222 4696; x_wconf 74' lang='lat' dir='ltr'><strong>pugnant,</strong></span> <span class='ocrx_word' id='word_1_672' title='bbox 3249 4625 3304 4678; x_wconf 87' lang='lat' dir='ltr'><strong>in</strong></span> <span class='ocrx_word' id='word_1_673' title='bbox 3337 4623 3476 4676; x_wconf 86' lang='lat' dir='ltr'><strong>nuda</strong></span> 
     </span>
    </p>
   </div>
   <div class='ocr_carea' id='block_1_95' title="bbox 225 4698 1803 4789">
    <p class='ocr_par' dir='ltr' id='par_1_95' title="bbox 225 4711 1803 4786">
     <span class='ocr_line' id='line_1_95' title="bbox 225 4711 1803 4786; baseline -0.004 -16"><span class='ocrx_word' id='word_1_674' title='bbox 225 4716 343 4780; x_wconf 74' lang='grc' dir='ltr'><strong>ϐὦς</strong></span> <span class='ocrx_word' id='word_1_675' title='bbox 380 4712 795 4786; x_wconf 76' lang='grc' dir='ltr'>προελήλυθαςς</span> <span class='ocrx_word' id='word_1_676' title='bbox 851 4713 1044 4783; x_wconf 82' lang='grc' dir='ltr'>Ἡμεῖς</span> <span class='ocrx_word' id='word_1_677' title='bbox 1083 4711 1139 4765; x_wconf 86' lang='grc' dir='ltr'>δὲ</span> <span class='ocrx_word' id='word_1_678' title='bbox 1181 4713 1308 4775; x_wconf 84' lang='grc' dir='ltr'>τοὺς</span> <span class='ocrx_word' id='word_1_679' title='bbox 1356 4711 1803 4786; x_wconf 75' lang='grc' dir='ltr'>ὀνοματομάχους</span> 
     </span>
    </p>
   </div>
   <div class='ocr_carea' id='block_1_96' title="bbox 1907 4698 3480 4789">
    <p class='ocr_par' dir='ltr' id='par_1_96' title="bbox 1911 4716 3480 4789">
     <span class='ocr_line' id='line_1_96' title="bbox 1911 4716 3480 4789; baseline -0.007 -15"><span class='ocrx_word' id='word_1_680' title='bbox 1911 4718 2294 4774; x_wconf 80' lang='lat' dir='ltr'><strong>vocabulorum</strong></span> <span class='ocrx_word' id='word_1_681' title='bbox 2327 4727 2574 4789; x_wconf 90' lang='lat' dir='ltr'><strong>perstare</strong></span> <span class='ocrx_word' id='word_1_682' title='bbox 2599 4719 2983 4788; x_wconf 70' lang='lat' dir='ltr'><strong>pratdicatione</strong></span> <span class='ocrx_word' id='word_1_683' title='bbox 3025 4716 3286 4780; x_wconf 82' lang='lat' dir='ltr'><strong>sinentes,</strong></span> <span class='ocrx_word' id='word_1_684' title='bbox 3316 4723 3480 4782; x_wconf 85' lang='lat' dir='ltr'><strong>atque</strong></span> 
     </span>
    </p>
   </div>
   <div class='ocr_carea' id='block_1_97' title="bbox 225 4802 1803 4882">
    <p class='ocr_par' dir='ltr' id='par_1_97' title="bbox 225 4802 1803 4876">
     <span class='ocr_line' id='line_1_97' title="bbox 225 4802 1803 4876; baseline -0.002 -15"><span class='ocrx_word' id='word_1_685' title='bbox 225 4809 323 4861; x_wconf 78' lang='grc' dir='ltr'><strong>ἐπὶ</strong></span> <span class='ocrx_word' id='word_1_686' title='bbox 343 4809 446 4876; x_wconf 80' lang='grc' dir='ltr'>τῆς</span> <span class='ocrx_word' id='word_1_687' title='bbox 493 4805 603 4859; x_wconf 85' lang='grc' dir='ltr'><strong>τῶν</strong></span> <span class='ocrx_word' id='word_1_688' title='bbox 629 4805 912 4874; x_wconf 83' lang='grc' dir='ltr'>ὀνομάτων</span> <span class='ocrx_word' id='word_1_689' title='bbox 967 4803 1131 4875; x_wconf 78' lang='grc' dir='ltr'>ψιλῆς</span> <span class='ocrx_word' id='word_1_690' title='bbox 1172 4802 1426 4858; x_wconf 78' lang='grc' dir='ltr'>ἵστασθαι</span> <span class='ocrx_word' id='word_1_691' title='bbox 1465 4803 1803 4872; x_wconf 83' lang='grc' dir='ltr'>ἀπαγγελίας</span> 
     </span>
    </p>
   </div>
   <div class='ocr_carea' id='block_1_98' title="bbox 1907 4802 3476 4882">
    <p class='ocr_par' dir='ltr' id='par_1_98' title="bbox 1915 4807 3476 4882">
     <span class='ocr_line' id='line_1_98' title="bbox 1915 4807 3476 4882; baseline -0.003 -19"><span class='ocrx_word' id='word_1_692' title='bbox 1915 4819 1974 4864; x_wconf 85' lang='grc' dir='ltr'><strong>ιιι</strong></span> <span class='ocrx_word' id='word_1_693' title='bbox 2018 4811 2072 4864; x_wconf 90' lang='lat' dir='ltr'><strong>in</strong></span> <span class='ocrx_word' id='word_1_694' title='bbox 2119 4809 2344 4882; x_wconf 82' lang='lat' dir='ltr'><strong>syllabis</strong></span> <span class='ocrx_word' id='word_1_695' title='bbox 2371 4809 2658 4880; x_wconf 89' lang='lat' dir='ltr'><strong>litteraque</strong></span> <span class='ocrx_word' id='word_1_696' title='bbox 2690 4808 3052 4879; x_wconf 79' lang='lat' dir='ltr'><strong>digladientur</strong></span> <span class='ocrx_word' id='word_1_697' title='bbox 3088 4807 3476 4868; x_wconf 87' lang='lat' dir='ltr'><strong>concedentes,</strong></span> 
     </span>
    </p>
   </div>
   <div class='ocr_carea' id='block_1_99' title="bbox 224 4893 1803 4968">
    <p class='ocr_par' dir='ltr' id='par_1_99' title="bbox 224 4893 1803 4965">
     <span class='ocr_line' id='line_1_99' title="bbox 224 4893 1803 4965; baseline -0.004 -13"><span class='ocrx_word' id='word_1_698' title='bbox 224 4896 649 4959; x_wconf 74' lang='grc' dir='ltr'>καταλιπόντες,</span> <span class='ocrx_word' id='word_1_699' title='bbox 675 4895 773 4948; x_wconf 75' lang='grc' dir='ltr'>καὶ</span> <span class='ocrx_word' id='word_1_700' title='bbox 801 4893 1200 4965; x_wconf 85' lang='grc' dir='ltr'>προσπαλαίειν</span> <span class='ocrx_word' id='word_1_701' title='bbox 1227 4896 1348 4956; x_wconf 84' lang='grc' dir='ltr'>ταῖς</span> <span class='ocrx_word' id='word_1_702' title='bbox 1372 4893 1670 4956; x_wconf 76' lang='grc' dir='ltr'>συλλαϐαῖς</span> <span class='ocrx_word' id='word_1_703' title='bbox 1710 4895 1803 4947; x_wconf 76' lang='grc' dir='ltr'>καὶ</span> 
     </span>
    </p>
   </div>
   <div class='ocr_carea' id='block_1_100' title="bbox 1907 4893 3480 4968">
    <p class='ocr_par' dir='ltr' id='par_1_100' title="bbox 1915 4894 3480 4968">
     <span class='ocr_line' id='line_1_100' title="bbox 1915 4894 3480 4968; baseline -0.004 -16"><span class='ocrx_word' id='word_1_704' title='bbox 1915 4897 1979 4952; x_wconf 88' lang='lat' dir='ltr'><strong>ad</strong></span> <span class='ocrx_word' id='word_1_705' title='bbox 2010 4899 2256 4953; x_wconf 85' lang='lat' dir='ltr'><strong>veritatis</strong></span> <span class='ocrx_word' id='word_1_706' title='bbox 2287 4912 2576 4968; x_wconf 86' lang='lat' dir='ltr'><strong>rerumque</strong></span> <span class='ocrx_word' id='word_1_707' title='bbox 2599 4899 2834 4966; x_wconf 89' lang='lat' dir='ltr'><strong>ipsarum</strong></span> <span class='ocrx_word' id='word_1_708' title='bbox 2860 4895 2965 4949; x_wconf 89' lang='lat' dir='ltr'><strong>vim</strong></span> <span class='ocrx_word' id='word_1_709' title='bbox 2993 4894 3241 4954; x_wconf 84' lang='lat' dir='ltr'><strong>comersi</strong></span> <span class='ocrx_word' id='word_1_710' title='bbox 3271 4901 3480 4962; x_wconf 74' lang='lat' dir='ltr'><strong>specte-</strong></span> 
     </span>
    </p>
   </div>
   <div class='ocr_carea' id='block_1_101' title="bbox 220 4983 1808 5058">
    <p class='ocr_par' dir='ltr' id='par_1_101' title="bbox 220 4983 1808 5058">
     <span class='ocr_line' id='line_1_101' title="bbox 220 4983 1808 5058; baseline -0.005 -16"><span class='ocrx_word' id='word_1_711' title='bbox 220 4987 305 5058; x_wconf 84' lang='grc' dir='ltr'>τῷ</span> <span class='ocrx_word' id='word_1_712' title='bbox 324 4987 625 5057; x_wconf 70' lang='grc' dir='ltr'>γράμματι</span> <span class='ocrx_word' id='word_1_713' title='bbox 656 4983 997 5048; x_wconf 86' lang='grc' dir='ltr'>ύπενδόντες,</span> <span class='ocrx_word' id='word_1_714' title='bbox 1027 4984 1120 5036; x_wconf 80' lang='grc' dir='ltr'><strong>ἐπὶ</strong></span> <span class='ocrx_word' id='word_1_715' title='bbox 1149 4983 1248 5054; x_wconf 80' lang='grc' dir='ltr'>τὴν</span> <span class='ocrx_word' id='word_1_716' title='bbox 1295 4984 1396 5053; x_wconf 84' lang='grc' dir='ltr'>τῆς</span> <span class='ocrx_word' id='word_1_717' title='bbox 1421 4983 1684 5054; x_wconf 83' lang='grc' dir='ltr'>ἀληθείας</span> <span class='ocrx_word' id='word_1_718' title='bbox 1710 4985 1808 5036; x_wconf 82' lang='grc' dir='ltr'>καὶ</span> 
     </span>
    </p>
   </div>
   <div class='ocr_carea' id='block_1_102' title="bbox 222 5075 1808 5150">
    <p class='ocr_par' dir='ltr' id='par_1_102' title="bbox 222 5075 1808 5150">
     <span class='ocr_line' id='line_1_102' title="bbox 222 5075 1808 5150; baseline -0.004 -16"><span class='ocrx_word' id='word_1_719' title='bbox 222 5079 337 5134; x_wconf 84' lang='grc' dir='ltr'><strong>τῶν</strong></span> <span class='ocrx_word' id='word_1_720' title='bbox 363 5077 709 5150; x_wconf 81' lang='grc' dir='ltr'>πραγμάτων</span> <span class='ocrx_word' id='word_1_721' title='bbox 748 5075 930 5130; x_wconf 80' lang='grc' dir='ltr'>αὐτῶν</span> <span class='ocrx_word' id='word_1_722' title='bbox 977 5075 1206 5145; x_wconf 81' lang='grc' dir='ltr'>δύναμιν</span> <span class='ocrx_word' id='word_1_723' title='bbox 1236 5075 1658 5146; x_wconf 86' lang='grc' dir='ltr'>ἀπευθυνόμεθα</span> <span class='ocrx_word' id='word_1_724' title='bbox 1713 5076 1808 5128; x_wconf 77' lang='grc' dir='ltr'>καὶ</span> 
     </span>
    </p>
   </div>
   <div class='ocr_carea' id='block_1_103' title="bbox 223 5163 1804 5236">
    <p class='ocr_par' dir='ltr' id='par_1_103' title="bbox 223 5163 1804 5236">
     <span class='ocr_line' id='line_1_103' title="bbox 223 5163 1804 5236; baseline -0.002 -15"><span class='ocrx_word' id='word_1_725' title='bbox 223 5164 591 5233; x_wconf 81' lang='grc' dir='ltr'>ἁνανεύομεν,</span> <span class='ocrx_word' id='word_1_726' title='bbox 623 5163 699 5226; x_wconf 82' lang='grc' dir='ltr'><strong>ὡς</strong></span> <span class='ocrx_word' id='word_1_727' title='bbox 719 5163 777 5216; x_wconf 81' lang='grc' dir='ltr'>ὲν</span> <span class='ocrx_word' id='word_1_728' title='bbox 817 5163 1012 5234; x_wconf 87' lang='grc' dir='ltr'>βραχεῖ</span> <span class='ocrx_word' id='word_1_729' title='bbox 1035 5163 1100 5216; x_wconf 86' lang='grc' dir='ltr'><strong>τὰ</strong></span> <span class='ocrx_word' id='word_1_730' title='bbox 1120 5163 1347 5217; x_wconf 79' lang='grc' dir='ltr'>τοιαῦτα</span> <span class='ocrx_word' id='word_1_731' title='bbox 1379 5163 1804 5236; x_wconf 84' lang='grc' dir='ltr'>διεξερχόμενοι.</span> 
     </span>
    </p>
   </div>
   <div class='ocr_carea' id='block_1_104' title="bbox 299 5254 1808 5327">
    <p class='ocr_par' dir='ltr' id='par_1_104' title="bbox 299 5254 1808 5327">
     <span class='ocr_line' id='line_1_104' title="bbox 299 5254 1808 5327; baseline 0.001 -18"><span class='ocrx_word' id='word_1_732' title='bbox 299 5256 416 5327; x_wconf 62' lang='grc' dir='ltr'><strong>μζ.</strong></span> <span class='ocrx_word' id='word_1_733' title='bbox 452 5255 690 5308; x_wconf 84' lang='grc' dir='ltr'>Λεκτέον</span> <span class='ocrx_word' id='word_1_734' title='bbox 723 5254 903 5308; x_wconf 89' lang='grc' dir='ltr'>τοίνυν</span> <span class='ocrx_word' id='word_1_735' title='bbox 922 5254 998 5318; x_wconf 84' lang='grc' dir='ltr'>ὡς</span> <span class='ocrx_word' id='word_1_736' title='bbox 1025 5255 1086 5309; x_wconf 82' lang='grc' dir='ltr'>τὸ</span> <span class='ocrx_word' id='word_1_737' title='bbox 1107 5256 1339 5327; x_wconf 82' lang='grc' dir='ltr'>Χριστός</span> <span class='ocrx_word' id='word_1_738' title='bbox 1365 5256 1560 5327; x_wconf 68' lang='grc' dir='ltr'>ὄνομα,</span> <span class='ocrx_word' id='word_1_739' title='bbox 1612 5257 1808 5327; x_wconf 89' lang='grc' dir='ltr'>ὀμολο-</span> 
     </span>
    </p>
   </div>
   <div class='ocr_carea' id='block_1_105' title="bbox 223 5345 1810 5421">
    <p class='ocr_par' dir='ltr' id='par_1_105' title="bbox 223 5345 1810 5421">
     <span class='ocr_line' id='line_1_105' title="bbox 223 5345 1810 5421; baseline -0.001 -18"><span class='ocrx_word' id='word_1_740' title='bbox 223 5348 516 5418; x_wconf 72' lang='grc' dir='ltr'>γουμένως</span> <span class='ocrx_word' id='word_1_741' title='bbox 542 5346 641 5416; x_wconf 79' lang='grc' dir='ltr'>μὲν</span> <span class='ocrx_word' id='word_1_742' title='bbox 666 5345 764 5416; x_wconf 79' lang='grc' dir='ltr'>τὴν</span> <span class='ocrx_word' id='word_1_743' title='bbox 797 5345 966 5399; x_wconf 87' lang='grc' dir='ltr'>δυάδα</span> <span class='ocrx_word' id='word_1_744' title='bbox 1001 5346 1108 5398; x_wconf 83' lang='grc' dir='ltr'><strong>τῶν</strong></span> <span class='ocrx_word' id='word_1_745' title='bbox 1141 5346 1403 5418; x_wconf 84' lang='grc' dir='ltr'>φύσεωνὴ</span> <span class='ocrx_word' id='word_1_746' title='bbox 1415 5351 1504 5418; x_wconf 81' lang='grc' dir='ltr'>μῖν</span> <span class='ocrx_word' id='word_1_747' title='bbox 1537 5349 1810 5421; x_wconf 78' lang='grc' dir='ltr'>παρίστη-</span> 
     </span>
    </p>
   </div>
   <div class='ocr_carea' id='block_1_106' title="bbox 229 5435 1810 5512">
    <p class='ocr_par' dir='ltr' id='par_1_106' title="bbox 229 5435 1810 5512">
     <span class='ocr_line' id='line_1_106' title="bbox 229 5435 1810 5512; baseline 0.001 -20"><span class='ocrx_word' id='word_1_748' title='bbox 229 5458 318 5494; x_wconf 88' lang='grc' dir='ltr'><strong>σιν</strong></span> <span class='ocrx_word' id='word_1_749' title='bbox 357 5439 418 5492; x_wconf 80' lang='grc' dir='ltr'>ὲν</span> <span class='ocrx_word' id='word_1_750' title='bbox 440 5441 508 5510; x_wconf 76' lang='grc' dir='ltr'>τῇ</span> <span class='ocrx_word' id='word_1_751' title='bbox 535 5439 636 5510; x_wconf 72' lang='grc' dir='ltr'><strong>μιᾷ</strong></span> <span class='ocrx_word' id='word_1_752' title='bbox 663 5435 984 5504; x_wconf 83' lang='grc' dir='ltr'>ὑποστάσει,</span> <span class='ocrx_word' id='word_1_753' title='bbox 1019 5439 1094 5502; x_wconf 85' lang='grc' dir='ltr'>ὡς</span> <span class='ocrx_word' id='word_1_754' title='bbox 1139 5438 1404 5503; x_wconf 76' lang='grc' dir='ltr'>πολλάκις</span> <span class='ocrx_word' id='word_1_755' title='bbox 1432 5440 1491 5494; x_wconf 83' lang='grc' dir='ltr'>ὲν</span> <span class='ocrx_word' id='word_1_756' title='bbox 1519 5443 1633 5503; x_wconf 66' lang='grc' dir='ltr'><strong>ειιοίς⁹</strong></span> <span class='ocrx_word' id='word_1_757' title='bbox 1679 5458 1810 5512; x_wconf 86' lang='grc' dir='ltr'>προ-</span> 
     </span>
    </p>
   </div>
   <div class='ocr_carea' id='block_1_107' title="bbox 223 5528 1805 5602">
    <p class='ocr_par' dir='ltr' id='par_1_107' title="bbox 223 5528 1805 5602">
     <span class='ocr_line' id='line_1_107' title="bbox 223 5528 1805 5602; baseline 0.001 -18"><span class='ocrx_word' id='word_1_758' title='bbox 223 5528 464 5584; x_wconf 67' lang='grc' dir='ltr'>λαϐοῦσι</span> <span class='ocrx_word' id='word_1_759' title='bbox 521 5529 860 5600; x_wconf 80' lang='grc' dir='ltr'>πλατύτερον</span> <span class='ocrx_word' id='word_1_760' title='bbox 931 5530 1176 5601; x_wconf 79' lang='grc' dir='ltr'>εἴρηται·</span> <span class='ocrx_word' id='word_1_761' title='bbox 1235 5532 1268 5602; x_wconf 82' lang='grc' dir='ltr'><strong>ή</strong></span> <span class='ocrx_word' id='word_1_762' title='bbox 1329 5530 1386 5584; x_wconf 81' lang='grc' dir='ltr'>δὲ</span> <span class='ocrx_word' id='word_1_763' title='bbox 1444 5530 1805 5595; x_wconf 82' lang='grc' dir='ltr'>θεόπνευστος</span> 
     </span>
    </p>
   </div>
   <div class='ocr_carea' id='block_1_108' title="bbox 1917 4987 2999 5058">
    <p class='ocr_par' dir='ltr' id='par_1_108' title="bbox 1917 4987 2999 5058">
     <span class='ocr_line' id='line_1_108' title="bbox 1917 4987 2999 5058; baseline -0.002 -16"><span class='ocrx_word' id='word_1_764' title='bbox 1917 5003 2056 5058; x_wconf 90' lang='lat' dir='ltr'><strong>mus,</strong></span> <span class='ocrx_word' id='word_1_765' title='bbox 2088 4989 2426 5058; x_wconf 81' lang='lat' dir='ltr'><strong>breviterque</strong></span> <span class='ocrx_word' id='word_1_766' title='bbox 2457 4988 2598 5042; x_wconf 88' lang='lat' dir='ltr'><strong>hanc</strong></span> <span class='ocrx_word' id='word_1_767' title='bbox 2625 4987 2999 5056; x_wconf 76' lang='lat' dir='ltr'><strong>explanemus.</strong></span> 
     </span>
    </p>
   </div>
   <div class='ocr_carea' id='block_1_109' title="bbox 1981 5255 3482 5332">
    <p class='ocr_par' dir='ltr' id='par_1_109' title="bbox 1981 5255 3482 5332">
     <span class='ocr_line' id='line_1_109' title="bbox 1981 5255 3482 5332; baseline -0.005 -18"><span class='ocrx_word' id='word_1_768' title='bbox 1981 5261 2071 5318; x_wconf 68' lang='grc'><strong>47.</strong></span> <span class='ocrx_word' id='word_1_769' title='bbox 2130 5261 2422 5316; x_wconf 87' lang='lat' dir='ltr'><strong>Dicendum</strong></span> <span class='ocrx_word' id='word_1_770' title='bbox 2477 5269 2560 5318; x_wconf 90' lang='lat' dir='ltr'><strong>est</strong></span> <span class='ocrx_word' id='word_1_771' title='bbox 2614 5261 2798 5332; x_wconf 88' lang='lat' dir='ltr'><strong>itaque</strong></span> <span class='ocrx_word' id='word_1_772' title='bbox 2865 5259 3066 5318; x_wconf 88' lang='lat' dir='ltr'><strong>Christi</strong></span> <span class='ocrx_word' id='word_1_773' title='bbox 3126 5273 3317 5314; x_wconf 90' lang='lat' dir='ltr'><strong>nomen</strong></span> <span class='ocrx_word' id='word_1_774' title='bbox 3365 5255 3482 5309; x_wconf 87' lang='lat' dir='ltr'><strong>sine</strong></span> 
     </span>
    </p>
   </div>
   <div class='ocr_carea' id='block_1_110' title="bbox 1913 5349 3478 5422">
    <p class='ocr_par' dir='ltr' id='par_1_110' title="bbox 1913 5349 3478 5422">
     <span class='ocr_line' id='line_1_110' title="bbox 1913 5349 3478 5422; baseline -0.006 -14"><span class='ocrx_word' id='word_1_775' title='bbox 1913 5353 2075 5408; x_wconf 89' lang='lat' dir='ltr'><strong>dubio</strong></span> <span class='ocrx_word' id='word_1_776' title='bbox 2103 5362 2416 5408; x_wconf 79' lang='lat' dir='ltr'><strong>naturarum</strong></span> <span class='ocrx_word' id='word_1_777' title='bbox 2445 5353 2760 5410; x_wconf 86' lang='lat' dir='ltr'><strong>dualitatem</strong></span> <span class='ocrx_word' id='word_1_778' title='bbox 2785 5353 2938 5408; x_wconf 86' lang='lat' dir='ltr'><strong>nobis</strong></span> <span class='ocrx_word' id='word_1_779' title='bbox 2959 5351 3262 5422; x_wconf 76' lang='lat' dir='ltr'><strong>significare</strong></span> <span class='ocrx_word' id='word_1_780' title='bbox 3294 5349 3346 5402; x_wconf 88' lang='lat' dir='ltr'><strong>in</strong></span> <span class='ocrx_word' id='word_1_781' title='bbox 3373 5362 3478 5398; x_wconf 78' lang='lat' dir='ltr'><strong>una</strong></span> 
     </span>
    </p>
   </div>
   <div class='ocr_carea' id='block_1_111' title="bbox 1915 5437 3477 5514">
    <p class='ocr_par' dir='ltr' id='par_1_111' title="bbox 1915 5437 3477 5514">
     <span class='ocr_line' id='line_1_111' title="bbox 1915 5437 3477 5514; baseline -0.008 -16"><span class='ocrx_word' id='word_1_782' title='bbox 1915 5440 2214 5512; x_wconf 79' lang='lat' dir='ltr'><strong>ltypostasi,</strong></span> <span class='ocrx_word' id='word_1_783' title='bbox 2245 5451 2404 5510; x_wconf 89' lang='lat' dir='ltr'><strong>prout</strong></span> <span class='ocrx_word' id='word_1_784' title='bbox 2435 5457 2578 5514; x_wconf 68' lang='lat' dir='ltr'><strong>saepe</strong></span> <span class='ocrx_word' id='word_1_785' title='bbox 2607 5443 2660 5497; x_wconf 89' lang='lat' dir='ltr'><strong>in</strong></span> <span class='ocrx_word' id='word_1_786' title='bbox 2681 5442 3052 5514; x_wconf 84' lang='lat' dir='ltr'><strong>superioribus</strong></span> <span class='ocrx_word' id='word_1_787' title='bbox 3085 5440 3244 5493; x_wconf 86' lang='lat' dir='ltr'><strong>latius</strong></span> <span class='ocrx_word' id='word_1_788' title='bbox 3275 5437 3477 5490; x_wconf 89' lang='lat' dir='ltr'><strong>dictum</strong></span> 
     </span>
    </p>
   </div>
   <div class='ocr_carea' id='block_1_112' title="bbox 1915 5523 3479 5602">
    <p class='ocr_par' dir='ltr' id='par_1_112' title="bbox 1915 5523 3479 5602">
     <span class='ocr_line' id='line_1_112' title="bbox 1915 5523 3479 5602; baseline -0.003 -19"><span class='ocrx_word' id='word_1_789' title='bbox 1915 5530 2034 5586; x_wconf 78' lang='lat' dir='ltr'><strong>fuit.</strong></span> <span class='ocrx_word' id='word_1_790' title='bbox 2063 5530 2324 5600; x_wconf 86' lang='lat' dir='ltr'><strong>lnspirata</strong></span> <span class='ocrx_word' id='word_1_791' title='bbox 2355 5544 2534 5590; x_wconf 87' lang='lat' dir='ltr'><strong>autem</strong></span> <span class='ocrx_word' id='word_1_792' title='bbox 2564 5533 2820 5590; x_wconf 84' lang='lat' dir='ltr'><strong>divinitus</strong></span> <span class='ocrx_word' id='word_1_793' title='bbox 2846 5531 3151 5602; x_wconf 88' lang='lat' dir='ltr'><strong>Scriptura,</strong></span> <span class='ocrx_word' id='word_1_794' title='bbox 3172 5537 3232 5582; x_wconf 85' lang='lat' dir='ltr'><strong>et</strong></span> <span class='ocrx_word' id='word_1_795' title='bbox 3257 5523 3479 5580; x_wconf 83' lang='lat' dir='ltr'><strong>Patrum</strong></span> 
     </span>
    </p>
   </div>
   <div class='ocr_carea' id='block_1_113' title="bbox 300 5661 2357 5732">
    <p class='ocr_par' dir='ltr' id='par_1_113' title="bbox 300 5661 2357 5732">
     <span class='ocr_line' id='line_1_113' title="bbox 300 5661 2357 5732; baseline 0.003 -14"><span class='ocrx_word' id='word_1_796' title='bbox 300 5665 353 5698; x_wconf 80' lang='lat'><em>&quot;</em></span> <span class='ocrx_word' id='word_1_797' title='bbox 397 5661 558 5719; x_wconf 74' lang='lat' dir='ltr'><strong>Joan.</strong></span> <span class='ocrx_word' id='word_1_798' title='bbox 600 5665 782 5729; x_wconf 73' lang='lat' dir='ltr'><strong>Vt,6‘5.</strong></span> <span class='ocrx_word' id='word_1_799' title='bbox 859 5665 902 5696; x_wconf 82' lang='lat'>“</span> <span class='ocrx_word' id='word_1_800' title='bbox 941 5662 1098 5720; x_wconf 81' lang='lat' dir='ltr'><strong>Joan.</strong></span> <span class='ocrx_word' id='word_1_801' title='bbox 1138 5681 1218 5728; x_wconf 93' lang='grc' dir='ltr'>ιιι,</span> <span class='ocrx_word' id='word_1_802' title='bbox 1257 5664 1344 5719; x_wconf 77' lang='lat' dir='ltr'><strong>t3.</strong></span> <span class='ocrx_word' id='word_1_803' title='bbox 1422 5665 1465 5698; x_wconf 81' lang='grc'><strong>⁷²</strong></span> <span class='ocrx_word' id='word_1_804' title='bbox 1494 5665 1684 5720; x_wconf 82' lang='lat' dir='ltr'><strong>Matth.</strong></span> <span class='ocrx_word' id='word_1_805' title='bbox 1731 5665 1958 5732; x_wconf 73' lang='lat' dir='ltr'><strong>tm,28.</strong></span> <span class='ocrx_word' id='word_1_806' title='bbox 2036 5667 2082 5731; x_wconf 54' lang='grc' dir='ltr'><strong>’ἓ</strong></span> <span class='ocrx_word' id='word_1_807' title='bbox 2112 5666 2243 5723; x_wconf 83' lang='lat' dir='ltr'><strong>ibid.</strong></span> <span class='ocrx_word' id='word_1_808' title='bbox 2268 5667 2357 5724; x_wconf 69' lang='lat'><strong>27.</strong></span> 
     </span>
    </p>
   </div>
   <div class='ocr_carea' id='block_1_114' title="bbox 298 5819 2300 5892">
    <p class='ocr_par' dir='ltr' id='par_1_114' title="bbox 298 5819 2300 5892">
     <span class='ocr_line' id='line_1_114' title="bbox 298 5819 2300 5892; baseline -0.002 -12"><span class='ocrx_word' id='word_1_809' title='bbox 298 5820 422 5890; x_wconf 68' lang='lat'><strong>(64)</strong></span> <span class='ocrx_word' id='word_1_810' title='bbox 453 5819 650 5876; x_wconf 76' lang='lat' dir='ltr'><strong>Recole</strong></span> <span class='ocrx_word' id='word_1_811' title='bbox 689 5821 833 5875; x_wconf 82' lang='lat' dir='ltr'><strong>dicta</strong></span> <span class='ocrx_word' id='word_1_812' title='bbox 883 5819 948 5875; x_wconf 88' lang='lat' dir='ltr'><strong>de</strong></span> <span class='ocrx_word' id='word_1_813' title='bbox 980 5819 1146 5874; x_wconf 86' lang='lat' dir='ltr'><strong>variis</strong></span> <span class='ocrx_word' id='word_1_814' title='bbox 1195 5819 1570 5875; x_wconf 66' lang='lat' dir='ltr'><strong>haereticorum</strong></span> <span class='ocrx_word' id='word_1_815' title='bbox 1611 5820 1796 5887; x_wconf 89' lang='lat' dir='ltr'><strong>sectis,</strong></span> <span class='ocrx_word' id='word_1_816' title='bbox 1840 5837 1890 5892; x_wconf 88' lang='lat' dir='ltr'><strong>p.</strong></span> <span class='ocrx_word' id='word_1_817' title='bbox 1927 5823 2018 5890; x_wconf 75' lang='lat'><strong>5|,</strong></span> <span class='ocrx_word' id='word_1_818' title='bbox 2056 5823 2181 5878; x_wconf 89' lang='lat' dir='ltr'><strong>adn.</strong></span> <span class='ocrx_word' id='word_1_819' title='bbox 2209 5823 2300 5876; x_wconf 73' lang='grc'><strong>26.</strong></span> 
     </span>
    </p>
   </div>
  </div>
