3994 6198
953 248 1582 313 ANTIRRHETICUS
1618 252 1647 312 I
1686 256 1852 317 ADV.
1906 232 2496 322 CONSTANTINUM
2547 209 2784 328 corn;

3387 275 3496 341 326

231 354 513 424 σκέψεως,
540 353 724 426 παρῆν
742 355 798 409 δὲ
817 356 946 410 σκιὰ
969 356 1100 422 γοῦν
1119 358 1392 426 φιῖκοοεῖας
1415 362 1568 434 ὑμῖν,
1592 365 1744 419 οὐδὲν
1760 367 1809 420 ἂι

1927 371 2232 438 molimina,
2261 383 2310 428 et
2337 375 2380 430 si
2415 377 2608 433 umbra
2652 377 2842 434 saltem
2874 379 3093 449 pietatis
3127 383 3277 440 vobis
3305 375 3497 458 super-

225 446 334 502 νῗιν
347 446 546 516 ἐδέησε
564 447 675 499 τῶν
695 446 871 500 κενῶν
885 447 1092 502 τούτων
1105 451 1197 503 καὶ
1213 453 1380 505 νεωτέ
1389 471 1496 524 ρων
1511 455 1814 527 δογμάτων,

223 539 330 607 τῆς
361 537 606 611 Χριποῦ
636 537 968 608 Ἑκκληείας
1008 541 1343 604 άπεναντίας
1399 544 1590 602 ίοῠσιν.
1643 547 1820 620 Εἴπερ

225 628 340 702 γάρ
386 629 564 702 μετῆν
617 628 751 699 ὑμῖν
805 629 1088 694 εὐσεϐείας
1135 634 1380 704 φροντὶς,
1409 636 1578 706 ὀρθήν
1626 655 1685 692 τε
1721 639 1819 694 καὶ

227 721 572 792 ἀδιάϐλητον
595 721 696 792 τὴν
721 721 814 774 ἐπὶ
847 724 912 792 τῇ
945 719 1230 796 οἰκονομίᾳ
1261 726 1500 797 Χριστοῦ
1535 728 1818 796 διεσώζετε

223 811 418 878 δόξαν,
458 810 534 883 μὴ
562 815 1160 887 κατεσχηματισμένην
1197 817 1332 888 ἡμῖν
1374 819 1469 873 καὶ
1508 821 1822 893 πεπλασμέ-

222 919 334 972 νην
370 902 475 972 τὴν
507 903 650 956 κατὰ
673 905 910 976 Χριστὸν
950 903 1121 960 δυάδα
1145 905 1258 960 τῶν
1289 905 1504 976 φύσεων
1532 927 1819 984 προχειρι-

224 997 482 1066 ζόμενοι,
509 997 739 1061 δικαίως
788 999 856 1053 ἂν
891 999 1040 1070 μάλα
1085 1001 1181 1054 καὶ
1240 1002 1309 1054 τὰ
1338 1001 1432 1054 ὲπί
1486 1020 1551 1073 γε
1609 1005 1818 1078 ταύτης

221 1091 409 1142 οἰκεῖα
435 1089 532 1142 καὶ
561 1091 801 1169 ἁρμόδια
842 1091 1124 1146 ἀπεδίδοτε
1145 1107 1160 1122 ⁸
1211 1094 1307 1148 καὶ
1353 1094 1556 1167 διπλᾶς,
1589 1097 1688 1160 τὰς
1726 1098 1819 1152 ἐπὶ

222 1180 473 1250 Χριστοῦ
507 1181 794 1253 γεννήσεις
824 1183 1236 1252 ὁμολογοῦντες,
1267 1187 1367 1257 τήν
1400 1203 1460 1240 τε
1488 1185 1818 1258 προαιώνιον

222 1275 325 1326 καὶ
351 1271 594 1342 ἄναρχον
624 1271 920 1342 ἀσώματόν
937 1291 1018 1328 κε
1045 1274 1142 1329 καὶ
1168 1276 1364 1341 ἀΐδιον,
1405 1279 1470 1331 ἐκ
1513 1276 1609 1332 τοῦ
1649 1280 1818 1351 ἀνάρ-

225 1379 332 1432 χου
357 1363 457 1416 καὶ
485 1363 656 1416 ἀϊδίου
686 1363 923 1434 Πατρὸς,
953 1365 1048 1417 καὶ
1087 1364 1185 1436 τὴν
1233 1367 1372 1433 πρὸς
1415 1371 1539 1432 ταῖς
1585 1369 1818 1442 δυσμαῖς

224 1457 346 1512 τῶν
382 1455 594 1527 καιρῶν
623 1457 686 1508 ὲκ
711 1455 813 1526 τῆς
837 1445 1220 1528 παναχράντου
1259 1457 1549 1526 Θεοτόκου,
1583 1462 1683 1534 τῆς
1715 1470 1819 1516 σω-

225 1548 436 1619 τηρίας
479 1545 791 1614 τοῦγένους
845 1546 1008 1601 ἕνεκα
1043 1546 1135 1600 τοῦ
1165 1548 1435 1620 ἡμετέρου
1479 1549 1585 1604 ὑπὸ
1623 1552 1815 1623 χρόνον

227 1637 636 1709 γεγενημένην,
669 1635 924 1709 ἐνείματε
966 1636 1032 1692 ἃν
1061 1638 1301 1710 ἑκατέρᾳ.
1323 1639 1392 1694 τὰ
1420 1640 1488 1694 δι’
1515 1633 1588 1696 ὧν
1612 1643 1672 1696 τὸ
1695 1643 1812 1696 ἑτεη

1921 469 2089 529 esset,
2124 463 2258 518 nihil
2295 481 2438 522 nunc
2453 481 2586 536 opus
2605 467 2744 524 foret
2768 470 2922 528 vanis
2946 474 3341 548 neotericisque
3361 484 3494 551 dog-

1919 553 2157 610 matibus
2202 553 2501 612 Ecclesium
2536 559 2739 615 Christi
2780 574 3117 634 oppugnare.
3154 564 3406 626 Profecto
3443 575 3490 628 si

1917 644 2074 699 vobis
2103 646 2431 702 orthodoxia
2455 663 2602 704 cura:
2622 658 2801 718 esset,
2831 664 3146 724 rectamque
3175 665 3231 710 et
3259 658 3494 730 irrepre-

1917 733 2244 790 bensibilem
2297 737 2443 792 circa
2503 739 2706 794 Christi
2763 745 3104 797 mcunouiam
3162 751 3492 806 sententiam

1921 828 2258 895 retiueretis,
2288 843 2386 883 nec
2413 829 2680 886 ttmlitiose
2709 832 2992 900 lignratam
3029 844 3319 907 vestroque
3344 841 3490 895 arbi-

1919 929 2062 972 tratu
2111 920 2400 974 conﬁctam
2445 921 2496 974 in
2527 921 2747 976 Christo
2795 939 3148 992 personarum
3179 929 3490 985 dualitatem

1918 1013 2074 1068 nobis
2102 1013 2414 1082 objiceretis
2435 1054 2450 1082 ,
2484 1025 2633 1072 recte
2663 1017 2861 1087 oppido
2892 1018 2976 1072 illa
3007 1023 3169 1074 etiam
3217 1038 3336 1092 quae
3367 1024 3508 1078 huic

1916 1119 2042 1161 sunt
2072 1124 2310 1180 congrua
2345 1123 2409 1163 ac
2455 1110 2672 1180 propria
2704 1111 2990 1167 traderetis
3025 1133 3038 1168 :
3069 1113 3336 1182 duplicem
3385 1119 3492 1172 sci-

1918 1199 2040 1255 licet
2067 1199 2271 1257 Christi
2307 1202 2646 1257 nativitatem
2677 1205 3021 1272 conlitenles,
3047 1222 3209 1260 uuam
3237 1215 3365 1263 ante
3387 1193 3490 1264 ἕως

1918 1289 2039 1344 cula
2068 1301 2123 1344 et
2170 1293 2290 1346 sine
2336 1292 2494 1348 initio
2527 1293 2924 1364 incorporeum,
2963 1298 3395 1366 sempiternam,
3422 1316 3491 1356 ex

1915 1383 2248 1450 sempiterno
2277 1399 2341 1438 ac
2368 1384 2489 1438 sine
2517 1385 2787 1457 principio
2823 1386 2980 1441 Patre
3005 1407 3018 1447 ;
3053 1389 3279 1444 alteram
3307 1401 3489 1446 extre-

1918 1473 2022 1526 mis
2072 1475 2405 1542 temporibus
2461 1489 2528 1530 ex
2576 1477 2919 1532 immaculata
2972 1478 3242 1548 Deipara,
3301 1481 3492 1538 salutis

1917 1569 2116 1616 nostra:
2147 1577 2309 1618 causa
2341 1563 2394 1617 in
2427 1573 2671 1634 tempore
2697 1564 2894 1620 factam
2921 1583 2936 1630 ;
2963 1569 3178 1638 utrique
3205 1586 3264 1625 ea
3292 1571 3490 1628 tribue.

1919 1653 2052 1710 retis
2089 1655 2288 1724 quibus
2321 1656 2532 1711 illarum
2561 1659 2775 1712 diversa
2814 1661 3004 1712 natura
3042 1661 3408 1730 distinguitur,
3436 1674 3492 1718 et
3525 1721 3539 1726 ,

229 1730 438 1803 ροφυὲς
486 1726 668 1782 αὐτῶν
725 1727 1216 1800 χαρακτηρίζεται,
1251 1731 1346 1784 καὶ
1397 1731 1456 1784 τὸ
1499 1731 1809 1803 άσύγχυτον

1912 1745 2211 1802 inconiusa:
2257 1746 2718 1818 impormistzeque
2779 1747 3206 1818 dignoscuntur;
3244 1767 3342 1806 nec
3378 1769 3482 1807 non

225 1823 326 1876 καὶ
340 1819 705 1892 άσῦμφυρτον
721 1817 902 1874 αὐτῶν
921 1819 1271 1889 γνωρίζεται,
1287 1821 1492 1886 καὶτὰς
1511 1823 1812 1895 προσφυεῖς

225 1911 517 1983 ἐνεργείας
546 1927 606 1965 τε
655 1911 752 1966 καὶ
789 1911 1094 1982 θελήματα,
1129 1910 1200 1964 τὰ
1239 1910 1358 1965 θεῖα
1403 1913 1549 1984 φημὶ
1586 1915 1680 1968 καὶ
1715 1915 1812 1971 ἁν-

223 2004 504 2078 Θρώπινα.
541 1997 644 2056 *Ων
673 2005 784 2074 γὰρ
840 2006 895 2056 αῖ
929 2003 1123 2073 φύσεις
1165 2002 1434 2076 διάφοροι,
1489 2007 1692 2063 τούτων
1741 2007 1808 2078 δή

225 2115 338 2150 ⁴που
385 2099 482 2152 καὶ
517 2099 575 2150 at
607 2095 881 2169 ἐνέργειαι
908 2113 923 2128 ο
981 2095 1174 2167 ὥσπερ
1203 2098 1297 2152 καὶ
1341 2081 1418 2152 ὧν
1451 2100 1507 2152 αί
1537 2100 1810 2170 ἐνέργειαι

221 2189 288 2244 αι
319 2189 508 2256 αὑταὶ,
540 2190 748 2244 τούτων
779 2190 880 2261 ἤδη
919 2188 1016 2244 καὶ
1068 2191 1125 2244 αι
1177 2189 1369 2260 φύσεις
1403 2191 1676 2263 ὁμότιμοι,
1721 2193 1811 2247 διὰ

225 2281 329 2354 τὴν
360 2283 473 2336 τῶν
505 2282 873 2337 συνελθόντων
902 2282 1223 2337 ἐναντίωσιν
1254 2281 1398 2338 κατὰ
1427 2284 1489 2336 τὸ
1513 2284 1811 2356 ἐκκλησια-

209 2374 422 2428 -στικδν
475 2375 651 2445 δόγμα
707 2374 799 2426 καὶ
853 2373 1132 2446 φρόνημα.
1177 2373 1364 2438 Οὕτως
1410 2375 1520 2448 γὰρ
1569 2377 1810 2442 εὐσεϐῶς

223 2465 454 2536 ιοηθείη
485 2469 522 2537 ἡ
558 2464 654 2536 μὲν
683 2465 804 2518 Θεία
833 2467 1084 2537 ἐνέργεια
1133 2465 1326 2533 ἀΐδιος,
1363 2469 1564 2539 μᾶλλον
1591 2468 1647 2522 δὲ
1681 2469 1811 2524 αὑτ-

231 2558 521 2631 ενέργεια,
537 2556 618 2628 τῷ
642 2556 716 2628 μὴ
737 2556 1138 2628 διωρίσθαιτῆς
1163 2557 1354 2622 οὐσίας
1381 2558 1480 2630 τὴν
1503 2560 1806 2630 ἐνέργειαν,

211 2649 364 2704 sua
397 2648 492 2702 τὸν
509 2649 674 2702 αὐτὸν
705 2647 866 2717 λόγον
887 2649 1257 2720 ἐπιδέχεσθαι,
1279 2650 1370 2703 διὰ
1389 2649 1485 2722 τὴν
1505 2651 1606 2720 τῆς
1631 2652 1808 2721 ἁπλῆς

225 2745 321 2796 καὶ
353 2743 654 2813 ἀσωμάτου
702 2741 919 2810 φύσεως
966 2742 1230 2814 ἰδιότητα,
1284 2745 1381 2796 καὶ
1421 2743 1621 2798 ταύτὸν
1650 2742 1708 2796 δὲ
1751 2746 1808 2796 ὲν

223 2835 395 2888 παντί⁵
418 2833 698 2903 διαφόρως
724 2834 1011 2905 προϊοῦσα,
1049 2836 1143 2888 καὶ
1163 2836 1254 2899 ’ὡς
1285 2834 1354 2890 ἂν
1381 2835 1528 2889 είποι
1556 2853 1640 2898 τις
1668 2837 1806 2890 άπε-

222 2925 578 2995 ριγράπτως.
617 2925 692 2978 Οὐ
743 2926 852 2996 γὰρ
886 2925 1116 2996 δυνάμει
1153 2926 1420 2998 πρότερον
1445 2923 1603 2994 οὖσα,
1650 2926 1809 2982 ὓστε-

221 3033 319 3087 ρον
340 3017 424 3079 είς
459 3015 522 3068 τὸ
551 3015 802 3087 ἐνεργείᾳ
830 3017 894 3068 ἐκ
922 3015 1016 3070 τοῦ
1047 3017 1275 3088 δυνάμει
1305 3019 1566 3090 κατέστη.

296 3120 413 3195 μ.θῖ
455 3117 584 3176 Οἷόν
616 3141 670 3176 τι
699 3125 911 3194 είρηται
940 3125 1045 3180 ὑπὸ
1079 3127 1172 3180 τοῦ
1208 3127 1410 3198 Κυρίου
1437 3143 1452 3158 ο
1505 3128 1566 3181 '0
1604 3128 1808 3198 Πατήρ

217 3232 343 3284 μου
391 3214 509 3280 ἕως
553 3214 685 3282 ἄρτι
735 3215 1037 3284 ἐργάζεται
1073 3215 1174 3272 καὶ
1209 3217 1324 3287 ἐγὼ
1359 3217 1671 3288 ἐργάζομαι
1699 3236 1712 3250 ·
1744 3220 1804 3278 οὐ

220 3307 326 3378 τὴν
365 3305 429 3370 ἐξ
455 3306 632 3376 am;
679 3307 744 3358 ἐκ
788 3306 862 3378 μὴ
915 3305 1086 3382 ὄντων
1116 3309 1199 3372 είς
1242 3307 1304 3361 τδ
1332 3303 1468 3362 εῖναι
1492 3309 1602 3364 τῶν
1635 3309 1808 3367 ὄντων

228 3397 474 3468 πάροδον
515 3398 700 3468 μόνον,
728 3397 830 3467 ήδη
860 3397 917 3450 δὲ
947 3399 1043 3451 καὶ
1061 3399 1162 3470 τὴν
1193 3399 1323 3470 περὶ
1354 3400 1495 3454 αὐτὰ
1533 3405 1807 3483 συντήρη-

225 3490 310 3542 σίν
341 3503 404 3541 τε
459 3487 554 3540 καὶ
609 3487 890 3556 πρόνοιαν,
920 3485 996 3550 ὡς
1024 3485 1106 3552 τὸ,
1145 3489 1318 3541 ποιεῖν
1360 3488 1484 3553 τοὺς
1541 3489 1809 3559 ἀγγέλους

223 3579 394 3632 αὑτοῦ
451 3577 742 3648 πνεύματα
769 3593 784 3607 ⁸
835 3578 952 3640 καὶ,
983 3579 1246 3631 ἐκτείνειν
1269 3579 1361 3633 τὸν
1412 3580 1642 3652 οὐρανὸν
1675 3582 1808 3637 ὡσεὶ

219 3673 445 3744 εέῤῥιν·
471 3669 586 3732 καὶ,
630 3667 921 3736 στεγάζειν
957 3671 1017 3722 ὲν
1047 3669 1203 3723 ὖδασι
1226 3671 1291 3724 τὰ
1335 3671 1564 3744 ὑπερῷα
1589 3675 1760 3728 αὐτοῦ
1787 3691 1802 3706 ο

221 3762 344 3824 καὶ,
390 3759 684 3830 θεμελιοΰν
707 3758 808 3832 τὴν
837 3761 940 3830 γῆν
970 3761 1066 3814 ἐπὶ
1115 3761 1214 3832 τὴν
1257 3763 1558 3832 ἀσφάλειαν
1597 3767 1802 3837 αὐτῆςο

219 3857 375 3926 άπερ
405 3855 558 3919 ἅπαξ
579 3854 914 3918 ὑποστάντα,
936 3854 1032 3908 καὶ
1058 3855 1120 3908 τὸ
1148 3855 1372 3926 συνεχὲς
1403 3858 1500 3930 τῆς
1543 3859 1806 3932 διαμονῆς

218 3947 458 4018 ἐνεργοῦ
467 3965 626 4018 μενον
649 3947 942 4018 κέκτηται.
975 3949 1038 4001 Ἦ
1061 3948 1117 4002 δὲ
1140 3948 1476 4021 ἀνθρώπειος
1497 3952 1596 4005 οὐκ
1615 3953 1804 4020 ἀΐδιος,

217 4038 364 4090 ἀλλὰ
398 4035 817 4108 πεπερασμένη.
851 4039 946 4090 καὶ
999 4038 1328 4110 οἰκειότερον
1369 4041 1546 4092 είπεῖν
1585 4057 1808 4112 περιγε-

218 4131 552 4202 γραμμένη.
581 4129 811 4210 Διέκοψε
845 4130 1014 4202 γὰρὴ
1067 4131 1248 4201 σιωπὴ
1298 4131 1388 4184 τὸν
1425 4132 1826 4206 διαλεγόμενον⁹

218 4226 321 4278 καὶ
352 4227 383 4278 ὁ
453 4222 730 4287 ὸπνὼσας,
781 4223 905 4294 οὐχὶ
959 4224 1055 4277 καὶ
1111 4223 1419 4295 ὲγρήγορε;
1459 4225 1570 4278 Καὶ
1601 4225 1805 4296 ἠρεμία

217 4317 326 4384 τὴν
359 4315 586 4385 κίνησιν
617 4313 982 4385 περιέγραψε.
1008 4314 1118 4366 Καὶ
1142 4314 1330 4377 ἁπλῶς
1359 4315 1388 4366 ὁ
1415 4314 1469 4366 τί
1508 4331 1637 4367 ποτε
1661 4314 1804 4386 δρῶν

1912 1839 2299 1894 connaturales
2346 1841 2693 1908 operationes
2741 1853 2808 1896 ac
2867 1839 3207 1908 voluntates;
3249 1842 3486 1896 divinam

1911 1930 2121 1986 scilicet
2160 1940 2214 1986 et
2257 1931 2573 1985 humanam.
2621 1931 2862 1998 Quorum
2905 1932 3046 1986 enim
3097 1943 3227 1988 sunt
3263 1935 3490 1990 diversa:

1913 2029 2138 2086 naturae,
2172 2035 2360 2076 eorum
2383 2035 2536 2091 atque
2559 2031 2684 2077 sunt
2708 2023 2871 2080 etiam
2903 2025 3252 2094 operationes
3281 2044 3294 2082 :
3326 2028 3486 2083 sicuti

1911 2125 2142 2180 quorum
2171 2120 2298 2166 sunt
2326 2112 2529 2168 eaedem
2554 2113 2922 2182 operationes,
2957 2115 3152 2170 borum
3183 2117 3346 2171 etiam
3371 2119 3484 2186 pari

1911 2213 2040 2260 sunt
2077 2202 2282 2258 honore
2314 2211 2522 2258 natura).
2543 2241 2560 2268 ,
2593 2212 2816 2272 propter
2841 2205 3282 2260 concurrentium
3315 2221 3484 2277 oppo-

1909 2294 2194 2360 sitionem,
2223 2303 2380 2365 prout
2425 2293 2854 2349 ecclesiasticum
2887 2294 3080 2366 dogma
3129 2305 3182 2350 et
3215 2296 3484 2350 sententia

1910 2394 2014 2440 est.
2047 2384 2140 2440 Sic
2183 2385 2328 2439 enim
2379 2383 2637 2455 religiose
2681 2383 3008 2454 intelligitur
3051 2384 3229 2438 divina
3265 2385 3482 2454 quidem

1909 2475 2151 2544 operatio
2177 2474 2508 2544 sempiterna
2528 2513 2544 2538 ,
2581 2473 2666 2528 vel
2693 2474 2872 2543 potius
2897 2473 3270 2530 substantialis
3297 2489 3488 2545 Opera-

1913 2565 2022 2633 tio;
2061 2566 2186 2636 quia
2236 2578 2343 2620 non
2387 2565 2742 2635 distinguitur
2776 2581 2806 2620 a
2858 2566 3158 2623 substantia
3207 2569 3486 2638 operatio,

1909 2657 2003 2711 sed
2040 2657 2140 2712 sub
2169 2659 2418 2732 eamdem
2465 2657 2833 2714 deﬁnitionem
2883 2660 3063 2726 cadit,
3111 2671 3330 2729 propter
3357 2661 3489 2716 sim-

1909 2746 2062 2816 plicis
2085 2747 2532 2818 incorporezeque
2553 2759 2762 2804 naturae
2795 2750 3184 2819 proprietatem
3210 2767 3223 2816 ;
3249 2754 3487 2821 ttemqim

1911 2837 1963 2893 in
1991 2837 2138 2894 omni
2173 2853 2232 2894 re
2282 2837 2597 2895 dillerenter
2639 2832 2976 2911 procedens,
3006 2849 3170 2908 atque
3215 2849 3272 2893 ut
3306 2841 3380 2894 ita
3407 2842 3489 2894 di-

1909 2947 2029 2986 cam
2091 2931 2585 3002 iueircumscripte.
2641 2928 2758 2985 Non
2816 2931 2963 2986 enim
3036 2946 3156 2986 cum
3204 2938 3364 2986 antea
3403 2933 3488 2986 vis

1837 3055 1880 3112 ο
1913 3031 2090 3090 esset,
2127 3035 2310 3094 postea
2344 3025 2396 3080 in
2427 3023 2794 3094 operationem
2822 3039 2884 3078 ex
2924 3023 2970 3076 vi
3003 3023 3240 3076 transiit.

1973 3133 2065 3188 49.
2096 3132 2288 3188 Simile
2317 3133 2429 3204 (75)
2453 3131 2584 3204 quid
2612 3149 2640 3184 a
2675 3131 2900 3186 Damiuo
2931 3133 3131 3186 dictum
3163 3130 3300 3185 fuit:
3329 3128 3489 3184 Pater

1909 3239 2056 3278 meus
2097 3240 2258 3293 usque
2304 3229 2458 3278 modo
2501 3231 2780 3292 operatur,
2823 3233 2871 3276 et
2915 3237 3008 3290 ego
3070 3237 3257 3290 operor
3289 3221 3353 3284 ⁸⁸,
3381 3239 3485 3274 non

1909 3315 2084 3370 solum
2127 3315 2272 3368 illam
2300 3315 2368 3369 ab
2413 3313 2568 3368 initio
2613 3328 2680 3368 ex
2715 3327 2820 3369 nan
2858 3313 3198 3368 exstantibus
3235 3315 3302 3368 ad
3343 3317 3488 3368 exsi-

1909 3409 2159 3462 stendum
2193 3406 2605 3476 productionem
2633 3419 2834 3466 rerum,
2868 3405 2963 3458 sed
2989 3405 3151 3458 etiam
3173 3406 3484 3460 earumdem

1909 3498 2384 3552 conservationem
2439 3506 2496 3551 et
2541 3511 2764 3557 curam;
2813 3495 2978 3550 veluti
3029 3495 3210 3549 facere
3265 3496 3488 3565 angelos

1909 3602 2038 3642 suos
2079 3587 2302 3656 spiritus
2336 3586 2419 3654 ⁶¹;
2466 3593 2563 3650 et,
2613 3586 2907 3640 extendere
2959 3586 3155 3640 emtum
3189 3587 3330 3640 sicut
3369 3587 3486 3654 pel-

1911 3679 2014 3731 lem
2039 3678 2084 3710 “
2106 3695 2122 3742 ;
2147 3686 2222 3742 et,
2267 3686 2450 3746 tegere
2495 3676 2650 3744 aquis
2689 3675 2967 3744 superiora
3003 3674 3120 3742 ejus
3141 3672 3225 3738 ⁸⁸;
3257 3685 3330 3737 et,
3365 3673 3487 3728 fun-

1907 3769 2039 3822 dare
2069 3779 2267 3822 terram
2293 3782 2458 3834 super
2487 3765 2838 3821 stabilitatem
2863 3779 3018 3820 suam
3043 3765 3090 3797 ³⁵
3121 3789 3132 3820 ;
3166 3782 3287 3836 qua:
3317 3765 3486 3820 semel

1907 3861 2246 3926 constituta,
2282 3859 2697 3928 perpetuitatem
2749 3873 2966 3927 quoque
3010 3858 3314 3912 (iurationis
3359 3859 3486 3912 reti-

1907 3965 2055 4008 nent.
2074 3955 2143 4006 At
2168 3953 2401 4006 humana
2423 3951 2664 4021 operatio
2683 3951 2822 4004 haud
2844 3959 3048 4005 aeterna
3067 3961 3174 4014 est,
3192 3951 3285 4004 sed
3309 3949 3483 4014 ﬁnita,

1907 4056 2070 4115 atque
2100 4057 2158 4099 ιιι
2203 4045 2374 4115 magis
2403 4044 2619 4113 proprie
2655 4044 2830 4096 dicam
2873 4043 3305 4112 circumscripta.
3347 4039 3482 4095 Nam

1905 4134 2184 4190 silentium
2218 4135 2565 4204 interrumpit
2608 4132 2717 4204 65
2761 4133 3090 4201 loquentem.
3130 4133 3196 4186 Et
3225 4134 3314 4202 qui
3351 4123 3482 4186 dor;

1905 4225 2047 4289 tniit,
2073 4239 2251 4279 nonne
2284 4234 2468 4294 postea
2511 4223 2764 4293 evigilat?
2819 4222 2883 4276 Et
2932 4224 3088 4290 quies
3133 4233 3339 4278 motum
3370 4223 3480 4279 cir-

1907 4314 2246 4370 cumscribit.
2299 4315 2479 4383 Atque
2521 4313 2742 4368 omnino
2773 4313 2862 4380 qui
2905 4312 3109 4380 aliquid
3157 4314 3301 4383 agit,
3338 4313 3480 4368 haud

218 4405 287 4458 οὗ
309 4405 378 4474 δή
417 4420 523 4456 που
549 4403 644 4456 καὶ
691 4403 881 4474 ἕτερον
915 4405 975 4455 ιν
1003 4402 1188 4473 ταῦτῷ
1222 4402 1492 4474 δράσειεν.
1534 4402 1806 4468 Ὡσαύτως

1912 4405 2070 4460 simul
2117 4417 2172 4462 et
2218 4403 2359 4460 aliud
2407 4404 2596 4460 eodem
2633 4413 2876 4474 tempore
2911 4403 3093 4460 laciet.
3129 4404 3392 4460 Similiter
3425 4420 3480 4458 et

217 4493 326 4549 καὶ
358 4497 395 4564 ἡ
431 4491 662 4564 δύναμις
702 4493 856 4564 διττή
879 4509 895 4525 ο
929 4495 962 4564 ή
1013 4493 1113 4564 μὲν
1145 4492 1252 4562 γὰρ
1301 4491 1444 4558 θεία,
1501 4489 1667 4556 άῖδιος
1713 4494 1808 4547 καὶ

218 4586 598 4656 αὐτοδύναμις
647 4584 744 4639 καὶ
775 4583 1204 4656 ἁπειροδύναμις
1254 4583 1396 4638 κατὰ
1422 4584 1484 4638 τδ
1510 4585 1808 4656 ὑπεραῖρον

215 4679 325 4750 τῆς
366 4676 792 4748 μεγαλειότητος
817 4675 913 4729 καὶ
932 4675 1250 4746 δυνάμεως’
1290 4675 1366 4730 Ἥ
1395 4691 1460 4729 τε
1483 4675 1594 4748 γὰρ
1615 4673 1806 4742 ἀΐδιος

217 4769 419 4825 αὐτοῦ
439 4767 717 4837 δύναμις,
753 4769 908 4838 φησι,
966 4766 1064 4821 καί
1101 4765 1354 4833 θειότης.
1401 4765 1463 4818 Ἦ
1485 4765 1542 4819 δὲ
1584 4763 1801 4836 ἀνθρώ-

220 4877 408 4927 πειος,
443 4859 728 4927 εὐόριστος
775 4861 871 4914 καὶ⁵
896 4859 1151 4930 ἀσθενής.
1203 4857 1270 4913 Ἥ
1305 4859 1414 4928 τὰρ
1440 4855 1598 4926 σὰρξ
1620 4858 1799 4912 ἀσθε-

217 4957 363 5024 νὴς,
395 4954 516 5009 κᾶν
539 4953 608 5006 τὸ
641 4953 896 5022 πνεῦμα,
930 4953 1086 5023 φησι,
1111 4952 1438 5020 πρόθυμον.
1484 4949 1592 5002 Καί
1614 4965 1627 4980 ο
1659 4952 1801 5004 Ἀν-

216 5053 462 5116 θρωπος
492 5046 563 5098 ἐν
586 5043 792 5113 πληγῇ
817 5043 904 5096 ὢν
935 5044 1036 5096 καί
1056 5042 1227 5108 εἰδὼς
1247 5043 1450 5111 φέρειν
1473 5042 1798 5110 μαλακίαν.

213 5136 332 5192 Καί
353 5153 370 5167 ο
400 5136 462 5189 Et
503 5135 852 5202 summam;
886 5135 956 5198 ἐξ
986 5133 1324 5198 ἀσθενείας,
1349 5131 1484 5185 ἀλλά
1507 5131 1572 5199 (ei
1596 5132 1666 5184 ἐκ
1695 5131 1802 5187 δυ-

214 5231 479 5298 νάμεως.
509 5229 670 5282 Οὕτω
693 5229 787 5281 καὶ
826 5227 897 5280 τὰ
925 5225 1228 5297 Θελήματα,
1281 5225 1341 5277 τὸ
1373 5226 1471 5295 μὲν
1503 5224 1665 5289 Οεῖον,
1706 5222 1800 5276 καὶ

1909 4497 2078 4551 virtus
2109 4497 2301 4566 duplex
2327 4506 2438 4562 eSl;
2471 4495 2653 4550 divina
2679 4497 2925 4564 quidem,
2957 4498 3285 4565 sempiterna
3309 4535 3324 4560 ,
3353 4500 3482 4551 sub-

1904 4589 2176 4642 stantialis
2222 4591 2435 4654 virtus,
2492 4583 2758 4652 inmtensa
2807 4599 3107 4658 suapteqne
3165 4588 3214 4640 vi
3267 4590 3479 4652 virtus,

1903 4693 2114 4732 sumtno
2151 4677 2204 4731 in
2253 4677 2417 4744 gradu
2458 4675 2849 4745 magnitudinis
2892 4686 3058 4743 atque
3095 4674 3370 4743 potentiae.
3408 4670 3478 4738 Ει

1901 4773 2213 4836 sempiterna
2245 4769 2566 4838 ejuswirtm
2591 4784 2651 4830 ac
2677 4767 2924 4820 diuinitas
2955 4765 3021 4820 ⁸⁸.
3052 4765 3298 4820 Humana
3327 4780 3476 4821 vero.

1901 4861 2034 4914 satis
2062 4859 2288 4914 limitata
2339 4871 2504 4930 atque
2550 4859 2783 4913 iulirtua.
2833 4855 2972 4911 Caro
3030 4859 3184 4910 enim
3227 4858 3482 4938 inﬁrma.

1905 4952 2118 5005 etiamsi
2152 4951 2388 5020 spiritus,
2436 4952 2632 5018 inquit,
2669 4957 2940 5018 promptus
2959 4947 3027 5002 ⁸⁵.
3061 4947 3163 5000 Et:
3216 4947 3388 5002 Homo
3430 4951 3480 5000 in

1904 5043 2060 5110 plaga
2115 5045 2355 5111 positus,
2404 5047 2454 5093 et
2492 5040 2663 5093 sciens
2710 5037 2844 5108 ferre
2895 5039 3258 5107 inﬁrmitatem
3295 5039 3362 5092 ⁸⁷.
3411 5039 3477 5092 Et

1904 5133 2150 5201 quamvis
2177 5133 2462 5199 cruciﬁxus
2490 5132 2584 5183 fuit
2613 5148 2675 5184 ex
2697 5131 3005 5200 inﬁrmitate
3029 5173 3042 5193 ,
3067 5131 3186 5186 civit
3215 5144 3388 5185 tannm
3415 5147 3480 5184 ex

1910 5227 2098 5277 virtute
2125 5224 2188 5276 ³⁸.
2219 5225 2441 5292 Semper
2471 5224 2612 5276 enim
2644 5223 2784 5278 Deus
2825 5224 2960 5278 bene
2992 5225 3147 5279 nobis
3175 5242 3294 5280 esse
3325 5224 3428 5275 vult
3453 5262 3469 5285 ,

287 5412 336 5441 ὀ
378 5410 539 5464 Joan.
571 5407 742 5466 ν.17.
816 5405 861 5438 ⁸⁸
905 5407 1046 5460 Psal.
1088 5421 1205 5468 cm,
1241 5406 1296 5458 4.
1370 5370 1562 5460 "ibid.
1587 5409 1644 5463 Ξ.
1719 5404 1764 5436 ⁸³
1805 5403 2057 5460 ibid.5.”
2092 5405 2221 5458 ibid.
2257 5405 2304 5458 5.
2381 5404 2427 5434 ⁸⁸
2458 5402 2615 5458 Rom.
2650 5420 2690 5469 I,
2718 5404 2808 5462 20.
2886 5407 2931 5436 ⁸⁸
2964 5404 3151 5458 Matth.
3190 5419 3338 5467 xxvi,
3381 5405 3476 5458 ii.

214 5480 262 5514 "
310 5481 416 5534 isa.
463 5493 584 5542 LIII,
618 5479 674 5532 5.
749 5477 796 5508 ³⁸
828 5476 866 5530 ll
925 5479 1051 5531 Cor.
1093 5491 1216 5541 xm,
1265 5475 1319 5530 4.

295 5647 414 5717 (75)
450 5646 658 5700 Novem
687 5645 775 5714 qui
820 5653 1125 5715 sequuntur
1171 5659 1362 5699 versas
1396 5645 1620 5698 dederat
1671 5644 1836 5698 latine
1877 5649 2037 5700 ctiam
2085 5645 2378 5702 Tarriauus
2437 5649 2574 5716 apud
2623 5649 2920 5713 (Zuzisium,
2988 5657 3119 5702 tom.
3150 5647 3244 5703 cit.
3285 5664 3338 5718 ρ.
3375 5654 3464 5706 to.
