  <div class='ocr_page' id='page_1' title='image "/cluster/home/n/w/nwhite01/storage/ocr_20150623/100/hvd.32044054111919/169.png"; bbox 0 0 3994 6198; ppageno 0'>
   <div class='ocr_carea' id='block_1_1' title="bbox 432 195 536 259">
    <p class='ocr_par' dir='ltr' id='par_1_1' title="bbox 432 195 536 259">
     <span class='ocr_line' id='line_1_1' title="bbox 432 195 536 259; baseline 0 0"><span class='ocrx_word' id='word_1_1' title='bbox 432 195 536 259; x_wconf 75' lang='lat'><strong>327</strong></span> 
     </span>
    </p>
   </div>
   <div class='ocr_carea' id='block_1_2' title="bbox 1449 182 2663 252">
    <p class='ocr_par' dir='ltr' id='par_1_2' title="bbox 1449 182 2663 252">
     <span class='ocr_line' id='line_1_2' title="bbox 1449 182 2663 252; baseline -0.008 0"><span class='ocrx_word' id='word_1_2' title='bbox 1449 191 1510 252; x_wconf 91' lang='lat' dir='ltr'><strong>S.</strong></span> <span class='ocrx_word' id='word_1_3' title='bbox 1551 185 1970 250; x_wconf 82' lang='lat' dir='ltr'><strong>NICEPHORI</strong></span> <span class='ocrx_word' id='word_1_4' title='bbox 2006 183 2516 245; x_wconf 57' lang='lat' dir='ltr'><strong>PATRIARCHIE</strong></span> <span class='ocrx_word' id='word_1_5' title='bbox 2550 182 2663 245; x_wconf 75' lang='grc' dir='ltr'><strong>ΟΡ.</strong></span> 
     </span>
    </p>
   </div>
   <div class='ocr_carea' id='block_1_3' title="bbox 3596 176 3706 238">
    <p class='ocr_par' dir='ltr' id='par_1_3' title="bbox 3596 176 3706 238">
     <span class='ocr_line' id='line_1_3' title="bbox 3596 176 3706 238; baseline -0.018 0"><span class='ocrx_word' id='word_1_6' title='bbox 3596 176 3706 238; x_wconf 63' lang='lat'><strong>328</strong></span> 
     </span>
    </p>
   </div>
   <div class='ocr_carea' id='block_1_4' title="bbox 437 262 2018 371">
    <p class='ocr_par' dir='ltr' id='par_1_4' title="bbox 437 291 2010 371">
     <span class='ocr_line' id='line_1_4' title="bbox 437 291 2010 371; baseline -0.01 -9"><span class='ocrx_word' id='word_1_7' title='bbox 437 322 501 362; x_wconf 85' lang='lat' dir='ltr'><strong>ac</strong></span> <span class='ocrx_word' id='word_1_8' title='bbox 529 291 714 361; x_wconf 84' lang='lat' dir='ltr'><strong>salvos</strong></span> <span class='ocrx_word' id='word_1_9' title='bbox 743 306 865 360; x_wconf 83' lang='lat' dir='ltr'><strong>.tieri</strong></span> <span class='ocrx_word' id='word_1_10' title='bbox 890 343 907 371; x_wconf 84' lang='lat'><strong>,</strong></span> <span class='ocrx_word' id='word_1_11' title='bbox 939 312 992 359; x_wconf 87' lang='lat' dir='ltr'><strong>et</strong></span> <span class='ocrx_word' id='word_1_12' title='bbox 1012 300 1430 358; x_wconf 67' lang='lat' dir='ltr'><strong>conversionem</strong></span> <span class='ocrx_word' id='word_1_13' title='bbox 1466 298 1773 367; x_wconf 74' lang='lat' dir='ltr'><strong>peccatoris</strong></span> <span class='ocrx_word' id='word_1_14' title='bbox 1809 293 2010 363; x_wconf 75' lang='lat' dir='ltr'><strong>excipit</strong></span> 
     </span>
    </p>
   </div>
   <div class='ocr_carea' id='block_1_5' title="bbox 2122 262 3704 371">
    <p class='ocr_par' dir='ltr' id='par_1_5' title="bbox 2122 280 3704 361">
     <span class='ocr_line' id='line_1_5' title="bbox 2122 280 3704 361; baseline -0.004 -16"><span class='ocrx_word' id='word_1_15' title='bbox 2122 291 2318 360; x_wconf 68' lang='grc' dir='ltr'>ἅγαθόν</span> <span class='ocrx_word' id='word_1_16' title='bbox 2345 308 2359 322; x_wconf 77' lang='grc' dir='ltr'><strong><em>ο</em></strong></span> <span class='ocrx_word' id='word_1_17' title='bbox 2390 291 2479 346; x_wconf 71' lang='grc' dir='ltr'><strong>ἀεὶ</strong></span> <span class='ocrx_word' id='word_1_18' title='bbox 2513 289 2623 361; x_wconf 72' lang='grc' dir='ltr'><strong>γὰρ</strong></span> <span class='ocrx_word' id='word_1_19' title='bbox 2648 291 2677 344; x_wconf 88' lang='grc' dir='ltr'><strong>ό</strong></span> <span class='ocrx_word' id='word_1_20' title='bbox 2700 288 2835 352; x_wconf 87' lang='grc' dir='ltr'><strong>Θεὸς</strong></span> <span class='ocrx_word' id='word_1_21' title='bbox 2864 286 3010 341; x_wconf 85' lang='grc' dir='ltr'>θέλει</span> <span class='ocrx_word' id='word_1_22' title='bbox 3043 288 3192 358; x_wconf 70' lang='grc' dir='ltr'><strong>ἡμᾶς</strong></span> <span class='ocrx_word' id='word_1_23' title='bbox 3218 286 3317 341; x_wconf 75' lang='grc' dir='ltr'><strong>καὶ</strong></span> <span class='ocrx_word' id='word_1_24' title='bbox 3343 282 3406 340; x_wconf 77' lang='grc' dir='ltr'>εὖ</span> <span class='ocrx_word' id='word_1_25' title='bbox 3434 280 3578 340; x_wconf 75' lang='grc' dir='ltr'><strong>εἶναι</strong></span> <span class='ocrx_word' id='word_1_26' title='bbox 3606 287 3704 341; x_wconf 58' lang='grc' dir='ltr'><strong>καὶ⁵</strong></span> 
     </span>
    </p>
   </div>
   <div class='ocr_carea' id='block_1_6' title="bbox 436 383 2005 465">
    <p class='ocr_par' dir='ltr' id='par_1_6' title="bbox 436 383 2005 465">
     <span class='ocr_line' id='line_1_6' title="bbox 436 383 2005 465; baseline -0.008 -16"><span class='ocrx_word' id='word_1_27' title='bbox 436 405 601 465; x_wconf 82' lang='lat' dir='ltr'><strong>atque</strong></span> <span class='ocrx_word' id='word_1_28' title='bbox 630 393 1025 465; x_wconf 74' lang='lat' dir='ltr'><strong>ptenitentiam.</strong></span> <span class='ocrx_word' id='word_1_29' title='bbox 1053 390 1307 446; x_wconf 82' lang='lat' dir='ltr'><strong>Nostrum</strong></span> <span class='ocrx_word' id='word_1_30' title='bbox 1341 396 1521 443; x_wconf 85' lang='lat' dir='ltr'><strong>autem</strong></span> <span class='ocrx_word' id='word_1_31' title='bbox 1554 386 1823 455; x_wconf 83' lang='lat' dir='ltr'><strong>ingenium</strong></span> <span class='ocrx_word' id='word_1_32' title='bbox 1856 383 2005 439; x_wconf 85' lang='lat' dir='ltr'><strong>volu-</strong></span> 
     </span>
    </p>
   </div>
   <div class='ocr_carea' id='block_1_7' title="bbox 437 478 2007 544">
    <p class='ocr_par' dir='ltr' id='par_1_7' title="bbox 437 478 2007 544">
     <span class='ocr_line' id='line_1_7' title="bbox 437 478 2007 544; baseline -0.008 -4"><span class='ocrx_word' id='word_1_33' title='bbox 437 487 544 542; x_wconf 91' lang='lat' dir='ltr'><strong>bile</strong></span> <span class='ocrx_word' id='word_1_34' title='bbox 576 497 658 540; x_wconf 89' lang='lat' dir='ltr'><strong>est</strong></span> <span class='ocrx_word' id='word_1_35' title='bbox 685 501 751 540; x_wconf 89' lang='lat' dir='ltr'><strong>ac</strong></span> <span class='ocrx_word' id='word_1_36' title='bbox 785 485 1072 539; x_wconf 81' lang='lat' dir='ltr'><strong>limitatum</strong></span> <span class='ocrx_word' id='word_1_37' title='bbox 1102 502 1117 538; x_wconf 89' lang='lat'><strong>:</strong></span> <span class='ocrx_word' id='word_1_38' title='bbox 1161 497 1266 536; x_wconf 90' lang='lat' dir='ltr'><strong>non</strong></span> <span class='ocrx_word' id='word_1_39' title='bbox 1307 480 1452 534; x_wconf 91' lang='lat' dir='ltr'><strong>enim</strong></span> <span class='ocrx_word' id='word_1_40' title='bbox 1499 478 1640 532; x_wconf 89' lang='lat' dir='ltr'><strong>idem</strong></span> <span class='ocrx_word' id='word_1_41' title='bbox 1667 490 1885 544; x_wconf 81' lang='lat' dir='ltr'><strong>semper</strong></span> <span class='ocrx_word' id='word_1_42' title='bbox 1910 488 2007 527; x_wconf 83' lang='lat' dir='ltr'><strong>vo-</strong></span> 
     </span>
    </p>
   </div>
   <div class='ocr_carea' id='block_1_8' title="bbox 437 565 2009 645">
    <p class='ocr_par' dir='ltr' id='par_1_8' title="bbox 437 565 2009 645">
     <span class='ocr_line' id='line_1_8' title="bbox 437 565 2009 645; baseline -0.01 -12"><span class='ocrx_word' id='word_1_43' title='bbox 437 580 649 645; x_wconf 89' lang='lat' dir='ltr'><strong>lumus,</strong></span> <span class='ocrx_word' id='word_1_44' title='bbox 679 579 776 632; x_wconf 85' lang='lat' dir='ltr'><strong>sed</strong></span> <span class='ocrx_word' id='word_1_45' title='bbox 807 576 967 631; x_wconf 90' lang='lat' dir='ltr'><strong>modo</strong></span> <span class='ocrx_word' id='word_1_46' title='bbox 998 576 1099 638; x_wconf 85' lang='lat' dir='ltr'><strong>sic,</strong></span> <span class='ocrx_word' id='word_1_47' title='bbox 1129 573 1289 627; x_wconf 90' lang='lat' dir='ltr'><strong>modo</strong></span> <span class='ocrx_word' id='word_1_48' title='bbox 1311 571 1506 636; x_wconf 87' lang='lat' dir='ltr'><strong>aliter;</strong></span> <span class='ocrx_word' id='word_1_49' title='bbox 1540 569 1702 624; x_wconf 91' lang='lat' dir='ltr'><strong>modo</strong></span> <span class='ocrx_word' id='word_1_50' title='bbox 1730 565 2009 621; x_wconf 87' lang='lat' dir='ltr'><strong>ambulare</strong></span> 
     </span>
    </p>
   </div>
   <div class='ocr_carea' id='block_1_9' title="bbox 341 655 2010 730">
    <p class='ocr_par' dir='ltr' id='par_1_9' title="bbox 341 655 2010 730">
     <span class='ocr_line' id='line_1_9' title="bbox 341 655 2010 730; baseline -0.009 -9"><span class='ocrx_word' id='word_1_51' title='bbox 341 698 348 716; x_wconf 64' lang='grc' dir='ltr'><strong>ς</strong></span> <span class='ocrx_word' id='word_1_52' title='bbox 438 668 729 730; x_wconf 79' lang='lat' dir='ltr'><strong>volumus,</strong></span> <span class='ocrx_word' id='word_1_53' title='bbox 782 665 937 719; x_wconf 91' lang='lat' dir='ltr'><strong>modo</strong></span> <span class='ocrx_word' id='word_1_54' title='bbox 981 663 1300 730; x_wconf 80' lang='lat' dir='ltr'><strong>quiescere;</strong></span> <span class='ocrx_word' id='word_1_55' title='bbox 1346 661 1511 714; x_wconf 87' lang='lat' dir='ltr'><strong>modo</strong></span> <span class='ocrx_word' id='word_1_56' title='bbox 1558 655 1909 726; x_wconf 87' lang='lat' dir='ltr'><strong>contemplari</strong></span> <span class='ocrx_word' id='word_1_57' title='bbox 1956 664 2010 707; x_wconf 91' lang='lat' dir='ltr'><strong>et</strong></span> 
     </span>
    </p>
   </div>
   <div class='ocr_carea' id='block_1_10' title="bbox 439 743 2007 826">
    <p class='ocr_par' dir='ltr' id='par_1_10' title="bbox 439 743 2007 826">
     <span class='ocr_line' id='line_1_10' title="bbox 439 743 2007 826; baseline -0.011 -13"><span class='ocrx_word' id='word_1_58' title='bbox 439 756 742 826; x_wconf 86' lang='lat' dir='ltr'><strong>speculari,</strong></span> <span class='ocrx_word' id='word_1_59' title='bbox 776 754 932 808; x_wconf 87' lang='lat' dir='ltr'><strong>modo</strong></span> <span class='ocrx_word' id='word_1_60' title='bbox 952 767 1150 816; x_wconf 85' lang='lat' dir='ltr'><strong>secus;</strong></span> <span class='ocrx_word' id='word_1_61' title='bbox 1177 753 1335 806; x_wconf 88' lang='lat' dir='ltr'><strong>modo</strong></span> <span class='ocrx_word' id='word_1_62' title='bbox 1364 750 1579 821; x_wconf 87' lang='lat' dir='ltr'><strong>operari</strong></span> <span class='ocrx_word' id='word_1_63' title='bbox 1603 787 1619 813; x_wconf 86' lang='lat'><strong>,</strong></span> <span class='ocrx_word' id='word_1_64' title='bbox 1646 748 1804 802; x_wconf 91' lang='lat' dir='ltr'><strong>modo</strong></span> <span class='ocrx_word' id='word_1_65' title='bbox 1825 743 2007 801; x_wconf 89' lang='lat' dir='ltr'><strong>otiari.</strong></span> 
     </span>
    </p>
   </div>
   <div class='ocr_carea' id='block_1_11' title="bbox 437 830 2008 909">
    <p class='ocr_par' dir='ltr' id='par_1_11' title="bbox 437 830 2008 909">
     <span class='ocr_line' id='line_1_11' title="bbox 437 830 2008 909; baseline -0.01 -10"><span class='ocrx_word' id='word_1_66' title='bbox 437 846 505 900; x_wconf 86' lang='lat' dir='ltr'><strong>Et</strong></span> <span class='ocrx_word' id='word_1_67' title='bbox 544 848 668 897; x_wconf 87' lang='lat' dir='ltr'><strong>hum</strong></span> <span class='ocrx_word' id='word_1_68' title='bbox 710 830 920 903; x_wconf 76' lang='lat' dir='ltr'><strong>uitatis,</strong></span> <span class='ocrx_word' id='word_1_69' title='bbox 947 856 1067 909; x_wconf 72' lang='lat' dir='ltr'><strong>qua:</strong></span> <span class='ocrx_word' id='word_1_70' title='bbox 1094 841 1146 894; x_wconf 90' lang='lat' dir='ltr'><strong>in</strong></span> <span class='ocrx_word' id='word_1_71' title='bbox 1167 838 1396 894; x_wconf 87' lang='lat' dir='ltr'><strong>Christo</strong></span> <span class='ocrx_word' id='word_1_72' title='bbox 1423 846 1564 899; x_wconf 85' lang='lat' dir='ltr'><strong>erat,</strong></span> <span class='ocrx_word' id='word_1_73' title='bbox 1594 835 1848 890; x_wconf 77' lang='lat' dir='ltr'><strong>voluntas</strong></span> <span class='ocrx_word' id='word_1_74' title='bbox 1868 831 2008 887; x_wconf 84' lang='lat' dir='ltr'><strong>haud</strong></span> 
     </span>
    </p>
   </div>
   <div class='ocr_carea' id='block_1_12' title="bbox 439 924 2011 1001">
    <p class='ocr_par' dir='ltr' id='par_1_12' title="bbox 439 924 2011 1001">
     <span class='ocr_line' id='line_1_12' title="bbox 439 924 2011 1001; baseline -0.011 -7"><span class='ocrx_word' id='word_1_75' title='bbox 439 938 636 994; x_wconf 68' lang='lat' dir='ltr'><strong>divinas</strong></span> <span class='ocrx_word' id='word_1_76' title='bbox 678 934 951 988; x_wconf 83' lang='lat' dir='ltr'><strong>contraria</strong></span> <span class='ocrx_word' id='word_1_77' title='bbox 986 941 1136 997; x_wconf 91' lang='lat' dir='ltr'><strong>erat,</strong></span> <span class='ocrx_word' id='word_1_78' title='bbox 1182 932 1306 1001; x_wconf 79' lang='lat' dir='ltr'><strong>quia</strong></span> <span class='ocrx_word' id='word_1_79' title='bbox 1353 940 1462 984; x_wconf 88' lang='lat' dir='ltr'><strong>tota</strong></span> <span class='ocrx_word' id='word_1_80' title='bbox 1514 928 1787 983; x_wconf 86' lang='lat' dir='ltr'><strong>deificata.</strong></span> <span class='ocrx_word' id='word_1_81' title='bbox 1840 924 2011 979; x_wconf 86' lang='lat' dir='ltr'><strong>Seeus</strong></span> 
     </span>
    </p>
   </div>
   <div class='ocr_carea' id='block_1_13' title="bbox 440 1015 2011 1090">
    <p class='ocr_par' dir='ltr' id='par_1_13' title="bbox 440 1015 2011 1090">
     <span class='ocr_line' id='line_1_13' title="bbox 440 1015 2011 1090; baseline -0.01 -7"><span class='ocrx_word' id='word_1_82' title='bbox 440 1040 615 1083; x_wconf 86' lang='lat' dir='ltr'><strong>autem</strong></span> <span class='ocrx_word' id='word_1_83' title='bbox 648 1041 734 1081; x_wconf 89' lang='lat' dir='ltr'><strong>res</strong></span> <span class='ocrx_word' id='word_1_84' title='bbox 768 1034 973 1081; x_wconf 63' lang='lat' dir='ltr'><strong>naturae</strong></span> <span class='ocrx_word' id='word_1_85' title='bbox 1008 1034 1205 1078; x_wconf 60' lang='lat' dir='ltr'><strong>nostra:</strong></span> <span class='ocrx_word' id='word_1_86' title='bbox 1232 1022 1480 1077; x_wconf 72' lang='lat' dir='ltr'><strong>volubilis</strong></span> <span class='ocrx_word' id='word_1_87' title='bbox 1515 1031 1675 1090; x_wconf 86' lang='lat' dir='ltr'><strong>atque</strong></span> <span class='ocrx_word' id='word_1_88' title='bbox 1703 1019 1879 1082; x_wconf 73' lang='lat' dir='ltr'><strong>ﬂuxze,</strong></span> <span class='ocrx_word' id='word_1_89' title='bbox 1914 1015 2011 1069; x_wconf 81' lang='lat' dir='ltr'><strong>ali-</strong></span> 
     </span>
    </p>
   </div>
   <div class='ocr_carea' id='block_1_14' title="bbox 443 1110 2011 1188">
    <p class='ocr_par' dir='ltr' id='par_1_14' title="bbox 443 1110 2011 1188">
     <span class='ocr_line' id='line_1_14' title="bbox 443 1110 2011 1188; baseline -0.008 -16"><span class='ocrx_word' id='word_1_90' title='bbox 443 1130 523 1172; x_wconf 90' lang='lat' dir='ltr'><strong>ter</strong></span> <span class='ocrx_word' id='word_1_91' title='bbox 552 1128 715 1188; x_wconf 88' lang='lat' dir='ltr'><strong>atque</strong></span> <span class='ocrx_word' id='word_1_92' title='bbox 739 1116 898 1171; x_wconf 83' lang='lat' dir='ltr'><strong>aliter</strong></span> <span class='ocrx_word' id='word_1_93' title='bbox 926 1116 1137 1169; x_wconf 76' lang='lat' dir='ltr'><strong>variant</strong></span> <span class='ocrx_word' id='word_1_94' title='bbox 1163 1130 1225 1168; x_wconf 81' lang='lat' dir='ltr'><strong>ac</strong></span> <span class='ocrx_word' id='word_1_95' title='bbox 1269 1123 1672 1184; x_wconf 79' lang='lat' dir='ltr'><strong>pervertuntur,</strong></span> <span class='ocrx_word' id='word_1_96' title='bbox 1705 1110 2011 1165; x_wconf 83' lang='lat' dir='ltr'><strong>firmitatem</strong></span> 
     </span>
    </p>
   </div>
   <div class='ocr_carea' id='block_1_15' title="bbox 442 1205 1442 1263">
    <p class='ocr_par' dir='ltr' id='par_1_15' title="bbox 442 1205 1442 1263">
     <span class='ocr_line' id='line_1_15' title="bbox 442 1205 1442 1263; baseline -0.003 -1"><span class='ocrx_word' id='word_1_97' title='bbox 442 1208 643 1263; x_wconf 86' lang='lat' dir='ltr'><strong>nullam</strong></span> <span class='ocrx_word' id='word_1_98' title='bbox 671 1222 735 1262; x_wconf 89' lang='lat' dir='ltr'><strong>ac</strong></span> <span class='ocrx_word' id='word_1_99' title='bbox 780 1207 1130 1262; x_wconf 83' lang='lat' dir='ltr'><strong>stabilitatem</strong></span> <span class='ocrx_word' id='word_1_100' title='bbox 1157 1205 1442 1260; x_wconf 74' lang='lat' dir='ltr'><strong>habentes.</strong></span> 
     </span>
    </p>
   </div>
   <div class='ocr_carea' id='block_1_16' title="bbox 516 1473 2007 1548">
    <p class='ocr_par' dir='ltr' id='par_1_16' title="bbox 516 1473 2007 1548">
     <span class='ocr_line' id='line_1_16' title="bbox 516 1473 2007 1548; baseline -0.006 -9"><span class='ocrx_word' id='word_1_101' title='bbox 516 1482 608 1539; x_wconf 78' lang='lat'><strong>50.</strong></span> <span class='ocrx_word' id='word_1_102' title='bbox 650 1480 825 1548; x_wconf 70' lang='lat' dir='ltr'><strong>Quid?</strong></span> <span class='ocrx_word' id='word_1_103' title='bbox 846 1477 1033 1533; x_wconf 86' lang='lat' dir='ltr'><strong>Nonne</strong></span> <span class='ocrx_word' id='word_1_104' title='bbox 1064 1489 1121 1530; x_wconf 84' lang='lat' dir='ltr'><strong>et</strong></span> <span class='ocrx_word' id='word_1_105' title='bbox 1155 1476 1382 1532; x_wconf 89' lang='lat' dir='ltr'><strong>scientia</strong></span> <span class='ocrx_word' id='word_1_106' title='bbox 1432 1476 1626 1546; x_wconf 76' lang='lat' dir='ltr'><strong>duplex</strong></span> <span class='ocrx_word' id='word_1_107' title='bbox 1676 1475 1733 1529; x_wconf 90' lang='lat' dir='ltr'><strong>in</strong></span> <span class='ocrx_word' id='word_1_108' title='bbox 1789 1473 2007 1530; x_wconf 84' lang='lat' dir='ltr'><strong>Christo</strong></span> 
     </span>
    </p>
   </div>
   <div class='ocr_carea' id='block_1_17' title="bbox 444 1568 2008 1640">
    <p class='ocr_par' dir='ltr' id='par_1_17' title="bbox 444 1568 2008 1640">
     <span class='ocr_line' id='line_1_17' title="bbox 444 1568 2008 1640; baseline -0.006 -9"><span class='ocrx_word' id='word_1_109' title='bbox 444 1575 601 1631; x_wconf 74' lang='lat' dir='ltr'><strong>erat?</strong></span> <span class='ocrx_word' id='word_1_110' title='bbox 625 1575 833 1628; x_wconf 85' lang='lat' dir='ltr'><strong>Etenim</strong></span> <span class='ocrx_word' id='word_1_111' title='bbox 857 1578 1042 1640; x_wconf 89' lang='lat' dir='ltr'><strong>utpote</strong></span> <span class='ocrx_word' id='word_1_112' title='bbox 1073 1570 1213 1623; x_wconf 89' lang='lat' dir='ltr'><strong>Deus</strong></span> <span class='ocrx_word' id='word_1_113' title='bbox 1233 1569 1409 1622; x_wconf 82' lang='lat' dir='ltr'><strong>omnia</strong></span> <span class='ocrx_word' id='word_1_114' title='bbox 1444 1577 1665 1621; x_wconf 86' lang='lat' dir='ltr'><strong>noverat</strong></span> <span class='ocrx_word' id='word_1_115' title='bbox 1697 1576 1822 1621; x_wconf 83' lang='lat' dir='ltr'><strong>ante</strong></span> <span class='ocrx_word' id='word_1_116' title='bbox 1846 1568 2008 1623; x_wconf 87' lang='lat' dir='ltr'><strong>etiam</strong></span> 
     </span>
    </p>
   </div>
   <div class='ocr_carea' id='block_1_18' title="bbox 2111 378 3705 451">
    <p class='ocr_par' dir='ltr' id='par_1_18' title="bbox 2111 378 3705 451">
     <span class='ocr_line' id='line_1_18' title="bbox 2111 378 3705 451; baseline -0.001 -16"><span class='ocrx_word' id='word_1_117' title='bbox 2111 380 2379 446; x_wconf 79' lang='grc' dir='ltr'>σώζεσθαι</span> <span class='ocrx_word' id='word_1_118' title='bbox 2407 420 2423 447; x_wconf 95' lang='grc'><strong>,</strong></span> <span class='ocrx_word' id='word_1_119' title='bbox 2476 381 2568 434; x_wconf 75' lang='grc' dir='ltr'><strong>καὶ</strong></span> <span class='ocrx_word' id='word_1_120' title='bbox 2626 379 2724 434; x_wconf 81' lang='grc' dir='ltr'><strong>τοῦ</strong></span> <span class='ocrx_word' id='word_1_121' title='bbox 2788 378 3121 451; x_wconf 81' lang='grc' dir='ltr'><strong>ἁμαρτωλοῦ</strong></span> <span class='ocrx_word' id='word_1_122' title='bbox 3195 378 3298 447; x_wconf 73' lang='grc' dir='ltr'><strong>τὴν</strong></span> <span class='ocrx_word' id='word_1_123' title='bbox 3355 379 3705 451; x_wconf 65' lang='grc' dir='ltr'>ἐπιστροφὴν</span> 
     </span>
    </p>
   </div>
   <div class='ocr_carea' id='block_1_19' title="bbox 2094 469 3701 555">
    <p class='ocr_par' dir='ltr' id='par_1_19' title="bbox 2094 469 3701 555">
     <span class='ocr_line' id='line_1_19' title="bbox 2094 469 3701 555; baseline -0.002 -29"><span class='ocrx_word' id='word_1_124' title='bbox 2094 472 2392 555; x_wconf 27' lang='grc' dir='ltr'>,ἐκδέχεται</span> <span class='ocrx_word' id='word_1_125' title='bbox 2412 473 2510 525; x_wconf 76' lang='grc' dir='ltr'><strong>καὶ</strong></span> <span class='ocrx_word' id='word_1_126' title='bbox 2532 472 2633 542; x_wconf 81' lang='grc' dir='ltr'><strong>τὴν</strong></span> <span class='ocrx_word' id='word_1_127' title='bbox 2661 470 2975 542; x_wconf 81' lang='grc' dir='ltr'><strong>μετάνοιαν.</strong></span> <span class='ocrx_word' id='word_1_128' title='bbox 3018 470 3166 524; x_wconf 56' lang='lat' dir='ltr'><strong>res:</strong></span> <span class='ocrx_word' id='word_1_129' title='bbox 3200 469 3326 525; x_wconf 78' lang='grc' dir='ltr'><strong>καθ’</strong></span> <span class='ocrx_word' id='word_1_130' title='bbox 3366 470 3545 541; x_wconf 69' lang='grc' dir='ltr'><strong>ἡμᾶς,</strong></span> <span class='ocrx_word' id='word_1_131' title='bbox 3571 487 3701 542; x_wconf 77' lang='grc' dir='ltr'>τρε-</span> 
     </span>
    </p>
   </div>
   <div class='ocr_carea' id='block_1_20' title="bbox 2110 560 3787 633">
    <p class='ocr_par' dir='ltr' id='par_1_20' title="bbox 2110 560 3787 633">
     <span class='ocr_line' id='line_1_20' title="bbox 2110 560 3787 633; baseline -0.002 -15"><span class='ocrx_word' id='word_1_132' title='bbox 2110 563 2243 618; x_wconf 83' lang='grc' dir='ltr'><strong>πτὸν</strong></span> <span class='ocrx_word' id='word_1_133' title='bbox 2270 564 2362 618; x_wconf 64' lang='grc' dir='ltr'><strong>καλ⁸</strong></span> <span class='ocrx_word' id='word_1_134' title='bbox 2394 563 2814 633; x_wconf 82' lang='grc' dir='ltr'><strong>πεπερασμένον</strong></span> <span class='ocrx_word' id='word_1_135' title='bbox 2838 580 2851 594; x_wconf 89' lang='grc'><strong>·</strong></span> <span class='ocrx_word' id='word_1_136' title='bbox 2885 564 2947 615; x_wconf 71' lang='grc' dir='ltr'>οὐ</span> <span class='ocrx_word' id='word_1_137' title='bbox 2966 562 3078 631; x_wconf 80' lang='grc' dir='ltr'><strong>γὰρ</strong></span> <span class='ocrx_word' id='word_1_138' title='bbox 3094 561 3187 615; x_wconf 77' lang='grc' dir='ltr'><strong>ἀεὶ</strong></span> <span class='ocrx_word' id='word_1_139' title='bbox 3212 560 3413 615; x_wconf 83' lang='grc' dir='ltr'><strong>ταύτὸν</strong></span> <span class='ocrx_word' id='word_1_140' title='bbox 3442 561 3699 632; x_wconf 76' lang='grc' dir='ltr'><strong>θέλομεν,</strong></span> <span class='ocrx_word' id='word_1_141' title='bbox 3782 562 3787 569; x_wconf 77' lang='grc'><em>’</em></span> 
     </span>
    </p>
   </div>
   <div class='ocr_carea' id='block_1_21' title="bbox 2110 651 3707 726">
    <p class='ocr_par' dir='ltr' id='par_1_21' title="bbox 2110 651 3707 726">
     <span class='ocr_line' id='line_1_21' title="bbox 2110 651 3707 726; baseline -0.003 -17"><span class='ocrx_word' id='word_1_142' title='bbox 2110 656 2247 709; x_wconf 79' lang='grc' dir='ltr'>ἀλλὰ</span> <span class='ocrx_word' id='word_1_143' title='bbox 2272 656 2368 710; x_wconf 83' lang='grc' dir='ltr'>νῦν</span> <span class='ocrx_word' id='word_1_144' title='bbox 2398 655 2499 726; x_wconf 86' lang='grc' dir='ltr'><strong>μὲν</strong></span> <span class='ocrx_word' id='word_1_145' title='bbox 2526 653 2722 720; x_wconf 75' lang='grc' dir='ltr'><strong>οὕτως,</strong></span> <span class='ocrx_word' id='word_1_146' title='bbox 2750 654 2845 707; x_wconf 83' lang='grc' dir='ltr'><strong>νῦν</strong></span> <span class='ocrx_word' id='word_1_147' title='bbox 2870 654 2927 713; x_wconf 73' lang='grc' dir='ltr'><strong>δὲ</strong></span> <span class='ocrx_word' id='word_1_148' title='bbox 2958 653 3166 724; x_wconf 79' lang='grc' dir='ltr'><strong>ἑτέρως</strong></span> <span class='ocrx_word' id='word_1_149' title='bbox 3190 668 3205 682; x_wconf 75' lang='grc' dir='ltr'><strong>ο</strong></span> <span class='ocrx_word' id='word_1_150' title='bbox 3240 654 3376 706; x_wconf 78' lang='grc' dir='ltr'>ποτὲ</span> <span class='ocrx_word' id='word_1_151' title='bbox 3420 652 3525 723; x_wconf 81' lang='grc' dir='ltr'><strong>μὲν</strong></span> <span class='ocrx_word' id='word_1_152' title='bbox 3554 651 3707 724; x_wconf 83' lang='grc' dir='ltr'><strong>βαδὶ-</strong></span> 
     </span>
    </p>
   </div>
   <div class='ocr_carea' id='block_1_22' title="bbox 2111 742 3705 817">
    <p class='ocr_par' dir='ltr' id='par_1_22' title="bbox 2111 742 3705 817">
     <span class='ocr_line' id='line_1_22' title="bbox 2111 742 3705 817; baseline -0.003 -16"><span class='ocrx_word' id='word_1_153' title='bbox 2111 746 2246 813; x_wconf 79' lang='grc' dir='ltr'><strong>ζειν,</strong></span> <span class='ocrx_word' id='word_1_154' title='bbox 2278 746 2410 801; x_wconf 77' lang='grc' dir='ltr'>ποτὲ</span> <span class='ocrx_word' id='word_1_155' title='bbox 2441 746 2501 800; x_wconf 73' lang='grc' dir='ltr'>δὲ</span> <span class='ocrx_word' id='word_1_156' title='bbox 2546 746 2813 817; x_wconf 71' lang='grc' dir='ltr'><strong>ἠρεμεῖνσ</strong></span> <span class='ocrx_word' id='word_1_157' title='bbox 2850 745 2946 797; x_wconf 69' lang='grc' dir='ltr'><strong>καὶ</strong></span> <span class='ocrx_word' id='word_1_158' title='bbox 2993 744 3120 798; x_wconf 76' lang='grc' dir='ltr'>ποτὲ</span> <span class='ocrx_word' id='word_1_159' title='bbox 3161 744 3264 815; x_wconf 83' lang='grc' dir='ltr'><strong>μὲν</strong></span> <span class='ocrx_word' id='word_1_160' title='bbox 3320 742 3554 815; x_wconf 76' lang='grc' dir='ltr'>θεωρεῖν</span> <span class='ocrx_word' id='word_1_161' title='bbox 3605 746 3705 797; x_wconf 83' lang='grc' dir='ltr'><strong>καὶ</strong></span> 
     </span>
    </p>
   </div>
   <div class='ocr_carea' id='block_1_23' title="bbox 2114 834 3699 907">
    <p class='ocr_par' dir='ltr' id='par_1_23' title="bbox 2114 834 3699 907">
     <span class='ocr_line' id='line_1_23' title="bbox 2114 834 3699 907; baseline -0.003 -16"><span class='ocrx_word' id='word_1_162' title='bbox 2114 837 2468 903; x_wconf 77' lang='grc' dir='ltr'><strong>σκέπτεσθαι,</strong></span> <span class='ocrx_word' id='word_1_163' title='bbox 2506 836 2641 891; x_wconf 78' lang='grc' dir='ltr'>ποτὲ</span> <span class='ocrx_word' id='word_1_164' title='bbox 2686 836 2745 889; x_wconf 83' lang='grc' dir='ltr'>δὲ</span> <span class='ocrx_word' id='word_1_165' title='bbox 2789 834 2851 890; x_wconf 77' lang='grc' dir='ltr'><strong>οὗ</strong></span> <span class='ocrx_word' id='word_1_166' title='bbox 2880 852 2894 866; x_wconf 82' lang='lat'><strong><em>°</em></strong></span> <span class='ocrx_word' id='word_1_167' title='bbox 2942 836 3038 889; x_wconf 77' lang='grc' dir='ltr'><strong>καὶ</strong></span> <span class='ocrx_word' id='word_1_168' title='bbox 3087 835 3223 888; x_wconf 80' lang='grc' dir='ltr'><strong>ποτὲ</strong></span> <span class='ocrx_word' id='word_1_169' title='bbox 3270 835 3370 905; x_wconf 81' lang='grc' dir='ltr'><strong>μὲν</strong></span> <span class='ocrx_word' id='word_1_170' title='bbox 3422 835 3699 907; x_wconf 77' lang='grc' dir='ltr'>ἐνεργεῖν,</span> 
     </span>
    </p>
   </div>
   <div class='ocr_carea' id='block_1_24' title="bbox 2114 927 3813 999">
    <p class='ocr_par' dir='ltr' id='par_1_24' title="bbox 2114 927 3813 999">
     <span class='ocr_line' id='line_1_24' title="bbox 2114 927 3813 999; baseline -0.002 -16"><span class='ocrx_word' id='word_1_171' title='bbox 2114 930 2245 984; x_wconf 74' lang='grc' dir='ltr'>ποτὲ</span> <span class='ocrx_word' id='word_1_172' title='bbox 2276 929 2333 983; x_wconf 83' lang='grc' dir='ltr'>δὲ</span> <span class='ocrx_word' id='word_1_173' title='bbox 2359 928 2668 999; x_wconf 75' lang='grc' dir='ltr'><strong>σχολάζειν.</strong></span> <span class='ocrx_word' id='word_1_174' title='bbox 2702 928 2811 981; x_wconf 76' lang='grc' dir='ltr'><strong>Καὶ</strong></span> <span class='ocrx_word' id='word_1_175' title='bbox 2840 928 2935 981; x_wconf 83' lang='grc' dir='ltr'><strong>τοῦ</strong></span> <span class='ocrx_word' id='word_1_176' title='bbox 2962 927 3112 998; x_wconf 41' lang='grc' dir='ltr'><strong>κατὰ,</strong></span> <span class='ocrx_word' id='word_1_177' title='bbox 3148 927 3243 981; x_wconf 86' lang='grc' dir='ltr'><strong>τὸν</strong></span> <span class='ocrx_word' id='word_1_178' title='bbox 3282 928 3518 999; x_wconf 80' lang='grc' dir='ltr'><strong>Σωτῆρα</strong></span> <span class='ocrx_word' id='word_1_179' title='bbox 3542 943 3704 980; x_wconf 83' lang='grc' dir='ltr'>νοον-</span> <span class='ocrx_word' id='word_1_180' title='bbox 3806 954 3813 955; x_wconf 49' lang='grc' dir='ltr'>ί</span> 
     </span>
    </p>
   </div>
   <div class='ocr_carea' id='block_1_25' title="bbox 2117 1011 3706 1089">
    <p class='ocr_par' dir='ltr' id='par_1_25' title="bbox 2117 1011 3706 1089">
     <span class='ocr_line' id='line_1_25' title="bbox 2117 1011 3706 1089; baseline -0.004 -16"><span class='ocrx_word' id='word_1_181' title='bbox 2117 1019 2281 1089; x_wconf 86' lang='grc' dir='ltr'><strong>μένου</strong></span> <span class='ocrx_word' id='word_1_182' title='bbox 2315 1018 2607 1089; x_wconf 83' lang='grc' dir='ltr'>ἀνθρώπου</span> <span class='ocrx_word' id='word_1_183' title='bbox 2641 1016 2705 1070; x_wconf 90' lang='grc' dir='ltr'><strong>τὸ</strong></span> <span class='ocrx_word' id='word_1_184' title='bbox 2727 1017 2939 1086; x_wconf 73' lang='grc' dir='ltr'><strong>θέλημα</strong></span> <span class='ocrx_word' id='word_1_185' title='bbox 2964 1017 3064 1069; x_wconf 81' lang='grc' dir='ltr'><strong>οὐκ</strong></span> <span class='ocrx_word' id='word_1_186' title='bbox 3090 1011 3161 1086; x_wconf 80' lang='grc' dir='ltr'><strong>ἦν</strong></span> <span class='ocrx_word' id='word_1_187' title='bbox 3188 1013 3268 1085; x_wconf 85' lang='grc' dir='ltr'><strong>τῷ</strong></span> <span class='ocrx_word' id='word_1_188' title='bbox 3302 1015 3434 1086; x_wconf 76' lang='grc' dir='ltr'><strong>θείῳ</strong></span> <span class='ocrx_word' id='word_1_189' title='bbox 3464 1016 3706 1070; x_wconf 81' lang='grc' dir='ltr'><strong>ὑπεναν-</strong></span> 
     </span>
    </p>
   </div>
   <div class='ocr_carea' id='block_1_26' title="bbox 2113 1105 3703 1178">
    <p class='ocr_par' dir='ltr' id='par_1_26' title="bbox 2113 1105 3703 1178">
     <span class='ocr_line' id='line_1_26' title="bbox 2113 1105 3703 1178; baseline -0.001 -16"><span class='ocrx_word' id='word_1_190' title='bbox 2113 1110 2228 1162; x_wconf 79' lang='grc' dir='ltr'>τίον</span> <span class='ocrx_word' id='word_1_191' title='bbox 2257 1109 2550 1178; x_wconf 82' lang='grc' dir='ltr'>θελήματι,</span> <span class='ocrx_word' id='word_1_192' title='bbox 2589 1105 2794 1161; x_wconf 71' lang='grc' dir='ltr'><strong>θεωθὲν</strong></span> <span class='ocrx_word' id='word_1_193' title='bbox 2828 1107 2969 1162; x_wconf 82' lang='grc' dir='ltr'>ὅλον.</span> <span class='ocrx_word' id='word_1_194' title='bbox 3004 1106 3107 1160; x_wconf 84' lang='grc' dir='ltr'><strong>Οἴα</strong></span> <span class='ocrx_word' id='word_1_195' title='bbox 3137 1105 3205 1176; x_wconf 82' lang='grc' dir='ltr'>δὴ</span> <span class='ocrx_word' id='word_1_196' title='bbox 3234 1106 3305 1160; x_wconf 75' lang='grc' dir='ltr'><strong>τὰ</strong></span> <span class='ocrx_word' id='word_1_197' title='bbox 3321 1107 3421 1177; x_wconf 85' lang='grc' dir='ltr'><strong>τῆς</strong></span> <span class='ocrx_word' id='word_1_198' title='bbox 3450 1106 3703 1178; x_wconf 79' lang='grc' dir='ltr'>τρεπτῆς</span> 
     </span>
    </p>
   </div>
   <div class='ocr_carea' id='block_1_27' title="bbox 2114 1195 3700 1269">
    <p class='ocr_par' dir='ltr' id='par_1_27' title="bbox 2114 1195 3700 1269">
     <span class='ocr_line' id='line_1_27' title="bbox 2114 1195 3700 1269; baseline -0.001 -18"><span class='ocrx_word' id='word_1_199' title='bbox 2114 1198 2208 1252; x_wconf 85' lang='grc' dir='ltr'><strong>καὶ</strong></span> <span class='ocrx_word' id='word_1_200' title='bbox 2234 1197 2536 1269; x_wconf 83' lang='grc' dir='ltr'>ἁλλοιωτῆς</span> <span class='ocrx_word' id='word_1_201' title='bbox 2573 1197 2668 1250; x_wconf 61' lang='grc' dir='ltr'><strong>καὶ¹</strong></span> <span class='ocrx_word' id='word_1_202' title='bbox 2713 1196 2948 1268; x_wconf 73' lang='grc' dir='ltr'><strong>ῥευστῆς</strong></span> <span class='ocrx_word' id='word_1_203' title='bbox 2976 1195 3218 1264; x_wconf 78' lang='grc' dir='ltr'><strong>φύσεως,</strong></span> <span class='ocrx_word' id='word_1_204' title='bbox 3274 1195 3469 1250; x_wconf 75' lang='grc' dir='ltr'>ἄλλοτε</span> <span class='ocrx_word' id='word_1_205' title='bbox 3515 1195 3700 1259; x_wconf 72' lang='grc' dir='ltr'>ἄλλως</span> 
     </span>
    </p>
   </div>
   <div class='ocr_carea' id='block_1_28' title="bbox 2117 1286 3695 1360">
    <p class='ocr_par' dir='ltr' id='par_1_28' title="bbox 2117 1286 3695 1360">
     <span class='ocr_line' id='line_1_28' title="bbox 2117 1286 3695 1360; baseline -0.003 -18"><span class='ocrx_word' id='word_1_206' title='bbox 2117 1289 2568 1360; x_wconf 87' lang='grc' dir='ltr'>μεταϐαλλόμενα</span> <span class='ocrx_word' id='word_1_207' title='bbox 2598 1289 2693 1343; x_wconf 79' lang='grc' dir='ltr'><strong>καὶ</strong></span> <span class='ocrx_word' id='word_1_208' title='bbox 2716 1287 3155 1358; x_wconf 77' lang='grc' dir='ltr'><strong>μεταπίπτοντα,</strong></span> <span class='ocrx_word' id='word_1_209' title='bbox 3182 1287 3278 1340; x_wconf 81' lang='grc' dir='ltr'><strong>καὶ</strong></span> <span class='ocrx_word' id='word_1_210' title='bbox 3304 1286 3369 1341; x_wconf 90' lang='grc' dir='ltr'><strong>τὸ</strong></span> <span class='ocrx_word' id='word_1_211' title='bbox 3422 1286 3695 1360; x_wconf 78' lang='grc' dir='ltr'><strong>σταθερὸν</strong></span> 
     </span>
    </p>
   </div>
   <div class='ocr_carea' id='block_1_29' title="bbox 2116 1379 2803 1451">
    <p class='ocr_par' dir='ltr' id='par_1_29' title="bbox 2116 1379 2803 1451">
     <span class='ocr_line' id='line_1_29' title="bbox 2116 1379 2803 1451; baseline -0.006 -16"><span class='ocrx_word' id='word_1_212' title='bbox 2116 1381 2211 1435; x_wconf 78' lang='grc' dir='ltr'><strong>καὶ</strong></span> <span class='ocrx_word' id='word_1_213' title='bbox 2237 1380 2453 1451; x_wconf 77' lang='grc' dir='ltr'><strong>ἑδραῖον</strong></span> <span class='ocrx_word' id='word_1_214' title='bbox 2473 1381 2575 1433; x_wconf 85' lang='grc' dir='ltr'><strong>οὐκ</strong></span> <span class='ocrx_word' id='word_1_215' title='bbox 2592 1379 2803 1450; x_wconf 80' lang='grc' dir='ltr'><strong>ἔχοντα.</strong></span> 
     </span>
    </p>
   </div>
   <div class='ocr_carea' id='block_1_30' title="bbox 2186 1466 3698 1541">
    <p class='ocr_par' dir='ltr' id='par_1_30' title="bbox 2186 1466 3698 1541">
     <span class='ocr_line' id='line_1_30' title="bbox 2186 1466 3698 1541; baseline -0.001 -16"><span class='ocrx_word' id='word_1_216' title='bbox 2186 1478 2250 1528; x_wconf 84' lang='grc' dir='ltr'><strong>ν’.</strong></span> <span class='ocrx_word' id='word_1_217' title='bbox 2293 1470 2359 1524; x_wconf 85' lang='lat' dir='ltr'><strong>Ti</strong></span> <span class='ocrx_word' id='word_1_218' title='bbox 2379 1471 2474 1537; x_wconf 66' lang='lat' dir='ltr'><strong>se;</strong></span> <span class='ocrx_word' id='word_1_219' title='bbox 2509 1471 2646 1541; x_wconf 73' lang='grc' dir='ltr'><strong>Οὐχὶ</strong></span> <span class='ocrx_word' id='word_1_220' title='bbox 2669 1470 2766 1524; x_wconf 77' lang='grc' dir='ltr'><strong>καὶ</strong></span> <span class='ocrx_word' id='word_1_221' title='bbox 2794 1471 2830 1540; x_wconf 79' lang='grc' dir='ltr'><strong>ἠ</strong></span> <span class='ocrx_word' id='word_1_222' title='bbox 2878 1466 3083 1537; x_wconf 81' lang='grc' dir='ltr'>γνῶσις</span> <span class='ocrx_word' id='word_1_223' title='bbox 3121 1466 3277 1539; x_wconf 74' lang='grc' dir='ltr'>διττὴ</span> <span class='ocrx_word' id='word_1_224' title='bbox 3302 1467 3399 1521; x_wconf 76' lang='grc' dir='ltr'><strong>ἐπὶ</strong></span> <span class='ocrx_word' id='word_1_225' title='bbox 3439 1467 3698 1540; x_wconf 72' lang='grc' dir='ltr'><strong>Χριστῷς</strong></span> 
     </span>
    </p>
   </div>
   <div class='ocr_carea' id='block_1_31' title="bbox 2130 1556 3699 1636">
    <p class='ocr_par' dir='ltr' id='par_1_31' title="bbox 2130 1556 3699 1636">
     <span class='ocr_line' id='line_1_31' title="bbox 2130 1556 3699 1636; baseline -0.003 -18"><span class='ocrx_word' id='word_1_226' title='bbox 2130 1564 2218 1628; x_wconf 82' lang='grc' dir='ltr'><strong>Ὦς</strong></span> <span class='ocrx_word' id='word_1_227' title='bbox 2267 1564 2366 1635; x_wconf 78' lang='grc' dir='ltr'><strong>μὲν</strong></span> <span class='ocrx_word' id='word_1_228' title='bbox 2403 1564 2514 1636; x_wconf 84' lang='grc' dir='ltr'><strong>γὰρ</strong></span> <span class='ocrx_word' id='word_1_229' title='bbox 2550 1563 2684 1626; x_wconf 89' lang='grc' dir='ltr'><strong>Θεὸς</strong></span> <span class='ocrx_word' id='word_1_230' title='bbox 2710 1600 2721 1606; x_wconf 62' lang='grc' dir='ltr'><em>η</em></span> <span class='ocrx_word' id='word_1_231' title='bbox 2744 1562 2923 1616; x_wconf 80' lang='grc' dir='ltr'>πάντα</span> <span class='ocrx_word' id='word_1_232' title='bbox 2975 1558 3087 1617; x_wconf 77' lang='grc' dir='ltr'><strong>οῐδι</strong></span> <span class='ocrx_word' id='word_1_233' title='bbox 3114 1560 3211 1614; x_wconf 80' lang='grc' dir='ltr'><strong>καὶ</strong></span> <span class='ocrx_word' id='word_1_234' title='bbox 3261 1556 3370 1631; x_wconf 90' lang='grc' dir='ltr'><strong>πρὸ</strong></span> <span class='ocrx_word' id='word_1_235' title='bbox 3407 1560 3699 1629; x_wconf 80' lang='grc' dir='ltr'><strong>γενέσεως,</strong></span> 
     </span>
    </p>
   </div>
   <div class='ocr_carea' id='block_1_32' title="bbox 444 1653 2018 1735">
    <p class='ocr_par' dir='ltr' id='par_1_32' title="bbox 444 1658 2009 1735">
     <span class='ocr_line' id='line_1_32' title="bbox 444 1658 2009 1735; baseline -0.007 -14"><span class='ocrx_word' id='word_1_236' title='bbox 444 1681 605 1735; x_wconf 88' lang='lat' dir='ltr'><strong>quam</strong></span> <span class='ocrx_word' id='word_1_237' title='bbox 638 1667 851 1717; x_wconf 88' lang='lat' dir='ltr'><strong>tierent.</strong></span> <span class='ocrx_word' id='word_1_238' title='bbox 883 1660 975 1716; x_wconf 89' lang='lat' dir='ltr'><strong>Sic</strong></span> <span class='ocrx_word' id='word_1_239' title='bbox 1020 1659 1206 1730; x_wconf 86' lang='lat' dir='ltr'><strong>procul</strong></span> <span class='ocrx_word' id='word_1_240' title='bbox 1247 1659 1521 1723; x_wconf 81' lang='lat' dir='ltr'><strong>habitans,</strong></span> <span class='ocrx_word' id='word_1_241' title='bbox 1569 1658 1729 1712; x_wconf 87' lang='lat' dir='ltr'><strong>amici</strong></span> <span class='ocrx_word' id='word_1_242' title='bbox 1782 1668 2009 1713; x_wconf 85' lang='lat' dir='ltr'><strong>mortem</strong></span> 
     </span>
    </p>
   </div>
   <div class='ocr_carea' id='block_1_33' title="bbox 2122 1653 3699 1735">
    <p class='ocr_par' dir='ltr' id='par_1_33' title="bbox 2122 1653 3699 1729">
     <span class='ocr_line' id='line_1_33' title="bbox 2122 1653 3699 1729; baseline -0.003 -18"><span class='ocrx_word' id='word_1_243' title='bbox 2122 1656 2260 1711; x_wconf 78' lang='grc' dir='ltr'><strong>οὕτω</strong></span> <span class='ocrx_word' id='word_1_244' title='bbox 2288 1658 2478 1729; x_wconf 72' lang='grc' dir='ltr'>πόρρω</span> <span class='ocrx_word' id='word_1_245' title='bbox 2500 1672 2602 1723; x_wconf 81' lang='grc' dir='ltr'><strong>που</strong></span> <span class='ocrx_word' id='word_1_246' title='bbox 2635 1655 3076 1726; x_wconf 81' lang='grc' dir='ltr'><strong>διεσκηνωμένος</strong></span> <span class='ocrx_word' id='word_1_247' title='bbox 3101 1654 3203 1725; x_wconf 74' lang='grc' dir='ltr'>τὴν</span> <span class='ocrx_word' id='word_1_248' title='bbox 3248 1653 3346 1708; x_wconf 82' lang='grc' dir='ltr'><strong>τοῦ</strong></span> <span class='ocrx_word' id='word_1_249' title='bbox 3379 1653 3540 1724; x_wconf 75' lang='grc' dir='ltr'>φίλου</span> <span class='ocrx_word' id='word_1_250' title='bbox 3579 1656 3699 1717; x_wconf 83' lang='grc' dir='ltr'><strong>τοῖς</strong></span> 
     </span>
    </p>
   </div>
   <div class='ocr_carea' id='block_1_34' title="bbox 446 1749 2013 1824">
    <p class='ocr_par' dir='ltr' id='par_1_34' title="bbox 446 1749 2013 1824">
     <span class='ocr_line' id='line_1_34' title="bbox 446 1749 2013 1824; baseline -0.012 -13"><span class='ocrx_word' id='word_1_251' title='bbox 446 1756 727 1824; x_wconf 83' lang='lat' dir='ltr'><strong>discipulis</strong></span> <span class='ocrx_word' id='word_1_252' title='bbox 774 1765 1027 1822; x_wconf 83' lang='lat' dir='ltr'><strong>tanquam</strong></span> <span class='ocrx_word' id='word_1_253' title='bbox 1086 1750 1227 1805; x_wconf 87' lang='lat' dir='ltr'><strong>Deus</strong></span> <span class='ocrx_word' id='word_1_254' title='bbox 1260 1749 1773 1818; x_wconf 59' lang='lat' dir='ltr'><strong>praemonstrabat”</strong></span> <span class='ocrx_word' id='word_1_255' title='bbox 1810 1768 1824 1803; x_wconf 87' lang='lat'><strong>:</strong></span> <span class='ocrx_word' id='word_1_256' title='bbox 1867 1765 2013 1821; x_wconf 72' lang='lat' dir='ltr'><strong>prae-</strong></span> 
     </span>
    </p>
   </div>
   <div class='ocr_carea' id='block_1_35' title="bbox 453 1841 2012 1913">
    <p class='ocr_par' dir='ltr' id='par_1_35' title="bbox 453 1841 2012 1913">
     <span class='ocr_line' id='line_1_35' title="bbox 453 1841 2012 1913; baseline -0.004 -11"><span class='ocrx_word' id='word_1_257' title='bbox 453 1862 583 1903; x_wconf 86' lang='lat' dir='ltr'><strong>sens</strong></span> <span class='ocrx_word' id='word_1_258' title='bbox 620 1855 799 1901; x_wconf 85' lang='lat' dir='ltr'><strong>autem</strong></span> <span class='ocrx_word' id='word_1_259' title='bbox 834 1844 1328 1913; x_wconf 68' lang='lat' dir='ltr'><strong>propinquansque</strong></span> <span class='ocrx_word' id='word_1_260' title='bbox 1373 1841 1623 1910; x_wconf 71' lang='lat' dir='ltr'><strong>sepulcro</strong></span> <span class='ocrx_word' id='word_1_261' title='bbox 1674 1841 2012 1911; x_wconf 80' lang='lat' dir='ltr'><strong>interrogat:</strong></span> 
     </span>
    </p>
   </div>
   <div class='ocr_carea' id='block_1_36' title="bbox 450 1933 2013 2001">
    <p class='ocr_par' dir='ltr' id='par_1_36' title="bbox 450 1933 2013 2001">
     <span class='ocr_line' id='line_1_36' title="bbox 450 1933 2013 2001; baseline -0.006 -6"><span class='ocrx_word' id='word_1_262' title='bbox 450 1938 678 1995; x_wconf 82' lang='lat' dir='ltr'><strong>Ubinam</strong></span> <span class='ocrx_word' id='word_1_263' title='bbox 713 1938 960 2001; x_wconf 78' lang='lat' dir='ltr'><strong>rosuislis</strong></span> <span class='ocrx_word' id='word_1_264' title='bbox 997 1933 1217 1989; x_wconf 76' lang='lat' dir='ltr'><strong>euut”?</strong></span> <span class='ocrx_word' id='word_1_265' title='bbox 1267 1944 1474 1989; x_wconf 58' lang='lat' dir='ltr'><strong>natura:</strong></span> <span class='ocrx_word' id='word_1_266' title='bbox 1511 1943 1712 1988; x_wconf 68' lang='lat' dir='ltr'><strong>nostra:</strong></span> <span class='ocrx_word' id='word_1_267' title='bbox 1742 1934 2013 1988; x_wconf 87' lang='lat' dir='ltr'><strong>modulum</strong></span> 
     </span>
    </p>
   </div>
   <div class='ocr_carea' id='block_1_37' title="bbox 453 2023 2016 2097">
    <p class='ocr_par' dir='ltr' id='par_1_37' title="bbox 453 2023 2016 2097">
     <span class='ocr_line' id='line_1_37' title="bbox 453 2023 2016 2097; baseline -0.003 -13"><span class='ocrx_word' id='word_1_268' title='bbox 453 2033 524 2084; x_wconf 85' lang='lat' dir='ltr'><strong>ita</strong></span> <span class='ocrx_word' id='word_1_269' title='bbox 580 2029 911 2097; x_wconf 80' lang='lat' dir='ltr'><strong>significans.</strong></span> <span class='ocrx_word' id='word_1_270' title='bbox 975 2027 1105 2081; x_wconf 91' lang='lat' dir='ltr'><strong>Item</strong></span> <span class='ocrx_word' id='word_1_271' title='bbox 1139 2023 1335 2080; x_wconf 76' lang='lat' dir='ltr'><strong>:Jesus</strong></span> <span class='ocrx_word' id='word_1_272' title='bbox 1406 2035 1617 2085; x_wconf 77' lang='lat' dir='ltr'><strong>noverat</strong></span> <span class='ocrx_word' id='word_1_273' title='bbox 1675 2026 2016 2095; x_wconf 73' lang='lat' dir='ltr'><strong>cogitationes</strong></span> 
     </span>
    </p>
   </div>
   <div class='ocr_carea' id='block_1_38' title="bbox 448 2114 2015 2189">
    <p class='ocr_par' dir='ltr' id='par_1_38' title="bbox 448 2114 2015 2189">
     <span class='ocr_line' id='line_1_38' title="bbox 448 2114 2015 2189; baseline -0.004 -16"><span class='ocrx_word' id='word_1_274' title='bbox 448 2137 628 2176; x_wconf 79' lang='lat' dir='ltr'><strong>eorum</strong></span> <span class='ocrx_word' id='word_1_275' title='bbox 650 2122 720 2183; x_wconf 68' lang='lat'><strong>9‘,</strong></span> <span class='ocrx_word' id='word_1_276' title='bbox 756 2120 898 2189; x_wconf 91' lang='lat' dir='ltr'><strong>quod</strong></span> <span class='ocrx_word' id='word_1_277' title='bbox 928 2127 1109 2172; x_wconf 85' lang='lat' dir='ltr'><strong>essent</strong></span> <span class='ocrx_word' id='word_1_278' title='bbox 1141 2133 1201 2173; x_wconf 87' lang='lat' dir='ltr'><strong>se</strong></span> <span class='ocrx_word' id='word_1_279' title='bbox 1238 2116 1642 2185; x_wconf 68' lang='lat' dir='ltr'><strong>interrogaturi.</strong></span> <span class='ocrx_word' id='word_1_280' title='bbox 1689 2114 1823 2169; x_wconf 80' lang='lat' dir='ltr'><strong>Nam</strong></span> <span class='ocrx_word' id='word_1_281' title='bbox 1852 2115 2015 2170; x_wconf 90' lang='lat' dir='ltr'><strong>etiam</strong></span> 
     </span>
    </p>
   </div>
   <div class='ocr_carea' id='block_1_39' title="bbox 449 2204 2013 2282">
    <p class='ocr_par' dir='ltr' id='par_1_39' title="bbox 449 2204 2013 2282">
     <span class='ocr_line' id='line_1_39' title="bbox 449 2204 2013 2282; baseline -0.004 -19"><span class='ocrx_word' id='word_1_282' title='bbox 449 2222 717 2282; x_wconf 83' lang='lat' dir='ltr'><strong>quatenus</strong></span> <span class='ocrx_word' id='word_1_283' title='bbox 747 2212 927 2273; x_wconf 88' lang='lat' dir='ltr'><strong>homo,</strong></span> <span class='ocrx_word' id='word_1_284' title='bbox 960 2208 1202 2263; x_wconf 86' lang='lat' dir='ltr'><strong>omnium</strong></span> <span class='ocrx_word' id='word_1_285' title='bbox 1238 2222 1419 2262; x_wconf 89' lang='lat' dir='ltr'><strong>rerum</strong></span> <span class='ocrx_word' id='word_1_286' title='bbox 1465 2208 1772 2275; x_wconf 88' lang='lat' dir='ltr'><strong>potiebatur</strong></span> <span class='ocrx_word' id='word_1_287' title='bbox 1801 2204 2013 2269; x_wconf 81' lang='lat' dir='ltr'><strong>notitia,</strong></span> 
     </span>
    </p>
   </div>
   <div class='ocr_carea' id='block_1_40' title="bbox 449 2292 2019 2371">
    <p class='ocr_par' dir='ltr' id='par_1_40' title="bbox 449 2292 2019 2371">
     <span class='ocr_line' id='line_1_40' title="bbox 449 2292 2019 2371; baseline -0.004 -15"><span class='ocrx_word' id='word_1_288' title='bbox 449 2310 634 2371; x_wconf 86' lang='lat' dir='ltr'><strong>utpote</strong></span> <span class='ocrx_word' id='word_1_289' title='bbox 667 2300 774 2355; x_wconf 91' lang='lat' dir='ltr'><strong>Deo</strong></span> <span class='ocrx_word' id='word_1_290' title='bbox 830 2299 1163 2369; x_wconf 85' lang='lat' dir='ltr'><strong>hypustatice</strong></span> <span class='ocrx_word' id='word_1_291' title='bbox 1215 2292 1423 2360; x_wconf 81' lang='lat' dir='ltr'><strong>unitas,</strong></span> <span class='ocrx_word' id='word_1_292' title='bbox 1480 2312 1585 2351; x_wconf 91' lang='lat' dir='ltr'><strong>non</strong></span> <span class='ocrx_word' id='word_1_293' title='bbox 1641 2310 1798 2351; x_wconf 88' lang='lat' dir='ltr'><strong>secus</strong></span> <span class='ocrx_word' id='word_1_294' title='bbox 1856 2304 2019 2363; x_wconf 87' lang='lat' dir='ltr'><strong>atque</strong></span> 
     </span>
    </p>
   </div>
   <div class='ocr_carea' id='block_1_41' title="bbox 448 2385 2015 2460">
    <p class='ocr_par' dir='ltr' id='par_1_41' title="bbox 448 2385 2015 2460">
     <span class='ocr_line' id='line_1_41' title="bbox 448 2385 2015 2460; baseline -0.004 -13"><span class='ocrx_word' id='word_1_295' title='bbox 448 2394 571 2447; x_wconf 82' lang='lat' dir='ltr'><strong>aliis</strong></span> <span class='ocrx_word' id='word_1_296' title='bbox 631 2391 887 2460; x_wconf 69' lang='lat' dir='ltr'><strong>pra-ditus</strong></span> <span class='ocrx_word' id='word_1_297' title='bbox 963 2397 1084 2444; x_wconf 88' lang='lat' dir='ltr'><strong>erat</strong></span> <span class='ocrx_word' id='word_1_298' title='bbox 1143 2388 1533 2458; x_wconf 75' lang='lat' dir='ltr'><strong>praerogativis.</strong></span> <span class='ocrx_word' id='word_1_299' title='bbox 1586 2385 1718 2441; x_wconf 80' lang='lat' dir='ltr'><strong>Item</strong></span> <span class='ocrx_word' id='word_1_300' title='bbox 1780 2387 2015 2456; x_wconf 86' lang='lat' dir='ltr'><strong>speciem</strong></span> 
     </span>
    </p>
   </div>
   <div class='ocr_carea' id='block_1_42' title="bbox 453 2478 2018 2554">
    <p class='ocr_par' dir='ltr' id='par_1_42' title="bbox 453 2478 2018 2554">
     <span class='ocr_line' id='line_1_42' title="bbox 453 2478 2018 2554; baseline -0.004 -16"><span class='ocrx_word' id='word_1_301' title='bbox 453 2482 725 2554; x_wconf 69' lang='lat' dir='ltr'><strong>praebebat</strong></span> <span class='ocrx_word' id='word_1_302' title='bbox 775 2480 1048 2535; x_wconf 85' lang='lat' dir='ltr'><strong>nesciendi</strong></span> <span class='ocrx_word' id='word_1_303' title='bbox 1103 2479 1246 2534; x_wconf 78' lang='lat' dir='ltr'><strong>diem</strong></span> <span class='ocrx_word' id='word_1_304' title='bbox 1300 2488 1353 2533; x_wconf 90' lang='lat' dir='ltr'><strong>et</strong></span> <span class='ocrx_word' id='word_1_305' title='bbox 1402 2479 1588 2533; x_wconf 86' lang='lat' dir='ltr'><strong>horam</strong></span> <span class='ocrx_word' id='word_1_306' title='bbox 1625 2480 1694 2543; x_wconf 70' lang='grc' dir='ltr'><strong>θ’,</strong></span> <span class='ocrx_word' id='word_1_307' title='bbox 1739 2493 1843 2548; x_wconf 87' lang='lat' dir='ltr'><strong>qua</strong></span> <span class='ocrx_word' id='word_1_308' title='bbox 1895 2478 2018 2532; x_wconf 89' lang='lat' dir='ltr'><strong>huic</strong></span> 
     </span>
    </p>
   </div>
   <div class='ocr_carea' id='block_1_43' title="bbox 452 2568 2018 2638">
    <p class='ocr_par' dir='ltr' id='par_1_43' title="bbox 452 2568 2018 2638">
     <span class='ocr_line' id='line_1_43' title="bbox 452 2568 2018 2638; baseline -0.005 -8"><span class='ocrx_word' id='word_1_309' title='bbox 452 2576 709 2630; x_wconf 81' lang='lat' dir='ltr'><strong>universo</strong></span> <span class='ocrx_word' id='word_1_310' title='bbox 746 2573 869 2627; x_wconf 87' lang='lat' dir='ltr'><strong>finis</strong></span> <span class='ocrx_word' id='word_1_311' title='bbox 894 2572 1111 2635; x_wconf 79' lang='lat' dir='ltr'><strong>aderir;</strong></span> <span class='ocrx_word' id='word_1_312' title='bbox 1147 2570 1217 2625; x_wconf 89' lang='lat' dir='ltr'><strong>ita</strong></span> <span class='ocrx_word' id='word_1_313' title='bbox 1247 2571 1458 2625; x_wconf 88' lang='lat' dir='ltr'><strong>scilicet</strong></span> <span class='ocrx_word' id='word_1_314' title='bbox 1489 2568 1780 2638; x_wconf 68' lang='lat' dir='ltr'><strong>assumpta:</strong></span> <span class='ocrx_word' id='word_1_315' title='bbox 1811 2578 2018 2623; x_wconf 79' lang='lat' dir='ltr'><strong>natura:</strong></span> 
     </span>
    </p>
   </div>
   <div class='ocr_carea' id='block_1_44' title="bbox 451 2660 2018 2737">
    <p class='ocr_par' dir='ltr' id='par_1_44' title="bbox 451 2660 2018 2737">
     <span class='ocr_line' id='line_1_44' title="bbox 451 2660 2018 2737; baseline -0.001 -19"><span class='ocrx_word' id='word_1_316' title='bbox 451 2668 595 2737; x_wconf 87' lang='lat' dir='ltr'><strong>quod</strong></span> <span class='ocrx_word' id='word_1_317' title='bbox 626 2666 742 2734; x_wconf 88' lang='lat' dir='ltr'><strong>ejus</strong></span> <span class='ocrx_word' id='word_1_318' title='bbox 769 2666 1043 2735; x_wconf 87' lang='lat' dir='ltr'><strong>pr0prinm</strong></span> <span class='ocrx_word' id='word_1_319' title='bbox 1074 2673 1189 2717; x_wconf 88' lang='lat' dir='ltr'><strong>erat</strong></span> <span class='ocrx_word' id='word_1_320' title='bbox 1225 2664 1489 2718; x_wconf 88' lang='lat' dir='ltr'><strong>tribuens.</strong></span> <span class='ocrx_word' id='word_1_321' title='bbox 1529 2661 1737 2729; x_wconf 87' lang='lat' dir='ltr'><strong>Quibus</strong></span> <span class='ocrx_word' id='word_1_322' title='bbox 1767 2660 2018 2717; x_wconf 89' lang='lat' dir='ltr'><strong>omnibus</strong></span> 
     </span>
    </p>
   </div>
   <div class='ocr_carea' id='block_1_45' title="bbox 455 2751 2018 2828">
    <p class='ocr_par' dir='ltr' id='par_1_45' title="bbox 455 2751 2018 2828">
     <span class='ocr_line' id='line_1_45' title="bbox 455 2751 2018 2828; baseline -0.003 -17"><span class='ocrx_word' id='word_1_323' title='bbox 455 2760 507 2811; x_wconf 91' lang='lat' dir='ltr'><strong>in</strong></span> <span class='ocrx_word' id='word_1_324' title='bbox 538 2772 704 2828; x_wconf 88' lang='lat' dir='ltr'><strong>opere</strong></span> <span class='ocrx_word' id='word_1_325' title='bbox 734 2756 1127 2810; x_wconf 81' lang='lat' dir='ltr'><strong>incarnationis</strong></span> <span class='ocrx_word' id='word_1_326' title='bbox 1163 2755 1471 2822; x_wconf 86' lang='lat' dir='ltr'><strong>assumptis.</strong></span> <span class='ocrx_word' id='word_1_327' title='bbox 1507 2751 1781 2823; x_wconf 84' lang='lat' dir='ltr'><strong>perfectus</strong></span> <span class='ocrx_word' id='word_1_328' title='bbox 1799 2752 2018 2807; x_wconf 89' lang='lat' dir='ltr'><strong>omnino</strong></span> 
     </span>
    </p>
   </div>
   <div class='ocr_carea' id='block_1_46' title="bbox 457 2843 2022 2918">
    <p class='ocr_par' dir='ltr' id='par_1_46' title="bbox 457 2843 2022 2918">
     <span class='ocr_line' id='line_1_46' title="bbox 457 2843 2022 2918; baseline -0.004 -14"><span class='ocrx_word' id='word_1_329' title='bbox 457 2850 620 2904; x_wconf 81' lang='lat' dir='ltr'><strong>homo</strong></span> <span class='ocrx_word' id='word_1_330' title='bbox 643 2849 884 2918; x_wconf 89' lang='lat' dir='ltr'><strong>itemque</strong></span> <span class='ocrx_word' id='word_1_331' title='bbox 911 2845 1181 2915; x_wconf 83' lang='lat' dir='ltr'><strong>perfectus</strong></span> <span class='ocrx_word' id='word_1_332' title='bbox 1213 2845 1352 2899; x_wconf 88' lang='lat' dir='ltr'><strong>Dens</strong></span> <span class='ocrx_word' id='word_1_333' title='bbox 1373 2845 1660 2911; x_wconf 76' lang='lat' dir='ltr'><strong>exsiStens,</strong></span> <span class='ocrx_word' id='word_1_334' title='bbox 1686 2860 1714 2897; x_wconf 87' lang='lat' dir='ltr'><strong>a</strong></span> <span class='ocrx_word' id='word_1_335' title='bbox 1750 2843 1904 2898; x_wconf 88' lang='lat' dir='ltr'><strong>nobis</strong></span> <span class='ocrx_word' id='word_1_336' title='bbox 1923 2844 2022 2898; x_wconf 91' lang='lat' dir='ltr'><strong>ho-</strong></span> 
     </span>
    </p>
   </div>
   <div class='ocr_carea' id='block_1_47' title="bbox 2120 1744 3704 1820">
    <p class='ocr_par' dir='ltr' id='par_1_47' title="bbox 2120 1744 3704 1820">
     <span class='ocr_line' id='line_1_47' title="bbox 2120 1744 3704 1820; baseline -0.003 -17"><span class='ocrx_word' id='word_1_337' title='bbox 2120 1749 2393 1820; x_wconf 79' lang='grc' dir='ltr'><strong>μαθηταῖς</strong></span> <span class='ocrx_word' id='word_1_338' title='bbox 2421 1748 2499 1812; x_wconf 84' lang='grc' dir='ltr'><strong>ὡς</strong></span> <span class='ocrx_word' id='word_1_339' title='bbox 2545 1746 2680 1811; x_wconf 83' lang='grc' dir='ltr'><strong>Θεὸς</strong></span> <span class='ocrx_word' id='word_1_340' title='bbox 2725 1746 3023 1819; x_wconf 78' lang='grc' dir='ltr'>προεδήλου</span> <span class='ocrx_word' id='word_1_341' title='bbox 3072 1747 3374 1819; x_wconf 78' lang='grc' dir='ltr'><strong>κοῖμησιν·</strong></span> <span class='ocrx_word' id='word_1_342' title='bbox 3418 1744 3613 1818; x_wconf 86' lang='grc' dir='ltr'><strong>παρὼν</strong></span> <span class='ocrx_word' id='word_1_343' title='bbox 3644 1746 3704 1799; x_wconf 62' lang='grc' dir='ltr'>δὲ</span> 
     </span>
    </p>
   </div>
   <div class='ocr_carea' id='block_1_48' title="bbox 2116 1836 3704 1908">
    <p class='ocr_par' dir='ltr' id='par_1_48' title="bbox 2116 1836 3704 1908">
     <span class='ocr_line' id='line_1_48' title="bbox 2116 1836 3704 1908; baseline 0 -17"><span class='ocrx_word' id='word_1_344' title='bbox 2116 1841 2212 1891; x_wconf 72' lang='grc' dir='ltr'><strong>καὶ</strong></span> <span class='ocrx_word' id='word_1_345' title='bbox 2235 1836 2487 1903; x_wconf 81' lang='grc' dir='ltr'><strong>πελάζων</strong></span> <span class='ocrx_word' id='word_1_346' title='bbox 2519 1837 2596 1908; x_wconf 81' lang='grc' dir='ltr'>τῷ</span> <span class='ocrx_word' id='word_1_347' title='bbox 2625 1838 2784 1908; x_wconf 81' lang='grc' dir='ltr'>τάφῳ</span> <span class='ocrx_word' id='word_1_348' title='bbox 2825 1837 3159 1891; x_wconf 82' lang='grc' dir='ltr'><strong>πυνθάνεται</strong></span> <span class='ocrx_word' id='word_1_349' title='bbox 3195 1854 3211 1868; x_wconf 76' lang='grc' dir='ltr'><strong>ο</strong></span> <span class='ocrx_word' id='word_1_350' title='bbox 3237 1836 3362 1891; x_wconf 84' lang='grc' dir='ltr'><strong>Ποῦ</strong></span> <span class='ocrx_word' id='word_1_351' title='bbox 3391 1838 3704 1891; x_wconf 60' lang='grc' dir='ltr'><strong>τεθείκατε</strong></span> 
     </span>
    </p>
   </div>
   <div class='ocr_carea' id='block_1_49' title="bbox 2117 1914 3696 1999">
    <p class='ocr_par' dir='ltr' id='par_1_49' title="bbox 2117 1914 3696 1999">
     <span class='ocr_line' id='line_1_49' title="bbox 2117 1914 3696 1999; baseline -0.003 -14"><span class='ocrx_word' id='word_1_352' title='bbox 2117 1914 2339 1994; x_wconf 53' lang='lat' dir='ltr'><strong>abeo};</strong></span> <span class='ocrx_word' id='word_1_353' title='bbox 2364 1927 2435 1981; x_wconf 78' lang='grc' dir='ltr'>τὰ</span> <span class='ocrx_word' id='word_1_354' title='bbox 2463 1928 2564 1999; x_wconf 79' lang='grc' dir='ltr'><strong>τῆς</strong></span> <span class='ocrx_word' id='word_1_355' title='bbox 2594 1928 2811 1997; x_wconf 76' lang='grc' dir='ltr'><strong>φύσεως</strong></span> <span class='ocrx_word' id='word_1_356' title='bbox 2851 1926 3013 1998; x_wconf 81' lang='grc' dir='ltr'><strong>ἡμῶν</strong></span> <span class='ocrx_word' id='word_1_357' title='bbox 3047 1927 3468 1998; x_wconf 76' lang='grc' dir='ltr'>ἐνδεικνύμενος</span> <span class='ocrx_word' id='word_1_358' title='bbox 3491 1928 3696 1998; x_wconf 76' lang='grc' dir='ltr'><strong>μέτρα..</strong></span> 
     </span>
    </p>
   </div>
   <div class='ocr_carea' id='block_1_50' title="bbox 2117 2016 3698 2088">
    <p class='ocr_par' dir='ltr' id='par_1_50' title="bbox 2117 2016 3698 2088">
     <span class='ocr_line' id='line_1_50' title="bbox 2117 2016 3698 2088; baseline -0.002 -15"><span class='ocrx_word' id='word_1_359' title='bbox 2117 2021 2247 2073; x_wconf 83' lang='grc' dir='ltr'><strong>Καί·</strong></span> <span class='ocrx_word' id='word_1_360' title='bbox 2284 2020 2347 2073; x_wconf 83' lang='lat'><strong>&#39;0</strong></span> <span class='ocrx_word' id='word_1_361' title='bbox 2377 2018 2616 2087; x_wconf 73' lang='grc' dir='ltr'><strong>Ἰησοῦς</strong></span> <span class='ocrx_word' id='word_1_362' title='bbox 2633 2018 2763 2088; x_wconf 71' lang='grc' dir='ltr'>ᾔδει</span> <span class='ocrx_word' id='word_1_363' title='bbox 2786 2017 2894 2083; x_wconf 80' lang='grc' dir='ltr'><strong>τὰς</strong></span> <span class='ocrx_word' id='word_1_364' title='bbox 2908 2016 3177 2084; x_wconf 79' lang='grc' dir='ltr'><strong>διανοίας</strong></span> <span class='ocrx_word' id='word_1_365' title='bbox 3192 2016 3413 2083; x_wconf 78' lang='grc' dir='ltr'><strong>αὐτῶν,</strong></span> <span class='ocrx_word' id='word_1_366' title='bbox 3433 2018 3516 2072; x_wconf 83' lang='grc' dir='ltr'><strong>ὅτι</strong></span> <span class='ocrx_word' id='word_1_367' title='bbox 3533 2016 3698 2088; x_wconf 62' lang='grc' dir='ltr'><strong>ἔμελ-</strong></span> 
     </span>
    </p>
   </div>
   <div class='ocr_carea' id='block_1_51' title="bbox 2117 2092 3700 2182">
    <p class='ocr_par' dir='ltr' id='par_1_51' title="bbox 2117 2092 3700 2182">
     <span class='ocr_line' id='line_1_51' title="bbox 2117 2092 3700 2182; baseline 0.001 -18"><span class='ocrx_word' id='word_1_368' title='bbox 2117 2112 2209 2166; x_wconf 90' lang='grc' dir='ltr'><strong>λον</strong></span> <span class='ocrx_word' id='word_1_369' title='bbox 2233 2111 2398 2166; x_wconf 86' lang='grc' dir='ltr'><strong>αὐτὸν</strong></span> <span class='ocrx_word' id='word_1_370' title='bbox 2429 2112 2661 2182; x_wconf 73' lang='grc' dir='ltr'><strong>ἐρωτᾷν.</strong></span> <span class='ocrx_word' id='word_1_371' title='bbox 2734 2109 2888 2163; x_wconf 74' lang='grc' dir='ltr'>Ἐπεὶ</span> <span class='ocrx_word' id='word_1_372' title='bbox 2933 2110 3070 2164; x_wconf 88' lang='grc' dir='ltr'><strong>καθὸ</strong></span> <span class='ocrx_word' id='word_1_373' title='bbox 3104 2092 3432 2181; x_wconf 64' lang='grc' dir='ltr'><strong>’ἄνθρωπος.</strong></span> <span class='ocrx_word' id='word_1_374' title='bbox 3476 2111 3700 2165; x_wconf 81' lang='grc' dir='ltr'>πάντων</span> 
     </span>
    </p>
   </div>
   <div class='ocr_carea' id='block_1_52' title="bbox 2118 2194 3701 2275">
    <p class='ocr_par' dir='ltr' id='par_1_52' title="bbox 2118 2194 3701 2275">
     <span class='ocr_line' id='line_1_52' title="bbox 2118 2194 3701 2275; baseline -0.003 -19"><span class='ocrx_word' id='word_1_375' title='bbox 2118 2199 2233 2274; x_wconf 82' lang='grc' dir='ltr'><strong>εἶχε</strong></span> <span class='ocrx_word' id='word_1_376' title='bbox 2264 2202 2364 2275; x_wconf 75' lang='grc' dir='ltr'><strong>τὴν</strong></span> <span class='ocrx_word' id='word_1_377' title='bbox 2390 2202 2614 2271; x_wconf 84' lang='grc' dir='ltr'>γνῶσιν,</span> <span class='ocrx_word' id='word_1_378' title='bbox 2641 2199 2721 2272; x_wconf 84' lang='grc' dir='ltr'>τῷ</span> <span class='ocrx_word' id='word_1_379' title='bbox 2744 2199 2988 2269; x_wconf 76' lang='grc' dir='ltr'><strong>ἡνῶσθαι</strong></span> <span class='ocrx_word' id='word_1_380' title='bbox 3006 2200 3085 2271; x_wconf 76' lang='grc' dir='ltr'><strong>τῷ</strong></span> <span class='ocrx_word' id='word_1_381' title='bbox 3110 2200 3273 2270; x_wconf 81' lang='grc' dir='ltr'>Λόγῳ</span> <span class='ocrx_word' id='word_1_382' title='bbox 3304 2199 3429 2254; x_wconf 82' lang='grc' dir='ltr'><strong>καθ’</strong></span> <span class='ocrx_word' id='word_1_383' title='bbox 3458 2194 3701 2253; x_wconf 67' lang='grc' dir='ltr'>ὑπόστα-</span> 
     </span>
    </p>
   </div>
   <div class='ocr_carea' id='block_1_53' title="bbox 2121 2290 3698 2366">
    <p class='ocr_par' dir='ltr' id='par_1_53' title="bbox 2121 2290 3698 2366">
     <span class='ocr_line' id='line_1_53' title="bbox 2121 2290 3698 2366; baseline -0.002 -17"><span class='ocrx_word' id='word_1_384' title='bbox 2121 2313 2231 2361; x_wconf 91' lang='grc' dir='ltr'>σιν,</span> <span class='ocrx_word' id='word_1_385' title='bbox 2254 2294 2446 2366; x_wconf 82' lang='grc' dir='ltr'><strong>ὥσπερ</strong></span> <span class='ocrx_word' id='word_1_386' title='bbox 2497 2292 2593 2347; x_wconf 77' lang='grc' dir='ltr'><strong>καὶ</strong></span> <span class='ocrx_word' id='word_1_387' title='bbox 2637 2292 2746 2346; x_wconf 86' lang='grc' dir='ltr'><strong>τῶν</strong></span> <span class='ocrx_word' id='word_1_388' title='bbox 2790 2291 2997 2345; x_wconf 85' lang='grc' dir='ltr'>λοιπῶν</span> <span class='ocrx_word' id='word_1_389' title='bbox 3051 2290 3451 2363; x_wconf 74' lang='grc' dir='ltr'><strong>πιπλουτηκὼς</strong></span> <span class='ocrx_word' id='word_1_390' title='bbox 3491 2292 3698 2346; x_wconf 83' lang='grc' dir='ltr'><strong>καλῶν.</strong></span> 
     </span>
    </p>
   </div>
   <div class='ocr_carea' id='block_1_54' title="bbox 2121 2382 3702 2457">
    <p class='ocr_par' dir='ltr' id='par_1_54' title="bbox 2121 2382 3702 2457">
     <span class='ocr_line' id='line_1_54' title="bbox 2121 2382 3702 2457; baseline -0.004 -15"><span class='ocrx_word' id='word_1_391' title='bbox 2121 2389 2234 2442; x_wconf 75' lang='grc' dir='ltr'><strong>Καὶ</strong></span> <span class='ocrx_word' id='word_1_392' title='bbox 2285 2386 2449 2439; x_wconf 83' lang='grc' dir='ltr'>πάλιν</span> <span class='ocrx_word' id='word_1_393' title='bbox 2494 2387 2878 2457; x_wconf 80' lang='grc' dir='ltr'>προσεποιεῖτο</span> <span class='ocrx_word' id='word_1_394' title='bbox 2925 2385 3144 2451; x_wconf 78' lang='grc' dir='ltr'>ἀγνοεῖν</span> <span class='ocrx_word' id='word_1_395' title='bbox 3198 2384 3298 2455; x_wconf 81' lang='grc' dir='ltr'><strong>τὴν</strong></span> <span class='ocrx_word' id='word_1_396' title='bbox 3338 2382 3555 2455; x_wconf 78' lang='grc' dir='ltr'><strong>ἡμέραν</strong></span> <span class='ocrx_word' id='word_1_397' title='bbox 3604 2384 3702 2437; x_wconf 76' lang='grc' dir='ltr'><strong>καὶ</strong></span> 
     </span>
    </p>
   </div>
   <div class='ocr_carea' id='block_1_55' title="bbox 2117 2475 3704 2551">
    <p class='ocr_par' dir='ltr' id='par_1_55' title="bbox 2117 2475 3704 2551">
     <span class='ocr_line' id='line_1_55' title="bbox 2117 2475 3704 2551; baseline -0.003 -18"><span class='ocrx_word' id='word_1_398' title='bbox 2117 2479 2290 2551; x_wconf 83' lang='grc' dir='ltr'><strong>ὥραν,</strong></span> <span class='ocrx_word' id='word_1_399' title='bbox 2322 2476 2444 2533; x_wconf 85' lang='grc' dir='ltr'><strong>καθ’</strong></span> <span class='ocrx_word' id='word_1_400' title='bbox 2477 2478 2545 2549; x_wconf 79' lang='grc' dir='ltr'><strong>ἢν</strong></span> <span class='ocrx_word' id='word_1_401' title='bbox 2575 2475 2732 2531; x_wconf 80' lang='grc' dir='ltr'><strong>τοῦδε</strong></span> <span class='ocrx_word' id='word_1_402' title='bbox 2774 2475 2868 2530; x_wconf 81' lang='grc' dir='ltr'><strong>τοῦ</strong></span> <span class='ocrx_word' id='word_1_403' title='bbox 2912 2475 3115 2540; x_wconf 89' lang='grc' dir='ltr'>παντὸς</span> <span class='ocrx_word' id='word_1_404' title='bbox 3161 2476 3283 2545; x_wconf 74' lang='grc' dir='ltr'>ἥξει</span> <span class='ocrx_word' id='word_1_405' title='bbox 3314 2476 3377 2531; x_wconf 89' lang='grc' dir='ltr'><strong>τὸ</strong></span> <span class='ocrx_word' id='word_1_406' title='bbox 3409 2477 3607 2548; x_wconf 79' lang='grc' dir='ltr'><strong>πέρας,</strong></span> <span class='ocrx_word' id='word_1_407' title='bbox 3638 2478 3704 2530; x_wconf 84' lang='grc' dir='ltr'><strong>τὸ</strong></span> 
     </span>
    </p>
   </div>
   <div class='ocr_carea' id='block_1_56' title="bbox 2118 2568 3702 2641">
    <p class='ocr_par' dir='ltr' id='par_1_56' title="bbox 2118 2568 3702 2641">
     <span class='ocr_line' id='line_1_56' title="bbox 2118 2568 3702 2641; baseline -0.001 -18"><span class='ocrx_word' id='word_1_408' title='bbox 2118 2573 2317 2625; x_wconf 83' lang='grc' dir='ltr'><strong>οἰκεῖον</strong></span> <span class='ocrx_word' id='word_1_409' title='bbox 2350 2568 2431 2641; x_wconf 81' lang='grc' dir='ltr'><strong>τῷ</strong></span> <span class='ocrx_word' id='word_1_410' title='bbox 2455 2569 2849 2641; x_wconf 80' lang='grc' dir='ltr'>προσλήμματι</span> <span class='ocrx_word' id='word_1_411' title='bbox 2901 2568 3104 2639; x_wconf 81' lang='grc' dir='ltr'><strong>νέμων.</strong></span> <span class='ocrx_word' id='word_1_412' title='bbox 3140 2570 3322 2639; x_wconf 79' lang='grc' dir='ltr'><strong>Ἂπερ</strong></span> <span class='ocrx_word' id='word_1_413' title='bbox 3354 2569 3573 2624; x_wconf 81' lang='grc' dir='ltr'>ἅπαντα</span> <span class='ocrx_word' id='word_1_414' title='bbox 3606 2569 3702 2622; x_wconf 60' lang='grc' dir='ltr'><strong>διὰ</strong></span> 
     </span>
    </p>
   </div>
   <div class='ocr_carea' id='block_1_57' title="bbox 2119 2658 3707 2733">
    <p class='ocr_par' dir='ltr' id='par_1_57' title="bbox 2119 2658 3707 2733">
     <span class='ocr_line' id='line_1_57' title="bbox 2119 2658 3707 2733; baseline -0.001 -18"><span class='ocrx_word' id='word_1_415' title='bbox 2119 2664 2220 2733; x_wconf 76' lang='grc' dir='ltr'><strong>τὴν</strong></span> <span class='ocrx_word' id='word_1_416' title='bbox 2257 2661 2571 2732; x_wconf 76' lang='grc' dir='ltr'>οἰκονομίαν</span> <span class='ocrx_word' id='word_1_417' title='bbox 2602 2661 2683 2724; x_wconf 79' lang='grc' dir='ltr'><strong>εἰς</strong></span> <span class='ocrx_word' id='word_1_418' title='bbox 2704 2660 2899 2713; x_wconf 76' lang='grc' dir='ltr'>ἑαυτὸν</span> <span class='ocrx_word' id='word_1_419' title='bbox 2919 2658 3230 2724; x_wconf 79' lang='grc' dir='ltr'>ἀναλαϐὼν,</span> <span class='ocrx_word' id='word_1_420' title='bbox 3255 2659 3463 2724; x_wconf 82' lang='grc' dir='ltr'>τέλειος</span> <span class='ocrx_word' id='word_1_421' title='bbox 3490 2659 3707 2731; x_wconf 78' lang='grc' dir='ltr'><strong>ἄνθρω-</strong></span> 
     </span>
    </p>
   </div>
   <div class='ocr_carea' id='block_1_58' title="bbox 2121 2752 3706 2825">
    <p class='ocr_par' dir='ltr' id='par_1_58' title="bbox 2121 2752 3706 2825">
     <span class='ocr_line' id='line_1_58' title="bbox 2121 2752 3706 2825; baseline -0.001 -18"><span class='ocrx_word' id='word_1_422' title='bbox 2121 2772 2223 2819; x_wconf 88' lang='grc' dir='ltr'><strong>πος</strong></span> <span class='ocrx_word' id='word_1_423' title='bbox 2275 2754 2418 2808; x_wconf 80' lang='grc' dir='ltr'><strong>κατὰ</strong></span> <span class='ocrx_word' id='word_1_424' title='bbox 2447 2753 2624 2808; x_wconf 82' lang='grc' dir='ltr'>πάντα</span> <span class='ocrx_word' id='word_1_425' title='bbox 2656 2753 2847 2824; x_wconf 80' lang='grc' dir='ltr'><strong>ὥσπερ</strong></span> <span class='ocrx_word' id='word_1_426' title='bbox 2877 2752 2969 2807; x_wconf 75' lang='grc' dir='ltr'><strong>καὶ</strong></span> <span class='ocrx_word' id='word_1_427' title='bbox 2996 2752 3129 2817; x_wconf 83' lang='grc' dir='ltr'><strong>Θεὸς</strong></span> <span class='ocrx_word' id='word_1_428' title='bbox 3173 2753 3383 2818; x_wconf 76' lang='grc' dir='ltr'><strong>τέλειος</strong></span> <span class='ocrx_word' id='word_1_429' title='bbox 3424 2771 3530 2825; x_wconf 82' lang='grc' dir='ltr'><strong>χρη</strong></span> <span class='ocrx_word' id='word_1_430' title='bbox 3540 2753 3706 2824; x_wconf 80' lang='grc' dir='ltr'>ματί-</span> 
     </span>
    </p>
   </div>
   <div class='ocr_carea' id='block_1_59' title="bbox 2122 2836 3703 2911">
    <p class='ocr_par' dir='ltr' id='par_1_59' title="bbox 2122 2836 3703 2911">
     <span class='ocr_line' id='line_1_59' title="bbox 2122 2836 3703 2911; baseline -0.001 -16"><span class='ocrx_word' id='word_1_431' title='bbox 2122 2840 2231 2908; x_wconf 82' lang='grc' dir='ltr'><strong>ζων</strong></span> <span class='ocrx_word' id='word_1_432' title='bbox 2260 2840 2388 2908; x_wconf 82' lang='grc' dir='ltr'><strong>παρ’</strong></span> <span class='ocrx_word' id='word_1_433' title='bbox 2410 2840 2568 2911; x_wconf 77' lang='grc' dir='ltr'><strong>ἡμῶν</strong></span> <span class='ocrx_word' id='word_1_434' title='bbox 2588 2836 2871 2905; x_wconf 79' lang='grc' dir='ltr'>δοξάζεται</span> <span class='ocrx_word' id='word_1_435' title='bbox 2901 2837 2996 2893; x_wconf 78' lang='grc' dir='ltr'><strong>καὶ</strong></span> <span class='ocrx_word' id='word_1_436' title='bbox 3036 2839 3399 2911; x_wconf 80' lang='grc' dir='ltr'><strong>κηρύσσεται.</strong></span> <span class='ocrx_word' id='word_1_437' title='bbox 3440 2842 3601 2907; x_wconf 80' lang='grc' dir='ltr'>Κατα</span> <span class='ocrx_word' id='word_1_438' title='bbox 3640 2841 3703 2894; x_wconf 73' lang='grc' dir='ltr'>δὲ</span> 
     </span>
    </p>
   </div>
   <div class='ocr_carea' id='block_1_60' title="bbox 455 2930 2018 3010">
    <p class='ocr_par' dir='ltr' id='par_1_60' title="bbox 455 2935 2018 3010">
     <span class='ocr_line' id='line_1_60' title="bbox 455 2935 2018 3010; baseline -0.005 -14"><span class='ocrx_word' id='word_1_439' title='bbox 455 2951 680 2996; x_wconf 88' lang='lat' dir='ltr'><strong>noratur</strong></span> <span class='ocrx_word' id='word_1_440' title='bbox 704 2948 758 2996; x_wconf 90' lang='lat' dir='ltr'><strong>et</strong></span> <span class='ocrx_word' id='word_1_441' title='bbox 790 2935 1395 3010; x_wconf 84' lang='lat' dir='ltr'><strong>proclamatur.Eudem</strong></span> <span class='ocrx_word' id='word_1_442' title='bbox 1421 2936 1578 2991; x_wconf 89' lang='lat' dir='ltr'><strong>modo</strong></span> <span class='ocrx_word' id='word_1_443' title='bbox 1608 2950 1662 2992; x_wconf 93' lang='lat' dir='ltr'><strong>et</strong></span> <span class='ocrx_word' id='word_1_444' title='bbox 1699 2946 1941 2992; x_wconf 85' lang='lat' dir='ltr'><strong>creatum</strong></span> <span class='ocrx_word' id='word_1_445' title='bbox 1966 2945 2018 2989; x_wconf 91' lang='lat' dir='ltr'><strong>et</strong></span> 
     </span>
    </p>
   </div>
   <div class='ocr_carea' id='block_1_61' title="bbox 2122 2930 3703 3010">
    <p class='ocr_par' dir='ltr' id='par_1_61' title="bbox 2122 2930 3703 3003">
     <span class='ocr_line' id='line_1_61' title="bbox 2122 2930 3703 3003; baseline 0 -17"><span class='ocrx_word' id='word_1_446' title='bbox 2122 2933 2215 2986; x_wconf 88' lang='grc' dir='ltr'><strong>τὸν</strong></span> <span class='ocrx_word' id='word_1_447' title='bbox 2244 2932 2408 2986; x_wconf 76' lang='grc' dir='ltr'><strong>αὐτὸν</strong></span> <span class='ocrx_word' id='word_1_448' title='bbox 2438 2931 2639 3003; x_wconf 81' lang='grc' dir='ltr'>τρόπον</span> <span class='ocrx_word' id='word_1_449' title='bbox 2668 2932 2764 2985; x_wconf 80' lang='grc' dir='ltr'><strong>καὶ</strong></span> <span class='ocrx_word' id='word_1_450' title='bbox 2790 2930 3007 2995; x_wconf 86' lang='grc' dir='ltr'><strong>κτιστὸς</strong></span> <span class='ocrx_word' id='word_1_451' title='bbox 3050 2931 3147 2985; x_wconf 73' lang='grc' dir='ltr'><strong>καὶ</strong></span> <span class='ocrx_word' id='word_1_452' title='bbox 3177 2932 3434 3003; x_wconf 85' lang='grc' dir='ltr'><strong>ἄκτιστος</strong></span> <span class='ocrx_word' id='word_1_453' title='bbox 3465 2934 3495 2987; x_wconf 82' lang='grc' dir='ltr'><strong>ὁ</strong></span> <span class='ocrx_word' id='word_1_454' title='bbox 3537 2932 3703 2992; x_wconf 72' lang='grc' dir='ltr'>αὐτὸς</span> 
     </span>
    </p>
   </div>
   <div class='ocr_carea' id='block_1_62' title="bbox 456 3031 2018 3098">
    <p class='ocr_par' dir='ltr' id='par_1_62' title="bbox 456 3031 2018 3098">
     <span class='ocr_line' id='line_1_62' title="bbox 456 3031 2018 3098; baseline -0.004 -10"><span class='ocrx_word' id='word_1_455' title='bbox 456 3035 759 3088; x_wconf 80' lang='lat' dir='ltr'><strong>increatum</strong></span> <span class='ocrx_word' id='word_1_456' title='bbox 792 3035 1040 3087; x_wconf 90' lang='lat' dir='ltr'><strong>eumdem</strong></span> <span class='ocrx_word' id='word_1_457' title='bbox 1073 3031 1420 3096; x_wconf 75' lang='lat' dir='ltr'><strong>confitemur,</strong></span> <span class='ocrx_word' id='word_1_458' title='bbox 1449 3040 1503 3086; x_wconf 90' lang='lat' dir='ltr'><strong>et</strong></span> <span class='ocrx_word' id='word_1_459' title='bbox 1541 3031 1823 3095; x_wconf 80' lang='lat' dir='ltr'><strong>mortalem</strong></span> <span class='ocrx_word' id='word_1_460' title='bbox 1857 3041 2018 3098; x_wconf 87' lang='lat' dir='ltr'><strong>atque</strong></span> 
     </span>
    </p>
   </div>
   <div class='ocr_carea' id='block_1_63' title="bbox 457 3122 2021 3191">
    <p class='ocr_par' dir='ltr' id='par_1_63' title="bbox 457 3122 2021 3191">
     <span class='ocr_line' id='line_1_63' title="bbox 457 3122 2021 3191; baseline -0.003 -12"><span class='ocrx_word' id='word_1_461' title='bbox 457 3122 848 3187; x_wconf 86' lang='lat' dir='ltr'><strong>immortalem,</strong></span> <span class='ocrx_word' id='word_1_462' title='bbox 914 3130 968 3177; x_wconf 89' lang='lat' dir='ltr'><strong>et</strong></span> <span class='ocrx_word' id='word_1_463' title='bbox 995 3137 1329 3191; x_wconf 64' lang='lat' dir='ltr'><strong>quaecunque</strong></span> <span class='ocrx_word' id='word_1_464' title='bbox 1350 3123 1454 3176; x_wconf 86' lang='lat' dir='ltr'><strong>alia</strong></span> <span class='ocrx_word' id='word_1_465' title='bbox 1481 3123 1531 3175; x_wconf 90' lang='lat' dir='ltr'><strong>in</strong></span> <span class='ocrx_word' id='word_1_466' title='bbox 1582 3136 1690 3176; x_wconf 87' lang='lat' dir='ltr'><strong>uno</strong></span> <span class='ocrx_word' id='word_1_467' title='bbox 1722 3122 2021 3189; x_wconf 85' lang='lat' dir='ltr'><strong>eodemque</strong></span> 
     </span>
    </p>
   </div>
   <div class='ocr_carea' id='block_1_64' title="bbox 456 3213 2016 3282">
    <p class='ocr_par' dir='ltr' id='par_1_64' title="bbox 456 3213 2016 3282">
     <span class='ocr_line' id='line_1_64' title="bbox 456 3213 2016 3282; baseline -0.004 -13"><span class='ocrx_word' id='word_1_468' title='bbox 456 3213 700 3281; x_wconf 77' lang='lat' dir='ltr'><strong>subjecto</strong></span> <span class='ocrx_word' id='word_1_469' title='bbox 757 3215 1027 3269; x_wconf 83' lang='lat' dir='ltr'><strong>contraria</strong></span> <span class='ocrx_word' id='word_1_470' title='bbox 1074 3223 1371 3267; x_wconf 87' lang='lat' dir='ltr'><strong>cernuntur</strong></span> <span class='ocrx_word' id='word_1_471' title='bbox 1420 3224 1639 3282; x_wconf 88' lang='lat' dir='ltr'><strong>propter</strong></span> <span class='ocrx_word' id='word_1_472' title='bbox 1703 3222 2016 3266; x_wconf 87' lang='lat' dir='ltr'><strong>naturarum</strong></span> 
     </span>
    </p>
   </div>
   <div class='ocr_carea' id='block_1_65' title="bbox 458 3303 2018 3375">
    <p class='ocr_par' dir='ltr' id='par_1_65' title="bbox 458 3303 2018 3375">
     <span class='ocr_line' id='line_1_65' title="bbox 458 3303 2018 3375; baseline -0.001 -15"><span class='ocrx_word' id='word_1_473' title='bbox 458 3307 851 3375; x_wconf 88' lang='lat' dir='ltr'><strong>duplicitatem.</strong></span> <span class='ocrx_word' id='word_1_474' title='bbox 894 3303 988 3358; x_wconf 82' lang='lat' dir='ltr'><strong>His</strong></span> <span class='ocrx_word' id='word_1_475' title='bbox 1038 3305 1112 3358; x_wconf 85' lang='lat' dir='ltr'><strong>ita</strong></span> <span class='ocrx_word' id='word_1_476' title='bbox 1144 3305 1455 3367; x_wconf 88' lang='lat' dir='ltr'><strong>declaratis,</strong></span> <span class='ocrx_word' id='word_1_477' title='bbox 1506 3306 1629 3375; x_wconf 88' lang='lat' dir='ltr'><strong>quis</strong></span> <span class='ocrx_word' id='word_1_478' title='bbox 1673 3304 2018 3374; x_wconf 84' lang='lat' dir='ltr'><strong>prohibethi</strong></span> 
     </span>
    </p>
   </div>
   <div class='ocr_carea' id='block_1_66' title="bbox 461 3397 2019 3468">
    <p class='ocr_par' dir='ltr' id='par_1_66' title="bbox 461 3397 2019 3468">
     <span class='ocr_line' id='line_1_66' title="bbox 461 3397 2019 3468; baseline -0.002 -15"><span class='ocrx_word' id='word_1_479' title='bbox 461 3399 732 3468; x_wconf 78' lang='lat' dir='ltr'><strong>dogmatis</strong></span> <span class='ocrx_word' id='word_1_480' title='bbox 760 3397 1021 3461; x_wconf 83' lang='lat' dir='ltr'><strong>asseclas,</strong></span> <span class='ocrx_word' id='word_1_481' title='bbox 1057 3398 1345 3466; x_wconf 83' lang='lat' dir='ltr'><strong>quominus</strong></span> <span class='ocrx_word' id='word_1_482' title='bbox 1385 3399 1645 3467; x_wconf 88' lang='lat' dir='ltr'><strong>reliquam</strong></span> <span class='ocrx_word' id='word_1_483' title='bbox 1676 3412 1852 3452; x_wconf 89' lang='lat' dir='ltr'><strong>rerum</strong></span> <span class='ocrx_word' id='word_1_484' title='bbox 1887 3399 2019 3451; x_wconf 87' lang='lat' dir='ltr'><strong>dua-</strong></span> 
     </span>
    </p>
   </div>
   <div class='ocr_carea' id='block_1_67' title="bbox 458 3488 2022 3560">
    <p class='ocr_par' dir='ltr' id='par_1_67' title="bbox 458 3488 2022 3560">
     <span class='ocr_line' id='line_1_67' title="bbox 458 3488 2022 3560; baseline 0 -17"><span class='ocrx_word' id='word_1_485' title='bbox 458 3489 688 3556; x_wconf 87' lang='lat' dir='ltr'><strong>litatem,</strong></span> <span class='ocrx_word' id='word_1_486' title='bbox 739 3492 853 3560; x_wconf 90' lang='lat' dir='ltr'><strong>pari</strong></span> <span class='ocrx_word' id='word_1_487' title='bbox 908 3489 1064 3544; x_wconf 91' lang='lat' dir='ltr'><strong>modo</strong></span> <span class='ocrx_word' id='word_1_488' title='bbox 1096 3488 1147 3541; x_wconf 91' lang='lat' dir='ltr'><strong>in</strong></span> <span class='ocrx_word' id='word_1_489' title='bbox 1199 3504 1441 3558; x_wconf 83' lang='lat' dir='ltr'><strong>personae</strong></span> <span class='ocrx_word' id='word_1_490' title='bbox 1471 3504 1685 3558; x_wconf 90' lang='lat' dir='ltr'><strong>quoque</strong></span> <span class='ocrx_word' id='word_1_491' title='bbox 1745 3488 2022 3543; x_wconf 86' lang='lat' dir='ltr'><strong>attributis</strong></span> 
     </span>
    </p>
   </div>
   <div class='ocr_carea' id='block_1_68' title="bbox 457 3578 2023 3651">
    <p class='ocr_par' dir='ltr' id='par_1_68' title="bbox 457 3578 2023 3651">
     <span class='ocr_line' id='line_1_68' title="bbox 457 3578 2023 3651; baseline 0 -17"><span class='ocrx_word' id='word_1_492' title='bbox 457 3581 763 3649; x_wconf 78' lang='lat' dir='ltr'><strong>usurpeuti</strong></span> <span class='ocrx_word' id='word_1_493' title='bbox 790 3582 929 3650; x_wconf 84' lang='lat' dir='ltr'><strong>quod</strong></span> <span class='ocrx_word' id='word_1_494' title='bbox 959 3580 1046 3634; x_wconf 89' lang='lat' dir='ltr'><strong>isti</strong></span> <span class='ocrx_word' id='word_1_495' title='bbox 1078 3578 1470 3634; x_wconf 82' lang='lat' dir='ltr'><strong>Christomaehi</strong></span> <span class='ocrx_word' id='word_1_496' title='bbox 1506 3581 1668 3649; x_wconf 88' lang='lat' dir='ltr'><strong>impie</strong></span> <span class='ocrx_word' id='word_1_497' title='bbox 1693 3589 1893 3651; x_wconf 82' lang='lat' dir='ltr'><strong>negant</strong></span> <span class='ocrx_word' id='word_1_498' title='bbox 1918 3597 1934 3634; x_wconf 84' lang='lat'><strong>:</strong></span> <span class='ocrx_word' id='word_1_499' title='bbox 1967 3589 2023 3634; x_wconf 89' lang='lat' dir='ltr'><strong>et</strong></span> 
     </span>
    </p>
   </div>
   <div class='ocr_carea' id='block_1_69' title="bbox 458 3669 2019 3738">
    <p class='ocr_par' dir='ltr' id='par_1_69' title="bbox 458 3669 2019 3738">
     <span class='ocr_line' id='line_1_69' title="bbox 458 3669 2019 3738; baseline 0.003 -16"><span class='ocrx_word' id='word_1_500' title='bbox 458 3682 728 3737; x_wconf 85' lang='lat' dir='ltr'><strong>quatenus</strong></span> <span class='ocrx_word' id='word_1_501' title='bbox 781 3671 996 3738; x_wconf 87' lang='lat' dir='ltr'><strong>quidem</strong></span> <span class='ocrx_word' id='word_1_502' title='bbox 1057 3671 1306 3725; x_wconf 80' lang='lat' dir='ltr'><strong>Christus</strong></span> <span class='ocrx_word' id='word_1_503' title='bbox 1351 3673 1417 3725; x_wconf 88' lang='lat' dir='ltr'><strong>ad</strong></span> <span class='ocrx_word' id='word_1_504' title='bbox 1470 3669 1705 3726; x_wconf 82' lang='lat' dir='ltr'><strong>Verbum</strong></span> <span class='ocrx_word' id='word_1_505' title='bbox 1767 3671 2019 3736; x_wconf 82' lang='lat' dir='ltr'><strong>refertur,</strong></span> 
     </span>
    </p>
   </div>
   <div class='ocr_carea' id='block_1_70' title="bbox 459 3752 2019 3830">
    <p class='ocr_par' dir='ltr' id='par_1_70' title="bbox 459 3752 2019 3830">
     <span class='ocr_line' id='line_1_70' title="bbox 459 3752 2019 3830; baseline 0.003 -16"><span class='ocrx_word' id='word_1_506' title='bbox 459 3763 641 3814; x_wconf 84' lang='lat' dir='ltr'><strong>dicant</strong></span> <span class='ocrx_word' id='word_1_507' title='bbox 675 3762 1246 3830; x_wconf 81' lang='lat' dir='ltr'><strong>inrircumscriptum;</strong></span> <span class='ocrx_word' id='word_1_508' title='bbox 1284 3752 1552 3830; x_wconf 84' lang='lat' dir='ltr'><strong>quatenus</strong></span> <span class='ocrx_word' id='word_1_509' title='bbox 1604 3778 1732 3818; x_wconf 82' lang='lat' dir='ltr'><strong>vero</strong></span> <span class='ocrx_word' id='word_1_510' title='bbox 1781 3766 1846 3817; x_wconf 89' lang='lat' dir='ltr'><strong>ad</strong></span> <span class='ocrx_word' id='word_1_511' title='bbox 1878 3766 2019 3819; x_wconf 83' lang='lat' dir='ltr'><strong>servi</strong></span> 
     </span>
    </p>
   </div>
   <div class='ocr_carea' id='block_1_71' title="bbox 462 3850 2021 3920">
    <p class='ocr_par' dir='ltr' id='par_1_71' title="bbox 462 3850 2021 3920">
     <span class='ocr_line' id='line_1_71' title="bbox 462 3850 2021 3920; baseline 0.004 -19"><span class='ocrx_word' id='word_1_512' title='bbox 462 3850 689 3902; x_wconf 83' lang='lat' dir='ltr'><strong>formant</strong></span> <span class='ocrx_word' id='word_1_513' title='bbox 737 3850 987 3918; x_wconf 85' lang='lat' dir='ltr'><strong>pertinet,</strong></span> <span class='ocrx_word' id='word_1_514' title='bbox 1032 3850 1587 3917; x_wconf 82' lang='lat' dir='ltr'><strong>circumscriptionem</strong></span> <span class='ocrx_word' id='word_1_515' title='bbox 1620 3853 1668 3906; x_wconf 89' lang='lat' dir='ltr'><strong>ei</strong></span> <span class='ocrx_word' id='word_1_516' title='bbox 1722 3853 2021 3920; x_wconf 78' lang='lat' dir='ltr'><strong>assignenl.</strong></span> 
     </span>
    </p>
   </div>
   <div class='ocr_carea' id='block_1_72' title="bbox 461 3940 2024 4011">
    <p class='ocr_par' dir='ltr' id='par_1_72' title="bbox 461 3940 2024 4011">
     <span class='ocr_line' id='line_1_72' title="bbox 461 3940 2024 4011; baseline 0.003 -17"><span class='ocrx_word' id='word_1_517' title='bbox 461 3941 595 4007; x_wconf 83' lang='lat' dir='ltr'><strong>Quis</strong></span> <span class='ocrx_word' id='word_1_518' title='bbox 644 3940 780 3995; x_wconf 87' lang='lat' dir='ltr'><strong>adeo</strong></span> <span class='ocrx_word' id='word_1_519' title='bbox 821 3942 1011 3995; x_wconf 86' lang='lat' dir='ltr'><strong>brutus</strong></span> <span class='ocrx_word' id='word_1_520' title='bbox 1055 3941 1361 4010; x_wconf 87' lang='lat' dir='ltr'><strong>stolidoqne</strong></span> <span class='ocrx_word' id='word_1_521' title='bbox 1404 3942 1586 3994; x_wconf 91' lang='lat' dir='ltr'><strong>animo</strong></span> <span class='ocrx_word' id='word_1_522' title='bbox 1636 3950 1799 4011; x_wconf 88' lang='lat' dir='ltr'><strong>atque</strong></span> <span class='ocrx_word' id='word_1_523' title='bbox 1831 3957 2024 3999; x_wconf 78' lang='lat' dir='ltr'><strong>excors</strong></span> 
     </span>
    </p>
   </div>
   <div class='ocr_carea' id='block_1_73' title="bbox 430 4032 2024 4105">
    <p class='ocr_par' dir='ltr' id='par_1_73' title="bbox 430 4032 2024 4105">
     <span class='ocr_line' id='line_1_73' title="bbox 430 4032 2024 4105; baseline 0.005 -21"><span class='ocrx_word' id='word_1_524' title='bbox 430 4034 553 4095; x_wconf 77' lang='lat' dir='ltr'><strong>‘sit,</strong></span> <span class='ocrx_word' id='word_1_525' title='bbox 587 4043 644 4086; x_wconf 93' lang='lat' dir='ltr'><strong>nt</strong></span> <span class='ocrx_word' id='word_1_526' title='bbox 692 4042 885 4086; x_wconf 63' lang='lat' dir='ltr'><strong>caetera</strong></span> <span class='ocrx_word' id='word_1_527' title='bbox 944 4033 1159 4100; x_wconf 88' lang='lat' dir='ltr'><strong>quidem</strong></span> <span class='ocrx_word' id='word_1_528' title='bbox 1209 4032 1389 4086; x_wconf 85' lang='lat' dir='ltr'><strong>omnia</strong></span> <span class='ocrx_word' id='word_1_529' title='bbox 1441 4032 1672 4103; x_wconf 81' lang='lat' dir='ltr'><strong>duplicia</strong></span> <span class='ocrx_word' id='word_1_530' title='bbox 1720 4035 1771 4088; x_wconf 92' lang='lat' dir='ltr'><strong>in</strong></span> <span class='ocrx_word' id='word_1_531' title='bbox 1822 4036 2024 4105; x_wconf 89' lang='lat' dir='ltr'><strong>duplici</strong></span> 
     </span>
    </p>
   </div>
   <div class='ocr_carea' id='block_1_74' title="bbox 465 4122 2023 4186">
    <p class='ocr_par' dir='ltr' id='par_1_74' title="bbox 465 4122 2023 4186">
     <span class='ocr_line' id='line_1_74' title="bbox 465 4122 2023 4186; baseline 0.006 -11"><span class='ocrx_word' id='word_1_532' title='bbox 465 4124 747 4177; x_wconf 81' lang='lat' dir='ltr'><strong>nativitate</strong></span> <span class='ocrx_word' id='word_1_533' title='bbox 782 4132 876 4176; x_wconf 90' lang='lat' dir='ltr'><strong>aut</strong></span> <span class='ocrx_word' id='word_1_534' title='bbox 907 4133 1097 4177; x_wconf 88' lang='lat' dir='ltr'><strong>natura</strong></span> <span class='ocrx_word' id='word_1_535' title='bbox 1131 4122 1417 4186; x_wconf 83' lang='lat' dir='ltr'><strong>conﬁtens,</strong></span> <span class='ocrx_word' id='word_1_536' title='bbox 1449 4125 1501 4178; x_wconf 92' lang='lat' dir='ltr'><strong>in</strong></span> <span class='ocrx_word' id='word_1_537' title='bbox 1542 4127 1645 4180; x_wconf 89' lang='lat' dir='ltr'><strong>hoc</strong></span> <span class='ocrx_word' id='word_1_538' title='bbox 1676 4136 1881 4183; x_wconf 90' lang='lat' dir='ltr'><strong>tantum</strong></span> <span class='ocrx_word' id='word_1_539' title='bbox 1912 4130 2023 4184; x_wconf 88' lang='lat' dir='ltr'><strong>cir-</strong></span> 
     </span>
    </p>
   </div>
   <div class='ocr_carea' id='block_1_75' title="bbox 460 4214 2022 4290">
    <p class='ocr_par' dir='ltr' id='par_1_75' title="bbox 460 4214 2022 4290">
     <span class='ocr_line' id='line_1_75' title="bbox 460 4214 2022 4290; baseline 0.006 -24"><span class='ocrx_word' id='word_1_540' title='bbox 460 4214 903 4283; x_wconf 85' lang='lat' dir='ltr'><strong>cumscriptionis</strong></span> <span class='ocrx_word' id='word_1_541' title='bbox 956 4217 1173 4286; x_wconf 84' lang='lat' dir='ltr'><strong>negotio</strong></span> <span class='ocrx_word' id='word_1_542' title='bbox 1217 4215 1458 4271; x_wconf 78' lang='lat' dir='ltr'><strong>rixetur?</strong></span> <span class='ocrx_word' id='word_1_543' title='bbox 1492 4216 1649 4273; x_wconf 88' lang='lat' dir='ltr'><strong>Certe</strong></span> <span class='ocrx_word' id='word_1_544' title='bbox 1681 4221 1771 4288; x_wconf 90' lang='lat' dir='ltr'><strong>qui</strong></span> <span class='ocrx_word' id='word_1_545' title='bbox 1819 4223 2022 4290; x_wconf 87' lang='lat' dir='ltr'><strong>prima-</strong></span> 
     </span>
    </p>
   </div>
   <div class='ocr_carea' id='block_1_76' title="bbox 467 4306 2025 4377">
    <p class='ocr_par' dir='ltr' id='par_1_76' title="bbox 467 4306 2025 4377">
     <span class='ocr_line' id='line_1_76' title="bbox 467 4306 2025 4377; baseline 0.006 -19"><span class='ocrx_word' id='word_1_546' title='bbox 467 4308 575 4360; x_wconf 77' lang='lat' dir='ltr'><strong>rius</strong></span> <span class='ocrx_word' id='word_1_547' title='bbox 633 4316 687 4359; x_wconf 92' lang='lat' dir='ltr'><strong>et</strong></span> <span class='ocrx_word' id='word_1_548' title='bbox 720 4306 941 4360; x_wconf 89' lang='lat' dir='ltr'><strong>intimas</strong></span> <span class='ocrx_word' id='word_1_549' title='bbox 999 4319 1312 4360; x_wconf 80' lang='lat' dir='ltr'><strong>naturarum</strong></span> <span class='ocrx_word' id='word_1_550' title='bbox 1366 4308 1616 4363; x_wconf 88' lang='lat' dir='ltr'><strong>notiones</strong></span> <span class='ocrx_word' id='word_1_551' title='bbox 1670 4310 1901 4377; x_wconf 84' lang='lat' dir='ltr'><strong>auferat,</strong></span> <span class='ocrx_word' id='word_1_552' title='bbox 1958 4327 2025 4368; x_wconf 90' lang='lat' dir='ltr'><strong>ne</strong></span> 
     </span>
    </p>
   </div>
   <div class='ocr_carea' id='block_1_77' title="bbox 438 4383 2024 4468">
    <p class='ocr_par' dir='ltr' id='par_1_77' title="bbox 438 4383 2024 4468">
     <span class='ocr_line' id='line_1_77' title="bbox 438 4383 2024 4468; baseline 0.006 -20"><span class='ocrx_word' id='word_1_553' title='bbox 438 4383 705 4449; x_wconf 39' lang='lat' dir='ltr'><strong>&#39;naturnm</strong></span> <span class='ocrx_word' id='word_1_554' title='bbox 757 4398 973 4466; x_wconf 86' lang='lat' dir='ltr'><strong>quidem</strong></span> <span class='ocrx_word' id='word_1_555' title='bbox 1022 4400 1283 4468; x_wconf 87' lang='lat' dir='ltr'><strong>reliquam</strong></span> <span class='ocrx_word' id='word_1_556' title='bbox 1346 4398 1530 4453; x_wconf 74' lang='lat' dir='ltr'><strong>faciet.</strong></span> <span class='ocrx_word' id='word_1_557' title='bbox 1566 4398 1723 4466; x_wconf 60' lang='lat' dir='ltr'><strong>.Qnid</strong></span> <span class='ocrx_word' id='word_1_558' title='bbox 1756 4405 1900 4456; x_wconf 89' lang='lat' dir='ltr'><strong>enim</strong></span> <span class='ocrx_word' id='word_1_559' title='bbox 1936 4404 2024 4457; x_wconf 91' lang='lat' dir='ltr'><strong>hic</strong></span> 
     </span>
    </p>
   </div>
   <div class='ocr_carea' id='block_1_78' title="bbox 465 4489 2024 4558">
    <p class='ocr_par' dir='ltr' id='par_1_78' title="bbox 465 4489 2024 4558">
     <span class='ocr_line' id='line_1_78' title="bbox 465 4489 2024 4558; baseline 0.006 -19"><span class='ocrx_word' id='word_1_560' title='bbox 465 4489 870 4542; x_wconf 72' lang='lat' dir='ltr'><strong>t&#39;urmidoloSnm</strong></span> <span class='ocrx_word' id='word_1_561' title='bbox 924 4500 1007 4543; x_wconf 83' lang='lat' dir='ltr'><strong>est</strong></span> <span class='ocrx_word' id='word_1_562' title='bbox 1053 4501 1146 4543; x_wconf 83' lang='lat' dir='ltr'><strong>aut</strong></span> <span class='ocrx_word' id='word_1_563' title='bbox 1191 4506 1514 4558; x_wconf 83' lang='lat' dir='ltr'><strong>magnopere</strong></span> <span class='ocrx_word' id='word_1_564' title='bbox 1561 4494 1820 4547; x_wconf 75' lang='lat' dir='ltr'><strong>noxium?</strong></span> <span class='ocrx_word' id='word_1_565' title='bbox 1870 4494 2024 4549; x_wconf 83' lang='lat' dir='ltr'><strong>Sicut</strong></span> 
     </span>
    </p>
   </div>
   <div class='ocr_carea' id='block_1_79' title="bbox 465 4579 2017 4653">
    <p class='ocr_par' dir='ltr' id='par_1_79' title="bbox 465 4579 2017 4653">
     <span class='ocr_line' id='line_1_79' title="bbox 465 4579 2017 4653; baseline 0.005 -22"><span class='ocrx_word' id='word_1_566' title='bbox 465 4581 607 4632; x_wconf 85' lang='lat' dir='ltr'><strong>enim</strong></span> <span class='ocrx_word' id='word_1_567' title='bbox 655 4580 868 4648; x_wconf 74' lang='lat' dir='ltr'><strong>opt-rati</strong></span> <span class='ocrx_word' id='word_1_568' title='bbox 917 4591 970 4632; x_wconf 86' lang='lat' dir='ltr'><strong>et</strong></span> <span class='ocrx_word' id='word_1_569' title='bbox 1012 4579 1166 4644; x_wconf 86' lang='lat' dir='ltr'><strong>velle,</strong></span> <span class='ocrx_word' id='word_1_570' title='bbox 1221 4581 1430 4634; x_wconf 69' lang='lat' dir='ltr'><strong>nescire</strong></span> <span class='ocrx_word' id='word_1_571' title='bbox 1485 4580 1646 4634; x_wconf 82' lang='lat' dir='ltr'><strong>etiam</strong></span> <span class='ocrx_word' id='word_1_572' title='bbox 1699 4588 1861 4652; x_wconf 87' lang='lat' dir='ltr'><strong>atque</strong></span> <span class='ocrx_word' id='word_1_573' title='bbox 1908 4586 2017 4653; x_wconf 86' lang='lat' dir='ltr'><strong>pati</strong></span> 
     </span>
    </p>
   </div>
   <div class='ocr_carea' id='block_1_80' title="bbox 468 4670 2030 4741">
    <p class='ocr_par' dir='ltr' id='par_1_80' title="bbox 468 4670 2030 4741">
     <span class='ocr_line' id='line_1_80' title="bbox 468 4670 2030 4741; baseline 0.004 -16"><span class='ocrx_word' id='word_1_574' title='bbox 468 4672 778 4727; x_wconf 80' lang='lat' dir='ltr'><strong>humanitus</strong></span> <span class='ocrx_word' id='word_1_575' title='bbox 818 4670 1124 4738; x_wconf 86' lang='lat' dir='ltr'><strong>DOIninutn,</strong></span> <span class='ocrx_word' id='word_1_576' title='bbox 1157 4673 1301 4726; x_wconf 87' lang='lat' dir='ltr'><strong>ttullo</strong></span> <span class='ocrx_word' id='word_1_577' title='bbox 1334 4674 1491 4727; x_wconf 87' lang='lat' dir='ltr'><strong>modo</strong></span> <span class='ocrx_word' id='word_1_578' title='bbox 1524 4674 1764 4741; x_wconf 82' lang='lat' dir='ltr'><strong>ejusdem</strong></span> <span class='ocrx_word' id='word_1_579' title='bbox 1811 4676 2030 4734; x_wconf 87' lang='lat' dir='ltr'><strong>deitatis</strong></span> 
     </span>
    </p>
   </div>
   <div class='ocr_carea' id='block_1_81' title="bbox 468 4764 2025 4834">
    <p class='ocr_par' dir='ltr' id='par_1_81' title="bbox 468 4764 2025 4834">
     <span class='ocr_line' id='line_1_81' title="bbox 468 4764 2025 4834; baseline 0.005 -20"><span class='ocrx_word' id='word_1_580' title='bbox 468 4766 730 4817; x_wconf 73' lang='lat' dir='ltr'><strong>rationem</strong></span> <span class='ocrx_word' id='word_1_581' title='bbox 787 4764 946 4831; x_wconf 72' lang='lat' dir='ltr'><strong>laesit,</strong></span> <span class='ocrx_word' id='word_1_582' title='bbox 979 4779 1156 4834; x_wconf 89' lang='lat' dir='ltr'><strong>neque</strong></span> <span class='ocrx_word' id='word_1_583' title='bbox 1203 4764 1522 4820; x_wconf 78' lang='lat' dir='ltr'><strong>divisionem</strong></span> <span class='ocrx_word' id='word_1_584' title='bbox 1564 4764 1723 4820; x_wconf 90' lang='lat' dir='ltr'><strong>ullam</strong></span> <span class='ocrx_word' id='word_1_585' title='bbox 1758 4768 1812 4821; x_wconf 89' lang='lat' dir='ltr'><strong>in</strong></span> <span class='ocrx_word' id='word_1_586' title='bbox 1862 4783 2025 4822; x_wconf 85' lang='lat' dir='ltr'><strong>unam</strong></span> 
     </span>
    </p>
   </div>
   <div class='ocr_carea' id='block_1_82' title="bbox 459 4856 2028 4927">
    <p class='ocr_par' dir='ltr' id='par_1_82' title="bbox 459 4856 2028 4927">
     <span class='ocr_line' id='line_1_82' title="bbox 459 4856 2028 4927; baseline 0.004 -19"><span class='ocrx_word' id='word_1_587' title='bbox 459 4857 815 4924; x_wconf 69' lang='lat' dir='ltr'><strong>ezumletnque</strong></span> <span class='ocrx_word' id='word_1_588' title='bbox 863 4856 1198 4927; x_wconf 86' lang='lat' dir='ltr'><strong>hypostasim</strong></span> <span class='ocrx_word' id='word_1_589' title='bbox 1256 4856 1476 4923; x_wconf 87' lang='lat' dir='ltr'><strong>intulit;</strong></span> <span class='ocrx_word' id='word_1_590' title='bbox 1513 4856 1584 4911; x_wconf 90' lang='lat' dir='ltr'><strong>ita</strong></span> <span class='ocrx_word' id='word_1_591' title='bbox 1640 4873 1707 4913; x_wconf 92' lang='lat' dir='ltr'><strong>ne</strong></span> <span class='ocrx_word' id='word_1_592' title='bbox 1758 4858 1812 4912; x_wconf 91' lang='lat' dir='ltr'><strong>in</strong></span> <span class='ocrx_word' id='word_1_593' title='bbox 1864 4874 2028 4914; x_wconf 89' lang='lat' dir='ltr'><strong>carne</strong></span> 
     </span>
    </p>
   </div>
   <div class='ocr_carea' id='block_1_83' title="bbox 461 4947 2027 5019">
    <p class='ocr_par' dir='ltr' id='par_1_83' title="bbox 461 4947 2027 5019">
     <span class='ocr_line' id='line_1_83' title="bbox 461 4947 2027 5019; baseline 0.005 -20"><span class='ocrx_word' id='word_1_594' title='bbox 461 4947 679 5015; x_wconf 87' lang='lat' dir='ltr'><strong>quidem</strong></span> <span class='ocrx_word' id='word_1_595' title='bbox 709 4961 832 5001; x_wconf 91' lang='lat' dir='ltr'><strong>eum</strong></span> <span class='ocrx_word' id='word_1_596' title='bbox 861 4948 1029 5018; x_wconf 81' lang='lat' dir='ltr'><strong>pingi,</strong></span> <span class='ocrx_word' id='word_1_597' title='bbox 1057 4949 1294 5019; x_wconf 88' lang='lat' dir='ltr'><strong>qualiter</strong></span> <span class='ocrx_word' id='word_1_598' title='bbox 1326 4950 1464 5004; x_wconf 83' lang='lat' dir='ltr'><strong>inter</strong></span> <span class='ocrx_word' id='word_1_599' title='bbox 1497 4949 1743 5007; x_wconf 82' lang='lat' dir='ltr'><strong>homines</strong></span> <span class='ocrx_word' id='word_1_600' title='bbox 1774 4953 1923 5006; x_wconf 82' lang='lat' dir='ltr'><strong>visus</strong></span> <span class='ocrx_word' id='word_1_601' title='bbox 1946 4962 2027 5007; x_wconf 83' lang='lat' dir='ltr'><strong>est</strong></span> 
     </span>
    </p>
   </div>
   <div class='ocr_carea' id='block_1_84' title="bbox 460 5040 2018 5114">
    <p class='ocr_par' dir='ltr' id='par_1_84' title="bbox 460 5040 2018 5114">
     <span class='ocr_line' id='line_1_84' title="bbox 460 5040 2018 5114; baseline 0.001 -21"><span class='ocrx_word' id='word_1_602' title='bbox 460 5048 517 5093; x_wconf 84' lang='lat' dir='ltr'><strong>et</strong></span> <span class='ocrx_word' id='word_1_603' title='bbox 575 5050 949 5103; x_wconf 79' lang='lat' dir='ltr'><strong>conversatus,</strong></span> <span class='ocrx_word' id='word_1_604' title='bbox 1005 5040 1168 5093; x_wconf 89' lang='lat' dir='ltr'><strong>ullam</strong></span> <span class='ocrx_word' id='word_1_605' title='bbox 1223 5040 1272 5095; x_wconf 89' lang='lat' dir='ltr'><strong>ei</strong></span> <span class='ocrx_word' id='word_1_606' title='bbox 1332 5041 1682 5111; x_wconf 87' lang='lat' dir='ltr'><strong>ignominiam</strong></span> <span class='ocrx_word' id='word_1_607' title='bbox 1734 5057 2018 5114; x_wconf 80' lang='lat' dir='ltr'><strong>asperget;</strong></span> 
     </span>
    </p>
   </div>
   <div class='ocr_carea' id='block_1_85' title="bbox 464 5133 2020 5205">
    <p class='ocr_par' dir='ltr' id='par_1_85' title="bbox 464 5133 2020 5205">
     <span class='ocr_line' id='line_1_85' title="bbox 464 5133 2020 5205; baseline 0.003 -18"><span class='ocrx_word' id='word_1_608' title='bbox 464 5148 638 5201; x_wconf 87' lang='lat' dir='ltr'><strong>neque</strong></span> <span class='ocrx_word' id='word_1_609' title='bbox 670 5133 722 5185; x_wconf 89' lang='lat' dir='ltr'><strong>in</strong></span> <span class='ocrx_word' id='word_1_610' title='bbox 752 5133 909 5186; x_wconf 89' lang='lat' dir='ltr'><strong>unica</strong></span> <span class='ocrx_word' id='word_1_611' title='bbox 960 5133 1235 5203; x_wconf 80' lang='lat' dir='ltr'><strong>bypostasi</strong></span> <span class='ocrx_word' id='word_1_612' title='bbox 1268 5133 1545 5189; x_wconf 84' lang='lat' dir='ltr'><strong>distractio</strong></span> <span class='ocrx_word' id='word_1_613' title='bbox 1589 5135 1690 5189; x_wconf 81' lang='lat' dir='ltr'><strong>ulla</strong></span> <span class='ocrx_word' id='word_1_614' title='bbox 1722 5139 2020 5205; x_wconf 72' lang='lat' dir='ltr'><strong>apparebit.</strong></span> 
     </span>
    </p>
   </div>
   <div class='ocr_carea' id='block_1_86' title="bbox 462 5222 2027 5296">
    <p class='ocr_par' dir='ltr' id='par_1_86' title="bbox 462 5222 2027 5296">
     <span class='ocr_line' id='line_1_86' title="bbox 462 5222 2027 5296; baseline 0.001 -18"><span class='ocrx_word' id='word_1_615' title='bbox 462 5222 761 5278; x_wconf 75' lang='lat' dir='ltr'><strong>Facessant</strong></span> <span class='ocrx_word' id='word_1_616' title='bbox 824 5223 987 5293; x_wconf 88' lang='lat' dir='ltr'><strong>igitur</strong></span> <span class='ocrx_word' id='word_1_617' title='bbox 1045 5225 1138 5292; x_wconf 90' lang='lat' dir='ltr'><strong>qni</strong></span> <span class='ocrx_word' id='word_1_618' title='bbox 1191 5239 1326 5276; x_wconf 84' lang='lat' dir='ltr'><strong>vana</strong></span> <span class='ocrx_word' id='word_1_619' title='bbox 1373 5236 1660 5294; x_wconf 83' lang='lat' dir='ltr'><strong>unguntur,</strong></span> <span class='ocrx_word' id='word_1_620' title='bbox 1696 5228 1784 5296; x_wconf 89' lang='lat' dir='ltr'><strong>qui</strong></span> <span class='ocrx_word' id='word_1_621' title='bbox 1835 5226 2027 5280; x_wconf 78' lang='lat' dir='ltr'><strong>divina:</strong></span> 
     </span>
    </p>
   </div>
   <div class='ocr_carea' id='block_1_87' title="bbox 460 5317 2025 5387">
    <p class='ocr_par' dir='ltr' id='par_1_87' title="bbox 460 5317 2025 5387">
     <span class='ocr_line' id='line_1_87' title="bbox 460 5317 2025 5387; baseline -0.001 -12"><span class='ocrx_word' id='word_1_622' title='bbox 460 5319 778 5375; x_wconf 51' lang='lat' dir='ltr'><strong>«eonomine</strong></span> <span class='ocrx_word' id='word_1_623' title='bbox 833 5317 1033 5372; x_wconf 88' lang='lat' dir='ltr'><strong>rationi</strong></span> <span class='ocrx_word' id='word_1_624' title='bbox 1080 5317 1345 5385; x_wconf 77' lang='lat' dir='ltr'><strong>invident,</strong></span> <span class='ocrx_word' id='word_1_625' title='bbox 1396 5332 1559 5387; x_wconf 85' lang='lat' dir='ltr'><strong>seque</strong></span> <span class='ocrx_word' id='word_1_626' title='bbox 1610 5334 1639 5373; x_wconf 72' lang='grc' dir='ltr'><strong>α</strong></span> <span class='ocrx_word' id='word_1_627' title='bbox 1699 5330 1883 5375; x_wconf 79' lang='lat' dir='ltr'><strong>sancta</strong></span> <span class='ocrx_word' id='word_1_628' title='bbox 1922 5319 2025 5374; x_wconf 82' lang='lat' dir='ltr'><strong>fide</strong></span> 
     </span>
    </p>
   </div>
   <div class='ocr_carea' id='block_1_88' title="bbox 418 5409 1010 5488">
    <p class='ocr_par' dir='ltr' id='par_1_88' title="bbox 418 5409 1010 5488">
     <span class='ocr_line' id='line_1_88' title="bbox 418 5409 1010 5488; baseline -0.002 -23"><span class='ocrx_word' id='word_1_629' title='bbox 418 5478 430 5488; x_wconf 38' lang='lat'><strong>.</strong></span> <span class='ocrx_word' id='word_1_630' title='bbox 461 5421 644 5466; x_wconf 84' lang='lat' dir='ltr'><strong>nostra</strong></span> <span class='ocrx_word' id='word_1_631' title='bbox 682 5409 1010 5464; x_wconf 78' lang='lat' dir='ltr'><strong>abalienarit.</strong></span> 
     </span>
    </p>
   </div>
   <div class='ocr_carea' id='block_1_89' title="bbox 543 5553 1532 5632">
    <p class='ocr_par' dir='ltr' id='par_1_89' title="bbox 543 5553 1532 5632">
     <span class='ocr_line' id='line_1_89' title="bbox 543 5553 1532 5632; baseline -0.004 -11"><span class='ocrx_word' id='word_1_632' title='bbox 543 5553 769 5622; x_wconf 63' lang='lat' dir='ltr'><strong>&quot;han.</strong></span> <span class='ocrx_word' id='word_1_633' title='bbox 812 5581 885 5632; x_wconf 72' lang='grc' dir='ltr'><strong>χι,</strong></span> <span class='ocrx_word' id='word_1_634' title='bbox 922 5566 1004 5621; x_wconf 76' lang='grc' dir='ltr'>ιι.</span> <span class='ocrx_word' id='word_1_635' title='bbox 1081 5567 1127 5599; x_wconf 68' lang='grc' dir='ltr'><em>ἠ</em></span> <span class='ocrx_word' id='word_1_636' title='bbox 1163 5566 1289 5620; x_wconf 86' lang='lat' dir='ltr'><strong>ibid.</strong></span> <span class='ocrx_word' id='word_1_637' title='bbox 1325 5565 1414 5620; x_wconf 74' lang='lat' dir='ltr'><strong>at.</strong></span> <span class='ocrx_word' id='word_1_638' title='bbox 1491 5569 1532 5598; x_wconf 75' lang='grc' dir='ltr'>νι</span> 
     </span>
    </p>
   </div>
   <div class='ocr_carea' id='block_1_90' title="bbox 2119 3024 3709 3097">
    <p class='ocr_par' dir='ltr' id='par_1_90' title="bbox 2119 3024 3709 3097">
     <span class='ocr_line' id='line_1_90' title="bbox 2119 3024 3709 3097; baseline 0 -17"><span class='ocrx_word' id='word_1_639' title='bbox 2119 3026 2493 3097; x_wconf 76' lang='grc' dir='ltr'>ὁμολογεῖται,</span> <span class='ocrx_word' id='word_1_640' title='bbox 2535 3025 2631 3080; x_wconf 77' lang='grc' dir='ltr'><strong>καὶ</strong></span> <span class='ocrx_word' id='word_1_641' title='bbox 2686 3024 2881 3096; x_wconf 82' lang='grc' dir='ltr'>θνητὸς</span> <span class='ocrx_word' id='word_1_642' title='bbox 2916 3025 3011 3080; x_wconf 81' lang='grc' dir='ltr'><strong>καὶ</strong></span> <span class='ocrx_word' id='word_1_643' title='bbox 3049 3024 3342 3089; x_wconf 79' lang='grc' dir='ltr'>ἀθάνατος,</span> <span class='ocrx_word' id='word_1_644' title='bbox 3390 3026 3486 3081; x_wconf 74' lang='grc' dir='ltr'><strong>καὶ</strong></span> <span class='ocrx_word' id='word_1_645' title='bbox 3533 3026 3709 3080; x_wconf 65' lang='grc' dir='ltr'>τὰλὶα</span> 
     </span>
    </p>
   </div>
   <div class='ocr_carea' id='block_1_91' title="bbox 2119 3115 3705 3190">
    <p class='ocr_par' dir='ltr' id='par_1_91' title="bbox 2119 3115 3705 3190">
     <span class='ocr_line' id='line_1_91' title="bbox 2119 3115 3705 3190; baseline -0.002 -20"><span class='ocrx_word' id='word_1_646' title='bbox 2119 3118 2220 3175; x_wconf 80' lang='grc' dir='ltr'><strong>ὅσα</strong></span> <span class='ocrx_word' id='word_1_647' title='bbox 2241 3116 2370 3186; x_wconf 85' lang='grc' dir='ltr'><strong>περὶ</strong></span> <span class='ocrx_word' id='word_1_648' title='bbox 2388 3115 2480 3170; x_wconf 87' lang='grc' dir='ltr'><strong>τὸν</strong></span> <span class='ocrx_word' id='word_1_649' title='bbox 2506 3115 2602 3171; x_wconf 75' lang='grc' dir='ltr'><strong>ἕνα</strong></span> <span class='ocrx_word' id='word_1_650' title='bbox 2622 3116 2717 3170; x_wconf 71' lang='grc' dir='ltr'><strong>καὶ</strong></span> <span class='ocrx_word' id='word_1_651' title='bbox 2744 3115 2835 3169; x_wconf 89' lang='grc' dir='ltr'>τὸν</span> <span class='ocrx_word' id='word_1_652' title='bbox 2867 3115 3030 3170; x_wconf 78' lang='grc' dir='ltr'>αὐτὸν</span> <span class='ocrx_word' id='word_1_653' title='bbox 3052 3116 3450 3187; x_wconf 80' lang='grc' dir='ltr'><strong>ἀντικειμένως</strong></span> <span class='ocrx_word' id='word_1_654' title='bbox 3475 3118 3705 3190; x_wconf 76' lang='grc' dir='ltr'><strong>θεωρεῖ-</strong></span> 
     </span>
    </p>
   </div>
   <div class='ocr_carea' id='block_1_92' title="bbox 2122 3204 3712 3278">
    <p class='ocr_par' dir='ltr' id='par_1_92' title="bbox 2122 3204 3712 3278">
     <span class='ocr_line' id='line_1_92' title="bbox 2122 3204 3712 3278; baseline -0.002 -17"><span class='ocrx_word' id='word_1_655' title='bbox 2122 3224 2212 3261; x_wconf 86' lang='grc' dir='ltr'>ται</span> <span class='ocrx_word' id='word_1_656' title='bbox 2243 3207 2332 3261; x_wconf 75' lang='grc' dir='ltr'>διὰ</span> <span class='ocrx_word' id='word_1_657' title='bbox 2385 3206 2486 3278; x_wconf 80' lang='grc' dir='ltr'><strong>τὴν</strong></span> <span class='ocrx_word' id='word_1_658' title='bbox 2538 3204 2769 3277; x_wconf 86' lang='grc' dir='ltr'>διπλόην</span> <span class='ocrx_word' id='word_1_659' title='bbox 2816 3205 2926 3260; x_wconf 87' lang='grc' dir='ltr'><strong>τῶν</strong></span> <span class='ocrx_word' id='word_1_660' title='bbox 2982 3206 3223 3275; x_wconf 82' lang='grc' dir='ltr'><strong>φύσεων.</strong></span> <span class='ocrx_word' id='word_1_661' title='bbox 3276 3207 3442 3261; x_wconf 79' lang='grc' dir='ltr'>’Λλλὰ</span> <span class='ocrx_word' id='word_1_662' title='bbox 3491 3209 3712 3260; x_wconf 74' lang='grc' dir='ltr'>τούτων</span> 
     </span>
    </p>
   </div>
   <div class='ocr_carea' id='block_1_93' title="bbox 2123 3294 3707 3367">
    <p class='ocr_par' dir='ltr' id='par_1_93' title="bbox 2123 3294 3707 3367">
     <span class='ocr_line' id='line_1_93' title="bbox 2123 3294 3707 3367; baseline 0 -16"><span class='ocrx_word' id='word_1_663' title='bbox 2123 3294 2297 3360; x_wconf 76' lang='grc' dir='ltr'><strong>οὕτως</strong></span> <span class='ocrx_word' id='word_1_664' title='bbox 2331 3296 2784 3367; x_wconf 83' lang='grc' dir='ltr'><strong>κηρυσσομένων,</strong></span> <span class='ocrx_word' id='word_1_665' title='bbox 2814 3296 2901 3359; x_wconf 82' lang='grc' dir='ltr'><strong>τίς</strong></span> <span class='ocrx_word' id='word_1_666' title='bbox 2936 3296 2964 3350; x_wconf 86' lang='grc' dir='ltr'>ὁ</span> <span class='ocrx_word' id='word_1_667' title='bbox 2994 3295 3256 3351; x_wconf 78' lang='grc' dir='ltr'><strong>κωλύσων</strong></span> <span class='ocrx_word' id='word_1_668' title='bbox 3276 3296 3434 3363; x_wconf 85' lang='grc' dir='ltr'>λόγος</span> <span class='ocrx_word' id='word_1_669' title='bbox 3459 3298 3707 3364; x_wconf 73' lang='grc' dir='ltr'>εὐσεϐῶς</span> 
     </span>
    </p>
   </div>
   <div class='ocr_carea' id='block_1_94' title="bbox 2123 3386 3706 3460">
    <p class='ocr_par' dir='ltr' id='par_1_94' title="bbox 2123 3386 3706 3460">
     <span class='ocr_line' id='line_1_94' title="bbox 2123 3386 3706 3460; baseline 0.001 -18"><span class='ocrx_word' id='word_1_670' title='bbox 2123 3387 2570 3459; x_wconf 77' lang='grc' dir='ltr'>δογματίζοντας,</span> <span class='ocrx_word' id='word_1_671' title='bbox 2613 3389 2688 3458; x_wconf 78' lang='grc' dir='ltr'>μὴ</span> <span class='ocrx_word' id='word_1_672' title='bbox 2711 3388 2807 3442; x_wconf 74' lang='grc' dir='ltr'><strong>καὶ</strong></span> <span class='ocrx_word' id='word_1_673' title='bbox 2845 3388 2944 3458; x_wconf 78' lang='grc' dir='ltr'><strong>τὴν</strong></span> <span class='ocrx_word' id='word_1_674' title='bbox 2986 3386 3182 3458; x_wconf 80' lang='grc' dir='ltr'>λοιπὴν</span> <span class='ocrx_word' id='word_1_675' title='bbox 3224 3388 3486 3455; x_wconf 77' lang='grc' dir='ltr'><strong>συζυγίαν</strong></span> <span class='ocrx_word' id='word_1_676' title='bbox 3518 3390 3706 3460; x_wconf 81' lang='grc' dir='ltr'><strong>ὁμοιο-</strong></span> 
     </span>
    </p>
   </div>
   <div class='ocr_carea' id='block_1_95' title="bbox 2123 3478 3705 3553">
    <p class='ocr_par' dir='ltr' id='par_1_95' title="bbox 2123 3478 3705 3553">
     <span class='ocr_line' id='line_1_95' title="bbox 2123 3478 3705 3553; baseline 0.001 -19"><span class='ocrx_word' id='word_1_677' title='bbox 2123 3480 2340 3553; x_wconf 89' lang='grc' dir='ltr'><strong>τρόπως</strong></span> <span class='ocrx_word' id='word_1_678' title='bbox 2369 3480 2446 3552; x_wconf 82' lang='grc' dir='ltr'><strong>τῷ</strong></span> <span class='ocrx_word' id='word_1_679' title='bbox 2468 3481 2617 3551; x_wconf 84' lang='grc' dir='ltr'>αὐτῷ</span> <span class='ocrx_word' id='word_1_680' title='bbox 2642 3480 2827 3550; x_wconf 86' lang='grc' dir='ltr'><strong>νέμειν</strong></span> <span class='ocrx_word' id='word_1_681' title='bbox 2852 3479 3153 3551; x_wconf 84' lang='grc' dir='ltr'>προσώπῳ,</span> <span class='ocrx_word' id='word_1_682' title='bbox 3179 3479 3207 3532; x_wconf 82' lang='grc' dir='ltr'><strong>δ</strong></span> <span class='ocrx_word' id='word_1_683' title='bbox 3232 3478 3297 3551; x_wconf 82' lang='grc' dir='ltr'>δὴ</span> <span class='ocrx_word' id='word_1_684' title='bbox 3329 3482 3443 3545; x_wconf 90' lang='grc' dir='ltr'>τοῖς</span> <span class='ocrx_word' id='word_1_685' title='bbox 3467 3482 3705 3552; x_wconf 82' lang='grc' dir='ltr'>Χριστο-</span> 
     </span>
    </p>
   </div>
   <div class='ocr_carea' id='block_1_96' title="bbox 2127 3569 3706 3643">
    <p class='ocr_par' dir='ltr' id='par_1_96' title="bbox 2127 3569 3706 3643">
     <span class='ocr_line' id='line_1_96' title="bbox 2127 3569 3706 3643; baseline 0.002 -20"><span class='ocrx_word' id='word_1_686' title='bbox 2127 3571 2322 3641; x_wconf 81' lang='grc' dir='ltr'><strong>μάχοις</strong></span> <span class='ocrx_word' id='word_1_687' title='bbox 2352 3570 2649 3642; x_wconf 82' lang='grc' dir='ltr'>ἀπείρηται</span> <span class='ocrx_word' id='word_1_688' title='bbox 2687 3569 3004 3634; x_wconf 85' lang='grc' dir='ltr'><strong>δυσσεϐὦς;</strong></span> <span class='ocrx_word' id='word_1_689' title='bbox 3058 3571 3157 3622; x_wconf 80' lang='grc' dir='ltr'><strong>καὶ</strong></span> <span class='ocrx_word' id='word_1_690' title='bbox 3189 3569 3316 3622; x_wconf 83' lang='grc' dir='ltr'><strong>ὅσον</strong></span> <span class='ocrx_word' id='word_1_691' title='bbox 3352 3571 3451 3640; x_wconf 85' lang='grc' dir='ltr'><strong>μὲν</strong></span> <span class='ocrx_word' id='word_1_692' title='bbox 3488 3573 3566 3635; x_wconf 78' lang='grc' dir='ltr'><strong>εις</strong></span> <span class='ocrx_word' id='word_1_693' title='bbox 3600 3572 3706 3643; x_wconf 68' lang='grc' dir='ltr'>τὴν</span> 
     </span>
    </p>
   </div>
   <div class='ocr_carea' id='block_1_97' title="bbox 2123 3660 3706 3735">
    <p class='ocr_par' dir='ltr' id='par_1_97' title="bbox 2123 3660 3706 3735">
     <span class='ocr_line' id='line_1_97' title="bbox 2123 3660 3706 3735; baseline 0.001 -20"><span class='ocrx_word' id='word_1_694' title='bbox 2123 3660 2217 3715; x_wconf 81' lang='grc' dir='ltr'><strong>τοῦ</strong></span> <span class='ocrx_word' id='word_1_695' title='bbox 2243 3662 2417 3729; x_wconf 84' lang='grc' dir='ltr'>Λόγου</span> <span class='ocrx_word' id='word_1_696' title='bbox 2476 3660 2640 3728; x_wconf 80' lang='grc' dir='ltr'>φύσιν</span> <span class='ocrx_word' id='word_1_697' title='bbox 2672 3661 2898 3730; x_wconf 77' lang='grc' dir='ltr'><strong>ἀνῆκεν,</strong></span> <span class='ocrx_word' id='word_1_698' title='bbox 2958 3660 3270 3716; x_wconf 83' lang='grc' dir='ltr'>ἀποδιδόναι</span> <span class='ocrx_word' id='word_1_699' title='bbox 3301 3664 3362 3716; x_wconf 85' lang='grc' dir='ltr'><strong>τὸ</strong></span> <span class='ocrx_word' id='word_1_700' title='bbox 3392 3662 3706 3735; x_wconf 78' lang='grc' dir='ltr'>ἀπερίγρα-</span> 
     </span>
    </p>
   </div>
   <div class='ocr_carea' id='block_1_98' title="bbox 2125 3752 3703 3827">
    <p class='ocr_par' dir='ltr' id='par_1_98' title="bbox 2125 3752 3703 3827">
     <span class='ocr_line' id='line_1_98' title="bbox 2125 3752 3703 3827; baseline 0.001 -20"><span class='ocrx_word' id='word_1_701' title='bbox 2125 3770 2288 3807; x_wconf 81' lang='grc' dir='ltr'>πτον’</span> <span class='ocrx_word' id='word_1_702' title='bbox 2321 3753 2445 3806; x_wconf 81' lang='grc' dir='ltr'><strong>ὅσον</strong></span> <span class='ocrx_word' id='word_1_703' title='bbox 2469 3752 2526 3806; x_wconf 73' lang='grc' dir='ltr'>δὲ</span> <span class='ocrx_word' id='word_1_704' title='bbox 2559 3755 2639 3817; x_wconf 73' lang='grc' dir='ltr'><strong>εἰς</strong></span> <span class='ocrx_word' id='word_1_705' title='bbox 2666 3753 2763 3824; x_wconf 81' lang='grc' dir='ltr'><strong>τὴν</strong></span> <span class='ocrx_word' id='word_1_706' title='bbox 2784 3752 2880 3806; x_wconf 81' lang='grc' dir='ltr'><strong>τοῦ</strong></span> <span class='ocrx_word' id='word_1_707' title='bbox 2921 3752 3112 3807; x_wconf 75' lang='grc' dir='ltr'>δούλου</span> <span class='ocrx_word' id='word_1_708' title='bbox 3161 3755 3399 3824; x_wconf 80' lang='grc' dir='ltr'><strong>μορφὴν,</strong></span> <span class='ocrx_word' id='word_1_709' title='bbox 3448 3757 3509 3808; x_wconf 88' lang='grc' dir='ltr'><strong>τὸ</strong></span> <span class='ocrx_word' id='word_1_710' title='bbox 3536 3774 3703 3827; x_wconf 83' lang='grc' dir='ltr'>περι-</span> 
     </span>
    </p>
   </div>
   <div class='ocr_carea' id='block_1_99' title="bbox 2123 3843 3703 3918">
    <p class='ocr_par' dir='ltr' id='par_1_99' title="bbox 2123 3843 3703 3918">
     <span class='ocr_line' id='line_1_99' title="bbox 2123 3843 3703 3918; baseline 0.002 -21"><span class='ocrx_word' id='word_1_711' title='bbox 2123 3844 2369 3915; x_wconf 88' lang='grc' dir='ltr'>γραπτὸν</span> <span class='ocrx_word' id='word_1_712' title='bbox 2401 3843 2769 3899; x_wconf 83' lang='grc' dir='ltr'>ἀνατίθεσθαι.</span> <span class='ocrx_word' id='word_1_713' title='bbox 2802 3844 2899 3908; x_wconf 79' lang='grc' dir='ltr'>Τις</span> <span class='ocrx_word' id='word_1_714' title='bbox 2942 3844 3116 3908; x_wconf 76' lang='grc' dir='ltr'><strong>οὕτως</strong></span> <span class='ocrx_word' id='word_1_715' title='bbox 3151 3845 3434 3918; x_wconf 79' lang='grc' dir='ltr'><strong>κτηνώδης</strong></span> <span class='ocrx_word' id='word_1_716' title='bbox 3454 3847 3548 3901; x_wconf 76' lang='grc' dir='ltr'><strong>καὶ</strong></span> <span class='ocrx_word' id='word_1_717' title='bbox 3570 3848 3703 3901; x_wconf 74' lang='grc' dir='ltr'><strong>ἀλο-</strong></span> 
     </span>
    </p>
   </div>
   <div class='ocr_carea' id='block_1_100' title="bbox 2123 3934 3706 4008">
    <p class='ocr_par' dir='ltr' id='par_1_100' title="bbox 2123 3934 3706 4008">
     <span class='ocr_line' id='line_1_100' title="bbox 2123 3934 3706 4008; baseline 0.003 -21"><span class='ocrx_word' id='word_1_718' title='bbox 2123 3951 2220 4005; x_wconf 90' lang='grc' dir='ltr'><strong>γος</strong></span> <span class='ocrx_word' id='word_1_719' title='bbox 2248 3935 2347 4006; x_wconf 81' lang='grc' dir='ltr'>τὴν</span> <span class='ocrx_word' id='word_1_720' title='bbox 2370 3934 2575 4007; x_wconf 74' lang='grc' dir='ltr'>ψυχὴν,</span> <span class='ocrx_word' id='word_1_721' title='bbox 2609 3939 2704 3989; x_wconf 76' lang='grc' dir='ltr'><strong>καὶ</strong></span> <span class='ocrx_word' id='word_1_722' title='bbox 2745 3935 2958 4007; x_wconf 85' lang='grc' dir='ltr'><strong>φρενῶν</strong></span> <span class='ocrx_word' id='word_1_723' title='bbox 3002 3935 3108 4001; x_wconf 69' lang='grc' dir='ltr'><strong>ἔξω</strong></span> <span class='ocrx_word' id='word_1_724' title='bbox 3142 3936 3447 4003; x_wconf 83' lang='grc' dir='ltr'><strong>καθεστὼς,</strong></span> <span class='ocrx_word' id='word_1_725' title='bbox 3480 3939 3567 3992; x_wconf 55' lang='grc' dir='ltr'><strong>⁸ιιτὰ</strong></span> <span class='ocrx_word' id='word_1_726' title='bbox 3599 3939 3706 4008; x_wconf 81' lang='grc' dir='ltr'><strong>μὲν</strong></span> 
     </span>
    </p>
   </div>
   <div class='ocr_carea' id='block_1_101' title="bbox 2126 4026 3707 4102">
    <p class='ocr_par' dir='ltr' id='par_1_101' title="bbox 2126 4026 3707 4102">
     <span class='ocr_line' id='line_1_101' title="bbox 2126 4026 3707 4102; baseline 0.002 -21"><span class='ocrx_word' id='word_1_727' title='bbox 2126 4026 2264 4082; x_wconf 78' lang='grc' dir='ltr'>ἄλλα</span> <span class='ocrx_word' id='word_1_728' title='bbox 2291 4028 2489 4091; x_wconf 81' lang='grc' dir='ltr'>πάντα,</span> <span class='ocrx_word' id='word_1_729' title='bbox 2520 4027 2674 4080; x_wconf 79' lang='grc' dir='ltr'>διττὰ</span> <span class='ocrx_word' id='word_1_730' title='bbox 2704 4029 2797 4080; x_wconf 69' lang='grc' dir='ltr'>ἐπὶ</span> <span class='ocrx_word' id='word_1_731' title='bbox 2822 4028 3035 4091; x_wconf 80' lang='grc' dir='ltr'>διτταῖς</span> <span class='ocrx_word' id='word_1_732' title='bbox 3062 4031 3184 4092; x_wconf 87' lang='grc' dir='ltr'>ταῖς</span> <span class='ocrx_word' id='word_1_733' title='bbox 3223 4031 3546 4100; x_wconf 75' lang='grc' dir='ltr'>γεννήσεσιν</span> <span class='ocrx_word' id='word_1_734' title='bbox 3569 4032 3707 4102; x_wconf 79' lang='grc' dir='ltr'><strong>ὁμοο</strong></span> 
     </span>
    </p>
   </div>
   <div class='ocr_carea' id='block_1_102' title="bbox 2123 4120 3704 4199">
    <p class='ocr_par' dir='ltr' id='par_1_102' title="bbox 2123 4120 3704 4199">
     <span class='ocr_line' id='line_1_102' title="bbox 2123 4120 3704 4199; baseline 0.002 -24"><span class='ocrx_word' id='word_1_735' title='bbox 2123 4121 2352 4194; x_wconf 78' lang='grc' dir='ltr'>λογεῖνῆ</span> <span class='ocrx_word' id='word_1_736' title='bbox 2382 4122 2631 4192; x_wconf 84' lang='grc' dir='ltr'><strong>φύσεσιν,</strong></span> <span class='ocrx_word' id='word_1_737' title='bbox 2663 4123 2793 4193; x_wconf 68' lang='grc' dir='ltr'>περὶ</span> <span class='ocrx_word' id='word_1_738' title='bbox 2810 4121 2867 4174; x_wconf 79' lang='grc' dir='ltr'>δὲ</span> <span class='ocrx_word' id='word_1_739' title='bbox 2888 4121 2949 4175; x_wconf 91' lang='grc' dir='ltr'><strong>τὸ</strong></span> <span class='ocrx_word' id='word_1_740' title='bbox 2973 4120 3030 4174; x_wconf 78' lang='grc' dir='ltr'><strong>ἓν</strong></span> <span class='ocrx_word' id='word_1_741' title='bbox 3058 4121 3218 4192; x_wconf 86' lang='grc' dir='ltr'>μόνον</span> <span class='ocrx_word' id='word_1_742' title='bbox 3237 4120 3605 4199; x_wconf 70' lang='grc' dir='ltr'>ζυγομαχεῖν,</span> <span class='ocrx_word' id='word_1_743' title='bbox 3634 4125 3704 4178; x_wconf 77' lang='lat' dir='ltr'><strong>Et</strong></span> 
     </span>
    </p>
   </div>
   <div class='ocr_carea' id='block_1_103' title="bbox 2125 4211 3704 4285">
    <p class='ocr_par' dir='ltr' id='par_1_103' title="bbox 2125 4211 3704 4285">
     <span class='ocr_line' id='line_1_103' title="bbox 2125 4211 3704 4285; baseline 0.001 -18"><span class='ocrx_word' id='word_1_744' title='bbox 2125 4213 2235 4285; x_wconf 84' lang='grc' dir='ltr'><strong>γάρ</strong></span> <span class='ocrx_word' id='word_1_745' title='bbox 2259 4229 2343 4276; x_wconf 90' lang='grc' dir='ltr'><strong>τις</strong></span> <span class='ocrx_word' id='word_1_746' title='bbox 2375 4213 2443 4265; x_wconf 82' lang='grc' dir='ltr'>τὰ</span> <span class='ocrx_word' id='word_1_747' title='bbox 2472 4211 2785 4265; x_wconf 88' lang='grc' dir='ltr'>οἰκειότατα</span> <span class='ocrx_word' id='word_1_748' title='bbox 2816 4212 2910 4265; x_wconf 76' lang='grc' dir='ltr'><strong>καὶ</strong></span> <span class='ocrx_word' id='word_1_749' title='bbox 2938 4211 3146 4282; x_wconf 76' lang='grc' dir='ltr'><strong>ἀκριϐῆ</strong></span> <span class='ocrx_word' id='word_1_750' title='bbox 3191 4211 3301 4265; x_wconf 87' lang='grc' dir='ltr'><strong>τῶν</strong></span> <span class='ocrx_word' id='word_1_751' title='bbox 3336 4212 3554 4280; x_wconf 78' lang='grc' dir='ltr'><strong>φύσεων</strong></span> <span class='ocrx_word' id='word_1_752' title='bbox 3597 4216 3704 4285; x_wconf 83' lang='grc' dir='ltr'><strong>ἀφ-</strong></span> 
     </span>
    </p>
   </div>
   <div class='ocr_carea' id='block_1_104' title="bbox 2129 4298 3700 4377">
    <p class='ocr_par' dir='ltr' id='par_1_104' title="bbox 2129 4298 3700 4377">
     <span class='ocr_line' id='line_1_104' title="bbox 2129 4298 3700 4377; baseline 0.003 -18"><span class='ocrx_word' id='word_1_753' title='bbox 2129 4306 2239 4359; x_wconf 82' lang='grc' dir='ltr'>έλοι</span> <span class='ocrx_word' id='word_1_754' title='bbox 2272 4303 2670 4377; x_wconf 68' lang='grc' dir='ltr'><strong>γνωρίσματαξ,</strong></span> <span class='ocrx_word' id='word_1_755' title='bbox 2712 4303 2845 4374; x_wconf 73' lang='grc' dir='ltr'>μηδὲ</span> <span class='ocrx_word' id='word_1_756' title='bbox 2892 4304 3055 4372; x_wconf 78' lang='grc' dir='ltr'>φύσιν</span> <span class='ocrx_word' id='word_1_757' title='bbox 3086 4298 3227 4357; x_wconf 78' lang='grc' dir='ltr'><strong>εἶναι</strong></span> <span class='ocrx_word' id='word_1_758' title='bbox 3256 4305 3583 4361; x_wconf 79' lang='grc' dir='ltr'>ἀπολιποιτο</span> <span class='ocrx_word' id='word_1_759' title='bbox 3609 4307 3700 4363; x_wconf 81' lang='grc' dir='ltr'><strong>ἄν.</strong></span> 
     </span>
    </p>
   </div>
   <div class='ocr_carea' id='block_1_105' title="bbox 2130 4393 3704 4469">
    <p class='ocr_par' dir='ltr' id='par_1_105' title="bbox 2130 4393 3704 4469">
     <span class='ocr_line' id='line_1_105' title="bbox 2130 4393 3704 4469; baseline 0.002 -19"><span class='ocrx_word' id='word_1_760' title='bbox 2130 4397 2195 4450; x_wconf 81' lang='grc' dir='ltr'>Τί</span> <span class='ocrx_word' id='word_1_761' title='bbox 2228 4397 2338 4469; x_wconf 80' lang='grc' dir='ltr'>γὰρ</span> <span class='ocrx_word' id='word_1_762' title='bbox 2365 4394 2619 4449; x_wconf 72' lang='grc' dir='ltr'>ἐντεῦθεν</span> <span class='ocrx_word' id='word_1_763' title='bbox 2660 4395 2722 4448; x_wconf 88' lang='grc' dir='ltr'><strong>τὸ</strong></span> <span class='ocrx_word' id='word_1_764' title='bbox 2758 4393 3063 4467; x_wconf 78' lang='grc' dir='ltr'>ὖποπτονῆ</span> <span class='ocrx_word' id='word_1_765' title='bbox 3110 4393 3565 4466; x_wconf 82' lang='grc' dir='ltr'><strong>βλαϐερώτατον;</strong></span> <span class='ocrx_word' id='word_1_766' title='bbox 3608 4400 3704 4465; x_wconf 82' lang='grc' dir='ltr'><strong>Ὠς</strong></span> 
     </span>
    </p>
   </div>
   <div class='ocr_carea' id='block_1_106' title="bbox 2126 4486 3705 4569">
    <p class='ocr_par' dir='ltr' id='par_1_106' title="bbox 2126 4486 3705 4569">
     <span class='ocr_line' id='line_1_106' title="bbox 2126 4486 3705 4569; baseline 0.002 -25"><span class='ocrx_word' id='word_1_767' title='bbox 2126 4489 2237 4569; x_wconf 61' lang='grc' dir='ltr'><strong>γριρ</strong></span> <span class='ocrx_word' id='word_1_768' title='bbox 2266 4489 2327 4543; x_wconf 89' lang='grc' dir='ltr'><strong>τὸ</strong></span> <span class='ocrx_word' id='word_1_769' title='bbox 2356 4490 2599 4560; x_wconf 75' lang='grc' dir='ltr'>ἐνεργεῖν</span> <span class='ocrx_word' id='word_1_770' title='bbox 2634 4487 2729 4541; x_wconf 77' lang='grc' dir='ltr'><strong>καὶ</strong></span> <span class='ocrx_word' id='word_1_771' title='bbox 2753 4486 2949 4552; x_wconf 80' lang='grc' dir='ltr'>θέλειν,</span> <span class='ocrx_word' id='word_1_772' title='bbox 2986 4487 3082 4541; x_wconf 76' lang='grc' dir='ltr'><strong>καὶ</strong></span> <span class='ocrx_word' id='word_1_773' title='bbox 3114 4490 3330 4556; x_wconf 81' lang='grc' dir='ltr'>ἀγνοεῖν</span> <span class='ocrx_word' id='word_1_774' title='bbox 3357 4489 3439 4544; x_wconf 76' lang='grc' dir='ltr'><strong>ἔτι</strong></span> <span class='ocrx_word' id='word_1_775' title='bbox 3467 4493 3564 4546; x_wconf 79' lang='grc' dir='ltr'><strong>καὶ</strong></span> <span class='ocrx_word' id='word_1_776' title='bbox 3592 4494 3705 4547; x_wconf 76' lang='grc' dir='ltr'><strong>πᾶο</strong></span> 
     </span>
    </p>
   </div>
   <div class='ocr_carea' id='block_1_107' title="bbox 2128 4578 3705 4653">
    <p class='ocr_par' dir='ltr' id='par_1_107' title="bbox 2128 4578 3705 4653">
     <span class='ocr_line' id='line_1_107' title="bbox 2128 4578 3705 4653; baseline 0.002 -19"><span class='ocrx_word' id='word_1_777' title='bbox 2128 4598 2278 4652; x_wconf 80' lang='grc' dir='ltr'><strong>σχειν</strong></span> <span class='ocrx_word' id='word_1_778' title='bbox 2311 4579 2672 4649; x_wconf 80' lang='grc' dir='ltr'><strong>ἀνθρωπίνως</strong></span> <span class='ocrx_word' id='word_1_779' title='bbox 2718 4578 2806 4631; x_wconf 89' lang='grc' dir='ltr'>τὸν</span> <span class='ocrx_word' id='word_1_780' title='bbox 2836 4578 3059 4651; x_wconf 75' lang='grc' dir='ltr'>Κύριον,</span> <span class='ocrx_word' id='word_1_781' title='bbox 3115 4580 3234 4632; x_wconf 73' lang='grc' dir='ltr'><strong>κατ’</strong></span> <span class='ocrx_word' id='word_1_782' title='bbox 3261 4580 3453 4635; x_wconf 73' lang='grc' dir='ltr'>οὐδένα</span> <span class='ocrx_word' id='word_1_783' title='bbox 3494 4584 3705 4653; x_wconf 85' lang='grc' dir='ltr'>τρόπον</span> 
     </span>
    </p>
   </div>
   <div class='ocr_carea' id='block_1_108' title="bbox 2124 4668 3702 4744">
    <p class='ocr_par' dir='ltr' id='par_1_108' title="bbox 2124 4668 3702 4744">
     <span class='ocr_line' id='line_1_108' title="bbox 2124 4668 3702 4744; baseline 0.002 -19"><span class='ocrx_word' id='word_1_784' title='bbox 2124 4673 2216 4725; x_wconf 85' lang='grc' dir='ltr'><strong>τὸν</strong></span> <span class='ocrx_word' id='word_1_785' title='bbox 2243 4675 2342 4744; x_wconf 80' lang='grc' dir='ltr'>τῆς</span> <span class='ocrx_word' id='word_1_786' title='bbox 2376 4669 2498 4724; x_wconf 84' lang='grc' dir='ltr'><strong>κατ’</strong></span> <span class='ocrx_word' id='word_1_787' title='bbox 2524 4670 2686 4723; x_wconf 80' lang='grc' dir='ltr'><strong>αὑτὸν</strong></span> <span class='ocrx_word' id='word_1_788' title='bbox 2715 4668 2975 4738; x_wconf 76' lang='grc' dir='ltr'><strong>θεότητος</strong></span> <span class='ocrx_word' id='word_1_789' title='bbox 2996 4669 3344 4740; x_wconf 69' lang='grc' dir='ltr'><strong>ἐλωϐήσαντο</strong></span> <span class='ocrx_word' id='word_1_790' title='bbox 3367 4670 3550 4741; x_wconf 86' lang='grc' dir='ltr'>λόγον,</span> <span class='ocrx_word' id='word_1_791' title='bbox 3576 4675 3702 4728; x_wconf 65' lang='grc' dir='ltr'>οὐδὲ</span> 
     </span>
    </p>
   </div>
   <div class='ocr_carea' id='block_1_109' title="bbox 2123 4759 3702 4835">
    <p class='ocr_par' dir='ltr' id='par_1_109' title="bbox 2123 4759 3702 4835">
     <span class='ocr_line' id='line_1_109' title="bbox 2123 4759 3702 4835; baseline 0.001 -19"><span class='ocrx_word' id='word_1_792' title='bbox 2123 4764 2389 4835; x_wconf 79' lang='grc' dir='ltr'>ειαίρεσιν</span> <span class='ocrx_word' id='word_1_793' title='bbox 2422 4762 2563 4816; x_wconf 79' lang='grc' dir='ltr'><strong>κατὰ</strong></span> <span class='ocrx_word' id='word_1_794' title='bbox 2585 4762 2685 4831; x_wconf 83' lang='grc' dir='ltr'><strong>τὴν</strong></span> <span class='ocrx_word' id='word_1_795' title='bbox 2721 4759 2890 4832; x_wconf 77' lang='grc' dir='ltr'>αὐτὴν</span> <span class='ocrx_word' id='word_1_796' title='bbox 2935 4762 3029 4814; x_wconf 75' lang='grc' dir='ltr'><strong>καὶ</strong></span> <span class='ocrx_word' id='word_1_797' title='bbox 3071 4762 3201 4831; x_wconf 76' lang='grc' dir='ltr'><strong>μίαν</strong></span> <span class='ocrx_word' id='word_1_798' title='bbox 3236 4763 3530 4818; x_wconf 78' lang='grc' dir='ltr'>ὑπόστασιν</span> <span class='ocrx_word' id='word_1_799' title='bbox 3568 4783 3702 4818; x_wconf 74' lang='grc' dir='ltr'>σνν-</span> 
     </span>
    </p>
   </div>
   <div class='ocr_carea' id='block_1_110' title="bbox 2125 4853 3703 4928">
    <p class='ocr_par' dir='ltr' id='par_1_110' title="bbox 2125 4853 3703 4928">
     <span class='ocr_line' id='line_1_110' title="bbox 2125 4853 3703 4928; baseline -0.001 -18"><span class='ocrx_word' id='word_1_800' title='bbox 2125 4858 2538 4928; x_wconf 79' lang='grc' dir='ltr'>εῖσηνέγκαντο,</span> <span class='ocrx_word' id='word_1_801' title='bbox 2575 4854 2751 4916; x_wconf 79' lang='grc' dir='ltr'><strong>οὕτως</strong></span> <span class='ocrx_word' id='word_1_802' title='bbox 2786 4853 2908 4907; x_wconf 77' lang='grc' dir='ltr'><strong>οὐδὲ</strong></span> <span class='ocrx_word' id='word_1_803' title='bbox 2941 4854 3003 4906; x_wconf 81' lang='grc' dir='ltr'><strong>τὸ</strong></span> <span class='ocrx_word' id='word_1_804' title='bbox 3047 4854 3214 4924; x_wconf 69' lang='grc' dir='ltr'><strong>σαρκὶ</strong></span> <span class='ocrx_word' id='word_1_805' title='bbox 3269 4855 3432 4908; x_wconf 74' lang='grc' dir='ltr'>αὐτὸν</span> <span class='ocrx_word' id='word_1_806' title='bbox 3491 4859 3703 4928; x_wconf 70' lang='grc' dir='ltr'><strong>γράφε-</strong></span> 
     </span>
    </p>
   </div>
   <div class='ocr_carea' id='block_1_111' title="bbox 2127 4942 3700 5019">
    <p class='ocr_par' dir='ltr' id='par_1_111' title="bbox 2127 4942 3700 5019">
     <span class='ocr_line' id='line_1_111' title="bbox 2127 4942 3700 5019; baseline -0.001 -17"><span class='ocrx_word' id='word_1_807' title='bbox 2127 4949 2271 5013; x_wconf 85' lang='grc' dir='ltr'><strong>σθαι,</strong></span> <span class='ocrx_word' id='word_1_808' title='bbox 2303 4947 2440 5002; x_wconf 85' lang='grc' dir='ltr'><strong>καθὸ</strong></span> <span class='ocrx_word' id='word_1_809' title='bbox 2464 4950 2576 5010; x_wconf 87' lang='grc' dir='ltr'>τοῖς</span> <span class='ocrx_word' id='word_1_810' title='bbox 2601 4943 2910 5015; x_wconf 84' lang='grc' dir='ltr'><strong>ἀνθρώποις</strong></span> <span class='ocrx_word' id='word_1_811' title='bbox 2935 4942 3090 5015; x_wconf 66' lang='grc' dir='ltr'><strong>ὤφθη</strong></span> <span class='ocrx_word' id='word_1_812' title='bbox 3128 4948 3221 4998; x_wconf 75' lang='grc' dir='ltr'><strong>καὶ</strong></span> <span class='ocrx_word' id='word_1_813' title='bbox 3254 4950 3700 5019; x_wconf 76' lang='grc' dir='ltr'>συνανεστρᾲφη,</span> 
     </span>
    </p>
   </div>
   <div class='ocr_carea' id='block_1_112' title="bbox 2129 5032 3704 5107">
    <p class='ocr_par' dir='ltr' id='par_1_112' title="bbox 2129 5032 3704 5107">
     <span class='ocr_line' id='line_1_112' title="bbox 2129 5032 3704 5107; baseline -0.001 -16"><span class='ocrx_word' id='word_1_814' title='bbox 2129 5038 2254 5092; x_wconf 79' lang='grc' dir='ltr'><strong>καθ’</strong></span> <span class='ocrx_word' id='word_1_815' title='bbox 2283 5034 2559 5090; x_wconf 75' lang='grc' dir='ltr'><strong>ὁντιναοῦν</strong></span> <span class='ocrx_word' id='word_1_816' title='bbox 2608 5034 2808 5104; x_wconf 86' lang='grc' dir='ltr'>τρόπον</span> <span class='ocrx_word' id='word_1_817' title='bbox 2855 5032 3018 5102; x_wconf 78' lang='grc' dir='ltr'><strong>ὓϐριν</strong></span> <span class='ocrx_word' id='word_1_818' title='bbox 3055 5033 3472 5105; x_wconf 66' lang='grc' dir='ltr'>προστρίψαιτο,</span> <span class='ocrx_word' id='word_1_819' title='bbox 3503 5036 3536 5107; x_wconf 80' lang='grc' dir='ltr'><strong>ἧ</strong></span> <span class='ocrx_word' id='word_1_820' title='bbox 3571 5038 3704 5107; x_wconf 69' lang='grc' dir='ltr'>περὶ</span> 
     </span>
    </p>
   </div>
   <div class='ocr_carea' id='block_1_113' title="bbox 2131 5124 3706 5200">
    <p class='ocr_par' dir='ltr' id='par_1_113' title="bbox 2131 5124 3706 5200">
     <span class='ocr_line' id='line_1_113' title="bbox 2131 5124 3706 5200; baseline -0.001 -18"><span class='ocrx_word' id='word_1_821' title='bbox 2131 5133 2228 5200; x_wconf 77' lang='grc' dir='ltr'>τὴν</span> <span class='ocrx_word' id='word_1_822' title='bbox 2272 5130 2401 5200; x_wconf 83' lang='grc' dir='ltr'><strong>μίαν</strong></span> <span class='ocrx_word' id='word_1_823' title='bbox 2433 5128 2729 5181; x_wconf 78' lang='grc' dir='ltr'>ὑπόστασιν</span> <span class='ocrx_word' id='word_1_824' title='bbox 2760 5125 2904 5179; x_wconf 81' lang='grc' dir='ltr'><strong>κατά</strong></span> <span class='ocrx_word' id='word_1_825' title='bbox 2954 5142 3007 5176; x_wconf 89' lang='grc' dir='ltr'>τι</span> <span class='ocrx_word' id='word_1_826' title='bbox 3056 5124 3186 5192; x_wconf 82' lang='grc' dir='ltr'>γοῦν</span> <span class='ocrx_word' id='word_1_827' title='bbox 3215 5125 3499 5191; x_wconf 75' lang='grc' dir='ltr'>διάστασις</span> <span class='ocrx_word' id='word_1_828' title='bbox 3528 5128 3706 5200; x_wconf 68' lang='grc' dir='ltr'><strong>ὀφθή-</strong></span> 
     </span>
    </p>
   </div>
   <div class='ocr_carea' id='block_1_114' title="bbox 2129 5213 3709 5292">
    <p class='ocr_par' dir='ltr' id='par_1_114' title="bbox 2129 5213 3709 5292">
     <span class='ocr_line' id='line_1_114' title="bbox 2129 5213 3709 5292; baseline 0 -19"><span class='ocrx_word' id='word_1_829' title='bbox 2129 5238 2300 5275; x_wconf 86' lang='grc' dir='ltr'>σεται.</span> <span class='ocrx_word' id='word_1_830' title='bbox 2345 5218 2688 5290; x_wconf 77' lang='grc' dir='ltr'><strong>Ἐρρἐωσαν</strong></span> <span class='ocrx_word' id='word_1_831' title='bbox 2716 5213 2810 5270; x_wconf 82' lang='grc' dir='ltr'>οὖν</span> <span class='ocrx_word' id='word_1_832' title='bbox 2831 5215 2957 5286; x_wconf 79' lang='grc' dir='ltr'><strong>εἰκῆ</strong></span> <span class='ocrx_word' id='word_1_833' title='bbox 2982 5217 3356 5288; x_wconf 52' lang='grc' dir='ltr'>φλυαροῦντες</span> <span class='ocrx_word' id='word_1_834' title='bbox 3384 5221 3434 5273; x_wconf 82' lang='grc' dir='ltr'><strong>οἱ</strong></span> <span class='ocrx_word' id='word_1_835' title='bbox 3462 5216 3709 5292; x_wconf 72' lang='grc' dir='ltr'>τῷλόγῳ</span> 
     </span>
    </p>
   </div>
   <div class='ocr_carea' id='block_1_115' title="bbox 2125 5309 3707 5385">
    <p class='ocr_par' dir='ltr' id='par_1_115' title="bbox 2125 5309 3707 5385">
     <span class='ocr_line' id='line_1_115' title="bbox 2125 5309 3707 5385; baseline 0.004 -21"><span class='ocrx_word' id='word_1_836' title='bbox 2125 5315 2225 5383; x_wconf 79' lang='grc' dir='ltr'><strong>τῆς</strong></span> <span class='ocrx_word' id='word_1_837' title='bbox 2259 5312 2406 5375; x_wconf 78' lang='grc' dir='ltr'><strong>θείας</strong></span> <span class='ocrx_word' id='word_1_838' title='bbox 2469 5309 2782 5381; x_wconf 74' lang='grc' dir='ltr'><strong>οἰκονομίας</strong></span> <span class='ocrx_word' id='word_1_839' title='bbox 2837 5310 3246 5380; x_wconf 77' lang='grc' dir='ltr'><strong>βασκαίνοντες,</strong></span> <span class='ocrx_word' id='word_1_840' title='bbox 3281 5313 3376 5366; x_wconf 83' lang='grc' dir='ltr'><strong>καὶ</strong></span> <span class='ocrx_word' id='word_1_841' title='bbox 3435 5313 3533 5385; x_wconf 70' lang='grc' dir='ltr'><strong>τῆς</strong></span> <span class='ocrx_word' id='word_1_842' title='bbox 3575 5317 3707 5371; x_wconf 68' lang='grc' dir='ltr'><strong>καθ’</strong></span> 
     </span>
    </p>
   </div>
   <div class='ocr_carea' id='block_1_116' title="bbox 2126 5403 3286 5478">
    <p class='ocr_par' dir='ltr' id='par_1_116' title="bbox 2126 5403 3286 5478">
     <span class='ocr_line' id='line_1_116' title="bbox 2126 5403 3286 5478; baseline 0 -21"><span class='ocrx_word' id='word_1_843' title='bbox 2126 5408 2271 5478; x_wconf 68' lang='grc' dir='ltr'><strong>ἡμᾶς</strong></span> <span class='ocrx_word' id='word_1_844' title='bbox 2311 5404 2541 5473; x_wconf 48' lang='lat' dir='ltr'><strong>sacrari;</strong></span> <span class='ocrx_word' id='word_1_845' title='bbox 2572 5404 3008 5476; x_wconf 69' lang='grc' dir='ltr'>ἀλλοτριούμενος</span> <span class='ocrx_word' id='word_1_846' title='bbox 3030 5403 3286 5467; x_wconf 46' lang='lat' dir='ltr'><strong>cristae”.</strong></span> 
     </span>
    </p>
   </div>
   <div class='ocr_carea' id='block_1_117' title="bbox 1585 5554 2648 5630">
    <p class='ocr_par' dir='ltr' id='par_1_117' title="bbox 1585 5554 2648 5630">
     <span class='ocr_line' id='line_1_117' title="bbox 1585 5554 2648 5630; baseline -0.013 -10"><span class='ocrx_word' id='word_1_847' title='bbox 1585 5566 1768 5622; x_wconf 61' lang='lat' dir='ltr'><strong>Matth.</strong></span> <span class='ocrx_word' id='word_1_848' title='bbox 1821 5584 1894 5630; x_wconf 71' lang='lat' dir='ltr'><strong>tv,</strong></span> <span class='ocrx_word' id='word_1_849' title='bbox 1939 5567 1990 5622; x_wconf 64' lang='grc' dir='ltr'>ιι.</span> <span class='ocrx_word' id='word_1_850' title='bbox 2070 5568 2114 5598; x_wconf 82' lang='lat'><strong>”</strong></span> <span class='ocrx_word' id='word_1_851' title='bbox 2153 5563 2337 5617; x_wconf 71' lang='lat' dir='ltr'><strong>Matth.</strong></span> <span class='ocrx_word' id='word_1_852' title='bbox 2372 5575 2521 5628; x_wconf 69' lang='lat' dir='ltr'><strong>xxw,</strong></span> <span class='ocrx_word' id='word_1_853' title='bbox 2560 5554 2648 5607; x_wconf 69' lang='grc'><strong>5.).</strong></span> 
     </span>
    </p>
   </div>
  </div>
