3952 6202
221 273 311 336 329

913 257 1541 323 ANTIRBHETICUS
1582 258 1642 316 II
1682 257 1850 318 ADV.
1891 255 2482 316 CONSTANTINUM
2522 254 2733 315 COPR.

3351 249 3458 313 330

241 395 3448 434 ...Μ-..ῆΜῄ

1237 555 1870 642 ΑΝΤΙΡΡΗΣΙΣ
1949 537 2470 642 ΔΕΥΤΕΡΑ.

975 756 1164 811 ΑΡΧΗ
1200 754 1338 809 ΤΗΣ
1377 753 1732 808 ΔΕΥΤΕΡΑΣ
1769 753 2165 809 ΕΡΩΤΗΣΕΩΣ
2199 753 2336 808 ΤΟΥ
2375 753 2694 808 ΜΑΜΩΝΑ.

999 1074 1973 1166 ANTIBBHETICUS
2045 1060 2697 1166 SECUNDUS.

929 1284 1220 1346 INCIPIT
1265 1283 1629 1348 SECUNDA
1674 1283 2052 1347 MAMONJE
2097 1286 2732 1351 INTERROGATIO.

280 1602 349 1660 α’.
392 1601 736 1673 ’Δπαρτίσας
767 1601 796 1653 ό
830 1599 1118 1668 Μαμωνᾶς
1146 1596 1293 1660 ὅπως
1320 1594 1470 1666 αὑτῷ
1510 1597 1685 1651 ἐδόκει
1723 1598 1792 1652 τά

1964 1601 2076 1674 66
2102 1605 2151 1657 1.
2191 1601 2483 1674 Postquam
2513 1605 2796 1661 Mamonas
2827 1605 3085 1674 absolvit,
3142 1616 3201 1662 ut
3253 1608 3354 1677 ipsi
3383 1608 3464 1664 vi-

215 1695 310 1764 τῆς
335 1695 610 1764 προτέρας
633 1691 904 1753 πεύσεως,
941 1688 1142 1759 μᾶλλον
1173 1687 1231 1740 δὲ
1251 1685 1631 1756 προστάξεως,
1661 1688 1785 1741 καθ’

216 1787 283 1856 ἧν
311 1786 374 1839 τά
423 1785 510 1836 ἐπ’
543 1781 798 1849 ἐξουσίας
845 1779 1014 1842 ὅντως
1062 1778 1414 1847 ἀπεφαίνετο,
1452 1777 1537 1847 ἐφ’
1594 1779 1789 1850 ἑτέραν

219 1875 404 1928 πεῦσιν
433 1874 669 1944 μετάγει
697 1869 794 1923 τδν
823 1868 1003 1936 λόγον.
1045 1867 1326 1930 Ὡσαύτως
1363 1866 1421 1919 δὲ
1439 1869 1552 1929 τοῖς
1582 1867 1790 1936 προλα-

218 1965 365 2018 ϐοῦσι
395 1962 745 2035 βατταρίζων
800 1960 896 2014 καὶ
948 1956 1321 2028 παρατρύζων
1369 1958 1462 2010 καλ⁸
1512 1958 1644 2028 περὶ
1680 1958 1791 2012 τῶν

218 2056 386 2110 αὐτῶν
424 2052 738 2122 ἀδολεσχῶν
784 2051 1164 2120 ματαιοπονεί,
1194 2043 1270 2101 ὧν
1305 2065 1424 2101 τινα
1467 2049 1548 2110 είς
1593 2047 1792 2117 μέσους

221 2152 446 2218 ἀγαγεῖν
493 2148 708 2201 δίκαιον
759 2142 900 2198 εἶναι
935 2143 1220 2214 ᾠήθημεν,
1278 2143 1417 2222 ὥστε
1449 2144 1670 2214 ἐμφανῆ
1699 2143 1794 2198 καὶ

220 2243 276 2294 ἐν
323 2240 533 2301 τούτοις
567 2236 826 2306 γενέσθαι
863 2235 962 2306 τὴν
1002 2234 1239 2298 ἀλαζόνα
1298 2237 1394 2287 καὶ
1439 2235 1794 2306 ὑπερήφανον

220 2330 375 2385 αὖτοῦ
397 2331 678 2384 διάνοιάν·
711 2327 915 2396 φάσκει
967 2318 1151 2379 δὲ’ὦδε
1181 2339 1195 2356 ι
1230 2343 1249 2376 ι
1299 2325 1676 2395 ’Υπελάϐομεν
1713 2325 1793 2389 δὲ,

219 2421 308 2473 καὶ
334 2420 524 2488 ἓτερον
550 2409 1154 2485 κεφάλαιονὲρωτῆσαι
1196 2415 1360 2484 ὑμᾶς,
1403 2415 1794 2486 ἐννοησάμενοι

217 2511 295 2562 ὅτι
319 2512 347 2562 ὁ
367 2511 606 2579 ποιήσας
630 2509 730 2578 τὴν
759 2507 948 2561 εἰκόνα
981 2506 1076 2559 τοῦ
1107 2506 1347 2577 Χριστοῦ
1395 2505 1625 2576 ταύτην,
1663 2508 1794 2578 περὶ

215 2597 282 2672 ἧς
305 2599 395 2652 τὸν
432 2599 599 2668 λόγον
630 2600 985 2670 ὲκινήσαμεν,
1041 2597 1116 2668 μὴ
1146 2595 1403 2651 είσελθὼν
1433 2598 1513 2660 είς
1543 2596 1604 2649 τὸ
1628 2595 1796 2666 βάθος

216 2691 308 2744 τοῦ
338 2687 619 2758 δόγματος
647 2689 747 2759 τῆς
789 2686 1100 2757 ἀσυγχύτου
1138 2686 1387 2750 ἑνώσεως
1425 2684 1535 2740 τῶν
1559 2685 1653 2739 δύο
1691 2685 1794 2756 φύ-

217 2801 353 2840 σεων
395 2783 495 2838 τοῦ
547 2781 813 2853 Χριστοῦ.
848 2797 868 2831 ι
909 2777 1096 2832 Ταῦτα
1142 2777 1304 2841 ποίας
1345 2777 1665 2843 ἀλαζονείας
1703 2778 1798 2832 καὶ

217 2875 560 2945 φυσιώσεως,
601 2870 804 2942 μᾶλλον
831 2870 889 2924 δὲ
915 2869 1074 2931 ποίας
1106 2868 1293 2932 ἀνοίας
1339 2869 1441 2942 καὶ
1487 2866 1796 2942 ἐμπληξίας

1892 1697 2141 1763 debatur,
2176 1699 2406 1765 primam
2459 1698 2962 1766 interrogationem,
3016 1701 3101 1754 vel
3148 1702 3463 1755 mandatum

1892 1787 2093 1855 potius,
2127 1802 2231 1856 quo
2269 1789 2538 1858 propriam
2582 1803 2770 1844 revera
2818 1791 3232 1859 prazpotentiam
3279 1800 3466 1847 osten-

1892 1876 2010 1943 dit,
2069 1892 2194 1931 mox
2247 1893 2553 1933 sermonem
2610 1895 2767 1935 suum
2815 1882 2881 1935 ad
2931 1881 3152 1936 alteram
3209 1881 3470 1936 transfert

1893 1964 2396 2033 interrogationem.
2439 1967 2620 2038 Eque
2664 1970 2824 2039 igitur
2850 1985 2914 2024 ac
2942 1970 2999 2025 in
3033 1970 3466 2040 praecedentibus

1891 2054 2197 2111 balbutiens
2247 2069 2303 2112 et
2351 2060 2698 2128 obstrepens,
2755 2071 2921 2130 atque
2970 2063 3025 2116 in
3075 2061 3266 2116 eodem
3299 2077 3466 2131 argn-

1893 2155 2076 2200 mento
2128 2162 2357 2218 nugans,
2437 2149 2627 2205 insane
2675 2151 2928 2217 laborat;
2981 2150 3138 2222 cujus
3209 2151 3466 2213 nonnulla

1893 2237 2059 2291 verba
2091 2237 2146 2292 in
2207 2239 2741 2318 mediumproierre
2791 2255 3004 2311 acquum
3060 2242 3463 2312 judicavimus;

1895 2339 1954 2382 ut
1983 2329 2109 2383 hinc
2143 2344 2358 2399 quoque
2390 2344 2654 2401 arrogans
2702 2331 2822 2400 ejus
2857 2333 3260 2402 superbumque
3305 2333 3462 2403 inge-

1894 2419 2040 2474 nium
2070 2429 2333 2490 patescat.
2359 2422 2452 2477 Sic
2479 2438 2608 2493 ergo
2635 2423 2906 2492 loquitur:
2941 2442 2959 2475 ι
2994 2421 3254 2478 Volumus
3283 2433 3464 2480 autem

1893 2518 1941 2566 et
1981 2510 2128 2566 aliud
2159 2511 2459 2583 capitulum
2516 2528 2547 2568 a
2581 2514 2734 2569 vobis
2761 2515 3024 2570 sciscitari
3056 2530 3071 2580 ;
3117 2515 3245 2585 quia
3279 2516 3472 2570 existi-

1895 2611 2146 2669 mamus,’
2177 2619 2302 2660 eum
2355 2605 2446 2676 qui
2483 2605 2624 2661 hanc
2654 2605 2858 2661 Christi
2892 2606 3181 2676 imaginem
3210 2607 3358 2669 fecit.
3401 2607 3470 2662 de

1895 2707 2001 2762 qua
2029 2707 2336 2751 sermonem
2398 2697 2814 2761 commovimus,
2858 2695 2998 2750 haud
3040 2705 3359 2764 penetrasse
3411 2695 3468 2749 in

1897 2785 2242 2841 altitudinem
2293 2786 2564 2857 dngmatis
2619 2785 2918 2843 inconfusa:
2956 2785 3184 2841 duarum
3259 2785 3468 2841 Christi

1895 2887 2212 2932 naturarum
2262 2879 2504 2935 unionis.
2555 2897 2576 2932 ο
2613 2877 2910 2946 Cujusnam
2965 2877 3081 2932 haec
3141 2875 3471 2944 arrogantia:

219 2966 529 3038 ὗπερϐολὴν
568 2963 926 3028 καταλείπει;
991 2960 1084 3014 Ἐκ
1129 2959 1334 3030 πολλῆς
1378 2960 1489 3032 γὰρ
1535 2961 1797 3024 ἀπονοίας

1899 2969 2253 3040 iactantiaeve,
2291 2971 2401 3027 imo
2434 2985 2565 3028 vero
2594 2971 2816 3027 insania:
2847 2978 3010 3040 atque
3061 2969 3298 3038 stuporis
3333 2967 3474 3023 fines

217 3058 385 3111 cis-rat
409 3057 576 3118 αὐτός
599 3072 663 3124 γε
693 3055 877 3125 μόνος,
908 3053 982 3124 μὴ
1001 3053 1085 3107 δτι
1111 3053 1193 3117 είς
1211 3051 1393 3124 τρίτον
1410 3051 1661 3123 οὐρανὸν,
1680 3051 1796 3106 ἀλλ’

218 3153 316 3223 ἢδη
342 3151 440 3204 καὶ
471 3151 554 3213 είς
582 3149 842 3220 τέταρτον
875 3142 1251 3216 ἀνηρπάσθαι,
1282 3145 1380 3197 καὶ
1427 3143 1798 3216 ἀπορῤητοτέ-

222 3260 327 3314 ρων
348 3241 383 3312 ἢ
407 3240 622 3302 Παῦλος
647 3236 944 3308 ἀκηκοέναι
975 3234 1259 3306 ῥημάτων,
1289 3233 1386 3288 καὶ
1435 3235 1494 3286 ὲν
1536 3233 1792 3306 περινοίᾳ

220 3334 352 3386 Θεοῦ
384 3331 666 3400 γενέσθαι,
687 3331 782 3382 καὶ
805 3329 984 3388 πᾶσαν
1004 3328 1104 3397 τὴν
1125 3325 1304 3380 κτίσιν
1335 3325 1566 3380 κατόπιν
1586 3324 1798 3395 διαφεὶς

225 3423 501 3492 μυηθῆναι
529 3419 566 3474 ά
603 3418 794 3490 μηδεὶς
824 3416 1116 3488 μεμάθηκε
1145 3414 1390 3486 πώποτε.
1427 3415 1468 3468 Τ
1475 3414 1523 3481 ίς
1553 3417 1614 3470 οὺ
1659 3416 1798 3470 θαυ-

225 3515 456 3583 μάσεται
484 3510 590 3580 τῆς
617 3508 889 3579 τοσαύτης
933 3506 1318 3577 ἀναισχυντίας
1364 3505 1427 3561 τὸ
1453 3506 1797 3580 ὑπέρογκον;

230 3603 575 3660 ’Δπηστόλων
601 3602 696 3657 νῦν
731 3602 828 3655 καὶ
880 3602 987 3655 τῶν
1016 3600 1193 3656 ἀλλων
1214 3601 1315 3674 τῆς
1348 3601 1677 3673 Ἐκκλησίας
1721 3602 1801 3655 δι-

216 3696 505 3751 δασκάλων
534 3698 597 3749 οὐ
623 3695 792 3763 λέγω,
817 3692 912 3756 οὓς
937 3693 1160 3758 πολλαῖς
1187 3693 1380 3765 ὕϐρεσι
1436 3693 1669 3764 βάλλων,
1703 3694 1800 3748 καί¹

215 3789 283 3840 τά
298 3787 511 3840 τούτων
535 3785 786 3855 δόγματα
811 3784 1028 3840 πλύνων
1053 3785 1147 3839 καὶ
1169 3784 1608 3856 διαγραφόμενος
1630 3781 1803 3835 διετέ-

215 3880 319 3943 λει,
353 3879 449 3943 οὓς
474 3879 576 3951 μὲν
609 3881 674 3934 ὲκ
703 3879 812 3934 τῶν
856 3879 986 3950 περὶ
1028 3878 1091 3931 τδ
1122 3877 1284 3946 σῶμα
1343 3873 1797 3946 συμϐεϐηκότων,

214 3971 308 4037 οὓς
341 3972 400 4027 δὲ
435 3975 500 4027 ὲκ
530 3972 642 4025 τῶν
680 3971 917 4041 νοσερῶν
945 3969 1263 4032 διαθέσεων,
1292 3966 1676 4022 ἀποσκώπτων
1703 3965 1803 4020 καὶ

213 4064 743 4134 δια-λοιδορούμενος.
790 4062 915 4115 Τῶν
974 4063 1055 4124 είς
1133 4059 1226 4113 τὸν
1279 4057 1552 4129 βασίλειον
1609 4056 1800 4129 θρόνον

213 4156 642 4228 ἑμπρεψάντων,
671 4154 768 4206 καὶ
811 4153 902 4204 ἐπ’
955 4149 1207 4221 εὐσεϐείᾳ
1235 4151 1328 4203 καὶ
1349 4147 1666 4220 δικαιοσύνῃ
1700 4163 1794 4202 κε-

1899 3073 2004 3113 non
2040 3061 2340 3127 superant?
2369 3059 2615 3134 Namque
2646 3061 2716 3117 ob
2743 3059 2970 3115 multam
3001 3058 3287 3115 stultitiam
3317 3073 3470 3112 suam

1896 3148 2045 3207 solus
2095 3151 2211 3221 ipse
2258 3151 2538 3222 opinatur,
2591 3165 2698 3207 non
2729 3147 2784 3205 in
2815 3149 3034 3204 tertium
3067 3148 3468 3212 tantummodo,

1896 3255 2088 3298 verum
2141 3243 2306 3298 etiam
2365 3242 2419 3297 in
2459 3253 2712 3312 quartum
2769 3240 2971 3298 caelum
3029 3254 3090 3295 se
3140 3248 3377 3308 raptum,
3419 3248 3477 3294 et

1899 3335 2262 3392 ineffabiliora
2313 3349 2474 3405 quam
2534 3332 2763 3389 Paulum
2823 3331 2988 3388 verba
3046 3332 3362 3396 audivisse,
3417 3340 3475 3385 et

1902 3431 2136 3478 mentem
2191 3423 2286 3478 Del
2339 3423 2615 3494 attigisse,
2675 3433 2838 3492 atque
2891 3435 3106 3477 omnem
3155 3430 3466 3476 creaturam

1901 3521 2356 3583 praetervectum,
2414 3514 2483 3569 iis
2537 3513 2701 3570 rebus
2753 3512 2922 3567 fuisse
2978 3512 3274 3578 initiatum,
3330 3525 3469 3580 quas

1900 3618 2062 3659 nemo
2126 3617 2364 3674 unquam
2424 3603 2635 3658 didicit:
2698 3602 2830 3667 Quis
2886 3611 3050 3657 tanta:
3124 3601 3474 3671 impudentia;

1901 3691 2176 3749 cumulum
2209 3707 2315 3746 non
2344 3691 2672 3746 mirabitur?
2728 3689 2873 3746 Sileo
2932 3706 3078 3745 nunc
3109 3690 3176 3746 de
3208 3690 3470 3759 apostolis

1903 3780 2131 3851 aliisque
2179 3778 2439 3836 Ecclesiae
2504 3779 2806 3852 magistris,
2867 3768 3004 3850 quos
3058 3779 3149 3836 hic
3206 3779 3474 3836 conviciis

1903 3872 2090 3931 multis
2127 3874 2349 3943 appetit,
2393 3886 2690 3941 eorumque
2715 3872 2968 3942 dogmata
3014 3872 3366 3942 proscindere
3408 3887 3476 3926 ac

1901 3963 2085 4018 delere
2119 3978 2224 4018 non
2267 3963 2482 4029 desinit,
2535 3962 2730 4032 partim
2758 3963 2828 4018 oh
2860 3975 3146 4033 corporum
3179 3976 3299 4032 qua:
3327 3962 3473 4030 passi

1902 4063 2030 4111 sunt
2059 4053 2408 4119 detrimenta,
2435 4054 2630 4123 partim
2649 4054 2815 4108 etiam
2845 4053 2916 4110 ob
2947 4054 3294 4110 infirmitates
3329 4055 3475 4110 deri-

1903 4146 2036 4203 dens
2065 4160 2130 4202 ac
2163 4146 2514 4201 maledicens.
2545 4146 2616 4200 At
2640 4146 2856 4201 illorum
2881 4145 3070 4201 saltem
3104 4146 3196 4216 qui
3227 4147 3278 4199 iu
3305 4145 3472 4216 regali

212 4247 588 4316 κοσμημένων
615 4243 732 4306 πῶς
774 4242 838 4296 οὐ
879 4234 1259 4310 δεδυσὼπηται
1307 4239 1401 4294 τὸν
1440 4239 1662 4310 τρόπον,
1703 4238 1797 4292 καὶ

1904 4243 2101 4294 throno
2130 4236 2419 4301 fulserunt,
2449 4245 2503 4291 et
2537 4237 2738 4307 pietate
2775 4251 2840 4291 ac
2878 4236 3093 4305 justitia
3137 4235 3472 4316 ornati_fue-

210 4301 478 4408 τὴν-περὶ
507 4334 576 4388 τά
613 4301 731 4388 θεῖα
770 4332 1049 4402 σπουδήν;
1080 4301 1191 4385 Κάι
1210 4331 1321 4400 γάρ
1367 4301 1682 4401 ἀναθήμασι
1707 4329 1797 4382 καὶ

1905 4338 2054 4397 runt,
2088 4329 2363 4400 quomodo
2395 4342 2575 4384 mores
2607 4343 2712 4384 non
2747 4339 3028 4384 reveretur
3059 4310 3474 4398 divinarumque

214 4430 389 4498 ἱεροῖς
415 4425 730 4498 περιϐόλοις
758 4426 1112 4496 γεραίροντες
1136 4422 1200 4476 τὸ
1239 4423 1399 4476 Θεῖον
1437 4420 1798 4492 ἐθεράπευον,

210 4519 262 4571 οῖ
295 4519 465 4588 μόνον
493 4519 554 4571 οὐ
601 4518 853 4571 καθεῖλον
902 4516 1000 4586 τῆς
1037 4513 1402 4586 ίερογραφίας
1443 4512 1536 4565 τὸν
1569 4511 1800 4582 κόσμον,

211 4609 357 4661 ἀλλὰ
379 4609 479 4660 καὶ
504 4608 864 4678 ᾠκοδόμησαν
917 4607 1013 4662 καὶ
1050 4604 1542 4676 ὲφιλοτεχνήσαντο
1580 4602 1651 4656 τά
1682 4602 1804 4674 ίερά

210 4700 395 4754 ταῦτα
429 4700 759 4770 ἀναθήματα
791 4697 1112 4768 φιλοτίμως,
1149 4696 1208 4748 ἐν
1257 4711 1318 4749 τε
1350 4696 1501 4757 ναοῖς
1527 4692 1715 4760 θείοις,
1745 4693 1804 4746 ἐν

211 4806 272 4841 τε
302 4791 474 4858 ἱεροῖς
505 4788 724 4842 σκεύεσι
756 4788 850 4841 καὶ
871 4787 1178 4856 ὑφάσμασι,
1199 4784 1322 4840 κατ’
1353 4785 1503 4855 ίχνος
1526 4782 1802 4854 βαίνοντες

209 4880 319 4948 τῆς
352 4878 724 4948 ἀποστολικῆς
773 4879 872 4932 καὶ
926 4878 1206 4950 Πατρικῆς
1250 4875 1626 4948 παραδόσεως.
1657 4867 1733 4929 ὧν
1766 4875 1802 4945 η

212 4967 453 5040 ἄπειρος
486 4969 699 5040 πληθὺς
744 4969 908 5041 μέχρι
961 4971 1058 5024 καὶ
1096 4971 1338 5041 σήμερον
1389 4968 1448 5021 ἐν
1473 4969 1593 5030 ταῖς
1623 4966 1801 5021 ἀπάν-

210 5075 332 5111 των
355 5059 515 5128 ὂψεσι
550 5058 860 5130 πρόκειται,
881 5058 1113 5123 ἐκείνοις
1139 5061 1240 5130 μὲν
1263 5057 1548 5122 εὐσεϐείας
1585 5057 1800 5129 μαρτύ-

211 5165 358 5218 ριον,
382 5149 606 5218 ἐλεγχος
634 5149 693 5203 δὲ
722 5151 818 5204 καὶ
859 5149 1127 5221 θρίαμϐος
1171 5148 1348 5220 τούτῳ
1395 5149 1495 5221 τῆς
1547 5148 1803 5211 ἀϐουλίας

210 5240 319 5294 καὶ
334 5240 674 5305 δυσσεϐείας.
694 5235 796 5294 Ὦν
821 5242 931 5314 γάρ
955 5240 1062 5294 ἔδει
1089 5241 1332 5313 ζηλῶσαι
1355 5241 1448 5295 τὸν
1477 5240 1680 5312 τρόπον
1708 5238 1802 5293 καὶ

290 5420 410 5503 (74)
430 5420 566 5502 Puta
593 5421 941 5478 Constantini
963 5421 1140 5506 Magni
1173 5430 1251 5478 tot
1279 5436 1434 5506 sacra
1463 5421 1794 5506 aedilicia-ac

208 5487 449 5563 donaria
486 5491 774 5563 innumera
801 5507 923 5561 quae
946 5487 1168 5563 copiose
1200 5493 1393 5563 scribit
1421 5500 1616 5563 auctor
1641 5491 1796 5563 Vita-

204 5572 338 5630 [ιφ
355 5559 685 5630 Pontificum
716 5559 898 5628 nonin;
933 5577 1000 5618 ne
1015 5559 1102 5618 'tot
1121 5561 1466 5630 sequentium
1490 5559 1800 5617 Occidentis

203 5624 569 5698 Orientisque
616 5624 895 5686 Caesarum
925 5624 1364 5689 Christianorum
1415 5631 1618 5687 mentio
1671 5631 1797 5699 fiat;

503 5728 780 5788 ΡΑτιιοι.
816 5723 935 5788 Gn.
974 5724 1042 5785 C.

1907 4436 2088 4476 rerum
2140 4420 2418 4476 studium?
2477 4419 2725 4490 Namque
2775 4419 2830 4475 hi
2898 4421 3137 4476 donariis
3190 4420 3476 4489 sacrisque

1901 4512 2146 4568 delubris
2194 4511 2367 4567 Deum
2411 4511 2774 4576 honorabant,
2836 4518 2892 4566 et
2933 4510 3127 4566 nedum
3189 4525 3470 4566 sacrarum

1902 4604 2320 4674 inscriptionum
2380 4613 2635 4659 ornatum
2687 4602 2987 4670 auferrent,
3037 4603 3131 4658 sed
3184 4603 3468 4657 struebant

1900 4696 2088 4762 etiam,
2136 4705 2192 4753 et
2259 4705 2515 4752 accurato
2568 4706 2995 4767 sumptuosoque
3059 4693 3296 4749 artificio
3349 4693 3472 4748 ﬁeri

1908 4790 2172 4845 curabant
2236 4788 2461 4844 donaria
2509 4789 2816 4858 huiusmodi
2847 4788 2901 4842 in
2957 4787 3205 4859 angustis
3257 4787 3472 4857 templis

1908 4880 2187 4949 sacrisque
2237 4879 2382 4934 vasis
2427 4888 2589 4949 atque
2637 4878 2867 4935 texturis
2903 4875 3055 4949 (74),
3106 4878 3476 4948 apostolorum

1907 4964 2242 5036 Patrumque
2267 4966 2616 5022 traditionem
2643 4980 2830 5038 presse
2868 4977 3196 5037 sequentes;
3238 4982 3474 5038 quarum

1906 5072 2092 5114 rerum
2152 5056 2364 5112 inﬁnita
2416 5057 2708 5114 multitudo
2766 5059 2836 5115 ad
2903 5060 3050 5116 hunc
3102 5075 3273 5131 usque
3334 5059 3475 5114 diem

1906 5149 2150 5204 omnium
2178 5149 2353 5204 oculis
2379 5157 2464 5204 est
2505 5151 2790 5219 exposita;
2837 5150 2948 5206 illis
2997 5151 3214 5222 quidem
3253 5150 3472 5220 pietatis

1909 5241 2302 5308 testimonium,
2321 5241 2449 5298 huic
2465 5251 2641 5298 autem
2667 5244 2992 5316 vituperatio
3013 5253 3068 5300 et
3084 5243 3294 5312 publica
3316 5251 3478 5296 teme.

1901 5437 2041 5494 quos
2089 5423 2232 5494 inter
2266 5431 2443 5494 tamen
2478 5423 2696 5480 reticeri
2747 5423 2933 5494 nequit
2972 5422 3332 5494 Iustinianus,
3379 5421 3473 5490 qui

1909 5491 2130 5564 ευριπ
2161 5491 2376 5564 Sophia!
2403 5495 2661 5564 templum
2709 5491 2872 5550 totius
2908 5492 3146 5548 Orientis
3182 5493 3475 5564 Inanimum

1905 5563 2193 5632 aediﬁcavit
2239 5559 2331 5618 ‘vel
2392 5559 2573 5632 potius
2608 5564 2952 5625 instauravit,
2980 5567 3044 5632 et
3090 5559 3262 5617 sacris
3287 5559 3482 5632 imagi-

1912 5631 2068 5688 nibus
2091 5633 2302 5690 musivo
2333 5631 2500 5706 opere
2539 5644 2711 5690 totum
2751 5631 3093 5689 convestivit.

3005 5728 3072 5790 11
