3952 6202
446 261 554 330 331

1473 257 1535 316 S.
1572 247 1992 315 NICEPHORI
2032 239 2540 307 PATRIARCHIE
2577 238 2688 301 CP.

3595 228 3703 294 332

437 377 622 435 ritatis
643 383 804 444 atque
825 369 1116 440 impietatis
1137 366 1382 425 infamia.
1411 364 1648 432 Quorum
1675 361 1818 417 enim
1842 371 2019 413 mores

2145 355 2219 428 rip;
2250 353 2424 423 εὐαγῆ
2454 353 2638 405 πίστιν
2663 366 2723 403 τε
2751 346 2847 402 καὶ
2875 344 3184 412 εὐλάϐειαν,
3209 343 3431 398 πάντων
3465 343 3704 412 σοφώτε-

441 479 496 526 et
521 481 712 538 puram
749 463 904 518 fidem
939 469 1100 530 atque
1120 458 1372 528 pietatem
1394 452 1596 508 imitari
1625 451 1907 515 debuerat,
1936 447 2020 500 bis

443 559 697 618 omnibus
756 553 1143 624 sapientiorem
1201 563 1261 602 sc
1323 545 1602 616 magisque
1653 539 2020 610 perspicacem

445 665 568 706 esse
606 646 872 720 gloriatus
896 653 996 708 est,
1047 639 1164 695 suis
1198 651 1414 706 semper
1465 635 1776 702 obsequens
1805 629 2018 699 cupidi-

447 741 670 798 tatibus.
711 737 923 806 Ergoue
983 731 1060 786 illi
1110 731 1163 783 in
1207 727 1478 800 dogmatis
1515 723 1858 780 altitudinem
1915 735 2024 776 non

447 836 834 901 penetrarunt,
871 823 966 896 qui
1024 823 1174 878 omni
1231 830 1356 875 actu
1398 832 1498 872 suo
1540 815 1802 871 Ecclesia;
1851 811 2024 881 inagio

445 933 609 986 stros,
670 927 784 973 tum
834 915 1172 986 antiquiores
1230 921 1342 966 tum
1374 911 1540 964 etiam
1594 902 2028 974 contemporalcs

447 1012 822 1075 sectabantur,
871 1009 1020 1062 hunc
1071 1014 1254 1059 autem
1311 1001 1486 1058 solum
1507 1014 1618 1054 suae
1673 995 2022 1067 purissimum

423 1112 804 1171 'sanctumque
836 1099 958 1152 vita:
990 1111 1160 1168 genus
1183 1094 1251 1148 ad
1283 1090 1562 1164 penetrale
1594 1071 2046 1143 inscrutabilium'

449 1195 546 1250 Dei
604 1191 989 1264 mysteriorum
1045 1186 1311 1242 accedere
1347 1182 1516 1238 fecit?
1553 1180 1684 1235 .lmo
1718 1191 1846 1232 vero
1869 1175 1918 1230 is
1969 1188 2028 1230 se

451 1289 628 1357 ipsum
687 1284 777 1338 hic
825 1295 1044 1351 quoque
1072 1276 1274 1348 prodit,
1340 1283 1452 1329 tum
1509 1271 1618 1328 illis
1655 1279 1770 1326 tum
1809 1265 2026 1322 veritati

451 1374 738 1434 manifeste
772 1373 824 1428 iu
856 1369 1067 1426 cunctis
1101 1364 1402 1422 adversari.

521 1469 578 1524 2.
614 1467 720 1521 Sed
737 1464 828 1534 qui
861 1463 916 1516 in
950 1457 1222 1515 infinitum
1278 1454 1525 1522 sejactat
1546 1461 1601 1507 et
1623 1452 1893 1505 humanos
1920 1445 2033 1500 vult

451 1557 716 1616 excedere
739 1551 1025 1614 terminos,
1061 1558 1172 1601 tum
1205 1543 1458 1614 loquendi
1477 1553 1589 1596 tum
1611 1541 1775 1594 etiam
1801 1537 2029 1600 sciendi,

2126 462 2216 516 ρον
2247 442 2342 498 καὶ
2368 438 2737 510 συνετώτερον
2765 437 2957 490 ἑαυτὸν
2983 433 3313 506 ἀνεκήρυξε,
3342 435 3457 497 τοῖς
3497 431 3702 486 ἑαυτοῦ

2122 533 2402 606 πανταχοῦ
2442 528 2816 597 ὲξακολουθῶν
2839 528 3088 582 πάθεσιν.
3129 528 3358 580 Ἐκεῖνοι
3385 527 3489 580 οὐκ
3520 526 3705 595 είσῆλ-

2125 628 2216 683 θον
2248 589 2336 691 είς
2353 626 2411 680 τὸ
2443 589 2606 696 βάθος
2634 620 2730 676 τοῦ
2760 621 3055 690 δόγματος,
3081 621 3131 674 oi
3181 621 3326 672 κατὰ
3371 617 3552 671 πάντα
3590 589 3704 680 τοῖς
3794 589 3802 598 ο

2122 719 2463 777 διδασκάλοις
2494 718 2592 786 τῆς
2641 712 2974 782 Ἐκκλησίας
3026 709 3309 781 ἑπόμενοι,
3356 711 3473 770 τοῖς
3507 725 3568 762 τε
3597 707 3706 780 πρὸ

2125 811 2328 874 αὐτῶν,
2370 811 2482 872 τοῖς
2509 824 2568 860 τε
2597 803 2740 858 κατὰ
2769 804 2898 866 τοὺς
2931 803 3158 874 χρόνους
3196 801 3324 864 τοὺς
3346 802 3477 870 περὶ
3505 800 3709 862 αὐτοὺς

2127 899 2532 970 συνακμάσασι,
2579 895 2772 949 τοῦτον
2816 894 2872 948 δὲ
2925 893 3088 964 μόνον
3113 893 3143 946 ὁ
3177 890 3570 962 καθαρώτατος
3611 889 3711 942 καὶ

2127 993 2458 1066 ἡγνισμένος
2493 990 2607 1062 βίος
2639 990 2720 1052 είς
2743 987 2811 1041 τά
2834 986 2975 1058 βάθη
3008 985 3120 1038 τῶν
3161 983 3586 1055 ἀνεξιχνιάστων
3611 981 3711 1036 τοῦ

2127 1084 2264 1141 Θεοῦ
2289 1083 2607 1156 μυστηρίων
2637 1081 2915 1148 ιξικέσθαι
2935 1077 3384 1148 παρεσκεύασενς
3424 1075 3589 1129 una
3605 1092 3714 1144 φα·

2129 1176 2286 1250 νερδν
2312 1173 2505 1228 ἑαυτὸν
2531 1173 2626 1226 καὶ
2656 1170 2894 1225 ἐνταῦθα
2941 1170 3299 1240 κατέστησεν,
3330 1167 3406 1232 ὼς
3451 1166 3542 1220 διὰ
3568 1167 3713 1220 πάν-

2129 1287 2238 1324 των
2288 1267 2383 1322 καὶ
2430 1267 2616 1328 αὐτοῖς
2657 1264 2755 1317 καὶ
2814 1265 2882 1334 τῇ
2933 1261 3165 1334 ἀληθείᾳ
3206 1259 3395 1330 σαφῶς
3446 1257 3714 1313 ἀντικαθο

2136 1361 2372 1415 ίσταται.

2205 1453 2269 1522 β’.
2297 1448 2442 1502 Ἀλλ’
2475 1451 2504 1501 ὁ
2533 1445 2956 1516 ὲγκαυχώμενος
2977 1444 3060 1508 εἰς
3089 1442 3160 1496 τὰ
3190 1442 3434 1513 ἄμετρα,
3472 1441 3568 1496 καὶ
3603 1441 3714 1494 τῶν

2133 1539 2492 1612 ἀνθρωπίνων
2541 1536 2832 1608 ὑπερπτάς
2880 1535 2941 1589 τὸ
2984 1534 3184 1605 μέτρον
3235 1534 3332 1587 καὶ
3391 1533 3569 1602 λόγων
3612 1531 3716 1585 καὶ

454 1649 596 1704 idem
629 1647 680 1699 in
712 1644 782 1698 iis
811 1657 934 1712 quas
967 1637 1220 1692 omnibus
1261 1633 1533 1689 evidentia
1571 1640 1719 1696 sunt,
1753 1627 2034 1682 addubitat

2145 1628 2574 1712 yvéoswvgmpi
2603 1627 2671 1681 τὰ
2711 1628 2880 1680 πᾶσιν
2933 1625 3126 1694 ἔνδηλα
3169 1623 3444 1694 διαπορεῖ,
3482 1623 3664 1690 λέγων
3692 1660 3712 1688 ,

895 1751 914 1792 ι
973 1728 1108 1784 Nam
1146 1727 1235 1782 ille
1271 1735 1412 1780 unus
1446 1723 1536 1793 qui
1598 1737 1664 1775 ex
1707 1719 1914 1774 duobus
1974 1718 2028 1770 in

2145 1695 2216 1774 ist
2252 1738 2270 1770 ι
2311 1719 2368 1772 '0
2397 1711 2476 1781 είς
2519 1695 2731 1778 ἐκεῖνος
2761 1717 2790 1768 ὁ
2823 1712 2884 1778 ἐξ
2916 1714 3120 1783 άμςςοῖν
3169 1715 3250 1776 είς
3302 1711 3362 1765 ἓν
3416 1711 3717 1782 πρόσωπον

455 1844 617 1884 unam
641 1823 920 1880 concurrit
949 1833 1258 1893 personam,
1279 1814 1550 1887 quomodo
1585 1809 1804 1881 figurari
1829 1817 2026 1881 potest,

456 1919 713 1990 quoniam
747 1914 916 1968 altera
966 1926 1033 1966 ex
1060 1910 1178 1980 ejus
1206 1906 1414 1961 naturis
1443 1919 1548 1958 non
1577 1911 1661 1956 est
1689 1897 2032 1954 circumscri—

457 1987 586 2079 pta?
631 2025 650 2060 ι
690 2007 852 2074 Ergo,
882 2003 1126 2073 inquam,
1160 2011 1357 2052 unan
1407 1995 1494 2048 bis
1537 1987 2029 2074 circumscribitur,

456 2101 574 2156 Huc
599 2099 744 2154 enim
795 2097 942 2150 illum
979 2089 1248 2148 sermonis
1291 2087 1374 2144 sui
1417 2067 1712 2140 curiositas
1751 2079 2025 2152 prove/xit,

459 2201 516 2244 ut
546 2189 775 2244 invitum
824 2185 988 2240 etiam
1050 2187 1246 2253 praeter
1294 2191 1450 2232 suam
1507 2171 1833 2228 sententiam
1884 2166 2032 2238 loqui

453 2282 720 2352 adigeret.
753 2277 847 2332 Sic
885 2273 1112 2330 veritate
1140 2267 1486 2341 praefocatus,
1509 2262 1713 2332 aliquid
1759 2268 1919 2315 rectae
1954 2257 2032 2311 rei

460 2351 660 2424 mutire
716 2375 772 2422 et
825 2363 1098 2433 crepitare
1129 2369 1353 2414 coactus
1408 2361 1511 2417 est,
1563 2352 1706 2422 quod
1769 2351 2034 2404 hactenus

462 2472 740 2528 nunquam
800 2454 1005 2510 dixisse
1044 2450 1195 2506 visus
1239 2455 1380 2503 erat.
1436 2444 1633 2499 Deficit
1677 2443 1859 2510 itaque
1889 2437 1942 2492 in
1979 2450 2036 2527 re

807 2507 1034 2614 ejusque
1055 2541 1247 2610 dogma
1272 2534 1554 2592 dilabitur.
1589 2531 1726 2588 Nam
1759 2507 2039 2585 conuiuas

465 2652 688 2698 naturas
725 2637 838 2708 jam
889 2630 1341 2706 pronuntiaverit,
1390 2638 1553 2696 atque
1603 2640 1670 2680 ex
1729 2623 1814 2677 his
1874 2634 2036 2674 uuam

463 2741 650 2805 aperte
682 2727 882 2782 dixerit
914 2721 1470 2790 incircumscriptam,
1519 2716 1763 2786 sequitur
1809 2724 1866 2768 ut
1907 2711 2041 2766 alte-

465 2803 602 2888 ram,
638 2819 851 2876 etiamsi
895 2815 1087 2880 nollet,
1113 2811 1595 2880 circumscriptam.
1639 2803 2035 2874 praedicavcrit.

465 2915 598 2970 Nam
631 2912 752 2980 quis
782 2914 1056 2977 sensatus,
1087 2903 1132 2960 si
1165 2903 1367 2958 dixerit
1427 2913 1490 2955 ex
1547 2897 1756 2952 duobus
1799 2892 2038 2949 homini-

2131 1807 2320 1880 λήξας,
2350 1807 2465 1870 πῶς
2495 1805 2605 1876 ἔχει
2631 1803 3023 1874 εἰκονισθῆναι.
3064 1802 3163 1870 τῆς
3215 1803 3343 1872 μιᾶς
3374 1801 3594 1870 φύσεως
3630 1798 3715 1869 μὴ

2133 1899 2659 1971 περιγραφομένης;
2708 1914 2728 1948 ι
2764 1894 2977 1948 Οὐκοῦν
3007 1895 3042 1964 η
3073 1895 3238 1964 ἑτέρα
3281 1891 3714 1964 περιγράφεται.

2133 1993 2230 2054 Ei;
2293 1989 2452 2044 τοῦτο
2521 1989 2631 2059 γὰρ
2690 1987 2854 2041 αὐτὸν
2927 1988 2962 2056 η
3033 1984 3539 2056 πολυπραγμοσύνη
3617 1979 3718 2034 τοῦ

2133 2083 2294 2151 λόγου
2328 2078 2770 2151 περιαγαγοῦσα,
2805 2078 2904 2132 καὶ
2962 2076 3040 2148 μὴ
3075 2075 3403 2147 βουλόμενον
3445 2074 3516 2128 τὰ
3563 2072 3722 2138 παρὰ

2133 2172 2358 2244 γνώμην
2391 2171 2729 2242 φθέγξασθαι
2760 2169 3205 2240 κατηνάγκασεν.
3249 2165 3436 2230 Οὕτως
3475 2164 3582 2218 ὑπὸ
3603 2163 3710 2234 τῆς

2135 2265 2391 2334 ἀληθείας
2425 2264 2594 2333 αὐτῆς
2621 2261 2945 2332 ἀγχόμενος,
2991 2259 3190 2330 μικρὸν
3225 2275 3279 2311 τι
3311 2256 3418 2313 τῶν
3471 2256 3704 2311 δεόντων

2135 2356 2331 2429 γρύξαι
2353 2355 2448 2408 καὶ
2475 2355 2759 2424 ἁπηχῆσαι
2785 2351 3148 2422 κατεϐιάσθη,
3170 2352 3309 2422 ὅπερ
3333 2349 3437 2412 ἕως
3465 2346 3564 2400 τοῦ
3587 2345 3716 2410 νῦν,

2136 2446 2374 2516 οὐδαμοῦ
2431 2444 2806 2514 φθεγξάμενος
2854 2439 3035 2514 ὤφθη.
3097 2440 3536 2508 ’Δποσφάλλεται
3584 2436 3724 2506 γοῦν

2137 2540 2218 2602 είς
2244 2538 2312 2590 τὰ
2345 2537 2556 2606 καίρια,
2605 2535 2701 2588 καὶ
2756 2533 3142 2588 διαπέπτωκεν
3175 2531 3340 2586 αὐτοῦ
3403 2531 3464 2584 τὸ
3507 2529 3718 2598 δόγμα.

2139 2627 2244 2682 Δύο
2278 2629 2386 2698 γὰρ
2419 2625 2570 2697 αύτῷ
2606 2625 2824 2695 φύσεων
2854 2624 3238 2696 προκειμένων
3268 2623 3346 2693 τῷ
3395 2621 3559 2691 λόγῳ.
3590 2619 3727 2674 τού-

2136 2736 2246 2773 των
2289 2717 2350 2772 δὲ
2381 2717 2481 2788 τὴν
2533 2717 2664 2789 μίαν
2707 2717 3026 2786 ἀπεφήνατο
3081 2714 3274 2783 σαφῶς
3314 2713 3390 2784 μὴ
3445 2727 3728 2781 περιγρα-

2141 2810 2381 2882 φομένην
2401 2823 2414 2837 ⁸
2445 2808 2694 2862 λείπεται
2722 2808 2831 2878 ἄρα
2876 2806 2975 2876 τὴν
3008 2805 3204 2874 ἑτέραν
3231 2801 3730 2873 περιγραφομένην

2141 2901 2235 2955 καὶ
2252 2901 2352 2953 οὐκ
2379 2898 2578 2952 ὲθέλων
2606 2896 2954 2970 διακηρύξαι.
2985 2895 3082 2958 Τίς
3108 2893 3220 2965 γὰρ
3237 2893 3346 2946 τῶν
3378 2889 3731 2960 σωφρονούνο

465 3004 566 3059 bus
596 2979 759 3053 unum
789 3010 910 3052 esse
937 2995 1202 3066 ignotum,
1239 3006 1346 3044 non
1374 2988 1534 3044 simul
1563 2999 1788 3058 prorsus
1839 2984 2039 3037 fatetur

2145 3008 2250 3045 των
2273 2991 2416 3044 δυοῖν
2447 2987 2760 3061 ἀνθρώπων
2796 2987 2890 3041 τὸν
2919 2987 3110 3058 ἕτερον
3146 2981 3369 3054 ἀγνῶτα
3404 2979 3596 3042 εἰπὼν,
3643 2979 3732 3050 μὴ

467 3095 698 3150 alterum
735 3102 857 3144 esse
900 3085 1222 3156 cognitum?
1277 3081 1428 3137 Risui
1475 3089 1602 3136 sunt
1636 3093 1768 3150 ergo
1801 3075 2039 3148 pueriles

2145 3085 2374 3154 θάτερον
2421 3060 2585 3144 εὐθὺς
2631 3079 2978 3151 ἐγνωσμένον
3011 3080 3075 3132 ὲκ
3136 3075 3339 3140 παντὸς
3383 3071 3728 3142 ὀνομάσειες

469 3185 586 3257 ejus
612 3179 882 3253 cogitatus
907 3185 961 3232 et
983 3172 1358 3249 glbriationes.
1396 3175 1467 3225 At
1515 3171 1660 3224 enim
1717 3169 1856 3222 hanc
1917 3164 2042 3218 reli-

469 3254 630 3346 quam
651 3278 856 3340 partem
878 3267 1115 3332 reticuit,
1135 3278 1296 3335 quam
1314 3272 1493 3316 tamen
1521 3259 1722 3314 addere
1743 3254 2039 3314 debuisset.

471 3345 575 3422 Sed
607 3377 712 3417 non
743 3360 926 3428 audet,
965 3374 1034 3414 ne
1079 3355 1336 3427 cogitatio
1369 3368 1464 3410 sua
1492 3353 1571 3406 vel
1613 3353 1792 3421 potius
1841 3345 2044 3418 incogi-

473 3453 644 3508 tantia
671 3458 1026 3520 coarguatur.
1085 3443 1293 3500 Stravit
1325 3443 1492 3500 etiam
1541 3441 1634 3504 iis,
1669 3437 1761 3508 qui
1817 3446 2044 3490 natura-

474 3560 592 3599 rum
627 3541 994 3598 differentiam
1050 3552 1158 3594 non
1211 3541 1538 3605 agnoscunt,
1595 3531 1736 3586 viam
1773 3524 2043 3582 inferendi

475 3645 721 3690 naturam
789 3631 1016 3686 alteram
1067 3641 1190 3684 esse
1238 3622 1745 3694 circumscriptam;
1801 3628 1858 3674 et
1901 3616 2043 3688 quod

473 3739 618 3792 saepe
650 3723 939 3781 vitaverat.
976 3734 1120 3774 nunc
1145 3716 1565 3776 involuntariam
1597 3711 1904 3769 subindicat
1927 3707 2044 3778 ejus

476 3816 552 3870 rei
580 3811 1002 3868 confessionem.
1043 3807 1088 3862 0
1129 3807 1414 3862 stultitiam
1473 3815 1635 3874 atque
1675 3797 2039 3856 dementiam!

476 3903 758 3974 Quomodo
791 3901 1013 3972 grandis
1045 3898 1132 3953 illa
1161 3897 1423 3969 sapientia
1453 3895 1652 3952 decidit
1675 3895 1728 3948 in
1751 3891 2043 3954 inscitiam,

473 4005 529 4051 et
559 3995 648 4049 hic
678 4007 710 4047 a
748 4006 976 4048 suorum
1026 4003 1340 4046 sermonum
1395 3986 1604 4040 malitia
1643 3985 2048 4038 circumventus

473 4088 688 4162 publice
743 4081 1036 4154 apparuit?
1111 4088 1168 4134 ut
1241 4078 1322 4135 sic
1397 4075 1652 4132 nimirum
1707 4087 1887 4142 pravae
1930 4067 2048 4138 ejus

475 4161 758 4238 Sententia:
784 4175 997 4230 falsitas
1023 4171 1182 4229 facile
1217 4169 1671 4240 deprehendatur,
1701 4175 1754 4219 et
1802 4161 2050 4217 veritatis

476 4275 566 4328 lux
600 4273 887 4326 reveletur.
923 4267 1028 4322 Cur
1053 4264 1107 4320 in
1141 4278 1238 4319 sua
1276 4261 1612 4316 dubitatione
1651 4272 1754 4312 nun
1796 4254 2044 4310 addidit:

2143 3175 2375 3229 Γελᾶται
2432 3173 2526 3228 οὖν
2566 3171 2732 3226 αὑτοῦ
2781 3172 2851 3226 τὰ
2906 3167 3246 3242 μειρακιώδη
3305 3167 3556 3237 νοήματα
3625 3165 3736 3218 καὶ

2145 3267 2544 3338 κομπάσματα.
2638 3263 2800 3317 Ἀλλὰ
2877 3262 3038 3315 τοῦτο
3117 3259 3216 3332 μὲν
3289 3255 3732 3326 ἀπεσιώπησεν·

2144 3361 2253 3414 ἔδει
2278 3358 2388 3430 γὰρ
2419 3359 2581 3412 αὑτὸν
2620 3355 2938 3427 προσθεῖναι
2972 3355 3068 3407 καὶ
3094 3353 3154 3406 τδ
3197 3349 3544 3420 λειπόμενον.
3573 3345 3735 3398 Ἀλλ’

2143 3452 2204 3506 οὑ
2236 3451 2431 3520 τολμᾷ,
2461 3449 2551 3503 ἵνα
2587 3447 2661 3520 μὴ
2690 3446 2922 3518 ἐλεγχθῇ
2954 3444 3121 3500 αὐτοῦ
3177 3445 3212 3516 ἡ
3243 3441 3478 3504 ἐπίνοια,
3516 3437 3736 3511 μᾶλλον

2143 3541 2199 3594 δὲ
2235 3543 2268 3611 ὴ
2300 3539 2593 3610 παράνοια.
2628 3537 2838 3591 Δέδωκε
2872 3541 2968 3589 καὶ
3006 3537 3120 3598 τοῖς
3153 3533 3230 3606 μὴ
3259 3532 3424 3586 εἰδόσι
3473 3531 3576 3602 τὴν
3599 3529 3732 3583 δια-

2147 3631 2319 3702 φορὰν
2341 3630 2451 3683 τῶν
2479 3630 2716 3700 φύσεων,
2752 3627 2988 3699 πάροδον
3023 3625 3165 3680 ὥστε
3203 3625 3303 3695 τὴν
3339 3625 3532 3694 ἑτέραν
3565 3637 3740 3691 περι-

2145 3721 2500 3794 γραφομένην
2525 3719 2873 3790 είοάγεσθαιο
2914 3719 3010 3772 καὶ
3055 3717 3085 3770 ὃ
3133 3716 3395 3780 πολλάκις
3440 3715 3739 3782 διέφυγεν,

2146 3818 2398 3874 ἀκούσιον
2428 3815 2664 3870 ἐνταῦθα
2695 3813 2886 3869 τούτου
2917 3813 3013 3886 τὴν
3044 3809 3339 3884 δμολογίαν
3386 3808 3728 3882 ὑπῃνίξατο.

2152 3911 2218 3966 Ὢ
2253 3909 2352 3979 τῆς
2417 3906 2894 3979 ματαιοφροσύνης
2922 3905 3018 3958 καὶ
3058 3900 3395 3973 παρανοίαςί
3421 3900 3543 3964 Πῶς
3568 3915 3747 3968 περι-

2148 4001 2453 4072 τέτραπται
2489 3995 2562 4051 τά
2588 3995 2690 4068 τῆς
2721 3995 2922 4056 πολλῆς
2951 3993 3147 4060 σοφίας
3171 3992 3251 4056 είς
3281 3991 3341 4044 τδ
3361 3989 3593 4060 ⁴ἡλίοιον,
3635 3987 3751 4042 καὶ

2150 4095 2208 4146 ἐν
2244 4093 2314 4161 τῇ
2355 4087 2666 4160 πανουργίᾳ
2714 4087 2821 4140 τῶν
2871 4083 3088 4138 οἰκείων
3120 4084 3295 4151 λόγων
3348 4078 3754 4150 συμπεριελή-

2151 4184 2262 4254 φθη
2295 4177 2975 4254 παραδειγματιξόμενος;
3013 4175 3102 4228 ἵνα
3142 4175 3204 4228 τὸ
3243 4171 3442 4243 ψεῦδος
3469 4167 3754 4241 εὐφώρα-

2151 4291 2245 4328 τον
2307 4272 2534 4342 γένηται
2577 4269 2680 4340 τῆς
2731 4269 2945 4323 ἐκείνου
2977 4264 3317 4331 κακοδοξίας,
3352 4263 3448 4316 καὶ
3501 4261 3566 4314 τὸ
3611 4261 3756 4328 φῶς

475 4363 759 4432 Quomodo
786 4359 1039 4416 Christus
1077 4355 1188 4427 pati
1214 4355 1410 4424 potuit,
1451 4367 1572 4406 cum
1615 4351 1667 4436 in
1696 4363 1802 4403 una
1833 4363 1899 4401 ex
1929 4345 2039 4415 ejus

2149 4365 2247 4436 τῆς
2271 4362 2534 4433 ἀληθείας
2565 4359 2961 4430 ὲκκαλυφθείη.
2993 4358 3060 4412 Τί
3092 4357 3156 4428 δή
3189 4373 3320 4410 ποτε
3346 4355 3405 4409 δὲ
3442 4353 3518 4426 μὴ
3558 4369 3759 4424 προσ-

481 4455 688 4510 naturis
712 4467 817 4507 non
869 4450 941 4504 sit
983 4443 1296 4516 passibilis?
1347 4442 1428 4497 vel
1482 4427 1751 4510 quomodo
1799 4446 2045 4491 mortuus

477 4546 597 4602 est?
635 4541 904 4614 quomodo
937 4539 991 4594 in
1020 4536 1266 4606 sepulcro
1309 4533 1540 4604 positus,
1576 4545 1698 4586 cum
1724 4543 1826 4582 una
1857 4542 1922 4582 ex
1965 4527 2050 4581 his

481 4621 828 4696 naturismou
850 4631 920 4688 sit
956 4626 1200 4684 mortalis
1241 4640 1418 4695 neque
1461 4620 1914 4690 circumscripta?

557 4817 750 4874 Verum
782 4817 890 4883 ille,
916 4815 1000 4871 his
1019 4811 1258 4874 omissis,
1292 4808 1358 4863 ad
1381 4807 1538 4861 aliam
1558 4805 1821 4860 orationis
1847 4812 2050 4875 partem

483 4909 681 4980 pergit,
718 4908 1076 4975 producitque
1121 4905 1174 4959 in
1225 4901 1460 4958 medium
1492 4913 1684 4969 panem
1742 4913 1807 4951 ac
1845 4898 2051 4960 vinum,

485 5014 604 5071 quae
629 4998 828 5054 divinis
859 4996 1186 5051 adhibentur
1213 4993 1506 5066 mysteriis,
1558 4992 1742 5057 aitque
1779 5007 1793 5044 :
1837 5008 1856 5042 ι
1895 4987 2054 5044 Chri-

484 5103 600 5150 stus
629 5087 930 5146 divinitatis
967 5101 1080 5143 suae
1106 5087 1159 5144 vi
1189 5095 1418 5141 mortem
1443 5083 1716 5154 prepriam
1753 5079 2055 5152 praevidens

485 5198 548 5239 ac
577 5179 1030 5238 resurrectionem
1094 5185 1149 5231 et
1201 5177 1257 5230 in
1306 5176 1470 5231 caelos
1513 5176 1767 5241 reditum,
1806 5183 1972 5242 atque
2001 5182 2057 5227 ut

487 5268 805 5328 memoriale
835 5264 1229 5321 incarnationis
1282 5277 1393 5318 suae
1425 5263 1514 5316 diu
1575 5273 1842 5332 noctuque
1889 5262 2056 5318 habe-

486 5377 670 5418 remus
695 5359 785 5430 qni
821 5359 875 5413 in
909 5370 1034 5412 cum
1066 5353 1420 5408 credidin'ius.
1486 5369 1504 5403 ι
1543 5351 1735 5406 Nonne
1787 5369 1913 5406 ιρι-ο
1947 5353 2059 5406 haec

489 5455 760 5522 prioribus
837 5460 964 5510 sunt
1023 5443 1437 5518 insipientium?
1487 5445 1750 5512 siquidem
1816 5455 2058 5498 nontam

491 5544 632 5600 illius
684 5547 1018 5617 impietatem
1071 5539 1413 5611 pervulgarit,
1446 5552 1606 5602 quam
1659 5539 1929 5592 vesaniam
1973 5548 2060 5591 at-

491 5649 594 5702 que
615 5637 980 5695 dementiam:
1017 5651 1138 5691 nam
1169 5646 1266 5688 uec
1299 5647 1418 5700 qua:
1439 5630 1589 5693 dicit,
1627 5645 1725 5684 nec
1759 5632 1822 5684 de
1864 5632 2059 5701 quibus

2152 4456 2364 4514 τέθεικε
2417 4453 2716 4525 διαπορῶν,
2776 4452 2861 4506 ὅτι
2912 4451 3032 4514 πῶς
3089 4449 3287 4503 παθεῖν
3326 4445 3474 4517 ἅπερ
3522 4444 3762 4498 ἔπαθεν

2150 4547 2376 4620 ἧμελλε,
2406 4546 2506 4615 τῆς
2543 4541 2722 4616 [μιᾶς]
2757 4542 2974 4612 φύσεως
3009 4542 3086 4613 μὴ
3143 4539 3312 4610 οὔσης
3363 4535 3625 4606 παθητῆς
3655 4553 3675 4600 ;
3719 4536 3762 4606 ἢ

2149 4639 2232 4692 ὅτι
2270 4637 2388 4699 πῶς
2412 4635 2661 4705 τέθνηκε.
2695 4632 2813 4696 πῶς
2840 4633 2898 4685 ὲν
2943 4629 3196 4702 μνημείῳ
3223 4629 3597 4700 περιεῖρκται,
3637 4626 3770 4694 τῆς

2155 4728 2283 4798 μιᾶς
2305 4725 2517 4795 φύσεως
2549 4727 2685 4796 μῇτε
2713 4721 3052 4794 θνησκούσης
3077 4722 3214 4793 μήτε
3240 4738 3305 4772 πε
3316 4716 3724 4790 ριειργομένης
3743 4734 3766 4781 ;

2227 4817 2374 4887 Πλὴν
2402 4815 2579 4870 ταῦτα
2607 4813 2782 4868 λιπὼν
2813 4812 3084 4877 ἐντεῦθεν,
3113 4813 3200 4882 ἐφ’
3243 4811 3432 4879 ἕτερον
3467 4806 3770 4878 μετέρχε-

2153 4926 2242 4962 ται
2261 4909 2442 4976 λόγον,
2475 4909 2568 4961 καί⁸
2619 4908 2744 4976 ἄγει
2781 4907 2863 4968 είς
2917 4903 3085 4974 μέσον
3133 4902 3226 4956 τὸν
3272 4901 3436 4972 ἄρτον
3494 4899 3594 4954 καὶ
3649 4900 3772 4952 τὸν

2154 4996 2319 5063 οἶνον.
2350 5000 2494 5071 άπερ
2527 5000 2606 5062 είς
2635 4999 2702 5052 τὰ
2731 4997 2854 5051 θεῖα
2893 4995 3388 5066 παραλαμϐάνεται
3428 4990 3778 5062 μυστήρια,

2157 5089 2248 5142 καί
2304 5105 2494 5156 φησιν,
2525 5089 2608 5140 ὅτι
2652 5106 2670 5139 ι
2728 5084 2886 5140 Κατὰ
2933 5085 3034 5156 τὴν
3083 5084 3317 5156 θεότητα
3359 5081 3549 5148 αὐτοῦ,
3603 5098 3784 5154 προ.

2157 5174 2319 5242 γνοὺς
2347 5175 2436 5228 τὸν
2497 5173 2725 5228 θάνατον
2771 5173 2866 5227 καὶ
2916 5173 3014 5243 τὴν
3049 5173 3348 5226 ἀνάστασιν
3403 5171 3599 5234 αὑτοῦ,
3643 5174 3778 5227 καὶ

2157 5266 2257 5336 τὴν
2290 5269 2370 5329 είς
2393 5265 2658 5336 οὐρανοὺς
2688 5265 2899 5330 ἄνοδον,
2925 5264 3021 5317 καὶ
3044 5264 3132 5318 ἵνα
3169 5263 3228 5317 τὸ
3255 5264 3610 5334 μνημόσυνον
3646 5265 3789 5333 τῆς

2161 5357 2628 5428 ὲνανθρωπήσεως
2649 5355 2812 5412 αὑτοῦ
2859 5355 3130 5434 διηνεκῶςδ
3151 5355 3367 5426 ἔχωμεν
3414 5356 3462 5406 ot
3509 5356 3788 5408 πιστεύο

2163 5467 2356 5514 σαντες
2385 5452 2465 5513 εἰς
2499 5450 2682 5514 αὐτὸν,
2729 5448 2904 5503 νύκτα
2938 5449 3034 5504 καὶ
3061 5449 3297 5519 ἡμέραν.
3336 5465 3354 5497 i
3385 5439 3535 5513 Ἀρα
3563 5445 3796 5504 ταῦτα

2162 5540 2282 5610 οὐχὶ
2313 5541 2426 5592 τῶν
2453 5541 2647 5610 πρώην
2685 5537 3106 5610 ἀσυνετώτερεις
3147 5539 3208 5592 οὐ
3232 5537 3342 5607 γάρ
3387 5535 3452 5606 δὴ
3484 5535 3798 5592 τοσοῦτον

2163 5629 2262 5699 τὴν
2309 5629 2566 5684 ἀσέϐειαν
2621 5629 2929 5702 στηλιτεύει
3004 5631 3102 5701 τὴν
3166 5628 3398 5691 ἐκείνου,
3456 5624 3584 5680 ὅσον
3660 5628 3800 5699 τὴν
