3952 6202
255 283 353 348 333

951 246 1578 337 ANTIRRHETlCUS
1614 273 1678 333 II
1712 274 1817 333 AD‘

1925 272 2519 335 CONST‘ANTINUM
2564 273 2780 335 COPR.

3386 216 3587 336 τιδι’

253 391 633 466 παραπληξίαν
658 391 755 446 καὶ
796 388 1020 444 ἄνοιαν·
1051 387 1177 442 οὔτε
1212 388 1322 459 γὰρ
1376 388 1413 443 ἃ
1461 388 1638 455 λέγει,
1674 386 1817 459 ⁵οὔτε

1923 386 2190 450 allirmat,
2248 388 2371 442 scit.
2433 386 2571 453 Quid
2625 402 2760 456 ergo
2817 364 3107 443 dicendum
3162 393 3248 440 est
3293 386 3496 441 2Chri-

251 484 373 554 περὶ
418 475 494 537 ὧν
553 479 968 536 διαϐεϐαιοῦται
1014 480 1326 533 ἐπίσταται.
1386 478 1453 531 Τί
1505 475 1599 532 οὖν
1647 481 1824 532 εἰπεῖν

248 571 430 637 tactv;
471 569 537 623 Ἦ
587 567 684 622 τοῦ
740 566 983 640 Χριστοῦ
1022 565 1208 634 είκὼν,
1258 566 1410 628 τινὸς
1469 565 1822 635 μνημόσυνον

249 662 423 734 φέρει,
453 661 489 732 ἢ
520 661 677 732 οὐχί;
724 660 924 729 Σαφῶς
956 657 1115 721 εἰδὼς
1142 659 1225 711 ὅτι
1251 656 1445 711 τοῦτον
1475 657 1609 727 ἡμῖν
1647 656 1823 726 ἐμφα-

246 754 404 833 νίζει,
450 753 663 825 μέμηνε
712 752 837 806 κατ’
898 749 1088 822 αὐτῆς,
1141 750 1237 803 καὶ
1269 748 1413 803 κατὰ
1442 747 1681 818 Χριστοῦ
1729 748 1824 801 καλ⁸

245 844 339 914 τῆς
398 842 637 915 Χριστοῦ
690 842 1062 912 κληρονομίας
1117 840 1562 911 ὲπιλελύττηκεν.
1603 838 1822 909 Ἐπειδὴ

244 935 350 1005 γὰρ
384 935 558 1006 βαρὺς
579 934 731 1006 αὐτῷ
769 930 841 1006 ἦν
881 937 974 989 καὶ
1013 936 1072 987 ὲν
1118 933 1288 988 είκόνι
1337 931 1691 1003 βλεπόμενος,
1720 931 1824 984 οὐκ

246 1028 441 1098 ὲνῆγεν
484 1027 651 1083 αὐτὸν
695 1028 777 1090 είς
831 1026 1143 1096 ὑπόμνησιν
1196 1024 1292 1077 τοῦ
1341 1022 1581 1094 Χριστοῦ
1638 1025 1672 1094 ἡ
1724 1020 1820 1075 τοῦ

245 1120 508 1190 ὀνόματος
550 1120 854 1189 ἐπιγραφή.
884 1119 1005 1172 Τίνι
1043 1118 1154 1189 γὰρ
1200 1118 1389 1188 τρόπῳ
1414 1115 1689 1187 ὠργίζετο
1723 1117 1822 1170 καὶ

244 1211 521 1282 qudam;
551 1211 625 1264 Ἠ
656 1212 738 1264 ὅτι
764 1210 1001 1282 Χριστὸς
1030 1209 1202 1280 ὄνομα
1230 1208 1403 1279 ταύτῃ
1430 1207 1769 1262 ἐπιτέθειται
1798 1226 1813 1275 ;

250 1304 385 1373 οὐχὶ
412 1303 516 1374 τὴν
561 1303 843 1372 σάρκωσιν
896 1300 1061 1355 αὑτοῦ
1095 1301 1190 1354 καλ⁵
1229 1299 1298 1353 τὰ
1331 1299 1505 1368 πάθη,
1555 1300 1699 1369 ἆπερ
1743 1298 1820 1362 ὡς

250 1394 550 1463 ἄνθρωπος
584 1395 726 1464 ὑπὲρ
751 1392 912 1462 ἡμῶν
965 1392 1311 1456 κατεδέξατο,
1378 1392 1434 1443 αἱ
1472 1390 1820 1461 ἱερογραφίαι

252 1477 416 1537 αὗται
439 1482 873 1551 ὑπαγορεύουσιν
896 1496 911 1546 ;
935 1480 1010 1533 Οὐ
1041 1481 1136 1534 τὸν
1161 1479 1390 1549 σταυρὸν
1420 1479 1515 1531 καὶ
1543 1477 1635 1531 τὸν
1665 1477 1823 1534 θάνα-

244 1590 330 1626 τον
382 1576 479 1626 καὶ
532 1573 630 1644 τὴν
692 1573 1024 1639 divisuset;
1070 1571 1131 1625 οὐ
1180 1570 1250 1624 τὰ
1299 1570 1554 1641 θαύματα
1609 1571 1705 1624 καὶ
1746 1570 1820 1624 τὰ

243 1663 525 1733 τεράστια,
554 1663 700 1736 ἅπερ
741 1664 819 1727 ὡς
863 1663 999 1727 Θεὸς
1049 1661 1297 1733 ἔδρασεν,
1348 1662 1479 1733 ἡμῖν
1528 1661 1823 1732 διασημαί-

1925 475 1994 528 sti
2051 475 2216 541 icon,
2295 476 2555 545 inquam,
2614 475 2915 554 alicujusne
2975 475 3293 533 memoriale
3358 488 3494 542 est,

1924 580 1992 619 an
2067 567 2262 621 secus?
2320 566 2517 639 Utique
2574 570 2663 624 hic
2730 569 2898 639 probe
2972 569 3152 624 sciens
3214 567 3495 624 Christum

1925 658 2080 713 nobis
2113 661 2180 715 ab
2223 660 2379 715 icone
2411 661 2801 724 demonstrari,
2878 662 3081 716 insanit
3136 662 3191 714 in
3230 661 3398 726 illam,
3446 646 3501 715 et

1924 750 2181 806 adversus
2210 751 2484 806 Christum
2513 752 2740 823 ejusque
2769 752 3145 807 hereditatem
3179 751 3330 808 furit.
3360 752 3497 820 Quia

1923 841 2069 894 enim
2109 843 2293 912 gravis
2344 852 2429 897 est
2481 842 2559 897 illi
2612 844 2775 898 etiam
2828 843 2881 896 in
2942 843 3178 913 imagine
3223 854 3500 913 spectatus

1924 928 2197 996 Christus,
2231 946 2337 986 non
2408 932 2615 987 excitat
2674 932 2723 987 ei
2763 932 2969 988 Christi
3025 935 3342 989 memoriam
3399 951 3500 991 no-

1925 1022 2087 1077 minis
2130 1024 2443 1094 epigraphe.
2492 1023 2628 1079 Nam
2687 1040 2789 1080 cur
2842 1025 3098 1081 irascitur
3143 1037 3199 1082 et
3248 1028 3501 1083 resistit?

1923 1112 2059 1168 Num
2084 1116 2207 1183 quia
2237 1115 2441 1172 Christi
2464 1132 2661 1174 nomen
2688 1118 2828 1173 iconi
2854 1121 3499 1190 superponituriNonne

1924 1204 2358 1263 incarnationem
2411 1208 2529 1281 ejus
2584 1218 2641 1266 et
2679 1211 2977 1279 cruciatus,
3004 1226 3142 1281 quos
3195 1214 3273 1268 uti
3334 1214 3497 1270 homo

1926 1298 2098 1352 nostri
2168 1299 2342 1369 gratia
2395 1301 2651 1369 pertulit,
2719 1318 2888 1358 sacra:
2954 1302 3040 1358 hae
3111 1303 3499 1374 inscriptiones

1923 1391 2215 1444 enarrant?
2247 1389 2438 1446 Nonne
2466 1407 2703 1460 crucem,
2741 1409 2951 1460 necem,
2988 1396 3448 1451 resurrectionem
3473 1396 3499 1449 ?

1924 1494 2105 1536 nonne
2137 1482 2399 1538 miracula
2425 1495 2477 1540 et
2506 1485 2773 1554 prodigia,
2810 1501 2932 1556 qua:
2954 1494 3138 1554 utpote
3168 1486 3314 1541 Deus
3343 1486 3496 1549 fecit,

1924 1569 2080 1624 nobis
2127 1571 2484 1641 significant?
2518 1572 2714 1627 Verum
2750 1574 2868 1629 haec
2898 1573 3141 1630 refutare
3185 1576 3340 1629 futile
3370 1588 3495 1643 est;

1923 1670 1977 1713 et
2007 1670 2188 1717 tamen
2243 1664 2496 1730 reticere,
2529 1675 2749 1736 propter
2773 1665 2971 1721 stultos
2999 1666 3197 1722 nullius
3230 1668 3499 1723 momenti

244 1728 455 1819 voucw;
498 1728 838 1827 Ἆλλιίπρδς
891 1728 1190 1808 ταῦτακαὶ
1238 1728 1545 1822 ἀντιλέγειν
1589 1728 1816 1821 εἰκαῖον,

1924 1765 2031 1807 non
2062 1762 2166 1809 est.
2204 1754 2407 1810 Deinde
2437 1728 2589 1811 addit

244 1846 335 1898 καὶ
375 1848 594 1917 σιωπᾷν
615 1845 705 1899 διὰ
734 1846 862 1908 τοὺς
882 1845 1142 1914 ἀνοήτους
1162 1842 1265 1897 οὐκ
1317 1844 1816 1916 εὐκαταφρόνητον.

256 1936 487 2007 Έφεξῆς
521 1937 580 1990 δὲ
608 1938 828 2006 ἐπάγει·

316 2046 338 2079 α
417 2028 704 2081 Ἑκέλευσε
755 2028 870 2091 τοῖς
928 2027 1103 2096 ἁγίοις
1171 2027 1341 2084 αὐτοῦ
1402 2028 1678 2100 μαθηταῖς
1722 2028 1819 2082 καὶ

245 2119 559 2183 ἀποστόλοις
591 2118 928 2189 παραδοῦναι
966 2121 1034 2174 δι’
1067 2114 1130 2176 οὗ
1183 2121 1401 2193 ἠράσθη
1458 2122 1813 2194 πράγματος,

244 2208 412 2263 τύπον
436 2211 517 2273 είς
550 2210 711 2279 σῶμα
740 2210 912 2264 αὐτοῦ
933 2227 947 2242 ο
979 2210 1068 2265 ἴνα
1104 2211 1193 2266 διὰ
1220 2213 1320 2284 τῆς
1358 2212 1643 2284 ἱερατικῆς
1682 2213 1817 2266 ἁνα-

243 2300 445 2369 γωγῆς,
467 2300 574 2353 κᾶν
601 2302 652 2353 εί
686 2303 751 2355 ἐκ
785 2304 1021 2373 μετοχῆς
1054 2304 1150 2357 καί⁵
1179 2303 1328 2357 θέσει
1356 2303 1598 2375 γίνηται,
1633 2303 1816 2357 λάϐω-

244 2405 341 2459 μεν
408 2389 543 2443 αὐτὸ
593 2390 671 2454 ὡς
720 2393 930 2464 κυρίως
977 2393 1071 2447 καὶ¹
1126 2394 1341 2464 ἀληθῶς
1381 2394 1540 2465 σῶμα
1574 2394 1760 2448 αὑτοῦ.
1791 2412 1811 2445 ι

243 2479 432 2545 ὀπως
492 2483 595 2552 μὲν
637 2483 771 2554 περὶ
825 2484 921 2537 τοῦ
975 2484 1259 2556 Κυριακοῦ
1289 2484 1509 2549 ἐδόξαζε
1542 2484 1815 2554 σώματος,

238 2572 404 2635 αὑτός
443 2574 492 2626 τ’
529 2573 597 2628 ἂν
639 2574 804 2646 εἰδείη
854 2576 949 2629 καὶ
1006 2579 1056 2631 οί
1101 2577 1298 2647 ἐκείνῳ
1364 2575 1814 2647 μαθητευθέντες.

243 2662 438 2729 Ὅμως
466 2664 514 2717 δ’
537 2660 631 2718 οὖν
658 2666 793 2736 πρὸς
837 2666 907 2721 τὰ
943 2667 1216 2739 λεγόμενα
1247 2666 1393 2721 οὕτω
1420 2669 1586 2738 ἡμεῖς
1636 2670 1818 2721 ἀπαν-

236 2758 569 2827 τησόμεθαδ
610 2758 827 2831 Ἐπειδὴ
887 2760 1051 2815 τοῦτο
1097 2760 1126 2814 ὅ
1164 2760 1269 2831 ἔφη
1326 2761 1392 2814 ὲκ
1443 2762 1681 2831 μετοχῆς
1721 2761 1818 2814 καὶ

237 2845 391 2900 θέσει
444 2848 794 2919 τελούμενον,
849 2849 948 2903 διὰ
992 2848 1104 2920 τῆς
1153 2849 1451 2918 ἱερατικῆς
1503 2849 1817 2921 ἀναγωγῆς

236 2939 464 3007 κυρίως
491 2940 591 2993 καὶ
634 2940 873 3008 ἀληθῶς
919 2940 1024 2995 τοῦ
1074 2941 1333 3009 Χριστοῦ
1364 2939 1536 3010 σῶμα
1567 2941 1814 3010 γίνεται,

2002 2041 2021 2073 ι
2060 2021 2321 2093 Praecepit
2362 2025 2567 2079 sanctis
2605 2024 2883 2095 discipulis
2919 2026 3035 2081 suis
3070 2035 3234 2097 atque
3266 2037 3490 2098 aposto-

1921 2113 2007 2177 lis,
2040 2124 2098 2167 ut
2151 2113 2218 2168 de
2271 2130 2438 2182 opere
2473 2116 2748 2185 praecipuo
2776 2116 2979 2172 amoris
3032 2118 3137 2183 sui,
3197 2128 3380 2189 typum
3437 2121 3489 2174 in

1919 2220 2018 2260 suo
2066 2220 2305 2274 corpore
2340 2208 2636 2271 traderent,
2683 2218 2743 2260 ut
2801 2222 2899 2276 per
2948 2209 3290 2263 sacerdotale
3323 2211 3491 2265 mini-

1919 2296 2170 2362 sterium,
2217 2297 2427 2353 etiamsi
2486 2299 2902 2370 participatione
2935 2312 2992 2356 et
3040 2303 3333 2373 adoptione
3406 2304 3487 2368 lit.

1920 2388 2280 2456 suscipiamus
2299 2388 2471 2458 ipsum
2498 2395 2755 2458 tauquam
2784 2392 3002 2460 proprie
3024 2406 3258 2462 vereque
3292 2408 3491 2463 corpus

1919 2478 2055 2548 ejus.
2099 2499 2118 2531 ι
2164 2480 2302 2546 Quid
2344 2481 2408 2533 de
2445 2481 2725 2536 Dominico
2758 2483 2979 2552 quidem
3016 2499 3245 2555 corpore
3293 2486 3488 2541 existi-

1920 2579 2049 2633 met,
2084 2570 2197 2638 ipse
2233 2570 2410 2625 videat
2460 2580 2516 2625 et
2563 2571 2683 2641 ejus
2719 2572 2990 2644 discipuli.
3037 2575 3292 2631 Attamen
3327 2578 3490 2633 dictis

1920 2675 2020 2714 nos
2062 2661 2136 2714 ita
2193 2676 2563 2717 occurremus.
2606 2662 3051 2734 Quandoquidem
3087 2666 3190 2720 hoc
3223 2669 3366 2735 quod
3415 2671 3493 2725 ait

1921 2753 2339 2821 participatione
2368 2761 2424 2807 et
2452 2753 2744 2823 adoptione
2781 2756 2987 2824 perlici,
3026 2773 3119 2824 per
3159 2760 3492 2813 sacerdotale

1919 2843 2265 2896 ministerium
2289 2859 2403 2897 vere
2434 2843 2774 2913 absoluteque
2795 2845 2995 2901 Christi
3028 2864 3217 2917 corpus
3242 2851 3486 2921 efﬁcitur,

1920 2930 2091 3000 ipsius
2120 2932 2278 2986 Verbi
2312 2933 2590 3002 proprium
2622 2936 2878 3001 ;omniuo
2899 2936 3180 2994 confessus
3205 2950 3289 2994 est
3312 2941 3486 3009 ipsum

236 3030 392 3101 αὐτῷ
423 3029 502 3101 τῷ
538 3030 697 3100 Λόγῳ
728 3031 1123 3103 οἰκειούμενον,
1148 3032 1367 3097 πάντως
1408 3050 1512 3086 που
1547 3031 1813 3103 διωμολόο

1923 3022 2049 3077 illud
2078 3024 2190 3094 68
2228 3023 2418 3093 perlici
2470 3038 2667 3093 corpus
2714 3028 2858 3096 quod
2900 3042 2966 3081 ex
3035 3040 3224 3085 sancta
3272 3030 3492 3102 Virgine

233 3137 319 3189 γει
351 3120 559 3174 ταυτὸν
580 3121 777 3191 ἐκείνῳ
802 3123 1180 3177 ἀποτελεῖσθαι
1208 3123 1290 3195 τῷ
1322 3122 1557 3194 σώματι,
1590 3124 1728 3196 ὅπερ
1754 3125 1818 3177 ὲκ

232 3213 335 3281 τῆς
386 3212 559 3279 ἁγίας
591 3212 870 3284 Παρθένου
918 3214 1215 3284 πεφόρεκε.
1254 3214 1322 3268 Τί
1370 3215 1488 3267 ποτ’
1543 3214 1637 3267 οῦν
1697 3216 1816 3268 ἐστι

236 3302 403 3354 τοῦτο
436 3302 499 3354 τὸ
546 3301 706 3373 σῶμα
739 3302 877 3372 μετὰ
907 3303 1005 3373 τὴν
1032 3305 1314 3359 τελείωσιν
1361 3304 1456 3359 καὶ
1505 3304 1599 3358 τὸν
1654 3305 1814 3372 ἁγια-

238 3393 379 3460 σμόν
442 3392 729 3463 γινόμενον
753 3434 769 3459 ,
827 3392 1010 3464 ζητεῖν
1053 3395 1384 3465 ἐπάναγκες.
1429 3395 1817 3467 Περιγραπτδν

236 3477 349 3552 ἆρά
412 3484 596 3549 ἑστιν,
626 3484 660 3553 ἢ
710 3484 1162 3554 ἁπερίγραπτονς
1228 3485 1667 3559 Ἀπερίγραπτον
1715 3487 1816 3558 μὲν

233 3569 327 3627 οῦν
377 3573 563 3637 οὐδεὶς
599 3572 742 3629 οὕτω
779 3577 991 3646 φρενῶν
1033 3575 1138 3643 ἔξω
1195 3578 1290 3632 καὶ
1336 3577 1687 3643 ἀνούστατος,
1757 3578 1818 3642 ὃς

232 3665 518 3735 ὀνομάσαι
547 3666 873 3737 θαῤῥήσειεν
895 3683 909 3698 ο
964 3664 1117 3738 οἶμαι
1144 3668 1203 3721 δὲ
1245 3669 1381 3739 μηδ’.
1413 3670 1576 3724 αὐτὸν
1611 3670 1819 3725 ἐκεῖνόν

231 3770 371 3807 ποτε
413 3754 601 3821 φάναι.
634 3753 759 3818 Πῶς
786 3754 896 3826 γὰρ
923 3755 986 3808 τό
1027 3772 1090 3824 γε
1119 3756 1239 3810 κατ’
1263 3756 1579 3828 ὀφθαλμοὺς
1604 3758 1816 3828 ἀνθρώ-

232 3860 354 3896 πων
406 3842 682 3913 αἰσθητῶς
747 3844 1155 3915 προτιθέμενον,
1205 3848 1299 3900 καὶ
1369 3849 1557 3918 χερσὶν
1609 3847 1820 3916 ἀνθρω-

231 3937 434 3998 πίναις
470 3934 911 4006 περιισχόμενον,
945 3938 1039 3990 καὶ
1065 3937 1296 3992 ὀδόντων
1327 3938 1460 3992 εἴσω
1488 3940 1818 3993 κατακλειό-

232 4041 432 4093 μενον,
459 4025 671 4078 ἐδεστόν
696 4042 756 4078 τε
784 4027 1103 4096 γινόμενονς
1133 4027 1321 4082 Ταῦτα
1357 4028 1466 4100 γὰρ
1497 4029 1551 4082 τί
1601 4030 1752 4096 ἄλλο,
1781 4030 1813 4100 ἢ

228 4114 627 4186 περιγραπτὸν
652 4116 785 4169 αὐτὸ
811 4117 875 4168 ἐκ
904 4116 1100 4180 παντὸς
1131 4112 1272 4171 εἶναι
1301 4117 1512 4188 βεϐαιοῖ
1557 4120 1650 4171 καὶ
1682 4137 1818 4190 παρ-

230 4207 505 4277 ίστησιν;
544 4207 607 4260 Et
635 4205 814 4260 τοίνυν
846 4208 1221 4280 περιγραπτδν
1256 4208 1415 4262 τοῦτό
1455 4211 1593 4275 ἐστι,
1617 4210 1827 4264 ταυτὸν.

224 4298 287 4352 δὲ
334 4296 546 4367 ἐκείνῳ
576 4297 655 4367 τῷ
696 4297 909 4368 σώματι
963 4299 1193 4367 γίνεται,
1238 4299 1268 4353 δ
1312 4301 1464 4372 παρὰ
1505 4302 1605 4371 τὴν
1638 4302 1815 4373 ἀρχὴν

1920 3118 2167 3184 sumpsit.
2208 3115 2345 3182 Quid
2386 3131 2519 3187 ergo
2550 3119 2623 3173 sit
2666 3133 2864 3189 corpus
2924 3122 3028 3175 hoc
3091 3133 3212 3190 post
3271 3137 3487 3178 sacrum

1921 3207 2283 3263 ministerium
2317 3216 2371 3263 et
2413 3209 2902 3266 sanctilicalionem
2932 3213 3203 3277 etl’ectum,
3242 3229 3490 3283 quaerere

1921 3313 2146 3355 necesse
2209 3310 2315 3366 est,
2365 3301 2908 3371 circumscriptumne
2965 3304 3038 3358 sit
3090 3321 3156 3358 an
3196 3305 3487 3359 incircum-

1920 3391 2225 3460 scriptum?
2292 3390 2829 3462 lncircutnscriptmn
2898 3393 3113 3462 quidem
3195 3408 3354 3449 nemo
3413 3396 3486 3448 ita

1919 3491 2100 3536 mente
2156 3483 2400 3552 dejectus
2443 3482 2813 3552 attonitusque
2864 3484 2995 3545 erit.
3046 3485 3139 3554 qui
3203 3487 3489 3540 umninare

1920 3571 2100 3638 ausit;
2158 3585 2257 3627 nec
2318 3573 2491 3642 ipsum
2524 3573 2747 3642 quidem
2786 3572 3086 3627 Mamonam
3133 3575 3182 3627 id
3249 3591 3485 3645 unquam

1920 3665 2193 3720 dicturum
2244 3674 2393 3733 puto.
2447 3664 2548 3732 Qui
2600 3665 2742 3719 enim
2803 3664 2910 3720 tale
2938 3680 3058 3720 esse
3090 3676 3288 3735 potest,
3338 3660 3482 3736 quod

1918 3753 2089 3807 oculis
2120 3751 2397 3807 hominum
2432 3752 2761 3807 sensibiliter
2804 3754 3112 3824 ohjectum,
3143 3763 3196 3809 et
3231 3755 3481 3811 humanis

1919 3846 2166 3899 manibus
2214 3854 2542 3914 porrectum,
2590 3853 2645 3900 et
2696 3845 2842 3899 intra
2898 3847 3089 3902 dentes
3142 3846 3483 3913 conclusum,

1917 3944 1970 3989 et
1998 3935 2156 3988 edule
2187 3934 2387 3990 factum
2411 3935 2531 3991 est?
2553 3934 2699 4001 Hrec,
2723 3936 2968 4008 inquam,
2999 3936 3127 4007 quid
3156 3937 3301 3994 aliud
3322 3954 3488 4008 quam

1920 4029 2090 4096 ipsum
2119 4040 2240 4083 esse
2270 4028 2742 4099 circumscriptum
2774 4030 2999 4084 omnino
3020 4027 3294 4085 allirmant
3324 4042 3490 4099 atque

1916 4118 2249 4174 ostendunt?
2282 4120 2337 4174 Si
2383 4135 2515 4189 ergo
2537 4121 2640 4175 hoc
2667 4121 3140 4190 circumscriptum
3182 4131 3286 4188 est,
3325 4122 3490 4177 idem-

1917 4220 2022 4275 que
2052 4213 2135 4260 est
2166 4206 2233 4260 ad
2287 4206 2418 4260 illud
2467 4208 2608 4276 quod
2668 4208 2825 4262 initio
2875 4210 3217 4291 incarnatum
3255 4209 3485 4265 Verbum

1917 4294 2229 4366 assumpsit,
2281 4296 2536 4368 quoniam
2590 4305 2644 4350 et
2690 4298 2756 4350 ad
2812 4298 2943 4351 illud
2991 4298 3247 4365 refertur,
3300 4301 3489 4369 utique

228 4388 622 4457 σαρκούμενος
666 4388 696 4440 ό
742 4388 916 4455 Λόγος
975 4388 1364 4459 προσείληφεν,
1408 4391 1532 4443 ἐπεὶ
1587 4393 1683 4445 καὶ
1726 4393 1813 4444 ἐπ’

1923 4387 2050 4442 illud
2083 4403 2299 4458 quoque
2323 4389 2797 4459 circumscriptum
2829 4389 2929 4445 fuit
2956 4408 2970 4457 ;
3007 4401 3062 4447 et
3094 4406 3488 4464 usquequaque

224 4479 378 4530 αὐτὸ
405 4477 517 4547 τὴν
536 4476 813 4548 ἀναφορὰν
845 4478 982 4549 ἔχει,
1011 4480 1393 4549 περιγραπτὸν
1419 4481 1530 4551 ἄρα
1562 4484 1810 4537 κὰκεῖνο’

225 4569 331 4620 καὶ
390 4569 678 4622 ἁλίσκεται
732 4570 878 4624 κατὰ
914 4570 1091 4625 πάντα
1139 4572 1318 4643 ἑαυτῷ
1380 4574 1813 4646 ἐναντιούμενος.

232 4658 313 4710 Ἦ
347 4658 466 4727 γὰρ
496 4658 594 4710 καὶ
625 4657 784 4711 τοῦτο
808 4659 1218 4730 ἀπερίγραπτον
1261 4661 1506 4727 δοξάζειν
1546 4663 1673 4727 ἔδει,
1731 4664 1818 4718 ἴνα

230 4751 316 4818 μὴ
354 4748 529 4818 μόνον
553 4748 623 4802 τὰ
647 4749 746 4819 τῆς
769 4751 1028 4813 ἀπιστίας
1066 4752 1160 4806 καὶ
1194 4752 1383 4818 ἁθεῖας
1415 4753 1583 4808 αὐτοῦ
1635 4755 1818 4809 τέλεον

223 4839 584 4909 διικνύηται,
634 4839 770 4893 ἀλλὰ
800 4841 896 4895 καὶ
944 4841 1118 4910 γέλως
1160 4844 1255 4897 καὶ
1292 4843 1456 4915 λῆρος
1495 4846 1564 4899 τὰ
1608 4846 1816 4900 ἐκείνου

222 4933 381 4984 πᾶσι
400 4930 687 5000 νομισθείη
717 4933 1063 5002 φρονήματα,
1096 4933 1372 5004 ἢκάκεῖνο
1408 4936 1626 5001 πάντως
1663 4954 1814 5010 περι-

358 5018 519 5072 πτόν.

358 5035 519 5072 πτον.

223 5035 387 5177 γρᾷ.
423 5110 539 5163 Καὶ
558 5109 733 5164 ταῦτα
765 5110 866 5180 μὲν
882 5111 1024 5165 οὕτω
1063 5111 1336 5182 δεδείχθω.
1373 5113 1438 5166 Τί
1466 5113 1522 5167 δὲ
1546 5114 1695 5185 αὐτῷ
1722 5118 1817 5171 καὶ

222 5201 433 5270 ιτερον
483 5200 594 5254 τῶν
648 5200 869 5256 ἀτόπων
926 5202 1176 5256 ἐντεῦθεν
1230 5204 1465 5274 ὑπήντα.
1524 5207 1818 5261 Βεόίασται

220 5295 373 5347 ὅσον
408 5296 477 5346 ὲκ
513 5293 623 5345 τῶν
663 5295 883 5348 οἰκείων
928 5294 1124 5363 λόγων,
1176 5296 1209 5366 ἦ
1264 5296 1817 5369 συμπεριγράφεσθαι

221 5383 331 5435 τὸν
366 5381 517 5435 θεῖον
556 5383 731 5451 Λόγον
779 5383 954 5454 τούτῳ
1007 5383 1086 5454 τῷ
1147 5386 1211 5438 ὲκ
1265 5387 1498 5457 μετοχῆς
1546 5388 1819 5459 γινομένῳ

224 5471 465 5542 σώματι
488 5472 694 5543 λέγειν,
731 5473 769 5545 ἢ
797 5473 1088 5546 διῃρῆσθαι
1116 5477 1212 5529 ἀπ’
1238 5476 1404 5529 αὐτοῦ
1429 5476 1518 5532 διὰ
1545 5478 1647 5549 τὴν
1691 5479 1819 5549 μίαν

224 5565 549 5617 ὑπόστασιν
566 5582 579 5594 ο
618 5564 762 5617 ὥστε
787 5568 910 5629 ταῖς
937 5566 1216 5636 ἀληθείαις
1245 5569 1365 5639 μηδ’
1386 5569 1637 5624 ὁπωσοῦν
1667 5571 1818 5641 αὐτῷ

219 5652 464 5710 ἐκεῖθεν
494 5653 771 5725 άγιασμοῦ
808 5658 1170 5726 μετεῖναικαὶ
1199 5659 1439 5730 χάριτος.
1477 5660 1541 5714 Τί
1586 5661 1641 5715 δὲ
1669 5662 1817 5734 αὐτῷ

1919 4479 2020 4532 sibi
2071 4480 2382 4535 contrarius
2433 4479 2712 4536 Mamonas
2766 4484 3208 4553 deprehenditur.
3248 4483 3345 4541 Vel
3385 4486 3487 4542 hoc

1918 4569 2050 4624 item
2105 4570 2639 4642 incircumscriptum
2696 4576 3051 4644 reputandum
3098 4585 3216 4643 est;
3263 4586 3319 4630 et
3364 4585 3478 4631 tum

1917 4658 2178 4715 Mamouaa
2197 4675 2302 4716 non
2338 4660 2514 4717 solum
2541 4663 2897 4719 incredulitas
2916 4674 3081 4732 atque
3108 4665 3486 4737 irreligiositas

1919 4749 2161 4820 apprime
2195 4753 2500 4822 apparebit,
2532 4767 2721 4807 verum
2758 4753 2922 4809 etiam
2960 4755 3099 4808 risui
3140 4770 3203 4811 ac
3250 4756 3488 4827 ludibrio

1920 4842 2129 4897 cunctis
2157 4852 2316 4898 erunt
2348 4842 2466 4912 ejus
2507 4846 2788 4916 opiniones
2823 4864 2836 4900 :
2870 4847 2955 4902 vel
2984 4857 3137 4901 certe
3174 4848 3303 4905 illud
3333 4865 3488 4923 teque

1920 4930 2391 5002 circumscriptum
2421 4934 2544 4991 fuit.
3407 4955 3412 4960 '

1989 5117 2043 5172 5.
2080 5116 2254 5187 Atque
2274 5118 2391 5173 haec
2426 5119 2495 5172 ita
2520 5120 2886 5175 demonstrata
2914 5132 3098 5179 sunto.
3124 5124 3229 5181 Sed
3258 5136 3315 5181 et
3341 5125 3484 5180 aliud

1920 5210 2215 5264 absurdum
2250 5210 2378 5265 hinc
2411 5211 2458 5264 ei
2484 5212 2724 5267 obvenit.
2750 5212 2971 5282 Cogitur
2999 5217 3277 5283 nimirum,
3312 5232 3487 5284 quan-

1922 5311 2033 5354 tum
2068 5296 2186 5369 ejus
2225 5301 2387 5355 verba
2428 5301 2632 5368 valent,
2669 5313 2763 5359 aut
2805 5290 2965 5361 simul
3005 5308 3482 5375 circumscriptum

1919 5388 2102 5445 dicere
2132 5391 2373 5446 divinant
2411 5391 2645 5450 Verbum
2682 5411 2806 5452 cum
2840 5400 2941 5453 hoc
2966 5413 3030 5453 ex
3063 5398 3484 5469 participatione

1920 5483 2065 5538 facto
2093 5498 2345 5554 corpore,
2379 5486 2466 5539 vel
2492 5487 2559 5542 ab
2588 5487 2678 5543 illo
2704 5498 2928 5559 propter
2970 5503 3132 5541 unam
3180 5488 3484 5559 hypotasim

1920 5573 2203 5639 dividere;
2245 5576 2315 5627 ita
2345 5585 2403 5628 ut
2434 5591 2628 5647 reapse
2679 5579 2812 5633 nihil
2844 5591 3072 5647 prorsus
3127 5578 3231 5632 hoc
3262 5578 3488 5647 partici-

1921 5672 2010 5730 pet
2038 5663 2489 5723 sanctiﬁcationis
2514 5677 2567 5723 ct
2614 5668 2821 5737 gratiae.
2874 5664 3011 5731 Quid
3054 5680 3217 5735 porro
3255 5666 3304 5723 ei
3345 5668 3491 5722 acci-
