3994 6198
407 257 516 324 335

1429 264 1494 326 s.
1536 260 1952 326 NICEPHORI
1990 262 2496 323 Immunem
2535 256 2646 326 cr.
2733 334 2739 339 _

3551 267 3657 334 336

405 372 519 433 det,
552 371 655 426 nisi
709 384 767 425 ut
807 372 964 442 panis
1007 375 1316 431 communis
1370 385 1576 430 tantum
1630 378 1854 446 vinique
1905 377 1975 430 sit

2080 375 2471 448 συμϐαίνειν,ῆ
2497 378 2656 448 μόνον
2681 377 2850 449 ἀρτου
2867 391 3048 431 κοινου
3078 377 3173 432 καὶ
3202 378 3351 433 οῐνου
3384 376 3654 451 μετόχειν,

411 463 707 531 particeps,
758 480 880 532 quae
927 465 1063 520 nihil
1117 468 1183 520 ab
1218 469 1469 521 humanis
1526 469 1779 522 edulibus
1825 466 1977 522 σεσε-

411 554 571 607 rant?
612 574 629 606 ι
668 553 734 606 Et
764 559 1013 625 quamvis
1042 556 1118 610 uti
1158 558 1445 626 imaginem
1492 557 1736 626 corporis
1776 555 1976 612 Christi

410 656 660 713 reputare
707 647 1077 709 voluerimus,
1144 648 1308 701 veluti
1379 663 1444 702 ex
1506 648 1598 703 illo
1655 648 1969 712 deductum,

411 738 676 793 habemus
711 739 887 806 ipsum
922 740 989 794 ad
1033 740 1257 806 figuram
1300 742 1548 810 corporis
1572 741 1704 809 eius.
1751 761 1771 793 ι
1826 739 1979 796 Sicut

409 831 463 883 in
510 830 882 898 superioribus
929 830 1111 885 aiebat
1160 832 1247 885 hic
1272 846 1535 886 erroneus
1569 834 1807 902 sapiens,
1865 833 1978 887 ico-

411 937 533 975 netu
568 937 631 977 ac
662 931 1001 992 prototypnm
1032 922 1165 977 nihil
1201 923 1341 977 inter
1360 940 1420 978 se
1453 922 1689 990 differre,
1722 925 1792 978 ita
1814 926 1976 981 etiam

411 1014 500 1068 hic
531 1014 582 1067 in
611 1014 798 1067 eadem
847 1014 1052 1068 versari
1090 1014 1347 1082 opinione
1387 1015 1753 1084 cognoscitur.
1795 1015 1975 1069 Mirari

409 1116 591 1158 autem
617 1105 667 1157 in
694 1090 778 1158 his
798 1103 925 1159 licet
946 1104 1221 1159 levitatem
1244 1113 1299 1159 et
1323 1106 1519 1160 mentis
1537 1105 1974 1169 inconstantiam,
2010 1129 2027 1137 -

407 1197 529 1263 quia
552 1197 601 1248 id
621 1196 759 1261 quod
796 1210 965 1264 nuper
982 1209 1215 1265 vereque
1240 1195 1442 1250 Christi
1466 1210 1661 1263 corpus
1677 1193 1976 1248 allirmabat

409 1303 468 1340 se
500 1288 741 1348 tredere,
768 1301 907 1340 nunc
942 1286 1081 1338 idem
1121 1301 1242 1341 esse
1278 1287 1470 1341 scribit
1492 1288 1739 1355 corporis
1770 1286 1974 1341 ChriSti

410 1379 721 1444 imaginem.
752 1375 923 1430 Porro
955 1376 1084 1444 quid
1138 1377 1309 1446 magis
1366 1375 1654 1431 ridiculum
1706 1377 1976 1431 rationive

416 1468 804 1539 rrpugttattlitts
824 1468 939 1521 lieri
978 1477 1173 1537 potest,
1194 1482 1354 1534 quam
1382 1467 1521 1522 idem
1557 1469 1734 1525 dicere
1762 1471 1976 1538 proprie

410 1574 643 1627 vereque
684 1573 878 1625 corpus
900 1572 1042 1621 esse,
1074 1557 1344 1627 simulque
1373 1556 1978 1629 ejusdetn-imaginem?

417 1649 527 1704 lloc
569 1658 747 1702 autem
778 1645 1296 1717 quontodo?Netnpe
1339 1658 1498 1717 prout
1534 1649 1688 1706 nobis
1720 1650 1963 1715 libuerit,

2080 467 2138 519 ὲν
2168 465 2361 537 μηδενί
2388 467 2498 520 τῶν
2525 471 2639 531 τοῖς
2668 467 2980 540 ἀνθρώποις
3006 468 3343 540 ἐσθιομένων
3370 470 3656 544 διαφερόνο

2076 572 2216 623 nov;
2258 576 2274 608 ι
2316 556 2425 611 Καὶ
2463 557 2567 611 κᾶν
2591 557 2666 621 ὡς
2691 559 2875 613 εἰκόνα
2892 557 2988 613 τοῦ
3016 557 3267 629 σώματος
3300 559 3465 614 αὐτοῦ
3491 561 3654 633 θελή-

2079 663 2260 716 σωμεν
2288 646 2611 716 λογίσασθαι
2640 647 2715 712 ὡς
2749 648 2811 715 ἐξ
2844 650 3058 704 ἐκείνου
3105 651 3416 720 παραχθὲν,
3448 651 3649 721 ἔχομεν

2076 736 2212 789 αὐτὸ
2247 738 2327 800 εἰς
2368 737 2653 808 μόρφωσιν
2694 736 2802 793 ¹τοῦ
2835 740 3088 810 σώματος
3133 741 3325 795 αὑτοῦ.
3361 760 3381 795 ι
3445 743 3657 814 Ὥσπερ

2076 827 2335 898 ἀνωτέρω
2382 828 2569 897 ἔλεγεν
2614 828 2977 900 ἀπατώμενος
3027 832 3056 883 ό
3091 831 3275 900 σοφὸς,
3328 832 3518 887 εἰκόνα
3560 836 3659 888 καὶ

2077 915 2435 986 πρωτότυπον
2464 919 2545 981 εἰς
2579 919 2747 990 μηδὲν
2783 919 3035 989 ἀλλήλων
3068 919 3351 991 διαφέρειν
3376 938 3386 948 ’
3411 919 3556 974 οὕτω
3584 922 3652 993 δὴ

2077 1009 2356 1064 κάνταῦθα
2405 1013 2537 1082 περὶ
2595 1012 2776 1065 αὐτῶν
2831 1013 3213 1082 ἀποφαίνεται.
3248 1015 3653 1084 Καταπλαγείη

2074 1096 2119 1150 δ’
2149 1098 2215 1152 ἀν
2258 1116 2342 1161 τις
2378 1100 2544 1154 αὑτοῦ
2579 1101 2673 1156 καὶ
2720 1104 2778 1155 ὲν
2806 1101 3016 1165 τούτοις
3046 1103 3109 1161 τὸ
3159 1105 3372 1169 ἀπαγὲς
3404 1103 3501 1157 τοῦ
3534 1105 3656 1169 νοὸς

2076 1191 2170 1242 καὶ
2203 1191 2537 1262 ἁστᾶθερον’
2570 1192 2652 1244 ὅτι
2684 1208 2746 1260 γε
2781 1193 2921 1263 ὅπερ
2956 1193 3062 1264 πρὸ
3090 1195 3289 1266 μικροῦ
3321 1198 3526 1265 κυρίως
3554 1197 3656 1250 καὶ

2075 1277 2293 1347 ἀληθῶς
2351 1280 2511 1349 σῶμα
2554 1281 2793 1349 Χριστοῦ
2825 1282 3191 1352 διισχυρίζετο
3222 1283 3543 1352 λαμϐάνειν,
3589 1285 3657 1337 τὸ

2075 1370 2207 1422 αὐτὸ
2236 1369 2331 1423 νῦν
2385 1370 2570 1423 εἰκόνα
2623 1370 2726 1442 ,τοῦ
2761 1371 3013 1442 σώματος
3062 1374 3230 1429 αὑτοῦ
3278 1376 3653 1446 καταγράφει.

2077 1456 2185 1510 Τοῦ
2214 1458 2271 1511 δὲ
2324 1459 2504 1527 λέγειν
2559 1460 2622 1513 τὸ
2681 1462 2814 1513 αὐτὸ
2853 1461 3055 1532 κυρίως
3091 1464 3183 1516 καὶ
3236 1463 3455 1535 ἀληθῶς
3489 1464 3654 1535 σῶμα

2077 1543 2238 1612 εἶναι,
2272 1551 2366 1601 καὶ
2412 1550 2596 1603 εἰκόνα
2630 1550 2796 1604 αὐτοῦ
2832 1548 2998 1615 εἶναι,
3032 1553 3085 1604 τί
3125 1553 3190 1607 ἂν
3228 1554 3310 1624 είη
3343 1556 3655 1623 καταγελα-

2078 1640 2331 1707 στότερον
2364 1639 2457 1691 καὶ
2487 1641 2866 1711 ἁνοητότερονς
2912 1642 3022 1696 Καὶ
3050 1643 3209 1697 τοῦτο
3248 1646 3396 1709 πῶς;
3438 1647 3468 1700 ὅ
3500 1663 3552 1699 τι
3584 1646 3656 1700 ἂν

416 1750 607 1793 cuncta
643 1738 851 1793 scilicet
894 1738 1151 1794 voluntati
1199 1739 1486 1809 stultwque
1530 1741 1784 1798 iubentia:
1830 1758 1962 1798 con-

2079 1727 2391 1799 θελήσωμεν
2406 1746 2418 1757 ·
2443 1731 2618 1783 πάνια
2638 1734 2702 1801 τῇ
2722 1710 2937 1803 θελήσει
2954 1733 3049 1785 καὶ
3068 1737 3132 1805 τῇ
3154 1737 3292 1806 ῥοπῇ
3310 1737 3406 1805 τῆς
3423 1738 3655 1807 ματαιό-

417 1834 639 1885 cedens.
678 1828 777 1885 Ubi
831 1830 977 1884 enim
1026 1829 1160 1885 ﬁdes
1214 1832 1536 1901 divitiusque
1569 1831 1730 1887 timor
1763 1833 1975 1889 radices

392 1939 524 1977 .uon
561 1932 810 1993 egerunt,
858 1922 932 1977 ibi
979 1922 1268 1978 voluntatis
1310 1922 1476 1976 libido
1511 1911 1972 1995 dontinatur'US).

380 2050 383 2055 -
417 2019 592 2084 Atque
626 2015 724 2068 hoc
772 2014 1055 2078 habemus,
1101 2014 1294 2082 inquit,
1330 2014 1395 2067 ad
1425 2013 1649 2083 ﬁguram
1682 2015 1799 2080 eius
1833 2015 1971 2085 (76),

410 2123 515 2159 non
593 2116 812 2175 propter
891 2105 1195 2168 veritatem,
1268 2105 1366 2159 sed
1437 2115 1597 2175 prout
1657 2106 1769 2174 ipse
1840 2106 1975 2160 deii-

411 2195 530 2248 nire
562 2192 813 2255 voluerit,
845 2193 959 2247 SiVH
988 2193 1063 2247 ita
1094 2208 1179 2248 res
1204 2209 1262 2249 se
1292 2193 1507 2259 habeat,
1545 2196 1659 2249 sive
1704 2210 1879 2249 secus.
1908 2197 1973 2249 At

408 2286 542 2339 enin
587 2301 679 2338 nos
709 2301 869 2354 neque
923 2280 1216 2355 imaginem
1258 2301 1419 2355 neque
1468 2285 1697 2355 ﬁguram
1743 2287 1975 2353 corporis

408 2380 520 2445 ejus
550 2376 659 2430 lucc
677 2377 925 2443 dicimus,
953 2377 1158 2430 etiamsi
1190 2376 1493 2446 symbolicis
1524 2377 1689 2446 signis
1715 2392 1976 2447 peragam

411 2479 518 2534 tur,
562 2468 653 2521 sed
702 2469 873 2537 ipsum
927 2464 1127 2520 Christi
1175 2475 1411 2535 eorpusi
1444 2467 1749 2533 dei/iculum
1782 2507 1797 2523 .
1848 2467 1977 2535 Ejus

409 2560 553 2614 enim
576 2560 736 2614 verba
760 2558 946 2614 sunt"
970 2575 983 2612 :
1009 2557 1130 2612 Nisi
1149 2559 1590 2613 manducaveritis
1616 2574 1825 2613 carnem
1846 2557 1976 2613 Filii

411 2650 662 2715 hominis,
692 2661 740 2703 et
796 2651 1025 2703 biberitis
1070 2650 1185 2717 ejus
1216 2650 1546 2720 sanguinem,
1589 2666 1690 2703 non
1721 2650 1975 2704 habebitis

416 2737 651 2791 vitantia
683 2736 848 2791 vobis.
895 2734 1042 2793 Idem
1079 2738 1179 2793 hoc
1208 2737 1375 2791 etiam
1409 2737 1690 2807 dist-ipulis
1729 2740 1976 2793 tradebat

411 2826 601 2879 dicens
651 2841 666 2878 :
720 2823 977 2892 Accipite,
1023 2823 1336 2878 manducate
1385 2841 1573 2894 corpus
1626 2842 1821 2890 meum,
1868 2844 1972 2881 non

410 2915 689 2984 imaginem
727 2915 963 2983 corporis
993 2915 1112 2967 mei.
1143 2914 1293 2968 Sicut
1325 2917 1467 2969 enim
1517 2930 1582 2970 ex
1615 2926 1804 2971 sancta
1851 2913 1970 2969 Vir-

410 3006 533 3076 gine
561 3018 803 3070 carnem,
825 3003 1027 3074 Spiritu
1051 3015 1237 3059 sancto
1259 3017 1520 3074 operante
1537 3046 1551 3069 ,
1584 3005 1686 3060 sibi
1704 3005 1972 3071 coniecit;
2002 3038 2048 3098 Β

409 3106 462 3150 ct
488 3095 532 3149 si
554 3102 768 3164 Oportet
796 3095 957 3148 etiam
990 3110 1056 3149 ex
1084 3094 1244 3151 rebus
1263 3094 1465 3150 nostris
1492 3097 1546 3151 id
1577 3098 1973 3163 demonstrare,

411 3188 549 3241 sicut
575 3186 734 3255 panis
772 3196 939 3256 atque
970 3186 1160 3241 viuum
1213 3196 1268 3243 et
1306 3202 1466 3257 aqua,
1499 3188 1721 3259 physice
1766 3187 1820 3242 itt
1853 3204 1974 3244 cor-

413 3294 512 3346 pus
531 3277 958 3347 sanguinemqne
991 3277 1202 3333 edentis
1247 3288 1412 3346 atque
1459 3278 1696 3334 bibentis
1742 3292 1977 3335 conver-

412 3381 618 3433 tuntur,
644 3369 771 3438 quin
804 3378 978 3422 tamen
1031 3369 1274 3423 dicamus
1301 3369 1577 3423 diversum
1615 3369 1731 3426 ﬁeri
1781 3385 1978 3438 corpus

413 3469 654 3511 nostrum
678 3472 741 3511 ac
760 3466 915 3511 antea
951 3465 1105 3523 erat;
1144 3455 1219 3510 ita
1271 3456 1437 3512 etiam
1494 3458 1607 3511 haec
1653 3468 1976 3525 supernatu-
2002 3498 2019 3507 -

414 3552 598 3604 r.tt.ter
617 3547 730 3620 69
757 3550 1042 3603 sacerdotis
1074 3549 1419 3615 invocatione,
1446 3558 1493 3603 et
1531 3551 1704 3604 sancti
1748 3547 1978 3618 Spiritus

418 3643 735 3706 interventu,
796 3640 849 3693 in
879 3635 1074 3697 Christi
1108 3655 1296 3708 corpus
1331 3649 1379 3694 et
1424 3640 1733 3710 sanguinem
1765 3656 1979 3696 conver-

416 3743 618 3785 tuntur.
674 3729 767 3784 Sic
803 3730 946 3786 enim
979 3732 1277 3786 sacerdotis
1322 3746 1535 3801 quoque
1581 3730 1769 3800 petitio
1803 3731 1980 3801 loqui-

416 3836 521 3877 tur.
552 3822 737 3890 Neque
772 3836 898 3875 vero
929 3820 1043 3875 haec
1067 3821 1174 3876 duo
1204 3835 1326 3876 esse
1351 3822 1669 3889 cogitamus,
1693 3820 1787 3875 sed
1814 3836 1978 3876 unum

416 3916 665 3982 idemque
690 3910 960 3966 credimus
986 3908 1100 3965 ﬁeri
1129 3926 1141 3961 :
1175 3910 1329 3976 Quod
1361 3911 1406 3963 si
1442 3910 1679 3979 antitypa
1725 3910 1860 3979 forte
1898 3910 1980 3964 di-

415 4012 628 4066 cuntur,
679 4016 740 4055 ea
760 4001 965 4069 quidem
1006 4000 1149 4053 haud
1179 4008 1296 4068 post
1326 3995 1803 4068 sancti/irationem
1854 4010 1978 4055 sunt

413 4092 674 4164 ejusmodi
693 4107 714 4158 ;
746 4092 835 4145 sed
862 4099 1141 4160 antequam
1188 4090 1674 4159 sunetiﬁcarentur,
1717 4091 1794 4145 ita
1827 4102 1979 4146 erant

415 4184 702 4254 appellata.
735 4182 1000 4249 Quoniam
1032 4185 1212 4251 itaque
1240 4183 1373 4236 dixit
1406 4179 1685 4237 Matnonas
1734 4197 1749 4234 :
1784 4166 1851 4236 Si
1875 4183 1981 4238 cir-

414 4274 850 4342 cutnsrripseris,
876 4270 1152 4328 Christum
1182 4273 1405 4340 dividis;
1438 4272 1713 4328 autetiam
1744 4270 1978 4328 Verbum
2006 4308 2011 4315 -

2073 1833 2237 1887 τητος
2277 1817 2643 1889 παραχωρῶν.
2700 1819 2871 1873 Ἔνθα
2900 1823 3009 1892 γὰρ
3035 1822 3222 1885 πίστις
3248 1823 3281 1893 ἢ
3314 1823 3459 1886 θεῖος
3485 1825 3655 1892 φόϐος

2073 1907 2175 1960 οὐκ
2219 1907 2518 1977 ἐνίδρυται,
2579 1909 2697 1961 ἐκεῖ
2756 1909 2818 1962 τὸ
2872 1912 3116 1983 ἐμπαθὲς
3170 1913 3502 1982 πρυτανεὺει
3539 1915 3642 1968 τοῦ

2075 1999 2401 2069 θελήματος.
2430 1992 2541 2053 Καὶ⁵
2567 2000 2726 2053 τοῦτο
2759 2002 2858 2071 μὲν
2882 1986 3102 2073 ἔχομεν,
3143 2005 3337 2075 φησὶν,
3377 2008 3456 2069 εἰς
3514 2007 3654 2078 μόρα

2075 2104 2250 2156 φωσιν
2278 2086 2468 2153 αὑτοῦ,
2492 2088 2552 2141 οὐ
2585 2088 2673 2142 διὰ
2701 2087 2799 2160 τὴν
2831 2089 3111 2160 ἀλήθειαν,
3145 2092 3259 2144 ἀλλ’
3305 2092 3379 2155 ὠς
3425 2093 3488 2146 ἂν
3525 2093 3655 2146 ἐθέ-

2076 2179 2156 2233 λοι
2207 2178 2513 2247 νομοθετῶν
2572 2180 2667 2231 καὶ
2712 2179 3078 2249 δογματίζων,
3119 2181 3219 2235 κᾶν
3272 2181 3370 2253 ἔχῃ
3426 2185 3649 2251 φύσεως

2075 2266 2218 2321 οὕτω
2273 2267 2336 2320 τὸ
2391 2268 2646 2349 πρᾶγμα,
2701 2268 2804 2322 κᾶν
2839 2271 2946 2339 μήθ
3003 2268 3203 2337 Ἡμεῖς
3234 2270 3349 2339 γὰρ
3407 2272 3546 2325 οὔτε
3574 2275 3656 2325 εἰ-

2075 2358 2227 2411 κόνα
2283 2358 2422 2411 οὔτε
2468 2358 2662 2411 τύπον
2708 2358 2815 2413 τοῦ
2873 2358 3148 2429 σώματος
3178 2360 3414 2415 ἐκείνου
3464 2361 3657 2416 ταῦτα

2074 2446 2351 2516 λέγομεν,
2397 2450 2449 2502 εί
2489 2448 2587 2501 καί
2637 2448 3018 2518 συμϐολικῶς
3075 2450 3451 2515 ἐπιτελεῖται,
3506 2451 3653 2505 ἀλλ’

2076 2538 2222 2591 αὐτὸ
2271 2540 2336 2592 τὸ
2398 2539 2572 2610 σῶμα
2630 2540 2737 2595 τοῦ
2770 2543 3027 2610 Χριστοῦ
3059 2543 3439 2613 τεθεωμένον.
3476 2541 3655 2596 Αὑτοῦ

2078 2629 2189 2701 γάρ
2245 2631 2393 2684 ἐστιν
2447 2633 2479 2703 ἡ
2525 2632 2679 2703 φωνὴ
2726 2632 3019 2700 λέγοντος,
3083 2634 3166 2688 ὅτι
3222 2635 3358 2687 Ἐὰν
3407 2633 3495 2704 μὴ
3540 2634 3658 2704 φά-

2078 2737 2219 2791 γητε
2295 2721 2410 2789 τὴν
2453 2722 2651 2790 σάρκα
2689 2723 2796 2778 τοῦ
2843 2725 2979 2779 Υίοῦ
3014 2724 3123 2779 τοῦ
3186 2724 3503 2793 ἀνθρώπου
3550 2727 3655 2780 καί

2078 2814 2250 2878 πίητε
2279 2813 2464 2867 αὐτοῦ
2490 2814 2558 2868 τὸ
2587 2810 2751 2884 αἷμα,
2773 2817 2883 2869 οὐκ
2917 2807 3085 2885 ἔχετε
3112 2816 3268 2885 ζωὴν
3295 2817 3366 2870 ὲν
3387 2816 3653 2883 ἑαυτοῖς.

2079 2902 2252 2955 Τοῦτο
2281 2905 2374 2955 καὶ
2420 2906 2535 2968 τοῖς
2590 2905 2860 2975 μαθηταῖς
2919 2906 3234 2978 παρεδίδου*
3265 2909 3505 2973 Λάϐετε,
3540 2909 3659 2977 φάο

2079 3012 2210 3064 τετε
2255 2994 2321 3048 τὸ
2361 2995 2531 3065 σῶμά
2577 3014 2717 3066 μου,
2764 2998 2961 3065 λέγων,
2987 3000 3137 3069 οὐχὶ,
3172 3001 3282 3072 Τὴν
3323 3001 3510 3054 εἰκόνα
3557 3001 3658 3055 τοῦ

2080 3087 2332 3158 σώματός
2364 3105 2486 3159 μου.
2541 3089 2629 3152 Ὠς
2672 3092 2783 3162 γὰρ
2814 3092 2880 3145 ὲκ
2924 3093 3022 3163 τῆς
3056 3094 3218 3161 ἀγίας
3244 3093 3521 3165 Παρθένου
3554 3095 3660 3166 τὴν

2080 3179 2261 3250 σάρκα
2292 3179 2378 3233 διὰ
2408 3179 2499 3233 τοῦ
2529 3181 2849 3251 Πνεῦματος
2883 3183 3040 3251 ἁγίου
3071 3185 3250 3254 ἑαυτῷ
3281 3186 3654 3255 ὑπεστήσατο’

2078 3273 2127 3324 εἰ
2154 3271 2259 3342 χρὴ
2300 3271 2356 3325 δὲ
2402 3271 2497 3325 καὶ
2539 3274 2605 3326 ὲκ
2656 3273 2764 3326 τῶν
2790 3273 2914 3328 καθ’
2963 3277 3112 3345 ἡμᾶς
3169 3275 3330 3329 τοῦτο
3376 3275 3649 3349 δηλῶσαι,

2077 3360 2316 3435 ὥσπερό
2351 3362 2520 3436 ἄρτος
2557 3364 2653 3419 καὶ⁵
2692 3365 2721 3417 ὁ
2770 3361 2916 3426 οῐνος
2969 3367 3066 3420 καὶ
3099 3366 3164 3420 τὸ
3207 3367 3372 3438 ὕδωρ,
3410 3369 3658 3436 φυσικῶς

2078 3454 2158 3516 είς
2181 3452 2340 3522 σῶμα
2366 3454 2462 3506 καὶ
2510 3447 2651 3523 αἷμα
2681 3454 2774 3507 τοῦ
2811 3454 3086 3519 ἐσθίοντος
3134 3456 3228 3510 καὶ
3252 3446 3523 3520 ⁸’πίνοντος
3558 3474 3659 3528 με-

2077 3542 2428 3608 ταϐάλλεται,
2468 3545 2565 3598 καὶ
2596 3544 2696 3598 οὐκ
2721 3543 2787 3597 ἂν
2826 3545 3077 3616 εἴποιμεν
3097 3546 3286 3617 ἕτερον
3329 3546 3488 3617 σῶμα
3516 3548 3663 3614 γίνε-

2081 3635 2203 3689 σθαι
2228 3636 2378 3706 παρά
2402 3636 2463 3689 τὸ
2488 3635 2751 3708 πρότερον
2776 3653 2791 3668 ·
2827 3636 2981 3691 οὕτω
3025 3637 3104 3708 δὴ
3127 3638 3226 3691 καί
3266 3638 3451 3692 ταῦτα
3470 3642 3657 3708 ὑπερ·
3768 3684 3774 3688 .

2078 3727 2245 3797 φυῶς
2275 3728 2595 3795 ἐπικλήσει
2634 3728 2742 3783 τοῦ
2785 3730 3142 3798 ίερεύοντος,
3186 3730 3563 3801 ἐπιφοιτήσει
3594 3748 3660 3786 τε

2079 3818 2185 3873 τοῦ
2230 3818 2404 3888 ἁγίου
2436 3821 2806 3889 Πνεύματος,
2855 3823 2944 3886 είς
2989 3819 3162 3891 σῶμα
3207 3823 3306 3877 καί
3351 3818 3496 3893 αἷμα
3549 3823 3659 3877 τοῦ

2078 3907 2334 3975 Χριστοῦ
2353 3909 2807 3978 μεταϐάλλεται.
2835 3909 3009 3965 Τοῦτο
3025 3912 3136 3983 γὰρ
3164 3914 3259 3966 καὶ
3283 3915 3317 3985 ἡ
3341 3914 3436 3968 τοῦ
3458 3914 3655 3985 ἰερὲως

2079 3997 2295 4068 αἴτησις
2320 3998 2452 4069 ἔχει.
2486 4001 2595 4053 Καὶ
2633 4001 2693 4056 οὐ
2722 4000 2818 4056 δύο
2843 4000 3017 4056 ταῦτα
3055 4002 3309 4074 νοοῦμεν,
3341 4003 3456 4058 ἀλλ’
3474 4005 3533 4058 ἓν
3557 4006 3658 4058 καὶ

2079 4088 2142 4142 τὸ
2167 4089 2298 4143 αὐτὸ
2326 4090 2656 4163 πιστεύομεν
2680 4092 2925 4162 γίνεσθαι
2946 4107 2963 4125 ⁶
2999 4093 3323 4150 Ἀντίτυπα
3347 4096 3417 4149 δὲ
3443 4096 3503 4149 ετ
3534 4112 3658 4150 που

2086 4183 2354 4250 λεχθεή,
2386 4185 2458 4237 οὑ
2475 4185 2626 4251 μετὰ
2662 4185 2770 4238 τὸν
2793 4185 3092 4255 ἁγιασμόν
3122 4187 3322 4254 τοῦτο,
3343 4188 3507 4242 me
3537 4189 3656 4258 πρὸ

2079 4271 2188 4326 τοῦ
2211 4270 2572 4341 ἀγιασθῆναι
2589 4274 2966 4342 ἐκλήθησαν.
3009 4274 3164 4329 Ἐπεὶ
3212 4271 3307 4331 οὖν
3345 4277 3532 4346 ἔλεγεν
3570 4279 3654 4331 ὅτι

415 4364 577 4420 simul
601 4361 1039 4426 circumscribis;
1085 4371 1514 4416 consentaneum
1547 4373 1714 4427 esset,
1741 4373 1798 4415 ut
1819 4361 1867 4417 ei
1896 4362 1978 4416 di-

2080 4362 2173 4417 ἑάν
2194 4363 2565 4435 περιγρὰφῃς,
2615 4365 2858 4436 μερίζεις
2903 4365 2997 4420 τὸν
3036 4366 3273 4435 Χριστὸν
3336 4367 3370 4440 ἢ
3428 4369 3653 4426 uulgi»;

416 4468 630 4512 ceretur
651 4474 665 4510 :
695 4453 751 4509 Si
770 4451 1063 4529 sacriﬁcas,
1083 4451 1356 4508 Christum
1375 4453 1605 4516 dividis;
1648 4453 1850 4507 etenim
1871 4468 1986 4507 cor-

418 4565 516 4618 pus
547 4545 847 4613 sacrificas,
876 4560 982 4603 uou
1012 4545 1229 4599 deitatis
1262 4554 1537 4599 naturam.
1562 4543 1697 4599 Nam
1744 4545 1983 4614 pontifex

418 4649 599 4694 noster
616 4653 872 4708 intagnus,
893 4636 1091 4702 boetia,
1109 4645 1164 4690 et
1188 4646 1442 4706 agnus,et
1460 4636 1701 4702 victima,
1721 4645 1985 4704 quatenus

418 4734 602 4795 homo,
632 4741 685 4786 et
716 4738 894 4786 estet
930 4729 1147 4785 dicitur.
1192 4728 1301 4783 Aut
1360 4728 1542 4798 itaque
1599 4736 1653 4782 tu
1704 4728 1985 4784 sacrificas

424 4820 653 4877 Verbum
687 4835 923 4890 quoque,
983 4830 1141 4889 prout
1173 4833 1357 4874 sermo
1398 4827 1524 4871 tuus
1577 4816 1705 4882 fert,
1760 4827 1982 4887 propter

422 4930 580 4967 unam
625 4912 994 4982 hypostasitu;
1048 4921 1142 4965 aut
1173 4912 1299 4965 dum
1336 4908 1637 4972 sacriﬁcas,
1671 4908 1986 4964 humanita-

492 5089 538 5123 ”
560 5087 719 5144 Joau.
750 5103 824 5156 Vl,
846 5088 935 5144 54.
996 5134 1005 5151 ,

494 5268 603 5341 (75)
631 5266 899 5341 ltlnostra
924 5263 1086 5318 etiam
1109 5272 1269 5341 relate
1301 5264 1482 5341 multis
1514 5262 1823 5341 hominibus
1856 5276 1983 5319 usu-

424 5333 609 5394 vcnire
664 5337 929 5397 videmus,
983 5345 1044 5387 ut
1089 5333 1293 5388 amisso
1321 5333 1441 5388 ﬁdei
1485 5333 1872 5403 gubernaculo,
1931 5342 1985 5385 et

420 5410 587 5463 divini
640 5405 1045 5468 limoris,utila
1098 5402 1305 5464 dicant,
1349 5402 1616 5472 magnete,
1665 5404 1983 5473 gravissima

425 5480 699 5546 religionis
730 5479 983 5546 dogmata
1016 5475 1309 5546 contrariis
1351 5475 1671 5540 opinionum
1721 5477 1900 5527 ventis
1928 5473 1980 5526 in

422 5542 659 5617 ipsm'utn
683 5542 993 5617 lluea'uantis
1021 5544 1185 5617 animi
1222 5542 1411 5610 pelago
1437 5554 1730 5611 agitentur.

490 5616 603 5685 ﬁtﬁt
640 5619 797 5671 Vides
826 5612 1209 5671 |t0t:o;n.it:b-ts
1251 5617 1350 5665 hoc
1390 5626 1605 5681 quoque
1655 5611 1982 5682 gravissimo

2084 4453 2257 4521 Λόγον
2290 4455 2794 4526 συμπεριγράφειςο
2830 4458 3125 4514 ἀκόλουθον
3150 4456 3219 4531 ἦν
3265 4458 3450 4527 λέγειν
3479 4458 3652 4530 αὐτῷ,

2084 4544 2166 4597 ὅτι
2188 4544 2250 4596 Εἰ
2274 4542 2442 4611 θύεις,
2496 4545 2741 4617 μερίζεις
2790 4548 2883 4602 τὸν
2927 4551 3192 4623 Χριστόν
3241 4549 3302 4604 τὸ
3332 4551 3442 4621 γὰρ
3493 4551 3657 4620 σῶμα

2088 4633 2335 4706 ἰερεύεις,
2364 4635 2426 4688 οῦ
2451 4635 2611 4705 φύσιν
2633 4638 2908 4711 θεότητος.
2951 4642 3273 4713 Ἀρχιερεὺς
3310 4641 3420 4712 γὰρ
3444 4641 3603 4712 ἡμῶν
3628 4642 3658 4695 ό

2090 4726 2285 4797 μέγας,
2322 4727 2517 4797 ἰερεῖόν
2537 4745 2598 4782 τε
2632 4730 2727 4783 καὶ
2754 4730 2927 4800 ἀμνὸς
2955 4734 3051 4784 καὶ
3074 4730 3246 4801 θῦμα,
3274 4715 3411 4783 καθὸ
3434 4729 3651 4802 ἀνθρωσ⁸

2091 4819 2190 4882 πός
2224 4820 2453 4872 ἐστικαὶ
2479 4819 2721 4889 λέγεται.
2761 4822 2839 4875 Ἢ
2868 4821 3049 4876 τοίνυν
3088 4823 3153 4875 σὺ
3192 4821 3518 4890 σφαγιάσεις
3552 4820 3652 4872 καὶ

2090 4910 2181 4967 τὸν
2204 4910 2398 4979 Λόγον,
2424 4910 2566 4967 κατὰ
2587 4912 2678 4968 τὸν
2701 4912 2793 4967 σὺν
2816 4913 2996 4981 λόγον,
3017 4911 3106 4968 διὰ
3130 4912 3231 4984 τὴν
3258 4912 3391 4983 μίαν
3413 4912 3656 4968 ὑπόστα-

2100 5278 2534 5338 errore,nempe
2568 5266 2634 5320 de
2674 5263 3017 5321 Eucharistia
3054 5267 3359 5338 lignrativa,
3394 5266 3665 5338 fortassis

2098 5334 2461 5397 laboravisse;
2490 5350 2649 5402 quem
2675 5338 2891 5404 quidem
2920 5334 3152 5392 denuo'a
3184 5336 3455 5390 nonnullis
3490 5336 3667 5389 susci-

2096 5413 2285 5467 tatum,
2315 5404 2838 5475 validarehttatione
2872 5408 3169 5475 prostravit
3204 5407 3279 5460 ill.
3313 5414 3370 5458 et
3400 5419 3514 5458 rev.
3547 5422 3664 5475 ενιτ

2091 5487 2287 5547 scopas
2319 5470 2849 5547 Nic-LWisetn‘anuus
2870 5470 2923 5530 in
2952 5477 3170 5547 egregio
3217 5476 3478 5547 opusculo
3515 5470 3663 5545 quod

2095 5540 2368 5610 i"s‘rxii'sn
2409 5540 2567 5597 "orte
2598 5544 2855 5613 Syriaca’.
2987 5540 3013 5547 ⁷
3083 5540 3110 5547 ⁷
3230 5546 3235 5550 ’
