3952 6202
379 359 486 428 339

1403 375 1464 438 S.
1503 376 1920 440 NICEPHORI
1959 381 2464 444 PATRIARCH/E
2503 385 2617 445 ΕΡ.

3535 384 3646 451 340

381 480 501 534 dum
535 483 895 553 sanguinem?
925 482 1078 552 Quod
1133 503 1256 541 cum
1307 490 1451 545 nulla
1495 493 1952 552 demonstratione

2063 499 2301 568 δεηθεὶς,
2347 502 2448 571 τῆς
2475 501 2689 556 ἐκείνου
2722 503 2918 572 σοφίας
2949 503 3102 570 ἄξιον
3122 503 3325 574 λέγειν.
3359 505 3542 578 ’Δπερ
3565 507 3645 570 ὡς

379 581 563 642 egeat,
622 575 896 644 sapientia
951 577 1066 643 ejus
1125 578 1198 631 ita
1243 579 1386 647 loqui
1439 582 1659 652 ilignum
1699 586 1815 639 luit.
1855 585 1963 642 Nos

381 673 562 717 autem
601 667 712 719 hinc
741 682 841 721 ceu
891 668 1244 724 deliramenta
1276 686 1339 725 ac
1367 675 1529 727 verba
1565 674 1616 730 in
1665 691 1844 730 aerem
1880 688 1958 743 tc—

381 757 746 824 ntcrejactata
775 757 1112 826 ontittcntes,
1151 761 1220 814 ita
1259 763 1436 830 potius
1455 765 1735 820 dicemus:
1764 767 1818 823 Si
1845 768 1961 823 haec

380 862 501 912 quae
539 847 940 914 sacriﬁcautur,
977 851 1396 923 circumscripta
1457 865 1624 923 sunt,
1661 859 1816 926 panis
1876 861 1961 914 in-

377 954 538 1006 quam
563 949 616 992 et
643 940 854 1004 viuum,
890 942 1138 1010 profecto
1169 960 1365 1015 corpus
1397 947 1528 1002 illud
1577 965 1606 1002 a
1642 950 1753 1004 Deo
1783 952 1960 1008 Verbo

379 1041 646 1100 gestatum
692 1046 970 1100 nunquam
1000 1047 1064 1086 ex
1107 1031 1376 1090 Mamona:
1421 1041 1694 1092 sententia
1749 1043 1959 1096 sacrili-

379 1135 556 1178 catum
592 1123 715 1185 fuit,
765 1125 860 1192 qui
891 1122 1094 1179 idcirco
1140 1126 1269 1180 illud
1323 1127 1857 1201 iucircumscriptum
1881 1135 1962 1189 di-

315 1275 320 1278 _
378 1217 469 1272 cit.
503 1216 660 1272 Unde
689 1231 821 1272 vero
853 1225 908 1272 et
929 1220 1206 1288 quomodo
1238 1220 1419 1276 hostia
1450 1223 1536 1278 illa
1563 1241 1753 1296 magna
1777 1239 1832 1284 et
1857 1230 1958 1283 im-

377 1309 648 1364 maculata
682 1319 737 1365 et
758 1312 1084 1378 veneranda,
1107 1313 1430 1384 expiatoria,
1457 1317 1702 1385 inquam,
1735 1319 1822 1374 illa
1845 1322 1956 1377 vic-

379 1401 533 1465 tima,
567 1409 620 1455 et
651 1400 907 1457 universo
954 1403 1074 1458 orbi
1130 1405 1393 1462 salutaris
1453 1408 1843 1480 dignoscetur?
1897 1411 1954 1468 Si

377 1507 508 1560 ergo
552 1491 832 1575 Mamouas
870 1495 1194 1550 credidisset
1233 1499 1406 1568 ipsum
1451 1515 1548 1570 pro
1579 1501 1823 1557 omnium
1869 1519 1956 1561 sa-

375 1581 490 1635 lute
542 1581 902 1648 immolatum,
959 1583 1064 1640 hoc
1115 1586 1344 1653 saltem,
1396 1589 1440 1644 si
1481 1589 1954 1659 nihilaliud,eum

377 1677 582 1740 pudore
609 1673 922 1743 alfecisset,
969 1680 1112 1748 quod
1163 1689 1220 1734 et
1253 1681 1428 1752 ipsum
1481 1684 1954 1756 circumscriptum

377 1768 448 1822 sit
475 1784 490 1824 :
519 1779 574 1822 et
604 1769 649 1822 si
692 1770 871 1826 minus
903 1773 1261 1840 naturaliter,
1293 1777 1437 1845 quod
1469 1777 1654 1833 dicere
1698 1780 1952 1836 stolidum

2064 591 2228 662 λῆρον
2263 594 2352 646 καὶ
2383 595 2561 665 μάτην
2592 595 2673 658 εἰς
2729 596 2872 666 ἀέρα
2915 596 3159 666 χεόμενα
3207 597 3632 664 καταλιπόντες,

2062 682 2247 735 ἐκεῖνα
2302 683 2570 754 λέγομεν
2604 685 2668 739 Εἰ
2719 687 3158 756 περιγέγραπται
3206 689 3278 742 τὰ
3320 689 3648 760 ίερευόμενα

2061 773 2256 839 ταῦτα,
2291 777 2321 829 ὁ
2369 776 2554 846 ἄρτος.
2590 779 2756 848 φημὶ,
2802 783 2896 834 καὶ
2939 785 2969 835 ὁ
2998 777 3168 844 οἶνος.
3215 781 3325 851 ἄρα
3373 783 3552 834 ἐκεῖνο
3577 779 3647 856 τὺ

2063 866 2246 936 σῶμα,
2278 868 2418 940 ὅπερ
2446 869 2750 940 πεφόρεκεν
2792 873 2946 927 ὀποῦ
2995 872 3133 926 Θεοῦ
3175 872 3372 940 Λόγος,
3398 871 3644 940 οὐδαμοῦ

2065 957 2284 1029 ῖερεύθη
2331 960 2463 1030 παρ’
2519 961 2709 1025 αὐτοῦ,
2751 964 2846 1016 καὶ
2896 963 2986 1020 διὰ
3019 949 3180 1018 τοῦτο
3229 963 3646 1035 ἁπερίγραπτον

2061 1047 2238 1116 λέγει’
2267 1049 2361 1102 καὶ
2389 1049 2506 1114 πῶς
2537 1054 2632 1105 καὶ
2664 1053 2830 1107 πόθεν
2855 1056 2916 1110 τὸ
2947 1057 3146 1126 ἱερεῖον
3175 1049 3375 1118 ἐκεῖνο,
3400 1055 3463 1108 τὸ
3494 1055 3646 1124 μέγα

2061 1142 2154 1193 καὶ
2186 1139 2418 1210 ἄμωμον
2447 1143 2546 1195 καὶ
2564 1144 2889 1215 σεϐάσμιον,
2917 1145 2980 1198 τὸ
3035 1145 3334 1215 καθάρσιον
3367 1143 3518 1214 θῦμα
3543 1144 3648 1198 καὶ

2061 1232 2262 1295 παντὸς
2300 1233 2394 1287 τοῦ
2432 1235 2638 1306 κόσμου
2695 1238 2965 1308 σωτήριον
3005 1238 3521 1308 ἐπιγνωσθήσεται;
3574 1238 3646 1292 El

2058 1317 2153 1374 οὖν
2187 1321 2476 1378 ἐπίστευεν
2505 1325 2644 1395 ὑπὲρ
2663 1327 2764 1396 τῆς
2791 1327 3014 1381 πάντων
3043 1326 3177 1380 αὐτὺ
3204 1326 3434 1397 τυθῆναι
3455 1343 3640 1398 σωτη-

2063 1413 2206 1483 ρίας,
2254 1414 2356 1469 κᾶν
2407 1415 2540 1484 γοῦν
2577 1417 2735 1471 τοῦτο
2783 1418 2948 1472 αὑτὸν
3003 1417 3324 1490 κατῄδεσεν,
3357 1419 3408 1471 εί
3467 1418 3638 1489 μήτι

2058 1503 2210 1570 ἄλλο,
2249 1505 2325 1570 ὡς
2365 1507 2460 1560 καὶ
2511 1507 2644 1560 αὐτὸ
2697 1509 3074 1579 περιγραπτόν
3111 1509 3232 1562 ἑστι
3253 1525 3268 1540 ·
3302 1507 3400 1562 καὶ
3443 1508 3493 1561 εί
3561 1506 3644 1579 μὴ

2059 1597 2239 1667 φύσει,
2270 1599 2406 1668 ὅπερ
2455 1599 2634 1667 λέγειν
2670 1601 2901 1669 ἀνόητον
2927 1642 2943 1664 ,
2990 1605 3056 1672 τῇ
3107 1601 3242 1670 γοῦν
3289 1599 3506 1672 τελετῇ,
3559 1600 3643 1665 ὡς

2058 1689 2203 1744 κατὰ
2253 1688 2353 1760 τὴν
2414 1691 2626 1744 ἐκείνου
2697 1692 2863 1760 δόξαν
2924 1693 3138 1758 εἰπεῖν,
3193 1692 3644 1764 περιτετράφθαι

2057 1781 2247 1850 ἐχρῆν.
2285 1779 2670 1851 Περι-γραπτὸν
2697 1777 2790 1836 οὖν
2816 1782 2878 1836 τὸ
2902 1782 2996 1837 τοῦ
3037 1781 3278 1852 Χριστοῦ
3316 1781 3498 1853 σῶμα,
3527 1783 3643 1837 κᾶν

377 1870 482 1924 est,
519 1871 671 1917 certe
701 1865 1149 1932 consecratione,
1179 1875 1239 1921 ut
1275 1881 1342 1922 ex
1384 1867 1836 1927 istiusisententia
1872 1874 1952 1928 lo-

2166 1842 2477 1938 ᾇογιξεὲθάέ
2513 1870 2674 1926 τοῦτο
2718 1872 2897 1926 ἐθέλοι
2945 1873 2974 1926 ὁ
3023 1842 3333 1944 Μαμωνᾶς.
3369 1842 3493 1927 ’ἐτι
3533 1869 3639 1928 οὖν

377 1968 630 2020 quamur,
657 1955 1136 2027 circumscriptum
1172 1971 1294 2013 esse
1320 1968 1620 2027 oporteret.
1657 1962 1751 2018 Est
1795 1964 1958 2034 igitur

379 2048 858 2119 circumscriptum
901 2047 1106 2104 Christi
1155 2065 1376 2119 corpus,
1432 2053 1649 2109 etiamsi
1685 2057 1788 2111 hoc
1849 2057 1952 2112 sibi

375 2142 708 2205 persuadere
731 2155 842 2196 non
879 2142 995 2195 vult
1037 2141 1338 2198 Mamouas.
1385 2143 1580 2200 Adhuc
1627 2146 1810 2217 itaque
1851 2149 1955 2206 hac

372 2245 540 2299 super
585 2246 643 2285 re
687 2231 778 2286 ditt
813 2233 1090 2289 blaterans
1144 2249 1488 2306 nugansque,
1537 2253 1679 2309 quas
1715 2255 1813 2296 nos
1853 2255 1953 2298 ceu

376 2323 691 2377 rabidorum
741 2335 833 2379 aut
867 2323 1164 2380 furentium
1199 2326 1282 2381 vel
1313 2326 1697 2384 bacchantium
1732 2331 1849 2386 sine
1877 2333 1954 2388 si-

371 2414 629 2482 gniﬁcatu
662 2426 714 2470 et
748 2415 1125 2472 inarticulatas
1153 2433 1332 2486 voces,
1361 2434 1464 2474 non
1499 2422 1618 2478 sine
1639 2433 1953 2493 contemptu

372 2520 712 2570 aversantur,
743 2515 927 2576 utpote
955 2523 1076 2578 qua:
1107 2511 1321 2580 piorum
1354 2527 1417 2567 ac
1441 2513 1746 2570 sobriorum
1788 2531 1951 2575 aures

372 2597 681 2663 sordidant,
731 2605 786 2653 et
836 2601 1309 2668 pronuntiantium
1355 2602 1595 2673 linguam
1643 2621 1953 2664 commacu-

372 2689 508 2752 laul,
539 2691 870 2760 turpitudine
901 2682 1224 2762 iueptiisque
1243 2704 1552 2763 scatentes;
1576 2698 1678 2752 sub
1700 2696 1952 2753 lucubra-

374 2783 539 2837 tionis
571 2797 682 2836 suae
708 2783 812 2838 line
835 2797 1142 2839 sermonem
1175 2785 1530 2850 concludens,
1557 2789 1611 2842 in
1644 2789 1789 2844 hunc
1833 2804 1950 2844 tuo-

371 2872 498 2928 dum
527 2873 764 2929 disserit.
795 2873 980 2929 Primo
1003 2877 1221 2944 quidem
1248 2876 1383 2933 diris
1412 2891 1473 2934 se
1507 2878 1776 2936 devoveas
1803 2879 1951 2934 aﬂir-

373 2974 509 3030 mal,
541 2965 814 3025 neminem
835 2967 1050 3022 illorum
1087 2968 1152 3024 de
1183 2968 1380 3040 quibus
1418 2969 1581 3025 verba
1617 2971 1780 3037 facit,
1812 2989 1950 3028 nun-

369 3073 534 3127 quam
582 3073 702 3114 esse
743 3057 1082 3128 suspicatum
1129 3074 1191 3115 se
1223 3075 1253 3114 a
1284 3060 1486 3117 Christi
1529 3062 1634 3118 [ille
1663 3063 1947 3132 deiecisse,

2055 1963 2184 2032 περὶ
2219 1961 2328 2014 τῶν
2351 1960 2530 2014 αὐτῶν
2562 1962 2735 2016 πολλὰ
2768 1963 3101 2032 βατταρίσας
3135 1963 3232 2017 καὶ
3274 1963 3630 2035 φλυαρήσας,

2053 2050 2159 2106 ἆπε
2167 2069 2198 2121 ρ
2211 2054 2288 2116 ὠς
2311 2051 2632 2108 λυσσώντων
2648 2056 2744 2108 καὶ
2763 2055 3112 2126 μαινομένων
3133 2055 3228 2110 καὶ
3247 2054 3642 2126 βακχευόντων

2051 2143 2299 2213 ἀσήμους
2329 2143 2424 2197 καὶ
2451 2144 2756 2216 ἀνάρθρους
2802 2145 2990 2214 φωνὰς
3025 2145 3366 2217 περιιδόντες
3406 2163 3632 2216 μυσατ-

2051 2233 2279 2304 τόμεθα,
2309 2235 2435 2288 ἐπεὶ
2485 2236 2594 2288 τῶν
2642 2235 3020 2290 εὐσεϐούντων
3070 2238 3166 2290 καὶ
3201 2236 3635 2308 σωφρονούντων

2049 2322 2150 2387 τέις
2177 2323 2347 2387 ἀκοὰς
2401 2327 2850 2397 καταχραίνουσι,
2900 2328 2996 2382 καὶ
3039 2327 3150 2383 τῶν
3210 2327 3481 2397 λεγόντων
3530 2327 3641 2399 τήν

2052 2417 2302 2486 γλῶσσαν
2359 2419 2852 2490 καταμολὺνουσιν,
2914 2421 3279 2492 αἰσχρότητος
3321 2421 3416 2474 καὶ
3466 2421 3639 2475 ῦθλου

2053 2509 2488 2581 καταγέμουσαι,
2525 2511 2664 2581 πρὸς
2689 2514 2749 2565 τὸ
2771 2511 2925 2576 τέλος
2953 2511 3052 2565 τοῦ
3078 2511 3462 2582 συντάγματος
3493 2529 3640 2583 συμμ-

2051 2601 2326 2672 περαίνων
2357 2601 2448 2655 τὸν
2499 2602 2680 2670 λόγον,
2719 2603 2905 2657 τοιάδε
2949 2605 3071 2658 τινὰ
3117 2602 3363 2668 διέξεισι.
3401 2604 3638 2672 Πρῶτον

2054 2692 2154 2762 μὲν
2188 2693 2513 2764 κατακρεσει
2555 2693 2924 2765 περιδεσμῶν.
2962 2694 3171 2766 μηδένα
3192 2688 3268 2748 ὧν
3292 2693 3385 2748 νῦν
3415 2697 3444 2748 ὁ
3470 2695 3638 2762 λόγος

2050 2781 2203 2852 αὑτῷ
2231 2783 2552 2854 γεγένηται,
2579 2783 2849 2854 ὑπόληψιν
2886 2785 3180 2856 ἐσχηκέναι
3214 2785 3292 2849 ὡς
3329 2783 3640 2855 ἡλλοτρῐωε

2049 2894 2143 2932 ται
2164 2877 2258 2931 τοῦ
2291 2877 2546 2949 Χριστοῦ.
2571 2879 2846 2932 Κάκεῖθεν
2880 2878 3169 2950 μαίνεσθαι
3193 2879 3334 2934 κατὰ
3359 2879 3460 2950 τῆς
3480 2872 3634 2934 εἰκό-

2050 2984 2139 3030 νος
2176 2965 2363 3033 αὑτοῦ,
2412 2969 2470 3021 ὲν
2513 2963 2595 3032 οἷς
2647 2967 2947 3038 ἀπολογίαν
2997 2968 3294 3040 προτείνει,
3327 2969 3450 3022 ὅθεν
3481 2969 3640 3041 αὐτῷ

2047 3057 2208 3112 τοῦτο
2235 3059 2691 3130 προστέτριπται.
2725 3059 2891 3128 Λέγει
2940 3059 3050 3132 γὰρ
3091 3061 3175 3114 ὅτι
3209 3059 3269 3126 ἐξ
3297 3051 3358 3114 οῦ
3392 3059 3546 3130 αὐτῷ
3585 3063 3640 3114 οι

372 3153 602 3220 ideoque
651 3151 914 3208 adversus
947 3149 1064 3220 ejus
1096 3152 1392 3224 imaginem
1438 3155 1788 3210 debacchari.
1831 3155 1948 3222 Quo

2055 3151 2188 3222 πρὸς
2217 3151 2412 3220 γένους
2445 3153 2541 3206 καὶ
2572 3153 2764 3206 οἰκεῖοι
2795 3153 3206 3215 ἐπαναστάντες
3244 3152 3636 3224 ἐνεωτέρισαν,

373 3242 493 3296 loco
520 3239 852 3298 defensionis
901 3257 1033 3312 ergo
1063 3258 1288 3300 causam
1342 3245 1584 3309 indicat,
1636 3247 1780 3301 unde
1830 3247 1946 3302 haec

2055 3243 2148 3295 καὶ
2179 3241 2285 3313 μὴν
2314 3241 2408 3295 καὶ
2425 3241 2532 3313 πρὸ
2583 3242 2762 3308 τοῦδε,
2793 3245 2822 3296 ὁ
2874 3243 3071 3315 μῶμος
3102 3237 3260 3308 οὗτος
3295 3243 3428 3316 περὶ
3459 3243 3638 3298 αὑτοῦ

373 3333 476 3399 ipsi
505 3331 818 3388 criminatio
863 3333 1176 3389 adhaeserit.
1203 3335 1292 3391 Ait
1317 3335 1464 3390 enim
1485 3376 1502 3401 ,
1539 3351 1606 3391 ex
1627 3351 1738 3406 quo
1761 3335 1952 3392 aﬁines

371 3428 770 3497 domesticique
798 3429 880 3484 sui
937 3431 1100 3484 rebus
1147 3431 1302 3486 novis
1329 3433 1614 3488 studentes
1647 3433 1949 3488 rebellave-

371 3532 498 3574 runt
527 3521 664 3593 (79),
693 3523 832 3577 hanc
862 3523 1028 3578 etiam
1063 3523 1130 3578 de
1173 3538 1232 3579 se
1263 3521 1693 3580 dili‘amationem
1749 3525 1803 3579 in
1837 3525 1952 3580 vul-

369 3628 471 3679 gus
506 3611 834 3678 manavisse,
887 3615 1042 3683 quasi
1071 3630 1099 3668 a
1133 3613 1245 3670 Deo
1271 3631 1495 3672 aversus
1524 3615 1743 3681 luisset,
1789 3625 1953 3686 atque

373 3707 442 3757 ita
472 3720 500 3757 a
532 3706 716 3760 multis
739 3708 808 3761 de
841 3722 900 3762 se
923 3706 1255 3776 iudicatum.
1281 3708 1486 3763 Deinde
1531 3707 1778 3778 pluribus
1821 3709 1950 3764 hor-

372 3795 665 3864 rendisque
694 3795 1043 3872 iuramentis,
1080 3806 1140 3850 ut
1173 3798 1333 3859 solet,
1362 3807 1552 3852 contra
1577 3797 1948 3866 eVattgelicum

375 3886 685 3938 inaudatum
712 3923 728 3950 ,
788 3885 1125 3956 persuadere
1157 3899 1420 3951 conatur,
1459 3887 1541 3941 vel
1589 3887 1769 3956 potius
1815 3887 1952 3943 falso

365 3977 732 4046 jurejurando
785 3976 1020 4042 illudit,‘
1051 3991 1112 4032 se
1158 3991 1334 4046 neque
1373 3979 1556 4032 verbis
1589 3993 1764 4048 neque
1787 3994 1951 4048 opere

375 4071 538 4122 talem
565 4066 733 4124 fuisse
775 4081 1080 4138 :suamque
1113 4068 1180 4122 de
1213 4067 1315 4123 hoc
1350 4067 1605 4136 dogmate
1636 4070 1949 4140 opinionem

371 4172 535 4232 atque
583 4159 846 4230 judicium
903 4161 1267 4229 praesentibus
1322 4161 1600 4230 episcopis
1646 4177 1947 4230 estpouens,

371 4263 622 4322 paratum
654 4265 713 4326 se
742 4253 818 4306 ait
849 4251 1061 4305 illorum
1093 4251 1290 4320 placita
1324 4251 1636 4323 admittere.
1667 4254 1772 4310 Sed
1824 4270 1947 4308 mox

372 4345 533 4414 paulo
574 4344 738 4409 infra,
758 4359 857 4414 pro
883 4359 1034 4398 more
1061 4358 1160 4396 suo
1178 4385 1191 4410 ,
1215 4359 1277 4397 ex
1305 4341 1573 4400 simulatis
1605 4344 1951 4400 sermonibus

372 4441 437 4492 ad
489 4455 548 4492 se
601 4449 924 4502 revertens,
971 4435 1175 4503 judicis
1221 4437 1395 4491 instar
1425 4450 1490 4492 ac
1523 4435 1806 4492 dictatoris
1853 4437 1949 4491 de-

367 4535 566 4589 cernit.

439 4629 492 4684 4.
532 4645 551 4679 t
585 4625 737 4694 Quod
767 4626 812 4681 si
842 4625 910 4680 de
944 4625 1048 4678 hac
1079 4637 1182 4678 una
1210 4622 1493 4694 (Christi)
1527 4623 1761 4694 imagine
1792 4623 1946 4679 vobis

372 4721 823 4790 persuadebimus
867 4733 969 4773 nos
1013 4725 1160 4772 recte
1201 4715 1447 4781 locutos,
1492 4724 1678 4786 postea
1723 4715 1790 4768 de
1824 4715 1948 4770 aliis
1985 4741 1997 4748 ο

277 4867 298 4892 ⁸
371 4825 588 4880 quoque
627 4811 954 4880 imaginibus
975 4809 1253 4865 vobiscum
1285 4821 1446 4878 agere
1499 4805 1849 4872 meditamur,
1889 4815 1948 4862 ut

371 4913 426 4958 ct
457 4902 523 4958 de
547 4901 631 4957 bis
650 4900 1067 4970 judicetis.Natn
1084 4899 1290 4974 judicio
1315 4908 1497 4954 vestro
1519 4913 1709 4953 sumus
1725 4897 1950 4966 acquie-

373 4995 500 5061 turi,
531 4992 676 5064 quod
727 4995 929 5062 nempe
984 5008 1107 5048 cum
1143 4993 1264 5048 aliis
1305 4990 1578 5062 episcopis
1610 4988 1948 5045 concordare

373 5087 588 5154 voletis,
611 5085 880 5156 justisque
912 5085 1200 5140 momentis
1231 5083 1446 5153 impulsi
1480 5080 1738 5152 sull‘ragia
1769 5091 1951 5136 vestra

371 5181 638 5250 prtebcre.
685 5196 704 5230 ι
740 5175 876 5232 llaec
897 5175 1019 5240 ille,
1047 5177 1248 5231 etenim
1304 5175 1560 5229 nonnulla
1610 5173 1676 5228 ad
1711 5171 1947 5227 litteram

369 5275 784 5344 exscripsimus,
824 5283 880 5323 ιιι
909 5269 1080 5339 ipsius
1109 5283 1138 5321 a
1169 5267 1278 5323 Deo
1332 5277 1604 5338 apostasw
1635 5265 1810 5336 palam
1851 5265 1947 5320 ﬂe-

375 5380 477 5434 ret,
505 5378 558 5423 et
590 5371 1028 5436 juramentorum
1058 5359 1380 5416 violatorum
1411 5359 1752 5414 mendacium
1790 5373 1948 5414 coar-

372 5474 652 5530 gueretur,
681 5473 892 5514 necnon
959 5453 1266 5527 hypocrisis
1297 5461 1460 5522 atque
1499 5451 1676 5518 dolus,
1721 5461 1776 5508 et
1818 5467 1946 5522 erga

445 5613 556 5683 (⁸19)
589 5615 830 5683 lnlcllige
873 5607 1254 5670 Arlaltasdum,
1276 5609 1374 5683 qui
1420 5604 1750 5683 QtvtirOItynt_i
1785 5619 1941 5657 soro-

373 5672 489 5736 rem
527 5672 577 5736 iit
611 5672 960 5738 mutriiuouiu
991 5683 1241 5737 habebat.
1276 5672 1366 5731 Ille
1399 5672 1935 5730 videlicct'advcrsus

376 5753 516 5806 hunc
554 5755 854 5813 νοςειιιιιιινὶι,
887 5762 938 5808 et
966 5768 1153 5806 sacras
1205 5751 1469 5818 imagines
1516 5747 1726 5818 publice
1776 5745 1934 5797 resti—

375 5823 1030 5894 NH.Cupt'uzzytuumque
1078 5823 1390 5876 liil‘l'CllClltll
1439 5817 1758 5888 p'itriat'cltgc
1808 5830 1936 5868 voco

2053 3335 2133 3397 εις
2175 3334 2305 3398 τοὺς
2350 3327 2580 3398 πολλοὺέ
2621 3334 3084 3406 διαπεφοίτηκεν
3128 3335 3188 3398 ὃς
3228 3334 3420 3407 ἐδήλου
3463 3334 3638 3389 αὑτοῦ

2003 3423 2016 3442 “
2051 3427 2150 3496 τὴν
2174 3427 2239 3480 ὲκ
2261 3425 2399 3480 Θεοῦ
2458 3425 2836 3499 ἀλλοτρίωσιν,
2890 3427 2988 3480 καὶ
3039 3425 3213 3492 οὕτως
3257 3425 3427 3480 αὐτὸν
3477 3427 3637 3496 παρὰ

2047 3520 2165 3582 τοῖς
2187 3518 2396 3572 πλείοσι
2432 3518 2738 3590 κρίνεσθαι.
2772 3514 2908 3572 Εἶτα
2935 3520 3120 3591 ὅρκοις
3143 3519 3222 3585 ὡς
3254 3519 3510 3590 φοϐεροῖς
3534 3521 3642 3572 καὶ

2052 3609 2350 3676 πλείστοις,
2397 3611 2473 3674 ὡς
2515 3609 2698 3665 εἰώθει
2727 3612 3063 3676 ἁπεναντίας
3113 3611 3226 3665 τῶν
3255 3611 3638 3680 εὑαγγελικῶν

2051 3701 2306 3772 ἔρχεσθαι
2383 3702 2845 3772 προσταγμάτων,
2910 3703 3124 3756 πείθειν
3181 3701 3539 3768 ἐσπούδαζεν,
3597 3703 3633 3774 ἦ

2049 3793 2416 3866 ἀληθέστερον
2458 3794 2656 3860 εἰπεῖν,
2714 3793 3147 3865 καταχλευάζειν
3203 3797 3272 3866 τῇ
3309 3795 3634 3865 όρκαπάτῃ,

2061 3884 2202 3954 μήτε
2227 3886 2288 3938 ὲν
2313 3885 2480 3955 λόγῳ,
2509 3886 2650 3958 μήτε
2674 3887 2733 3940 ὲν
2754 3885 2952 3957 πράξει
2969 3884 3226 3959 γενέσθαι
3253 3885 3518 3949 τοιοῦτον,
3539 3889 3642 3938 καὶ

2049 3974 2150 4046 τὴν
2177 3975 2308 4047 περὶ
2333 3976 2427 4030 τοῦ
2453 3976 2725 4046 δόγματος
2751 3975 2920 4030 αὑτοῦ
2965 3976 3148 4046 ψῆφον
3178 3975 3272 4029 καὶ
3304 3975 3489 4046 κρίσιν
3517 3976 3642 4037 τοῖς

2051 4066 2320 4138 παροῦσιν
2374 4068 2699 4132 ἐπισκόποις
2727 4067 2970 4132 ἀναθεὶς,
3003 4067 3078 4130 ὡς
3115 4065 3328 4131 δέξεται
3371 4065 3444 4119 τὰ
3483 4064 3634 4135 παρ’

2051 4160 2238 4224 αὐτοῖς
2269 4154 2589 4231 δεδογμένα,
2627 4161 2826 4231 μικρὸν
2882 4159 3114 4225 ὑποϐὰς,
3165 4159 3262 4212 καὶ
3305 4156 3472 4211 πάλιν
3502 4171 3642 4210 συν-

2051 4251 2196 4322 ήθως
2217 4253 2280 4304 ἐκ
2311 4251 2419 4304 τῶν
2437 4251 2842 4322 πεπλασμένων
2871 4250 3046 4321 λόγων
3075 4251 3158 4314 είς
3178 4247 3372 4303 ἑαυτὸν
3401 4248 3645 4301 ὲπανελυ

2051 4339 2182 4405 θὼν,
2213 4335 2301 4395 οἶα
2333 4341 2529 4417 κριτὴς
2573 4342 2603 4394 ὁ
2647 4341 2812 4404 αὐτὸς
2863 4341 2960 4396 καὶ
3019 4339 3344 4404 διδάσκαλος
3371 4337 3626 4408 ἀποφαί-

2053 4450 2225 4488 νεται.

2123 4623 2186 4675 δ’.
2231 4641 2248 4672 ι
2285 4622 2384 4686 ’Ὦς
2412 4621 2510 4676 ἐὰν
2542 4621 2622 4684 εἰς
2656 4621 2818 4674 τοῦτο
2849 4617 2912 4672 τὸ
2945 4617 3004 4672 ἒν
3042 4617 3332 4686 εἰκόνισμα
3357 4614 3648 4686 πληροφο-

2055 4716 2312 4788 ρήσωμεν
2332 4715 2476 4785 ὑμᾶς
2502 4715 2583 4768 ὅτι
2618 4712 2794 4775 καλῶς
2823 4711 3077 4782 λέγομεν,
3107 4710 3228 4763 τότε
3254 4707 3349 4762 καὶ
3370 4705 3503 4778 περὶ
3525 4706 3650 4759 τῶν

2051 4807 2232 4862 ἄλλων
2268 4805 2496 4860 εἰκόνων
2527 4804 2768 4868 σκοποὺς
2792 4803 3132 4874 προαγαγεῖν
3163 4801 3361 4871 ἔχομεν
3399 4797 3649 4851 ἐνώπιον

2055 4898 2232 4970 ὑμῶν,
2267 4900 2364 4957 καὶ
2408 4898 2482 4962 ὡς
2530 4897 2748 4968 κρίνετε
2801 4895 3060 4966 καὶπερὶ
3111 4891 3356 4947 ἐκείνων.
3397 4890 3479 4962 Τῇ
3527 4890 3652 4959 γὰρ

2059 4989 2238 5060 κρίσει
2290 4988 2445 5060 ὑμῶν
2497 4987 2698 5059 ἔχομεν
2735 4983 3048 5056 ἀσμενίσαι,
3111 4981 3202 5035 ὅτε
3255 4977 3482 5050 μέλλετε
3541 4978 3651 5030 καὶ

2062 5078 2202 5152 μετὰ
2227 5079 2335 5134 τῶν
2365 5078 2542 5133 ἄλλων
2567 5073 2884 5132 ἐπισκόπων
2911 5073 3246 5145 συμφωνεῖν,
3275 5069 3372 5122 καὶ
3403 5065 3465 5132 ἐξ
3489 5065 3656 5119 εὐλό-

2057 5188 2170 5240 γων
2199 5169 2529 5242 προφάσεων
2561 5166 2866 5240 μαρτυρίας
2890 5163 3184 5236 παριστᾷν.
3222 5179 3242 5213 ι
3273 5157 3512 5214 Τοιαῦτα
3539 5157 3654 5226 μὶν

2055 5265 2124 5317 τὰ
2153 5265 2384 5327 ἐκείνου,
2419 5255 2494 5315 ὧν
2523 5276 2647 5314 τινα
2681 5259 2776 5312 καὶ
2817 5257 3010 5320 αὐταῖς
3037 5253 3218 5320 λέξεσι
3251 5245 3650 5324 παρεθέμεθα,

2058 5359 2145 5412 ῖνα
2175 5359 2270 5412 καὶ
2307 5361 2340 5428 ἡ
2373 5359 2436 5410 ὲκ
2469 5354 2604 5409 Θεοῦ
2649 5350 3004 5424 ἀλλοτρίωσις
3051 5344 3218 5402 αὐτοῦ
3268 5343 3480 5414 δειχθῇ.
3541 5342 3654 5394 καὶ

2057 5450 2166 5504 τῶν
2191 5446 2604 5522 ὀμωμοσμένων
2645 5445 2740 5498 καὶ
2777 5438 3265 5514 παραϐεϐασμένον
3295 5431 3653 5508 [παραϐεὸα-

2048 5599 2431 5654 declarandum
2459 5598 2688 5652 curavit.
2714 5594 2820 5649 Sed
2846 5589 3182 5646 Artabasdus
3212 5586 3434 5641 demum
3487 5583 3650 5637 bello

2041 5685 2333 5775 oppressus
2371 5667 2490 5724 fuit.
2517 5665 2834 5738 Theophan.
2863 5661 3063 5718 Chron.
3098 5659 3184 5714 cd.
3212 5657 3385 5713 Paris.
3417 5671 3470 5724 p.
3500 5655 3646 5722 διο,

2043 5753 2094 5796 οι
2134 5753 2258 5794 ωτι.
