3952 6202
277 375 372 442 341

988 388 1618 454 ANTIRRHETICUS
1663 395 1724 454 II
1772 396 1943 456 ADV.
1985 393 2580 457 CONSTANTINUM
2616 393 2829 454 COPR.

3416 389 3524 454 342

266 487 509 575 ephori!
545 490 606 544 τὸ
633 490 834 560 ψεῦδος
879 494 1136 568 ἐλεγχθῇ,
1168 499 1204 569 ἡ
1238 517 1300 552 τε
1331 501 1642 573 ὑπόκρισις,
1695 505 1791 560 καὶ
1819 509 1849 562 ὁ

1961 505 2170 575 ignaros
2213 503 2388 559 illusio
2413 505 2798 559 innotesceret.
2824 499 2963 568 Quid
2991 509 3174 554 autem
3201 509 3279 554 est
3302 500 3440 568 quod
3462 501 3544 553 de.

273 577 440 642 δόλος,
491 570 591 634 iui
635 585 666 637 ὁ
704 585 842 656 πρὸς
899 588 1026 652 τοὺς
1078 589 1404 658 ἀγνοοῦντας
1459 570 1848 667 (ραινακισμδς,

274 671 582 742 κατάδηλος
624 675 881 746 γένηται.
913 679 980 732 Τί
1017 679 1074 734 δέ
1108 680 1172 752 δὴ
1215 681 1377 738 τοῦτό
1427 686 1597 752 ἐστιν,
1645 689 1728 742 ὅτι
1757 693 1851 744 καὶ

205 785 210 789 ε
273 762 454 830 λέγειν
489 763 620 834 περί
663 781 728 833 γε
780 767 890 819 τῶν
919 767 1098 822 ἄλλων
1144 771 1377 826 εἰκόνων
1427 773 1712 845 βούλοιτο;
1754 781 1850 834 καὶ

271 854 448 940 ὁποῖοι
477 854 566 924 δὴ,
597 854 693 920 οὓς
743 859 1012 928 προάγειν
1057 861 1236 915 ἐθέλοι
1285 865 1556 934 σκοπούς;
1597 867 1718 922 Ὅτι
1753 870 1852 940 μὲν

272 939 414 999 εἶναι
467 947 673 1018 πολλὴν
705 951 1092 1021 τερατολογίαν
1125 955 1220 1008 καὶ
1261 954 1534 1027 φλυαρίαν
1583 961 1726 1014 κατὰ
1752 939 1852 1033 τῆς

272 1036 370 1090 τοῦ
411 1039 552 1092 Θεοῦ
585 1039 763 1109 Λόγου
792 1043 1265 1115 ἐνανθρωπήσεως
1289 1046 1584 1118 ἐξυφάνας,
1627 1050 1720 1104 ἐπὶ
1752 1053 1851 1125 τὴν

275 1131 568 1198 παροινίαν
606 1134 708 1206 τὴν
731 1137 812 1200 είς
839 1137 908 1190 τὰ
933 1137 1042 1192 τῶν
1088 1139 1264 1207 ἁγίων
1313 1141 1436 1212 ίερὰ
1483 1143 1852 1216 ὑπομνήματα

269 1220 652 1293 παρώρμηται
696 1224 994 1291 δυσσεσῶς,
1049 1229 1216 1283 παντί
1245 1247 1322 1301 τῳ
1355 1231 1557 1300 σαφές⁹
1615 1236 1710 1288 καὶ
1745 1234 1853 1306 πρὸ

271 1312 488 1368 τούτων
529 1331 618 1384 γε,
651 1317 746 1371 ἐπὶ
792 1318 863 1372 τὰ
905 1319 1005 1389 τῆς
1049 1321 1364 1393 πρωτίστης
1393 1323 1500 1377 τῶν
1533 1324 1725 1393 ἁγίων,
1758 1326 1853 1380 καὶ

275 1403 501 1458 πάντων
545 1404 657 1459 τῶν
688 1407 750 1458 ἐν
770 1410 836 1479 τῇ
872 1409 1050 1462 κτίσει
1079 1411 1380 1493 τελούντων
1409 1413 1725 1487 ὑπερτάτης
1751 1414 1852 1486 τῆς

273 1495 550 1563 παναγίας
573 1497 876 1568 Δεσποίνης
899 1501 934 1569 ὴ
943 1500 1061 1570 μῶν
1087 1501 1451 1575 Θεομήτορος,
1487 1505 1576 1558 ἵνα
1609 1507 1703 1560 καὶ
1749 1508 1852 1562 αὑ-

271 1584 373 1654 τὴν
391 1585 473 1655 τῷ
497 1585 748 1656 τεχθέντι
776 1591 1218 1666 συγκαθυϐρίσῃ.

342 1675 505 1738 Τίνες
535 1677 594 1729 δὲ
621 1678 674 1730 oi
704 1681 900 1733 σκοποὶ
921 1683 1024 1753 τῆς
1053 1682 1380 1756 θεοστυγοῦς
1428 1687 1522 1741 καὶ
1556 1687 1716 1741 ἁθέου
1749 1687 1852 1756 ψυ-

271 1765 376 1834 χῆς
422 1766 664 1838 ἐκείνης,
701 1771 905 1826 ειδέναι
935 1774 1135 1828 καλὸνο
1175 1775 1250 1846 μὴ
1295 1777 1404 1852 γὰρ
1449 1777 1515 1850 δὴ
1572 1779 1852 1833 κάνταῦθα

273 1857 333 1910 τὸ
363 1859 653 1929 ἂγραπτον
682 1865 779 1917 καὶ
811 1865 1231 1938 ἁπερίγραπτον
1260 1870 1604 1940 προάγεσθαι
1647 1870 1850 1938 ἔδοξεν,
1883 1853 1926 1908 Β

273 1951 305 2020 η
339 1949 402 2003 τὸ
431 1951 658 2006 διπλοῦν
685 1957 814 2020 τοὺς
839 1957 1050 2026 ἁγίους,
1093 1962 1158 2015 ἐκ
1199 1961 1451 2034 θεότητος
1481 1964 1722 2018 ὑποστὰν
1755 1964 1852 2018 καὶ

273 2041 738 2115 ἁνθρωπὸτητος;
773 2047 1018 2120 Ἦ“τάχα
1070 2068 1172 2104 που
1227 2053 1570 2121 ἐννενόηκεν,
1621 2055 1760 2126 ὅπερ
1803 2055 1854 2108 οἱ

277 2133 518 2202 χρῶντες
565 2138 664 2192 καὶ
711 2138 940 2206 ἄγοντες
981 2142 1375 2212 ἐμπνεύσειαν,
1403 2143 1478 2208 ὼς
1509 2145 1574 2214 δὴ
1606 2146 1702 2199 καὶ
1744 2144 1855 2201 τῶν

277 2222 448 2289 ἁγίων
483 2225 723 2279 ἑκάστου
758 2227 925 2298 διπλῆ
951 2246 1036 2294 τις
1059 2232 1091 2301 ἡ
1123 2231 1442 2297 ὑπόστασις,
1471 2236 1536 2287 ἐκ
1553 2233 1736 2305 ψυχῆς
1763 2235 1856 2288 καὶ

277 2311 532 2379 σώματος
558 2308 698 2368 οὖσα
740 2314 1042 2387 ἐτύγχανες
1082 2321 1187 2374 καὶ
1227 2319 1412 2374 είποτε
1455 2323 1854 2394 τραφήσονται,

277 2403 432 2474 καὶὴ
463 2401 616 2475 ψυχὴ
670 2410 1124 2480 συγγραφήσεται
1177 2411 1273 2465 καὶ
1320 2413 1856 2486 συνεικονισθήσεται

273 2491 335 2556 ἐξ
386 2495 692 2566 ἀνάγκης⁶-
727 2497 762 2569 ἦ
815 2499 1088 2572 διεστήξει
1141 2503 1236 2556 τοῦ
1293 2503 1552 2576 σώματος
1603 2508 1636 2577 ὴ
1685 2506 1856 2560 πάλαι

272 2583 678 2658 ἀπηλλαγμένη
729 2591 826 2644 τοῦ
879 2591 1155 2662 σώματος.
1201 2595 1314 2650 Καὶ
1360 2593 1442 2660 οἷς
1495 2596 1857 2668 ληρῳδήμασι

272 2677 368 2728 καὶ
403 2675 698 2748 πλάσμασι
745 2682 1008 2752 περὶτῆς
1055 2686 1197 2740 κατά
1227 2686 1462 2758 Χριστὸν
1507 2687 1860 2753 ὑποστάσεως

273 2766 576 2836 ἐχρήσατο,
627 2769 722 2821 καὶ
769 2769 864 2823 ἐπὶ
911 2772 1025 2824 τῶν
1062 2773 1235 2840 ἁγίων
1291 2775 1666 2846 κενολογήσει.
1713 2776 1855 2830 Ἀλλ’

273 2856 400 2911 ὅσον
427 2857 491 2922 ἐξ
517 2851 595 2911 ὧν
623 2857 772 2924 ἔλεξέ
805 2879 869 2914 τε
919 2864 1016 2916 καὶ
1045 2863 1272 2936 ἔδρασεν
1297 2865 1678 2932 ἐπαισθέσθαι,
1730 2867 1858 2932 τοὺς

273 2950 518 3010 σκοποὺς
591 2949 840 3015 ἐκείνους
909 2952 1368 3022 διαγινώσκεσθαι
1439 2955 1502 3009 οὑ
1573 2955 1854 3026 δυσχερές.

285 3040 510 3110 Ἐπειδὴ
545 3041 656 3112 γὰρ
700 3043 860 3098 οὐδέν
910 3045 1028 3100 ἐστι
1063 3046 1268 3116 φαῦλον
1306 3047 1398 3102 καὶ
1423 3048 1687 3112 δυσσεὸἐς
1726 3047 1754 3101 ὃ
1782 3049 1856 3121 μὴ

273 3131 420 3184 κατὰ
456 3132 561 3202 τῆς
602 3132 756 3199 θείας
787 3133 945 3206 δόξης
987 3138 1220 3191 καὶτῶν
1273 3139 1450 3208 ἁγίων
1486 3139 1852 3211 μεμελέτηκε,

273 3223 370 3276 καὶ
393 3223 562 3282 οὐδὲν.
578 3226 934 3298 ἀνοσιουργὸν
963 3229 1056 3282 καὶ
1083 3229 1436 3285 ἀτοπώτατον
1478 3231 1507 3285 δ
1537 3231 1614 3304 μὴ
1644 3234 1703 3285 ἐν
1733 3231 1857 3285 τού·

271 3330 389 3377 τοις
405 3315 819 3387 κατεπράξατο,
839 3319 990 3372 οὐδὲν
1007 3321 1401 3391 ἁκαταιτίατον
1415 3320 1510 3374 καὶ
1531 3321 1858 3394 ἀδιάϐλητον

273 3405 368 3458 ἐπὶ
399 3405 511 3459 τῶν
539 3407 640 3476 τῆς
676 3407 918 3471 πίστεως
945 3409 1102 3478 ἡμῶν
1149 3409 1252 3480 τῆς
1286 3409 1563 3474 ἀπλανοῦς
1620 3411 1856 3465 καταλέ-

273 3498 453 3563 λοιπε,
479 3498 574 3551 διὰ
605 3498 768 3552 τοῦτο
795 3502 1014 3570 πρῶτον
1043 3502 1142 3572 μὲν
1168 3502 1518 3576 ἀποκηρῦξαι
1547 3503 1723 3576 τολμᾷ
1754 3502 1856 3575 τὴν

275 3591 568 3658 ΘεοτὸκΟς
609 3591 796 3666 φωνὴν
835 3593 930 3647 καὶ
961 3595 1196 3665 πάμπαν
1228 3596 1294 3650 ἐκ
1325 3597 1426 3667 τῆς
1447 3596 1553 3650 τῶν
1589 3597 1856 3668 Χριστια-

273 3681 379 3734 νῶν
406 3679 666 3754 γλώσσης
698 3685 994 3754 περιελεῖν.
1036 3688 1147 3741 Καὶ
1194 3687 1302 3758 γὰρ
1331 3687 1530 3759 ἤχθετο
1582 3687 1704 3742 λίαν
1759 3687 1857 3742 καὶ

272 3775 580 3842 ἠγανάκτει
608 3777 704 3828 ἐπὶ
727 3779 796 3847 τῇ
830 3775 924 3830 τοῦ
959 3778 1225 3848 ὀνόματος
1261 3779 1572 3850 ἐπικλήσει,
1605 3781 1744 3852 ὅπερ
1786 3774 1856 3851 ἦν

275 3863 632 3932 Χριστιανοίς
667 3865 923 3938 σύνηθες,
955 3869 1040 3937 ἐφ’
1079 3863 1123 3937 ᾧ
1161 3869 1258 3922 καὶ
1309 3869 1598 3934 Ἰουδαίους
1639 3871 1857 3940 ὁρῶμεν

277 3955 362 4007 ἀεὶ
387 3954 868 4027 δυσχεραίνοντας.
908 3959 1144 4013 Ἔπειτα
1170 3959 1595 4032 παραχαράσσει
1625 3961 1720 4014 καὶ
1751 3977 1856 4014 πα-

283 4049 591 4114 ραποιεῖται
637 4047 742 4100 ὅσα
781 4048 875 4100 ἐπὶ
906 4049 984 4118 τῷ
1017 4050 1246 4120 ὀνόματι
1281 4051 1456 4122 αὐτῆς
1491 4051 1854 4124 ἐπεκέκλητο,

279 4139 374 4190 καὶ
409 4139 468 4190 ἐν
500 4137 677 4202 λιταῖς
704 4139 844 4208 πρὸς
872 4139 966 4192 τὸν
999 4141 1263 4211 τεχθέντα
1310 4142 1370 4210 ἐξ
1406 4143 1577 4216 αὑτῆς
1609 4144 1704 4198 καὶ
1733 4145 1858 4216 δεή-

283 4245 430 4282 σεσιν
460 4230 515 4283 ἐν
543 4228 784 4300 ᾅσμασιν
813 4231 899 4285 ἀεὶ
923 4230 1242 4300 ἁνεφώνουν
1266 4234 1408 4305 ὑπὲρ
1434 4235 1536 4304 τῆς
1557 4233 1650 4288 τοῦ
1674 4233 1854 4288 κοινοῦ

286 4319 482 4382 παντδς
507 4322 786 4392 σωτηρίας
815 4323 864 4375 οί
895 4323 1162 4394 δεόμενοιέ
1211 4325 1364 4378 Ἐπεὶ
1385 4325 1760 4396 ὁμολογοῦμέν
1793 4343 1854 4381 τε

285 4411 375 4463 καὶ
423 4413 797 4483 κηρύσσομεν,
845 4416 1128 4484 μεσιτείαν
1161 4416 1332 4489 αὐτὴν
1383 4418 1476 4471 καὶ
1515 4417 1856 4490 προστασίαν

1953 596 2162 651 testeris
2206 595 2528 664 imaginibus
2593 593 2773 649 dicere
2837 591 3039 646 vellet?
3101 605 3308 661 quasve
3347 601 3528 644 meme

1951 687 2169 741 molitur
2215 684 2688 740 machinationes?
2733 682 3001 736 Nimirum
3063 688 3350 750 postquam
3405 693 3527 746 por-

1953 785 2096 832 tenta
2121 777 2284 832 multa
2315 776 2655 848 iueptiasque
2692 775 2954 829 adversus
2985 771 3082 828 Dei
3121 769 3284 825 Verbi
3343 771 3524 824 incztr-

1951 870 2226 924 nationem
2277 868 2635 930 contexuerit,
2688 865 2756 920 ad
2802 863 3081 918 vesaniam
3133 878 3286 916 suam
3333 869 3566 916 centra,

1951 971 2257 1016 sanctorum
2282 959 2444 1014 etiam
2495 963 2842 1011 monumenta
2886 955 3050 1024 impie
3093 953 3517 1024 expromendaut
3561 1001 3568 1008 ,

1952 1052 2330 1114 decursurum,
2370 1049 2472 1118 ⁵1],
2505 1045 2716 1102 cunctis
2753 1052 2836 1100 est
2883 1045 3226 1113 exploratum
3285 1057 3302 1096 :
3361 1051 3524 1105 atque

1949 1143 2006 1198 in
2039 1141 2228 1212 primis
2255 1141 2516 1194 adversus
2550 1148 2863 1193 sanctorum
2896 1136 3228 1206 prmeipuam
3265 1142 3320 1185 et
3367 1145 3520 1185 creas

1955 1245 2199 1288 turarnm
2224 1231 2466 1286 omnium
2495 1223 2940 1285 sublimissimatn
2970 1227 3254 1282 Dominam
3277 1231 3524 1280 nostram

1953 1323 2349 1378 sanctissimam
2408 1319 2499 1376 Dei
2542 1321 2768 1375 Matrem
2809 1319 2946 1390 (80),
2998 1327 3057 1371 ut
3109 1325 3163 1371 et
3197 1309 3525 1386 ipsam-cunt

1951 1411 2090 1470 Filio
2116 1429 2214 1470 suo
2241 1413 2587 1471 contumeliis
2619 1413 2879 1484 exagitet.

2023 1693 2279 1760 Quaenam
2308 1706 2436 1748 vero
2463 1690 2572 1745 Deo
2595 1687 2812 1744 odibilis
2839 1687 3125 1756 atheaeqne
3150 1683 3298 1740 illius
3331 1682 3528 1737 animae

1954 1786 2176 1842 consilia
2199 1787 2332 1851 sint,
2357 1798 2536 1854 operae
2577 1782 2807 1852 pretium
2837 1789 2922 1837 εει
2955 1793 3288 1852 cognoscere
3327 1793 3340 1830 :
3397 1791 3524 1830 num

1955 1877 2163 1934 scilicet
2203 1876 2296 1930 hic
2321 1889 2536 1946 quoque
2578 1873 2968 1942 iudescriptum
2998 1881 3054 1926 et
3101 1867 3518 1926 incircumscri-

1955 1980 2103 2040 ptum
2123 1981 2384 2037 oggerere
2409 1966 2571 2032 velit;
2602 1964 2686 2019 vel
2704 1973 3018 2019 sanctorum
3047 1961 3526 2032 duplicitatem,ex

1955 2060 2155 2116 deitate
2182 2057 2432 2112 nimirum
2455 2065 2510 2109 et
2533 2055 2908 2111 humanitate?
2933 2053 3026 2108 Vel
3061 2053 3296 2107 fortasse
3332 2063 3522 2104 mente

1957 2147 2221 2210 revolvat,
2254 2146 2397 2215 quod
2429 2145 2546 2214 ejus
2580 2143 2880 2198 familiares
2927 2157 2992 2196 ac
3040 2141 3212 2196 duces
3243 2140 3290 2194 ei
3323 2138 3527 2202 amant,

1958 2254 2150 2310 nempe
2197 2246 2506 2294 sanctorum
2545 2248 2760 2305 quoque
2795 2233 3067 2303 duplicem
3113 2247 3236 2286 esse
3273 2232 3529 2285 substan-

1958 2330 2111 2394 tiam,
2138 2342 2203 2382 ex
2233 2325 2412 2380 anima
2437 2333 2492 2378 et
2511 2337 2776 2390 corpore;
2808 2337 2915 2391 quo
2949 2321 3046 2386 lit,
3096 2330 3156 2374 ut
3211 2319 3260 2374 si
3309 2320 3361 2374 hi
3401 2321 3523 2388 pin.

1957 2429 2172 2492 gantur,
2206 2418 2384 2472 anima
2411 2428 2626 2486 quoque
2659 2429 2779 2470 cum
2815 2413 2882 2468 iis
2901 2411 3212 2469 necessario
3256 2409 3527 2481 pingendi

1956 2515 2026 2570 sit
2053 2509 2421 2582 etiiguranda,
2459 2506 2544 2562 vel
2572 2513 2718 2562 certe
2750 2504 2836 2559 illa
2859 2519 2889 2558 a
2917 2518 3148 2573 corpore
3175 2503 3247 2558 sit
3273 2501 3529 2556 abfttlura

1957 2614 2076 2670 qua:
2103 2599 2306 2668 jamdiu
2335 2609 2401 2650 ex
2433 2597 2620 2650 eodem
2665 2593 2922 2650 excessit.
2984 2593 3160 2660 Atque
3213 2591 3288 2645 ita
3327 2589 3525 2660 quibus

1959 2690 2172 2762 ineptiis
2201 2687 2502 2757 fabulisqne
2525 2685 2669 2740 circa
2699 2682 2902 2740 Christi
2942 2683 3278 2753 hypostasitu
3321 2681 3524 2735 abusus

1956 2791 2058 2848 est,
2100 2779 2318 2835 easdem
2347 2779 2490 2833 circa
2516 2785 2734 2830 sanctos
2757 2789 2972 2845 quoque
3000 2788 3134 2828 vane
3163 2771 3390 2828 cli‘utiet.
3419 2770 3530 2826 Sed

1958 2882 2218 2942 quantum
2242 2886 2306 2926 ex
2343 2870 2411 2924 iis
2439 2883 2560 2938 qua:
2587 2867 2726 2921 dixit
2754 2865 2974 2938 egitque
3012 2863 3374 2935 portenditur,
3411 2875 3529 2914 mo-

1960 2950 2174 3016 litiones
2198 2957 2314 3028 ejus
2339 2971 2667 3030 cognoscere
2707 2970 2812 3010 non
2847 2967 2930 3011 est
2959 2955 3210 3009 arduum.
3238 2951 3374 3006 Nam
3403 2951 3530 3020 quia

1960 3053 2196 3108 nihilost
2233 3064 2460 3122 pravum
2501 3063 2565 3104 ac
2597 3048 2818 3118 impium
2841 3086 2858 3114 ,
2895 3046 3038 3116 quod
3095 3044 3359 3103 adversus
3388 3042 3529 3100 divi-

1961 3161 2084 3200 nam
2117 3143 2451 3213 majestalem
2495 3151 2824 3210 sanctosque
2872 3154 2981 3196 non
3017 3137 3092 3193 sit
3141 3137 3529 3200 machinatus;

1960 3235 2093 3290 nihil
2118 3233 2405 3290 scelestum
2439 3241 2493 3288 et
2541 3232 2819 3304 indignum
2853 3230 2997 3302 quod
3046 3231 3149 3286 hoc
3201 3229 3256 3282 in
3313 3227 3532 3296 negotio

1958 3341 2064 3381 non
2093 3325 2522 3396 perpetraverit;
2549 3336 2785 3394 cumque
2814 3322 2949 3378 nihil
2995 3321 3114 3378 sine
3142 3319 3411 3387 vituperio
3468 3331 3536 3372 ac
3597 3375 3608 3382 ,

1957 3417 2379 3486 reprehensione
2421 3416 2473 3469 in
2501 3415 2714 3469 sincera
2739 3423 2920 3468 nostra
2953 3412 3057 3468 llde
3089 3411 3409 3484 reliquerit,
3445 3409 3525 3462 id-

1957 3508 2104 3563 circo
2149 3507 2381 3576 primum
2427 3504 2642 3575 quidem
2692 3503 2946 3559 abdicare
2997 3503 3162 3556 audet
3205 3499 3533 3556 vocabulum

1959 3599 2212 3668 Deipara,
2245 3607 2412 3666 atque
2457 3596 2679 3652 omnino
2729 3609 2795 3650 ex
2835 3593 3274 3649 CbriStianorum
3330 3589 3532 3658 linguis

1957 3699 2232 3748 excutere.
2267 3689 2402 3744 Nam
2425 3688 2582 3744 valde
2621 3686 2880 3742 irascitur
2914 3700 2977 3740 ac
3029 3685 3410 3740 stomachetur.
3465 3683 3534 3737 ad

1957 3781 2368 3847 bujusnominis
2397 3780 2816 3842 invocationem,
2847 3776 2991 3846 quod
3029 3785 3207 3830 tamen
3260 3773 3534 3830 Christiaw

1958 3873 2044 3929 nis
2067 3884 2146 3928 est
2172 3871 2460 3934 fattiiliare,
2502 3879 2556 3924 ct
2589 3869 2654 3924 de
2685 3883 2792 3938 quo
2826 3865 3040 3924 .Iutlaeos
3071 3867 3417 3939 indignantes
3458 3865 3536 3918 vi-

1957 3965 2167 4020 demus.
2227 3962 2429 4018 Deinde
2463 3961 2606 4016 delet
2660 3968 2715 4015 et
2757 3959 2942 4014 abolet
2980 3951 3406 4030 quacunquc'in
3437 3974 3537 4010 no-
3581 3950 3595 3966 '

1958 4055 2102 4110 mine
2123 4053 2242 4124 ejus
2287 4052 2676 4116 implorantnr,
2713 4065 2940 4120 qumque
2976 4051 3029 4104 in
3073 4049 3282 4104 litaniis
3317 4050 3382 4101 ad
3418 4048 3536 4116 ejus

1957 4137 2172 4202 Filium,
2212 4139 2574 4208 precibusque
2633 4145 2688 4191 et
2739 4137 2971 4192 canticis
3023 4137 3238 4192 assidue
3296 4137 3536 4190 clamant

1957 4243 2054 4300 pro
2087 4228 2360 4283 communi
2409 4228 2586 4282 salute
2622 4227 2658 4282 ii
2707 4227 2798 4296 qui
2846 4237 3028 4281 orant.
3078 4227 3532 4296 Quandoquidem

1957 4320 2278 4391 proﬁtemur
2305 4326 2361 4374 et
2406 4317 2769 4388 praedicamus
2828 4317 3200 4372 mediatricem
3253 4333 3374 4373 eam
3413 4332 3535 4384 esse

1958 4409 2300 4480 validamque
2333 4408 2473 4478 apud
2526 4407 2717 4462 Filium
2761 4418 3067 4478 patronam,
3094 4410 3162 4464 ob
3217 4425 3370 4464 suam
3424 4425 3538 4463 ma-

285 4502 495 4574 ἀσοξαλῆ
545 4505 685 4577 πρὶς
744 4507 908 4560 αὑτὸν
959 4508 1284 4580 κεκτῆσθαι,
1350 4509 1416 4563 δι’
1455 4511 1522 4580 ἢν
1583 4511 1853 4582 μητρικὴν

1965 4502 2100 4558 terni
2135 4501 2314 4556 meriti
2339 4499 2740 4576 ﬁduciam(8l).
2785 4500 3028 4570 Denique
3075 4515 3266 4571 preces
3305 4501 3370 4554 ad
3411 4515 3530 4555 eam

288 4595 593 4666 παρρησίαν
642 4596 778 4666 ἔχει.
829 4599 940 4654 Καὶ
977 4599 1164 4654 τέλεον
1210 4603 1310 4666 τὰς
1349 4601 1646 4672 πρεσϐείας
1681 4602 1854 4673 αὐτῆς

288 4683 658 4750 ἀπαναίνεται,
704 4687 766 4752 ἐξ
795 4681 872 4743 ὧν
904 4692 1019 4754 τοῖς
1047 4692 1361 4762 δεχομένοις
1390 4693 1545 4748 αἰκία
1573 4693 1635 4746 οὑ
1677 4693 1854 4763 μικρὰ

289 4773 320 4841 ἦ
351 4775 470 4847 δίκη
492 4777 796 4850 ἐπήρτητο.
829 4780 941 4832 Καὶ
968 4779 1022 4832 τί
1055 4781 1162 4852 χρὴ
1192 4783 1260 4836 τὰ
1289 4783 1628 4838 καθέκαστον
1648 4784 1848 4854 λέγειν,

293 4866 420 4932 μηδέ
478 4868 704 4939 μνήμην
769 4869 1022 4942 ὁπωσοῦν
1069 4871 1163 4924 τοῦ
1228 4874 1490 4944 ὀνόματος
1535 4875 1853 4944 ἐγγίνεσθαι

291 4955 532 5024 πώποτες
562 4959 701 5030 Περὶ
731 4960 841 5032 γὰρ
871 4961 982 5015 τῶν
1027 4962 1203 5016 ἄλλων
1236 4963 1408 5033 ἁγίων
1437 4966 1488 5020 τί
1519 4967 1606 5020 δεῖ
1641 4967 1854 5040 μακρό-

291 5063 438 5117 τερον
482 5051 745 5116 διεξιέναι
795 5053 865 5107 τὰ
927 5054 1060 5122 νῦν;
1105 5057 1180 5110 Οὑ
1227 5057 1337 5130 γὰρ
1386 5059 1562 5129 λόγοις
1616 5061 1856 5132 ἀνιέροις

293 5137 632 5207 ἐκφαυλίζειν
675 5145 772 5199 καὶ
799 5146 1188 5202 ἀποσκώπτειν
1210 5150 1286 5214 ὠς
1313 5149 1571 5222 αἴσχιστα
1607 5153 1856 5224 ἀποχρῆν

294 5231 526 5300 ἡγήσατο
557 5235 745 5304 μόνον,
782 5238 926 5291 αὑτὰ
949 5238 1008 5294 δὲ
1036 5239 1107 5294 τὰ
1143 5240 1266 5310 ἱερὰ
1287 5243 1381 5296 καὶ
1421 5243 1696 5308 σεϐάσμια
1728 5243 1853 5298 τού-

297 5333 397 5373 των
414 5322 657 5394 λείψανα,
673 5329 848 5396 πυρὸς
874 5329 1122 5401 δαπάνην
1150 5334 1422 5404 πεποίηκε
1439 5336 1533 5388 καὶ
1563 5336 1850 5405 ἀνάλωμα.

364 5420 417 5471 ε’.
459 5418 609 5472 Ἐπεὶ
633 5419 692 5473 δὲ
729 5419 878 5489 ἆπαξ
909 5423 1130 5496 Χριστῷ
1166 5425 1260 5478 καὶ
1301 5425 1648 5498 Χριστιανοῑς
1678 5425 1848 5480 ἆπασι

359 5609 460 5696 (Sil)
486 5613 560 5669 De
595 5617 884 5696 vocabulis
909 5617 1250 5696 Geo-coxoget
1278 5620 1581 5694 Θεομήτωρ
1615 5624 1756 5696 vide,
1789 5625 1834 5678 si

300 5691 474 5744 vacat,
519 5700 644 5748 quae
706 5687 760 5737 in
818 5687 924 5740 alio
991 5690 1261 5744 volumine
1309 5687 1405 5746 nos
1452 5687 1837 5748 adnotavimus

301 5749 357 5802 ad
377 5757 539 5809 sancti
573 5754 765 5825 Cyr.lli
789 5765 1080 5813 tractatum
1106 5761 1168 5815 de
1209 5762 1431 5828 Deipara
1461 5778 1515 5830 p.
1561 5763 1676 5818 1ιίοζ

1960 4609 2180 4665 prorsus
2197 4593 2312 4648 ﬁeri
2343 4601 2524 4658 vetat,
2567 4609 2704 4664 quas
2731 4595 2775 4649 si
2808 4594 2899 4664 qui
2929 4593 3280 4649 nihilominus
3305 4593 3532 4655 faciunt,

1963 4705 2069 4746 non
2102 4687 2388 4743 mediocris
2415 4700 2572 4756 poena
2612 4696 2776 4756 atque
2827 4685 2959 4740 ultio
3011 4685 3360 4755 impcmlebit.
3427 4683 3536 4739 Sed

1961 4782 2090 4854 quid
2143 4795 2278 4852 opus
2324 4789 2410 4836 est
2455 4779 2665 4850 singula
2700 4775 2975 4848 persequi,
3021 4791 3144 4832 cum
3201 4792 3268 4830 ne
3331 4792 3528 4832 nomen

1961 4872 2178 4943 quidem
2233 4871 2376 4927 illius
2430 4869 2722 4924 memorari
2773 4883 2998 4942 nsquam
3041 4867 3212 4924 velit?
3240 4866 3359 4928 lam
3386 4869 3539 4924 etde

1961 4963 2173 5018 caneris
2201 4962 2406 5020 sanctis
2441 4977 2537 5016 cur
2565 4961 2616 5014 in
2642 4956 2898 5032 praesenti
2933 4959 3260 5028 loquendum
3283 4949 3358 5015 sit
3379 4960 3402 5016 Ἰ
3422 4959 3536 5012 bon

1961 5056 2104 5108 enim
2135 5070 2230 5110 eos
2247 5055 2521 5124 sacrilegis
2559 5053 2937 5108 tantummodo
2972 5054 3150 5108 verbis
3183 5067 3444 5123 aperuere
3482 5065 3538 5106 et

1967 5145 2193 5200 irridere
2220 5145 2524 5214 turpissime
2546 5155 2834 5200 contentus
2876 5145 2976 5200 fuit
3001 5185 3018 5210 ,
3052 5145 3146 5201 sed
3181 5147 3324 5216 ipsas
3346 5157 3532 5200 sacras

1963 5239 2407 5306 vertet-undasque
2438 5237 2648 5290 illortun
2680 5237 2936 5307 reliquias
2968 5238 3020 5293 in
3048 5239 3226 5308 ignem
3255 5237 3529 5304 conjertas

1959 5332 2314 5399 consumpsit.
2443 5337 2474 5345 "

2029 5423 2084 5481 5.
2116 5423 2402 5492 Postquam
2447 5439 2576 5478 vero
2623 5425 2792 5482 semel
2849 5425 3065 5480 Christo
3116 5432 3171 5477 et
3203 5418 3531 5479 Christianis

2022 5621 2134 5692 (81)
2171 5622 2367 5679 Recole
2407 5639 2436 5679 a
2470 5625 2628 5680 nobis
2677 5627 2814 5679 dicta
2861 5624 2916 5677 in
2969 5621 3152 5676 atlnot.
3207 5621 3275 5678 ad
3336 5619 3530 5682 Aniih

1951 5692 2213 5750 rhrticum
2247 5694 2286 5759 Ι,
2320 5697 2443 5765 (col.
2478 5697 2603 5762 ΞΠ,
2641 5706 2751 5748 not.
2787 5693 2894 5761 ii).
