3994 6198
251 347 368 415 345

965 347 1590 410 ANTIRRHETICUS
1639 349 1699 410 II
1751 350 1921 412 ADV.
1962 352 2557 416 CONSTANTINUM
2594 353 2809 415 COPR.

3411 349 3517 414 3-i6

249 461 458 526 κάτων,
483 458 580 514 καὶ¹
608 457 821 521 πολλοῖς
845 457 1300 530 ἀνδραγαθήμασι
1335 458 1430 512 καὶ
1459 459 1842 528 ἀγωνίσμασιν

1948 461 2134 528 minia,
2167 472 2429 532 quantum
2462 464 2515 517 in
2542 463 2660 532 ipso
2691 460 2812 528 fuit,
2840 468 2894 515 et
2933 459 3157 516 infamia
3188 459 3388 515 obruit.
3427 459 3521 514 Hae

249 551 689 624 ἐμπρεψάντων,
729 549 826 604 καὶ
870 548 949 619 τῷ
983 548 1312 620 μαρτυρικῷ
1356 550 1500 602 τέλει
1539 550 1639 621 τὴν
1693 547 1841 620 ζωὴν

249 641 760 714 παμμειψάντων,
800 640 878 704 ὡς
927 635 1040 694 οἷόν
1069 657 1128 693 τε
1173 635 1244 710 ἦν
1274 639 1448 709 αὐτῷ,
1488 640 1551 694 τὸ
1582 640 1843 704 δυσκλεὲς

252 734 553 804 καταχέειν
584 734 680 787 καὶ
701 729 906 798 ἄδοξον.
931 731 1177 785 Τοιαῦτα
1203 727 1272 803 ἦν
1297 731 1448 802 αὐτῷ
1469 730 1538 784 τὰ
1562 731 1706 784 κο.τά
1732 731 1843 784 τῶν

253 825 440 892 ἁγίων
465 822 861 892 νεανιεύματα,
884 820 1116 876 τοιαῦτα
1144 824 1237 875 καὶ
1257 822 1325 874 τὰ
1363 821 1505 874 κατὰ
1533 821 1642 874 τῶν
1677 821 1843 876 ὁσίων

250 915 774 986 ἀνοσιουργήματα,
807 912 1017 984 ταύτην
1046 913 1147 982 τῆς
1177 914 1257 974 εἰς
1281 913 1374 964 τὸν
1398 911 1510 982 βίον
1539 911 1841 982 εὐημερίας

249 1005 363 1077 τὴν
388 1005 471 1068 είς
510 1003 648 1057 Θεδν
671 1003 768 1057 καὶ
796 1004 928 1066 τοὺς
957 1003 1149 1072 ἁγίους
1185 1002 1368 1074 ὕϐριν,
1396 1002 1668 1058 ἀντίδοσιν
1699 1004 1844 1072 ἡγη-

253 1097 511 1167 σαμένῳ.
549 1096 800 1167 Παρίημι
847 1094 1029 1165 λέγειν
1078 1095 1146 1148 τὰ
1192 1093 1290 1149 νῦν
1322 1096 1424 1148 ὅσα
1460 1094 1559 1149 καὶ
1609 1089 1699 1147 οἵα
1743 1092 1841 1146 τοῦ

249 1184 628 1253 εὐαγγελικοῦ
657 1185 1019 1256 κηρύγματος
1054 1183 1504 1253 κατεφλυάρησε.
1535 1181 1628 1235 καὶ
1661 1182 1843 1234 πᾶσαν

250 1277 627 1348 εὖαγγελικὴν
647 1277 924 1330 πολιτείαν
948 1274 1230 1341 διέπτυσε,
1259 1274 1356 1328 καὶ
1381 1272 1520 1343 πρὸς
1548 1271 1610 1325 τὸ
1637 1273 1841 1326 οἰκεῖον

251 1369 509 1438 ἐμπαθὲς
559 1369 650 1420 καὶ
699 1366 974 1437 μοχθηρὸν
1007 1365 1223 1434 θέλημα
1270 1364 1363 1417 τὸν
1393 1362 1503 1417 τῶν
1537 1361 1843 1433 ἀνθρώπων

255 1455 374 1525 βίον
427 1454 906 1528 μεταρρυθμίζειν
950 1453 1290 1517 ἐσπούδαζε·
1346 1451 1580 1506 τοιοῦτοί
1619 1454 1756 1505 είσιν
1792 1455 1841 1505 οί

255 1546 480 1608 σκοποὶ,
519 1545 594 1608 ὠς
649 1547 709 1596 ἐν
749 1543 947 1616 βραχεῖ
1003 1543 1383 1615 παραστῆσαι,
1419 1542 1514 1606 οὒς
1572 1544 1843 1614 προάγειν

253 1637 556 1706 ὑπέσχετο,
586 1637 656 1690 τά
680 1654 738 1689 τε
765 1637 948 1707 διανοή
958 1654 1105 1706 ματα
1126 1636 1224 1690 καὶ
1251 1635 1614 1706 βουλεύματα,
1637 1635 1673 1690 ἃ
1701 1635 1843 1688 κατά

250 1729 357 1797 τῆς
394 1726 675 1790 ἀπλανοῦς
698 1727 856 1796 ἡμῶν
874 1727 1115 1790 πίστεως
1133 1727 1229 1780 καὶ
1256 1725 1706 1796 ἀγγελομιμήτου
1732 1725 1842 1778 τῶν

1943 552 2163 609 fuerunt
2181 554 2449 624 juveniles
2485 553 2604 625 ejus
2637 553 2900 609 adversus
2925 562 3146 608 sanctos
3184 551 3519 622 petulantiae.

1944 641 2058 696 haec
2089 642 2251 712 impia
2283 643 2544 697 adversus
2565 641 2742 710 iustos
2777 641 3042 705 facinora,
3079 642 3219 696 hanc
3257 639 3523 710 judicavit

1942 730 2122 786 facere
2151 720 2670 797 remunerationem,
2701 744 2800 800 pro
2838 743 2938 784 sua
2987 729 3148 796 hujus
3174 728 3300 782 vita:
3346 726 3522 782 fclici-

1943 830 2074 887 tate,
2111 822 2165 876 in
2201 822 2366 876 Deum
2409 821 2619 876 scilicet
2669 830 2724 875 et
2767 831 2983 876 sanctos
3042 820 3320 889 injuriam.
3369 820 3525 876 Mitto

1943 928 2090 968 nunc
2140 913 2322 980 dicere
2375 922 2506 984 quot
2565 921 2877 981 quantaque
2915 921 3101 966 contra
3154 911 3520 980 evangelicatu

1939 1001 2246 1079 doctrinam
2284 1003 2645 1070 insanivcrit,
2695 1013 2752 1056 ut
2801 1003 3171 1072 evangelicam
3221 1011 3387 1055 totam
3438 1001 3522 1056 vi-

1945 1103 2052 1149 tam
2079 1093 2373 1163 despuerit,
2412 1103 2575 1162 atque
2602 1093 2668 1147 ad
2702 1107 2856 1146 suam
2884 1092 3158 1146 carnalem
3189 1089 3523 1158 improbam-

1942 1197 2048 1253 que
2074 1185 2406 1238 voluntatem
2449 1197 2628 1237 mores
2671 1182 2948 1236 hominum
2991 1182 3308 1249 pertrahere
3355 1197 3524 1235 coua-
3626 1244 3627 1247 η

1945 1284 2031 1328 tus
2056 1275 2146 1329 sit.
2181 1273 2305 1328 Haec
2327 1283 2452 1328 sunt
2484 1274 2781 1337 moiimina,
2816 1282 2868 1325 ut
2907 1273 3142 1326 breviter
3172 1272 3368 1332 dicam,
3405 1285 3524 1339 qum

1942 1365 2389 1434 deprompturum
2441 1380 2501 1420 se
2559 1364 2943 1432 promittebat;
2997 1363 3259 1418 lim-Sunt
3321 1362 3522 1416 mentis

1944 1457 2330 1524 conceptiones
2360 1471 2424 1510 ac
2472 1456 2916 1516 deliberationes,
2953 1469 3094 1524 quas
3139 1453 3404 1507 adversus
3431 1451 3522 1505 in-

1945 1545 2221 1600 fallibilem
2243 1557 2482 1601 nostram
2515 1546 2698 1608 ﬁdem,
2729 1558 2782 1598 et
2817 1545 3130 1614 angelorum
3169 1541 3520 1602 imitatricem

1943 1637 2378 1692 Christianorum
2417 1637 2582 1690 vitam
2645 1637 2732 1690 hic
2780 1635 2982 1690 Christi
3042 1633 3214 1688 hostis
3259 1631 3524 1686 molieba-

1946 1738 2053 1782 tur.
2087 1729 2192 1783 Sed
2213 1727 2324 1796 jam
2360 1728 2483 1782 belli
2513 1739 2703 1782 contra
2741 1735 2980 1787 sanctos,
3015 1725 3108 1793 qui
3169 1723 3454 1776 Dominum
3492 1737 3523 1777 a

252 1819 613 1888 Χριστιανῶν
628 1817 905 1881 πολιτείας
922 1816 1327 1889 Χριστομαχῶν
1345 1817 1680 1871 ἐτέκταινεν.
1698 1817 1840 1870 Ἀλλ’

1948 1819 2147 1872 sacculo
2178 1820 2229 1872 in
2271 1827 2416 1872 terra
2445 1817 2922 1888 gloriﬁcaverunt,
2958 1815 3047 1868 hic
3080 1813 3202 1867 linis
3235 1813 3342 1878 sit;
3373 1809 3523 1880 ejus-

252 1911 283 1960 ὁ
316 1911 420 1978 μὲν
469 1909 616 1962 κατά
658 1909 769 1962 τῶν
815 1909 988 1976 ἁγίων
1029 1908 1267 1979 πόλεμος
1313 1908 1421 1960 τῶν
1448 1908 1543 1961 ἐπὶ
1594 1909 1697 1978 γῆς
1745 1909 1841 1961 ἀπ’

240 1999 461 2068 ,αἰῶνος
491 1999 827 2063 δοξαζόντων
851 1998 944 2051 τὸν
961 1998 1188 2066 Κύριον,
1212 1996 1448 2050 ἐνταῦθα
1463 1997 1841 2064 καταλυέσθω,

256 2093 359 2143 καὶ
417 2093 466 2143 oi
512 2091 708 2144 σκοποὶ
741 2089 836 2152 οὒς
871 2091 1212 2160 προαγαγεῖν
1248 2089 1506 2152 ἀσκόπως
1539 2091 1635 2143 καὶ
1665 2089 1844 2151 ἀθέως

256 2182 432 2246 εδοξε,
471 2182 913 2253 παρατηρήσεως
943 2180 1043 2248 τῆς
1087 2180 1338 2234 ὁπωσοῦν
1384 2179 1537 2244 ἄνευ,
1573 2179 1669 2234 καὶ
1714 2181 1844 2243 τοὺς

257 2273 438 2333 θείους
489 2271 671 2325 αὐτῶν
713 2273 914 2334 ο”κους,
950 2271 1176 2333 καὶτὰς
1223 2270 1374 2340 ίεράς
1406 2269 1587 2322 αὐτῶν
1626 2269 1846 2340 μνήμας

257 2363 625 2432 καθυϐρῖσας,
683 2362 837 2425 τέλος
885 2343 1182 2430 ἐχέτωσανῖ
1223 2355 1392 2423 Οὗτος
1445 2359 1502 2413 δὲ
1553 2360 1628 2420 ὡς
1673 2359 1846 2430 μικρά

255 2451 637 2524 κατορθωκὼς
666 2451 775 2504 τῶν
811 2449 1229 2520 σκοπουμένων,
1251 2449 1346 2503 καὶ
1383 2447 1600 2520 μεγᾴλα
1633 2445 1848 2516 ζημιω-

257 2547 521 2615 σόμενος,
545 2545 596 2598 εί
617 2543 780 2616 μέχρι
801 2541 994 2597 τούτου
1017 2541 1201 2613 σταίη,
1224 2539 1601 2612 ἐχαλέπαινεν,
1619 2532 1679 2592 εὖ
1705 2532 1844 2604 οῖδα,

255 2638 309 2688 εί
347 2635 422 2705 μὴ
460 2635 558 2688 καὶ⁵
594 2637 705 2698 τοῖς
732 2633 1081 2704 λειπομένοις
1102 2630 1348 2686 ἐπέλθοι.

335 2727 401 2791 ζ’.
432 2727 502 2779 Τί
532 2727 642 2798 γὰρ
686 2725 855 2796 ἔφησε
890 2725 1019 2795 περὶ
1062 2723 1172 2777 τῶν
1197 2724 1320 2777 κατ’
1371 2721 1640 2793 οὐρανοὺς
1669 2720 1844 2796 ἀγίων

256 2820 360 2872 καὶ
393 2815 788 2889 ὑπερκοσμίων
827 2813 1146 2884 δυνάμεων;
1183 2813 1341 2875 Τίνες
1367 2813 1462 2867 καὶ
1489 2815 1662 2866 ὁποῖοι
1697 2811 1846 2883 αὐτῷ

256 2909 312 2962 οἱ
346 2907 548 2960 σκοποὶ
579 2904 672 2969 οὓς
730 2903 994 2975 προάγειν
1031 2901 1308 2964 ἐϐούλετο,
1360 2901 1430 2954 δι’
1464 2893 1540 2954 ὧν
1584 2901 1682 2954 καὶ
1745 2900 1846 2971 τὴν

257 2999 480 3062 τούτοις
514 2997 875 3068 ἐξεργάσαιτο
903 2993 1254 3066 παρανομίαν
1271 3009 1287 3059 ;
1304 2993 1506 3056 ποίους
1530 2991 1847 3064 φληνάφους

259 3090 360 3144 καὶ
405 3088 792 3160 τερατολογίας
835 3085 1080 3158 ἐξευρεῖν
1122 3085 1260 3156 πρὸς
1297 3083 1618 3154 δυσφημίαν
1665 3081 1846 3136 αὐτῶν

1945 1922 2050 1977 que
2065 1909 2290 1964 consilia
2329 1924 2449 1977 quae
2471 1906 2779 1963 inconsulto
2802 1917 2857 1961 et
2887 1905 3188 1974 irreligiose
3223 1905 3525 1973 producere

1945 2000 2178 2060 volebat,
2213 2000 2332 2054 sine
2381 2000 2488 2054 ullo
2526 2008 2800 2067 respectu,
2838 1996 3176 2052 venerandas
3206 2004 3522 2050 sanctorum

1945 2107 2239 2163 sacrasque
2287 2092 2580 2146 memorias
2625 2091 3022 2145 contumeliose
3062 2088 3382 2151 tractando,
3429 2089 3525 2142 de-

1947 2197 2094 2236 mum
2148 2181 2417 2234 desinant.
2477 2178 2574 2234 llle
2620 2188 2799 2234 autem
2858 2193 3028 2248 pauca
3090 2192 3122 2231 e
3167 2176 3352 2230 multis
3400 2190 3524 2244 qua

1946 2273 2128 2327 animo
2153 2272 2521 2326 destinaverat
2550 2280 2878 2335 exsecutus,
2941 2283 3243 2339 magnaque
3303 2268 3525 2335 insuper

1946 2364 1990 2418 si
2025 2364 2230 2418 diutius
2260 2363 2502 2418 stetisset
2527 2361 2860 2418 detrimenta
2888 2360 3174 2422 illaturus,
3208 2359 3327 2413 sine
3357 2357 3524 2411 dubio

1945 2469 2091 2525 aegre
2139 2453 2311 2510 ferret
2356 2454 2402 2509 si
2453 2454 2698 2522 viveret,
2745 2453 2852 2509 nisi
2905 2462 2961 2507 et
3013 2450 3219 2520 reliqua
3269 2463 3526 2506 consum-

1947 2552 2174 2600 masset.

2017 2731 2070 2784 7.
2103 2727 2242 2796 Quid
2281 2727 2428 2782 enim
2481 2727 2550 2782 de
2585 2725 2896 2782 cmlestibus
2949 2724 3182 2779 dixisset
3211 2723 3416 2778 sanctis
3460 2736 3526 2778 ac

1947 2817 2408 2890 supramuudanis
2444 2816 2740 2886 potentiis?
2763 2814 2915 2881 Quod
2957 2829 3128 2882 genus
3169 2812 3398 2868 fuissent
3429 2813 3526 2866 de-

1947 2911 2300 2966 liberationes
2361 2907 2515 2976 ejus,
2563 2921 2700 2975 quas
2751 2913 2869 2960 erat
2919 2904 3251 2974 prolaturus,
3307 2912 3368 2958 ut
3417 2903 3526 2957 illis

1901 3014 1905 3026 ί
1946 3003 2108 3057 etiam
2154 2987 2446 3071 negotium.
2482 2998 2666 3068 inique
2720 2995 3056 3051 lacesseret?
3101 2995 3289 3064 quales
3353 3006 3526 3061 nugas

1950 3102 2112 3162 atque
2179 3092 2486 3160 prtestigias
2569 3089 2884 3143 adinvenire
2938 3087 3007 3142 ob
3065 3085 3346 3140 infamiam
3421 3084 3527 3139 illis

260 3178 771 3250 ἐκμηχανὼμενοςς
811 3177 967 3232 Ἐπεὶ
998 3176 1151 3248 αὐτῷ
1173 3177 1364 3248 καιρὸς
1393 3177 1578 3230 ἀνεῖτο
1605 3173 1843 3229 διασκώ-

1950 3161 2336 3252 aspergendam
2373 3179 2478 3250 73
2508 3179 2784 3234 curasset?
2814 3177 3078 3245 Quoniam
3111 3176 3160 3230 ei
3189 3177 3404 3231 occasio
3443 3175 3527 3229 l'a-

263 3289 426 3324 πτειν
459 3270 559 3323 καὶ⁵
613 3269 924 3338 περαίνειν,
961 3269 1024 3321 τδ
1075 3268 1490 3340 ἀπερίγραπτον
1541 3266 1846 3340 ἐπιγράψαι

262 3365 377 3426 τοῖς
423 3361 685 3430 ἀγγέλοις
728 3363 1052 3433 προήγαγε·
1110 3359 1274 3428 δῆλον
1319 3361 1483 3414 παντὶ
1513 3360 1542 3413 δ
1578 3361 1642 3432 δὴ
1693 3360 1846 3430 φίλον

263 3453 417 3522 αὑτῷ
451 3453 550 3508 καὶ
582 3453 836 3522 σύνηθες,
862 3452 960 3506 καὶ
998 3453 1065 3522 τῇ
1112 3451 1240 3524 δόξῃ
1274 3455 1340 3522 τῇ
1369 3451 1623 3504 δυσσεϐεῖ
1663 3468 1848 3505 συναι-

268 3543 524 3614 ρόμενον.
567 3541 1042 3612 ’Δπεριγράπτους
1071 3540 1287 3612 γὰρ-ἀν
1339 3557 1425 3602 τις
1457 3540 1656 3602 αὐτοὺς
1686 3540 1843 3611 φαίη,

262 3632 382 3686 ἀλλ’
427 3633 493 3685 οὐ
549 3633 762 3699 πάντη·
804 3630 885 3701 τῷ
928 3626 1134 3701 ἦρχθαι
1202 3629 1311 3700 γὰρ
1385 3628 1844 3700 περιγράφονται.

262 3726 505 3804 ἐπείπερ
534 3726 630 3779 καὶ
651 3726 806 3779 αὐτοὶ
831 3723 929 3778 τοῦ
959 3719 1100 3777 εἶναι
1129 3721 1384 3794 ἤρξαντο.
1415 3720 1483 3775 Ὀ
1511 3721 1568 3773 δὲ
1591 3719 1684 3775 τοῦ
1708 3716 1847 3774 εἶναι

260 3817 522 3870 ὁπωσοῦν
577 3815 806 3887 ἤρξατο,
848 3814 1199 3886 περιγραφῆς
1255 3813 1317 3866 οὐ
1360 3813 1595 3882 πάμπαν
1629 3810 1846 3864 ἐλεύθε-

265 3924 361 3976 ρον
382 3923 397 3936 ·
423 3906 523 3959 καὶ
551 3906 832 3977 κτίσματά
853 3923 916 3974 γε
940 3905 1115 3969 ὅντες,
1151 3903 1256 3957 ὑπὸ
1291 3903 1384 3958 τοῦ
1414 3903 1711 3965 Κτίσαντος
1742 3900 1852 3972 ὁρί-

264 3997 476 4061 ζονται.
531 3996 692 4049 Ἀλλὰ
725 3996 832 4067 μὴν
877 3995 997 4050 και
1029 3993 1333 4063 καταλήψει
1383 3993 1843 4062 περιγράφονται.

264 4089 423 4144 Καθὸ
456 4089 568 4160 γὰρ
621 4089 740 4151 νόες
780 4089 906 4154 εἰσὶ,
953 4086 1302 4140 κοινωνοῦσιν
1333 4083 1585 4152 ἀλλήλοις
1618 4082 1748 4153 περὶ
1779 4083 1849 4136 τὰ

262 4184 544 4251 νοήματα.
575 4181 670 4233 καὶ
702 4180 800 4250 τὴν
826 4179 989 4248 φύσιν
1023 4179 1116 4231 ἐπὶ
1147 4178 1315 4231 ποσὸν
1341 4176 1590 4247 ἀλλήλων
1620 4175 1801 4229 ῐσασιν
1830 4191 1844 4206 ·

263 4271 322 4323 ἐν
354 4273 470 4341 γὰρ
500 4266 639 4332 εἶδος
668 4269 1023 4340 περιγραφῆς
1056 4267 1153 4320 καὶ
1182 4269 1216 4338 ή
1262 4266 1589 4336 κατάληψις.
1624 4266 1762 4328 Νόες
1788 4265 1847 4318 δέ

261 4367 442 4425 ὄντες,
484 4365 578 4415 καὶ
607 4365 665 4415 ἐν
695 4363 881 4422 τόποις
911 4362 1123 4430 νοητοῖς
1171 4361 1313 4411 είσιν
1334 4375 1348 4388 ·
1403 4358 1464 4412 οὐ
1511 4347 1618 4429 μήν
1647 4375 1710 4422 γε.
1743 4375 1848 4411 σωο

1946 3273 2346 3341 vchatjocandi
2402 3282 2459 3326 et
2503 3270 2839 3342 propositum
2875 3284 3032 3324 suum
3081 3266 3523 3330 consummaudi,

1947 3363 2566 3434 incircumscriptionern
2593 3361 2798 3431 angelis
2829 3374 3046 3431 quoque
3075 3360 3378 3414 attribuere
3425 3373 3526 3428 ag-

1947 3472 2167 3526 gressus
2197 3456 2422 3521 l'uisset;
2454 3455 2597 3524 quod
2636 3466 2795 3506 nemo
2832 3467 2936 3505 non
2977 3451 3124 3504 videt
3151 3458 3364 3518 gratum
3423 3449 3536 3516 ipsis

1948 3549 2187 3603 futurum
2217 3547 2381 3602 fuisse
2405 3555 2459 3600 et
2485 3556 2804 3600 consuetum
2836 3542 3123 3611 impiaeque
3156 3553 3267 3594 suae
3301 3549 3526 3594 senten-

1949 3641 2038 3694 tiae
2068 3638 2440 3694 subservieus.
2469 3634 2715 3704 Namque
2751 3630 2975 3700 angelos
3011 3627 3524 3698 incircumscriptos

1949 3733 2092 3786 dicet
2120 3730 2336 3800 quidem
2371 3727 2592 3794 aliquis,
2627 3725 2722 3779 sed
2754 3737 2857 3778 non
2887 3722 3148 3788 omnino;
3175 3721 3375 3775 etenim
3409 3721 3524 3774 ori-

1948 3825 2074 3892 gine
2117 3830 2268 3876 certe
2297 3819 2842 3879 circumscribuntur,
2869 3816 2996 3884 quia
3028 3823 3083 3868 et
3112 3813 3211 3882 ipsi
3241 3821 3525 3878 cmperunt

1947 3914 2235 3968 exsistere.
2279 3910 2431 3977 Quod
2459 3917 2635 3963 autem
2660 3906 3148 3977 quomodocuuque
3180 3919 3302 3958 esse
3337 3904 3522 3970 C(Bpil,

1949 4022 2054 4059 non
2088 4004 2314 4059 omnino
2345 3999 2862 4064 circumscriptione
2913 4007 3100 4062 caret;
3143 4009 3376 4064 cumque
3419 3995 3530 4046 sint

1947 4105 2236 4160 creatura,
2270 4108 2298 4146 a
2336 4092 2606 4147 Creatore
2641 4089 2946 4142 litnitantur
3020 4086 3134 4140 lmo
3169 4087 3331 4139 etiam
3368 4083 3529 4138 intel-

1949 4184 2161 4239 lectuali
2184 4180 2675 4250 comprehensione
2721 4179 3005 4232 ﬁniuntur.
3051 4178 3334 4242 Quatenus
3381 4175 3526 4226 enim

1949 4284 2158 4329 mentes
2198 4282 2358 4337 sunt,
2421 4269 2844 4339 communicant,
2885 4271 3027 4322 inter
3069 4282 3128 4320 se
3167 4265 3528 4335 cogitationes

1947 4382 2096 4430 suas,
2119 4374 2473 4432 tuutuamque
2494 4371 2745 4416 naturam
2768 4359 3113 4430 aliquatenus
3141 4367 3368 4412 noscunt
3387 4357 3521 4426 (δικ

264 4453 520 4523 ματικῶς
547 4454 580 4522 ἦ
636 4452 909 4522 αἰσθητῶς
943 4451 1242 4520 ὁρίζονται.
1297 4450 1558 4519 Σώματος
1605 4451 1716 4520 γὰρ
1745 4449 1844 4503 οὐκ

1951 4473 2112 4526 porro
2142 4456 2413 4527 quoddam
2444 4451 2972 4523 circumscriptionis
3005 4465 3210 4520 genus,
3236 4458 3321 4504 est
3361 4450 3524 4502 etiam

260 4547 444 4609 ὁντος,
475 4545 574 4599 καὶ
610 4545 699 4598 διὰ
722 4544 880 4596 τοῦτο
913 4543 1032 4596 ούδέ
1064 4544 1343 4612 σχήματος
1371 4543 1493 4596 οὐδὲ
1522 4543 1690 4609 ὁγκου
1721 4540 1845 4594 οὔτε

260 4640 437 4692 τύπου
489 4635 827 4707 σωματικοῦ,
863 4636 1090 4697 εἰκότως
1142 4634 1262 4687 οὐδὲ
1308 4636 1365 4686 ἐν
1402 4634 1554 4704 τόπῳ
1603 4633 1846 4705 αίσθητῷ

265 4729 790 4800 περισχεθήσονται.
838 4727 978 4780 Ἀλλ’
1006 4729 1070 4782 οὐ
1117 4727 1246 4797 περὶ
1276 4725 1466 4778 τούτου
1502 4724 1597 4778 νῦν
1627 4727 1757 4795 ἡμῖν
1785 4726 1846 4778 τὸ

260 4820 657 4890 προκείμενον.
708 4819 780 4872 Οὐ
818 4819 930 4889 γὰρ
981 4819 1030 4870 εί
1080 4818 1532 4890 περιγράφονσεαι,
1572 4817 1604 4887 ἢ
1641 4819 1737 4887 μὴ,
1787 4816 1846 4870 τὸ

259 4911 670 4978 σκοπούμενον,
710 4910 827 4963 ἀλλ’
875 4911 925 4962 εί
975 4909 1279 4980 γράφονται
1322 4909 1416 4961 καὶ
1465 4907 1842 4972 είκονίζονται.

253 5002 392 5056 Δέον
423 5002 536 5071 γὰρ
571 4999 807 5054 ἐνταῦθα
846 4999 946 5062 τὰς
995 4999 1189 5069 κυρίας
1218 4999 1445 5052 τουτωνὶ
1491 4999 1602 5052 τῶν
1652 4999 1846 5067 φωνῶν

258 5091 793 5164 μεταχειρίσασθαι·
865 5092 1006 5154 ὅπως
1052 5091 1160 5161 γὰρ
1207 5091 1451 5160 διαφέρει
1501 5091 1602 5160 τῆς
1652 5091 1846 5161 ἐτέρας

257 5185 528 5254 ἑκατέρα,
568 5182 765 5253 βραχεῖ
804 5183 1033 5252 ὕστερον
1067 5183 1369 5252 εἰρήσεται.

333 5451 404 5522 η’.
467 5453 580 5505 Καὶ
607 5451 784 5522 τούτῳ
821 5453 920 5523 μὲν
949 5454 977 5505 ὁ
1002 5452 1158 5520 λόγος
1187 5453 1244 5504 ἐν
1277 5452 1518 5523 σχήματι
1566 5453 1658 5506 καὶ
1702 5453 1840 5507 ὐπο-

259 5546 445 5617 κρίςει
497 5546 793 5616 προήγετο,
846 5543 1205 5615 πλαττομένῳ
1257 5544 1332 5608 ὡς
1389 5544 1456 5598 ἂν
1504 5545 1675 5612 δόξειε
1729 5547 1844 5610 τοῖς

340 5672 455 5742 (84)
482 5673 613 5749 _llac
639 5691 805 5749 super,
838 5693 895 5734 re
926 5677 1199 5747 elegantes
1220 5679 1423 5749 aliquot
1457 5681 1831 5738 meditationes

1949 4547 2383 4616 comprehensio.
2418 4546 2662 4614 Cumque
2688 4545 2803 4598 sint
2830 4551 3058 4608 mentes,
3094 4543 3146 4596 in
3177 4533 3524 4596 intellectua-

1948 4639 2088 4692 lihns
2115 4639 2249 4692 locis
2284 4646 2454 4701 sunt,
2493 4636 2635 4689 haud
2672 4649 2803 4688 vero.
2826 4633 3186 4702 corporaliter
3227 4640 3318 4685 aut
3352 4630 3527 4685 sensi-

1948 4729 2126 4783 biliter
2170 4727 2494 4781 litnitantnr.
2560 4725 2693 4779 Sine
2741 4736 2972 4792 corpore
3041 4731 3256 4784 autem,
3295 4721 3528 4790 ideoque

1946 4821 2064 4875 sine.
2105 4820 2298 4889 tigura,
2335 4818 2453 4873 sine
2499 4817 2675 4882 mole,
2723 4817 2843 4871 sine
2889 4813 3058 4868 forma
3089 4828 3373 4883 corporea,
3411 4828 3529 4868 me-

1947 4910 2052 4964 rito
2080 4923 2146 4963 ne
2175 4910 2291 4962 loco
2324 4907 2542 4977 quidem
2583 4903 2828 4960 sensibili
2855 4903 3230 4957 continentur.
3271 4901 3377 4957 Sed
3413 4903 3528 4958 haec

1947 5011 2100 5056 extra
2134 5001 2470 5070 propositum
2519 5007 2763 5052 nostrum
2816 5003 2965 5050 sunt.
3017 4993 3134 5050 Non
3173 4995 3317 5049 enim
3347 5005 3525 5048 utrum

1947 5089 2491 5150 circmnscribantur,
2519 5102 2587 5140 an
2621 5100 2802 5148 secus,
2839 5100 2985 5139 nunc
3007 5099 3289 5145 curamus,
3327 5085 3421 5138 sed
3457 5099 3524 5136 an

1949 5182 2092 5250 pingi
2125 5195 2188 5234 ac
2227 5179 2441 5249 [igurari
2473 5187 2698 5247 queant.
2729 5177 2984 5245 Oportnit
3028 5188 3213 5232 autem
3261 5178 3364 5230 hoc
3408 5174 3527 5227 loco

1949 5271 2265 5342 principalia
2303 5285 2480 5323 rerum
2515 5271 2705 5324 harum
2746 5285 3012 5339 usurpare
3047 5267 3348 5326 vocabula;
3394 5279 3517 5334 qum

1949 5373 2216 5432 quatenus
2267 5363 2407 5414 inter
2433 5377 2491 5416 se
2520 5362 2794 5424 ditl'erant,
2827 5363 2988 5431 paulo
3038 5369 3160 5428 post
3192 5361 3422 5412 dicetur.

2020 5455 2074 5510 8.
2113 5454 2176 5508 Et
2203 5453 2480 5510 Mamonas
2519 5455 2736 5524 quidem
2764 5467 3048 5509 sermones
3087 5466 3218 5506 suos
3275 5463 3394 5503 cum
3444 5447 3522 5502 si-

1954 5544 2253 5626 mulatione
2313 5545 2698 5616 hypocrisiquc
2753 5543 3054 5600 clIercbat.
3129 5540 3268 5596 dans
3328 5538 3525 5594 Callide

1945 5682 2209 5736 Vaticano
2246 5681 2300 5736 in
2325 5682 2450 5738 adn.
2506 5681 2570 5739 ad
2601 5681 2728 5739 'Cic.
2782 5679 2857 5734 De
2914 5693 3020 5746 rep.
3059 5674 3171 5730 AA.
3207 5673 3370 5732 class.
3401 5682 3436 5728 ι.
3477 5672 3516 5730 l.

261 5744 442 5802 Procli
480 5747 607 5818 lycii
653 5744 871 5805 mctniui
933 5744 1038 5805 me’
1075 5744 1326 5820 proferre
1367 5751 1496 5807 olim
1545 5767 1611 5808 ex
1644 5752 1832 5810 codice
1939 5769 1990 5824 p.
2031 5752 2291 5809 566-568.
