3994 6198
427 309 530 375 347

1447 317 1506 376 S.
1548 314 1967 377 NICEPHORI
2004 311 2509 373 PATRIARCEHE
2553 311 2662 372 LP.

3574 302 3680 370 διε

427 437 647 492 operam
694 431 755 477 ut
801 421 940 494 lrugi
997 423 1202 493 aliquid
1249 425 1525 479 videretur
1573 428 1902 482 multitudini
1946 429 1986 480 ir

2102 423 2313 486 πολλοῖς
2345 422 2624 488 ἀξιόλογόν
2672 437 2724 474 τι
2774 419 2905 489 περὶ
2959 418 3066 470 τῶν
3116 417 3499 488 προκειμένων
3527 418 3678 488 αὐτῷ

430 515 709 584 proposito
737 531 838 570 suo
856 516 1131 570 meditari.
1165 515 1244 569 lle
1269 525 1448 570 tamen
1482 532 1606 570 vera
1633 529 1986 587 pra-patenum

2100 515 2345 585 θεωρεῖν.
2375 513 2508 576 Ταῖς
2529 511 2811 580 ἀληθείαις
2839 510 2896 564 δὲ
2919 512 2984 580 τῇ
3009 510 3233 581 ἐξουσίᾳ
3247 509 3681 584 καταχρώμενος

429 607 538 658 vim
574 605 885 665 adhibebat.
925 619 1028 672 qua
1061 611 1258 656 cuncta
1299 603 1402 657 sibi
1435 605 1629 672 placita
1659 606 1994 674 exsequeba-

431 707 535 752 tur.
572 697 676 748 Sed
711 696 853 748 enim
887 709 985 748 uos
1015 696 1104 762 qui
1151 693 1397 748 veritatis
1421 695 1719 750 doctrinam
1754 696 1993 750 defendi-

429 802 570 847 mus,
603 785 778 852 deque
824 784 924 836 hac
962 785 1126 836 verba
1159 781 1418 845 facimus,
1456 783 1596 850 quod
1643 784 1817 853 angeli
1871 785 1995 854 pin-

428 886 626 941 gantur
684 890 748 928 ac
771 874 1093 944 ﬁgurentur,
1114 875 1354 928 breviter
1373 876 1554 928 omnia
1571 876 1996 943 coirplecteutes

424 965 764 1020 docebimus.
805 965 1054 1034 Namque
1087 967 1140 1018 in
1183 965 1375 1034 primis
1416 966 1468 1020 id
1516 965 1656 1020 facta
1699 975 1990 1029 testantur,

423 1072 543 1126 quae
576 1056 812 1123 objectis
851 1057 987 1109 visui
1041 1065 1231 1111 nostro
1280 1056 1614 1126 spectaculis
1652 1065 1768 1112 tuto
1797 1057 1994 1111 contir-

423 1157 658 1209 mantur,
700 1147 910 1217 Ubique
945 1150 1089 1201 enim
1147 1159 1416 1202 terrarum
1467 1162 1564 1216 per
1588 1162 1744 1203 sacra
1798 1149 1989 1216 templa

423 1238 735 1293 liistorialcs
762 1241 992 1306 pictura:
1031 1239 1310 1292 abundant
1343 1239 1516 1292 SdCI‘is
1552 1238 1992 1305 incorporearum

422 1329 786 1396 potentiarum
831 1329 1038 1398 ﬁguris,
1082 1327 1134 1381 id
1179 1329 1322 1397 quod
1366 1345 1394 1380 a
1427 1327 1710 1382 calliolicm
1739 1327 1994 1380 Ecclesiae

420 1420 724 1486 lnliquilus
757 1430 979 1488 accepta
1021 1419 1317 1472 traditione
1359 1418 1468 1472 vim
1506 1427 1696 1472 tenet:
1731 1418 1886 1487 cujus
1916 1418 1990 1472 rei

421 1509 949 1563 demonstrationem
1000 1515 1315 1577 exquirere,
1369 1523 1589 1564 omnem
1619 1517 1844 1578 superat
1879 1518 1993 1562 sto-

421 1597 690 1654 liditatem
732 1610 897 1670 atque
927 1601 1243 1657 stultitiam.
1276 1601 1483 1656 Deinde
1509 1603 1674 1656 etiam
1704 1617 1734 1655 a
1775 1601 1990 1656 divino-

419 1706 544 1744 mm
576 1691 920 1745 oraculorum
973 1694 1288 1760 magisterio
1329 1693 1469 1747 idem
1505 1695 1780 1748 docemur.
1812 1695 1990 1760 Atque

419 1792 478 1834 ut
519 1797 547 1834 a
585 1783 874 1851 principali
925 1785 1144 1852 Deoque
1177 1785 1424 1853 proximo
1453 1785 1814 1852 primitusiue
1843 1785 1988 1838 illine

419 1871 712 1941 eli‘ulgeute
739 1874 932 1925 ordine
971 1872 1084 1938 (85)
1129 1874 1506 1935 exordiantur,
1549 1872 1832 1926 videamus
1859 1873 1986 1940 quid

419 1963 487 2016 de
537 1964 872 2016 ornamentis
911 1979 1053 2016 ureae
1091 1965 1141 2016 in
1186 1965 1344 2029 legali
1401 1963 1748 2018 tabernaculo
1797 1964 1987 2032 positae

417 2053 618 2107 Paulus
683 2054 826 2107 dicat
884 2066 899 2106 :
964 2054 1236 2124 Superque
1285 2071 1404 2108 eam
1463 2053 1742 2109 Cherubin:
1799 2054 1986 2124 gloria:

418 2143 788 2196 obrcmbramia
841 2145 1275 2211 propitiatorium
1327 2145 1395 2199 “.
1451 2145 1741 2199 Clierubiui
1805 2154 1983 2198 autem

418 2234 623 2304 glorim,
663 2233 978 2303 gloriﬁcatl,
1023 2245 1077 2288 et
1113 2235 1358 2305 gloriosi,
1392 2246 1444 2290 et
1471 2237 1610 2290 iul‘ra
1641 2236 1830 2299 Deum,
1865 2238 1986 2303 jure

418 2327 723 2395 meritoque
755 2325 825 2378 ab
857 2326 1122 2380 Ecclesia:
1163 2330 1439 2397 magistris
1473 2331 1792 2383 creduntur.
1814 2328 1985 2383 Porro

415 2415 706 2484 sig’uilicari
743 2415 846 2468 hoc
883 2416 1100 2470 nomine
1134 2418 1346 2485 copiam
1390 2419 1633 2473 scientia:
1659 2428 1824 2488 atque
1851 2417 1985 2474 effu-

416 2505 625 2557 sionem
661 2504 961 2572 sapientizr,
993 2503 1346 2560 Hebraeorum
1375 2493 1552 2577 lingua
1578 2509 1982 2574 nurit.Q-.iinam

417 2609 550 2647 vero
579 2595 630 2648 hi
672 2595 834 2649 sunt?
879 2596 936 2650 Si
984 2595 1262 2651 Manionas
1302 2613 1464 2652 aures
1494 2601 1679 2653 auditu
1729 2603 1984 2668 praeditas

419 2685 670 2748 haberet,
693 2686 938 2739 audisset
971 2688 1162 2754 utique
1195 2687 1598 2756 manilcsthue
1619 2691 1980 2758 euguovisset,

417 2787 524 2825 nou
551 2773 673 2826 illos
719 2775 1140 2842 angustissimos
1173 2775 1521 2832 Cherubinos
1561 2778 1645 2832 his
1681 2779 1859 2832 terbis
1885 2779 1981 2832 de-

415 2863 644 2928 signari,
684 2861 775 2931 qui
836 2873 965 2918 sunt
1023 2864 1356 2934 incorporei,
1412 2866 1530 2920 sine
1591 2867 1764 2931 forma
1820 2879 1984 2936 atque

417 2952 622 3018 ligura,
663 2950 1062 3006 intellectuales
1122 2967 1187 3006 ac
1247 2955 1577 3019 rationales;
1642 2957 1738 3009 sed
1797 2971 1982 3012 sacras

415 3043 596 3110 potius
632 3042 844 3095 illorum
874 3043 1156 3112 imagines,
1186 3059 1250 3100 ex
1283 3046 1570 3115 purissima
1607 3047 1982 3115 splendidissi-

415 3145 614 3197 maque
671 3131 898 3184 materia
937 3135 1290 3203 compositas,
1324 3137 1506 3188 aureis
1536 3136 1753 3190 laminis
1791 3151 1982 3191 aurea-

414 3233 522 3286 que
551 3219 806 3273 caelutura
855 3221 925 3274 ab
983 3223 1236 3278 humanis
1291 3225 1541 3278 manibus
1599 3225 1706 3279 Deo
1761 3226 1982 3296 jubente

415 3311 730 3377 fabricatas,
787 3313 1074 3381 inanimes,
1104 3318 1224 3371 sine
1275 3327 1418 3371 motu
1444 3333 1509 3374 ac
1568 3335 1754 3385 sensu,
1793 3323 1980 3376 eodem

417 3418 481 3456 ac
513 3403 588 3456 illi
616 3405 834 3457 nomine
863 3405 1182 3474 appellatas,
1216 3408 1599 3477 appellationis
1627 3410 1786 3466 simul
1812 3411 1982 3480 parti-

413 3494 562 3564 cipes
590 3504 644 3550 et
677 3495 862 3566 gloria:
883 3497 1180 3568 gratiaeque
1205 3509 1502 3568 compotes.

487 3768 628 3834 Quid
667 3782 797 3836 ergo
832 3766 947 3823 ﬁeri
976 3768 1298 3838 oportebat?
1325 3769 1564 3827 Credere
1596 3771 1720 3827 bis?
1749 3787 1815 3826 an
1842 3771 1983 3826 Pauo

416 3860 526 3914 lum
569 3859 685 3913 lure
738 3859 1006 3913 dicentem
1056 3861 1321 3928 rejicere?
1362 3861 1669 3916 Jucuudum
1711 3864 1812 3918 hoc
1857 3877 1984 3932 gra-

427 3963 660 4020 tumque
699 3950 960 4005 Mammula
991 3950 1204 4016 fuisset,
1237 3954 1423 4021 procul
1448 3970 1638 4023 nempe
1667 3957 1734 4009 ab
1765 3970 1984 4026 aposto-

418 4041 522 4094 lica
568 4040 813 4094 doctrina
882 4039 992 4112 74
1045 4042 1346 4106 discedere,
1406 4053 1569 4110 atque
1618 4041 1982 4098 Christianum

415 4146 538 4185 esse
563 4130 812 4184 desinere
841 4149 856 4185 :
881 4133 1009 4198 quin
1039 4131 1262 4186 adeone
1299 4131 1466 4204 Moysi
1498 4133 1714 4202 quidem
1739 4139 1980 4201 credere,

416 4223 510 4292 qui
552 4221 649 4274 hos
673 4233 995 4277 construere
1023 4221 1209 4287 jussus
1239 4224 1370 4291 fuit;
1413 4227 1894 4293 nequeﬂcbrzcum
1926 4241 1987 4280 se

419 4316 686 4383 proﬁteri,
732 4323 789 4368 et
841 4314 884 4369 si
917 4313 1048 4382 quid
1086 4315 1170 4369 bis
1217 4317 1502 4370 enormius
1542 4318 1830 4372 dicendum
1880 4327 1983 4382 est,

2097 605 2390 674 ἐπέτρεπε,
2423 604 2492 657 δι’
2521 597 2589 672 ἧς
2617 602 2678 656 τὸ
2710 603 2816 655 πᾶν
2845 600 2957 653 τῶν
2986 599 3292 654 δοκούντων
3317 599 3676 672 κατώρθωτο.

2109 696 2270 766 Ἡμῖν
2299 697 2357 750 δὲ
2387 698 2499 759 τοῖς
2529 694 2622 748 τοῦ
2652 695 2812 760 λόγου
2846 691 2948 760 τῆς
2977 690 3240 760 ἀληθείας
3274 693 3673 763 προεστηκόσι,

2095 789 2189 840 καὶ
2215 789 2308 841 τὸν
2335 785 2693 856 περὶτούτων
2717 785 2880 852 λόγον
2909 783 3284 853 ποιουμένοις,
3304 784 3388 838 ὅτι
3419 785 3516 838 καὶ
3537 784 3678 854 γρᾴ-

2095 895 2285 948 φονται
2312 880 2407 932 καὶ
2435 877 2796 942 είκονίζονται
2824 878 2874 929 οί
2900 875 3048 944 ἅγιοι
3069 875 3318 944 ἄγγελοι.
3349 874 3425 938 ὡς
3449 877 3509 928 ἐν
3540 874 3673 946 βρα-

2093 975 2178 1040 χεῖ
2218 970 2282 1023 τὸ
2330 971 2440 1022 πᾶν
2471 969 2928 1038 εἰσενεχθήσεται.
2979 967 3202 1036 Πρῶτον
3249 966 3348 1037 μὲν
3377 966 3488 1036 γὰρ
3532 965 3676 1020 αὐτὰ

2097 1063 2367 1131 μαρτυρεῖ
2413 1059 2484 1112 τὰ
2531 1059 2852 1129 πράγματα,
2888 1057 3033 1126 ἅπερ
3075 1055 3164 1110 διὰ
3210 1055 3318 1110 τῶν
3375 1042 3674 1126 ὁρωμένων

2093 1153 2223 1222 ἡμῖν
2258 1153 2352 1204 καὶ
2391 1151 2482 1203 ὑπ’
2529 1150 2652 1220 ὄψιν
2699 1147 2971 1214 κειμένων
3024 1147 3288 1214 ἀσφαλῶς
3333 1145 3668 1216 βεδαιοῦται.

2092 1241 2376 1312 Πανταχοῦ
2413 1241 2524 1312 γὰρ
2552 1243 2656 1310 γῆς
2695 1239 2838 1294 κατὰ
2865 1237 2994 1301 τοὺς
3023 1238 3204 1308 ἱεροὺς
3246 1237 3410 1301 ναοὺς
3441 1238 3499 1291 αἱ
3527 1238 3671 1292 ἱστο-

2094 1335 2208 1406 ρίαι
2262 1332 2529 1402 πλήθουσι
2562 1332 2630 1385 τὰ
2682 1331 2795 1384 τῶν
2849 1329 3162 1397 ἀσωμάτων
3207 1327 3494 1398 δυνάμεων
3547 1328 3668 1398 ίερὰ

2093 1425 2511 1494 ἀπεικάσματα,
2551 1422 2647 1476 καὶ
2692 1422 2792 1490 τῆς
2821 1420 3122 1489 καθολικῆς
3188 1419 3542 1489 Ἐκκλησίας,
3595 1417 3668 1472 δι’

2089 1510 2158 1584 ἦς
2193 1512 2255 1564 τὺ
2295 1511 2498 1582 κράτος
2539 1509 2782 1580 ἀρχῆθεν
2833 1509 3097 1580 κέκτηται
3149 1510 3183 1580 ἡ
3237 1508 3560 1578 παράδοσις·
3591 1501 3668 1562 ὧν

2091 1600 2379 1666 ἀπόδειξιν¹
2417 1600 2622 1669 ζητεῖν,
2658 1599 2841 1668 πάσης
2888 1598 3151 1652 ὲπέκεινα
3199 1597 3542 1667 ἠλιθιότητος
3573 1600 3670 1652 καὶ

2095 1691 2479 1762 ματαιότητος.
2514 1691 2750 1743 Ἔπειτα
2790 1688 2848 1743 δὲ
2887 1689 2985 1742 καὶ
3037 1690 3072 1758 ή
3113 1687 3222 1742 τῶν
3248 1687 3669 1758 θεοπαραδότων

2021 1762 2060 1814 Β
2092 1785 2289 1852 λογίων
2312 1783 2503 1853 σαφῶς
2531 1784 2678 1853 ἡμᾶς
2709 1781 3024 1835 ὲκπαιδεύει
3050 1779 3395 1835 διδασκαλία.
3431 1781 3544 1834 Καὶ
3579 1780 3666 1834 ἴνα

2094 1872 2188 1926 ἀπ’
2232 1871 2403 1939 αὐτῆς
2449 1871 2549 1940 τῆς
2604 1869 2919 1940 πρωτίστης
2959 1869 3053 1921 καὶ
3081 1869 3158 1932 ὼς
3193 1867 3481 1938 ἐγγυτάτω
3527 1867 3665 1921 Θεοῦ

2093 1963 2188 2016 καὶ
2238 1961 2308 2014 τὰ
2365 1959 2562 2032 πρῶτα
2614 1959 2823 2013 ἐκεῖθεν
2873 1958 3300 2028 ἑλλαμπομένης
3347 1955 3664 2027 ἀρξώμεθα,

2096 2054 2293 2124 ἴδωμεν
2322 2053 2376 2106 τί
2404 2051 2512 2106 τῶν
2539 2069 2604 2104 πε
2615 2052 2667 2122 pl
2699 2049 2798 2121 τὴν
2829 2049 3064 2103 κιϐωτὸν
3100 2049 3287 2102 ἕνεκεν
3309 2047 3540 2114 τάξεως,
3567 2049 3668 2117 τῆς

2094 2147 2152 2198 ὲν
2180 2145 2329 2215 νόμῳ
2369 2143 2598 2214 σκηνῆς,
2636 2143 2772 2212 φησὶ
2799 2140 3040 2204 Παῦλος·
3091 2139 3400 2207 ’Υπερὰνω
3455 2138 3524 2192 δὲ
3554 2141 3668 2194 αὐ-

2092 2233 2204 2303 τῆς
2232 2233 2521 2302 Χερουϐὶμ
2574 2232 2761 2300 δόξης
2795 2230 3274 2295 κατασκιάζοντα
3306 2229 3372 2284 τὸ
3413 2227 3666 2294 1.1qu-

2083 2341 2242 2392 ριογ.
2271 2323 2560 2394 Χερουϐὶμ
2587 2323 2644 2376 δὲ
2671 2309 2854 2389 δόξτῖς,
2886 2321 2954 2374 τὰ
2975 2319 3370 2389 δεδοξασμένα,
3388 2317 3458 2371 τὰ
3479 2314 3667 2382 ἔνδοξα

2092 2417 2189 2468 καὶ
2213 2415 2472 2469 ὑποκάτω
2497 2413 2591 2468 τοῦ
2613 2412 2770 2476 Θεοῦ,
2802 2413 2878 2475 ὼς
2908 2411 3109 2480 ἄριστα
3136 2412 3251 2473 τοῖς
3283 2411 3666 2480 μυσταγωγοῖς

2091 2511 2188 2577 τῆς
2226 2507 2562 2577 Ἐκκλησίας
2581 2505 2759 2558 δοκεῖ’
2792 2503 3082 2574 σημαίνειν
3099 2501 3156 2556 δὲ
3177 2500 3442 2571 τοῦνομα,
3463 2499 3669 2571 πλῆθος

2091 2599 2343 2667 γνώσεως
2391 2599 2483 2650 καὶ
2527 2595 2686 2668 χύσιν
2714 2595 2906 2664 σοφίας
2937 2595 2970 2664 ἡ
3033 2591 3302 2664 Ἐϐραίων
3341 2586 3454 2664 οἶδε
3488 2590 3664 2660 φωνή.

2091 2691 2228 2762 Τίνα
2263 2689 2320 2741 δὲ
2355 2689 2550 2751 ταῦτα,
2584 2688 2633 2739 εἰ
2663 2679 2776 2740 ὦτα
2804 2683 2919 2756 εἶχε
2950 2683 3047 2737 τοῦ
3075 2681 3318 2744 ἀκούειν,
3350 2681 3585 2752 ἤκουσεν
3600 2669 3667 2734 ἂν

2090 2782 2184 2834 καὶ
2213 2781 2428 2847 ἐπέγνω
2462 2777 2668 2846 σαφῶς,
2705 2779 2787 2831 ὅτι
2820 2777 2919 2830 ούκ
2961 2775 3160 2838 αὐτοὺς
3197 2775 3322 2837 τοὺς
3353 2773 3666 2836 θειοτάτους

2090 2873 2184 2926 καὶ
2218 2871 2560 2941 ὑπερτάτους
2628 2868 2914 2940 Χερουϐὶμ
2955 2868 2982 2919 ό
3014 2866 3172 2934 λόγος
3224 2864 3576 2936 παρίστησιν,
3615 2862 3669 2916 οι

2089 2980 2153 3031 γε
2179 2960 2466 3031 ἁσώματοί
2499 2959 2560 3012 τὲ
2585 2961 2691 3012 εἰσι
2723 2959 2820 3012 καὶ
2846 2956 3078 3010 ἀνείδεοι
3109 2956 3203 3009 καὶ
3235 2955 3664 3024 ἀσχημάτιστοι,

2089 3053 2267 3122 νοεροί
2301 3068 2360 3105 τε
2391 3053 2484 3106 καὶ
2531 3049 2742 3119 λογικοὶ
2785 3049 3152 3118 τυγχάνουσιν
3174 3063 3192 3082 ο
3223 3047 3360 3102 ἀλλὰ
3403 3049 3526 3102 κατ’
3569 3047 3669 3100 αύ-

2083 3146 2212 3206 τοὺς
2240 3143 2363 3214 ίερά
2407 3142 2876 3211 ἀπεικονίσματα,
2917 3140 3062 3210 άπερ
3087 3139 3146 3205 ἐξ
3178 3139 3313 3210 ύλης
3353 3142 3456 3212 τῆς
3490 3138 3666 3193 καθα-

2085 3233 2333 3304 ρωτάτης
2373 3232 2467 3285 καὶ
2511 3230 2909 3301 λαμπροτάτης
2957 3228 3350 3294 διεσκεύαστο,
3392 3229 3462 3283 τὰ
3491 3246 3666 3300 χρυσ-

2083 3323 2281 3392 ήλατα,
2301 3320 2371 3374 τὰ
2391 3321 2818 3392 χρυσοτόρευτα,
2836 3320 2904 3372 τὰ
2924 3321 3113 3390 χερσὶν
3137 3320 3509 3390 ἀνθρωπείαις
3525 3320 3666 3375 Θεοῦ

2084 3414 2514 3484 προστάττοντος
2557 3409 2923 3482 διησκημένοι,
2959 3410 3028 3462 τὰ
3077 3409 3281 3478 ἄψυχα,
3309 3409 3378 3462 τὰ
3407 3409 3662 3479 ἀκίνητα,

2081 3503 2150 3558 τὰ
2165 3503 2492 3573 ἀναίσθητα,
2513 3501 2822 3572 ὁμωνύμως
2851 3500 3081 3562 ἐκείνοις
3112 3498 3660 3572 προσαγορευόμενα,

2083 3597 2182 3665 τῆς
2203 3611 2264 3648 τε
2303 3593 2676 3666 προσηγορίας
2701 3595 3061 3664 μετασχόντα,
3086 3591 3182 3645 καὶ
3202 3590 3361 3660 δόξης
3382 3587 3666 3660 ἠξιωμένα

2085 3687 2182 3740 καὶ
2218 3684 2464 3754 χάριτος.

2155 3774 2220 3827 Τί
2252 3769 2346 3828 οὖν
2392 3773 2593 3843 ὲχρῆνς
2643 3771 2932 3826 Πείθεσθαι
2974 3769 3212 3834 τούτοις,
3250 3767 3283 3840 ἢ
3333 3767 3666 3839 διαγράφειν

2085 3863 2300 3920 Παῦλον
2324 3863 2502 3918 ταῦτα
2532 3863 2950 3932 διαλεγόμενονς
2995 3861 3126 3914 Ἡδὺ
3169 3859 3328 3914 τοῦτο
3366 3860 3518 3931 αύτῷ
3567 3861 3664 3915 καὶ

2085 3957 2280 4028 χαρίεν
2313 3955 2534 4026 μακρὰν
2575 3956 2672 4024 τῆς
2703 3951 3073 4020 ἀποστολικῆς
3115 3951 3464 4015 διδασκαλίας
3505 3953 3665 4006 ἀποί-

2085 4047 2300 4118 χεσοαι,
2331 4046 2425 4099 καὶ
2447 4043 2775 4116 ταύτῃ“γοῦν
2803 4043 2862 4096 οὗ
2903 4041 3004 4096 κᾶν
3033 4043 3363 4112 Χριστιανὸν
3388 4043 3665 4116 χρηματί-

2088 4149 2214 4188 σαι’
2255 4136 2304 4188 εί
2354 4134 2412 4186 δὲ
2457 4132 2578 4186 οὐδὲ
2612 4131 2822 4200 Μωῦσῇ
2863 4130 3092 4183 ἕπεσθαι
3135 4129 3216 4200 τῷ
3263 4130 3440 4184 ταῦτα
3470 4132 3662 4185 κελευ-

2089 4225 2272 4278 σθέντι
2301 4222 2692 4293 τεκτήνασθαι,
2722 4221 2844 4274 οὐδὲ
2878 4219 3132 4290 Ἐϐραῖον
3159 4218 3430 4289 ὑπάρξαι.
3483 4223 3579 4276 καὶ
3613 4224 3663 4279 ει

2085 4315 2168 4368 δεῖ
2213 4315 2274 4368 τὸ
2303 4314 2510 4368 τούτων
2544 4315 2720 4366 εἰπεῖν
2750 4311 3156 4382 ἀηχὲστερον,
3185 4311 3307 4366 οὐδὲ
3359 4312 3525 4366 αὐτὸν
3575 4313 3666 4366 δέ-

423 4422 599 4474 neque
629 4406 737 4460 Deo
759 4407 1112 4474 acquiescere
1132 4407 1222 4474 qui
1251 4407 1350 4460 bos
1378 4407 1492 4460 ﬁeri
1523 4409 1818 4462 mandavit.
1848 4409 1985 4474 Quid

2090 4405 2282 4473 ξασθαι
2316 4405 2448 4458 Θεὸν
2487 4404 2662 4457 ταῦτα
2702 4401 3105 4474 προστάξαντα.
3142 4403 3208 4455 Τί
3247 4401 3354 4472 γάρ
3415 4419 3584 4473 φησιν
3635 4406 3666 4458 ὁ

417 4499 561 4552 enim
588 4499 720 4550 dixit
747 4498 799 4551 iu
835 4496 1061 4552 oraculo
1087 4498 1225 4551 Deus
1257 4499 1476 4568 proprio
1501 4499 1730 4553 famulo?
1763 4498 1981 4566 l’idesis,

417 4589 594 4641 omnia
630 4587 789 4652 facies
821 4586 980 4655 juxta
1019 4583 1114 4638 tibi
1161 4597 1426 4638 oslensum
1461 4586 1774 4651 καπρίου
1827 4597 1986 4654 atque

418 4679 564 4731 illinc
596 4678 692 4731 (ibi
743 4679 1068 4732 innotarum
1124 4675 1194 4742 “,
1257 4692 1324 4730 ex
1376 4676 1703 4731 Cberubinis
1752 4677 1982 4730 scilicet.

419 4772 572 4823 Anne
601 4769 767 4838 igitur
799 4769 1148 4824 honorabiles
1183 4783 1287 4821 non
1325 4767 1580 4822 videntur
1607 4783 1670 4820 ac
1695 4768 1983 4820 venerandi

419 4861 519 4926 illi,
552 4860 692 4913 unde
735 4861 874 4913 Deus
914 4861 1228 4915 hominibus
1269 4859 1596 4913 innotesrit?
1633 4856 1804 4912 Nemo
1845 4858 1985 4912 divi-

419 4965 612 5005 narum
665 4967 844 5004 rerum
891 4967 1146 5007 reverens
1197 4967 1302 5006 non
1335 4951 1688 5007 asscntielur.
1719 4950 1818 5016 Qui
1855 4965 1985 5004 vero

2088 4496 2441 4569 χρηματίζων
2471 4495 2604 4558 Θεὸς
2631 4493 2708 4564 τῷ
2736 4495 2923 4562 οἰκείῳ
2945 4493 3276 4564 θεράποντιο
3303 4494 3456 4560 Ὅρα
3487 4493 3666 4558 ποιήο

2085 4604 2218 4652 σεις
2248 4587 2446 4640 πάντα
2473 4587 2622 4642 κατὰ
2662 4585 2772 4638 τὸν
2821 4586 3014 4638 τύπον
3049 4584 3156 4636 τὸν
3181 4583 3495 4651 δειχθέντα
3525 4600 3626 4638 σοι
3648 4599 3664 4614 ο

2086 4677 2185 4730 καί
2253 4674 2484 4729 ἐκεῖθεν
2537 4672 2970 4744 γνωσθήσομαί
3031 4688 3152 4736 σοι,
3214 4671 3322 4724 τῶν
3380 4673 3669 4742 Χερουόὶμ

2086 4768 2282 4833 λέγων.
2313 4761 2462 4837 *Αρα
2489 4765 2583 4820 οὖν
2609 4764 2669 4818 ού
2701 4764 2859 4834 τίμια
2891 4763 3042 4816 δοκεῖ
3069 4763 3166 4816 καὶ
3191 4763 3466 4834 σεϐάσμια
3499 4759 3662 4828 εἶναι,

2091 4859 2214 4912 ὅθεν
2255 4857 2388 4920 Θεὸς
2443 4855 2754 4928 ἀνθρώποις
2787 4854 3154 4923 γινώσκεταις
3190 4856 3300 4918 πᾶς
3337 4871 3424 4918 τις
3453 4855 3565 4907 τῶν
3597 4854 3668 4909 τὰ

2095 4949 2215 5002 θεῖα
2255 4947 2520 5002 σεϐόντων
2559 4947 2920 5017 συμφήσειεν.
2968 4945 3027 4998 ’0
3057 4945 3263 5000 τούτων
3311 4945 3356 5000 δ’
3403 4945 3665 5017 ὑϐριστὴς

420 5041 502 5094 bis
525 5041 912 5095 contumeliam
941 5041 1092 5108 lacit,
1113 5057 1349 5109 quanam
1374 5051 1525 5097 sorte
1557 5040 1875 5103 donabitur,
1902 5040 1986 5094 vel

2095 5042 2198 5097 ποῦ
2246 5058 2377 5095 ποτε
2437 5040 2875 5112 κληρωθησεται,
2933 5037 3030 5092 καὶ
3077 5040 3192 5090 τίσι
3247 5038 3666 5105 ωντετάξεται,

419 5132 742 5198 quibusnam
775 5131 1198 5185 accenscbitnr‘t
1243 5133 1426 5188 Facile
1469 5133 1519 5186 id
1549 5137 1781 5202 quisque
1820 5131 1986 5196 volet,

419 5224 732 5291 intelliget:
781 5239 975 5292 nempe
1030 5239 1156 5278 cum
1205 5226 1548 5280 ethnicorum
1592 5225 1884 5288 alhcismo,
1937 5235 1990 5279 et

2098 5134 2278 5206 ῥᾴδιον
2335 5132 2564 5186 συνιδεῖν
2614 5131 2692 5202 τῷ
2747 5130 3062 5203 βουλομένῳ
3113 5131 3301 5195 παντὶ,
3369 5129 3510 5200 μετὰ
3565 5129 3667 5200 τῆς

2107 5223 2376 5296 Ἑλλήνων
2397 5222 2712 5292 ἀθεότητος,
2747 5221 2886 5292 μετὰ
2909 5221 3006 5292 τῆς
3030 5219 3352 5291 Μανιχαίων
3380 5220 3670 5289 ἀνοσιότη-

419 5331 542 5372 cum
592 5316 1012 5373 Manichaeorum
1086 5315 1364 5385 impietate
1435 5328 1699 5386 ponetur;
1762 5332 1986 5388 quorum

2095 5332 2187 5379 τος
2211 5331 2226 5347 ο
2251 5307 2326 5368 ὧν
2355 5313 2456 5384 τὴν
2487 5312 2647 5380 δόξαν
2681 5313 2779 5367 καὶ
2819 5312 2922 5384 τὴν
2964 5312 3320 5366 διδασκαλίαν
3348 5311 3667 5382 ἐζηλωκὼς,

493 5475 537 5506 ⁸⁸
567 5475 727 5530 llcbr.
765 5491 840 5541 lx,
869 5475 923 5530 5‘.
1001 5474 1046 5507 "
1072 5473 1238 5528 Exod.
1277 5488 1404 5540 xxv,
1427 5471 1516 5528 22.

501 5608 614 5674 (85)
650 5609 702 5662 lu
735 5610 924 5666 Gralco
954 5610 1137 5665 rodice
1165 5608 1481 5664 voeabulum
1527 5609 1733 5675 τάξεως
1763 5611 1903 5672 Ῑςοθιιι
1931 5611 1983 5664 in

434 5680 676 5748 Margine
738 5697 766 5734 a
825 5682 1059 5737 secunda
1112 5696 1272 5736 manu
1309 5680 1568 5750 scriptum
1617 5683 1733 5735 sine
1781 5682 1977 5734 indicio

2094 5610 2324 5696 propria‘
2341 5609 2504 5675 sedis,
2543 5623 2704 5680 quam
2735 5622 2881 5663 nunc
2903 5605 3092 5675 judico
3147 5619 3270 5665 esse
3294 5615 3419 5680 post
3455 5605 3660 5676 ἐλλαμ-

2087 5697 2156 5734 πο
2161 5697 2348 5752 μενης.
