3994 6198
257 326 368 394 349

969 323 1596 386 ANTIRRHETICUS
1641 319 1720 390 Ili
1753 323 1923 384 ADV.
1961 321 2552 384 CONSTANTINUM
2590 319 2804 383 COPR.

3331 311 3343 318 ’
3403 314 3510 380 350

255 438 355 492 ιπὶ
377 435 640 491 τοσοῦτον
671 432 868 505 μανίας
893 433 989 488 καὶ
1025 431 1218 496 dlicta;
1267 432 1583 499 έξὼλισθεν,
1626 433 1704 497 ὡς
1731 434 1831 504 ἄρα

1943 433 2268 488 sententiam
2321 432 2736 502 doctrinamque
2781 429 3060 486 Mamonas
3107 427 3399 494 aemulam,
3453 429 3507 484 in

255 529 462 594 ἐξεῖναι
485 525 637 598 αὐτῷ
660 527 757 580 καὶ
787 523 954 596 ἕτερα
985 523 1159 582 πολλὰ
1185 523 1287 593 τῆς
1313 523 1678 578 θεοπνεύστου
1702 524 1844 594 Γρα-

253 618 364 687 φῆς
391 617 660 679 ὡσαύτως
689 615 922 676 ἐκείνοις
945 613 1040 668 καί⁹
1073 613 1327 678 κακίζειν
1358 618 1452 666 καῖ
1486 613 1837 684 ἴιαγράφειν,

251 704 586 773 ἁλογώτατά
612 719 672 757 τε
703 706 798 758 καὶ
825 701 1235 756 δυσσεϐέστατα
1263 717 1278 731 ·
1309 702 1436 754 ἐπεὶ
1483 698 1578 756 οὖν
1605 702 1704 764 τὰς
1744 701 1839 756 τοῦ

251 795 584 864 nudum“
621 793 808 863 φωνὰς
865 791 1252 862 έξομνύμενος,
1277 791 1352 855 ὡς
1375 793 1716 864 πορρωτάτω
1738 794 1840 864 τῆς

249 886 613 956 Χριστιανῶν
646 885 819 954 αὐλῆς
848 885 1234 953 διεσκήνωται,
1263 883 1402 954 φέρε
1427 886 1527 947 τὰς
1556 887 1838 956 ἡμετέρας

250 977 583 1048 ὑπολήψεις,
613 976 682 1041 ἃς
707 976 772 1046 δὴ
801 976 932 1047 περὶ
961 974 1144 1029 αὐτῶν
1171 977 1220 1029 oi
1257 991 1324 1029 πε
1337 975 1564 1044 ριὸόλων
1591 975 1723 1031 εῐσω
1739 978 1838 1048 τῆς

246 1069 544 1133 εὐσεϐείας
570 1068 853 1139 ίστάμενοι
880 1067 1102 1137 ἔχομεν,
1132 1067 1279 1120 καθὰ
1308 1069 1360 1120 oi.
1386 1067 1479 1120 τοῦ
1516 1069 1838 1138 Πνεύματος

247 1161 538 1230 ὑποφῆται
573 1159 776 1222 πάντες
823 1157 1322 1228 έμυσταγὼγησαν,
1363 1159 1459 1212 καὶ
1503 1159 1533 1212 6
1571 1157 1672 1226 τῆς
1705 1159 1838 1212 καθ-

245 1252 450 1324 ολικῆς
497 1249 827 1318 Ἐκκλησίας
853 1245 962 1303 οἶδε
1004 1254 1159 1302 σκοπ
1177 1265 1227 1315 ς,
1254 1249 1332 1312 ὡς
1361 1249 1420 1303 ἑν
1466 1247 1636 1322 ὀλίγῳ
1658 1249 1836 1304 είπεῖν

245 1341 726 1412 παραστήσωμεν.

321 1451 392 1507 θ’.
427 1449 613 1519 Φαμὲν
641 1449 847 1515 τοίνυν,
870 1448 948 1512 ὡς
975 1449 1033 1503 αί
1064 1449 1334 1516 πανάγιαι
1363 1439 1526 1502 αὗται
1552 1447 1831 1519 δυνάμεις,

244 1543 402 1606 ὅπως
431 1543 532 1614 μιν
569 1540 758 1612 έχουσι
789 1541 1004 1609 φύσεως
1039 1543 1137 1594 καὶ
1165 1539 1474 1612 ὑπάρξεως,
1519 1543 1653 1612 παρ’
1702 1543 1834 1610 ἡμῖν

244 1635 597 1706 ἠγνοημένον
628 1632 748 1695 πῶς
773 1637 890 1686 ἐστι
919 1633 1015 1686 tui.
1039 1632 1491 1703 δυσεπιχείρητον
1516 1649 1528 1662 ⁸
1566 1635 1658 1687 καὶ
1683 1632 1835 1704 εἴρη-

1943 539 2150 584 tantam
2185 527 2396 584 rabiem
2425 535 2483 583 et
2513 527 2976 597 irreligiositatem
3039 523 3262 592 iilspsus
3309 530 3416 583 est,
3451 532 3512 578 ut

1939 621 2040 675 sibi
2095 619 2260 675 licere
2309 627 2492 688 putet,
2531 617 2669 674 alios
2719 631 2940 688 quoque
3003 616 3208 670 multos
3251 613 3510 669 divinitus

1926 699 2216 780 inspiratte
2263 711 2558 780 Scriptura!
2606 709 2754 764 locos
2799 706 3054 762 similiter
3079 707 3392 774 vituperare
3441 719 3508 759 ac

1939 803 2119 858 delere
2166 801 2488 856 stultissime
2542 811 2598 856 et
2665 799 3074 855 scelestissime.
3141 796 3280 863 Quia
3342 795 3510 867 igitur

1937 893 2160 962 eiuratis
2201 890 2442 962 Spiritus
2486 890 2660 945 sancti
2705 889 2888 952 dictis,
2913 888 3229 956 longissime
3261 901 3291 941 a
3349 885 3507 941 Citri-

1935 986 2235 1039 stianorum
2263 981 2382 1036 aula
2410 980 2639 1044 habitat,
2669 980 2848 1049 agesis
2881 978 3206 1032 sententiam
3237 987 3500 1040 nostram,

1936 1073 2236 1142 cujusmodi
2291 1085 2483 1127 omnes
2515 1070 2658 1124 intra
2691 1067 3036 1123 ortltodoxize
3091 1076 3243 1134 septa
3295 1074 3505 1122 stantes

1936 1166 2197 1236 gerimus,
2239 1171 2394 1234 prout
2431 1161 2666 1230 Spiritus
2710 1161 3037 1228 interpretes
3086 1158 3266 1212 cuncti
3303 1157 3504 1212 docue-

1936 1265 2084 1320 runt,
2122 1266 2175 1310 et
2200 1253 2483 1309 catholicae
2515 1252 2772 1308 Ecclesiae
2823 1265 2976 1306 mens
3029 1257 3196 1317 tenet,
3254 1247 3504 1330 breviter

1933 1360 2290 1417 exponamus.

2003 1457 2056 1512 9.
2097 1457 2334 1511 Dicimus
2362 1469 2519 1526 ergo,
2563 1453 2920 1509 sanctissimae
2967 1427 3052 1508 lia:
3087 1449 3366 1522 potentia,
3401 1464 3502 1506 cu-

1927 1548 2166 1619 jnsmodi
2219 1555 2446 1601 naturas
2494 1545 2734 1600 habeant
2786 1553 2949 1612 atque
3007 1541 3362 1604 substantias,
3404 1557 3503 1596 nos

1934 1641 2106 1698 ferme
2127 1641 2404 1707 ignorare,
2431 1647 2523 1692 aut
2545 1651 2690 1706 :rgre
2713 1635 3003 1690 admodum
3029 1648 3187 1704 posse
3208 1633 3498 1704 explicare;

243 1726 344 1780 ταί
374 1741 444 1795 γε
477 1727 610 1794 ἠιιῖν
647 1727 707 1778 έν
741 1726 949 1796 ἑτέροις
990 1725 1349 1794 πλατύτερον,
1380 1727 1495 1788 τοῖς
1518 1725 1628 1778 τῶν
1670 1725 1831 1796 ίερῶν

1935 1735 2109 1800 deque
2140 1733 2242 1786 hac
2289 1745 2349 1786 re
2387 1729 2513 1784 alibi
2549 1727 2712 1782 latius
2747 1726 2984 1782 diximus
3037 1723 3176 1795 (86),
3224 1739 3501 1778 sacrorum

240 1816 591 1871 διδασκάλων
639 1817 931 1886 ἑπομένοις
983 1815 1336 1884 διδάγμασιν.
1401 1816 1594 1869 Ἀπλαί
1630 1832 1690 1868 τε
1717 1815 1827 1885 γὰρ

1932 1825 2319 1894 magistrorum
2347 1820 2616 1876 doctrinis
2645 1818 3032 1888 obsequentes.
3065 1814 3200 1870 Nam
3224 1815 3500 1886 simplices

240 1903 408 1962 οὖσαι
467 1906 746 1968 παντελῶς
793 1907 889 1958 καὶ
946 1905 1256 1970 άσύνθετοι,
1297 1907 1393 1959 καὶ
1421 1905 1824 1976 ἀπερίγραπτοι

241 2000 405 2069 τόπῳ
431 1997 522 2052 διά
552 1997 615 2050 τὸ
641 1996 960 2068 ἀσώματον,
993 1997 1144 2067 ὅμως
1165 1997 1468 2067 γράφονται
1496 1997 1591 2050 καὶ
1626 1997 1825 2051 είκονί-

242 2087 458 2152 ζονται.
491 2089 603 2142 Καὶ
637 2089 1080 2159 προηγουμένως
1103 2101 1167 2154 γε
1195 2089 1358 2140 τοῦτο
1395 2088 1572 2159 ίσμεν,
1607 2088 1696 2142 διὰ
1715 2089 1824 2143 τῶν

240 2179 341 2232 τοῦ
397 2177 720 2247 [Ινεύματος
775 2177 1001 2246 λογίων,
1057 2177 1206 2248 ἅπερ
1259 2179 1288 2231 6
1340 2179 1664 2250 ἱεροφάντης
1693 2181 1824 2250 ἡμῖν

241 2270 492 2339 Μωῦσῆς
516 2273 616 2342 τῆς
650 2269 759 2322 τῶν
787 2271 1003 2340 Χερουϐ
1035 2287 1074 2339 μ
1107 2273 1384 2342 πιιήσεως
1417 2272 1604 2326 ἕνεκεν
1642 2289 1825 2342 παρα-ο

238 2361 504 2416 δέδωκεν.
565 2361 801 2414 Ἔπειτα
838 2361 1026 2432 ἐπειδὴ
1093 2363 1470 2432 λειτουργικὰ
1515 2363 1826 2433 πνεύματὰ

237 2455 428 2517 εἰσιν,
474 2453 567 2517 είς
621 2451 939 2506 διακονίαν
983 2452 1485 2523 ἀποστελλόμενα
1533 2453 1632 2508 διὰ
1681 2454 1826 2523 τοὺς

232 2541 590 2610 μέλλοντας
633 2540 1037 2609 κληρονομεῖν
1082 2543 1410 2609 σωτηρίαν,
1467 2543 1758 2613 εὐδόκησεν
1795 2546 1824 2598 6

241 2633 472 2684 πάντων
505 2629 761 2701 κηδεμὼν
795 2630 889 2684 καὶ
921 2631 1204 2700 Δεσπότης
1239 2633 1393 2697 Θεὸς,
1423 2635 1452 2686 6
1499 2633 1675 2687 πάντα
1705 2635 1824 2702 φιλ-

240 2722 558 2792 ανθρώπως
622 2719 889 2786 οίακίζιιν
936 2722 1032 2776 καὶ
1081 2723 1437 2792 πρυτανεύων
1461 2723 1530 2777 τὰ
1556 2725 1819 2794 ἡμέτερα,

239 2811 534 2880 ἀναλόγως
557 2813 623 2882 τῇ
654 2811 972 2882 ἀνθρωπίνῃ
999 2811 1275 2882 ἀσθενείᾳ,
1297 2813 1386 2866 διὰ
1404 2814 1503 2881 τῆς
1524 2815 1821 2886 συντρόφου

239 2905 338 2957 καὶ
385 2903 660 2972 συνήθους
694 2903 1026 2973 αἰσθήσεως,
1054 2903 1154 2967 τὰς
1183 2903 1291 2955 τῶν
1333 2903 1621 2973 μακαρίων
1661 2904 1823 2958 δυνά·
1861 2968 1875 2976 _

241 3013 399 3065 μεαιιν
419 2994 748 3058 ἐπιστασίας
777 2994 1058 3062 γίνεσθαιο
1081 2995 1140 3060 ἐξ
1163 2989 1236 3049 ὧν
1251 2997 1402 3066 ἡμῖν,
1425 2995 1484 3049 τὸ
1507 2996 1822 3051 κοινωνικὸν

237 3087 492 3158 ἔχουσαι,
521 3085 588 3141 τὰ
623 3085 746 3138 θεῖα
769 3085 920 3156 δῶρα
945 3087 1040 3140 καὶ
1065 3086 1163 3150 τὰς
1191 3087 1514 3158 εὐεργεσίας
1541 3087 1648 3140 τῶν
1679 3089 1822 3140 οίκο-
1845 3125 1891 3186 c

235 3177 601 3249 νομουμένων
662 3179 757 3232 καὶ
807 3178 1282 3250 προμηθουμένων
1335 3179 1818 3250 διαπορθμεύουσι.

235 3271 446 3325 Πολλαὶ
480 3269 614 3338 γοῦν
662 3272 776 3334 τοῖς
806 3268 904 3323 τοῦ
935 3269 1074 3324 Θεοῦ
1132 3271 1466 3341 θεράπουσιν
1517 3271 1824 3338 ἀγγελοφάο

233 3378 385 3416 vetat
438 3363 765 3431 γεγόνασιν·
804 3361 866 3415 ού
913 3361 1011 3431 τῆς
1062 3361 1279 3430 φύσεως
1317 3361 1498 3414 αὐτῶν
1528 3360 1823 3430 ὲμφανιζο-

237 3455 442 3524 μένης,
499 3453 618 3506 ἀλλ’
652 3455 733 3518 είς
801 3453 927 3506 ὅσον
989 3451 1272 3519 ἁγιστείας
1319 3453 1413 3506 καὶ
1452 3451 1823 3523 καθαρότητος

231 3537 378 3616 ἧκεν
399 3545 431 3596 6
461 3543 601 3614 πρὸς
627 3541 726 3614 τὴν
743 3540 1001 3611 τοιαύτην
1025 3541 1155 3594 θέαν
1179 3541 1539 3612 κεκλημένος,
1564 3542 1598 3612 ἦ
1627 3559 1687 3594 τε
1712 3540 1822 3594 τῶν

227 3634 678 3715 διακοναρμένων
715 3633 1061 3704 πραγμάτων
1096 3633 1285 3686 ἐκάλει
1320 3632 1478 3704 χρεία
1511 3634 1604 3686 καὶ
1633 3632 1663 3684 6
1701 3648 1818 3685 και-

229 3728 354 3801 ρὸς,
382 3725 564 3789 οὕτως
585 3725 644 3780 αί
677 3725 889 3796 μορφαὶ
927 3723 1024 3778 καὶ
1049 3723 1119 3777 τὰ
1142 3725 1398 3794 σχήματα
1421 3723 1532 3776 τῶν
1553 3721 1822 3794 ἀμορφώ-

225 3837 348 3873 των
382 3819 481 3871 καὶ
509 3804 834 3880 άτυπῶτων,
865 3818 979 3878 τοῖς
1009 3817 1108 3886 τῆς
1130 3814 1259 3878 θέας
1291 3815 1621 3885 ἠξιωμένοις
1647 3813 1818 3870 καθα-

231 3915 354 3985 ροῖς
384 3910 510 3974 νοδς
553 3910 788 3980 δμμασι,
824 3908 1146 3986 διετρποῦτό
1194 3924 1258 3961 τε
1297 3908 1574 3980 διαφόρως
1613 3909 1707 3962 καὶ
1739 3909 1819 3962 δι-

226 4003 520 4072 εφαίνετο.
547 4001 630 4054 Τὰ
658 3988 756 4071 μὲν
779 3995 874 4054 οὖν
902 4000 1044 4054 κατά
1065 3999 1158 4052 τὸν
1186 4000 1534 4070 πατριάρχην
1568 3998 1820 4071 Ἀσραὰμ

222 4093 567 4164 τελούμενα.
606 4091 840 4163 κρείττω
872 4092 906 4162 ἢ
939 4091 1083 4145 κατά
1114 4090 1378 4159 ἀγγέλους
1405 4085 1476 4162 ἦν
1499 4107 1512 4124 ο
1545 4092 1639 4145 καὶ
1660 4092 1689 4144 6
1720 4093 1820 4163 τῆς

224 4186 438 4254 καινῆς
479 4183 694 4253 ικείνης
733 4183 832 4236 καὶ
875 4179 1208 4252 θαυμαστῆς
1246 4180 1555 4246 δεξιώσεως
1593 4183 1814 4256 τρόπος,

223 4274 362 4328 καθ’
387 4276 457 4345 ην
485 4273 549 4327 τὺ
577 4273 826 4342 φιλόθεον
857 4271 996 4342 ὁμοῦ
1024 4272 1121 4326 καὶ
1146 4271 1423 4340 φιλόξενον
1454 4271 1548 4326 τοῦ
1579 4273 1819 4340 ἑξενικό-

221 4383 330 4422 τος
363 4367 690 4436 άνυμνείταί
720 4379 783 4418 τε
816 4365 914 4418 καὶ
966 4361 1329 4434 θαυμάζεται,
1359 4364 1497 4419 Θεοῦ
1547 4365 1748 4436 μᾶλλον
1781 4365 1816 4438 ἢ

1929 1931 2053 1968 cum
2090 1914 2202 1968 sint
2254 1924 2309 1967 et
2355 1911 2748 1980 incOupositm,
2789 1909 3016 1976 iocoque
3064 1917 3286 1976 propter
3319 1906 3502 1961 incon-

1929 2005 2270 2076 poralitatem
2287 2005 2798 2074 incircumscriptte,
2823 2002 3179 2056 nihilominus
3196 1999 3496 2070 pinguntur

1928 2111 1992 2150 ac
2038 2094 2356 2164 figurantur.
2395 2095 2573 2162 Atque
2608 2094 2661 2148 itl
2698 2093 2982 2162 potissime
3006 2092 3214 2145 scimus
3247 2103 3344 2160 per
3371 2103 3500 2144 ora-

1927 2185 2046 2240 cula
2099 2183 2354 2252 Spiritus,
2389 2198 2508 2252 quae
2543 2183 2902 2252 liieroplianta
2956 2180 3166 2252 Moyses
3199 2195 3360 2236 causa
3391 2195 3502 2236 sua:

1926 2273 2360 2327 Citerubinorum
2405 2272 2630 2327 facturae
2666 2271 2823 2326 nobis
2847 2270 3123 2338 patefecit.
3152 2267 3354 2323 Deinde
3375 2269 3502 2338 quia

1926 2365 2374 2420 administratorii
2413 2365 2635 2432 spiritus
2677 2371 2822 2426 sunt,
2855 2363 2911 2414 in
2940 2361 3303 2416 ministerium
3351 2360 3501 2414 missi

1925 2465 2138 2527 propter
2163 2472 2272 2518 cos,
2303 2456 2394 2525 qui
2419 2454 2778 2510 hwrcditatcm
2829 2454 3035 2522 capient
3061 2451 3249 2506 salutis
3281 2451 3350 2515 ",
3383 2451 3500 2520 pla-

1925 2546 2038 2600 cuit
2067 2547 2312 2599 omnium
2340 2544 2576 2599 curatori
2603 2559 2666 2598 ac
2711 2543 2942 2598 Domino
2972 2544 3100 2610 Deo,
3132 2544 3224 2614 qui
3257 2543 3492 2611 benigne

1925 2645 2116 2692 cuncta
2145 2639 2428 2705 gubernat,
2456 2636 2724 2703 rebusque
2757 2637 2960 2690 nostris
2984 2637 3491 2706 moderatur,prout

1923 2731 2161 2797 postulat
2200 2729 2436 2781 humana
2477 2727 2793 2791 inﬁrmitas,
2841 2742 2938 2796 per
2960 2729 3310 2782 comitantem
3341 2727 3498 2782 fami-

1924 2818 2228 2886 liaremque
2274 2831 2518 2885 sensum,
2547 2817 2832 2872 bealarum
2883 2817 3251 2888 potentiarum
3310 2819 3501 2874 adesse

1925 2911 2224 2966 custodiam
2251 2926 2265 2974 ;
2300 2910 2444 2963 unde
2475 2909 2761 2964 nobiscum
2797 2909 3286 2973 communicantes,
3317 2910 3498 2965 divina

1923 3003 2064 3056 dona
2099 3017 2164 3054 ac
2195 3001 2456 3056 benetlcia
2491 3001 2859 3069 gerendarum
2904 3015 3085 3054 rerum
3115 3013 3177 3054 ac
3203 3001 3498 3070 providen-

1922 3094 2116 3146 daruin
2163 3091 2460 3146 deferrent.
2494 3089 2673 3144 Multae
2707 3091 2892 3160 itaque
2931 3089 3026 3146 Dei
3067 3089 3282 3146 famulis
3331 3107 3498 3162 ange-

1925 3181 2098 3237 lorum
2133 3197 2265 3252 appa
2277 3181 2500 3237 ritioues
2519 3197 2641 3236 sese
2665 3181 3004 3248 obtulerunt,
3027 3199 3132 3238 non
3152 3183 3496 3239 manifestata

1925 3271 2162 3340 ipsorum
2192 3283 2408 3335 natura,
2443 3271 2537 3328 sed
2586 3282 2747 3342 prout
2769 3283 2890 3328 erat
2933 3274 3079 3331 illius
3135 3275 3494 3332 sanctimonia

1923 3375 1978 3420 et
2041 3366 2250 3434 puritas
2300 3367 2391 3437 qui
2446 3367 2511 3421 ad
2557 3368 2699 3422 lianc
2732 3367 2998 3421 visionem
3051 3368 3366 3435 vocabatur,
3415 3367 3497 3424 vel

1922 3471 2112 3511 eorum
2136 3472 2254 3523 qua:
2287 3466 2446 3510 erant
2471 3457 2526 3510 in
2553 3447 2803 3511 manibus
2827 3457 3168 3526 negotiorum
3200 3473 3332 3512 usus
3356 3467 3495 3512 tem-

1924 3561 2134 3616 pusque
2167 3547 2503 3616 requirebat,
2531 3547 2604 3599 ita
2641 3546 2828 3600 formae
2853 3561 2918 3602 ac
2943 3547 3128 3615 ﬁgurat
3155 3544 3494 3615 angelorum,

1922 3636 2015 3706 qui
2051 3637 2200 3692 hisce
2229 3651 2328 3707 per
2353 3652 2412 3692 se
2441 3645 2650 3697 carent.
2673 3637 2852 3708 dignis
2870 3651 2936 3692 eo
2965 3638 3083 3691 visu
3109 3635 3263 3707 puris
3295 3635 3496 3693 mentis

1921 3730 2116 3794 oculis,
2151 3729 2503 3783 multifariam
2549 3727 3041 3784 conformabantur
3067 3737 3232 3798 atque
3267 3741 3494 3797 appare-

1924 3823 2074 3874 bant.
2115 3819 2182 3874 Et
2237 3835 2328 3875 res
2374 3818 2594 3889 quidem
2625 3834 2748 3874 cum
2809 3818 3120 3888 patriarcha
3183 3817 3497 3873 Abrahamo

1921 3921 2072 3980 gesta
2099 3912 2168 3976 ³⁷,
2203 3911 2491 3966 sublimior
2553 3924 2715 3980 quam
2767 3909 3009 3980 angelica
3069 3907 3208 3977 fuit;
3243 3916 3300 3964 et
3351 3907 3496 3963 illius

1925 4017 2076 4057 novae
2109 4002 2551 4071 admiraudarque
2584 4001 2937 4056 salutationis
2986 4000 3202 4066 modus,
3231 4013 3340 4070 quo
3369 3999 3497 4054 reliq

1922 4091 2146 4160 giositas
2191 4100 2246 4146 et
2286 4091 2634 4160 hospitalitas
2687 4089 3003 4160 recipientis
3059 4078 3370 4144 celebratur
3431 4103 3496 4144 ac

1921 4181 2242 4250 suspicitur,
2277 4181 2371 4236 Dei
2409 4182 2588 4256 potius
2614 4196 2778 4251 quam
2807 4179 3122 4248 angelorum
3147 4179 3498 4248 przeseutiam

1922 4272 2180 4328 ostendit.
2254 4271 2432 4342 Atque
2499 4272 2661 4342 hujus
2713 4281 2968 4340 nepotem
3042 4266 3344 4334 Iacobum,
3387 4283 3503 4338 quo.

1925 4373 2168 4434 tempore
2216 4363 2314 4418 Dei
2360 4363 2523 4419 Verbi
2565 4362 2632 4418 ad
2687 4362 2964 4418 hominem
3015 4359 3503 4416 condescensionis.

223 4457 495 4526 ἀγγέλων
519 4455 825 4527 παρουσίαν
850 4454 1200 4509 διαδεικνύει.
1231 4455 1336 4510 Τὸν
1362 4455 1418 4510 δὲ
1440 4456 1629 4510 τούτου
1655 4457 1818 4525 έκγοα

1926 4456 2170 4510 notitiam
2194 4463 2516 4525 accepturus
2547 4464 2690 4521 erat,
2716 4452 2919 4508 vidisse
2945 4449 3236 4507 manifeste
3267 4449 3496 4520 angelos

225 4566 328 4602 νον
369 4546 593 4610 Ἰακὼϐ,
623 4546 788 4616 ήνίκα
812 4545 910 4618 τὴν
940 4545 1036 4600 τοῦ
1065 4545 1204 4599 Θεοῦ
1235 4547 1414 4616 Λόγου
1441 4547 1578 4620 πρὸς
1601 4547 1812 4620 ἀνθρώ-

227 4655 373 4700 πους
446 4637 704 4708 μυεῖσθαι
777 4636 1192 4704 συγκατάσασιν
1243 4636 1492 4706 ἔμελλεν,
1547 4638 1816 4706 ἀγγέλους

225 4729 546 4801 ἑωρακέναι
598 4727 784 4798 σαφῶς
829 4728 1272 4799 ἀναγέγραπται,
1310 4727 1407 4780 καὶ
1459 4727 1706 4799 κλίμακα
1749 4727 1814 4799 δή

223 4837 358 4874 τινα
390 4820 534 4891 πρὸς
561 4819 793 4891 οὐρανὸν
841 4818 1008 4872 αὐτὸν
1037 4820 1102 4871 ὲκ
1134 4818 1238 4888 γῆς
1270 4819 1680 4890 ἀφικνουμένην
1723 4818 1817 4872 καὶ

225 4913 634 4966 ἀνατείνουσαν
660 4951 677 4976 ,
731 4911 824 4964 καὶ⁸
873 4910 967 4964 τὸν
1008 4910 1151 4981 ὑπὲρ
1189 4911 1363 4980 αὐτῆς
1419 4911 1816 4983 ὲστηριγμένον

223 5003 343 5055 τῶν
367 5002 512 5055 ὅλων
543 5001 774 5073 Κύριον,
805 5001 902 5054 καὶ
925 5001 1026 5070 τὴν
1059 5001 1272 5055 ἐκεῖθεν
1298 5001 1410 5054 τῶν
1431 5003 1693 5056 ἀνιόντων
1718 5001 1816 5054 καὶ

225 5093 538 5147 κατιόντων
571 5091 831 5162 πάροδον,
857 5091 927 5144 δι’
959 5085 1036 5146 ὧν
1067 5093 1101 5163 ἡ
1125 5091 1518 5162 καταφοίτησις
1544 5090 1639 5144 τοῦ
1671 5089 1811 5144 πάν-

222 5200 342 5253 ⁸των
394 5183 560 5255 ἡμῶν
614 5176 866 5254 Σωτῆρος
924 5182 1062 5235 Θεοῦ
1113 5184 1252 5253 πρὸς
1303 5184 1475 5253 ἡμᾶς,
1535 5181 1814 5252 μυστικῶς

1924 4545 2186 4614 scriptum
2213 4555 2297 4602 est
2311 4546 2392 4614 ης
2432 4554 2488 4602 et
2516 4545 2779 4614 quasdam
2810 4541 2990 4600 scalas
3019 4555 3192 4612 usque
3223 4540 3290 4596 ad
3320 4541 3497 4610 ipsum

1917 4639 2114 4694 coelum
2150 4638 2219 4694 de
2259 4649 2402 4693 terra
2451 4646 2735 4708 porrectas
2769 4650 2834 4692 ac
2883 4635 3277 4706 pertingentes,
3328 4642 3495 4702 atque

1917 4730 1972 4784 in
2006 4730 2196 4784 harum
2231 4729 2466 4784 culmine
2499 4727 2858 4783 constitutum
2897 4722 3264 4779 universalem
3309 4721 3492 4776 Domi-

1886 4839 1895 4848 ~
1918 4836 2068 4887 num,
2085 4829 2140 4875 et
2154 4820 2282 4875 illuc
2299 4819 2708 4876 ascendentium
2723 4832 2787 4872 ac
2807 4813 3260 4871 descendentium
3280 4812 3496 4868 discur-

1916 4925 2067 4977 sum;
2101 4926 2206 4980 qua
2241 4911 2450 4966 visione
2477 4907 2780 4978 communis
2820 4906 3132 4963 Servatoris
3163 4904 3258 4961 Dei
3299 4905 3366 4960 ad
3393 4918 3498 4964 nos

1915 5005 2178 5059 adventus
2211 5005 2437 5077 mystice
2472 5001 2844 5073 iigurabatnr;
2873 5014 3048 5070 eaque
3081 4999 3248 5055 etiam
3279 4997 3490 5053 Christi

1916 5094 2204 5164 imaginem
2239 5095 2394 5150 nobis
2441 5094 2493 5148 in
2529 5101 2868 5147 antecessum
2913 5091 3183 5162 depictam
3235 5087 3498 5144 Ecclesia:

1917 5187 2177 5254 praesules
2207 5185 2647 5241 manifestissime
2681 5185 3003 5254 praedicant.

227 5277 660 5344 προετετύπιεηο
681 5293 696 5308 ·
729 5275 758 5329 6
785 5275 848 5347 δὴ
886 5276 979 5329 καὶ
1009 5277 1192 5329 εἰκόνα
1223 5276 1461 5346 Χριστοῦ
1502 5278 1549 5328 οί
1579 5275 1680 5346 τῆς
1727 5277 2060 5350 Ἐκκλησίας
2120 5280 2390 5352 ἡγεμόνες
2457 5276 2969 5353 προδιαγεγράφθαι
3036 5272 3373 5348 κηρύσσουσι
3405 5285 3496 5324 σαν

227 5367 501 5442 φιστατα.

301 5549 351 5581 ⁸⁸
373 5547 544 5602 Hebr.
576 5562 616 5611 ι,
655 5545 735 5599 14.
815 5547 860 5578 ’⁷
881 5545 1014 5600 Gen.
1041 5561 1194 5611 xrnt,
1247 5548 1296 5601 Ι.
1372 5547 1418 5580 ’⁸
1447 5547 1582 5604 Gen.
1611 5563 1804 5614 xxvut,
1840 5549 1930 5604 12.

307 5706 425 5777 (86)
465 5704 668 5775 Nempe
697 5705 747 5758 in
799 5705 1150 5776 Apologctico
1178 5704 1398 5776 majore,
1459 5723 1582 5778 cap.
1619 5707 1685 5761 70
1719 5717 1774 5764 et
1807 5723 1960 5779 seqq.
