3952 6202
454 305 559 373 351

1480 307 1542 373 S.
1581 311 2003 375 NICEPHORI
2041 315 2545 376 PATRIARCH/E
2582 315 2689 377 (ΖΡ.

3598 316 3705 382 352

531 414 640 487 75
675 415 765 470 lo.
807 414 1085 472 Mittamus
1113 417 1262 488 loqui
1295 419 1362 474 de
1382 420 1640 477 sermone
1658 435 1781 493 post
1813 425 1902 479 illa
1927 440 2025 496 per

2196 421 2248 477 t'.
2315 421 2524 492 Ἐῶμεν
2572 420 2754 492 λέγειν
2790 418 2891 475 τὸν
2937 421 3007 476 δι’
3061 419 3310 491 ἀγγέλων
3358 422 3522 493 λόγον
3583 431 3704 498 μετ’

459 508 685 577 angelos
737 508 944 573 habito,
981 519 1036 563 et
1066 509 1110 565 si
1152 511 1280 579 quid
1322 512 1465 566 aliud
1510 514 1594 568 bis
1631 516 1810 573 simile
1846 529 2025 574 actum

459 607 567 654 est.
596 596 689 651 Sic
717 596 851 652 Navi
897 598 1006 652 lllio
1036 600 1088 653 in
1129 600 1415 669 procinctu
1448 607 1614 688 stanti
1655 607 1725 671 ⁸⁸,
1757 609 1874 664 acie
1910 609 2026 679 jam

461 700 653 744 contra
690 689 871 743 hostes
917 688 1135 754 educta,
1165 691 1319 747 visus
1353 703 1439 748 est
1472 694 1704 750 ltumaua
1735 696 1909 753 forma
1947 700 2030 753 di—

461 791 567 831 vus
600 776 849 844 angelus,
895 787 1111 833 arman
1133 777 1350 842 similis.
1379 796 1539 835 manu
1568 781 1815 852 gladium
1838 784 2029 839 distri-

459 874 604 919 ctum
641 871 856 920 tenens.
893 865 1064 934 Quem
1092 884 1217 923 cum
1242 869 1409 927 Josua
1446 876 1600 941 quasi
1631 876 1854 932 militem
1901 894 2029 947 spe-

459 965 654 1021 ctaret,
689 958 920 1028 visuque
968 960 1191 1015 insolito
1235 964 1522 1030 attonitus,
1578 969 1828 1034 quisnam
1879 980 2030 1027 esset

458 1047 784 1119 ambigeret,
820 1058 871 1103 et
916 1060 1101 1106 utrum
1136 1054 1203 1108 de
1250 1056 1448 1124 populo
1481 1073 1579 1112 suo
1610 1059 1831 1131 aliquis.
1863 1079 1932 1118 an
1960 1066 2030 1121 de

361 1131 371 1140 ’
462 1138 728 1200 hostibus,
764 1141 1174 1206 sciscitaretur;
1208 1144 1299 1200 ille
1332 1162 1392 1201 se
1421 1148 1628 1203 militia:
1663 1153 1875 1207 Domini
1923 1155 2028 1209 du-

460 1243 577 1281 cem
605 1244 729 1284 esse
759 1231 1076 1288 declaravit.
1112 1231 1248 1289 Tum
1279 1245 1332 1290 et
1363 1237 1611 1293 divorum
1645 1244 2028 1310 prophetarum

462 1316 683 1384 quidam
714 1318 917 1374 vidisse
952 1335 1011 1375 se
1041 1319 1326 1378 Dominum
1369 1325 1555 1396 gloriae
1590 1330 1667 1385 ait
1698 1331 1739 1397 ⁸,
1771 1332 2030 1399 Seraphi-

462 1423 652 1461 norum
685 1424 883 1464 corona
909 1412 1328 1471 circumdatum.
1360 1418 1569 1474 Etenim
1615 1436 1741 1477 cum
1796 1425 1864 1480 ad
1895 1442 2029 1482 cou-

462 1509 727 1555 tumaeem
760 1501 912 1554 illum
961 1503 1199 1574 durique
1235 1508 1416 1563 cordis
1446 1512 1704 1581 populum
1737 1516 2030 1575 mittendus

462 1600 626 1653 esset,
662 1605 863 1646 arcana
917 1594 1005 1647 illa
1051 1595 1219 1665 gloria
1252 1598 1578 1664 illustratur.
1614 1604 1866 1676 labiaque
1912 1609 2030 1678 ejus

463 1681 703 1736 carbone
731 1685 1081 1752 mnudanlur,
1124 1697 1185 1743 ut
1210 1704 1343 1758 pure
1382 1692 1447 1746 ad
1481 1709 1670 1763 purum
1703 1700 2026 1768 accederet;

464 1770 743 1839 divinique
774 1778 1046 1830 sermonis
1076 1777 1251 1835 factus
1287 1782 1557 1848 minister,
1588 1794 1754 1857 atque
1780 1788 1881 1844 hoc
1913 1792 2030 1847 viso

463 1859 742 1930 gloriaque
790 1862 1098 1928 roboratus,
1144 1868 1230 1921 cui
1278 1884 1390 1923 rem
1450 1872 1652 1927 nullam
1708 1890 2030 1947 comparare

463 1957 700 2016 poterat,
747 1951 1003 2009 humanis
1043 1960 1255 2014 cunctis
1287 1965 1635 2032 contemptis,
1668 1969 2030 2028 confidentius

464 2044 531 2093 ad
571 2043 879 2098 auditorum
917 2048 1790 2125 oraculorumpromulgationem
1835 2077 2030 2131 proce-

462 2132 634 2186 deret.
667 2132 822 2188 Alius
855 2137 876 2167 ⁸
909 2149 1089 2192 autem
1128 2142 1325 2195 mentis
1345 2145 1518 2201 oculis
1549 2149 1869 2218 purillcaIis,
1906 2168 2026 2208 cum
2092 2142 2106 2156 ’

464 2224 863 2292 impendentem
898 2232 1279 2297 peccatoribus
1308 2236 1542 2291 divinam
1583 2252 1835 2297 cerneret
1868 2245 2029 2313 puni-

464 2316 686 2380 tionem,
719 2320 1037 2389 prmpositos
1074 2322 1198 2379 huic
1226 2326 1301 2379 rei
1342 2328 1622 2386 ministros
1652 2334 1808 2400 vidit,
1840 2335 2031 2402 bipen-

461 2423 560 2462 nes
590 2424 749 2464 manu
803 2420 1114 2482 gestantes;
1146 2430 1254 2483 quo
1285 2416 1320 2471 ii
1363 2429 1580 2488 speetro
1614 2422 1945 2479 mortiferam
1976 2435 2032 2482 et

462 2496 752 2551 exitiosam
791 2501 922 2566 vim,
960 2502 1226 2556 caedenda:
1280 2506 1517 2560 sontium
1568 2509 1901 2567 multitudini
1943 2515 2030 2568 ln-

466 2595 709 2655 tentam,
770 2593 1255 2660 reprazsentabant.
1329 2596 1484 2652 Sicut
1549 2600 1715 2654 etiam
1770 2602 2030 2657 viderat'

463 2678 666 2747 pudere
708 2680 980 2746 indutum,
1023 2684 1198 2739 media
1252 2689 1386 2742 urbe
1435 2689 1743 2747 discurrere
1794 2692 2028 2763 iussum,

461 2771 786 2839 signumque
815 2772 1128 2842 imprimere
1159 2774 1212 2830 in
1240 2776 1511 2854 frontibus
1538 2782 1775 2837 virorum
1806 2799 2030 2854 gemen-

463 2858 620 2921 tium,
661 2868 719 2913 et.
748 2859 817 2914 ob
862 2863 1044 2916 omnia
1079 2878 1198 2931 qua:
1238 2865 1382 2919 inter
1410 2852 1505 2922 eos
1552 2870 1753 2925 llebant
1807 2852 2029 2941 peccata

466 2951 840 3015 maerentium,
870 2953 1052 3006 divina
1075 2954 1290 3009 interim
1316 2956 1526 3023 justitia
1549 2973 1668 3012 reos
1695 2960 1762 3015 ab
1795 2961 2031 3019 innoxiis

2127 513 2309 566 ἐκεῖνα
2366 512 2715 583 λαλούμενον,
2767 513 2878 573 καὶ
2905 514 2958 567 εί
2995 530 3049 567 τι
3094 513 3306 578 τούτοις
3344 513 3699 589 ᾠκονόμηται

2128 602 2528 673 παραπλήσιον.
2582 602 2771 666 Οὕτως
2803 602 2881 673 τῷ
2905 600 3004 657 τοῦ
3041 602 3198 672 Ναυῆ
3229 605 3402 671 παιδὶ,
3435 606 3560 660 ἐπεὶ
3594 624 3696 663 πο-

2126 692 2314 761 λέμων
2343 692 2538 763 ἔμελεν
2576 691 2764 763 αὐτῷ,
2807 692 2906 747 καὶ
2941 695 3079 765 πρὸς
3106 694 3236 758 τοὺς
3275 693 3596 766 ἀλλοτρίους
3636 695 3709 772 ἦν

2126 785 2161 854 ἠ
2189 784 2330 838 κατά
2360 785 2461 855 τὴν
2497 785 2678 856 μάχην
2717 782 3046 857 παράταξις,
3073 786 3102 839 ό
3142 785 3334 856 ὀφθεὶς
3355 786 3500 853 θεῖος
3531 790 3705 859 ἀγγε-

2127 873 2238 940 λος,
2263 876 2321 927 ἐν
2349 875 2673 947 ἀνθρωπείῳ
2699 874 2779 955 τῷ
2828 877 3070 947 σχήματι
3114 876 3466 946 ἐπεφαίνετο,
3499 879 3700 944 ἐοικὼς

2127 966 2484 1039 όπλιτεύοντι,
2519 967 2613 1021 καὶ
2653 966 2754 1037 τὴν
2796 968 2957 1039 χεῖρα
3012 966 3383 1039 παραδεικνὺς
3423 969 3714 1026 καθωπλι-

2131 1055 2337 1126 σμένην
2380 1028 2480 1128 τῆιὲ
2520 1028 2830 1129 μάχαιρανῗ
2858 1028 2950 1111 διὸ
2992 1028 3106 1112 καὶ.
3135 1057 3212 1122 ὡς
3267 1028 3500 1129 ὁπλίτην
3536 1061 3711 1132 δρῶν,

2129 1148 2221 1201 καὶ¹
2248 1148 2384 1218 πρὸς
2415 1148 2476 1201 τὸ
2500 1147 2604 1218 τῆς
2639 1147 2769 1212 θέας
2803 1149 3208 1219 ἐξηλλαγμένον
3254 1151 3583 1221 ἀμηχανῶν,
3614 1154 3713 1207 ὃσ-

2127 1255 2211 1301 τις
2239 1240 2368 1291 ποτὲ
2402 1239 2510 1309 εἴη,
2544 1239 2771 1311 πότερον
2807 1240 2916 1294 τῶν
2944 1241 3189 1309 φυλετῶν
3227 1242 3396 1314 ἡτῶν
3429 1246 3714 1314 πολεμίων

2127 1327 2510 1382 διεπυνθάνετο
2531 1346 2546 1362 ⁸
2579 1331 2608 1383 ὀ
2635 1329 2691 1382 δὲ
2716 1325 2857 1383 εῖναι
2885 1328 2987 1400 τῆς
3014 1331 3300 1403 δυνάμεως
3339 1335 3552 1406 Κυρίου
3579 1337 3711 1388 ἐαυ-

2127 1417 2232 1495 τὸνί
2248 1420 2616 1490 στρατιάρχην
2644 1421 2993 1489 ἀπεφαίνετο.
3017 1422 3128 1475 Καὶ
3154 1422 3261 1475 τῶν
3288 1424 3450 1478 θείων
3482 1443 3708 1497 προφη-

2129 1488 2237 1564 τῶν
2269 1488 2427 1580 ὁμέν
2572 1488 2678 1565 καὶ
2725 1488 2888 1566 αύτὸν
2924 1516 3024 1584 τῆς
3063 1513 3223 1585 δόξης
3253 1488 3553 1572 τεθεᾶσθαι

2133 1600 2250 1670 ριόν
2276 1617 2429 1671 φησι,
2478 1601 2574 1655 καὶ
2628 1602 2698 1655 τὰ
2737 1603 2987 1673 Σεραφὶμ
3029 1604 3217 1674 κύκλῳ
3275 1606 3708 1675 περιιστάμενα.

2143 1692 2361 1761 Ἐπειδὴ
2401 1691 2511 1761 γὰρ
2550 1692 2744 1762 ἔμελλε
2783 1693 2923 1764 πρὸς
2966 1693 3058 1747 τὸν
3089 1694 3295 1764 ἀπειθῆ
3338 1696 3549 1749 ἐκεῖνον
3578 1695 3710 1750 λαὸν

2061 1773 2102 1828 Β
2131 1783 2226 1834 καὶ
2272 1781 2698 1853 σκληροκάρδιον
2748 1783 3200 1848 ἀποστέλλεσθαι,
3232 1784 3332 1854 τὴν
3376 1786 3701 1857 ἀπόρρητον

2129 1871 2344 1943 ἐκείνην
2378 1872 2542 1938 δόξαν
2599 1873 3052 1945 περιαυγάζεται,
3100 1876 3198 1929 καὶ
3235 1875 3315 1946 τῷ
3352 1876 3594 1947 ἄνθρακι
3638 1878 3708 1932 τά

2128 1964 2282 2035 χείλη
2333 1964 2688 2035 καθαίρεταιο
2724 1966 2810 2020 ἵνα
2844 1965 3103 2038 καθαρῶς
3133 1967 3212 2038 τῷ
3257 1968 3489 2040 καθαρῷ
3523 1987 3701 2042 προσο

2128 2056 2397 2129 ομιλήσῃ·
2427 2058 2522 2110 καὶ
2545 2056 2706 2110 θείων
2734 2056 2911 2125 λόγων
2942 2057 3222 2130 ὑπηρέτης
3253 2058 3564 2130 γενόμενος,
3596 2064 3708 2114 κάκ

2126 2151 2227 2219 τῆς
2263 2147 2525 2217 τοιαύτης
2553 2147 2681 2211 θέας
2731 2148 2826 2202 καὶ
2873 2148 3032 2215 δόξης
3080 2150 3548 2221 ἐπιρωννύμενος,
3611 2155 3707 2206 καὶ

2127 2240 2264 2310 πρδς
2277 2240 2429 2292 οὐδὲν
2446 2239 2556 2292 τῶν
2572 2239 2746 2293 ἀλλων
2761 2238 2966 2309 ταύτην
2984 2242 3361 2310 παραμετρεῖν
3379 2240 3702 2312 δυνάμενος,

2128 2328 2348 2382 πάντων
2374 2327 2485 2382 τῶν
2509 2327 2869 2396 ἀνθρωπείων
2888 2328 3220 2396 καταγνοὺς,
3252 2328 3704 2403 θαρραλεώτερον

2128 2418 2265 2491 πρὸς
2295 2419 2394 2491 τὴν
2412 2419 2523 2473 τῶν
2548 2418 3059 2492 χρησμῳδουμένων
3080 2418 3357 2475 διακονίαν
3381 2420 3703 2493 προάγοιτο.

2143 2511 2200 2566 '0
2231 2511 2289 2565 δέ
2319 2513 2445 2575 τοὺς
2477 2511 2576 2581 τῆς
2607 2510 2848 2575 διανοίας
2901 2510 3321 2583 κεκαθαρμένος
3347 2512 3694 2584 ὀφθαλμοὺς,

2126 2602 2318 2672 ἐπειδὴ
2344 2603 2441 2674 τὴν
2465 2601 2607 2657 κατά
2652 2603 2761 2656 τῶν
2802 2602 3208 2673 ἡμαρτηκότων
3249 2602 3533 2675 θεόκριτον
3572 2622 3712 2675 προ-

2127 2692 2493 2763 ενηνεγμένην
2526 2690 2675 2762 ἐώρα
2703 2692 2998 2762 τιμωρίαν,
3033 2693 3162 2756 τοὺς
3189 2692 3285 2745 ἐπὶ
3305 2692 3481 2766 ταύτῃ
3506 2712 3714 2764 τεταγ-

2130 2783 2323 2853 μένους
2383 2784 2479 2836 καὶ
2552 2782 3069 2853 ύπηρετουμένους,
3138 2782 3392 2847 πελέκεις
3447 2784 3712 2839 τεθέαται

2127 2873 2286 2942 χερσὶ
2339 2872 2625 2945 φέροντας,
2673 2872 2736 2926 τὸ
2773 2872 3121 2944 ἀναιρετικὸν
3169 2875 3265 2929 καὶ
3320 2873 3712 2945 όλοθρευτικδν

2126 2964 2221 3015 καὶ
2238 2963 2401 3031 τομὸν
2423 2963 2526 3033 τῆς
2551 2962 2659 3016 τῶν
2678 2962 2997 3017 ὑπευθύνων
3020 2962 3259 3035 πληθύος
3275 2964 3709 3036 διαγράφοντας.

460 3049 772 3107 separante.
806 3040 942 3095 Tum
975 3052 1032 3097 et
1061 3043 1214 3099 alteri
1251 3050 1527 3115 propheta:
1561 3047 1582 3079 ⁸
1609 3064 1775 3118 eques
1806 3052 2025 3120 quidam

2134 3055 2350 3126 ὐσπερ
2369 3055 2435 3126 δὴ
2449 3056 2545 3108 καὶ
2567 3055 2806 3125 ἑωράκει
2834 3055 3045 3127 ποδήρη
3073 3055 3411 3121 ἐνδεδυκότα,
3432 3074 3722 3129 προστατ-

461 3143 522 3183 se
563 3131 653 3183 dat
681 3132 1144 3201 conspiciendum,
1174 3148 1315 3205 equo
1349 3138 1469 3194 rufo
1494 3140 1755 3207 insidens,
1783 3155 1841 3197 ut
1873 3144 2026 3198 volu-

462 3219 714 3274 critatetn
766 3220 1001 3279 fortasse
1048 3224 1392 3297 celeremque
1438 3232 1793 3300 gerendarum
1846 3249 2025 3289 rerum

461 3325 683 3365 cursum
713 3312 1071 3370 demonstret.
1099 3314 1283 3373 Faciei
1311 3333 1441 3377 vero
1466 3321 1638 3388 color,
1669 3339 1776 3393 quo
1814 3327 2031 3379 ἰηιιίιιι·

461 3405 564 3454 dus
595 3411 650 3454 rt
688 3414 947 3460 cruentus
982 3408 1288 3476 rubensque
1330 3418 1387 3465 et
1433 3411 1622 3478 igneus
1675 3419 2025 3486 pugnantium

462 3502 716 3557 aspectus
769 3494 1078 3559 denotatur,
1132 3498 1265 3551 iram
1315 3500 1457 3571 (Dei)
1505 3503 1767 3559 adversus
1820 3509 2030 3578 aliquot

464 3583 692 3639 hostiles
729 3594 920 3655 gentes
949 3588 1144 3642 innuit.
1193 3588 1511 3663 Rursusque
1542 3596 1681 3651 idem
1712 3601 1975 3668 prapbeta
2006 3602 2028 3633 '

463 3674 599 3726 bona
637 3680 797 3730 verba
830 3689 886 3732 et
909 3681 1301 3739 consolatorios
1335 3700 1619 3743 sermones
1648 3692 1838 3756 audiit,
1888 3694 2028 3748 divi-

463 3776 586 3815 nam
649 3765 1013 3833 placitlitatem
1072 3772 1610 3848 benevolentiamque
1678 3784 2026 3852 nuntiantes,

463 3867 627 3917 quam
663 3869 788 3925 erga
821 3856 1124 3914 Jerusalem
1159 3877 1575 3933 exprompturus
1603 3881 1722 3925 erat
1747 3875 2031 3932 universa-

464 3943 532 3997 lis
565 3943 729 4008 Deus,
767 3948 1165 4021 populumjure
1204 3952 1330 4009 belli
1364 3960 1636 4027 captivum
1675 3965 1743 4018 ad
1793 3967 2027 4035 priorem

464 4038 880 4105 prosperitatem
932 4040 1352 4117 beatitatemqne
1406 4051 1758 4121 reducendo;
1793 4067 1845 4112 et
1883 4060 2027 4128 quod

466 4128 595 4183 urbs
620 4130 814 4185 iterum
845 4128 1159 4191 aédilicanda
1192 4149 1357 4207 esset,
1392 4152 1445 4196 et
1485 4142 1624 4200 bene
1645 4162 1722 4202 se
1751 4149 2025 4220 habitura,

462 4229 518 4272 et
542 4220 736 4290 opibus
767 4223 1124 4282 abundatura.
1159 4228 1225 4282 Et
1250 4242 1516 4303 quotquot
1540 4235 1643 4291 alia
1668 4239 1902 4297 visiones
1927 4243 2030 4298 illa:

2132 3145 2359 3214 τόμενόν
2381 3163 2440 3199 τε
2466 3146 2695 3200 διελθεῖν
2738 3147 2913 3217 μέσην
2935 3147 3035 3218 τὴν
3056 3146 3228 3212 πόλιν,
3272 3148 3369 3201 καὶ
3400 3148 3605 3202 διδόναι
3650 3150 3717 3203 τὸ

2134 3239 2358 3307 σημεῖον
2384 3237 2477 3293 ἐπὶ
2520 3237 2590 3291 τὰ
2613 3237 2840 3306 μέτωπα
2855 3238 2966 3292 τῶν
3002 3237 3212 3309 ἀνδρῶν
3239 3238 3350 3292 τῶν
3375 3256 3719 3294 καταστεναο

2134 3328 2337 3393 ζόντων
2363 3330 2455 3383 καὶ
2495 3330 2958 3401 κατοδυνωμένων
2990 3330 3319 3395 ἐπὶοπάσαις
3348 3335 3468 3397 ταῖς
3498 3333 3718 3398 ἀνοίαις

2131 3422 2252 3483 ταῖς
2280 3421 2595 3490 γινομέναις
2627 3422 2685 3473 ἐν
2729 3422 2882 3492 μέσῳ
2920 3422 3120 3489 αὐτῶν,
3167 3423 3268 3494 τῆς
3308 3422 3463 3487 θείας
3494 3425 3717 3478 δικαιο-

2134 3511 2355 3582 κρισίας
2381 3511 2726 3583 διειργούσης
2751 3514 2880 3577 τοὺς
2902 3514 3231 3579 ἀνευθύνους
3248 3513 3381 3569 ,τῶν
3403 3516 3713 3570 ὑποδίκων.

2134 3602 2245 3655 Καὶ
2272 3602 2417 3673 ἄλλῳ
2481 3604 2680 3668 ἱππεύς
2737 3622 2822 3668 τις
2882 3607 3263 3676 ἐμφανίζεται,
3312 3608 3467 3679 ἵππῳ
3510 3608 3720 3680 πυρῤᾧ

2133 3694 2497 3764 ἐποχούμενος
2521 3710 2535 3723 ·
2572 3696 2710 3767 τάχα
2740 3696 2801 3748 τὸ
2819 3696 3128 3770 ὀξύρροπον
3150 3699 3246 3752 καὶ
3264 3700 3577 3771 ταχυπόρον
3599 3702 3718 3754 τῶν

2135 3786 2545 3856 ἐνεργουμένων
2584 3785 2659 3850 ὡς
2705 3787 2938 3859 ίππότης
2974 3788 3365 3859 παραδεικνύς.
3399 3791 3475 3844 Τὸ
3524 3790 3584 3843 δέ
3612 3791 3718 3846 τοῦ

2134 3874 2342 3945 χρωτὸς
2359 3874 2515 3941 εἶδος,
2534 3870 2578 3944 ᾧ
2596 3878 2658 3930 τὸ
2683 3877 2914 3948 θυμικὸν
2942 3878 3019 3943 ὡς
3046 3880 3346 3951 αίμόχρουν
3376 3882 3475 3936 καὶ
3500 3883 3720 3952 ὑπέρυ-

2134 3966 2261 4037 θρον
2291 3967 2386 4020 καὶ
2435 3968 2733 4039 πυρίπνουν
2763 3968 2872 4022 τῶν
2921 3971 3248 4040 μαχομένων
3291 3970 3716 4043 τεκμηριοῦται,

2133 4057 2232 4127 τὴν
2263 4056 2404 4111 κατά
2435 4074 2597 4112 τινων
2613 4058 2890 4128 πολεμίων
2920 4060 3090 4114 ἐθνῶν
3119 4061 3718 4133 ὀργὴνὺπαινίττεται.

2134 4150 2245 4202 Kal.
2281 4144 2437 4212 αὖθις
2465 4151 2688 4220 ῥήματα
2716 4150 2860 4205 καλά
2899 4152 2996 4205 καὶ
3041 4152 3235 4221 λόγους
3258 4153 3723 4226 παρακλητικοὺς

2134 4240 2432 4313 ἧκουε,τὴν
2450 4240 2602 4294 θείαν
2621 4241 2911 4313 εὐμένειαν
2921 4244 3016 4296 καὶ
3036 4243 3447 4316 φιλανθρωπίαν
3463 4262 3722 4316 προαγο-

463 4314 707 4367 cerneuti
756 4320 1243 4384 repraesentabant.
1273 4325 1451 4393 Atque
1480 4326 1620 4383 alius
1653 4328 1836 4397 aliter,
1870 4344 2028 4400 prout

2138 4328 2418 4400 ρεύοντας,
2453 4324 2544 4393 αἷς
2576 4331 2709 4404 περὶ
2733 4330 2833 4403 τὴν
2862 4332 3226 4406 Ἰερουσαλὴμ
3239 4314 3518 4406 Ῠχρήσεταιῖ
3539 4338 3569 4390 ό
3599 4314 3723 4392 τῶν

462 4402 612 4454 varia
659 4402 894 4472 dignitas
941 4410 1273 4477 postulabat.
1306 4419 1672 4497 gerendarum
1700 4435 1916 4491 quoque
1946 4440 2025 4479 re-

2135 4422 2272 4475 ὅλων
2303 4421 2456 4486 Θεὸς,
2499 4423 2593 4476 ἐπὶ
2630 4402 2733 4495 τὴν
2783 4402 3058 4497 προτέραν
3109 4402 3455 4497 εὐδαιμονίαν
3500 4444 3563 4480 τε
3614 4430 3727 4483 καὶ

464 4506 585 4544 rum
631 4492 830 4562 figuras
870 4498 1197 4566 sytnbolicas
1233 4501 1550 4561 informatas
1587 4493 1843 4578 videbat;
1871 4524 2028 4582 prout

2129 4512 2426 4567 εὐπάθειαν
2465 4514 2595 4578 τοὺς
2647 4492 3182 4586 ἠνδραποδισμένους
3222 4492 3317 4570 καὶ
3343 4516 3723 4587 δοριλήπτους

466 4582 704 4653 denique
736 4584 883 4643 Deus
914 4589 1180 4645 arbitratu
1208 4608 1308 4647 suo
1342 4609 1432 4649 res
1465 4598 1547 4651 his
1576 4601 1719 4670 typis
1745 4616 2028 4670 expressa

2132 4602 2444 4672 ἐπανάγων,
2484 4602 2580 4659 καὶ
2633 4582 2704 4657 τά
2731 4582 2872 4656 κατά
2900 4582 3001 4674 τὴν
3029 4603 3186 4658 πόλιν
3222 4605 3368 4668 ὅπως
3407 4582 3528 4669 ἕξεί
3552 4607 3729 4679 οἰκή-

464 4674 578 4741 gcri
639 4679 889 4732 curabat.
942 4676 1083 4746 Quid
1137 4690 1318 4737 autem
1370 4685 1657 4743 dicendum
1698 4702 1784 4747 est
1816 4693 1881 4747 de
1929 4695 2028 4749 illis

2133 4692 2270 4757 σεώς
2300 4710 2360 4747 τε
2396 4693 2491 4747 καὶ
2521 4693 2835 4765 εὐετηρίας,
2863 4694 2947 4747 ὅτι
2980 4696 3355 4765 κατακάρπως
3394 4674 3732 4766 οἰκισθήσε-

464 4779 679 4835 quoque
720 4772 1046 4827 venerandis
1095 4777 1407 4847 sanctisque
1466 4778 1706 4841 feminis.
1735 4797 2028 4855 unguenta,

467 4855 714 4925 inquam,
755 4859 1302 4923 ferentibuslNonne
1328 4869 1642 4940 angelorum
1674 4874 1851 4928 visum
1880 4876 2031 4931 vide.

468 4956 593 5000 runt
616 4948 658 5013 ',
694 4959 856 5017 atque
903 4954 1001 5010 hos
1030 4958 1170 5013 albis
1202 4961 1421 5017 indutos
1447 4963 1696 5033 stolaque
1723 4964 2025 5034 splendida,

466 5036 591 5091 dmn
622 5038 689 5092 ad
732 5040 973 5097 divinum
1016 5048 1322 5116 sepulcrum
1381 5052 1512 5124 ipsa:
1562 5055 1907 5122 accederent,
1939 5059 2025 5113 ubi

468 5128 739 5182 vivificum
783 5132 977 5187 summi
1008 5132 1103 5189 Dei
1137 5153 1331 5208 corpus
1378 5152 1494 5197 erat
1526 5145 1860 5223 repositum?
1893 5162 2027 5216 quo-

467 5236 585 5275 rum
622 5224 868 5280 candida»
908 5235 1084 5281 vestes
1122 5237 1287 5298 atque
1318 5230 1603 5303 fulgentes,
1634 5236 1760 5306 quia
1788 5253 2032 5293 conmu-

470 5329 592 5368 nem
664 5315 887 5370 humani
953 5320 1170 5388 generis
1228 5320 1470 5377 laetitiam
1534 5335 1587 5381 et
1661 5328 2032 5384 liberationem

467 5408 764 5476 symbolice
781 5408 1153 5480 designabant,
1187 5426 1325 5481 pene
1351 5424 1476 5469 ante
1507 5432 1670 5485 quam
1705 5420 1805 5488 ipsi
1833 5422 2031 5490 angeli,

468 5508 653 5553 vocem
687 5499 828 5555 hanc
865 5500 1185 5557 emittebant
1217 5500 1359 5568 :Qui
1381 5506 1626 5574 sepultus
1659 5517 1800 5577 erat,
1828 5524 2015 5566 resur-

2136 4802 2247 4839 ται.
2275 4784 2388 4839 Καὶ
2436 4782 2608 4842 τᾶλλα
2639 4786 2740 4839 ὅσα
2778 4785 2835 4839 al
2878 4784 3031 4855 δψεις
3064 4787 3271 4840 ἐκεῖναι
3312 4785 3603 4839 διετύπουν
3640 4788 3734 4858 τῷ

2137 4877 2409 4947 βλέποντι.
2437 4876 2549 4930 Καὶ
2570 4875 2730 4941 ἀλλος
2771 4876 2968 4945 ἄλλως,
2991 4877 3127 4931 καθὸ
3141 4878 3203 4931 τὸ
3220 4877 3418 4949 μέτρον
3433 4877 3534 4948 τῆς
3555 4878 3735 4945 ἀξίας

2135 4966 2424 5032 ἐπέϐαλλε,
2459 4967 2557 5021 καὶ
2586 4968 2697 5022 τῶν
2724 4968 3195 5051 πραχθησομένων
3222 4971 3272 5023 οἱ
3301 4969 3463 5023 τύποι
3504 4972 3738 5039 συμϐο-

2133 5058 2299 5123 λικῶς
2343 5060 2778 5131 διεσκευάζοντο,
2807 5063 2903 5117 καὶ
2925 5062 3198 5134 ᾠκονόμει
3227 5062 3363 5128 Θεὸς
3397 5063 3495 5116 καὶ
3525 5062 3739 5134 ἔκρινα

2134 5152 2204 5205 τὰ
2244 5154 2302 5206 ἐν
2330 5152 2544 5217 τούτοις
2598 5156 3076 5228 ἐκκαλυπτόμενα.
3137 5157 3205 5211 Τί
3253 5156 3298 5210 δ’
3343 5155 3410 5210 ἂν
3438 5154 3587 5209 εἴποι
3632 5175 3739 5222 τις

2136 5244 2265 5314 περί
2296 5260 2358 5312 γε
2390 5245 2500 5298 τῶν
2558 5246 2773 5316 σεμνῶν
2820 5248 3043 5302 ἐκείνων
3076 5248 3354 5317 γυναικῶν
3385 5247 3479 5301 καὶ
3509 5246 3737 5315 ἁγίων,

2134 5337 2245 5390 τῶν
2302 5338 2628 5408 μυροφόρων
2676 5339 2852 5407 λέγω;
2905 5340 3038 5410 Οὐχὶ
3116 5338 3383 5394 ὀπτασίαν
3456 5338 3744 5407 ἀγγέλων

2135 5428 2478 5499 ἑωράκεσαν,
2549 5432 2646 5484 καὶ
2701 5430 2925 5495 τούτους
2970 5430 3452 5502 λευχειμονοῦντας
3506 5430 3608 5484 καί⁵
3656 5436 3741 5505 τῇ

2137 5518 2298 5591 στολῇ
2325 5521 2823 5592 ἐναστράπτοντας.
2865 5521 3027 5593 ἡνίκα
3063 5524 3204 5578 κατά
3240 5524 3332 5579 τὸν
3363 5522 3507 5577 θεῖον
3535 5522 3745 5594 τάφον

537 5671 765 5733 "-‘losue
794 5695 823 5731 ν
853 5718 868 5745 ,
914 5681 998 5737 l5.
1079 5683 1095 5714 ’
1130 5681 1232 5738 lsa.
1266 5699 1336 5750 τι,
1389 5686 1435 5742 l.
1513 5688 1532 5716 ²
1560 5685 1751 5742 Ezccb.
1792 5704 1866 5754 Ix,
1903 5688 1938 5742 2

2129 5692 2217 5747 vid.
2260 5693 2312 5748 4.
2395 5692 2597 5747 ‘Zach.
2632 5711 2670 5761 ι,
2703 5695 2756 5750 8.
2867 5696 2886 5727 '
2917 5695 3047 5752 ibid.
3086 5695 3169 5752 l7.
3249 5697 3271 5729 ⁶
3303 5694 3438 5752 Luc.
3473 5711 3634 5767 xxtv,
3674 5701 3744 5764 ι,
