  <div class='ocr_page' id='page_1' title='image "/cluster/home/n/w/nwhite01/storage/ocr_20150623/100/hvd.32044054111919/182.png"; bbox 0 0 3952 6202; ppageno 0'>
   <div class='ocr_carea' id='block_1_1' title="bbox 194 248 3444 320">
    <p class='ocr_par' dir='ltr' id='par_1_1' title="bbox 194 248 3444 320">
     <span class='ocr_line' id='line_1_1' title="bbox 194 248 3444 320; baseline -0.002 0"><span class='ocrx_word' id='word_1_1' title='bbox 194 254 305 320; x_wconf 82' lang='grc'><strong>353</strong></span> <span class='ocrx_word' id='word_1_2' title='bbox 906 252 1536 315; x_wconf 80' lang='lat' dir='ltr'><strong>ANTIRRHETICUS</strong></span> <span class='ocrx_word' id='word_1_3' title='bbox 1581 252 1643 313; x_wconf 86' lang='lat' dir='ltr'><strong>II</strong></span> <span class='ocrx_word' id='word_1_4' title='bbox 1693 251 1860 313; x_wconf 85' lang='lat' dir='ltr'><strong>ADV.</strong></span> <span class='ocrx_word' id='word_1_5' title='bbox 1899 248 2491 314; x_wconf 79' lang='lat' dir='ltr'><strong>CONSTANTINUM</strong></span> <span class='ocrx_word' id='word_1_6' title='bbox 2528 251 2742 313; x_wconf 87' lang='lat' dir='ltr'><strong>COPR.</strong></span> <span class='ocrx_word' id='word_1_7' title='bbox 3340 248 3444 315; x_wconf 66' lang='grc'>354</span> 
     </span>
    </p>
   </div>
   <div class='ocr_carea' id='block_1_2' title="bbox 191 355 1788 443">
    <p class='ocr_par' dir='ltr' id='par_1_2' title="bbox 191 355 1786 443">
     <span class='ocr_line' id='line_1_2' title="bbox 191 355 1786 443; baseline -0.001 -25"><span class='ocrx_word' id='word_1_8' title='bbox 191 364 599 439; x_wconf 71' lang='grc' dir='ltr'>προσήδρευον,</span> <span class='ocrx_word' id='word_1_9' title='bbox 630 363 692 419; x_wconf 73' lang='grc' dir='ltr'><strong>ὲν</strong></span> <span class='ocrx_word' id='word_1_10' title='bbox 722 355 768 434; x_wconf 76' lang='grc' dir='ltr'><strong>ᾧ</strong></span> <span class='ocrx_word' id='word_1_11' title='bbox 795 362 857 419; x_wconf 84' lang='grc' dir='ltr'><strong>τὸ</strong></span> <span class='ocrx_word' id='word_1_12' title='bbox 879 362 1189 437; x_wconf 77' lang='grc' dir='ltr'>ζωαρχικὸν</span> <span class='ocrx_word' id='word_1_13' title='bbox 1219 365 1321 434; x_wconf 85' lang='grc' dir='ltr'>τῆς</span> <span class='ocrx_word' id='word_1_14' title='bbox 1348 365 1609 436; x_wconf 86' lang='grc' dir='ltr'>θεαρχίας</span> <span class='ocrx_word' id='word_1_15' title='bbox 1625 363 1786 443; x_wconf 85' lang='grc' dir='ltr'>σῶμα</span> 
     </span>
    </p>
   </div>
   <div class='ocr_carea' id='block_1_3' title="bbox 1889 355 3444 443">
    <p class='ocr_par' dir='ltr' id='par_1_3' title="bbox 1889 361 3444 435">
     <span class='ocr_line' id='line_1_3' title="bbox 1889 361 3444 435; baseline 0 -19"><span class='ocrx_word' id='word_1_16' title='bbox 1889 364 2055 430; x_wconf 77' lang='lat' dir='ltr'><strong>rexit,</strong></span> <span class='ocrx_word' id='word_1_17' title='bbox 2107 378 2214 419; x_wconf 87' lang='lat' dir='ltr'><strong>una</strong></span> <span class='ocrx_word' id='word_1_18' title='bbox 2243 378 2431 419; x_wconf 83' lang='lat' dir='ltr'><strong>secum</strong></span> <span class='ocrx_word' id='word_1_19' title='bbox 2465 364 2743 420; x_wconf 73' lang='lat' dir='ltr'><strong>suscitatis</strong></span> <span class='ocrx_word' id='word_1_20' title='bbox 2776 361 2843 418; x_wconf 88' lang='lat' dir='ltr'><strong>iis</strong></span> <span class='ocrx_word' id='word_1_21' title='bbox 2889 361 2980 432; x_wconf 87' lang='lat' dir='ltr'><strong>qui</strong></span> <span class='ocrx_word' id='word_1_22' title='bbox 3015 362 3208 435; x_wconf 85' lang='lat' dir='ltr'><strong>mortis</strong></span> <span class='ocrx_word' id='word_1_23' title='bbox 3237 371 3444 418; x_wconf 73' lang='lat' dir='ltr'><strong>catenis</strong></span> 
     </span>
    </p>
   </div>
   <div class='ocr_carea' id='block_1_4' title="bbox 192 449 1788 531">
    <p class='ocr_par' dir='ltr' id='par_1_4' title="bbox 192 449 1779 531">
     <span class='ocr_line' id='line_1_4' title="bbox 192 449 1779 531; baseline -0.001 -18"><span class='ocrx_word' id='word_1_24' title='bbox 192 449 666 530; x_wconf 68' lang='grc' dir='ltr'>ἐτεθήσαύριστο;</span> <span class='ocrx_word' id='word_1_25' title='bbox 693 452 770 512; x_wconf 80' lang='grc' dir='ltr'><strong>ὧν</strong></span> <span class='ocrx_word' id='word_1_26' title='bbox 797 458 860 512; x_wconf 85' lang='grc' dir='ltr'><strong>τὸ</strong></span> <span class='ocrx_word' id='word_1_27' title='bbox 906 459 1135 531; x_wconf 76' lang='grc' dir='ltr'>φαιδρὸν</span> <span class='ocrx_word' id='word_1_28' title='bbox 1160 460 1267 529; x_wconf 81' lang='grc' dir='ltr'>τῆς</span> <span class='ocrx_word' id='word_1_29' title='bbox 1292 458 1487 527; x_wconf 83' lang='grc' dir='ltr'><strong>στολῆς</strong></span> <span class='ocrx_word' id='word_1_30' title='bbox 1522 459 1617 512; x_wconf 82' lang='grc' dir='ltr'><strong>καὶ</strong></span> <span class='ocrx_word' id='word_1_31' title='bbox 1646 475 1779 513; x_wconf 84' lang='grc' dir='ltr'>κατ-</span> 
     </span>
    </p>
   </div>
   <div class='ocr_carea' id='block_1_5' title="bbox 1889 449 3442 531">
    <p class='ocr_par' dir='ltr' id='par_1_5' title="bbox 1889 452 3442 524">
     <span class='ocr_line' id='line_1_5' title="bbox 1889 452 3442 524; baseline 0 -17"><span class='ocrx_word' id='word_1_32' title='bbox 1889 453 2222 508; x_wconf 82' lang='lat' dir='ltr'><strong>Leuebantur.</strong></span> <span class='ocrx_word' id='word_1_33' title='bbox 2255 452 2399 509; x_wconf 79' lang='lat' dir='ltr'><strong>Mors</strong></span> <span class='ocrx_word' id='word_1_34' title='bbox 2425 454 2625 524; x_wconf 83' lang='lat' dir='ltr'><strong>quippe</strong></span> <span class='ocrx_word' id='word_1_35' title='bbox 2654 452 2928 509; x_wconf 88' lang='lat' dir='ltr'><strong>destructa</strong></span> <span class='ocrx_word' id='word_1_36' title='bbox 2962 463 3069 519; x_wconf 89' lang='lat' dir='ltr'><strong>est,</strong></span> <span class='ocrx_word' id='word_1_37' title='bbox 3090 453 3206 509; x_wconf 90' lang='lat' dir='ltr'><strong>orci</strong></span> <span class='ocrx_word' id='word_1_38' title='bbox 3232 452 3442 508; x_wconf 82' lang='lat' dir='ltr'><strong>vincula</strong></span> 
     </span>
    </p>
   </div>
   <div class='ocr_carea' id='block_1_6' title="bbox 190 544 1788 625">
    <p class='ocr_par' dir='ltr' id='par_1_6' title="bbox 190 544 1777 625">
     <span class='ocr_line' id='line_1_6' title="bbox 190 544 1777 625; baseline -0.003 -22"><span class='ocrx_word' id='word_1_39' title='bbox 190 549 591 620; x_wconf 75' lang='grc' dir='ltr'>ηγλαῖσμένον,</span> <span class='ocrx_word' id='word_1_40' title='bbox 631 548 873 620; x_wconf 66' lang='grc' dir='ltr'>ἐπείπερ</span> <span class='ocrx_word' id='word_1_41' title='bbox 906 548 1180 625; x_wconf 87' lang='grc' dir='ltr'>σύμϐολον</span> <span class='ocrx_word' id='word_1_42' title='bbox 1208 544 1277 621; x_wconf 75' lang='grc' dir='ltr'><strong>ἦν</strong></span> <span class='ocrx_word' id='word_1_43' title='bbox 1301 548 1401 620; x_wconf 84' lang='grc' dir='ltr'>τῆς</span> <span class='ocrx_word' id='word_1_44' title='bbox 1449 546 1637 617; x_wconf 78' lang='grc' dir='ltr'><strong>κοινῆς</strong></span> <span class='ocrx_word' id='word_1_45' title='bbox 1681 544 1777 600; x_wconf 83' lang='grc' dir='ltr'><strong>τοῦ</strong></span> 
     </span>
    </p>
   </div>
   <div class='ocr_carea' id='block_1_7' title="bbox 1889 544 3444 625">
    <p class='ocr_par' dir='ltr' id='par_1_7' title="bbox 1889 545 3444 616">
     <span class='ocr_line' id='line_1_7' title="bbox 1889 545 3444 616; baseline 0.001 -16"><span class='ocrx_word' id='word_1_46' title='bbox 1889 546 2120 614; x_wconf 82' lang='lat' dir='ltr'><strong>dirupta,</strong></span> <span class='ocrx_word' id='word_1_47' title='bbox 2152 545 2466 601; x_wconf 76' lang='lat' dir='ltr'><strong>exstinctus</strong></span> <span class='ocrx_word' id='word_1_48' title='bbox 2494 546 2760 613; x_wconf 83' lang='lat' dir='ltr'><strong>diabolus,</strong></span> <span class='ocrx_word' id='word_1_49' title='bbox 2792 555 3074 616; x_wconf 88' lang='lat' dir='ltr'><strong>peccatum</strong></span> <span class='ocrx_word' id='word_1_50' title='bbox 3101 555 3444 601; x_wconf 88' lang='lat' dir='ltr'><strong>evacuatum.</strong></span> 
     </span>
    </p>
   </div>
   <div class='ocr_carea' id='block_1_8' title="bbox 191 634 1788 711">
    <p class='ocr_par' dir='ltr' id='par_1_8' title="bbox 191 636 1778 711">
     <span class='ocr_line' id='line_1_8' title="bbox 191 636 1778 711; baseline -0.001 -18"><span class='ocrx_word' id='word_1_51' title='bbox 191 640 382 710; x_wconf 79' lang='grc' dir='ltr'>γένους</span> <span class='ocrx_word' id='word_1_52' title='bbox 415 638 761 711; x_wconf 81' lang='grc' dir='ltr'>εὐφροσύνης</span> <span class='ocrx_word' id='word_1_53' title='bbox 786 656 850 694; x_wconf 84' lang='grc' dir='ltr'><strong>τε</strong></span> <span class='ocrx_word' id='word_1_54' title='bbox 867 641 964 695; x_wconf 79' lang='grc' dir='ltr'><strong>καὶ</strong></span> <span class='ocrx_word' id='word_1_55' title='bbox 985 637 1445 710; x_wconf 76' lang='grc' dir='ltr'><strong>ἀπολυτρώσεως,</strong></span> <span class='ocrx_word' id='word_1_56' title='bbox 1464 637 1573 709; x_wconf 82' lang='grc' dir='ltr'><strong>πρὸ</strong></span> <span class='ocrx_word' id='word_1_57' title='bbox 1596 636 1778 692; x_wconf 84' lang='grc' dir='ltr'>αὐτῶν</span> 
     </span>
    </p>
   </div>
   <div class='ocr_carea' id='block_1_9' title="bbox 1889 634 3446 711">
    <p class='ocr_par' dir='ltr' id='par_1_9' title="bbox 1889 634 3446 707">
     <span class='ocr_line' id='line_1_9' title="bbox 1889 634 3446 707; baseline 0.001 -16"><span class='ocrx_word' id='word_1_58' title='bbox 1889 634 1980 691; x_wconf 81' lang='lat' dir='ltr'><strong>ilic</strong></span> <span class='ocrx_word' id='word_1_59' title='bbox 2035 636 2181 692; x_wconf 90' lang='lat' dir='ltr'><strong>enim</strong></span> <span class='ocrx_word' id='word_1_60' title='bbox 2230 645 2351 692; x_wconf 90' lang='lat' dir='ltr'><strong>erat</strong></span> <span class='ocrx_word' id='word_1_61' title='bbox 2410 637 2633 692; x_wconf 89' lang='lat' dir='ltr'><strong>nuntius</strong></span> <span class='ocrx_word' id='word_1_62' title='bbox 2686 638 3021 704; x_wconf 82' lang='lat' dir='ltr'><strong>laetissimus,</strong></span> <span class='ocrx_word' id='word_1_63' title='bbox 3073 636 3446 707; x_wconf 82' lang='lat' dir='ltr'><strong>prodigiorum</strong></span> 
     </span>
    </p>
   </div>
   <div class='ocr_carea' id='block_1_10' title="bbox 192 728 1788 803">
    <p class='ocr_par' dir='ltr' id='par_1_10' title="bbox 192 729 1782 803">
     <span class='ocr_line' id='line_1_10' title="bbox 192 729 1782 803; baseline 0.013 -20"><span class='ocrx_word' id='word_1_64' title='bbox 192 730 481 801; x_wconf 77' lang='grc' dir='ltr'>μονονουχὶ</span> <span class='ocrx_word' id='word_1_65' title='bbox 509 731 698 803; x_wconf 76' lang='grc' dir='ltr'>φωνὴν</span> <span class='ocrx_word' id='word_1_66' title='bbox 727 731 880 803; x_wconf 85' lang='grc' dir='ltr'>ήφίει</span> <span class='ocrx_word' id='word_1_67' title='bbox 904 749 920 765; x_wconf 87' lang='grc'><strong>·</strong></span> <span class='ocrx_word' id='word_1_68' title='bbox 949 734 1144 802; x_wconf 80' lang='grc' dir='ltr'><strong>ὅτιπερ</strong></span> <span class='ocrx_word' id='word_1_69' title='bbox 1197 733 1228 785; x_wconf 91' lang='grc' dir='ltr'><strong>ό</strong></span> <span class='ocrx_word' id='word_1_70' title='bbox 1266 729 1459 800; x_wconf 79' lang='grc' dir='ltr'>ταφεὶς</span> <span class='ocrx_word' id='word_1_71' title='bbox 1486 729 1782 801; x_wconf 66' lang='grc' dir='ltr'>ἐξεγήγερ·</span> 
     </span>
    </p>
   </div>
   <div class='ocr_carea' id='block_1_11' title="bbox 1889 728 2951 803">
    <p class='ocr_par' dir='ltr' id='par_1_11' title="bbox 1889 728 2951 800">
     <span class='ocr_line' id='line_1_11' title="bbox 1889 728 2951 800; baseline 0.002 -17"><span class='ocrx_word' id='word_1_72' title='bbox 1889 728 2134 785; x_wconf 79' lang='lat' dir='ltr'><strong>videlicet</strong></span> <span class='ocrx_word' id='word_1_73' title='bbox 2161 730 2577 800; x_wconf 80' lang='lat' dir='ltr'><strong>praedicatorum</strong></span> <span class='ocrx_word' id='word_1_74' title='bbox 2614 731 2951 799; x_wconf 79' lang='lat' dir='ltr'><strong>magnitudo.</strong></span> 
     </span>
    </p>
   </div>
   <div class='ocr_carea' id='block_1_12' title="bbox 193 822 3449 895">
    <p class='ocr_par' dir='ltr' id='par_1_12' title="bbox 193 822 3449 895">
     <span class='ocr_line' id='line_1_12' title="bbox 193 822 3449 895; baseline 0 -18"><span class='ocrx_word' id='word_1_75' title='bbox 193 840 309 892; x_wconf 79' lang='grc' dir='ltr'>ται,</span> <span class='ocrx_word' id='word_1_76' title='bbox 333 826 671 878; x_wconf 85' lang='grc' dir='ltr'>συνανιστῶν</span> <span class='ocrx_word' id='word_1_77' title='bbox 692 825 822 889; x_wconf 79' lang='grc' dir='ltr'>τοὺς</span> <span class='ocrx_word' id='word_1_78' title='bbox 870 825 1039 881; x_wconf 87' lang='grc' dir='ltr'>πάλαι</span> <span class='ocrx_word' id='word_1_79' title='bbox 1089 827 1212 888; x_wconf 86' lang='grc' dir='ltr'>ταῖς</span> <span class='ocrx_word' id='word_1_80' title='bbox 1237 823 1334 879; x_wconf 82' lang='grc' dir='ltr'>τοῦ</span> <span class='ocrx_word' id='word_1_81' title='bbox 1356 823 1591 878; x_wconf 83' lang='grc' dir='ltr'>θανάτου</span> <span class='ocrx_word' id='word_1_82' title='bbox 1626 826 1837 894; x_wconf 84' lang='grc' dir='ltr'><strong>σειραῖς</strong></span> <span class='ocrx_word' id='word_1_83' title='bbox 1872 823 2283 895; x_wconf 81' lang='grc' dir='ltr'>ὲνισχημένους.</span> <span class='ocrx_word' id='word_1_84' title='bbox 2344 822 2583 888; x_wconf 76' lang='grc' dir='ltr'><strong>Θάνατος</strong></span> <span class='ocrx_word' id='word_1_85' title='bbox 2642 824 2751 894; x_wconf 78' lang='grc' dir='ltr'><strong>γάρ</strong></span> <span class='ocrx_word' id='word_1_86' title='bbox 2799 823 3184 889; x_wconf 81' lang='grc' dir='ltr'><strong>καταλέλυται,</strong></span> <span class='ocrx_word' id='word_1_87' title='bbox 3238 824 3335 877; x_wconf 72' lang='grc' dir='ltr'><strong>καὶ</strong></span> <span class='ocrx_word' id='word_1_88' title='bbox 3378 824 3449 878; x_wconf 86' lang='grc' dir='ltr'><strong>τά</strong></span> 
     </span>
    </p>
   </div>
   <div class='ocr_carea' id='block_1_13' title="bbox 195 911 3448 988">
    <p class='ocr_par' dir='ltr' id='par_1_13' title="bbox 195 911 3448 988">
     <span class='ocr_line' id='line_1_13' title="bbox 195 911 3448 988; baseline -0 -18"><span class='ocrx_word' id='word_1_89' title='bbox 195 915 376 986; x_wconf 79' lang='grc' dir='ltr'>δεσμά</span> <span class='ocrx_word' id='word_1_90' title='bbox 406 915 501 969; x_wconf 82' lang='grc' dir='ltr'>τοῦ</span> <span class='ocrx_word' id='word_1_91' title='bbox 548 914 681 986; x_wconf 68' lang='grc' dir='ltr'>ᾅδου</span> <span class='ocrx_word' id='word_1_92' title='bbox 735 915 1091 987; x_wconf 80' lang='grc' dir='ltr'>διέρῤηκται,</span> <span class='ocrx_word' id='word_1_93' title='bbox 1158 918 1256 972; x_wconf 68' lang='grc' dir='ltr'><strong>καῖ⁸</strong></span> <span class='ocrx_word' id='word_1_94' title='bbox 1324 915 1658 988; x_wconf 83' lang='grc' dir='ltr'>νενέκρωται</span> <span class='ocrx_word' id='word_1_95' title='bbox 1720 915 1991 980; x_wconf 85' lang='grc' dir='ltr'>διάϐολος,</span> <span class='ocrx_word' id='word_1_96' title='bbox 2043 914 2140 969; x_wconf 77' lang='grc' dir='ltr'>καὶ</span> <span class='ocrx_word' id='word_1_97' title='bbox 2186 913 2431 987; x_wconf 84' lang='grc' dir='ltr'>ἁμαρτία</span> <span class='ocrx_word' id='word_1_98' title='bbox 2481 916 2855 986; x_wconf 82' lang='grc' dir='ltr'><strong>κατήργηται.</strong></span> <span class='ocrx_word' id='word_1_99' title='bbox 2907 915 3079 969; x_wconf 84' lang='grc' dir='ltr'>Τοῦτο</span> <span class='ocrx_word' id='word_1_100' title='bbox 3114 915 3224 985; x_wconf 81' lang='grc' dir='ltr'><strong>γὰρ</strong></span> <span class='ocrx_word' id='word_1_101' title='bbox 3275 911 3343 985; x_wconf 80' lang='grc' dir='ltr'><strong>ἦν</strong></span> <span class='ocrx_word' id='word_1_102' title='bbox 3388 917 3448 969; x_wconf 85' lang='grc' dir='ltr'><strong>τὸ</strong></span> 
     </span>
    </p>
   </div>
   <div class='ocr_carea' id='block_1_14' title="bbox 195 1008 2088 1082">
    <p class='ocr_par' dir='ltr' id='par_1_14' title="bbox 195 1008 2088 1082">
     <span class='ocr_line' id='line_1_14' title="bbox 195 1008 2088 1082; baseline 0.001 -18"><span class='ocrx_word' id='word_1_103' title='bbox 195 1008 851 1078; x_wconf 74' lang='grc' dir='ltr'>εὐαγγελιζόμενον·τῶν</span> <span class='ocrx_word' id='word_1_104' title='bbox 892 1010 1316 1081; x_wconf 71' lang='grc' dir='ltr'><strong>κηρυσσομένων</strong></span> <span class='ocrx_word' id='word_1_105' title='bbox 1352 1010 1673 1081; x_wconf 80' lang='grc' dir='ltr'>παραδόξων</span> <span class='ocrx_word' id='word_1_106' title='bbox 1700 1010 1769 1065; x_wconf 86' lang='grc' dir='ltr'>τὰ</span> <span class='ocrx_word' id='word_1_107' title='bbox 1807 1010 2088 1082; x_wconf 79' lang='grc' dir='ltr'><strong>μεγαλεῖα.</strong></span> 
     </span>
    </p>
   </div>
   <div class='ocr_carea' id='block_1_15' title="bbox 273 1099 1780 1175">
    <p class='ocr_par' dir='ltr' id='par_1_15' title="bbox 273 1099 1780 1175">
     <span class='ocr_line' id='line_1_15' title="bbox 273 1099 1780 1175; baseline 0.003 -22"><span class='ocrx_word' id='word_1_108' title='bbox 273 1107 365 1156; x_wconf 87' lang='grc' dir='ltr'>ια’.</span> <span class='ocrx_word' id='word_1_109' title='bbox 416 1100 571 1153; x_wconf 75' lang='grc' dir='ltr'>Ἐπεὶ</span> <span class='ocrx_word' id='word_1_110' title='bbox 597 1099 693 1155; x_wconf 77' lang='grc' dir='ltr'><strong>οὖν</strong></span> <span class='ocrx_word' id='word_1_111' title='bbox 723 1101 1023 1173; x_wconf 75' lang='grc' dir='ltr'>ὀφθαλμοῖς</span> <span class='ocrx_word' id='word_1_112' title='bbox 1069 1103 1350 1175; x_wconf 80' lang='grc' dir='ltr'><strong>σαρκίνοις</strong></span> <span class='ocrx_word' id='word_1_113' title='bbox 1386 1103 1613 1158; x_wconf 76' lang='grc' dir='ltr'>ἀθέατοι</span> <span class='ocrx_word' id='word_1_114' title='bbox 1642 1106 1780 1158; x_wconf 89' lang='grc' dir='ltr'>είσιν</span> 
     </span>
    </p>
   </div>
   <div class='ocr_carea' id='block_1_16' title="bbox 195 1188 1783 1263">
    <p class='ocr_par' dir='ltr' id='par_1_16' title="bbox 195 1188 1783 1263">
     <span class='ocr_line' id='line_1_16' title="bbox 195 1188 1783 1263; baseline 0.003 -21"><span class='ocrx_word' id='word_1_115' title='bbox 195 1190 251 1245; x_wconf 82' lang='grc' dir='ltr'><strong>οῖ</strong></span> <span class='ocrx_word' id='word_1_116' title='bbox 308 1190 462 1257; x_wconf 71' lang='grc' dir='ltr'>ἅγιοι</span> <span class='ocrx_word' id='word_1_117' title='bbox 521 1188 775 1258; x_wconf 76' lang='grc' dir='ltr'>ἄγγελοι,</span> <span class='ocrx_word' id='word_1_118' title='bbox 820 1189 1090 1263; x_wconf 70' lang='grc' dir='ltr'>ὤφθησαν</span> <span class='ocrx_word' id='word_1_119' title='bbox 1136 1192 1194 1244; x_wconf 81' lang='grc' dir='ltr'>δὲ</span> <span class='ocrx_word' id='word_1_120' title='bbox 1226 1191 1502 1263; x_wconf 82' lang='grc' dir='ltr'><strong>διαφόρως</strong></span> <span class='ocrx_word' id='word_1_121' title='bbox 1535 1192 1680 1246; x_wconf 87' lang='grc' dir='ltr'>κατὰ</span> <span class='ocrx_word' id='word_1_122' title='bbox 1713 1193 1783 1246; x_wconf 86' lang='grc' dir='ltr'><strong>τά</strong></span> 
     </span>
    </p>
   </div>
   <div class='ocr_carea' id='block_1_17' title="bbox 198 1277 1784 1353">
    <p class='ocr_par' dir='ltr' id='par_1_17' title="bbox 198 1277 1784 1353">
     <span class='ocr_line' id='line_1_17' title="bbox 198 1277 1784 1353; baseline 0.004 -22"><span class='ocrx_word' id='word_1_123' title='bbox 198 1277 456 1347; x_wconf 84' lang='grc' dir='ltr'>σύμϐολα</span> <span class='ocrx_word' id='word_1_124' title='bbox 493 1277 602 1330; x_wconf 79' lang='grc' dir='ltr'>τῶν</span> <span class='ocrx_word' id='word_1_125' title='bbox 654 1280 1092 1350; x_wconf 75' lang='grc' dir='ltr'>ἐγχειρισμένων</span> <span class='ocrx_word' id='word_1_126' title='bbox 1118 1281 1305 1344; x_wconf 82' lang='grc' dir='ltr'>αὐτοῖς</span> <span class='ocrx_word' id='word_1_127' title='bbox 1328 1280 1621 1337; x_wconf 79' lang='grc' dir='ltr'>διακονιῶν</span> <span class='ocrx_word' id='word_1_128' title='bbox 1649 1300 1784 1353; x_wconf 82' lang='grc' dir='ltr'>σχη-</span> 
     </span>
    </p>
   </div>
   <div class='ocr_carea' id='block_1_18' title="bbox 200 1367 1789 1449">
    <p class='ocr_par' dir='ltr' id='par_1_18' title="bbox 200 1367 1789 1449">
     <span class='ocr_line' id='line_1_18' title="bbox 200 1367 1789 1449; baseline 0.006 -30"><span class='ocrx_word' id='word_1_129' title='bbox 200 1367 586 1439; x_wconf 72' lang='grc' dir='ltr'>ματιζόμενοι,</span> <span class='ocrx_word' id='word_1_130' title='bbox 618 1367 765 1423; x_wconf 76' lang='grc' dir='ltr'>οὕτω</span> <span class='ocrx_word' id='word_1_131' title='bbox 795 1371 891 1423; x_wconf 75' lang='grc' dir='ltr'><strong>καὶ</strong></span> <span class='ocrx_word' id='word_1_132' title='bbox 948 1371 1308 1442; x_wconf 81' lang='grc' dir='ltr'>είκοίσθησαν</span> <span class='ocrx_word' id='word_1_133' title='bbox 1356 1368 1789 1449; x_wconf 79' lang='grc' dir='ltr'>[είκονίσθησαν]</span> 
     </span>
    </p>
   </div>
   <div class='ocr_carea' id='block_1_19' title="bbox 199 1459 1787 1537">
    <p class='ocr_par' dir='ltr' id='par_1_19' title="bbox 199 1459 1787 1537">
     <span class='ocr_line' id='line_1_19' title="bbox 199 1459 1787 1537; baseline 0.003 -23"><span class='ocrx_word' id='word_1_134' title='bbox 199 1462 295 1514; x_wconf 84' lang='grc' dir='ltr'><strong>καὶ</strong></span> <span class='ocrx_word' id='word_1_135' title='bbox 332 1459 684 1530; x_wconf 76' lang='grc' dir='ltr'>ἐγράφησαν,</span> <span class='ocrx_word' id='word_1_136' title='bbox 715 1461 880 1531; x_wconf 80' lang='grc' dir='ltr'>μέχρι</span> <span class='ocrx_word' id='word_1_137' title='bbox 903 1460 1034 1529; x_wconf 80' lang='grc' dir='ltr'>γοῦν</span> <span class='ocrx_word' id='word_1_138' title='bbox 1061 1462 1164 1531; x_wconf 84' lang='grc' dir='ltr'>τῆς</span> <span class='ocrx_word' id='word_1_139' title='bbox 1204 1463 1445 1535; x_wconf 82' lang='grc' dir='ltr'><strong>σήμερον</strong></span> <span class='ocrx_word' id='word_1_140' title='bbox 1470 1465 1624 1536; x_wconf 89' lang='grc' dir='ltr'><strong>παρά</strong></span> <span class='ocrx_word' id='word_1_141' title='bbox 1650 1466 1787 1537; x_wconf 85' lang='grc' dir='ltr'><strong>Χρι-</strong></span> 
     </span>
    </p>
   </div>
   <div class='ocr_carea' id='block_1_20' title="bbox 1949 1102 3447 1173">
    <p class='ocr_par' dir='ltr' id='par_1_20' title="bbox 1949 1102 3447 1173">
     <span class='ocr_line' id='line_1_20' title="bbox 1949 1102 3447 1173; baseline -0.001 -15"><span class='ocrx_word' id='word_1_142' title='bbox 1949 1103 2037 1158; x_wconf 78' lang='lat' dir='ltr'><strong>ll.</strong></span> <span class='ocrx_word' id='word_1_143' title='bbox 2073 1102 2207 1169; x_wconf 83' lang='lat' dir='ltr'><strong>Quia</strong></span> <span class='ocrx_word' id='word_1_144' title='bbox 2262 1102 2428 1173; x_wconf 79' lang='lat' dir='ltr'><strong>igitur</strong></span> <span class='ocrx_word' id='word_1_145' title='bbox 2476 1102 2693 1159; x_wconf 86' lang='lat' dir='ltr'><strong>carneis</strong></span> <span class='ocrx_word' id='word_1_146' title='bbox 2746 1103 2919 1160; x_wconf 73' lang='lat' dir='ltr'><strong>oculis</strong></span> <span class='ocrx_word' id='word_1_147' title='bbox 2974 1102 3272 1158; x_wconf 78' lang='lat' dir='ltr'><strong>invisibiles</strong></span> <span class='ocrx_word' id='word_1_148' title='bbox 3320 1111 3447 1156; x_wconf 90' lang='lat' dir='ltr'><strong>sunt</strong></span> 
     </span>
    </p>
   </div>
   <div class='ocr_carea' id='block_1_21' title="bbox 1879 1194 3448 1265">
    <p class='ocr_par' dir='ltr' id='par_1_21' title="bbox 1879 1194 3448 1265">
     <span class='ocr_line' id='line_1_21' title="bbox 1879 1194 3448 1265; baseline -0.001 -16"><span class='ocrx_word' id='word_1_149' title='bbox 1879 1195 2061 1249; x_wconf 85' lang='lat' dir='ltr'><strong>sancti</strong></span> <span class='ocrx_word' id='word_1_150' title='bbox 2086 1194 2287 1264; x_wconf 89' lang='lat' dir='ltr'><strong>angeli,</strong></span> <span class='ocrx_word' id='word_1_151' title='bbox 2319 1204 2691 1265; x_wconf 87' lang='lat' dir='ltr'><strong>apparuerunt</strong></span> <span class='ocrx_word' id='word_1_152' title='bbox 2736 1204 2913 1250; x_wconf 86' lang='lat' dir='ltr'><strong>autem</strong></span> <span class='ocrx_word' id='word_1_153' title='bbox 2948 1196 3282 1250; x_wconf 84' lang='lat' dir='ltr'><strong>multimodis</strong></span> <span class='ocrx_word' id='word_1_154' title='bbox 3315 1194 3448 1265; x_wconf 85' lang='lat' dir='ltr'><strong>ligu-</strong></span> 
     </span>
    </p>
   </div>
   <div class='ocr_carea' id='block_1_22' title="bbox 1880 1285 3444 1356">
    <p class='ocr_par' dir='ltr' id='par_1_22' title="bbox 1880 1285 3444 1356">
     <span class='ocr_line' id='line_1_22' title="bbox 1880 1285 3444 1356; baseline 0.001 -18"><span class='ocrx_word' id='word_1_155' title='bbox 1880 1285 2026 1351; x_wconf 89' lang='lat' dir='ltr'><strong>rati;</strong></span> <span class='ocrx_word' id='word_1_156' title='bbox 2069 1295 2228 1353; x_wconf 90' lang='lat' dir='ltr'><strong>prout</strong></span> <span class='ocrx_word' id='word_1_157' title='bbox 2256 1287 2503 1356; x_wconf 87' lang='lat' dir='ltr'><strong>symbola</strong></span> <span class='ocrx_word' id='word_1_158' title='bbox 2535 1289 2983 1344; x_wconf 86' lang='lat' dir='ltr'><strong>demandatorutu</strong></span> <span class='ocrx_word' id='word_1_159' title='bbox 3020 1287 3444 1355; x_wconf 72' lang='lat' dir='ltr'><strong>ministeriorum</strong></span> 
     </span>
    </p>
   </div>
   <div class='ocr_carea' id='block_1_23' title="bbox 1881 1371 3448 1446">
    <p class='ocr_par' dir='ltr' id='par_1_23' title="bbox 1881 1371 3448 1446">
     <span class='ocr_line' id='line_1_23' title="bbox 1881 1371 3448 1446; baseline 0.003 -19"><span class='ocrx_word' id='word_1_160' title='bbox 1881 1371 2152 1438; x_wconf 71' lang='lat' dir='ltr'><strong>ferebant,</strong></span> <span class='ocrx_word' id='word_1_161' title='bbox 2183 1374 2255 1428; x_wconf 88' lang='lat' dir='ltr'><strong>ita</strong></span> <span class='ocrx_word' id='word_1_162' title='bbox 2282 1375 2689 1443; x_wconf 67' lang='lat' dir='ltr'><strong>etiamligurati</strong></span> <span class='ocrx_word' id='word_1_163' title='bbox 2724 1376 3017 1430; x_wconf 82' lang='lat' dir='ltr'><strong>fueruntet</strong></span> <span class='ocrx_word' id='word_1_164' title='bbox 3051 1376 3178 1446; x_wconf 89' lang='lat' dir='ltr'><strong>picti</strong></span> <span class='ocrx_word' id='word_1_165' title='bbox 3208 1376 3274 1429; x_wconf 87' lang='lat' dir='ltr'><strong>ad</strong></span> <span class='ocrx_word' id='word_1_166' title='bbox 3305 1376 3448 1432; x_wconf 84' lang='lat' dir='ltr'><strong>hunc</strong></span> 
     </span>
    </p>
   </div>
   <div class='ocr_carea' id='block_1_24' title="bbox 1877 1460 3444 1536">
    <p class='ocr_par' dir='ltr' id='par_1_24' title="bbox 1877 1460 3444 1536">
     <span class='ocr_line' id='line_1_24' title="bbox 1877 1460 3444 1536; baseline -0.001 -18"><span class='ocrx_word' id='word_1_167' title='bbox 1877 1477 2054 1531; x_wconf 88' lang='lat' dir='ltr'><strong>usque</strong></span> <span class='ocrx_word' id='word_1_168' title='bbox 2081 1463 2225 1517; x_wconf 89' lang='lat' dir='ltr'><strong>diem</strong></span> <span class='ocrx_word' id='word_1_169' title='bbox 2255 1464 2396 1532; x_wconf 89' lang='lat' dir='ltr'><strong>apud</strong></span> <span class='ocrx_word' id='word_1_170' title='bbox 2418 1460 2780 1519; x_wconf 75' lang='lat' dir='ltr'><strong>Christianos.</strong></span> <span class='ocrx_word' id='word_1_171' title='bbox 2821 1463 2936 1532; x_wconf 88' lang='lat' dir='ltr'><strong>Sic,</strong></span> <span class='ocrx_word' id='word_1_172' title='bbox 2970 1464 3214 1534; x_wconf 87' lang='lat' dir='ltr'><strong>inquam,</strong></span> <span class='ocrx_word' id='word_1_173' title='bbox 3244 1466 3444 1536; x_wconf 81' lang='lat' dir='ltr'><strong>agitur,</strong></span> 
     </span>
    </p>
   </div>
   <div class='ocr_carea' id='block_1_25' title="bbox 198 1550 1788 1626">
    <p class='ocr_par' dir='ltr' id='par_1_25' title="bbox 198 1550 1785 1626">
     <span class='ocr_line' id='line_1_25' title="bbox 198 1550 1785 1626; baseline 0.004 -22"><span class='ocrx_word' id='word_1_174' title='bbox 198 1552 468 1613; x_wconf 84' lang='grc' dir='ltr'>στιανοῖς.</span> <span class='ocrx_word' id='word_1_175' title='bbox 506 1550 668 1603; x_wconf 79' lang='grc' dir='ltr'>Κατά</span> <span class='ocrx_word' id='word_1_176' title='bbox 700 1550 875 1604; x_wconf 80' lang='grc' dir='ltr'>ταῦτα</span> <span class='ocrx_word' id='word_1_177' title='bbox 911 1553 1008 1606; x_wconf 81' lang='grc' dir='ltr'><strong>καὶ</strong></span> <span class='ocrx_word' id='word_1_178' title='bbox 1040 1552 1351 1624; x_wconf 83' lang='grc' dir='ltr'>πράσσεται</span> <span class='ocrx_word' id='word_1_179' title='bbox 1387 1556 1481 1608; x_wconf 63' lang='grc' dir='ltr'><strong>καλ⁸</strong></span> <span class='ocrx_word' id='word_1_180' title='bbox 1510 1555 1785 1626; x_wconf 85' lang='grc' dir='ltr'>κηρύσσε-</span> 
     </span>
    </p>
   </div>
   <div class='ocr_carea' id='block_1_26' title="bbox 1889 1550 3444 1626">
    <p class='ocr_par' dir='ltr' id='par_1_26' title="bbox 1889 1553 3444 1626">
     <span class='ocr_line' id='line_1_26' title="bbox 1889 1553 3444 1626; baseline 0.001 -17"><span class='ocrx_word' id='word_1_181' title='bbox 1889 1553 1957 1609; x_wconf 73' lang='lat' dir='ltr'><strong>sic</strong></span> <span class='ocrx_word' id='word_1_182' title='bbox 1987 1555 2333 1624; x_wconf 65' lang='lat' dir='ltr'><strong>praedicatur.</strong></span> <span class='ocrx_word' id='word_1_183' title='bbox 2371 1555 2435 1608; x_wconf 84' lang='lat' dir='ltr'><strong>Et</strong></span> <span class='ocrx_word' id='word_1_184' title='bbox 2461 1555 2584 1624; x_wconf 89' lang='lat' dir='ltr'><strong>quia</strong></span> <span class='ocrx_word' id='word_1_185' title='bbox 2625 1556 2800 1610; x_wconf 82' lang='lat' dir='ltr'><strong>sancti</strong></span> <span class='ocrx_word' id='word_1_186' title='bbox 2828 1565 2977 1622; x_wconf 89' lang='lat' dir='ltr'><strong>sunt,</strong></span> <span class='ocrx_word' id='word_1_187' title='bbox 3002 1557 3303 1626; x_wconf 76' lang='lat' dir='ltr'><strong>divinaeque</strong></span> <span class='ocrx_word' id='word_1_188' title='bbox 3332 1572 3444 1610; x_wconf 88' lang='lat' dir='ltr'><strong>ma-</strong></span> 
     </span>
    </p>
   </div>
   <div class='ocr_carea' id='block_1_27' title="bbox 197 1640 1788 1729">
    <p class='ocr_par' dir='ltr' id='par_1_27' title="bbox 197 1640 1781 1718">
     <span class='ocr_line' id='line_1_27' title="bbox 197 1640 1781 1718; baseline 0.004 -24"><span class='ocrx_word' id='word_1_189' title='bbox 197 1659 309 1696; x_wconf 86' lang='grc' dir='ltr'>ται.</span> <span class='ocrx_word' id='word_1_190' title='bbox 346 1643 459 1697; x_wconf 74' lang='grc' dir='ltr'><strong>Καὶ</strong></span> <span class='ocrx_word' id='word_1_191' title='bbox 488 1641 679 1713; x_wconf 77' lang='grc' dir='ltr'>ἐπειδὴ</span> <span class='ocrx_word' id='word_1_192' title='bbox 708 1640 853 1711; x_wconf 78' lang='grc' dir='ltr'>ἅγιοι</span> <span class='ocrx_word' id='word_1_193' title='bbox 882 1643 976 1696; x_wconf 72' lang='grc' dir='ltr'><strong>καὶ</strong></span> <span class='ocrx_word' id='word_1_194' title='bbox 1002 1641 1254 1708; x_wconf 82' lang='grc' dir='ltr'>θεοειδεῖς</span> <span class='ocrx_word' id='word_1_195' title='bbox 1275 1646 1404 1713; x_wconf 88' lang='grc' dir='ltr'>είσι,</span> <span class='ocrx_word' id='word_1_196' title='bbox 1423 1647 1519 1700; x_wconf 79' lang='grc' dir='ltr'>καὶ</span> <span class='ocrx_word' id='word_1_197' title='bbox 1540 1646 1781 1718; x_wconf 86' lang='grc' dir='ltr'>λειτουρ-</span> 
     </span>
    </p>
   </div>
   <div class='ocr_carea' id='block_1_28' title="bbox 1889 1640 3449 1729">
    <p class='ocr_par' dir='ltr' id='par_1_28' title="bbox 1889 1643 3449 1715">
     <span class='ocr_line' id='line_1_28' title="bbox 1889 1643 3449 1715; baseline 0.001 -17"><span class='ocrx_word' id='word_1_198' title='bbox 1889 1643 2093 1711; x_wconf 80' lang='lat' dir='ltr'><strong>iestatis</strong></span> <span class='ocrx_word' id='word_1_199' title='bbox 2138 1644 2397 1710; x_wconf 86' lang='lat' dir='ltr'><strong>ministri,</strong></span> <span class='ocrx_word' id='word_1_200' title='bbox 2432 1655 2488 1699; x_wconf 88' lang='lat' dir='ltr'><strong>et</strong></span> <span class='ocrx_word' id='word_1_201' title='bbox 2527 1646 2765 1700; x_wconf 88' lang='lat' dir='ltr'><strong>secunda</strong></span> <span class='ocrx_word' id='word_1_202' title='bbox 2822 1645 3028 1700; x_wconf 86' lang='lat' dir='ltr'><strong>lumina</strong></span> <span class='ocrx_word' id='word_1_203' title='bbox 3072 1659 3101 1700; x_wconf 87' lang='lat' dir='ltr'><strong>a</strong></span> <span class='ocrx_word' id='word_1_204' title='bbox 3130 1647 3301 1715; x_wconf 88' lang='lat' dir='ltr'><strong>prima</strong></span> <span class='ocrx_word' id='word_1_205' title='bbox 3329 1646 3449 1700; x_wconf 85' lang='lat' dir='ltr'><strong>luce</strong></span> 
     </span>
    </p>
   </div>
   <div class='ocr_carea' id='block_1_29' title="bbox 197 1733 1778 1807">
    <p class='ocr_par' dir='ltr' id='par_1_29' title="bbox 197 1733 1778 1807">
     <span class='ocr_line' id='line_1_29' title="bbox 197 1733 1778 1807; baseline 0.002 -20"><span class='ocrx_word' id='word_1_206' title='bbox 197 1736 289 1803; x_wconf 84' lang='grc' dir='ltr'>γοὶ</span> <span class='ocrx_word' id='word_1_207' title='bbox 314 1736 418 1805; x_wconf 81' lang='grc' dir='ltr'><strong>τῆς</strong></span> <span class='ocrx_word' id='word_1_208' title='bbox 442 1733 598 1797; x_wconf 80' lang='grc' dir='ltr'>θείας</span> <span class='ocrx_word' id='word_1_209' title='bbox 630 1733 1074 1805; x_wconf 83' lang='grc' dir='ltr'>μεγαλειότητος,</span> <span class='ocrx_word' id='word_1_210' title='bbox 1110 1735 1208 1788; x_wconf 72' lang='grc' dir='ltr'><strong>καὶ</strong></span> <span class='ocrx_word' id='word_1_211' title='bbox 1235 1735 1392 1805; x_wconf 71' lang='grc' dir='ltr'>φῶτα</span> <span class='ocrx_word' id='word_1_212' title='bbox 1422 1736 1651 1807; x_wconf 88' lang='grc' dir='ltr'>δεύτερα</span> <span class='ocrx_word' id='word_1_213' title='bbox 1682 1736 1778 1790; x_wconf 84' lang='grc' dir='ltr'><strong>τοῦ</strong></span> 
     </span>
    </p>
   </div>
   <div class='ocr_carea' id='block_1_30' title="bbox 200 1824 1781 1899">
    <p class='ocr_par' dir='ltr' id='par_1_30' title="bbox 200 1824 1781 1899">
     <span class='ocr_line' id='line_1_30' title="bbox 200 1824 1781 1899; baseline 0.003 -21"><span class='ocrx_word' id='word_1_214' title='bbox 200 1824 426 1895; x_wconf 78' lang='grc' dir='ltr'><strong>πρώτου</strong></span> <span class='ocrx_word' id='word_1_215' title='bbox 454 1824 637 1893; x_wconf 72' lang='grc' dir='ltr'>φωτὸς</span> <span class='ocrx_word' id='word_1_216' title='bbox 659 1824 1093 1894; x_wconf 86' lang='grc' dir='ltr'>ἀπαυγάσματα,</span> <span class='ocrx_word' id='word_1_217' title='bbox 1123 1827 1217 1879; x_wconf 78' lang='grc' dir='ltr'><strong>καὶ</strong></span> <span class='ocrx_word' id='word_1_218' title='bbox 1249 1827 1350 1899; x_wconf 85' lang='grc' dir='ltr'><strong>τῆς</strong></span> <span class='ocrx_word' id='word_1_219' title='bbox 1378 1829 1654 1899; x_wconf 78' lang='grc' dir='ltr'>σωτηρίας</span> <span class='ocrx_word' id='word_1_220' title='bbox 1678 1829 1781 1899; x_wconf 84' lang='grc' dir='ltr'>τῆς</span> 
     </span>
    </p>
   </div>
   <div class='ocr_carea' id='block_1_31' title="bbox 199 1915 1783 1989">
    <p class='ocr_par' dir='ltr' id='par_1_31' title="bbox 199 1915 1783 1989">
     <span class='ocr_line' id='line_1_31' title="bbox 199 1915 1783 1989; baseline 0.003 -21"><span class='ocrx_word' id='word_1_221' title='bbox 199 1916 485 1987; x_wconf 83' lang='grc' dir='ltr'>ήμετέρας</span> <span class='ocrx_word' id='word_1_222' title='bbox 524 1915 789 1983; x_wconf 80' lang='grc' dir='ltr'>διάκονοι,</span> <span class='ocrx_word' id='word_1_223' title='bbox 814 1917 886 1970; x_wconf 86' lang='grc' dir='ltr'><strong>δι’</strong></span> <span class='ocrx_word' id='word_1_224' title='bbox 912 1916 950 1971; x_wconf 81' lang='grc' dir='ltr'>ἃ.</span> <span class='ocrx_word' id='word_1_225' title='bbox 977 1916 1040 1988; x_wconf 81' lang='grc' dir='ltr'><strong>δή</strong></span> <span class='ocrx_word' id='word_1_226' title='bbox 1066 1916 1163 1971; x_wconf 72' lang='grc' dir='ltr'><strong>καὶ</strong></span> <span class='ocrx_word' id='word_1_227' title='bbox 1186 1917 1258 1971; x_wconf 82' lang='grc' dir='ltr'>τὰ</span> <span class='ocrx_word' id='word_1_228' title='bbox 1275 1917 1482 1973; x_wconf 86' lang='grc' dir='ltr'>τούτων</span> <span class='ocrx_word' id='word_1_229' title='bbox 1510 1919 1783 1989; x_wconf 76' lang='grc' dir='ltr'><strong>ἀφομοιώ⁶</strong></span> 
     </span>
    </p>
   </div>
   <div class='ocr_carea' id='block_1_32' title="bbox 205 2006 1781 2079">
    <p class='ocr_par' dir='ltr' id='par_1_32' title="bbox 205 2006 1781 2079">
     <span class='ocr_line' id='line_1_32' title="bbox 205 2006 1781 2079; baseline 0.003 -21"><span class='ocrx_word' id='word_1_230' title='bbox 205 2022 349 2076; x_wconf 90' lang='grc' dir='ltr'>ματα</span> <span class='ocrx_word' id='word_1_231' title='bbox 379 2006 544 2075; x_wconf 86' lang='grc' dir='ltr'>τίμια</span> <span class='ocrx_word' id='word_1_232' title='bbox 580 2007 678 2059; x_wconf 78' lang='grc' dir='ltr'><strong>καὶ</strong></span> <span class='ocrx_word' id='word_1_233' title='bbox 710 2006 843 2075; x_wconf 69' lang='grc' dir='ltr'>ἅγιά</span> <span class='ocrx_word' id='word_1_234' title='bbox 888 2007 1029 2074; x_wconf 71' lang='grc' dir='ltr'>ἐστι,</span> <span class='ocrx_word' id='word_1_235' title='bbox 1061 2006 1161 2077; x_wconf 80' lang='grc' dir='ltr'><strong>τὴν</strong></span> <span class='ocrx_word' id='word_1_236' title='bbox 1193 2009 1576 2079; x_wconf 82' lang='grc' dir='ltr'><strong>προσήκουσαν</strong></span> <span class='ocrx_word' id='word_1_237' title='bbox 1614 2010 1781 2079; x_wconf 80' lang='grc' dir='ltr'>τιμὴν</span> 
     </span>
    </p>
   </div>
   <div class='ocr_carea' id='block_1_33' title="bbox 204 2085 1781 2168">
    <p class='ocr_par' dir='ltr' id='par_1_33' title="bbox 204 2085 1781 2168">
     <span class='ocr_line' id='line_1_33' title="bbox 204 2085 1781 2168; baseline 0.002 -22"><span class='ocrx_word' id='word_1_238' title='bbox 204 2095 594 2166; x_wconf 74' lang='grc' dir='ltr'><strong>προσφέρομεν</strong></span> <span class='ocrx_word' id='word_1_239' title='bbox 617 2095 822 2159; x_wconf 78' lang='grc' dir='ltr'>αὐτοῖς,</span> <span class='ocrx_word' id='word_1_240' title='bbox 852 2095 950 2150; x_wconf 72' lang='grc' dir='ltr'><strong>καὶ</strong></span> <span class='ocrx_word' id='word_1_241' title='bbox 971 2096 1070 2159; x_wconf 84' lang='grc' dir='ltr'><strong>τὰς</strong></span> <span class='ocrx_word' id='word_1_242' title='bbox 1100 2096 1143 2149; x_wconf 73' lang='lat' dir='ltr'><strong>is</strong></span> <span class='ocrx_word' id='word_1_243' title='bbox 1154 2095 1253 2168; x_wconf 85' lang='grc' dir='ltr'>ρὰς</span> <span class='ocrx_word' id='word_1_244' title='bbox 1275 2096 1574 2168; x_wconf 82' lang='grc' dir='ltr'>πρεσϐείας</span> <span class='ocrx_word' id='word_1_245' title='bbox 1602 2085 1781 2150; x_wconf 79' lang='grc' dir='ltr'>αὐτῶν</span> 
     </span>
    </p>
   </div>
   <div class='ocr_carea' id='block_1_34' title="bbox 206 2184 1783 2257">
    <p class='ocr_par' dir='ltr' id='par_1_34' title="bbox 206 2184 1783 2257">
     <span class='ocr_line' id='line_1_34' title="bbox 206 2184 1783 2257; baseline 0.003 -21"><span class='ocrx_word' id='word_1_246' title='bbox 206 2184 562 2254; x_wconf 70' lang='grc' dir='ltr'>ὲξαιτοῦμεψ</span> <span class='ocrx_word' id='word_1_247' title='bbox 593 2185 731 2239; x_wconf 82' lang='grc' dir='ltr'>διότι</span> <span class='ocrx_word' id='word_1_248' title='bbox 769 2184 1119 2256; x_wconf 85' lang='grc' dir='ltr'><strong>γινώσκομεν</strong></span> <span class='ocrx_word' id='word_1_249' title='bbox 1173 2187 1268 2240; x_wconf 81' lang='grc' dir='ltr'><strong>καὶ</strong></span> <span class='ocrx_word' id='word_1_250' title='bbox 1297 2185 1649 2257; x_wconf 82' lang='grc' dir='ltr'><strong>πιστεύομεν,</strong></span> <span class='ocrx_word' id='word_1_251' title='bbox 1684 2187 1783 2250; x_wconf 86' lang='grc' dir='ltr'><strong>τάς</strong></span> 
     </span>
    </p>
   </div>
   <div class='ocr_carea' id='block_1_35' title="bbox 206 2273 1783 2347">
    <p class='ocr_par' dir='ltr' id='par_1_35' title="bbox 206 2273 1783 2347">
     <span class='ocr_line' id='line_1_35' title="bbox 206 2273 1783 2347; baseline 0.001 -19"><span class='ocrx_word' id='word_1_252' title='bbox 206 2291 266 2328; x_wconf 86' lang='grc' dir='ltr'><strong>τε</strong></span> <span class='ocrx_word' id='word_1_253' title='bbox 288 2273 608 2342; x_wconf 67' lang='grc' dir='ltr'>δοξδλογίας</span> <span class='ocrx_word' id='word_1_254' title='bbox 625 2273 805 2346; x_wconf 80' lang='grc' dir='ltr'>ήμῶν,</span> <span class='ocrx_word' id='word_1_255' title='bbox 832 2274 928 2328; x_wconf 62' lang='grc' dir='ltr'><strong>καὶ⁵</strong></span> <span class='ocrx_word' id='word_1_256' title='bbox 959 2274 1058 2338; x_wconf 81' lang='grc' dir='ltr'>τὰς</span> <span class='ocrx_word' id='word_1_257' title='bbox 1099 2275 1236 2346; x_wconf 82' lang='grc' dir='ltr'>πρὸς</span> <span class='ocrx_word' id='word_1_258' title='bbox 1270 2276 1404 2330; x_wconf 85' lang='grc' dir='ltr'>Θεὸν</span> <span class='ocrx_word' id='word_1_259' title='bbox 1431 2275 1783 2347; x_wconf 83' lang='grc' dir='ltr'>εὐχαριστίας</span> 
     </span>
    </p>
   </div>
   <div class='ocr_carea' id='block_1_36' title="bbox 206 2367 1775 2440">
    <p class='ocr_par' dir='ltr' id='par_1_36' title="bbox 206 2367 1775 2440">
     <span class='ocr_line' id='line_1_36' title="bbox 206 2367 1775 2440; baseline 0.001 -20"><span class='ocrx_word' id='word_1_260' title='bbox 206 2384 266 2420; x_wconf 87' lang='grc' dir='ltr'><strong>τε</strong></span> <span class='ocrx_word' id='word_1_261' title='bbox 304 2368 404 2421; x_wconf 79' lang='grc' dir='ltr'>καὶ</span> <span class='ocrx_word' id='word_1_262' title='bbox 448 2367 669 2438; x_wconf 80' lang='grc' dir='ltr'>δεήσεις</span> <span class='ocrx_word' id='word_1_263' title='bbox 718 2367 814 2421; x_wconf 81' lang='grc' dir='ltr'><strong>καὶ</strong></span> <span class='ocrx_word' id='word_1_264' title='bbox 860 2367 1238 2439; x_wconf 75' lang='grc' dir='ltr'>παρακλήσεις</span> <span class='ocrx_word' id='word_1_265' title='bbox 1288 2367 1359 2422; x_wconf 81' lang='grc' dir='ltr'><strong>δι’</strong></span> <span class='ocrx_word' id='word_1_266' title='bbox 1390 2368 1574 2422; x_wconf 83' lang='grc' dir='ltr'>αὐτῶν</span> <span class='ocrx_word' id='word_1_267' title='bbox 1614 2385 1775 2440; x_wconf 88' lang='grc' dir='ltr'>προσ-</span> 
     </span>
    </p>
   </div>
   <div class='ocr_carea' id='block_1_37' title="bbox 206 2457 1793 2530">
    <p class='ocr_par' dir='ltr' id='par_1_37' title="bbox 206 2457 1793 2530">
     <span class='ocr_line' id='line_1_37' title="bbox 206 2457 1793 2530; baseline 0.001 -20"><span class='ocrx_word' id='word_1_268' title='bbox 206 2458 436 2526; x_wconf 73' lang='grc' dir='ltr'>άγεσθαι</span> <span class='ocrx_word' id='word_1_269' title='bbox 461 2474 475 2489; x_wconf 81' lang='grc'><em>’</em></span> <span class='ocrx_word' id='word_1_270' title='bbox 505 2459 668 2530; x_wconf 84' lang='grc' dir='ltr'>εῐπερ</span> <span class='ocrx_word' id='word_1_271' title='bbox 687 2458 835 2512; x_wconf 67' lang='grc' dir='ltr'>εστὶν</span> <span class='ocrx_word' id='word_1_272' title='bbox 854 2458 1055 2530; x_wconf 85' lang='grc' dir='ltr'>ἀληθὲς</span> <span class='ocrx_word' id='word_1_273' title='bbox 1078 2459 1141 2513; x_wconf 84' lang='grc' dir='ltr'><strong>τὸ</strong></span> <span class='ocrx_word' id='word_1_274' title='bbox 1168 2461 1227 2512; x_wconf 79' lang='grc' dir='ltr'>ὲν</span> <span class='ocrx_word' id='word_1_275' title='bbox 1249 2457 1604 2528; x_wconf 84' lang='grc' dir='ltr'>Εὐαγγελίοις</span> <span class='ocrx_word' id='word_1_276' title='bbox 1633 2458 1793 2530; x_wconf 59' lang='grc' dir='ltr'>παρὰ.</span> 
     </span>
    </p>
   </div>
   <div class='ocr_carea' id='block_1_38' title="bbox 204 2546 1786 2619">
    <p class='ocr_par' dir='ltr' id='par_1_38' title="bbox 204 2546 1786 2619">
     <span class='ocr_line' id='line_1_38' title="bbox 204 2546 1786 2619; baseline 0.003 -19"><span class='ocrx_word' id='word_1_277' title='bbox 204 2547 300 2600; x_wconf 76' lang='grc' dir='ltr'>τοῦ</span> <span class='ocrx_word' id='word_1_278' title='bbox 325 2548 588 2619; x_wconf 82' lang='grc' dir='ltr'>Σωτῆρος</span> <span class='ocrx_word' id='word_1_279' title='bbox 620 2546 779 2617; x_wconf 84' lang='grc' dir='ltr'>ήμῶν</span> <span class='ocrx_word' id='word_1_280' title='bbox 797 2547 1089 2619; x_wconf 77' lang='grc' dir='ltr'>εἰρημένον</span> <span class='ocrx_word' id='word_1_281' title='bbox 1115 2563 1130 2578; x_wconf 83' lang='grc'><strong>’</strong></span> <span class='ocrx_word' id='word_1_282' title='bbox 1165 2548 1289 2602; x_wconf 85' lang='grc' dir='ltr'>Ὅτι</span> <span class='ocrx_word' id='word_1_283' title='bbox 1324 2550 1379 2602; x_wconf 80' lang='grc' dir='ltr'><strong>οι</strong></span> <span class='ocrx_word' id='word_1_284' title='bbox 1411 2547 1653 2618; x_wconf 74' lang='grc' dir='ltr'>ἄγγελοι</span> <span class='ocrx_word' id='word_1_285' title='bbox 1679 2550 1786 2604; x_wconf 87' lang='grc' dir='ltr'><strong>αὺ-</strong></span> 
     </span>
    </p>
   </div>
   <div class='ocr_carea' id='block_1_39' title="bbox 206 2635 1787 2709">
    <p class='ocr_par' dir='ltr' id='par_1_39' title="bbox 206 2635 1787 2709">
     <span class='ocr_line' id='line_1_39' title="bbox 206 2635 1787 2709; baseline 0.001 -18"><span class='ocrx_word' id='word_1_286' title='bbox 206 2635 326 2691; x_wconf 76' lang='grc' dir='ltr'><strong>τῶν</strong></span> <span class='ocrx_word' id='word_1_287' title='bbox 344 2639 418 2691; x_wconf 72' lang='grc' dir='ltr'><strong>ἐν</strong></span> <span class='ocrx_word' id='word_1_288' title='bbox 445 2637 729 2706; x_wconf 79' lang='grc' dir='ltr'><strong>οὐρανοῖς</strong></span> <span class='ocrx_word' id='word_1_289' title='bbox 759 2637 856 2692; x_wconf 84' lang='grc' dir='ltr'>διὰ</span> <span class='ocrx_word' id='word_1_290' title='bbox 884 2638 1111 2704; x_wconf 83' lang='grc' dir='ltr'>παντὸς</span> <span class='ocrx_word' id='word_1_291' title='bbox 1155 2637 1339 2709; x_wconf 78' lang='grc' dir='ltr'><strong>δρῶσι</strong></span> <span class='ocrx_word' id='word_1_292' title='bbox 1369 2638 1435 2692; x_wconf 84' lang='grc' dir='ltr'>τὸ</span> <span class='ocrx_word' id='word_1_293' title='bbox 1463 2640 1787 2707; x_wconf 80' lang='grc' dir='ltr'>πρόσωπον</span> 
     </span>
    </p>
   </div>
   <div class='ocr_carea' id='block_1_40' title="bbox 206 2728 1788 2801">
    <p class='ocr_par' dir='ltr' id='par_1_40' title="bbox 206 2728 1788 2801">
     <span class='ocr_line' id='line_1_40' title="bbox 206 2728 1788 2801; baseline -0.001 -17"><span class='ocrx_word' id='word_1_294' title='bbox 206 2729 314 2784; x_wconf 78' lang='grc' dir='ltr'>τοῦ</span> <span class='ocrx_word' id='word_1_295' title='bbox 346 2730 584 2798; x_wconf 81' lang='grc' dir='ltr'>Πατρός</span> <span class='ocrx_word' id='word_1_296' title='bbox 607 2728 858 2799; x_wconf 75' lang='grc' dir='ltr'>μουτοῦ</span> <span class='ocrx_word' id='word_1_297' title='bbox 886 2730 958 2784; x_wconf 82' lang='grc' dir='ltr'><strong>ἐν</strong></span> <span class='ocrx_word' id='word_1_298' title='bbox 1004 2729 1303 2798; x_wconf 79' lang='grc' dir='ltr'><strong>οὐρανοῖς.</strong></span> <span class='ocrx_word' id='word_1_299' title='bbox 1349 2730 1416 2783; x_wconf 84' lang='grc' dir='ltr'>Τί</span> <span class='ocrx_word' id='word_1_300' title='bbox 1444 2730 1788 2801; x_wconf 78' lang='grc' dir='ltr'>πράσσοντες</span> 
     </span>
    </p>
   </div>
   <div class='ocr_carea' id='block_1_41' title="bbox 207 2819 1786 2892">
    <p class='ocr_par' dir='ltr' id='par_1_41' title="bbox 207 2819 1786 2892">
     <span class='ocr_line' id='line_1_41' title="bbox 207 2819 1786 2892; baseline -0.001 -17"><span class='ocrx_word' id='word_1_301' title='bbox 207 2821 318 2892; x_wconf 82' lang='grc' dir='ltr'>ῆτί</span> <span class='ocrx_word' id='word_1_302' title='bbox 344 2820 743 2891; x_wconf 74' lang='grc' dir='ltr'>ἐργαζόμενοι,</span> <span class='ocrx_word' id='word_1_303' title='bbox 776 2820 811 2891; x_wconf 76' lang='grc' dir='ltr'><strong>ἢ</strong></span> <span class='ocrx_word' id='word_1_304' title='bbox 846 2820 1070 2884; x_wconf 84' lang='grc' dir='ltr'>πάντως</span> <span class='ocrx_word' id='word_1_305' title='bbox 1103 2836 1168 2889; x_wconf 89' lang='grc' dir='ltr'><strong>γε</strong></span> <span class='ocrx_word' id='word_1_306' title='bbox 1198 2820 1299 2884; x_wconf 75' lang='grc' dir='ltr'><strong>τὰς</strong></span> <span class='ocrx_word' id='word_1_307' title='bbox 1352 2819 1601 2890; x_wconf 86' lang='grc' dir='ltr'>αίτήσεις</span> <span class='ocrx_word' id='word_1_308' title='bbox 1628 2819 1786 2890; x_wconf 86' lang='grc' dir='ltr'>ήμῶν</span> 
     </span>
    </p>
   </div>
   <div class='ocr_carea' id='block_1_42' title="bbox 206 2907 1787 2983">
    <p class='ocr_par' dir='ltr' id='par_1_42' title="bbox 206 2907 1787 2983">
     <span class='ocr_line' id='line_1_42' title="bbox 206 2907 1787 2983; baseline -0.002 -17"><span class='ocrx_word' id='word_1_309' title='bbox 206 2916 291 2976; x_wconf 82' lang='grc' dir='ltr'><strong>είς</strong></span> <span class='ocrx_word' id='word_1_310' title='bbox 326 2913 397 2967; x_wconf 77' lang='grc' dir='ltr'><strong>τὰ</strong></span> <span class='ocrx_word' id='word_1_311' title='bbox 414 2907 533 2967; x_wconf 80' lang='grc' dir='ltr'>ὦτα</span> <span class='ocrx_word' id='word_1_312' title='bbox 564 2910 771 2983; x_wconf 83' lang='grc' dir='ltr'><strong>Κυρίου</strong></span> <span class='ocrx_word' id='word_1_313' title='bbox 804 2909 1030 2965; x_wconf 82' lang='grc' dir='ltr'>Σαϐαὼθ</span> <span class='ocrx_word' id='word_1_314' title='bbox 1065 2910 1314 2980; x_wconf 77' lang='grc' dir='ltr'>ἄγοντες,</span> <span class='ocrx_word' id='word_1_315' title='bbox 1343 2910 1440 2963; x_wconf 78' lang='grc' dir='ltr'><strong>καὶ</strong></span> <span class='ocrx_word' id='word_1_316' title='bbox 1464 2911 1624 2964; x_wconf 78' lang='grc' dir='ltr'>ἵλεων</span> <span class='ocrx_word' id='word_1_317' title='bbox 1654 2911 1787 2982; x_wconf 79' lang='grc' dir='ltr'>ἡμῖν</span> 
     </span>
    </p>
   </div>
   <div class='ocr_carea' id='block_1_43' title="bbox 1880 1733 3449 1806">
    <p class='ocr_par' dir='ltr' id='par_1_43' title="bbox 1880 1733 3449 1806">
     <span class='ocr_line' id='line_1_43' title="bbox 1880 1733 3449 1806; baseline -0.002 -16"><span class='ocrx_word' id='word_1_318' title='bbox 1880 1734 2217 1806; x_wconf 67' lang='grc' dir='ltr'>εσυιςεηιίε,</span> <span class='ocrx_word' id='word_1_319' title='bbox 2268 1745 2581 1804; x_wconf 66' lang='lat' dir='ltr'><strong>nostramque</strong></span> <span class='ocrx_word' id='word_1_320' title='bbox 2634 1736 2827 1789; x_wconf 89' lang='lat' dir='ltr'><strong>salutis</strong></span> <span class='ocrx_word' id='word_1_321' title='bbox 2885 1733 3179 1802; x_wconf 85' lang='lat' dir='ltr'><strong>adjutores,</strong></span> <span class='ocrx_word' id='word_1_322' title='bbox 3239 1735 3359 1788; x_wconf 86' lang='lat' dir='ltr'><strong>ideo</strong></span> <span class='ocrx_word' id='word_1_323' title='bbox 3395 1741 3449 1788; x_wconf 84' lang='lat' dir='ltr'><strong>et</strong></span> 
     </span>
    </p>
   </div>
   <div class='ocr_carea' id='block_1_44' title="bbox 1852 1824 3449 1896">
    <p class='ocr_par' dir='ltr' id='par_1_44' title="bbox 1852 1824 3449 1896">
     <span class='ocr_line' id='line_1_44' title="bbox 1852 1824 3449 1896; baseline -0.003 -15"><span class='ocrx_word' id='word_1_324' title='bbox 1852 1843 1860 1849; x_wconf 83' lang='lat'>&#39;</span> <span class='ocrx_word' id='word_1_325' title='bbox 1882 1827 2123 1896; x_wconf 87' lang='lat' dir='ltr'><strong>ipsorum</strong></span> <span class='ocrx_word' id='word_1_326' title='bbox 2148 1826 2414 1895; x_wconf 78' lang='lat' dir='ltr'><strong>imagines</strong></span> <span class='ocrx_word' id='word_1_327' title='bbox 2437 1825 2756 1879; x_wconf 68' lang='lat' dir='ltr'><strong>veneranda:</strong></span> <span class='ocrx_word' id='word_1_328' title='bbox 2772 1834 3083 1893; x_wconf 56' lang='lat' dir='ltr'><strong>sanetusque</strong></span> <span class='ocrx_word' id='word_1_329' title='bbox 3106 1831 3255 1885; x_wconf 86' lang='lat' dir='ltr'><strong>sunt,</strong></span> <span class='ocrx_word' id='word_1_330' title='bbox 3278 1824 3449 1891; x_wconf 87' lang='lat' dir='ltr'><strong>iisque</strong></span> 
     </span>
    </p>
   </div>
   <div class='ocr_carea' id='block_1_45' title="bbox 1881 1914 3450 1987">
    <p class='ocr_par' dir='ltr' id='par_1_45' title="bbox 1881 1914 3450 1987">
     <span class='ocr_line' id='line_1_45' title="bbox 1881 1914 3450 1987; baseline -0.004 -14"><span class='ocrx_word' id='word_1_331' title='bbox 1881 1918 2141 1973; x_wconf 81' lang='lat' dir='ltr'><strong>honorem</strong></span> <span class='ocrx_word' id='word_1_332' title='bbox 2172 1931 2471 1987; x_wconf 87' lang='lat' dir='ltr'><strong>congruum</strong></span> <span class='ocrx_word' id='word_1_333' title='bbox 2523 1914 2842 1981; x_wconf 78' lang='lat' dir='ltr'><strong>deferimus,</strong></span> <span class='ocrx_word' id='word_1_334' title='bbox 2879 1914 2988 1985; x_wconf 80' lang='lat'><strong>76</strong></span> <span class='ocrx_word' id='word_1_335' title='bbox 3016 1928 3312 1982; x_wconf 83' lang='lat' dir='ltr'><strong>sacrasque</strong></span> <span class='ocrx_word' id='word_1_336' title='bbox 3336 1914 3450 1967; x_wconf 89' lang='lat' dir='ltr'><strong>illo-</strong></span> 
     </span>
    </p>
   </div>
   <div class='ocr_carea' id='block_1_46' title="bbox 1881 2005 3449 2076">
    <p class='ocr_par' dir='ltr' id='par_1_46' title="bbox 1881 2005 3449 2076">
     <span class='ocr_line' id='line_1_46' title="bbox 1881 2005 3449 2076; baseline -0.003 -13"><span class='ocrx_word' id='word_1_337' title='bbox 1881 2022 1998 2064; x_wconf 91' lang='lat' dir='ltr'><strong>rum</strong></span> <span class='ocrx_word' id='word_1_338' title='bbox 2030 2007 2453 2063; x_wconf 81' lang='lat' dir='ltr'><strong>intercessiones</strong></span> <span class='ocrx_word' id='word_1_339' title='bbox 2483 2006 2850 2076; x_wconf 84' lang='lat' dir='ltr'><strong>exposcimus,</strong></span> <span class='ocrx_word' id='word_1_340' title='bbox 2883 2006 3009 2074; x_wconf 85' lang='lat' dir='ltr'><strong>quia</strong></span> <span class='ocrx_word' id='word_1_341' title='bbox 3030 2018 3222 2074; x_wconf 90' lang='lat' dir='ltr'><strong>nempe</strong></span> <span class='ocrx_word' id='word_1_342' title='bbox 3247 2005 3449 2058; x_wconf 81' lang='lat' dir='ltr'><strong>scimus</strong></span> 
     </span>
    </p>
   </div>
   <div class='ocr_carea' id='block_1_47' title="bbox 1880 2097 3446 2166">
    <p class='ocr_par' dir='ltr' id='par_1_47' title="bbox 1880 2097 3446 2166">
     <span class='ocr_line' id='line_1_47' title="bbox 1880 2097 3446 2166; baseline -0.002 -14"><span class='ocrx_word' id='word_1_343' title='bbox 1880 2108 1935 2152; x_wconf 89' lang='lat' dir='ltr'><strong>et</strong></span> <span class='ocrx_word' id='word_1_344' title='bbox 1962 2098 2236 2152; x_wconf 87' lang='lat' dir='ltr'><strong>credimus</strong></span> <span class='ocrx_word' id='word_1_345' title='bbox 2258 2097 2396 2166; x_wconf 84' lang='lat'><strong>(87),</strong></span> <span class='ocrx_word' id='word_1_346' title='bbox 2427 2097 2769 2151; x_wconf 87' lang='lat' dir='ltr'><strong>laudationes</strong></span> <span class='ocrx_word' id='word_1_347' title='bbox 2800 2107 3031 2163; x_wconf 89' lang='lat' dir='ltr'><strong>nostras,</strong></span> <span class='ocrx_word' id='word_1_348' title='bbox 3067 2105 3124 2150; x_wconf 90' lang='lat' dir='ltr'><strong>et</strong></span> <span class='ocrx_word' id='word_1_349' title='bbox 3150 2097 3446 2164; x_wconf 76' lang='lat' dir='ltr'><strong>gratiarum</strong></span> 
     </span>
    </p>
   </div>
   <div class='ocr_carea' id='block_1_48' title="bbox 1882 2184 3450 2256">
    <p class='ocr_par' dir='ltr' id='par_1_48' title="bbox 1882 2184 3450 2256">
     <span class='ocr_line' id='line_1_48' title="bbox 1882 2184 3450 2256; baseline -0.002 -14"><span class='ocrx_word' id='word_1_350' title='bbox 1882 2188 2145 2251; x_wconf 87' lang='lat' dir='ltr'><strong>actiones,</strong></span> <span class='ocrx_word' id='word_1_351' title='bbox 2178 2195 2234 2242; x_wconf 88' lang='lat' dir='ltr'><strong>et</strong></span> <span class='ocrx_word' id='word_1_352' title='bbox 2276 2201 2489 2255; x_wconf 87' lang='lat' dir='ltr'><strong>preces,</strong></span> <span class='ocrx_word' id='word_1_353' title='bbox 2539 2200 2605 2240; x_wconf 87' lang='lat' dir='ltr'><strong>ac</strong></span> <span class='ocrx_word' id='word_1_354' title='bbox 2635 2185 3059 2256; x_wconf 83' lang='lat' dir='ltr'><strong>supplicationes</strong></span> <span class='ocrx_word' id='word_1_355' title='bbox 3091 2186 3160 2240; x_wconf 88' lang='lat' dir='ltr'><strong>ab</strong></span> <span class='ocrx_word' id='word_1_356' title='bbox 3205 2184 3290 2239; x_wconf 90' lang='lat' dir='ltr'><strong>his</strong></span> <span class='ocrx_word' id='word_1_357' title='bbox 3338 2185 3450 2239; x_wconf 79' lang='lat' dir='ltr'><strong>Deo</strong></span> 
     </span>
    </p>
   </div>
   <div class='ocr_carea' id='block_1_49' title="bbox 1881 2275 3448 2345">
    <p class='ocr_par' dir='ltr' id='par_1_49' title="bbox 1881 2275 3448 2345">
     <span class='ocr_line' id='line_1_49' title="bbox 1881 2275 3448 2345; baseline -0.003 -11"><span class='ocrx_word' id='word_1_358' title='bbox 1881 2278 2099 2345; x_wconf 79' lang='lat' dir='ltr'><strong>oﬂ&#39;erri;</strong></span> <span class='ocrx_word' id='word_1_359' title='bbox 2138 2278 2181 2331; x_wconf 89' lang='lat' dir='ltr'><strong>si</strong></span> <span class='ocrx_word' id='word_1_360' title='bbox 2236 2288 2384 2331; x_wconf 88' lang='lat' dir='ltr'><strong>certe</strong></span> <span class='ocrx_word' id='word_1_361' title='bbox 2418 2291 2609 2331; x_wconf 85' lang='lat' dir='ltr'><strong>verum</strong></span> <span class='ocrx_word' id='word_1_362' title='bbox 2654 2287 2764 2341; x_wconf 88' lang='lat' dir='ltr'><strong>est,</strong></span> <span class='ocrx_word' id='word_1_363' title='bbox 2809 2276 2952 2345; x_wconf 92' lang='lat' dir='ltr'><strong>quod</strong></span> <span class='ocrx_word' id='word_1_364' title='bbox 3002 2277 3054 2331; x_wconf 92' lang='lat' dir='ltr'><strong>in</strong></span> <span class='ocrx_word' id='word_1_365' title='bbox 3084 2275 3386 2342; x_wconf 83' lang='lat' dir='ltr'><strong>Evangeliis</strong></span> <span class='ocrx_word' id='word_1_366' title='bbox 3418 2291 3448 2330; x_wconf 90' lang='lat' dir='ltr'><strong>a</strong></span> 
     </span>
    </p>
   </div>
   <div class='ocr_carea' id='block_1_50' title="bbox 1883 2367 3449 2437">
    <p class='ocr_par' dir='ltr' id='par_1_50' title="bbox 1883 2367 3449 2437">
     <span class='ocr_line' id='line_1_50' title="bbox 1883 2367 3449 2437; baseline -0.003 -12"><span class='ocrx_word' id='word_1_367' title='bbox 1883 2371 2175 2425; x_wconf 84' lang='lat' dir='ltr'><strong>Servatore</strong></span> <span class='ocrx_word' id='word_1_368' title='bbox 2204 2377 2391 2424; x_wconf 93' lang='lat' dir='ltr'><strong>nostro</strong></span> <span class='ocrx_word' id='word_1_369' title='bbox 2433 2369 2636 2424; x_wconf 90' lang='lat' dir='ltr'><strong>dictum</strong></span> <span class='ocrx_word' id='word_1_370' title='bbox 2694 2367 2796 2422; x_wconf 78' lang='lat' dir='ltr'><strong>fuit</strong></span> <span class='ocrx_word' id='word_1_371' title='bbox 2826 2386 2840 2423; x_wconf 88' lang='lat'><strong>:</strong></span> <span class='ocrx_word' id='word_1_372' title='bbox 2875 2368 3015 2433; x_wconf 76' lang='lat' dir='ltr'><strong>Quia</strong></span> <span class='ocrx_word' id='word_1_373' title='bbox 3064 2369 3237 2437; x_wconf 80' lang='lat' dir='ltr'><strong>angeli</strong></span> <span class='ocrx_word' id='word_1_374' title='bbox 3269 2384 3449 2422; x_wconf 80' lang='lat' dir='ltr'><strong>eorum</strong></span> 
     </span>
    </p>
   </div>
   <div class='ocr_carea' id='block_1_51' title="bbox 1882 2457 3450 2533">
    <p class='ocr_par' dir='ltr' id='par_1_51' title="bbox 1882 2457 3450 2533">
     <span class='ocr_line' id='line_1_51' title="bbox 1882 2457 3450 2533; baseline 0.001 -19"><span class='ocrx_word' id='word_1_375' title='bbox 1882 2461 1938 2514; x_wconf 82' lang='lat' dir='ltr'><strong>in</strong></span> <span class='ocrx_word' id='word_1_376' title='bbox 1963 2459 2103 2513; x_wconf 67' lang='lat' dir='ltr'><strong>caelis</strong></span> <span class='ocrx_word' id='word_1_377' title='bbox 2132 2475 2333 2525; x_wconf 81' lang='lat' dir='ltr'><strong>semper</strong></span> <span class='ocrx_word' id='word_1_378' title='bbox 2355 2459 2530 2514; x_wconf 76' lang='lat' dir='ltr'><strong>vident</strong></span> <span class='ocrx_word' id='word_1_379' title='bbox 2561 2458 2751 2529; x_wconf 74' lang='lat' dir='ltr'><strong>faciem</strong></span> <span class='ocrx_word' id='word_1_380' title='bbox 2779 2457 2960 2513; x_wconf 74' lang='lat' dir='ltr'><strong>Patris</strong></span> <span class='ocrx_word' id='word_1_381' title='bbox 2989 2460 3090 2513; x_wconf 80' lang='lat' dir='ltr'><strong>mei</strong></span> <span class='ocrx_word' id='word_1_382' title='bbox 3111 2459 3204 2533; x_wconf 77' lang='lat' dir='ltr'><strong>qui</strong></span> <span class='ocrx_word' id='word_1_383' title='bbox 3231 2459 3285 2511; x_wconf 84' lang='lat' dir='ltr'><strong>in</strong></span> <span class='ocrx_word' id='word_1_384' title='bbox 3308 2459 3450 2515; x_wconf 70' lang='lat' dir='ltr'><strong>cmlis</strong></span> 
     </span>
    </p>
   </div>
   <div class='ocr_carea' id='block_1_52' title="bbox 1882 2549 3449 2618">
    <p class='ocr_par' dir='ltr' id='par_1_52' title="bbox 1882 2549 3449 2618">
     <span class='ocr_line' id='line_1_52' title="bbox 1882 2549 3449 2618; baseline -0.003 -12"><span class='ocrx_word' id='word_1_385' title='bbox 1882 2562 1957 2606; x_wconf 78' lang='lat' dir='ltr'><strong>est</strong></span> <span class='ocrx_word' id='word_1_386' title='bbox 1988 2552 2029 2606; x_wconf 94' lang='lat'><strong>&quot;.</strong></span> <span class='ocrx_word' id='word_1_387' title='bbox 2070 2550 2207 2617; x_wconf 86' lang='lat' dir='ltr'><strong>Quid</strong></span> <span class='ocrx_word' id='word_1_388' title='bbox 2246 2566 2436 2606; x_wconf 83' lang='lat' dir='ltr'><strong>revera</strong></span> <span class='ocrx_word' id='word_1_389' title='bbox 2486 2550 2634 2606; x_wconf 91' lang='lat' dir='ltr'><strong>aliud</strong></span> <span class='ocrx_word' id='word_1_390' title='bbox 2689 2559 2886 2606; x_wconf 85' lang='lat' dir='ltr'><strong>curant</strong></span> <span class='ocrx_word' id='word_1_391' title='bbox 2937 2559 3030 2605; x_wconf 90' lang='lat' dir='ltr'><strong>aut</strong></span> <span class='ocrx_word' id='word_1_392' title='bbox 3082 2549 3449 2618; x_wconf 35' lang='lat' dir='ltr'><strong>laciunthnisi</strong></span> 
     </span>
    </p>
   </div>
   <div class='ocr_carea' id='block_1_53' title="bbox 1883 2640 3450 2714">
    <p class='ocr_par' dir='ltr' id='par_1_53' title="bbox 1883 2640 3450 2714">
     <span class='ocr_line' id='line_1_53' title="bbox 1883 2640 3450 2714; baseline -0.004 -16"><span class='ocrx_word' id='word_1_393' title='bbox 1883 2658 2071 2714; x_wconf 84' lang='lat' dir='ltr'><strong>preces</strong></span> <span class='ocrx_word' id='word_1_394' title='bbox 2100 2653 2316 2698; x_wconf 85' lang='lat' dir='ltr'><strong>nostras</strong></span> <span class='ocrx_word' id='word_1_395' title='bbox 2362 2643 2429 2698; x_wconf 81' lang='lat' dir='ltr'><strong>ad</strong></span> <span class='ocrx_word' id='word_1_396' title='bbox 2465 2657 2625 2697; x_wconf 81' lang='lat' dir='ltr'><strong>aures</strong></span> <span class='ocrx_word' id='word_1_397' title='bbox 2647 2641 2862 2697; x_wconf 88' lang='lat' dir='ltr'><strong>Domini</strong></span> <span class='ocrx_word' id='word_1_398' title='bbox 2904 2640 3142 2697; x_wconf 84' lang='lat' dir='ltr'><strong>Sabaoth</strong></span> <span class='ocrx_word' id='word_1_399' title='bbox 3178 2641 3450 2705; x_wconf 79' lang='lat' dir='ltr'><strong>deferunt,</strong></span> 
     </span>
    </p>
   </div>
   <div class='ocr_carea' id='block_1_54' title="bbox 1886 2733 3455 2807">
    <p class='ocr_par' dir='ltr' id='par_1_54' title="bbox 1886 2733 3455 2807">
     <span class='ocr_line' id='line_1_54' title="bbox 1886 2733 3455 2807; baseline -0.003 -17"><span class='ocrx_word' id='word_1_400' title='bbox 1886 2735 2148 2804; x_wconf 83' lang='lat' dir='ltr'><strong>nobisque</strong></span> <span class='ocrx_word' id='word_1_401' title='bbox 2179 2750 2242 2807; x_wconf 75' lang='lat' dir='ltr'><strong>ac</strong></span> <span class='ocrx_word' id='word_1_402' title='bbox 2278 2733 2437 2789; x_wconf 87' lang='lat' dir='ltr'><strong>rebus</strong></span> <span class='ocrx_word' id='word_1_403' title='bbox 2471 2734 2677 2789; x_wconf 89' lang='lat' dir='ltr'><strong>nostris</strong></span> <span class='ocrx_word' id='word_1_404' title='bbox 2724 2735 3012 2802; x_wconf 89' lang='lat' dir='ltr'><strong>propitium</strong></span> <span class='ocrx_word' id='word_1_405' title='bbox 3052 2734 3370 2795; x_wconf 85' lang='lat' dir='ltr'><strong>conciliant,</strong></span> <span class='ocrx_word' id='word_1_406' title='bbox 3398 2742 3455 2787; x_wconf 88' lang='lat' dir='ltr'><strong>et</strong></span> 
     </span>
    </p>
   </div>
   <div class='ocr_carea' id='block_1_55' title="bbox 1885 2819 3460 2896">
    <p class='ocr_par' dir='ltr' id='par_1_55' title="bbox 1885 2819 3460 2896">
     <span class='ocr_line' id='line_1_55' title="bbox 1885 2819 3460 2896; baseline -0.004 -15"><span class='ocrx_word' id='word_1_407' title='bbox 1885 2841 1983 2896; x_wconf 93' lang='lat' dir='ltr'><strong>pro</strong></span> <span class='ocrx_word' id='word_1_408' title='bbox 2024 2829 2201 2882; x_wconf 88' lang='lat' dir='ltr'><strong>salute</strong></span> <span class='ocrx_word' id='word_1_409' title='bbox 2233 2836 2424 2881; x_wconf 88' lang='lat' dir='ltr'><strong>nostra</strong></span> <span class='ocrx_word' id='word_1_410' title='bbox 2475 2825 2858 2882; x_wconf 77' lang='lat' dir='ltr'><strong>intercedunt?</strong></span> <span class='ocrx_word' id='word_1_411' title='bbox 2905 2824 3001 2880; x_wconf 86' lang='lat' dir='ltr'><strong>llic</strong></span> <span class='ocrx_word' id='word_1_412' title='bbox 3029 2824 3212 2893; x_wconf 87' lang='lat' dir='ltr'><strong>itaque</strong></span> <span class='ocrx_word' id='word_1_413' title='bbox 3253 2822 3320 2879; x_wconf 88' lang='lat' dir='ltr'><strong>de</strong></span> <span class='ocrx_word' id='word_1_414' title='bbox 3356 2819 3460 2876; x_wconf 84' lang='lat' dir='ltr'><strong>hoc</strong></span> 
     </span>
    </p>
   </div>
   <div class='ocr_carea' id='block_1_56' title="bbox 1887 2914 3454 2988">
    <p class='ocr_par' dir='ltr' id='par_1_56' title="bbox 1887 2914 3454 2988">
     <span class='ocr_line' id='line_1_56' title="bbox 1887 2914 3454 2988; baseline -0.003 -15"><span class='ocrx_word' id='word_1_415' title='bbox 1887 2929 2206 2988; x_wconf 84' lang='lat' dir='ltr'><strong>argumento</strong></span> <span class='ocrx_word' id='word_1_416' title='bbox 2234 2919 2413 2974; x_wconf 82' lang='lat' dir='ltr'><strong>oratio</strong></span> <span class='ocrx_word' id='word_1_417' title='bbox 2457 2917 2619 2973; x_wconf 83' lang='lat' dir='ltr'><strong>ﬁnem</strong></span> <span class='ocrx_word' id='word_1_418' title='bbox 2657 2919 2873 2981; x_wconf 84' lang='lat' dir='ltr'><strong>habeat,</strong></span> <span class='ocrx_word' id='word_1_419' title='bbox 2897 2926 2951 2972; x_wconf 91' lang='lat' dir='ltr'><strong>et</strong></span> <span class='ocrx_word' id='word_1_420' title='bbox 2981 2915 3298 2986; x_wconf 68' lang='lat' dir='ltr'><strong>irreligiosa:</strong></span> <span class='ocrx_word' id='word_1_421' title='bbox 3319 2914 3454 2970; x_wconf 85' lang='lat' dir='ltr'><strong>stul-</strong></span> 
     </span>
    </p>
   </div>
   <div class='ocr_carea' id='block_1_57' title="bbox 208 3000 1788 3081">
    <p class='ocr_par' dir='ltr' id='par_1_57' title="bbox 208 3000 1787 3074">
     <span class='ocr_line' id='line_1_57' title="bbox 208 3000 1787 3074; baseline -0.003 -16"><span class='ocrx_word' id='word_1_422' title='bbox 208 3005 374 3058; x_wconf 76' lang='grc' dir='ltr'>αὐτὸν</span> <span class='ocrx_word' id='word_1_423' title='bbox 410 3004 507 3057; x_wconf 76' lang='grc' dir='ltr'><strong>ἐπὶ</strong></span> <span class='ocrx_word' id='word_1_424' title='bbox 532 3005 646 3066; x_wconf 90' lang='grc' dir='ltr'>τοῖς</span> <span class='ocrx_word' id='word_1_425' title='bbox 669 3002 1088 3074; x_wconf 80' lang='grc' dir='ltr'>πεπραγμένοις</span> <span class='ocrx_word' id='word_1_426' title='bbox 1121 3000 1659 3072; x_wconf 72' lang='grc' dir='ltr'>παρασκευάζοντες,</span> <span class='ocrx_word' id='word_1_427' title='bbox 1691 3000 1787 3053; x_wconf 64' lang='grc' dir='ltr'><strong>καλ⁵</strong></span> 
     </span>
    </p>
   </div>
   <div class='ocr_carea' id='block_1_58' title="bbox 1889 3000 3528 3081">
    <p class='ocr_par' dir='ltr' id='par_1_58' title="bbox 1892 3008 3528 3081">
     <span class='ocr_line' id='line_1_58' title="bbox 1892 3008 3528 3081; baseline -0.001 -17"><span class='ocrx_word' id='word_1_428' title='bbox 1892 3011 2022 3066; x_wconf 82' lang='lat' dir='ltr'><strong>tiliae</strong></span> <span class='ocrx_word' id='word_1_429' title='bbox 2047 3011 2296 3065; x_wconf 88' lang='lat' dir='ltr'><strong>delirium</strong></span> <span class='ocrx_word' id='word_1_430' title='bbox 2326 3011 2437 3081; x_wconf 82' lang='lat' dir='ltr'><strong>jam</strong></span> <span class='ocrx_word' id='word_1_431' title='bbox 2485 3012 2793 3067; x_wconf 84' lang='lat' dir='ltr'><strong>omittatur.</strong></span> <span class='ocrx_word' id='word_1_432' title='bbox 2839 3009 2921 3066; x_wconf 91' lang='lat' dir='ltr'><strong>Ob</strong></span> <span class='ocrx_word' id='word_1_433' title='bbox 2964 3008 3217 3077; x_wconf 85' lang='lat' dir='ltr'><strong>superius</strong></span> <span class='ocrx_word' id='word_1_434' title='bbox 3268 3019 3449 3062; x_wconf 86' lang='lat' dir='ltr'><strong>autem</strong></span> <span class='ocrx_word' id='word_1_435' title='bbox 3525 3059 3528 3062; x_wconf 83' lang='lat'><strong>.</strong></span> 
     </span>
    </p>
   </div>
   <div class='ocr_carea' id='block_1_59' title="bbox 208 3090 1788 3166">
    <p class='ocr_par' dir='ltr' id='par_1_59' title="bbox 208 3090 1788 3166">
     <span class='ocr_line' id='line_1_59' title="bbox 208 3090 1788 3166; baseline -0.002 -18"><span class='ocrx_word' id='word_1_436' title='bbox 208 3094 248 3149; x_wconf 75' lang='grc' dir='ltr'><strong>ἀ</strong></span> <span class='ocrx_word' id='word_1_437' title='bbox 273 3095 406 3165; x_wconf 75' lang='grc' dir='ltr'>πρὸς</span> <span class='ocrx_word' id='word_1_438' title='bbox 433 3094 713 3166; x_wconf 82' lang='grc' dir='ltr'>σωτηρίαν</span> <span class='ocrx_word' id='word_1_439' title='bbox 748 3093 883 3165; x_wconf 81' lang='grc' dir='ltr'>ἡμῖν</span> <span class='ocrx_word' id='word_1_440' title='bbox 912 3094 1032 3145; x_wconf 75' lang='grc' dir='ltr'>ἐστι</span> <span class='ocrx_word' id='word_1_441' title='bbox 1063 3090 1482 3163; x_wconf 87' lang='grc' dir='ltr'>μεσιτεύοντες;</span> <span class='ocrx_word' id='word_1_442' title='bbox 1524 3090 1788 3145; x_wconf 81' lang='grc' dir='ltr'>Ἐνταῦθα</span> 
     </span>
    </p>
   </div>
   <div class='ocr_carea' id='block_1_60' title="bbox 208 3179 1787 3257">
    <p class='ocr_par' dir='ltr' id='par_1_60' title="bbox 208 3179 1787 3257">
     <span class='ocr_line' id='line_1_60' title="bbox 208 3179 1787 3257; baseline -0.004 -16"><span class='ocrx_word' id='word_1_443' title='bbox 208 3181 306 3241; x_wconf 71' lang='grc' dir='ltr'><strong>οὖν</strong></span> <span class='ocrx_word' id='word_1_444' title='bbox 355 3189 385 3241; x_wconf 86' lang='grc' dir='ltr'><strong>ό</strong></span> <span class='ocrx_word' id='word_1_445' title='bbox 439 3184 576 3257; x_wconf 75' lang='grc' dir='ltr'>περὶ</span> <span class='ocrx_word' id='word_1_446' title='bbox 626 3183 834 3239; x_wconf 87' lang='grc' dir='ltr'>τούτων</span> <span class='ocrx_word' id='word_1_447' title='bbox 876 3182 1033 3252; x_wconf 81' lang='grc' dir='ltr'>λόγος</span> <span class='ocrx_word' id='word_1_448' title='bbox 1084 3182 1327 3252; x_wconf 84' lang='grc' dir='ltr'>ὡρίσθω,</span> <span class='ocrx_word' id='word_1_449' title='bbox 1368 3181 1463 3235; x_wconf 75' lang='grc' dir='ltr'><strong>καὶ</strong></span> <span class='ocrx_word' id='word_1_450' title='bbox 1508 3182 1537 3234; x_wconf 85' lang='grc' dir='ltr'>ὁ</span> <span class='ocrx_word' id='word_1_451' title='bbox 1568 3180 1667 3251; x_wconf 83' lang='grc' dir='ltr'>τῆς</span> <span class='ocrx_word' id='word_1_452' title='bbox 1693 3179 1787 3234; x_wconf 86' lang='grc' dir='ltr'>τοῦ</span> 
     </span>
    </p>
   </div>
   <div class='ocr_carea' id='block_1_61' title="bbox 210 3270 1790 3345">
    <p class='ocr_par' dir='ltr' id='par_1_61' title="bbox 210 3270 1790 3345">
     <span class='ocr_line' id='line_1_61' title="bbox 210 3270 1790 3345; baseline -0.001 -16"><span class='ocrx_word' id='word_1_453' title='bbox 210 3274 504 3339; x_wconf 81' lang='grc' dir='ltr'>δυσσεϐοῦς</span> <span class='ocrx_word' id='word_1_454' title='bbox 538 3274 908 3344; x_wconf 82' lang='grc' dir='ltr'>ματαιότητος</span> <span class='ocrx_word' id='word_1_455' title='bbox 944 3272 1113 3345; x_wconf 81' lang='grc' dir='ltr'>λῆρος</span> <span class='ocrx_word' id='word_1_456' title='bbox 1165 3270 1426 3328; x_wconf 81' lang='grc' dir='ltr'>ἀνείσθω.</span> <span class='ocrx_word' id='word_1_457' title='bbox 1474 3273 1599 3327; x_wconf 80' lang='grc' dir='ltr'><strong>Ἐπὶ</strong></span> <span class='ocrx_word' id='word_1_458' title='bbox 1638 3274 1696 3328; x_wconf 84' lang='grc' dir='ltr'>δὲ</span> <span class='ocrx_word' id='word_1_459' title='bbox 1722 3273 1790 3328; x_wconf 84' lang='grc' dir='ltr'>τὰ</span> 
     </span>
    </p>
   </div>
   <div class='ocr_carea' id='block_1_62' title="bbox 217 3359 1791 3434">
    <p class='ocr_par' dir='ltr' id='par_1_62' title="bbox 217 3359 1791 3434">
     <span class='ocr_line' id='line_1_62' title="bbox 217 3359 1791 3434; baseline 0.001 -20"><span class='ocrx_word' id='word_1_460' title='bbox 217 3362 405 3432; x_wconf 77' lang='grc' dir='ltr'>πρώην</span> <span class='ocrx_word' id='word_1_461' title='bbox 446 3361 830 3432; x_wconf 77' lang='grc' dir='ltr'>ὑπεσχημένα,</span> <span class='ocrx_word' id='word_1_462' title='bbox 884 3360 985 3431; x_wconf 83' lang='grc' dir='ltr'>τῆς</span> <span class='ocrx_word' id='word_1_463' title='bbox 1042 3359 1138 3414; x_wconf 81' lang='grc' dir='ltr'><strong>τοῦ</strong></span> <span class='ocrx_word' id='word_1_464' title='bbox 1168 3361 1420 3432; x_wconf 83' lang='grc' dir='ltr'>γραπτοῦ</span> <span class='ocrx_word' id='word_1_465' title='bbox 1463 3364 1559 3416; x_wconf 71' lang='grc' dir='ltr'><strong>καὶ</strong></span> <span class='ocrx_word' id='word_1_466' title='bbox 1598 3364 1791 3434; x_wconf 86' lang='grc' dir='ltr'>ἀπερι-</span> 
     </span>
    </p>
   </div>
   <div class='ocr_carea' id='block_1_63' title="bbox 214 3445 1789 3525">
    <p class='ocr_par' dir='ltr' id='par_1_63' title="bbox 214 3445 1789 3525">
     <span class='ocr_line' id='line_1_63' title="bbox 214 3445 1789 3525; baseline 0.001 -19"><span class='ocrx_word' id='word_1_467' title='bbox 214 3454 462 3522; x_wconf 76' lang='grc' dir='ltr'>γράπτου</span> <span class='ocrx_word' id='word_1_468' title='bbox 485 3451 674 3521; x_wconf 77' lang='grc' dir='ltr'>φωνῆς</span> <span class='ocrx_word' id='word_1_469' title='bbox 704 3451 917 3515; x_wconf 68' lang='grc' dir='ltr'>ἕνεκεν,</span> <span class='ocrx_word' id='word_1_470' title='bbox 941 3445 1016 3505; x_wconf 84' lang='grc' dir='ltr'><strong>ὧν</strong></span> <span class='ocrx_word' id='word_1_471' title='bbox 1051 3451 1115 3504; x_wconf 85' lang='grc' dir='ltr'><strong>τὸ</strong></span> <span class='ocrx_word' id='word_1_472' title='bbox 1161 3452 1417 3525; x_wconf 86' lang='grc' dir='ltr'>διάφορον</span> <span class='ocrx_word' id='word_1_473' title='bbox 1445 3452 1504 3519; x_wconf 79' lang='grc' dir='ltr'>ἐξ</span> <span class='ocrx_word' id='word_1_474' title='bbox 1526 3453 1789 3508; x_wconf 80' lang='grc' dir='ltr'>ἀπαιδευ-</span> 
     </span>
    </p>
   </div>
   <div class='ocr_carea' id='block_1_64' title="bbox 216 3541 1791 3613">
    <p class='ocr_par' dir='ltr' id='par_1_64' title="bbox 216 3541 1791 3613">
     <span class='ocr_line' id='line_1_64' title="bbox 216 3541 1791 3613; baseline 0.002 -17"><span class='ocrx_word' id='word_1_475' title='bbox 216 3545 336 3608; x_wconf 75' lang='grc' dir='ltr'>σίας</span> <span class='ocrx_word' id='word_1_476' title='bbox 363 3544 463 3598; x_wconf 74' lang='grc' dir='ltr'><strong>καὶ</strong></span> <span class='ocrx_word' id='word_1_477' title='bbox 498 3541 742 3612; x_wconf 80' lang='grc' dir='ltr'>ἀμαθίας</span> <span class='ocrx_word' id='word_1_478' title='bbox 768 3543 1079 3613; x_wconf 78' lang='grc' dir='ltr'>ἡγνοηκότα</span> <span class='ocrx_word' id='word_1_479' title='bbox 1118 3544 1327 3597; x_wconf 84' lang='grc' dir='ltr'>κατίδοι</span> <span class='ocrx_word' id='word_1_480' title='bbox 1357 3544 1420 3599; x_wconf 85' lang='grc' dir='ltr'><strong>ἀν</strong></span> <span class='ocrx_word' id='word_1_481' title='bbox 1470 3561 1576 3610; x_wconf 90' lang='grc' dir='ltr'>τις,</span> <span class='ocrx_word' id='word_1_482' title='bbox 1619 3544 1791 3599; x_wconf 79' lang='grc' dir='ltr'>καθά·</span> 
     </span>
    </p>
   </div>
   <div class='ocr_carea' id='block_1_65' title="bbox 214 3631 1790 3706">
    <p class='ocr_par' dir='ltr' id='par_1_65' title="bbox 214 3631 1790 3706">
     <span class='ocr_line' id='line_1_65' title="bbox 214 3631 1790 3706; baseline 0.008 -21"><span class='ocrx_word' id='word_1_483' title='bbox 214 3650 317 3704; x_wconf 72' lang='grc' dir='ltr'>περ</span> <span class='ocrx_word' id='word_1_484' title='bbox 349 3633 419 3703; x_wconf 74' lang='grc' dir='ltr'><strong>δη</strong></span> <span class='ocrx_word' id='word_1_485' title='bbox 451 3633 553 3686; x_wconf 72' lang='grc' dir='ltr'>καὶ</span> <span class='ocrx_word' id='word_1_486' title='bbox 581 3631 711 3694; x_wconf 77' lang='grc' dir='ltr'>τοὺς</span> <span class='ocrx_word' id='word_1_487' title='bbox 741 3631 953 3685; x_wconf 76' lang='grc' dir='ltr'>ἐκείνου</span> <span class='ocrx_word' id='word_1_488' title='bbox 987 3632 1270 3702; x_wconf 85' lang='grc' dir='ltr'>φοιτητὰς,</span> <span class='ocrx_word' id='word_1_489' title='bbox 1316 3635 1412 3687; x_wconf 79' lang='grc' dir='ltr'>καὶ</span> <span class='ocrx_word' id='word_1_490' title='bbox 1450 3634 1550 3704; x_wconf 85' lang='grc' dir='ltr'>τῆς</span> <span class='ocrx_word' id='word_1_491' title='bbox 1581 3633 1790 3706; x_wconf 79' lang='grc' dir='ltr'>πλάνης</span> 
     </span>
    </p>
   </div>
   <div class='ocr_carea' id='block_1_66' title="bbox 213 3723 1790 3796">
    <p class='ocr_par' dir='ltr' id='par_1_66' title="bbox 213 3723 1790 3796">
     <span class='ocr_line' id='line_1_66' title="bbox 213 3723 1790 3796; baseline 0.003 -19"><span class='ocrx_word' id='word_1_492' title='bbox 213 3724 509 3796; x_wconf 71' lang='grc' dir='ltr'>ἀκροατὰς,</span> <span class='ocrx_word' id='word_1_493' title='bbox 542 3723 671 3788; x_wconf 77' lang='grc' dir='ltr'>τοὺς</span> <span class='ocrx_word' id='word_1_494' title='bbox 700 3723 797 3778; x_wconf 80' lang='grc' dir='ltr'><strong>νῦν</strong></span> <span class='ocrx_word' id='word_1_495' title='bbox 823 3724 1042 3788; x_wconf 87' lang='grc' dir='ltr'>ἀσεϐεῖς</span> <span class='ocrx_word' id='word_1_496' title='bbox 1072 3725 1168 3779; x_wconf 80' lang='grc' dir='ltr'><strong>καὶ</strong></span> <span class='ocrx_word' id='word_1_497' title='bbox 1191 3724 1549 3788; x_wconf 82' lang='grc' dir='ltr'>ἀπαιδεύτους</span> <span class='ocrx_word' id='word_1_498' title='bbox 1583 3725 1790 3796; x_wconf 85' lang='grc' dir='ltr'>δογμα-</span> 
     </span>
    </p>
   </div>
   <div class='ocr_carea' id='block_1_67' title="bbox 210 3813 1788 3891">
    <p class='ocr_par' dir='ltr' id='par_1_67' title="bbox 210 3813 1788 3891">
     <span class='ocr_line' id='line_1_67' title="bbox 210 3813 1788 3891; baseline 0.002 -24"><span class='ocrx_word' id='word_1_499' title='bbox 210 3817 424 3881; x_wconf 68' lang='grc' dir='ltr'>τιστάς,</span> <span class='ocrx_word' id='word_1_500' title='bbox 446 3815 549 3886; x_wconf 74' lang='grc' dir='ltr'><strong>ήδη</strong></span> <span class='ocrx_word' id='word_1_501' title='bbox 582 3814 663 3885; x_wconf 80' lang='grc' dir='ltr'>τῷ</span> <span class='ocrx_word' id='word_1_502' title='bbox 713 3813 1270 3891; x_wconf 44' lang='grc' dir='ltr'>λόγῳπρεψώμεθα,</span> <span class='ocrx_word' id='word_1_503' title='bbox 1301 3815 1372 3869; x_wconf 83' lang='grc' dir='ltr'>τὰ</span> <span class='ocrx_word' id='word_1_504' title='bbox 1421 3816 1554 3886; x_wconf 85' lang='grc' dir='ltr'>παρ’</span> <span class='ocrx_word' id='word_1_505' title='bbox 1606 3816 1788 3870; x_wconf 84' lang='grc' dir='ltr'>αὐτῶν</span> 
     </span>
    </p>
   </div>
   <div class='ocr_carea' id='block_1_68' title="bbox 215 3904 1876 3979">
    <p class='ocr_par' dir='ltr' id='par_1_68' title="bbox 215 3904 1876 3979">
     <span class='ocr_line' id='line_1_68' title="bbox 215 3904 1876 3979; baseline 0.001 -21"><span class='ocrx_word' id='word_1_506' title='bbox 215 3905 675 3975; x_wconf 72' lang='grc' dir='ltr'>ἑπισκεπτόμενοι</span> <span class='ocrx_word' id='word_1_507' title='bbox 721 3904 1119 3977; x_wconf 75' lang='grc' dir='ltr'>ληρῳδήματαο</span> <span class='ocrx_word' id='word_1_508' title='bbox 1174 3905 1292 3959; x_wconf 84' lang='grc' dir='ltr'>ἀλλ’</span> <span class='ocrx_word' id='word_1_509' title='bbox 1350 3906 1539 3978; x_wconf 81' lang='grc' dir='ltr'>ἐπειδὴ</span> <span class='ocrx_word' id='word_1_510' title='bbox 1598 3906 1789 3979; x_wconf 81' lang='grc' dir='ltr'>ὥσπερ</span> <span class='ocrx_word' id='word_1_511' title='bbox 1870 3916 1876 3921; x_wconf 87' lang='grc'><em>’</em></span> 
     </span>
    </p>
   </div>
   <div class='ocr_carea' id='block_1_69' title="bbox 216 3994 1788 4067">
    <p class='ocr_par' dir='ltr' id='par_1_69' title="bbox 216 3994 1788 4067">
     <span class='ocr_line' id='line_1_69' title="bbox 216 3994 1788 4067; baseline 0.002 -18"><span class='ocrx_word' id='word_1_512' title='bbox 216 3997 437 4064; x_wconf 70' lang='grc' dir='ltr'>φύσεων</span> <span class='ocrx_word' id='word_1_513' title='bbox 474 3995 574 4049; x_wconf 79' lang='grc' dir='ltr'>καὶ</span> <span class='ocrx_word' id='word_1_514' title='bbox 602 3994 911 4065; x_wconf 71' lang='grc' dir='ltr'>ἰδιωμάτων</span> <span class='ocrx_word' id='word_1_515' title='bbox 937 3995 1202 4067; x_wconf 79' lang='grc' dir='ltr'>διαφορὰν</span> <span class='ocrx_word' id='word_1_516' title='bbox 1231 3996 1331 4051; x_wconf 80' lang='grc' dir='ltr'>οὐκ</span> <span class='ocrx_word' id='word_1_517' title='bbox 1360 3996 1625 4066; x_wconf 76' lang='grc' dir='ltr'>ἔγνωσαν,</span> <span class='ocrx_word' id='word_1_518' title='bbox 1664 3998 1788 4052; x_wconf 80' lang='grc' dir='ltr'>οὐδὲ</span> 
     </span>
    </p>
   </div>
   <div class='ocr_carea' id='block_1_70' title="bbox 215 4084 1786 4157">
    <p class='ocr_par' dir='ltr' id='par_1_70' title="bbox 215 4084 1786 4157">
     <span class='ocr_line' id='line_1_70' title="bbox 215 4084 1786 4157; baseline 0.003 -18"><span class='ocrx_word' id='word_1_519' title='bbox 215 4086 493 4154; x_wconf 71' lang='grc' dir='ltr'>ἁναμέσον</span> <span class='ocrx_word' id='word_1_520' title='bbox 516 4084 673 4153; x_wconf 87' lang='grc' dir='ltr'>ἀγιου</span> <span class='ocrx_word' id='word_1_521' title='bbox 711 4085 802 4138; x_wconf 74' lang='grc' dir='ltr'><strong>καὶ</strong></span> <span class='ocrx_word' id='word_1_522' title='bbox 832 4084 1062 4155; x_wconf 85' lang='grc' dir='ltr'>βεϐήλου</span> <span class='ocrx_word' id='word_1_523' title='bbox 1108 4085 1403 4141; x_wconf 87' lang='grc' dir='ltr'>διαστεῖλαι</span> <span class='ocrx_word' id='word_1_524' title='bbox 1436 4089 1786 4157; x_wconf 82' lang='grc' dir='ltr'>ἀνοηταίνον-</span> 
     </span>
    </p>
   </div>
   <div class='ocr_carea' id='block_1_71' title="bbox 216 4175 1788 4253">
    <p class='ocr_par' dir='ltr' id='par_1_71' title="bbox 216 4175 1788 4253">
     <span class='ocr_line' id='line_1_71' title="bbox 216 4175 1788 4253; baseline 0.005 -26"><span class='ocrx_word' id='word_1_525' title='bbox 216 4189 308 4238; x_wconf 79' lang='grc' dir='ltr'><strong>τες</strong></span> <span class='ocrx_word' id='word_1_526' title='bbox 331 4175 657 4245; x_wconf 78' lang='grc' dir='ltr'>διέγνωσαν,</span> <span class='ocrx_word' id='word_1_527' title='bbox 689 4177 867 4242; x_wconf 75' lang='grc' dir='ltr'>οὕτως</span> <span class='ocrx_word' id='word_1_528' title='bbox 895 4180 1016 4233; x_wconf 73' lang='grc' dir='ltr'>οὐδὲ</span> <span class='ocrx_word' id='word_1_529' title='bbox 1043 4180 1072 4234; x_wconf 82' lang='grc' dir='ltr'><strong>ὅ</strong></span> <span class='ocrx_word' id='word_1_530' title='bbox 1091 4179 1144 4233; x_wconf 86' lang='grc' dir='ltr'><strong>τί</strong></span> <span class='ocrx_word' id='word_1_531' title='bbox 1175 4179 1308 4233; x_wconf 82' lang='grc' dir='ltr'>ποτέ</span> <span class='ocrx_word' id='word_1_532' title='bbox 1339 4183 1456 4235; x_wconf 78' lang='grc' dir='ltr'>ἐστι</span> <span class='ocrx_word' id='word_1_533' title='bbox 1474 4183 1663 4253; x_wconf 82' lang='grc' dir='ltr'>γραφὴ</span> <span class='ocrx_word' id='word_1_534' title='bbox 1690 4182 1788 4237; x_wconf 82' lang='grc' dir='ltr'><strong>καὶ</strong></span> 
     </span>
    </p>
   </div>
   <div class='ocr_carea' id='block_1_72' title="bbox 218 4265 1783 4341">
    <p class='ocr_par' dir='ltr' id='par_1_72' title="bbox 218 4265 1783 4341">
     <span class='ocr_line' id='line_1_72' title="bbox 218 4265 1783 4341; baseline 0.006 -25"><span class='ocrx_word' id='word_1_535' title='bbox 218 4265 559 4338; x_wconf 69' lang='grc' dir='ltr'>περιγραφὴ,</span> <span class='ocrx_word' id='word_1_536' title='bbox 584 4267 619 4339; x_wconf 71' lang='grc' dir='ltr'>ἢ</span> <span class='ocrx_word' id='word_1_537' title='bbox 641 4268 886 4341; x_wconf 81' lang='grc' dir='ltr'>γραπτὸν</span> <span class='ocrx_word' id='word_1_538' title='bbox 904 4270 999 4323; x_wconf 81' lang='grc' dir='ltr'><strong>καὶ</strong></span> <span class='ocrx_word' id='word_1_539' title='bbox 1018 4270 1418 4341; x_wconf 84' lang='grc' dir='ltr'>περιγραπτδν,</span> <span class='ocrx_word' id='word_1_540' title='bbox 1444 4271 1783 4340; x_wconf 74' lang='grc' dir='ltr'>ἐπέγνωσαν·</span> 
     </span>
    </p>
   </div>
   <div class='ocr_carea' id='block_1_73' title="bbox 1889 3101 3456 3172">
    <p class='ocr_par' dir='ltr' id='par_1_73' title="bbox 1889 3101 3456 3172">
     <span class='ocr_line' id='line_1_73' title="bbox 1889 3101 3456 3172; baseline -0.001 -17"><span class='ocrx_word' id='word_1_541' title='bbox 1889 3102 2176 3172; x_wconf 87' lang='lat' dir='ltr'><strong>promissa,</strong></span> <span class='ocrx_word' id='word_1_542' title='bbox 2225 3111 2445 3172; x_wconf 86' lang='lat' dir='ltr'><strong>propter</strong></span> <span class='ocrx_word' id='word_1_543' title='bbox 2493 3102 2752 3158; x_wconf 89' lang='lat' dir='ltr'><strong>vocabula</strong></span> <span class='ocrx_word' id='word_1_544' title='bbox 2808 3101 3125 3171; x_wconf 86' lang='lat' dir='ltr'><strong>indescripti</strong></span> <span class='ocrx_word' id='word_1_545' title='bbox 3179 3110 3234 3157; x_wconf 89' lang='lat' dir='ltr'><strong>et</strong></span> <span class='ocrx_word' id='word_1_546' title='bbox 3286 3101 3456 3156; x_wconf 91' lang='lat' dir='ltr'><strong>incir-</strong></span> 
     </span>
    </p>
   </div>
   <div class='ocr_carea' id='block_1_74' title="bbox 1888 3192 3458 3267">
    <p class='ocr_par' dir='ltr' id='par_1_74' title="bbox 1888 3192 3458 3267">
     <span class='ocr_line' id='line_1_74' title="bbox 1888 3192 3458 3267; baseline -0.001 -18"><span class='ocrx_word' id='word_1_547' title='bbox 1888 3194 2203 3264; x_wconf 88' lang='lat' dir='ltr'><strong>cumscripti</strong></span> <span class='ocrx_word' id='word_1_548' title='bbox 2240 3193 2375 3267; x_wconf 83' lang='lat'><strong>(88),</strong></span> <span class='ocrx_word' id='word_1_549' title='bbox 2427 3209 2656 3264; x_wconf 91' lang='lat' dir='ltr'><strong>quorum</strong></span> <span class='ocrx_word' id='word_1_550' title='bbox 2708 3192 3069 3251; x_wconf 77' lang='lat' dir='ltr'><strong>diﬂ‘erentiam</strong></span> <span class='ocrx_word' id='word_1_551' title='bbox 3118 3207 3186 3248; x_wconf 70' lang='lat' dir='ltr'><strong>et</strong></span> <span class='ocrx_word' id='word_1_552' title='bbox 3224 3192 3458 3247; x_wconf 84' lang='lat' dir='ltr'><strong>rudilate</strong></span> 
     </span>
    </p>
   </div>
   <div class='ocr_carea' id='block_1_75' title="bbox 1888 3281 3456 3352">
    <p class='ocr_par' dir='ltr' id='par_1_75' title="bbox 1888 3281 3456 3352">
     <span class='ocr_line' id='line_1_75' title="bbox 1888 3281 3456 3352; baseline -0.003 -13"><span class='ocrx_word' id='word_1_553' title='bbox 1888 3295 1945 3339; x_wconf 90' lang='lat' dir='ltr'><strong>et</strong></span> <span class='ocrx_word' id='word_1_554' title='bbox 1968 3284 2183 3338; x_wconf 86' lang='lat' dir='ltr'><strong>inscitia</strong></span> <span class='ocrx_word' id='word_1_555' title='bbox 2217 3282 2523 3338; x_wconf 82' lang='lat' dir='ltr'><strong>Mamonam</strong></span> <span class='ocrx_word' id='word_1_556' title='bbox 2560 3283 2814 3352; x_wconf 87' lang='lat' dir='ltr'><strong>ignorare</strong></span> <span class='ocrx_word' id='word_1_557' title='bbox 2853 3290 3092 3343; x_wconf 85' lang='lat' dir='ltr'><strong>constat.</strong></span> <span class='ocrx_word' id='word_1_558' title='bbox 3120 3283 3263 3336; x_wconf 83' lang='lat' dir='ltr'><strong>sicut</strong></span> <span class='ocrx_word' id='word_1_559' title='bbox 3291 3281 3456 3335; x_wconf 87' lang='lat' dir='ltr'><strong>etiam</strong></span> 
     </span>
    </p>
   </div>
   <div class='ocr_carea' id='block_1_76' title="bbox 1888 3373 3455 3445">
    <p class='ocr_par' dir='ltr' id='par_1_76' title="bbox 1888 3373 3455 3445">
     <span class='ocr_line' id='line_1_76' title="bbox 1888 3373 3455 3445; baseline -0.003 -12"><span class='ocrx_word' id='word_1_560' title='bbox 1888 3375 2009 3445; x_wconf 78' lang='lat' dir='ltr'><strong>ejus</strong></span> <span class='ocrx_word' id='word_1_561' title='bbox 2037 3376 2278 3432; x_wconf 87' lang='lat' dir='ltr'><strong>asseclas</strong></span> <span class='ocrx_word' id='word_1_562' title='bbox 2304 3385 2361 3431; x_wconf 90' lang='lat' dir='ltr'><strong>et</strong></span> <span class='ocrx_word' id='word_1_563' title='bbox 2389 3377 2596 3431; x_wconf 86' lang='lat' dir='ltr'><strong>erroris</strong></span> <span class='ocrx_word' id='word_1_564' title='bbox 2625 3374 2941 3444; x_wconf 88' lang='lat' dir='ltr'><strong>discipulos,</strong></span> <span class='ocrx_word' id='word_1_565' title='bbox 2974 3373 3173 3443; x_wconf 89' lang='lat' dir='ltr'><strong>impios</strong></span> <span class='ocrx_word' id='word_1_566' title='bbox 3205 3373 3455 3429; x_wconf 83' lang='lat' dir='ltr'><strong>videlicet</strong></span> 
     </span>
    </p>
   </div>
   <div class='ocr_carea' id='block_1_77' title="bbox 1891 3463 3456 3536">
    <p class='ocr_par' dir='ltr' id='par_1_77' title="bbox 1891 3463 3456 3536">
     <span class='ocr_line' id='line_1_77' title="bbox 1891 3463 3456 3536; baseline -0.004 -14"><span class='ocrx_word' id='word_1_567' title='bbox 1891 3467 2049 3536; x_wconf 85' lang='lat' dir='ltr'><strong>hujus</strong></span> <span class='ocrx_word' id='word_1_568' title='bbox 2083 3467 2261 3522; x_wconf 64' lang='lat' dir='ltr'><strong>aetatis</strong></span> <span class='ocrx_word' id='word_1_569' title='bbox 2289 3475 2343 3521; x_wconf 88' lang='lat' dir='ltr'><strong>et</strong></span> <span class='ocrx_word' id='word_1_570' title='bbox 2374 3467 2595 3536; x_wconf 88' lang='lat' dir='ltr'><strong>ignaros</strong></span> <span class='ocrx_word' id='word_1_571' title='bbox 2620 3466 3004 3536; x_wconf 63' lang='lat' dir='ltr'><strong>~dogmatistas,</strong></span> <span class='ocrx_word' id='word_1_572' title='bbox 3036 3464 3164 3531; x_wconf 84' lang='lat' dir='ltr'><strong>huc,</strong></span> <span class='ocrx_word' id='word_1_573' title='bbox 3214 3463 3456 3532; x_wconf 87' lang='lat' dir='ltr'><strong>inquam,</strong></span> 
     </span>
    </p>
   </div>
   <div class='ocr_carea' id='block_1_78' title="bbox 1889 3552 3520 3625">
    <p class='ocr_par' dir='ltr' id='par_1_78' title="bbox 1889 3552 3520 3625">
     <span class='ocr_line' id='line_1_78' title="bbox 1889 3552 3520 3625; baseline -0.006 -11"><span class='ocrx_word' id='word_1_574' title='bbox 1889 3572 2195 3615; x_wconf 89' lang='lat' dir='ltr'><strong>sermonem</strong></span> <span class='ocrx_word' id='word_1_575' title='bbox 2219 3566 2624 3623; x_wconf 89' lang='lat' dir='ltr'><strong>convertamus,</strong></span> <span class='ocrx_word' id='word_1_576' title='bbox 2653 3564 2711 3610; x_wconf 90' lang='lat' dir='ltr'><strong>ut</strong></span> <span class='ocrx_word' id='word_1_577' title='bbox 2743 3555 2982 3625; x_wconf 89' lang='lat' dir='ltr'><strong>ipsorum</strong></span> <span class='ocrx_word' id='word_1_578' title='bbox 3008 3568 3179 3623; x_wconf 86' lang='lat' dir='ltr'><strong>nugas</strong></span> <span class='ocrx_word' id='word_1_579' title='bbox 3198 3552 3459 3623; x_wconf 87' lang='lat' dir='ltr'><strong>dispicia-</strong></span> <span class='ocrx_word' id='word_1_580' title='bbox 3509 3606 3520 3615; x_wconf 75' lang='grc'><strong>,</strong></span> 
     </span>
    </p>
   </div>
   <div class='ocr_carea' id='block_1_79' title="bbox 1892 3641 3459 3718">
    <p class='ocr_par' dir='ltr' id='par_1_79' title="bbox 1892 3641 3459 3718">
     <span class='ocr_line' id='line_1_79' title="bbox 1892 3641 3459 3718; baseline -0.003 -15"><span class='ocrx_word' id='word_1_581' title='bbox 1892 3666 2011 3704; x_wconf 80' lang='lat' dir='ltr'><strong>mus</strong></span> <span class='ocrx_word' id='word_1_582' title='bbox 2048 3649 2213 3718; x_wconf 89' lang='lat' dir='ltr'><strong>:quia</strong></span> <span class='ocrx_word' id='word_1_583' title='bbox 2242 3648 2382 3702; x_wconf 89' lang='lat' dir='ltr'><strong>sicut</strong></span> <span class='ocrx_word' id='word_1_584' title='bbox 2414 3654 2731 3701; x_wconf 88' lang='lat' dir='ltr'><strong>naturarum</strong></span> <span class='ocrx_word' id='word_1_585' title='bbox 2765 3659 2830 3701; x_wconf 87' lang='lat' dir='ltr'><strong>ac</strong></span> <span class='ocrx_word' id='word_1_586' title='bbox 2859 3646 3253 3715; x_wconf 89' lang='lat' dir='ltr'><strong>proprietatum</strong></span> <span class='ocrx_word' id='word_1_587' title='bbox 3307 3641 3459 3698; x_wconf 71' lang='grc' dir='ltr'><strong>(ἥπε-</strong></span> 
     </span>
    </p>
   </div>
   <div class='ocr_carea' id='block_1_80' title="bbox 1889 3734 3457 3807">
    <p class='ocr_par' dir='ltr' id='par_1_80' title="bbox 1889 3734 3457 3807">
     <span class='ocr_line' id='line_1_80' title="bbox 1889 3734 3457 3807; baseline -0.005 -10"><span class='ocrx_word' id='word_1_588' title='bbox 1889 3741 2117 3797; x_wconf 90' lang='lat' dir='ltr'><strong>rentiam</strong></span> <span class='ocrx_word' id='word_1_589' title='bbox 2149 3742 2418 3807; x_wconf 83' lang='lat' dir='ltr'><strong>ignorant,</strong></span> <span class='ocrx_word' id='word_1_590' title='bbox 2459 3751 2631 3807; x_wconf 87' lang='lat' dir='ltr'><strong>neque</strong></span> <span class='ocrx_word' id='word_1_591' title='bbox 2665 3737 2809 3792; x_wconf 89' lang='lat' dir='ltr'><strong>inter</strong></span> <span class='ocrx_word' id='word_1_592' title='bbox 2834 3742 3084 3793; x_wconf 84' lang='lat' dir='ltr'><strong>sanctum</strong></span> <span class='ocrx_word' id='word_1_593' title='bbox 3110 3745 3166 3792; x_wconf 90' lang='lat' dir='ltr'><strong>et</strong></span> <span class='ocrx_word' id='word_1_594' title='bbox 3193 3734 3457 3805; x_wconf 90' lang='lat' dir='ltr'><strong>pollutum</strong></span> 
     </span>
    </p>
   </div>
   <div class='ocr_carea' id='block_1_81' title="bbox 1890 3827 3460 3902">
    <p class='ocr_par' dir='ltr' id='par_1_81' title="bbox 1890 3827 3460 3902">
     <span class='ocr_line' id='line_1_81' title="bbox 1890 3827 3460 3902; baseline -0.004 -16"><span class='ocrx_word' id='word_1_595' title='bbox 1890 3833 2224 3902; x_wconf 85' lang='lat' dir='ltr'><strong>distinguere</strong></span> <span class='ocrx_word' id='word_1_596' title='bbox 2277 3830 2331 3885; x_wconf 87' lang='lat' dir='ltr'><strong>bi</strong></span> <span class='ocrx_word' id='word_1_597' title='bbox 2390 3828 2546 3886; x_wconf 91' lang='lat' dir='ltr'><strong>stulti</strong></span> <span class='ocrx_word' id='word_1_598' title='bbox 2587 3828 2802 3896; x_wconf 88' lang='lat' dir='ltr'><strong>valent;</strong></span> <span class='ocrx_word' id='word_1_599' title='bbox 2855 3829 2926 3884; x_wconf 86' lang='lat' dir='ltr'><strong>ita</strong></span> <span class='ocrx_word' id='word_1_600' title='bbox 2983 3842 3165 3897; x_wconf 91' lang='lat' dir='ltr'><strong>neque</strong></span> <span class='ocrx_word' id='word_1_601' title='bbox 3218 3827 3347 3896; x_wconf 90' lang='lat' dir='ltr'><strong>quid</strong></span> <span class='ocrx_word' id='word_1_602' title='bbox 3387 3828 3460 3881; x_wconf 89' lang='lat' dir='ltr'><strong>sit</strong></span> 
     </span>
    </p>
   </div>
   <div class='ocr_carea' id='block_1_82' title="bbox 1889 3919 3462 3993">
    <p class='ocr_par' dir='ltr' id='par_1_82' title="bbox 1889 3919 3462 3993">
     <span class='ocr_line' id='line_1_82' title="bbox 1889 3919 3462 3993; baseline -0.002 -17"><span class='ocrx_word' id='word_1_603' title='bbox 1889 3924 2099 3993; x_wconf 89' lang='lat' dir='ltr'><strong>pictura</strong></span> <span class='ocrx_word' id='word_1_604' title='bbox 2157 3930 2211 3977; x_wconf 90' lang='lat' dir='ltr'><strong>et</strong></span> <span class='ocrx_word' id='word_1_605' title='bbox 2272 3919 2724 3990; x_wconf 87' lang='lat' dir='ltr'><strong>circumscriptio,</strong></span> <span class='ocrx_word' id='word_1_606' title='bbox 2760 3935 2937 3990; x_wconf 86' lang='lat' dir='ltr'><strong>neque</strong></span> <span class='ocrx_word' id='word_1_607' title='bbox 2983 3919 3112 3989; x_wconf 89' lang='lat' dir='ltr'><strong>quid</strong></span> <span class='ocrx_word' id='word_1_608' title='bbox 3143 3920 3346 3989; x_wconf 90' lang='lat' dir='ltr'><strong>pictum</strong></span> <span class='ocrx_word' id='word_1_609' title='bbox 3405 3927 3462 3973; x_wconf 89' lang='lat' dir='ltr'><strong>et</strong></span> 
     </span>
    </p>
   </div>
   <div class='ocr_carea' id='block_1_83' title="bbox 1889 4006 3461 4081">
    <p class='ocr_par' dir='ltr' id='par_1_83' title="bbox 1889 4006 3461 4081">
     <span class='ocr_line' id='line_1_83' title="bbox 1889 4006 3461 4081; baseline -0.004 -14"><span class='ocrx_word' id='word_1_610' title='bbox 1889 4010 2356 4081; x_wconf 89' lang='lat' dir='ltr'><strong>circumscriptum</strong></span> <span class='ocrx_word' id='word_1_611' title='bbox 2384 4011 2583 4076; x_wconf 88' lang='lat' dir='ltr'><strong>sciunt,</strong></span> <span class='ocrx_word' id='word_1_612' title='bbox 2601 4024 2721 4079; x_wconf 65' lang='lat' dir='ltr'><strong>quae</strong></span> <span class='ocrx_word' id='word_1_613' title='bbox 2741 4008 2898 4064; x_wconf 89' lang='lat' dir='ltr'><strong>valde</strong></span> <span class='ocrx_word' id='word_1_614' title='bbox 2924 4008 3154 4063; x_wconf 85' lang='lat' dir='ltr'><strong>invicem</strong></span> <span class='ocrx_word' id='word_1_615' title='bbox 3184 4006 3461 4072; x_wconf 79' lang='lat' dir='ltr'><strong>dili‘ernnt,</strong></span> 
     </span>
    </p>
   </div>
   <div class='ocr_carea' id='block_1_84' title="bbox 1892 4099 3463 4171">
    <p class='ocr_par' dir='ltr' id='par_1_84' title="bbox 1892 4099 3463 4171">
     <span class='ocr_line' id='line_1_84' title="bbox 1892 4099 3463 4171; baseline -0.004 -14"><span class='ocrx_word' id='word_1_616' title='bbox 1892 4100 2095 4158; x_wconf 86' lang='lat' dir='ltr'><strong>nullam</strong></span> <span class='ocrx_word' id='word_1_617' title='bbox 2130 4100 2182 4155; x_wconf 93' lang='lat' dir='ltr'><strong>in</strong></span> <span class='ocrx_word' id='word_1_618' title='bbox 2214 4100 2300 4154; x_wconf 88' lang='lat' dir='ltr'><strong>bis</strong></span> <span class='ocrx_word' id='word_1_619' title='bbox 2327 4114 2503 4170; x_wconf 90' lang='lat' dir='ltr'><strong>neque</strong></span> <span class='ocrx_word' id='word_1_620' title='bbox 2519 4109 2877 4171; x_wconf 86' lang='lat' dir='ltr'><strong>agnoscentes</strong></span> <span class='ocrx_word' id='word_1_621' title='bbox 2904 4113 3078 4170; x_wconf 85' lang='lat' dir='ltr'><strong>neque</strong></span> <span class='ocrx_word' id='word_1_622' title='bbox 3108 4099 3463 4168; x_wconf 80' lang='lat' dir='ltr'><strong>interponen-</strong></span> 
     </span>
    </p>
   </div>
   <div class='ocr_carea' id='block_1_85' title="bbox 1894 4188 3462 4258">
    <p class='ocr_par' dir='ltr' id='par_1_85' title="bbox 1894 4188 3462 4258">
     <span class='ocr_line' id='line_1_85' title="bbox 1894 4188 3462 4258; baseline -0.006 -8"><span class='ocrx_word' id='word_1_623' title='bbox 1894 4203 1975 4250; x_wconf 91' lang='lat' dir='ltr'><strong>tes</strong></span> <span class='ocrx_word' id='word_1_624' title='bbox 2003 4190 2408 4251; x_wconf 90' lang='lat' dir='ltr'><strong>discretionem.</strong></span> <span class='ocrx_word' id='word_1_625' title='bbox 2454 4188 2694 4256; x_wconf 88' lang='lat' dir='ltr'><strong>Qnorum</strong></span> <span class='ocrx_word' id='word_1_626' title='bbox 2740 4190 2987 4245; x_wconf 76' lang='lat' dir='ltr'><strong>stultitia:</strong></span> <span class='ocrx_word' id='word_1_627' title='bbox 3032 4202 3323 4258; x_wconf 85' lang='lat' dir='ltr'><strong>parumper</strong></span> <span class='ocrx_word' id='word_1_628' title='bbox 3374 4189 3462 4241; x_wconf 91' lang='lat' dir='ltr'><strong>in-</strong></span> 
     </span>
    </p>
   </div>
   <div class='ocr_carea' id='block_1_86' title="bbox 1892 4279 3466 4355">
    <p class='ocr_par' dir='ltr' id='par_1_86' title="bbox 1892 4279 3466 4355">
     <span class='ocr_line' id='line_1_86' title="bbox 1892 4279 3466 4355; baseline -0.002 -18"><span class='ocrx_word' id='word_1_629' title='bbox 1892 4284 2181 4355; x_wconf 85' lang='lat' dir='ltr'><strong>dulgentes</strong></span> <span class='ocrx_word' id='word_1_630' title='bbox 2220 4281 2276 4336; x_wconf 90' lang='lat' dir='ltr'><strong>in</strong></span> <span class='ocrx_word' id='word_1_631' title='bbox 2315 4281 2565 4351; x_wconf 85' lang='lat' dir='ltr'><strong>superius</strong></span> <span class='ocrx_word' id='word_1_632' title='bbox 2600 4281 2782 4346; x_wconf 90' lang='lat' dir='ltr'><strong>dictis,</strong></span> <span class='ocrx_word' id='word_1_633' title='bbox 2843 4295 2911 4335; x_wconf 89' lang='lat' dir='ltr'><strong>ne</strong></span> <span class='ocrx_word' id='word_1_634' title='bbox 2959 4279 3227 4335; x_wconf 90' lang='lat' dir='ltr'><strong>orationis</strong></span> <span class='ocrx_word' id='word_1_635' title='bbox 3270 4294 3466 4335; x_wconf 86' lang='lat' dir='ltr'><strong>cursus</strong></span> 
     </span>
    </p>
   </div>
   <div class='ocr_carea' id='block_1_87' title="bbox 220 4360 1788 4445">
    <p class='ocr_par' dir='ltr' id='par_1_87' title="bbox 220 4360 1788 4435">
     <span class='ocr_line' id='line_1_87' title="bbox 220 4360 1788 4435; baseline 0.004 -25"><span class='ocrx_word' id='word_1_636' title='bbox 220 4360 401 4412; x_wconf 78' lang='grc' dir='ltr'>τιάντα</span> <span class='ocrx_word' id='word_1_637' title='bbox 415 4360 522 4432; x_wconf 81' lang='grc' dir='ltr'><strong>γάρ</strong></span> <span class='ocrx_word' id='word_1_638' title='bbox 539 4361 862 4431; x_wconf 80' lang='grc' dir='ltr'>συγχέοντες</span> <span class='ocrx_word' id='word_1_639' title='bbox 879 4361 975 4414; x_wconf 52' lang='grc' dir='ltr'><strong>καί⁵</strong></span> <span class='ocrx_word' id='word_1_640' title='bbox 1000 4378 1067 4414; x_wconf 93' lang='grc' dir='ltr'><strong>συ</strong></span> <span class='ocrx_word' id='word_1_641' title='bbox 1074 4379 1153 4432; x_wconf 80' lang='grc' dir='ltr'><strong>μφ</strong></span> <span class='ocrx_word' id='word_1_642' title='bbox 1161 4362 1190 4416; x_wconf 90' lang='grc' dir='ltr'><strong>ύ</strong></span> <span class='ocrx_word' id='word_1_643' title='bbox 1196 4379 1380 4431; x_wconf 90' lang='grc' dir='ltr'>ροντες</span> <span class='ocrx_word' id='word_1_644' title='bbox 1397 4364 1492 4416; x_wconf 80' lang='grc' dir='ltr'><strong>καὶ</strong></span> <span class='ocrx_word' id='word_1_645' title='bbox 1506 4362 1788 4435; x_wconf 83' lang='grc' dir='ltr'>ἀδιάκριτσ</span> 
     </span>
    </p>
   </div>
   <div class='ocr_carea' id='block_1_88' title="bbox 1889 4360 3467 4445">
    <p class='ocr_par' dir='ltr' id='par_1_88' title="bbox 1897 4371 3467 4445">
     <span class='ocr_line' id='line_1_88' title="bbox 1897 4371 3467 4445; baseline -0.003 -16"><span class='ocrx_word' id='word_1_646' title='bbox 1897 4376 2335 4445; x_wconf 83' lang='lat' dir='ltr'><strong>abrumperetur,</strong></span> <span class='ocrx_word' id='word_1_647' title='bbox 2370 4386 2468 4427; x_wconf 91' lang='lat' dir='ltr'><strong>nos</strong></span> <span class='ocrx_word' id='word_1_648' title='bbox 2491 4386 2706 4442; x_wconf 89' lang='lat' dir='ltr'><strong>quoque</strong></span> <span class='ocrx_word' id='word_1_649' title='bbox 2736 4372 2821 4426; x_wconf 89' lang='lat' dir='ltr'><strong>his</strong></span> <span class='ocrx_word' id='word_1_650' title='bbox 2863 4371 3137 4426; x_wconf 87' lang='lat' dir='ltr'><strong>vocabulis</strong></span> <span class='ocrx_word' id='word_1_651' title='bbox 3172 4379 3334 4440; x_wconf 90' lang='lat' dir='ltr'><strong>prout</strong></span> <span class='ocrx_word' id='word_1_652' title='bbox 3380 4386 3467 4425; x_wconf 66' lang='lat' dir='ltr'><strong>res</strong></span> 
     </span>
    </p>
   </div>
   <div class='ocr_carea' id='block_1_89' title="bbox 222 4447 1793 4525">
    <p class='ocr_par' dir='ltr' id='par_1_89' title="bbox 222 4447 1793 4525">
     <span class='ocr_line' id='line_1_89' title="bbox 222 4447 1793 4525; baseline 0.005 -24"><span class='ocrx_word' id='word_1_653' title='bbox 222 4447 599 4521; x_wconf 70' lang='grc' dir='ltr'>λογισάμενοι,</span> <span class='ocrx_word' id='word_1_654' title='bbox 630 4453 715 4517; x_wconf 85' lang='grc' dir='ltr'><strong>είς</strong></span> <span class='ocrx_word' id='word_1_655' title='bbox 764 4452 963 4507; x_wconf 85' lang='grc' dir='ltr'>ταυτὸν</span> <span class='ocrx_word' id='word_1_656' title='bbox 1016 4453 1269 4523; x_wconf 80' lang='grc' dir='ltr'>ἄγουσιν,</span> <span class='ocrx_word' id='word_1_657' title='bbox 1300 4453 1337 4510; x_wconf 78' lang='grc' dir='ltr'>ἃ</span> <span class='ocrx_word' id='word_1_658' title='bbox 1366 4455 1502 4509; x_wconf 79' lang='grc' dir='ltr'>πολὺ</span> <span class='ocrx_word' id='word_1_659' title='bbox 1548 4455 1793 4525; x_wconf 81' lang='grc' dir='ltr'>ἀλλήλων</span> 
     </span>
    </p>
   </div>
   <div class='ocr_carea' id='block_1_90' title="bbox 222 4539 1796 4613">
    <p class='ocr_par' dir='ltr' id='par_1_90' title="bbox 222 4539 1796 4613">
     <span class='ocr_line' id='line_1_90' title="bbox 222 4539 1796 4613; baseline 0.004 -20"><span class='ocrx_word' id='word_1_660' title='bbox 222 4539 495 4612; x_wconf 75' lang='grc' dir='ltr'>διέστηκε,</span> <span class='ocrx_word' id='word_1_661' title='bbox 528 4543 628 4613; x_wconf 74' lang='grc' dir='ltr'>τὴν</span> <span class='ocrx_word' id='word_1_662' title='bbox 671 4543 921 4598; x_wconf 79' lang='grc' dir='ltr'>ὁπωσοῦν</span> <span class='ocrx_word' id='word_1_663' title='bbox 949 4545 1009 4599; x_wconf 67' lang='grc' dir='ltr'><strong>ὲν</strong></span> <span class='ocrx_word' id='word_1_664' title='bbox 1038 4546 1226 4610; x_wconf 67' lang='grc' dir='ltr'>αὐτοῖς</span> <span class='ocrx_word' id='word_1_665' title='bbox 1258 4544 1385 4600; x_wconf 78' lang='grc' dir='ltr'>οὔτε</span> <span class='ocrx_word' id='word_1_666' title='bbox 1435 4546 1643 4610; x_wconf 75' lang='grc' dir='ltr'>εἰδότες</span> <span class='ocrx_word' id='word_1_667' title='bbox 1671 4545 1796 4600; x_wconf 77' lang='grc' dir='ltr'>οὔτε</span> 
     </span>
    </p>
   </div>
   <div class='ocr_carea' id='block_1_91' title="bbox 226 4628 1800 4709">
    <p class='ocr_par' dir='ltr' id='par_1_91' title="bbox 226 4628 1800 4709">
     <span class='ocr_line' id='line_1_91' title="bbox 226 4628 1800 4709; baseline 0.004 -26"><span class='ocrx_word' id='word_1_668' title='bbox 226 4628 457 4695; x_wconf 77' lang='grc' dir='ltr'>διδόντες</span> <span class='ocrx_word' id='word_1_669' title='bbox 479 4632 775 4705; x_wconf 83' lang='grc' dir='ltr'>διάκρισιν.</span> <span class='ocrx_word' id='word_1_670' title='bbox 808 4629 913 4687; x_wconf 78' lang='grc' dir='ltr'><strong>Ὧν</strong></span> <span class='ocrx_word' id='word_1_671' title='bbox 940 4638 1008 4707; x_wconf 80' lang='grc' dir='ltr'>τῇ</span> <span class='ocrx_word' id='word_1_672' title='bbox 1048 4635 1208 4709; x_wconf 81' lang='grc' dir='ltr'>ἀνοίᾳ</span> <span class='ocrx_word' id='word_1_673' title='bbox 1244 4636 1719 4706; x_wconf 85' lang='grc' dir='ltr'>συγκαταστάντες</span> <span class='ocrx_word' id='word_1_674' title='bbox 1739 4637 1800 4689; x_wconf 82' lang='grc' dir='ltr'><strong>ὲν</strong></span> 
     </span>
    </p>
   </div>
   <div class='ocr_carea' id='block_1_92' title="bbox 230 4721 1798 4798">
    <p class='ocr_par' dir='ltr' id='par_1_92' title="bbox 230 4721 1798 4798">
     <span class='ocr_line' id='line_1_92' title="bbox 230 4721 1798 4798; baseline 0.006 -25"><span class='ocrx_word' id='word_1_675' title='bbox 230 4721 339 4783; x_wconf 77' lang='grc' dir='ltr'>τοῖς</span> <span class='ocrx_word' id='word_1_676' title='bbox 358 4723 549 4777; x_wconf 83' lang='grc' dir='ltr'>ἀνόπιν</span> <span class='ocrx_word' id='word_1_677' title='bbox 571 4725 693 4796; x_wconf 86' lang='grc' dir='ltr'>είρη</span> <span class='ocrx_word' id='word_1_678' title='bbox 701 4725 908 4795; x_wconf 86' lang='grc' dir='ltr'>μένοις,</span> <span class='ocrx_word' id='word_1_679' title='bbox 923 4725 998 4789; x_wconf 84' lang='grc' dir='ltr'><strong>ὡς</strong></span> <span class='ocrx_word' id='word_1_680' title='bbox 1016 4725 1083 4780; x_wconf 75' lang='grc' dir='ltr'><strong>ἂν</strong></span> <span class='ocrx_word' id='word_1_681' title='bbox 1099 4726 1195 4780; x_wconf 82' lang='grc' dir='ltr'>τοῦ</span> <span class='ocrx_word' id='word_1_682' title='bbox 1207 4726 1370 4796; x_wconf 88' lang='grc' dir='ltr'>λόγου</span> <span class='ocrx_word' id='word_1_683' title='bbox 1382 4727 1445 4781; x_wconf 86' lang='grc' dir='ltr'><strong>τὸ</strong></span> <span class='ocrx_word' id='word_1_684' title='bbox 1473 4731 1691 4798; x_wconf 82' lang='grc' dir='ltr'>συνεχὲς</span> <span class='ocrx_word' id='word_1_685' title='bbox 1722 4726 1798 4798; x_wconf 81' lang='grc' dir='ltr'><strong>μὴ</strong></span> 
     </span>
    </p>
   </div>
   <div class='ocr_carea' id='block_1_93' title="bbox 233 4808 1802 4891">
    <p class='ocr_par' dir='ltr' id='par_1_93' title="bbox 233 4808 1802 4891">
     <span class='ocr_line' id='line_1_93' title="bbox 233 4808 1802 4891; baseline 0.006 -27"><span class='ocrx_word' id='word_1_686' title='bbox 233 4808 589 4882; x_wconf 79' lang='grc' dir='ltr'>διακόπτοιτο,</span> <span class='ocrx_word' id='word_1_687' title='bbox 617 4815 694 4879; x_wconf 79' lang='grc' dir='ltr'>ὡς</span> <span class='ocrx_word' id='word_1_688' title='bbox 715 4815 876 4887; x_wconf 76' lang='grc' dir='ltr'>ἔτυχε</span> <span class='ocrx_word' id='word_1_689' title='bbox 893 4819 1015 4881; x_wconf 89' lang='grc' dir='ltr'>ταῖς</span> <span class='ocrx_word' id='word_1_690' title='bbox 1031 4821 1238 4887; x_wconf 83' lang='grc' dir='ltr'>φωναῖς</span> <span class='ocrx_word' id='word_1_691' title='bbox 1249 4818 1345 4874; x_wconf 80' lang='grc' dir='ltr'>καὶ</span> <span class='ocrx_word' id='word_1_692' title='bbox 1358 4820 1513 4873; x_wconf 80' lang='grc' dir='ltr'>αὐτοὶ</span> <span class='ocrx_word' id='word_1_693' title='bbox 1530 4836 1802 4891; x_wconf 84' lang='grc' dir='ltr'>κατεχρη-</span> 
     </span>
    </p>
   </div>
   <div class='ocr_carea' id='block_1_94' title="bbox 238 4900 1795 4981">
    <p class='ocr_par' dir='ltr' id='par_1_94' title="bbox 238 4900 1795 4981">
     <span class='ocr_line' id='line_1_94' title="bbox 238 4900 1795 4981; baseline 0.008 -28"><span class='ocrx_word' id='word_1_694' title='bbox 238 4900 445 4969; x_wconf 77' lang='grc' dir='ltr'>σάμεθα</span> <span class='ocrx_word' id='word_1_695' title='bbox 466 4920 483 4937; x_wconf 77' lang='grc'><strong><em>⁸</em></strong></span> <span class='ocrx_word' id='word_1_696' title='bbox 516 4905 645 4960; x_wconf 74' lang='grc' dir='ltr'>ἔνθα</span> <span class='ocrx_word' id='word_1_697' title='bbox 675 4908 777 4977; x_wconf 71' lang='grc' dir='ltr'><strong>μὲν</strong></span> <span class='ocrx_word' id='word_1_698' title='bbox 804 4907 1032 4978; x_wconf 88' lang='grc' dir='ltr'>κυρίως,</span> <span class='ocrx_word' id='word_1_699' title='bbox 1059 4910 1156 4963; x_wconf 75' lang='grc' dir='ltr'>καὶ</span> <span class='ocrx_word' id='word_1_700' title='bbox 1194 4909 1257 4964; x_wconf 90' lang='grc' dir='ltr'><strong>τὸ</strong></span> <span class='ocrx_word' id='word_1_701' title='bbox 1294 4909 1424 4964; x_wconf 83' lang='grc' dir='ltr'>ῖδιον</span> <span class='ocrx_word' id='word_1_702' title='bbox 1444 4911 1543 4981; x_wconf 82' lang='grc' dir='ltr'>τῆς</span> <span class='ocrx_word' id='word_1_703' title='bbox 1594 4910 1795 4978; x_wconf 79' lang='grc' dir='ltr'>λέξεως</span> 
     </span>
    </p>
   </div>
   <div class='ocr_carea' id='block_1_95' title="bbox 232 4995 1796 5076">
    <p class='ocr_par' dir='ltr' id='par_1_95' title="bbox 232 4995 1796 5076">
     <span class='ocr_line' id='line_1_95' title="bbox 232 4995 1796 5076; baseline 0.008 -29"><span class='ocrx_word' id='word_1_704' title='bbox 232 4995 569 5066; x_wconf 73' lang='grc' dir='ltr'>τηρήσαντες</span> <span class='ocrx_word' id='word_1_705' title='bbox 610 4998 1035 5072; x_wconf 86' lang='grc' dir='ltr'>σημαινόμενον,</span> <span class='ocrx_word' id='word_1_706' title='bbox 1072 5000 1203 5056; x_wconf 74' lang='grc' dir='ltr'>ἔνθα</span> <span class='ocrx_word' id='word_1_707' title='bbox 1225 5001 1285 5057; x_wconf 78' lang='grc' dir='ltr'>δὲ</span> <span class='ocrx_word' id='word_1_708' title='bbox 1309 5002 1451 5074; x_wconf 73' lang='grc' dir='ltr'>πρὸς</span> <span class='ocrx_word' id='word_1_709' title='bbox 1477 5003 1540 5058; x_wconf 87' lang='grc' dir='ltr'><strong>τὸ</strong></span> <span class='ocrx_word' id='word_1_710' title='bbox 1570 5002 1796 5076; x_wconf 85' lang='grc' dir='ltr'>ἀδιάφο-</span> 
     </span>
    </p>
   </div>
   <div class='ocr_carea' id='block_1_96' title="bbox 310 5173 837 5246">
    <p class='ocr_par' dir='ltr' id='par_1_96' title="bbox 310 5173 837 5246">
     <span class='ocr_line' id='line_1_96' title="bbox 310 5173 837 5246; baseline 0.011 -17"><span class='ocrx_word' id='word_1_711' title='bbox 310 5173 331 5205; x_wconf 83' lang='grc'>’</span> <span class='ocrx_word' id='word_1_712' title='bbox 354 5173 535 5233; x_wconf 76' lang='lat' dir='ltr'><strong>latth.</strong></span> <span class='ocrx_word' id='word_1_713' title='bbox 562 5192 715 5246; x_wconf 81' lang='lat' dir='ltr'><strong>mn,</strong></span> <span class='ocrx_word' id='word_1_714' title='bbox 746 5177 837 5237; x_wconf 81' lang='lat' dir='ltr'><strong>IO.</strong></span> 
     </span>
    </p>
   </div>
   <div class='ocr_carea' id='block_1_97' title="bbox 284 5324 1793 5404">
    <p class='ocr_par' dir='ltr' id='par_1_97' title="bbox 284 5324 1793 5404">
     <span class='ocr_line' id='line_1_97' title="bbox 284 5324 1793 5404; baseline 0.009 -23"><span class='ocrx_word' id='word_1_715' title='bbox 284 5324 424 5404; x_wconf 38' lang='lat'><strong>.(87)</strong></span> <span class='ocrx_word' id='word_1_716' title='bbox 457 5330 841 5404; x_wconf 81' lang='lat' dir='ltr'><strong>Animadverte</strong></span> <span class='ocrx_word' id='word_1_717' title='bbox 862 5332 1055 5404; x_wconf 81' lang='lat' dir='ltr'><strong>dogma</strong></span> <span class='ocrx_word' id='word_1_718' title='bbox 1088 5335 1413 5392; x_wconf 86' lang='lat' dir='ltr'><strong>catholicum</strong></span> <span class='ocrx_word' id='word_1_719' title='bbox 1450 5338 1518 5395; x_wconf 86' lang='lat' dir='ltr'><strong>de</strong></span> <span class='ocrx_word' id='word_1_720' title='bbox 1557 5337 1793 5395; x_wconf 86' lang='lat' dir='ltr'><strong>invoca-</strong></span> 
     </span>
    </p>
   </div>
   <div class='ocr_carea' id='block_1_98' title="bbox 252 5403 1791 5473">
    <p class='ocr_par' dir='ltr' id='par_1_98' title="bbox 252 5403 1791 5473">
     <span class='ocr_line' id='line_1_98' title="bbox 252 5403 1791 5473; baseline 0.015 -31"><span class='ocrx_word' id='word_1_721' title='bbox 252 5403 495 5473; x_wconf 46' lang='lat' dir='ltr'><strong>ltoneﬁt</strong></span> <span class='ocrx_word' id='word_1_722' title='bbox 564 5403 949 5473; x_wconf 81' lang='lat' dir='ltr'><strong>communione</strong></span> <span class='ocrx_word' id='word_1_723' title='bbox 1004 5416 1364 5473; x_wconf 84' lang='lat' dir='ltr'><strong>sanctorum;</strong></span> <span class='ocrx_word' id='word_1_724' title='bbox 1416 5417 1607 5462; x_wconf 90' lang='lat' dir='ltr'><strong>contra</strong></span> <span class='ocrx_word' id='word_1_725' title='bbox 1665 5410 1791 5466; x_wconf 89' lang='lat' dir='ltr'><strong>illos</strong></span> 
     </span>
    </p>
   </div>
   <div class='ocr_carea' id='block_1_99' title="bbox 252 5460 1649 5542">
    <p class='ocr_par' dir='ltr' id='par_1_99' title="bbox 252 5460 1649 5542">
     <span class='ocr_line' id='line_1_99' title="bbox 252 5460 1649 5542; baseline 0.011 -25"><span class='ocrx_word' id='word_1_726' title='bbox 252 5460 522 5542; x_wconf 33' lang='lat' dir='ltr'><strong>Italrheticgs</strong></span> <span class='ocrx_word' id='word_1_727' title='bbox 545 5471 636 5542; x_wconf 89' lang='lat' dir='ltr'><strong>qui</strong></span> <span class='ocrx_word' id='word_1_728' title='bbox 670 5471 805 5525; x_wconf 86' lang='lat' dir='ltr'><strong>nihil</strong></span> <span class='ocrx_word' id='word_1_729' title='bbox 834 5472 1141 5542; x_wconf 76' lang='lat' dir='ltr'><strong>huiusmodi</strong></span> <span class='ocrx_word' id='word_1_730' title='bbox 1178 5460 1406 5529; x_wconf 73' lang='lat' dir='ltr'><strong>credere</strong></span> <span class='ocrx_word' id='word_1_731' title='bbox 1428 5460 1649 5533; x_wconf 77' lang='lat' dir='ltr'><strong>volunt.</strong></span> 
     </span>
    </p>
   </div>
   <div class='ocr_carea' id='block_1_100' title="bbox 329 5533 1795 5616">
    <p class='ocr_par' dir='ltr' id='par_1_100' title="bbox 329 5533 1795 5616">
     <span class='ocr_line' id='line_1_100' title="bbox 329 5533 1795 5616; baseline 0.011 -29"><span class='ocrx_word' id='word_1_732' title='bbox 329 5533 430 5599; x_wconf 78' lang='lat'><strong>(88)</strong></span> <span class='ocrx_word' id='word_1_733' title='bbox 461 5533 578 5616; x_wconf 70' lang='grc' dir='ltr'>ἤρε’</span> <span class='ocrx_word' id='word_1_734' title='bbox 592 5540 710 5595; x_wconf 90' lang='lat' dir='ltr'><strong>loco</strong></span> <span class='ocrx_word' id='word_1_735' title='bbox 736 5533 923 5616; x_wconf 38' lang='lat' dir='ltr'><strong>codexf</strong></span> <span class='ocrx_word' id='word_1_736' title='bbox 942 5542 1004 5614; x_wconf 77' lang='grc' dir='ltr'><strong>(ί.</strong></span> <span class='ocrx_word' id='word_1_737' title='bbox 1049 5542 1153 5598; x_wconf 73' lang='lat'><strong>219</strong></span> <span class='ocrx_word' id='word_1_738' title='bbox 1182 5544 1201 5612; x_wconf 92' lang='lat'><strong>)</strong></span> <span class='ocrx_word' id='word_1_739' title='bbox 1250 5544 1358 5598; x_wconf 79' lang='grc' dir='ltr'><strong>Τοῦ</strong></span> <span class='ocrx_word' id='word_1_740' title='bbox 1396 5545 1665 5616; x_wconf 81' lang='grc' dir='ltr'>γραπτοῦ</span> <span class='ocrx_word' id='word_1_741' title='bbox 1697 5550 1795 5605; x_wconf 75' lang='grc' dir='ltr'>καὶ</span> 
     </span>
    </p>
   </div>
   <div class='ocr_carea' id='block_1_101' title="bbox 254 5600 1791 5689">
    <p class='ocr_par' dir='ltr' id='par_1_101' title="bbox 254 5600 1791 5689">
     <span class='ocr_line' id='line_1_101' title="bbox 254 5600 1791 5689; baseline 0.017 -37"><span class='ocrx_word' id='word_1_742' title='bbox 254 5600 683 5675; x_wconf 73' lang='grc' dir='ltr'>ἀπεριγράπτου·</span> <span class='ocrx_word' id='word_1_743' title='bbox 739 5600 992 5682; x_wconf 73' lang='lat' dir='ltr'><strong>superius</strong></span> <span class='ocrx_word' id='word_1_744' title='bbox 1062 5600 1248 5671; x_wconf 74' lang='lat' dir='ltr'><strong>autem</strong></span> <span class='ocrx_word' id='word_1_745' title='bbox 1315 5600 1563 5673; x_wconf 59' lang='lat' dir='ltr'><strong>Aut&#39;i&#39;rrh.</strong></span> <span class='ocrx_word' id='word_1_746' title='bbox 1596 5600 1655 5686; x_wconf 12' lang='lat' dir='ltr'><strong>il,</strong></span> 
     </span>
    </p>
   </div>
   <div class='ocr_carea' id='block_1_102' title="bbox 1900 4461 3467 4530">
    <p class='ocr_par' dir='ltr' id='par_1_102' title="bbox 1900 4461 3467 4530">
     <span class='ocr_line' id='line_1_102' title="bbox 1900 4461 3467 4530; baseline -0.002 -10"><span class='ocrx_word' id='word_1_747' title='bbox 1900 4465 2105 4521; x_wconf 80' lang='lat' dir='ltr'><strong>ferebat</strong></span> <span class='ocrx_word' id='word_1_748' title='bbox 2145 4464 2298 4519; x_wconf 90' lang='lat' dir='ltr'><strong>abusi</strong></span> <span class='ocrx_word' id='word_1_749' title='bbox 2329 4478 2556 4530; x_wconf 88' lang='lat' dir='ltr'><strong>sumus;</strong></span> <span class='ocrx_word' id='word_1_750' title='bbox 2603 4461 2799 4517; x_wconf 90' lang='lat' dir='ltr'><strong>alicubi</strong></span> <span class='ocrx_word' id='word_1_751' title='bbox 2846 4462 3063 4530; x_wconf 88' lang='lat' dir='ltr'><strong>proprie</strong></span> <span class='ocrx_word' id='word_1_752' title='bbox 3106 4461 3389 4530; x_wconf 88' lang='lat' dir='ltr'><strong>loquentes</strong></span> <span class='ocrx_word' id='word_1_753' title='bbox 3411 4472 3467 4517; x_wconf 92' lang='lat' dir='ltr'><strong>et</strong></span> 
     </span>
    </p>
   </div>
   <div class='ocr_carea' id='block_1_103' title="bbox 1897 4553 3467 4625">
    <p class='ocr_par' dir='ltr' id='par_1_103' title="bbox 1897 4553 3467 4625">
     <span class='ocr_line' id='line_1_103' title="bbox 1897 4553 3467 4625; baseline -0.002 -13"><span class='ocrx_word' id='word_1_754' title='bbox 1897 4556 2198 4612; x_wconf 83' lang='lat' dir='ltr'><strong>secundum</strong></span> <span class='ocrx_word' id='word_1_755' title='bbox 2237 4554 2591 4625; x_wconf 84' lang='lat' dir='ltr'><strong>principalem</strong></span> <span class='ocrx_word' id='word_1_756' title='bbox 2643 4553 2888 4609; x_wconf 76' lang='lat' dir='ltr'><strong>vocabuli</strong></span> <span class='ocrx_word' id='word_1_757' title='bbox 2931 4553 3467 4625; x_wconf 78' lang='lat' dir='ltr'><strong>signiﬁcatum;ali-</strong></span> 
     </span>
    </p>
   </div>
   <div class='ocr_carea' id='block_1_104' title="bbox 1894 4645 3469 4717">
    <p class='ocr_par' dir='ltr' id='par_1_104' title="bbox 1894 4645 3469 4717">
     <span class='ocr_line' id='line_1_104' title="bbox 1894 4645 3469 4717; baseline -0.001 -14"><span class='ocrx_word' id='word_1_758' title='bbox 1894 4647 2019 4704; x_wconf 92' lang='lat' dir='ltr'><strong>cubi</strong></span> <span class='ocrx_word' id='word_1_759' title='bbox 2106 4661 2237 4701; x_wconf 87' lang='lat' dir='ltr'><strong>vero</strong></span> <span class='ocrx_word' id='word_1_760' title='bbox 2301 4645 2722 4707; x_wconf 79' lang='lat' dir='ltr'><strong>indiﬁ&#39;erentiam</strong></span> <span class='ocrx_word' id='word_1_761' title='bbox 2777 4648 3066 4717; x_wconf 87' lang='lat' dir='ltr'><strong>quamdam</strong></span> <span class='ocrx_word' id='word_1_762' title='bbox 3123 4645 3178 4700; x_wconf 90' lang='lat' dir='ltr'><strong>in</strong></span> <span class='ocrx_word' id='word_1_763' title='bbox 3236 4646 3469 4701; x_wconf 88' lang='lat' dir='ltr'><strong>dicendo</strong></span> 
     </span>
    </p>
   </div>
   <div class='ocr_carea' id='block_1_105' title="bbox 1895 4737 3469 4808">
    <p class='ocr_par' dir='ltr' id='par_1_105' title="bbox 1895 4737 3469 4808">
     <span class='ocr_line' id='line_1_105' title="bbox 1895 4737 3469 4808; baseline -0.001 -15"><span class='ocrx_word' id='word_1_764' title='bbox 1895 4737 2278 4793; x_wconf 84' lang='lat' dir='ltr'><strong>servavimus:</strong></span> <span class='ocrx_word' id='word_1_765' title='bbox 2314 4739 2666 4808; x_wconf 84' lang='lat' dir='ltr'><strong>promisimus</strong></span> <span class='ocrx_word' id='word_1_766' title='bbox 2701 4747 2878 4792; x_wconf 87' lang='lat' dir='ltr'><strong>tamen</strong></span> <span class='ocrx_word' id='word_1_767' title='bbox 2904 4737 3019 4792; x_wconf 76' lang='lat' dir='ltr'><strong>fore</strong></span> <span class='ocrx_word' id='word_1_768' title='bbox 3053 4745 3111 4792; x_wconf 89' lang='lat' dir='ltr'><strong>ut</strong></span> <span class='ocrx_word' id='word_1_769' title='bbox 3139 4737 3335 4792; x_wconf 90' lang='lat' dir='ltr'><strong>borum</strong></span> <span class='ocrx_word' id='word_1_770' title='bbox 3375 4752 3469 4791; x_wconf 81' lang='lat' dir='ltr'><strong>vo-</strong></span> 
     </span>
    </p>
   </div>
   <div class='ocr_carea' id='block_1_106' title="bbox 1896 4828 3472 4901">
    <p class='ocr_par' dir='ltr' id='par_1_106' title="bbox 1896 4828 3472 4901">
     <span class='ocr_line' id='line_1_106' title="bbox 1896 4828 3472 4901; baseline 0.001 -18"><span class='ocrx_word' id='word_1_771' title='bbox 1896 4828 2212 4883; x_wconf 84' lang='lat' dir='ltr'><strong>cabulorum</strong></span> <span class='ocrx_word' id='word_1_772' title='bbox 2248 4829 2591 4885; x_wconf 86' lang='lat' dir='ltr'><strong>enucleatam</strong></span> <span class='ocrx_word' id='word_1_773' title='bbox 2629 4830 2903 4885; x_wconf 90' lang='lat' dir='ltr'><strong>notionem</strong></span> <span class='ocrx_word' id='word_1_774' title='bbox 2955 4830 3472 4901; x_wconf 87' lang='lat' dir='ltr'><strong>distinctionemque</strong></span> 
     </span>
    </p>
   </div>
   <div class='ocr_carea' id='block_1_107' title="bbox 1899 4919 3472 4991">
    <p class='ocr_par' dir='ltr' id='par_1_107' title="bbox 1899 4919 3472 4991">
     <span class='ocr_line' id='line_1_107' title="bbox 1899 4919 3472 4991; baseline 0.004 -17"><span class='ocrx_word' id='word_1_775' title='bbox 1899 4919 2298 4983; x_wconf 73' lang='lat' dir='ltr'><strong>exhiberemus,</strong></span> <span class='ocrx_word' id='word_1_776' title='bbox 2333 4920 2462 4974; x_wconf 87' lang='lat' dir='ltr'><strong>etin</strong></span> <span class='ocrx_word' id='word_1_777' title='bbox 2519 4936 2626 4991; x_wconf 83' lang='lat' dir='ltr'><strong>quo</strong></span> <span class='ocrx_word' id='word_1_778' title='bbox 2660 4922 2892 4977; x_wconf 88' lang='lat' dir='ltr'><strong>invicem</strong></span> <span class='ocrx_word' id='word_1_779' title='bbox 2939 4920 3211 4991; x_wconf 72' lang='lat' dir='ltr'><strong>differant,</strong></span> <span class='ocrx_word' id='word_1_780' title='bbox 3255 4932 3313 4980; x_wconf 91' lang='lat' dir='ltr'><strong>ut</strong></span> <span class='ocrx_word' id='word_1_781' title='bbox 3353 4925 3472 4980; x_wconf 74' lang='lat' dir='ltr'><strong>evi-</strong></span> 
     </span>
    </p>
   </div>
   <div class='ocr_carea' id='block_1_108' title="bbox 1902 5006 3470 5086">
    <p class='ocr_par' dir='ltr' id='par_1_108' title="bbox 1902 5006 3470 5086">
     <span class='ocr_line' id='line_1_108' title="bbox 1902 5006 3470 5086; baseline 0.006 -24"><span class='ocrx_word' id='word_1_782' title='bbox 1902 5006 2120 5063; x_wconf 88' lang='lat' dir='ltr'><strong>dentior</strong></span> <span class='ocrx_word' id='word_1_783' title='bbox 2171 5007 2384 5063; x_wconf 91' lang='lat' dir='ltr'><strong>illorum</strong></span> <span class='ocrx_word' id='word_1_784' title='bbox 2422 5008 2845 5082; x_wconf 74' lang='lat' dir='ltr'><strong>‘iuterpretatio</strong></span> <span class='ocrx_word' id='word_1_785' title='bbox 2891 5025 3197 5086; x_wconf 84' lang='lat' dir='ltr'><strong>sensusque</strong></span> <span class='ocrx_word' id='word_1_786' title='bbox 3264 5015 3470 5086; x_wconf 86' lang='lat' dir='ltr'><strong>ignar&#39;s</strong></span> 
     </span>
    </p>
   </div>
   <div class='ocr_carea' id='block_1_109' title="bbox 1900 5342 3468 5424">
    <p class='ocr_par' dir='ltr' id='par_1_109' title="bbox 1900 5342 3468 5424">
     <span class='ocr_line' id='line_1_109' title="bbox 1900 5342 3468 5424; baseline -0.004 -16"><span class='ocrx_word' id='word_1_787' title='bbox 1989 5343 2135 5424; x_wconf 55' lang='grc' dir='ltr'><strong>ἲξὲο)</strong></span> <span class='ocrx_word' id='word_1_788' title='bbox 2166 5343 2257 5424; x_wconf 60' lang='grc' dir='ltr'>Ίξῷ</span> <span class='ocrx_word' id='word_1_789' title='bbox 2293 5345 2563 5424; x_wconf 71' lang='grc' dir='ltr'>ἀγράπιῳ</span> <span class='ocrx_word' id='word_1_790' title='bbox 2593 5347 2686 5403; x_wconf 78' lang='grc' dir='ltr'><strong>καὶ</strong></span> <span class='ocrx_word' id='word_1_791' title='bbox 2729 5350 3158 5424; x_wconf 80' lang='grc' dir='ltr'>ἀπεριγράπτῳ.</span> <span class='ocrx_word' id='word_1_792' title='bbox 3213 5347 3468 5404; x_wconf 78' lang='lat' dir='ltr'><strong>Attamen</strong></span> 
     </span>
    </p>
   </div>
   <div class='ocr_carea' id='block_1_110' title="bbox 1902 5412 3469 5490">
    <p class='ocr_par' dir='ltr' id='par_1_110' title="bbox 1902 5412 3469 5490">
     <span class='ocr_line' id='line_1_110' title="bbox 1902 5412 3469 5490; baseline 0.002 -23"><span class='ocrx_word' id='word_1_793' title='bbox 1902 5415 1989 5468; x_wconf 84' lang='lat' dir='ltr'><strong>hic</strong></span> <span class='ocrx_word' id='word_1_794' title='bbox 2021 5412 2452 5490; x_wconf 54' lang='lat' dir='ltr'><strong>Nic&#39;epliorus&#39;atl</strong></span> <span class='ocrx_word' id='word_1_795' title='bbox 2489 5412 2638 5473; x_wconf 80' lang='lat' dir='ltr'><strong>illum</strong></span> <span class='ocrx_word' id='word_1_796' title='bbox 2672 5412 3138 5490; x_wconf 53' lang='lat' dir='ltr'><strong>priore&#39;tnulocutit</strong></span> <span class='ocrx_word' id='word_1_797' title='bbox 3187 5432 3469 5488; x_wconf 77' lang='lat' dir='ltr'><strong>provocat,</strong></span> 
     </span>
    </p>
   </div>
   <div class='ocr_carea' id='block_1_111' title="bbox 1899 5486 3472 5560">
    <p class='ocr_par' dir='ltr' id='par_1_111' title="bbox 1899 5486 3472 5560">
     <span class='ocr_line' id='line_1_111' title="bbox 1899 5486 3472 5560; baseline 0.005 -24"><span class='ocrx_word' id='word_1_798' title='bbox 1899 5498 2007 5553; x_wconf 84' lang='lat' dir='ltr'><strong>quo</strong></span> <span class='ocrx_word' id='word_1_799' title='bbox 2042 5486 2205 5560; x_wconf 68' lang='lat' dir='ltr'><strong>ﬁtm</strong></span> <span class='ocrx_word' id='word_1_800' title='bbox 2240 5486 2415 5560; x_wconf 14' lang='lat' dir='ltr'><strong>lectio,</strong></span> <span class='ocrx_word' id='word_1_801' title='bbox 2453 5486 2721 5560; x_wconf 71' lang='grc' dir='ltr'>γραπτός,</span> <span class='ocrx_word' id='word_1_802' title='bbox 2780 5492 2863 5547; x_wconf 81' lang='lat' dir='ltr'><strong>vel</strong></span> <span class='ocrx_word' id='word_1_803' title='bbox 2921 5486 3225 5560; x_wconf 77' lang='grc' dir='ltr'>ἀγραπτος,</span> <span class='ocrx_word' id='word_1_804' title='bbox 3278 5490 3472 5560; x_wconf 81' lang='lat' dir='ltr'><strong>eadem</strong></span> 
     </span>
    </p>
   </div>
   <div class='ocr_carea' id='block_1_112' title="bbox 1900 5556 3327 5631">
    <p class='ocr_par' dir='ltr' id='par_1_112' title="bbox 1900 5556 3327 5631">
     <span class='ocr_line' id='line_1_112' title="bbox 1900 5556 3327 5631; baseline 0.004 -23"><span class='ocrx_word' id='word_1_805' title='bbox 1900 5568 2020 5610; x_wconf 83' lang='lat' dir='ltr'><strong>esse</strong></span> <span class='ocrx_word' id='word_1_806' title='bbox 2050 5556 2244 5611; x_wconf 71' lang='lat' dir='ltr'><strong>debeat</strong></span> <span class='ocrx_word' id='word_1_807' title='bbox 2281 5556 2584 5630; x_wconf 79' lang='lat' dir='ltr'><strong>utrobique.</strong></span> <span class='ocrx_word' id='word_1_808' title='bbox 2618 5560 2832 5631; x_wconf 78' lang='lat' dir='ltr'><strong>Eligant</strong></span> <span class='ocrx_word' id='word_1_809' title='bbox 2876 5556 3011 5629; x_wconf 80' lang='lat' dir='ltr'><strong>ergo</strong></span> <span class='ocrx_word' id='word_1_810' title='bbox 3035 5557 3327 5629; x_wconf 77' lang='lat' dir='ltr'><strong>philologi.</strong></span> 
     </span>
    </p>
   </div>
  </div>
