3994 6198
459 246 570 310 355
1487 245 1545 306 S.
1581 241 2000 304 NICEPHORI
2039 239 2538 301 PATRIARCH/E
2575 227 2684 300 (ΣΡ.
3497 232 3516 250 ⁵
3594 236 3712 300 356

475 358 667 423 ﬁeret;
714 350 985 426 simulque
1011 353 1238 410 ridicula
1285 362 1338 409 et
1367 353 1608 414 stultitia?
1656 353 1810 420 plena
1848 353 2038 406 borum

2155 367 2238 422 ρον
2267 350 2483 414 ἰδόντες,
2515 349 2606 402 τὸν
2626 348 2782 418 λόγον
2807 347 3165 426 ποιησάμενοι
3192 363 3206 378 ·
3233 344 3624 416 ἑπηγγέλμεθα
3652 345 3716 399 δὲ

466 449 646 502 otatio
675 447 1165 502 demonstraretur.
1195 445 1488 514 Pr0pterea
1533 443 1773 496 breviter
1805 455 1946 495 nunc
1973 439 2040 495 de

2155 442 2244 512 τὴν
2282 440 2486 494 τούτων
2518 442 2868 511 παραστῆσαι
2903 419 2996 516 καῖ
3038 436 3377 508 διαρθρῶσαι
3423 436 3626 506 γνῶσίν
3653 453 3718 490 τε

466 539 552 592 bis
585 539 858 594 disserere
888 531 1266 606 tenipeStivnm
1291 532 1670 604 indicavimus.

2155 534 2240 587 καὶ
2277 533 2570 603 διάκρισιν,
2619 531 2715 584 καὶ
2751 531 2859 602 ὅτῳ
2898 531 3035 601 πρὸς
3081 530 3290 600 ἄλληλα
3334 530 3718 599 διαφέρουσιν,

463 633 542 696 ὡς
595 633 660 687 ἄν
718 633 1050 695 εὓκάτοπτος
1144 629 1324 684 αὐτῶν
1392 630 1426 697 ἡ
1507 627 1772 698 ἑρμηνεία
1807 628 1899 680 καὶ
1949 627 2280 698 διασάφησις
2335 629 2436 682 οὐκ
2523 627 2688 680 εἰδόσι
2737 626 2988 696 γένηται,
3043 625 3453 692 καταγέλαστος
3507 622 3563 675 δὲ
3618 622 3725 676 καὶ

465 725 830 786 ἀπαιδευσίας
875 724 1109 791 πλήρης,
1133 720 1240 773 τῶν
1263 721 1504 790 ἁ.οήτων
1567 721 1595 772 ό
1628 718 1782 786 λόγος
1840 717 2112 789 ὲκδειχθῇ.
2151 718 2337 791 Ταύτῃ
2369 734 2451 771 τοι
2506 716 2581 780 ὡς
2635 717 2694 768 ὲν
2747 716 2942 787 βραχεῖ
2989 715 3085 770 νῦν
3131 717 3264 786 περὶ
3309 714 3488 769 αὐτῶν
3529 713 3726 770 διαλα-

476 821 610 870 εείν.
645 817 901 886 εὔκαιρον
931 815 1334 887 ὑπειλήφαμεν.

541 909 631 962 Η..
665 907 798 974 Quis
830 911 972 959 enim
1004 905 1141 976 (89),
1169 907 1258 972 qui
1284 904 1676 974 aliquantulum
1717 903 1946 956 rationis
1966 901 2038 956 sit

2213 899 2302 970 ιβ’.
2331 898 2426 962 Τίς
2449 899 2558 970 γὰρ
2605 896 2714 950 τῶν
2744 896 2887 950 κατὰ
2917 896 3090 969 βραχὺ
3127 896 3290 964 λόγου
3333 897 3727 972 μετασχόντων

471 1002 770 1071 particeps,
802 1015 905 1052 non
942 999 1210 1067 intelligat
1241 998 1388 1052 aliud
1424 1012 1544 1052 esse
1570 996 1865 1064 picturam,
1893 993 2038 1048 aliud

2155 993 2242 1046 26x
2285 992 2612 1061 ἐννοήσειεν,
2662 989 2746 1042 ὅτι
2783 987 2912 1042 ἄλλο
2959 989 3061 1058 μὲν
3107 989 3224 1040 ἐστι
3283 987 3492 1060 γραφὴ,
3531 988 3726 1058 ἕτερον

469 1082 1075 1157 circumscriptionem?
1111 1087 1327 1140 Pictura
1368 1087 1537 1150 enim,
1577 1094 1634 1138 ut
1669 1100 1704 1162 ει
1745 1082 2042 1152 simplicio-

2155 1083 2196 1135 5ὲ
2234 1081 2551 1153 περιγραφή
2575 1098 2589 1146 ;
2645 1079 2837 1150 Γραφὴ
2881 1081 2981 1150 μὲν
3006 1080 3139 1150 γὰρ.
3165 1079 3255 1134 ῐνα
3282 1081 3346 1134 ὲκ
3376 1083 3486 1134 τῶν
3508 1085 3727 1137 ἁπλουο

471 1182 626 1235 ribus
679 1181 1038 1247 incipiamus,
1066 1179 1356 1246 dupliciter
1396 1177 1636 1241 dicitur;
1673 1175 1843 1228 altera
1895 1173 2040 1227 enim

2155 1173 2352 1244 népwv
2376 1171 2695 1242 ἀρξώμεθα,
2723 1170 2919 1234 διττῶς
2952 1171 3172 1240 λέγεται
3200 1185 3217 1200 ·
3255 1173 3289 1242 ή
3331 1171 3434 1241 μὲν
3463 1175 3572 1242 γὰρ
3606 1175 3728 1236 τοῖς

471 1271 888 1325 rltaractcribus
923 1273 1113 1323 horum
1145 1269 1538 1322 elementorum
1571 1267 1714 1322 serie
1763 1276 1817 1318 et
1850 1264 2042 1318 ordine

2155 1264 2524 1334 χαρακτῆρσιν
2570 1261 2805 1316 τουτωνὶ
2834 1259 2945 1313 τῶν
2971 1261 3258 1330 στοιχείων
3306 1265 3365 1315 ἐν
3407 1263 3590 1334 εἱρμῷ
3617 1267 3720 1317 καὶ

471 1366 704 1430 signata,
748 1373 803 1416 et
852 1361 1158 1432 syllabatim
1227 1359 1548 1428 procedens,
1598 1373 1628 1410 ει
1679 1355 2040 1426 scriptoribus

2155 1354 2296 1421 τάξει
2325 1354 2738 1424 χαρασσομένη,
2775 1353 2870 1404 καὶ
2919 1351 3264 1414 συλλαϐικῶς
3303 1352 3574 1419 προϊοῦσα
3629 1353 3724 1407 διὰ

473 1454 846 1524 expromitur;
888 1453 1064 1506 altera
1097 1465 1227 1504 vero
1255 1463 1350 1518 per
1379 1447 1765 1502 similitudines
1806 1445 1873 1498 ad
1917 1443 2044 1498 imi-

2155 1445 2253 1498 τῶν
2315 1443 2844 1514 λογογραφουμένων
2892 1441 3190 1513 ἐκφέρεται
3223 1455 3238 1470 ’
3285 1443 3318 1512 ὴ
3374 1443 3434 1496 δὲ
3470 1443 3556 1496 διὰ
3608 1443 3725 1496 τῶν

454 1547 744 1599 stationem
803 1542 1134 1610 exemplaris
1183 1539 1452 1593 formatur
1479 1552 1542 1590 ac
1581 1537 1864 1606 ﬁguratur,
1893 1543 1950 1587 ut
1985 1532 2040 1586 in

2155 1535 2508 1606 ὁμοιωμάτων
2541 1535 2773 1604 μιμήσει
2815 1535 2881 1604 τῇ
2919 1533 3058 1602 πρὸς
3079 1533 3140 1586 τὸ
3175 1535 3530 1604 παράδειγμα
3575 1535 3726 1587 είδο-

473 1650 537 1688 ea
571 1636 780 1702 pictura
829 1634 908 1696 ﬁt,
955 1647 1074 1700 qua:
1123 1644 1264 1682 nunc
1306 1629 1360 1681 in
1405 1627 1700 1696 quaestione
1733 1623 1902 1692 posita
1933 1632 2037 1676 est.

2155 1628 2439 1696 ποιουμένη
2499 1625 2594 1676 καὶ⁹
2643 1623 2985 1694 τυπουμένη,
3033 1622 3109 1686 ὡς
3147 1623 3242 1674 ἐπὶ
3292 1622 3393 1692 τῆς
3449 1624 3590 1693 ἡμῖν
3641 1624 3728 1686 είς

473 1728 650 1792 Atque
687 1723 774 1776 illa
803 1722 1020 1792 quidem
1055 1736 1152 1788 per
1175 1735 1356 1781 voces,
1391 1733 1510 1785 quae
1549 1715 1917 1784 proferuntur,
1951 1727 2043 1780 pa-

475 1813 664 1868 tefacit
715 1828 775 1867 ea
807 1825 928 1880 quae
973 1824 1254 1864 sermones
1285 1806 1522 1862 contexti
1581 1804 1831 1857 nuntiant
1880 1820 1894 1857 :
1933 1805 2042 1856 haec

475 1914 608 1952 vero
662 1912 1016 1966 personarum
1067 1896 1166 1948 sibi
1209 1895 1276 1948 ad
1317 1893 1594 1962 exemplar
1649 1892 2040 1960 propositarum

477 1989 836 2042 imitationem
860 2001 954 2056 per
973 1993 1424 2055 repraesentantes
1445 1983 1656 2036 colores
1671 1981 1911 2035 exhibet.
1928 1978 2046 2033 Cae-

482 2081 694 2150 teroqui
741 2080 884 2134 haud
914 2093 1050 2146 Opus
1079 2087 1162 2132 est
1211 2090 1354 2130 nunc
1403 2073 1772 2136 considerare,
1827 2087 1894 2124 an
1948 2070 2046 2124 ali-

483 2175 702 2240 quando
723 2171 902 2239 imago
917 2167 1274 2237 quarumdam
1295 2165 1592 2220 formarum
1613 2175 1665 2216 et
1685 2159 2048 2232 [ετυιιιέμφα-

476 2279 564 2316 σιν
597 2262 808 2316 aﬂ'erat.
846 2259 1090 2314 Plctores
1137 2266 1316 2312 autem
1362 2253 1600 2324 utrique,
1644 2253 1736 2321 qui
1794 2253 1908 2306 hac
1965 2253 2046 2304 l'a-

479 2355 654 2415 ciunt.
694 2350 1090 2406 consuetudine
1155 2350 1236 2402 sic
1285 2345 1541 2415 loquendi
1595 2352 1859 2397 vocantur
1910 2339 2046 2411 (90),

480 2446 572 2513 qui
607 2443 816 2498 scilicet
869 2455 1180 2496 sermonem
1231 2437 1511 2500 describit,
1549 2444 1609 2490 ct
1647 2435 1738 2503 qui
1765 2433 2045 2487 scientiam

2145 1716 2371 1787 ζήτησιν
2412 1715 2784 1786 προκειμένης
2835 1713 3135 1767 δείκνυται.
3193 1711 3304 1764 Καὶ
3353 1714 3386 1782 ή
3441 1712 3542 1782 μὲν
3608 1712 3724 1767 τῶν

2145 1806 2540 1877 συνειρομένων
2564 1807 2738 1874 λόγων
2756 1806 2818 1860 τὸ
2842 1804 3252 1872 ἀπαγγελτικδν
3278 1805 3366 1858 διὰ
3397 1805 3507 1860 τῶν
3537 1807 3726 1874 ἐκφω-

2143 1897 2422 1968 νουμένων
2464 1895 2827 1966 παρίστησιν·
2877 1899 2912 1966 ἡ
2942 1893 3002 1948 δὲ
3035 1893 3144 1947 τῶν
3194 1894 3724 1966 παραδεδειγμένων

2143 1983 2450 2056 προσώπων
2504 1985 2565 2036 τὸ
2615 1984 2936 2056 μιμητικὸν,
2971 1983 3062 2036 διὰ
3119 1981 3229 2035 τῶν
3286 1983 3720 2053 ἐμφαινομένων

2144 2074 2544 2128 ὑποδείκνυσιν.
2584 2075 2799 2138 ’Δλλως
2850 2073 2932 2142 δὲ,
2965 2074 3130 2144 εἴπερ
3183 2073 3344 2126 εἰδῶν
3381 2090 3544 2128 τινων
3607 2072 3724 2126 ἔσθ’

2143 2167 2230 2220 ὅτε
2255 2165 2350 2220 καὶ
2367 2165 2710 2236 πραγμάτων
2735 2165 2979 2237 ἔμφασιν
3012 2165 3278 2236 είσφέρει,
3298 2165 3400 2219 οὐκ
3421 2167 3724 2235 ἀναγκαῖιν

2145 2259 2204 2309 ὲν
2237 2256 2315 2326 τῷ
2345 2257 2572 2326 παρόντι
2602 2257 3038 2311 διασκοπεῖσθαι.
3062 2258 3302 2330 Γραφεῖς
3331 2256 3507 2310 δὲκαὶ
3532 2259 3720 2328 ἀμφό-

2147 2364 2294 2418 τεροι
2327 2349 2376 2399 oi
2401 2347 2575 2400 ταῦτα
2612 2348 2887 2418 μετιόντες
2915 2365 2976 2401 τε
3005 2348 3100 2401 καὶ
3125 2347 3542 2411 ἀποτελοῦντες,
3579 2347 3724 2402 κατὰ

2145 2439 2247 2508 τὴν
2272 2431 2372 2492 ὧδε
2395 2437 2684 2490 καλοῦνται
2713 2438 3025 2510 συνήθειαν,
3045 2439 3074 2492 δ
3095 2455 3154 2492 τε
3179 2437 3271 2491 τὸν
3297 2437 3456 2508 λόγον
3479 2438 3725 2511 ὑπογρά-

481 2535 734 2606 pingendi
770 2543 1098 2588 consecutus
1145 2529 1252 2599 77
1296 2537 1402 2583 est.
1435 2527 1589 2593 Quod
1643 2525 1789 2580 enim
1838 2531 2050 2577 veteres

2155 2545 2285 2598 φων,
2334 2529 2427 2581 καὶ
2473 2529 2502 2580 ὁ
2538 2529 2640 2597 τῆς
2677 2529 3038 2600 ζωγραφικῆς
3091 2530 3406 2600 ἐπιστήμης
3453 2529 3721 2600 είδήμων.

481 2627 693 2700 γράψαι
739 2625 1016 2688 dicebant,
1057 2637 1154 2691 pro
1181 2635 1248 2675 eo
1297 2621 1440 2688 quod
1486 2629 1571 2672 est
1608 2617 1855 2684 scalpere
1911 2613 2046 2684 (9t),

2155 2622 2224 2674 Τὸ
2259 2620 2368 2691 γὰρ
2395 2621 2489 2672 ἐπὶ
2518 2620 2612 2672 τοῦ
2640 2619 2798 2684 ξύσαι
2821 2621 2975 2691 παρὰ
3005 2625 3118 2686 τοῖς
3134 2621 3388 2684 παλαιοῖς
3425 2621 3726 2691 λεγόμενον

485 2734 592 2772 non
640 2717 798 2786 longe
839 2715 994 2770 abest
1023 2729 1051 2766 a
1077 2710 1473 2781 signiﬁcatione
1504 2710 1692 2762 borum
1726 2708 1788 2773 (i.
1831 2719 1882 2760 e.
1915 2703 2050 2759 scri-

2155 2709 2394 2780 γράψαι,
2443 2711 2504 2762 οὐ
2543 2709 2734 2782 πόρρω
2761 2711 2860 2781 τῆς
2913 2709 3120 2764 τούτων
3155 2712 3365 2774 ἑννοίας
3411 2709 3723 2781 διῴκισται.

485 2809 643 2864 bendi
681 2818 735 2861 ct
784 2804 1088 2877 pingendi).
1121 2801 1572 2870 Circumscriptio
1620 2809 1822 2862 autem,
1877 2797 2049 2860 aiunt,

2155 2801 2474 2871 Περιγραφὴ
2524 2800 2600 2863 δὲ.
2636 2801 2792 2869 φασὶ,
2845 2801 3059 2864 τούτοις
3106 2803 3548 2874 ἀποτελεῖταιοῆ
3617 2803 3726 2874 γὰρ

487 2898 572 2952 bis
628 2896 888 2958 elIicitur;
954 2893 1156 2948 etenim
1213 2890 1728 2957 circumscriptum,
1788 2893 1882 2939 aut
1933 2885 2050 2939 loco

2155 2891 2302 2961 τόπῳ
2355 2891 2758 2962 περιγράφεται
2815 2892 2878 2944 τὸ
2935 2893 3440 2964 περιγραφόμενον,
3484 2894 3730 2965 ἢχρόνῳ

484 2982 975 3046 circumscribitur,
995 2989 1104 3054 aut
1138 2988 1400 3049 tempore,
1431 2988 1525 3031 aut
1552 2973 1920 3038 inchoatione,
1947 2980 2040 3024 aut

2155 2983 2247 3036 καὶ
2275 2980 2352 3052 τῷ
2381 2978 2602 3052 ἦρχθαι,
2635 2983 2667 3052 ἢ
2699 2983 3036 3054 καταλήψειο
3074 2985 3226 3052 τόπῳ
3260 2987 3380 3056 μὲν,
3407 2986 3483 3050 ὡς
3511 2986 3584 3038 τὰ
3622 2987 3728 3039 σώ-

485 3074 973 3144 comprebensione
1021 3071 1192 3127 :Ioco
1238 3069 1479 3140 quidem,
1527 3075 1588 3121 ut
1639 3079 1898 3134 corpora;
1936 3063 2053 3118 loco

486 3166 631 3220 enim
683 3165 1053 3227 continentur,
1117 3161 1386 3231 siquidem
1447 3159 1600 3212 locus
1652 3166 1736 3210 est
1790 3155 2054 3208 terminus

485 3256 756 3322 contenti,
809 3264 1082 3324 quatenus
1116 3261 1434 3314 contentum
1481 3249 1768 3302 continet:
1814 3257 2055 3314 tempore

491 3355 674 3400 autem
713 3357 770 3398 et
829 3345 1180 3400 inchoatione
1246 3341 1375 3396 illud
1425 3337 1895 3406 cireutttscriptuin
1951 3345 2052 3400 est,

487 3437 636 3503 quod
668 3451 696 3486 a
733 3444 977 3503 tempore
1002 3447 1124 3487 esse
1151 3431 1338 3499 coepit,
1385 3432 1528 3484 sicut
1565 3423 1740 3496 angeli
1780 3433 1834 3477 et
1863 3423 2055 3476 animm

487 3525 864 3579 circumscribi
897 3525 1160 3579 dicuntur
1190 3539 1204 3575 :
1230 3519 1586 3590 corporaliter
1607 3519 1752 3572 enim
1788 3531 1894 3570 non
1921 3531 2054 3570 con-

493 3620 735 3671 tinentur
769 3617 887 3670 loco
937 3615 1141 3684 angeli,
1178 3612 1306 3682 quia
1330 3615 1505 3666 forma
1539 3611 1819 3680 ﬁguraque
1842 3619 2051 3674 carent,

486 3719 786 3778 operantur
805 3717 984 3761 autem
1037 3707 1088 3760 in
1114 3706 1232 3759 loco
1256 3702 1554 3758 secundum
1585 3712 1835 3756 naturam
1877 3715 2052 3764 suam,

489 3798 616 3870 quia
647 3797 844 3850 adsunt
865 3796 934 3849 ibi
961 3796 1304 3866 spiritaliter,
1329 3805 1517 3864 utpote
1538 3793 1834 3861 spiritales,
1867 3801 1924 3846 et
1944 3806 2048 3846 non

487 3895 618 3940 sunt.
645 3885 794 3948 alibi,
842 3886 935 3938 sed
981 3885 1093 3954 illic
1143 3893 1201 3936 nt
1264 3892 1472 3937 mentes
1513 3883 2052 3936 circumscribuntur.

489 3973 675 4029 Potest
690 3974 853 4028 etiam
880 3975 985 4028 dici
1009 3987 1106 4028 eos
1131 3989 1158 4026 a
1181 3983 1431 4028 creatore
1451 3987 1574 4027 esse
1592 3971 2053 4042 ci-rcutnscriptos.

489 4064 762 4134 Tempore
791 4065 952 4120 etiam
982 4065 1398 4134 circumscripta
1431 4073 1558 4118 sunt
1585 4078 1690 4118 non
1732 4063 1908 4118 solum
1936 4079 2056 4134 qua

487 4169 612 4209 esse
633 4165 942 4224 ceperunt,
967 4155 1062 4211 sed
1093 4169 1212 4224 quae
1236 4155 1398 4210 linem
1428 4155 1630 4210 habent
1650 4161 1705 4208 et
1729 4163 2050 4220 extremum,

487 4244 792 4312 cuiusmodi
826 4255 912 4300 est
942 4246 1052 4300 vita
1087 4257 1295 4310 nostra,
1347 4259 1467 4313 quae
1503 4245 1613 4298 imo
1641 4243 2054 4314 circumscripta

491 4351 824 4410 tnaguopere
857 4345 943 4390 est
995 4347 1049 4391 et
1095 4337 1382 4391 terminata
1417 4353 1431 4390 :
1489 4336 1858 4405 unusquisque
1902 4335 2044 4390 enim

422 4430 430 4438 '
495 4436 672 4478 morte
703 4424 860 4478 tinem
887 4423 1008 4478 vita:
1045 4425 1272 4494 accipit;
1302 4433 1356 4479 et
1381 4424 1540 4491 hujus
1565 4423 1746 4479 mundi
1779 4424 1900 4480 ﬁnis
1920 4438 2051 4479 con-

494 4514 785 4568 sunnnatio
813 4524 917 4578 est,
945 4528 1054 4584 qua
1106 4515 1338 4569 mundus
1375 4514 1632 4572 videlicet
1665 4515 1716 4570 in
1746 4515 1907 4570 aliam
1939 4516 2051 4571 for-

492 4619 638 4656 mam
684 4603 1004 4658 mutabitur.
1052 4603 1532 4674 Circumscriptum
1579 4614 1760 4661 autem
1809 4621 2055 4675 compre-

496 4693 753 4748 hensione
769 4703 876 4760 cst,
891 4695 1032 4762 quod
1051 4702 1232 4748 mente
1247 4702 1301 4747 et
1319 4693 1535 4748 notione
1546 4697 2020 4764 comprehenditur
2039 4715 2053 4750 :

494 4797 622 4838 nam
683 4786 1213 4857 circumscriptionis
1247 4801 1418 4856 genus
1446 4787 1647 4842 dicitur
1694 4789 1858 4842 etiam
1907 4803 2058 4844 com-

565 4951 678 5021 (89)
727 4953 1022 5026 Sequentia
1082 4957 1187 5011 duo
1235 4954 1472 5026 capitula
1513 4956 1599 5010 12
1647 4965 1702 5010 et
1747 4957 1943 5026 partim
1986 4957 2051 5012 l5

491 5023 766 5093 (υκαι-ηιςῇ
806 5027 935 5077 olim
977 5041 1098 5078 cum
1138 5023 1318 5093 aliqua
1358 5027 1622 5080 varietate
1649 5041 1716 5079 ex
1748 5023 1868 5079 'tns.
1900 5026 2055 5081 Nice-

493 5095 668 5159 pitoro
700 5091 1021 5161 Tui-riauus,
1042 5091 1363 5162 exstantque
1390 5096 1581 5151 Latine
1605 5096 1745 5162 apud
1773 5094 2053 5149 Canisinm

493 5163 582 5213 od.
621 5170 673 5214 et
709 5173 838 5214 tom.
867 5163 962 5214 cit.
1011 5180 1066 5232 p.
1117 5164 1178 5218 t6
1221 5175 1276 5217 et
1330 5165 1418 5219 l7.
1468 5164 1837 5232 Caeteroquin,
1893 5176 1951 5218 ιιι
1988 5181 2055 5219 ex

492 5233 928 5300 prmi-edentibus
985 5247 1316 5300 Cognoscere
1370 5249 1475 5288 non
1530 5234 1695 5288 semel
1739 5234 1910 5298 licuit,
1967 5249 2056 5288 res

492 5316 746 5368 perversa
781 5302 834 5354 iu
865 5303 948 5355 bis
973 5300 1222 5356 Turriatti
1254 5305 1544 5370 excerptis.
1589 5305 1714 5357 dum
1768 5317 1796 5356 ιι
1835 5303 2053 5358 Canisio

491 5373 804 5434 ederentur,
855 5373 1076 5426 accidit.
1125 5371 1257 5426 Nam
1295 5387 1419 5427 cum
1469 5372 1771 5428 Turs-ianus
1823 5373 2052 5428 schedas

490 5455 618 5511 suas
645 5440 956 5504 dissolutas,
991 5443 1220 5511 ideoque
1251 5442 1406 5498 facile
1439 5443 1872 5504 confundendas.
1925 5443 2048 5498 reli-

490 5509 718 5576 quisset.
744 5511 992 5565 Canisius
1018 5526 1112 5565 cas
1132 5509 1139 5511 ἡ
1159 5513 1358 5580 passim
1398 5513 1760 5580 perturbavit,
1795 5513 2048 5580 nulloque

493 5591 615 5631 cum
643 5581 852 5646 ordine,
881 5585 1075 5638 nedum
1108 5598 1271 5652 nexu,
1306 5583 1462 5638 nobis
1494 5583 1724 5649 obtulit;
1757 5597 1880 5652 qua:
1910 5596 2050 5636 nunc

2158 3086 2334 3142 ματα’
2366 3071 2518 3142 τόπῳ
2543 3071 2652 3142 γὰρ
2692 3071 3086 3142 περιείργεται,
3115 3070 3170 3124 εἴ
3190 3089 3252 3141 γε
3281 3072 3446 3136 τόπος
3482 3074 3609 3126 ἐστὶ
3635 3073 3728 3125 πέ-

2159 3179 2258 3232 ρας
2312 3160 2408 3216 τοῦ
2459 3164 2870 3234 περιεχομένου,
2922 3163 3058 3216 καθὸ
3089 3164 3336 3232 περιέχει
3385 3164 3444 3216 τὸ
3474 3163 3729 3236 περιεχό-

2159 3269 2320 3323 μενον
2344 3269 2358 3282 ·
2400 3253 2578 3323 χρόνῳ
2609 3253 2666 3306 δὲ
2695 3253 2889 3324 καὶτῷ
2919 3248 3122 3324 ἦρχθαι
3156 3257 3536 3326 περιγραπτόν
3573 3261 3724 3310 ἐστιν

2153 3345 2182 3398 ὃ
2215 3346 2288 3416 μὴ
2313 3346 2576 3417 πρότερον
2603 3344 2684 3410 ὃν,
2713 3345 2822 3400 ἀπὸ
2851 3349 3043 3416 χρόνου
3074 3347 3168 3400 καὶ
3193 3345 3288 3399 τοῦ
3322 3343 3462 3400 εἶναι
3495 3349 3724 3420 ἤρξατο⁹

2156 3435 2278 3491 καθ’
2306 3437 2342 3490 ἃ
2370 3439 2463 3490 καὶ
2487 3437 2752 3504 ἀγγέλους
2781 3435 2875 3489 καὶ
2895 3437 3074 3506 ψυχὰς
3105 3437 3552 3508 περιγράφεσθαι
3574 3439 3730 3506 λέγε-

2153 3543 2244 3578 ται
2270 3541 2284 3554 ·
2319 3523 2647 3593 σωματικῶς
2685 3524 2786 3593 μὲν
2815 3523 2921 3593 γὰρ
2943 3523 3166 3592 ἄγγελοι
3197 3525 3256 3576 ὲν
3286 3524 3440 3592 τόπῳ
3459 3525 3521 3576 οὐ
3571 3541 3729 3594 περι-

2155 3615 2394 3684 έχονται,
2419 3613 2497 3682 τῷ
2523 3613 2598 3682 μὴ
2619 3611 2920 3666 τυποῦσθαι
2948 3614 3043 3666 καὶ
3069 3611 3539 3684 σχηματίζεσθαιο
3575 3599 3730 3681 ὲῧερ-

2155 3705 2314 3774 γοῦσι
2336 3704 2392 3756 δὲ
2425 3705 2484 3756 ὲν
2509 3705 2658 3772 τόπῳ
2681 3705 2823 3759 κατὰ
2846 3703 2944 3775 τὴν
2973 3705 3184 3758 οἰκείαν
3212 3703 3395 3773 φύσιν,
3424 3703 3504 3774 τῷ
3529 3705 3727 3774 παρεῖ-

2155 3812 2244 3848 ναι
2277 3795 2483 3864 νοητῶς
2514 3795 2691 3864 νοεροί
2721 3810 2786 3863 γε
2832 3793 3006 3860 ὄντες,
3036 3795 3132 3849 καὶ
3174 3796 3251 3866 μὴ
3284 3792 3426 3848 εἶναι
3467 3796 3722 3868 ἑτέρωθι,

2156 3884 2268 3938 ἀλλ’
2307 3886 2486 3936 ἐκεῖσε
2522 3883 2730 3954 νοητῶς
2773 3884 3237 3955 περιγράφεσθαι.
3270 3885 3428 3938 Elin-0t
3452 3884 3499 3938 δ’
3544 3886 3615 3939 ἄν
3643 3902 3726 3947 τις

2155 3972 2250 4027 καὶ
2283 3973 2387 4026 ὑπὸ
2433 3972 2528 4026 τοῦ
2559 3972 2860 4036 Κτίσαντος
2886 3973 3088 4036 αὐτοὺς
3133 3973 3564 4044 περιορίςεσθαι.
3607 3976 3726 4027 Ἔτι

2154 4063 2209 4116 δὲ
2244 4063 2336 4116 καὶ
2361 4063 2430 4116 τὰ
2449 4063 2625 4134 χρόνῳ
2647 4063 2748 4116 οὐκ
2766 4063 3018 4133 ήργμένα
3053 4063 3232 4134 μόνον,
3262 4063 3400 4116 ἀλλὰ
3425 4065 3520 4118 καὶ
3552 4082 3730 4133 περα-

2153 4152 2390 4221 τούμενα
2447 4152 2539 4204 καὶ
2595 4151 2882 4221 ὁριζόμενα
2916 4167 2931 4183 °
2979 4144 3056 4206 ὧν
3093 4153 3246 4205 ἐστιν
3298 4153 3332 4222 ή
3392 4152 3516 4206 καθ’
3580 4155 3726 4224 ήμᾶς

2160 4243 2430 4314 παριοῦσα
2457 4242 2591 4312 ζωὴ,
2626 4243 2826 4314 μᾶλλον
2850 4244 2908 4298 δὲ
2937 4243 3380 4316 εὐπερίγραπτος
3417 4247 3512 4300 καὶ
3551 4261 3724 4298 πεπεο

2171 4334 2424 4404 ρασμένη
2448 4349 2464 4364 ο
2498 4333 2714 4404 θανάτῳ
2741 4335 2850 4404 γὰρ
2879 4334 3107 4400 ἕκαστος
3138 4336 3294 4406 ἡμῶν
3336 4337 3396 4389 τὸ
3432 4337 3611 4408 τέρμα
3636 4334 3724 4389 τοῦ

2160 4423 2277 4492 βίου
2304 4423 2538 4493 δέχεται,
2582 4425 2678 4477 καὶ
2701 4424 2852 4478 τοῦδε
2894 4424 2990 4478 τοῦ
3028 4425 3232 4490 παντὸς
3266 4425 3328 4480 τδ
3357 4426 3532 4496 πέρας
3565 4426 3662 4478 καὶ
3691 4426 3724 4494 ή

2162 4515 2468 4579 συντέλεια,
2513 4515 2635 4570 καθ’
2667 4517 2735 4588 ήν
2785 4516 3363 4590 μεταστοιχειούμενον
3399 4517 3724 4590 διαμειφθή-

2163 4625 2333 4661 σεται.
2369 4608 2480 4662 Καὶ
2506 4608 2804 4680 καταλήψει
2834 4609 2892 4663 δὲ
2939 4610 3317 4680 περιγραπτόν
3357 4611 3526 4673 ἐστιν,
3556 4609 3586 4660 ὃ
3613 4610 3723 4660 δια·

2163 4699 2282 4768 νοξᾳ
2317 4699 2411 4752 καὶ
2449 4700 2648 4768 γνώσει
2676 4698 3154 4770 καταλαμϐάνεται
3181 4716 3196 4730 ·
3226 4700 3285 4753 ὃν
3317 4702 3423 4773 γὰρ
3469 4714 3723 4772 περιγραο

2164 4789 2274 4858 φῆς
2309 4787 2449 4852 εἶδος
2493 4789 2732 4859 λέγεται,
2788 4790 2940 4860 καὶὴ
2996 4789 3324 4861 κατάληψις,
3378 4790 3502 4844 καθ’
3539 4791 3605 4862 ἢν
3633 4789 3723 4843 καὶ

2151 4957 2366 5013 domum
2406 4959 2461 5014 in
2509 4961 2720 5032 integra
2767 4961 3008 5019 editione
3063 4972 3248 5020 nostra
3313 4963 3498 5020 sedem
3569 4977 3719 5018 suam

2151 5039 2499 5093 recuperarit.

2193 5096 2334 5177 .(90)
2366 5097 2480 5153 Hoc
2509 5099 2660 5177 valet_
2689 5103 2742 5156 itt
2797 5101 2984 5174 lingua
3015 5101 3200 5158 Graeca
3256 5102 3346 5157 ubi
3390 5101 3638 5174 γραφεὺς
3666 5108 3722 5156 et

2151 5171 2328 5238 pictor
2356 5179 2440 5238 est
2473 5178 2528 5222 et
2556 5171 2800 5238 scriptor.

2227 5235 2339 5308 (91)
2380 5235 2720 5292 Scltoliastes
2769 5256 2873 5296 tus.
2906 5241 2972 5297 ad
3003 5240 3249 5297 Juvenal.
3284 5257 3374 5306 vt,
3418 5239 3561 5308 204},
3602 5253 3720 5294 voc.

2154 5307 2356 5375 scripto
2383 5322 2537 5373 auro,
2588 5318 2648 5362 tit
2687 5311 2844 5365 retuli
2898 5312 2948 5364 in
3000 5313 3280 5366 Glossario
3315 5327 3455 5375 meo,
3485 5307 3566 5363 sit:
3594 5311 3671 5362 ait
3701 5325 3717 5362 :

2159 5373 2396 5450 Scribere
2421 5386 2478 5430 et
2507 5379 2744 5450 scalpro
2771 5381 2910 5450 apud
2937 5380 3158 5437 Graues
3191 5395 3282 5450 per
3312 5373 3473 5434 unum
3506 5378 3718 5433 verbum

2160 5445 2522 5519 resolvantur,
2558 5445 2726 5519 idest
2769 5445 2968 5519 γράφω
2994 5467 3008 5482 ·
3043 5445 3386 5518 ιιιιιιέροοιω
3421 5465 3585 5503 unum
3625 5462 3719 5516 pro

2157 5514 2337 5590 altero
2362 5529 2563 5583 ponere
2594 5514 2842 5572 solent.)
2877 5514 3018 5575 Sunt
3050 5514 3232 5575 autem
3265 5520 3440 5590 scalpe
3466 5527 3521 5575 et
3542 5514 3718 5586 scalpe

2159 5583 2434 5639 interdum
2460 5600 2628 5658 prope
2661 5603 2986 5658 synOttytna.
