3952 6202
223 233 300 298 357
873 221 1506 284 ANTIRRHETICUS
1555 221 1616 282 Π
1663 222 1832 283 ADV.
1873 221 2473 284 CONSTANTINUM
2511 221 2722 284 corn.
3085 206 3096 216 ’
3313 225 3419 288 358

219 339 401 409 ἄγγελοι
423 333 658 405 ἀλλήλων
685 331 871 397 ποσῶς
892 332 995 403 τὴν
1012 333 1177 400 φύσιν
1196 331 1400 384 ἴσασιν·
1433 330 1574 383 ὥστε
1603 325 1740 382 εἶναι
1772 365 1780 391 λ

1856 329 2158 397 prehensio,
2193 345 2296 400 qua
2327 330 2503 400 angeli
2539 341 2790 385 naturam
2823 345 2976 384 suam
3031 312 3172 384 inter
3225 348 3280 384 se
3311 337 3417 390 ali-

221 434 299 503 τὴν
313 426 650 500 περιγραφὴν,
676 423 1000 496 περίσχεσιν
1027 424 1121 477 καί
1143 423 1270 493 ὅρον
1289 421 1383 476 τοῦ
1409 423 1742 492 ἐμπεριεχοο

1856 431 2102 488 ιυεηιιιιιιι
2150 433 2486 490 cognoscunt
2538 437 2554 475 :
2605 424 2678 476 ita
2734 430 2794 476 ut
2843 421 3280 491 circumscriptio
3344 429 3417 481 sit

219 523 348 594 μένου
374 519 462 574 καὶ
486 514 876 588 ὀριζομένου,ἤ
905 517 1332 585 ἀποπερᾶτωσιν
1347 511 1441 565 τοῦ
1465 512 1739 582 ὴργμένου

1850 513 2286 580 comprehensio,
2334 525 2388 566 et
2418 513 2574 567 limes
2619 515 2996 582 comprehensi
3049 530 3114 568 ac
3173 515 3411 582 limitati,

219 614 293 666 καί
341 607 664 679 κινουμένου,
707 607 742 668 ἢ
794 604 1102 674 κατάληψιν
1151 601 1247 656 τοῦ
1302 603 1600 672 νοουμένου
1647 603 1743 656 καὶ

1856 601 1926 654 rel
1967 605 2279 658 terminatio
2331 605 2494 674 coepti
2547 614 2602 659 et
2656 607 2810 672 moti,
2871 606 2956 660 vel
3006 607 3417 674 comprehensio

223 697 590 770 γινωσκομένου.
669 693 734 748 ⁸0
772 693 827 747 δὲ
896 693 1086 764 μηδενὶ
1149 691 1358 746 τούτων
1403 692 1739 764 περιέχεται,

1854 691 2108 747 intellecti
2130 701 2181 748 et
2206 696 2430 763 cogniti.
2459 697 2608 761 Quod
2639 705 2820 751 autem
2853 697 3004 750 nullo
3026 713 3088 751 ex
3125 697 3210 750 his
3241 698 3415 750 tnodis

215 787 580 861 ἁπερίγραπτόν
611 787 783 839 ἐστιν.
839 785 902 837 'O
935 783 1172 854 Χριστὸς
1209 785 1390 836 τοίνυν
1443 785 1558 845 τοῖς
1587 784 1740 854 εἰρη-

1854 786 2178 848 continetur,
2222 786 2754 854 incircumscriptum
2830 799 2934 842 est.
2967 787 3218 842 Christus
3251 789 3415 857 igitur

215 878 362 950 μένοις
390 875 592 936 τούτοις
619 873 979 946 ἀνθρωπίνως
1003 873 1450 944 περιγέγραπται
1475 871 1696 942 τρόποις
1723 889 1738 902 ·

1894 877 2158 943 njnsmodi
2181 877 2293 945 jam
2325 877 2486 934 dictis
2521 879 2696 932 modis
2726 878 3038 932 humanitus
3069 879 3414 934 cireumscd-
3448 863 3455 868 ’

213 967 367 1038 ἐπειδὴ
396 967 499 1037 γὰρ
533 966 692 1036 σῶμα
721 965 1028 1036 πεφόρεκεν
1058 963 1279 1034 ἀληθῶς
1325 963 1387 1016 τὸ
1417 963 1540 1017 καθ’
1571 965 1736 1032 ἡμᾶς,

1848 979 1966 1038 plus
2010 974 2114 1022 est.
2162 966 2294 1020 Nam
2341 969 2467 1036 quia
2516 982 2713 1036 corpus
2753 983 2898 1032 rere,
2947 971 3088 1023 sicut
3137 985 3256 1034 nos,
3308 985 3409 1022 non

212 1061 262 1110 οὐ
291 1058 414 1110 κατὰ
457 1055 780 1125 φαντασίαν,
828 1057 858 1108 6
884 1053 1176 1124 ἀσώματος
1221 1055 1280 1107 έν
1331 1053 1483 1124 τόπῳ
1515 1051 1738 1122 περιγέ-

1852 1059 1967 1112 licte
1991 1058 2245 1126 gestavit,
2273 1057 2360 1110 ille
2385 1058 2475 1126 qui
2517 1069 2635 1111 erat
2666 1059 3018 1126 incorporeus
3048 1059 3166 1112 loco
3188 1061 3413 1112 circum-

213 1163 420 1218 γραπται
440 1163 454 1176 ·
485 1146 576 1199 καὶ
607 1144 786 1216 ἀρχὴν
825 1144 1090 1215 χρονικὴν
1149 1141 1389 1214 εἰληφὼς
1419 1146 1448 1196 6
1481 1143 1736 1211 ἄναρχος,

1846 1149 2099 1232 scribitur
2141 1157 2240 1202 :et
2283 1163 2407 1202 cum
2455 1150 2751 1217 temporale
2815 1151 3028 1203 initium
3061 1150 3288 1218 ceperit,
3319 1151 3407 1218 qui

215 1240 360 1310 χρόνῳ
388 1238 722 1308 περιεγράφη
751 1253 767 1268 ⁶
800 1238 895 1290 καὶ
922 1237 1036 1300 τοῖς
1070 1235 1378 1306 ἀνθρώποις
1411 1233 1739 1304 σωματικῶς

1847 1247 1957 1292 erat
1982 1238 2378 1307 intemporalis,
2408 1249 2650 1308 tempore
2674 1241 3144 1294 circumscribitur
3171 1260 3184 1295 ε
3217 1251 3408 1294 etcum

215 1329 592 1402 προσομιλήσας,
620 1327 1001 1398 κατελήφθηό
1027 1327 1434 1398 ἀκατάληπτος.

1852 1329 2167 1383 [nominibus
2196 1329 2553 1398 corporaliter
2575 1338 2844 1395 versatus,
2879 1330 3312 1398 comprehensus
3333 1341 3413 1383 est

1841 1419 1935 1488 qui
1977 1427 2096 1470 erat
2129 1417 2639 1484 incomprehensus.

267 1521 344 1582 ιγ’.
371 1511 728 1583 Τοσαυταχῶς
769 1509 865 1564 οὖν
894 1507 1329 1581 λεγομένης“τῆς
1370 1505 1734 1577 περιγραφῆς,

1910 1507 2001 1560 15.
2028 1506 2160 1559 Cum
2195 1515 2274 1560 tot
2304 1521 2434 1574 ergo
2482 1507 2657 1559 modis
2687 1505 2900 1559 dicatur
2933 1505 3405 1575 circumscriptio,

212 1606 376 1676 πολλὴν
403 1605 544 1658 ἔστιν
583 1605 772 1675 εὑρεῖν
819 1603 878 1656 ὲν
907 1602 1119 1664 τούτοις
1153 1599 1253 1670 τὴν
1286 1599 1552 1668 διαφοράν
1571 1613 1585 1626 ·
1615 1595 1738 1649 ούῶ

1847 1612 2034 1666 magna
2069 1595 2327 1650 tamenin
2361 1596 2445 1650 his
2474 1595 2780 1650 dilferentia
2815 1597 3082 1664 reperitur
3110 1612 3123 1647 :
3155 1611 3250 1650 uec
3265 1597 3408 1650 enim

209 1697 297 1766 γὰρ
319 1697 344 1748 6
367 1696 580 1766 γράφων
639 1695 810 1764 ἤγουν
867 1692 1152 1756 είκονίζων
1189 1690 1502 1760 ἄνθρωπον,
1545 1687 1620 1748 ὡς
1653 1687 1736 1752 ἐφ’

1848 1689 1930 1757 qui
1962 1688 2170 1756 pingit,
2200 1688 2252 1741 id
2284 1695 2367 1741 est
2417 1686 2704 1756 imaginem
2749 1687 2984 1739 hominis
3013 1685 3177 1744 facit,
3211 1688 3275 1740 de
3301 1702 3409 1754 quo

209 1782 258 1839 οὗ
288 1783 368 1838 νῦν
401 1785 686 1854 πρόκειται
734 1782 945 1850 λέγειν,
980 1781 1074 1834 τὸν
1105 1780 1270 1834 αὐτὸν
1313 1780 1430 1848 ἅμα
1465 1776 1560 1830 καὶ
1589 1775 1732 1829 κατὰ

1851 1793 1976 1832 tunc
1999 1778 2334 1847 propositum
2357 1786 2442 1831 est
2465 1777 2664 1840 dicere,
2687 1777 2936 1830 eumdem
2960 1775 3120 1830 simul
3146 1777 3411 1844 pingendo

209 1876 368 1931 ταυτὶν
391 1873 736 1948 περιγράψει.
786 1873 872 1935 Ὦς
909 1871 1018 1926 οὐδ’
1047 1872 1101 1924 εἰ
1125 1887 1212 1934 τις
1261 1887 1327 1923 πε
1337 1868 1566 1940 ριορίζοι
1586 1865 1730 1932 τινὰ,

1850 1869 2278 1924 :ircumscribet.
2309 1868 2495 1936 Neque
2530 1869 2574 1923 si
2608 1869 2734 1938 quis
2763 1869 2998 1936 aliquem
3057 1869 3411 1923 circutnlimi-

211 1966 306 2020 καθ’
337 1967 388 2020 ὃν
409 1965 470 2020 ἂν
493 1964 800 2037 περισχεθῇ
841 1963 1006 2016 τόπον
1043 1961 1490 2030 ὲγκαθείργνυσι,
1522 1958 1618 2011 καὶ
1643 1956 1732 2010 τὸν

1849 1961 2057 2024 .averit,
2109 1961 2310 2014 idcirco
2336 1975 2458 2014 eum
2489 1961 2542 2014 in
2571 1960 2688 2014 Ιορο
2721 1975 2826 2028 quo
2845 1961 3158 2014 continetur
3188 1961 3410 2014 conclu-

214 2057 270 2126 μὴ
294 2058 507 2128 παρόντα
541 2073 608 2126 γε
667 2056 902 2128 μάλιστα
929 2069 944 2084 ⁶
977 2053 1072 2106 καὶ
1103 2053 1212 2122 γὰρ
1249 2053 1306 2103 ὲν
1343 2051 1441 2120 μὲν
1469 2051 1536 2118 τῇ
1570 2065 1726 2117 περι-

1845 2053 1943 2114 let,
1975 2053 2269 2120 przcsertim
2294 2066 2421 2105 vero
2456 2067 2560 2107 non
2581 2061 2942 2120 praesentem:
2981 2052 3033 2102 in
3056 2049 3406 2104 circumscri-

209 2151 354 2218 τραφῇ
379 2148 433 2214 ἐξ
461 2149 710 2217 ἀνάγκης
745 2146 1012 2219 πάρεστιν
1039 2159 1052 2173 ⁸
1107 2146 1166 2195 ἐν
1204 2141 1262 2194 δὲ
1306 2139 1383 2210 τῷ
1421 2137 1731 2209 γράφεσθαι

1848 2145 2017 2213 ριίοιιθ
2043 2143 2186 2196 enim
2233 2143 2540 2196 necessario
2591 2143 2746 2195 adest
2786 2141 2910 2208 ille;
2951 2157 3072 2195 eum
3102 2141 3409 2209 depingitur

208 2239 255 2291 οὐ
279 2239 460 2301 πάντως
515 2239 789 2309 πάρεστιν
817 2253 832 2268 ·
879 2234 995 2289 ἀλλ’
1023 2233 1146 2286 οὐδὲ
1193 2231 1534 2301 περιγράψει
1592 2245 1729 2298 προ-

1843 2246 2049 2298 autem,
2087 2235 2230 2288 haud
2261 2233 2483 2288 omnino
2527 2233 2842 2288 necessario
2866 2233 3018 2285 adest
3049 2250 3063 2284 :
3099 2232 3206 2284 imo
3241 2233 3404 2284 abso-

209 2331 496 2398 ηγουμένως,
527 2330 640 2384 κᾶν
667 2345 750 2392 τις
770 2328 950 2396 οἴηται
969 2324 1130 2378 τοῦτο
1147 2325 1301 2394 δρᾷν.
1326 2321 1504 2384 Ὂλως
1530 2319 1640 2390 γὰρ
1665 2319 1732 2372 τὰ

1847 2335 1944 2380 autc
1963 2339 2138 2394 neque
2155 2325 2596 2390 circnmscribet,
2619 2325 2869 2393 quamvis
2890 2325 3090 2394 aliquis
3127 2325 3214 2378 exi
3237 2325 3408 2379 timet

209 2421 478 2488 σωματικιῖις
514 2417 998 2490 περιγραφόμενα,
1020 2415 1186 2477 τόπος
1213 2412 1360 2465 ἐστὶν
1387 2413 1415 2464 6
1446 2409 1734 2480 προσεχῶς

1848 2433 1892 2473 se
1908 2418 2012 2472 hoc
2036 2418 2215 2472 facere
2249 2433 2262 2469 :
2293 2431 2518 2486 prorsus
2541 2416 2688 2469 enim
2717 2415 2772 2468 in
2810 2416 2877 2470 iis
2906 2431 3024 2485 quae
3052 2417 3409 2486 corporaliter

206 2511 512 2580 περιγράφων
534 2526 549 2540 ·
592 2509 696 2563 καὶ
726 2507 779 2562 τί
810 2507 940 2561 ποτέ
969 2508 1087 2560 ἐστι
1112 2505 1300 2566 τόπος,
1335 2502 1574 2572 εἴρηται.
1607 2499 1731 2552 Οὐδ’

1847 2509 2382 2570 circumscribuntur,
2414 2508 2564 2580 locus
2591 2516 2670 2561 est
2696 2506 2788 2576 qui
2809 2522 2870 2560 ea
2895 2507 3142 2576 proxime
3175 2507 3408 2560 circum-

207 2597 259 2654 αὖ
287 2603 428 2656 πάλιν
486 2603 539 2656 εί
585 2619 676 2666 τις
721 2599 1052 2672 σωματικῶς
1113 2595 1466 2668 περιγράᾳοι,
1521 2593 1608 2646 ἵνα
1638 2590 1734 2644 καὶ

1848 2600 2066 2656 scribit:
2095 2599 2220 2666 quid
2251 2606 2431 2650 autem
2459 2598 2529 2650 sit
2553 2596 2722 2659 locus,
2743 2595 2854 2664 jam
2873 2599 3074 2650 dictum
3099 2605 3184 2649 est
3225 2595 3409 2664 Neque

204 2692 341 2762 τούτῳ
384 2691 829 2765 συγχρησώμεθα
879 2689 956 2761 τῷ
1001 2688 1166 2758 λόγῳ,
1225 2687 1374 2750 τινὰ,
1425 2685 1516 2738 τὸν
1572 2680 1733 2734 αὑτὸν

1843 2704 2046 2754 rursus,
2077 2689 2120 2740 si
2147 2689 2269 2757 quis
2292 2688 2530 2762 aliquem
2565 2685 2930 2756 corporaliter
2963 2687 3404 2748 circumscribat.

205 2783 380 2847 πάντως
426 2785 519 2838 καὶ
565 2783 805 2854 γράφει,
844 2782 965 2850 ἦτοι
1009 2775 1301 2840 εἰκονίζειο
1354 2775 1531 2834 οὐδεὶς
1567 2771 1678 2840 γὰρ
1704 2769 1732 2820 6

1845 2779 2083 2834 eumdem
2108 2777 2368 2846 depingit.
2402 2777 2452 2830 id
2479 2784 2564 2830 est
2586 2775 2702 2842 ejus
2726 2775 3017 2844 imaginem
3053 2774 3183 2829 facit
3210 2793 3225 2842 ;
3263 2776 3406 2829 nulla

204 2873 582 2942 συναναγκὰζων
641 2873 822 2940 λόγος,
881 2870 1007 2923 ἐπεὶ
1069 2867 1192 2920 οὐδὲ
1255 2864 1505 2934 ἀλλήλοις
1559 2861 1733 2914 ταῦτα

1847 2867 1978 2920 enim
2015 2866 2154 2919 ratio
2181 2865 2322 2934 cegit
2361 2866 2462 2919 hoc
2506 2865 2690 2918 dicere
2713 2905 2728 2928 ,
2772 2865 2899 2932 quia
2931 2878 3036 2918 nec
3067 2865 3268 2918 habent
3295 2865 3408 2919 hinc

202 2964 374 3029 ἕπεται,
399 2964 469 3027 ὡς
499 2964 793 3036 εἰρήσεται
841 2963 935 3016 καὶ
980 2957 1159 3023 αὖθις.
1204 2957 1295 3011 Ἐν
1322 2955 1456 3026 τῷδε
1491 2953 1587 3024 μὲν
1622 2951 1732 3019 γὰρ
1760 3023 1763 3036 1

1848 2956 2080 3026 [pingere
2099 2955 2306 3010 scilicet
2329 2963 2385 3009 et
2409 2954 2880 3026 circumscribere)
2909 2955 3050 3008 inter
3064 2970 3123 3010 se
3149 2971 3409 3009 consecu-

202 3013 582 3126 ὀἱοί
602 3013 1091 3124 ᾗτινι-ἢ
1118 3013 1334 3114 πίνακι,
1371 3013 1555 3114 ξραμὶν
1591 3013 1729 3110 γράί-
1759 3023 1763 3052 ¹

1847 3013 2062 3109 tionem,
2085 3057 2143 3100 ut
2160 3057 2344 3115 postea
2361 3046 2591 3100 dicetur.
2619 3013 2930 3114 Natnquc'in
2952 3046 3054 3100 huc
3073 3044 3214 3112 loco,
3239 3045 3291 3100 in
3311 3045 3408 3098 ali-

204 3144 362 3211 φεσθαι
388 3145 676 3217 ἄνθρωπον
709 3160 723 3175 ⁸
771 3145 830 3197 ὲν
857 3141 1008 3214 αὐτῷ
1043 3141 1100 3196 δὲ
1133 3139 1212 3209 τῷ
1239 3139 1390 3206 τόπῳ
1425 3135 1600 3197 οὐδεὶς
1624 3131 1731 3186 τῶν

1841 3153 1941 3207 quo
1963 3137 2169 3192 scilicet
2190 3137 2398 3206 pariete
2420 3146 2509 3190 aut
2530 3137 2728 3202 tabula,
2751 3137 2985 3192 dicimus
3011 3139 3230 3204 quidem
3259 3137 3402 3207 pingi

203 3232 432 3302 νηφόντων
459 3234 551 3286 καὶ
572 3233 976 3301 λελογισμένων
1005 3229 1150 3282 εῐποι
1169 3227 1236 3282 ἂν
1266 3225 1430 3278 αὐτὸν
1461 3223 1730 3294 περιγρὰ-

1844 3230 2132 3294 hominem,
2158 3233 2250 3283 sed
2285 3229 2336 3282 in
2368 3228 2460 3283 illo
2484 3229 2598 3298 ipso
2621 3229 2738 3283 loco
2760 3243 2916 3284 nemo
2943 3229 3182 3298 prudens
3203 3237 3256 3282 et
3286 3244 3405 3283 cor-

203 3321 354 3388 φεσθαι
387 3323 502 3394 ἦτοι
551 3318 991 3392 περιορίξεσθαι.
1055 3316 1380 3386 Ἀνθρωπος
1417 3312 1526 3382 γὰρ
1580 3313 1638 3363 ὲν
1663 3310 1728 3378 τῇ

1842 3321 1995 3373 datus
2025 3320 2170 3375 dicet
2191 3318 2588 3382 circumscribi,
2620 3318 2672 3372 id
2693 3328 2776 3372 est
2803 3318 3038 3373 deliniri.
3064 3319 3234 3374 lloino
3258 3321 3403 3372 enim

207 3408 286 3480 W4
311 3410 462 3464 εἰκόνι
491 3410 776 3482 γράφεται
833 3408 954 3478 μὲν,
993 3407 1054 3460 ού
1117 3405 1520 3478 περιγράφεται
1569 3399 1626 3453 δὲ
1671 3400 1730 3452 ὲν

1955 3406 2160 3474 magine
2186 3421 2282 3462 sua
2315 3406 2558 3476 pingitur
2587 3407 2832 3475 quidem,
2865 3422 2970 3461 non
3002 3417 3181 3463 tatnen
3213 3411 3264 3462 in
3289 3409 3404 3476 ipsa
3502 3447 3516 3459 ,

202 3501 324 3571 αὐτῇ.
354 3503 398 3554 εί
423 3503 499 3572 μὴ
527 3505 590 3555 έν
607 3500 687 3570 τῷ
714 3499 900 3570 οἰκείῳ
921 3501 1024 3568 τῆς
1056 3497 1402 3568 περιγραφῆς
1425 3494 1596 3563 τόπῳ.
1621 3489 1731 3544 Καὶ

1838 3497 2325 3563 circumscribitur,
2355 3499 2448 3553 sed
2482 3498 2532 3551 in
2563 3497 2682 3552 loco
2722 3513 2836 3552 suae
2878 3500 3113 3568 propriae
3161 3501 3399 3552 circum-

201 3586 412 3659 ὸτρόπος
437 3591 492 3644 δὲ
523 3589 738 3645 τούτων
759 3588 910 3660 παρὰ
936 3589 1074 3641 πολὺ
1126 3587 1376 3662 διήνεγκε
1395 3601 1410 3615 ο
1455 3584 1729 3654 γράφεται

1836 3586 2169 3656 scriptionis.
2205 3587 2274 3642 Et
2305 3589 2498 3642 modus
2533 3587 2722 3641 horum
2757 3587 3137 3656 multipliciter
3163 3588 3346 3642 dill'ert
3382 3607 3397 3644 :

203 3677 278 3746 μέν
311 3681 411 3752 γὰρ
437 3680 734 3752 ἄνθρωπος
755 3680 844 3733 διὰ
877 3677 1186 3749 χρωμάτων
1227 3679 1320 3728 καὶ
1357 3673 1629 3744 ψηφίδων,
1662 3671 1729 3726 ἂν

1838 3679 2072 3748 pingitur
2108 3679 2254 3733 enim
2279 3679 2438 3732 homo
2465 3679 2739 3733 coloribus
2764 3689 2819 3734 ct
2847 3679 3044 3748 lapillis
3073 3679 3132 3752 (i.
3158 3696 3210 3734 e.
3235 3695 3399 3748 opere

199 3765 310 3820 οὕτω
333 3770 698 3842 συνενεχθείη,
730 3769 826 3823 καὶ
857 3768 1030 3822 ταῦτα
1079 3767 1339 3829 ποικίλως
1385 3765 1479 3818 καὶ
1506 3763 1728 3816 πολυει-

1840 3768 2080 3838 musivo)
2111 3771 2156 3824 si
2189 3769 2263 3824 ita
2299 3767 2412 3822 ﬁeri
2447 3769 2764 3837 contingat,
2799 3780 2856 3826 et
2888 3770 3105 3840 quidem
3158 3771 3306 3824 varie
3334 3785 3401 3827 ac

196 3853 279 3920 δῶς
343 3860 856 3931 σχηματιζόμενος,
943 3858 1040 3914 καὶ
1114 3854 1528 3926 διηλλαγμένοις
1617 3854 1730 3914 τοῖς

1840 3858 2172 3914 multimodis
2217 3859 2482 3929 ﬁguratus
2508 3898 2523 3923 ,
2562 3859 2901 3929 diversisque
2947 3846 3256 3928 coloribus;
3305 3877 3401 3916 ne-

197 3947 374 4000 Msatv
393 3966 406 3978 '
426 3949 684 4019 οὐδαμῶς
725 3947 782 4000 δὲ
805 3947 983 4000 ἔνεστι
1034 3945 1124 3998 διὰ
1151 3943 1355 3998 τούτων
1381 3943 1546 3996 αὐτὸν
1576 3958 1731 4012 περι-

1839 3965 2102 4020 quaquam
2131 3958 2310 4004 tamen
2351 3959 2530 4020 potest.
2568 3950 2650 4006 his
2682 3951 2813 4019 ipsis
2841 3953 3239 4015 circumscribi,
3272 3956 3400 4024 quia

195 4038 484 4107 γράφεσθαι,
535 4040 663 4094 ἐπεὶ
734 4038 936 4110 ἑτέρως
981 4037 1127 4108 ἔχειν
1171 4038 1233 4090 τὸ
1293 4034 1729 4106 περιγράφεσθαι

1633 4034 1729 4086 θαι
1831 4041 2392 4112 circumscriptionem
2426 4042 2584 4099 aliter
2610 4057 2672 4098 se
2707 4042 2905 4098 habere
2926 4043 3194 4099 duimns.‘

194 4126 390 4196 εἴρηται.
1684 4157 1688 4162 -
3045 4183 3065 4194 ,

249 4217 354 4272 Ἔτι
385 4221 416 4292 ἠ
449 4220 642 4293 γραφὴ
662 4219 722 4275 τὸ
745 4220 1052 4292 σωματικὸν
1081 4215 1221 4284 εἶδος
1244 4219 1338 4272 τοῦ
1379 4219 1726 4290 γραφομένου

1903 4219 2014 4290 78
2041 4218 2308 4275 Praeterea
2331 4219 2542 4290 pictura
2595 4221 2830 4289 speciem
2885 4236 3200 4288 corpoream
3260 4221 3388 4288 picti

192 4309 474 4382 παρίστησι,
537 4312 734 4383 σχῆμὰ
778 4329 838 4364 τε
873 4312 968 4366 καὶ
997 4312 1213 4382 μορφὴν
1250 4309 1414 4363 αὐτοῦ
1465 4311 1724 4362 ὲντυπουο

1837 4319 2224 4380 reprazsentat,
2273 4319 2326 4364 et
2359 4311 2583 4378 liguram
2621 4326 2684 4364 ac
2729 4309 2958 4363 formam
2989 4312 3105 4379 ejus
3139 4312 3393 4378 exprimit

191 4400 306 4470 μένη
337 4403 424 4454 καὶ
455 4403 554 4473 τὴν
605 4402 927 4472 ἐμφέρειαν.
974 4403 1041 4455 Ἡ
1077 4403 1135 4455 δὲ
1187 4401 1520 4472 περιγραφὴ,
1552 4403 1610 4454 ὲν
1633 4402 1725 4454 ού-

1832 4414 1894 4454 ac
1915 4400 2348 4456 similitudinem.
2379 4399 2827 4470 Circumscriptio
2868 4415 2998 4454 vero
3030 4401 3162 4453 nihil
3199 4400 3393 4454 horum

192 4486 283 4540 δενῑ
321 4491 518 4558 τούτων
561 4492 996 4546 ἑπικοινωνοῦσα
1047 4495 1164 4556 τοῖς
1215 4492 1527 4562 εἰρημένοις
1579 4492 1728 4562 τρισὶ

1831 4505 2115 4548 commune
2145 4491 2352 4547 habens
2379 4531 2394 4558 ,
2439 4492 2612 4547 tribus
2653 4492 2828 4547 modis
2853 4507 2914 4546 ea
2957 4507 3074 4562 qua:
3111 4492 3392 4556 continet,

192 4578 400 4644 τρόποις,
445 4582 515 4634 τὰ
561 4581 1078 4654 ἐμπεριειλημμένα
1107 4582 1312 4653 ὁρίζει·
1346 4581 1498 4652 καὶὴ
1532 4581 1630 4652 μὲν
1669 4583 1728 4634 ὲν

1833 4583 2122 4651 terminat;
2151 4591 2206 4638 et
2234 4583 2410 4653 imago
2434 4583 2651 4654 quidem
2684 4583 2749 4638 ad
2785 4584 2961 4640 simile
2989 4583 3156 4638 relata
3177 4623 3192 4649 ,
3228 4585 3387 4654 juxta

191 4667 253 4737 τῷ
270 4671 422 4742 ὁμοίῳ
441 4672 541 4744 τὴν
564 4674 750 4744 σχέσιν
781 4672 983 4743 ἔχουσα
1007 4672 1143 4742 πρὸς
1165 4672 1244 4742 τῷ
1266 4671 1564 4743 ἀρχετύπῳ
1587 4673 1726 4738 ἐστὶ,

1832 4674 2179 4744 archetypum
2211 4681 2318 4740 est,
2359 4673 2958 4745 archetypique‘imago
2992 4684 3075 4728 est
3095 4684 3150 4728 et
3171 4675 3393 4736 dicitur.

191 4759 266 4809 tui
283 4762 589 4832 ἀρχετύπου
609 4765 798 4836 γραφὴ
817 4763 933 4817 ἔστι
944 4779 1004 4817 τε
1027 4763 1122 4816 καὶ
1137 4762 1375 4832 λέγεται,
1395 4761 1727 4833 κεχώρισταί

1834 4773 1878 4818 et
1909 4763 1979 4818 ab
2011 4780 2078 4818 eo
2107 4775 2364 4832 separata
2393 4774 2496 4828 est,
2539 4779 2604 4820 ac
2637 4779 2882 4818 seorsum
2909 4764 3203 4833 aliquando
3231 4775 3312 4818 est
3343 4776 3395 4820 et

187 4864 238 4901 τε
259 4853 434 4922 αὐτοῦ,
461 4857 563 4909 καὶ
598 4857 706 4928 ἰδίᾳ
739 4854 1036 4926 ὑφέστηκε,
1071 4855 1165 4908 καί
1195 4871 1326 4908 ποτε
1356 4853 1502 4906 ἔστιν
1523 4869 1534 4884 ’
1570 4855 1602 4922 ἠ
1643 4853 1724 4918 δὲ,

1834 4856 2040 4911 exsistit
2075 4874 2090 4911 :
2123 4856 2572 4926 circumscriptio
2611 4871 2743 4910 vero
2780 4871 2954 4923 neque
2985 4856 3184 4910 similis
3222 4872 3395 4925 neque

187 4938 288 4993 οὔτε
319 4944 520 5014 ὅμοιον,
550 4945 675 5000 οὔτε
697 4947 949 5017 ἀνόμοιον
995 4947 1228 5015 γίνεται,
1267 4944 1392 4999 οὔτε
1424 4944 1711 4998 εἰδοποιεῖ-

1834 4949 2108 5004 dissimilis
2144 4949 2221 5010 lit,
2249 4964 2422 5017 neque
2444 4948 2504 5002 lit
2535 4949 2747 5018 species
2777 4963 2950 5017 neque
2975 4947 3183 5012 lor-nia;
3223 4964 3395 5018 neque

185 5045 277 5098 ται,
297 5035 411 5090 οὐδὲ
433 5040 746 5110 ἀρχετύπου
805 5039 1124 5110 περιγραφὴ
1167 5037 1405 5105 λέγεται,
1433 5036 1554 5089 οὐδὲ
1591 5036 1726 5108 πρὸς

1831 5037 2025 5091 dicitur
2065 5037 2500 5105 circumscriptio
2535 5037 2814 5107 archetypi
2846 5075 2862 5101 ,
2901 5053 3003 5092 nec
3041 5041 3107 5091 ad
3137 5038 3392 5106 artltety-

183 5119 234 5171 τὸ
261 5124 559 5195 ἀρχέτυπον
587 5131 812 5202 φέρεται
843 5147 857 5162 ο
901 5129 1220 5200 ἀχωρίστως
1250 5128 1308 5182 δὲ
1353 5129 1447 5182 καὶ
1474 5129 1724 5193 αὐτόθεν,

1829 5142 1952 5196 pum
2001 5126 2261 5189 refertur,
2296 5136 2347 5180 et
2387 5129 2832 5196 inseparabiliter
2867 5143 2931 5182 ac
2961 5141 3154 5198 suapte
3198 5137 3390 5182 natura

183 5209 249 5277 0’4
265 5223 685 5293 ευμπεριείληφε
711 5223 1124 5292 συνυφίσταται,
1149 5222 1244 5276 καὶ
1261 5221 1346 5274 ἀεὶ
1358 5221 1542 5285 αὐτοῖς
1565 5221 1730 5291 πρόσ-

1831 5235 1948 5274 cum
1983 5221 2050 5274 iis
2088 5219 2247 5273 simul
2291 5219 2542 5285 exsistit,
2591 5237 2712 5289 qua:
2741 5221 2984 5290 continet
3009 5259 3024 5284 ,
3071 5232 3392 5288 semperque

185 5317 330 5363 ιστιν.
365 5312 478 5366 ’Δεὶ
506 5313 617 5386 γὰρ
641 5317 700 5368 ὲν
731 5317 882 5385 τόπῳ
911 5317 938 5368 6
963 5315 1272 5386 ἄνθρωπος,
1301 5315 1396 5368 καὶ
1425 5315 1484 5366 ὲν
1523 5314 1723 5385 χρόνῳ.

1827 5312 1933 5366 illis
1953 5311 2126 5366 adest.
2165 5311 2393 5380 Semper
2422 5311 2567 5366 enim
2614 5313 2666 5366 in
2714 5314 2834 5367 loco
2871 5323 2955 5366 est
2994 5313 3155 5365 homo
3182 5346 3198 5370 ,
3227 5317 3280 5360 et
3337 5307 3388 5358 in

185 5397 264 5450 ut
283 5400 336 5452 tv
369 5405 675 5476 καταλήψει
699 5407 838 5471 ἐστὶ,
877 5406 972 5459 καὶ
1005 5406 1357 5475 περιγραπτῇ
1386 5419 1451 5472 γε
1486 5402 1622 5476 οὔσῃ
1653 5407 1722 5477 τῇ

1830 5413 2101 5474 tempore,
2134 5413 2187 5457 et
2223 5404 2276 5458 in
2329 5405 2822 5475 corttprehettsiotie
2850 5447 2864 5472 ,
2907 5416 2962 5460 et
2995 5412 3244 5456 naturam
3281 5399 3391 5453 cir-

188 5485 346 5554 φύσει,
372 5491 432 5558 ἐξ
451 5497 698 5567 ἀνάγκης
724 5497 940 5560 ἕπεται,
960 5495 1138 5549 οὐδενὶ
1173 5496 1317 5564 κενῷ
1335 5495 1683 5567 διειργομένῃ
1709 5511 1723 5526 ·

1861 5495 2216 5564 umscriptam
2255 5497 2571 5552 necessario
2613 5499 2882 5566 sequitur,
2934 5494 3082 5547 nullo
3113 5502 3283 5544 vacuo
3309 5489 3419 5544 di-.

184 5571 244 5640 ὡς
259 5577 349 5634 ἴδοι
367 5599 450 5648 τις
471 5586 569 5639 ἐπὶ
584 5586 680 5657 τῆς
701 5585 934 5654 τοπικῆς
954 5584 1328 5656 περιγραφῆς,
1351 5585 1410 5638 τὸ
1429 5585 1722 5640 συνάπτειν

1830 5595 2090 5656 remptam
2115 5625 2130 5650 ,
2159 5585 2299 5640 sicut
2339 5585 2519 5655 quitis
2552 5595 2731 5656 petest
2763 5583 2990 5638 cernere
3049 5583 3099 5634 in
3148 5580 3391 5634 eiut-um-
