3952 6202
504 181 609 246 359

508 387 758 452 corporis
795 382 1048 454 (scilicet
1079 377 1415 433 continentis
1455 383 1509 428 ct
1557 372 1842 442 contenti)
1873 373 1938 424 ad
1987 387 2076 423 su-

510 475 784 544 perficiem
805 474 1083 526 amborum
1114 467 1358 538 adiungit
1387 482 1399 517 :
1433 465 1519 517 ubi
1551 464 1695 517 enim
1728 477 1808 516 est
1831 462 2000 516 moles
2027 470 2083 515 et

514 564 841 633 magnitudo,
859 576 1079 617 necesse
1102 570 1184 614 est
1206 558 1472 626 cogitetur
1495 553 1652 608 simul
1677 553 1848 606 locns.
1866 552 2080 606 Pictura

513 665 689 709 autem
727 655 884 724 longe
932 650 1173 706 dissidet.
1223 645 1356 700 Nam
1404 646 1612 714 pictura
1666 643 1884 711 quidem
1918 657 2086 709 quan-

514 761 674 814 quam
709 743 941 797 divcrsis
982 742 1034 795 in
1072 740 1240 804 locis,
1285 737 1644 791 nihilominus
1675 734 1893 789 definite
1927 732 2082 786 eﬂiu-

515 839 680 905 gitur.
714 833 1162 900 Circumscriptio
1199 845 1328 884 vero
1357 869 1372 893 ,
1410 826 1732 896 simpliciter
1777 834 1832 879 et
1875 823 2086 878 infinite

515 925 802 993 definiens,
820 939 942 976 cum
963 922 1029 975 iis
1047 920 1324 983 omnibus,
1346 930 1684 986 quzecunque
1709 912 2083 968 circumscribi

516 1024 709 1067 natura
737 1028 830 1066 sua
868 1020 1111 1081 possunt,
1144 1008 1545 1064 circumfertur.
1575 1005 1692 1058 Non
1719 1004 1860 1058 enim
1894 1005 1944 1056 in
1981 1003 2086 1057 hoc

515 1106 730 1172 quidem
762 1102 1207 1164 circumscribit,
1245 1100 1296 1152 in
1329 1099 1420 1151 illo
1462 1107 1644 1149 autem
1681 1109 1866 1147 secus.
1907 1095 2088 1161 Atque

517 1200 692 1266 imago
723 1197 938 1266 quidem
964 1195 1015 1247 in
1043 1207 1204 1247 sensu
1236 1201 1288 1244 et
1315 1191 1630 1244 OSIensione
1655 1196 1768 1239 tota
1803 1185 2083 1252 consistit,

518 1288 955 1355 circumscriptio
1001 1299 1130 1338 vero
1184 1299 1376 1352 magna
1407 1296 1472 1334 ex
1507 1289 1659 1348 parte
1711 1278 1763 1331 in
1803 1277 2024 1330 notione
2070 1295 2084 1330 :

519 1380 753 1433 fortasse
779 1379 922 1446 enim
970 1375 1142 1430 solum
1175 1374 1350 1426 locum
1383 1369 1926 1424 circumscribentem
1965 1380 2090 1420 sen-

519 1472 703 1524 timus.
748 1467 812 1521 Et
858 1479 915 1520 ut
969 1466 1278 1522 summatim
1315 1464 1530 1524 dicant,
1561 1475 1663 1515 nec
1712 1460 1924 1526 pictura
1975 1455 2087 1510 cir-

520 1559 840 1614 cumscribit
872 1548 1142 1612 hominem
1163 1595 1178 1619 ,
1218 1555 1336 1608 licet
1371 1555 1440 1607 sit
1483 1552 1966 1620 circumscriptus;
1998 1561 2089 1602 ne-

1529 176 1590 234 S.
1635 169 2052 232 NICEPHORI
2088 165 2598 230 'PATRIARCH/E
2637 167 2747 226 (ΣΙ).

354 323 356 325 -
469 359 478 365 _
509 291 827 362 scriptione,
849 305 1012 360 quam
1037 287 1166 342 facit
1190 286 1363 349 locus,
1390 300 1506 353 quae
1529 283 1790 335 terminos
1804 281 2084 348 utriusque

2205 279 2393 347 ὶμφοῑν
2451 276 2587 347 πρὸς
2645 279 2712 346 τῇ
2754 273 3049 344 ἐπιφανείᾳ
3080 272 3328 345 ἀλλήλων
3379 275 3447 328 τὰ
3499 275 3720 347 πέρατα·

3630 165 3724 230 380

2181 369 2312 422 ἔνθα
2341 370 2450 440 γὰρ
2482 369 2646 438 ὄγκος
2681 367 2775 421 καὶ
2814 366 3065 438 μέγεθος,
3101 367 3159 429 ἐξ
3194 366 3437 437 ἀνάγκης
3466 365 3557 420 καὶ
3582 370 3727 432 τόπος

2185 460 2728 530 συνεπινοηθήσεται.
2777 459 2840 512 'H
2870 459 3058 529 γραφὴ
3088 458 3144 510 δὲ
3166 458 3510 529 ὲκκεχὼρηκε
3541 458 3726 530 πολλῷο

2183 553 2341 622 καὶὴ
2395 552 2580 622 γραφὴ
2614 565 2731 621 μεν,
2797 552 2847 603 εί
2899 551 2992 604 καὶ
3033 549 3314 619 διαφόροις
3347 550 3546 614 τόποις,
3600 552 3730 622 ὅμως

2184 641 2508 712 ὡρισμένως
2548 640 2833 694 τυποῦται.
2887 640 2952 692 Ἡ
3007 638 3330 710 περιγραφὴ
3379 639 3434 692 δὲ
3474 637 3730 710 ὁρίζουσα,

2191 732 2379 795 ἀπλῶς
2425 732 2519 784 καὶ
2581 731 2849 800 ἀορίστως
2889 731 3058 782 πᾶσιν
3091 729 3128 784 ἃ
3173 728 3384 798 πέφυκε
3425 733 3734 800 περιγράφε-

2195 822 2319 875 σθαι
2351 822 2782 892 συμπεριῆκται.
2835 821 2910 874 Οὐ
2951 821 3060 893 γὰρ
3097 823 3154 874 ὲν
3186 820 3322 890 τῷδε
3360 819 3456 890 μὲν
3489 830 3734 892 περιγρά·

2189 933 2299 983 φει,
2333 917 2390 966 ὲν
2423 913 2558 982 τῷδε
2589 913 2645 965 δὲ
2671 913 2754 965 οὗ.
2803 913 2914 965 Καὶ
2955 914 2988 983 ἡ
3022 913 3120 981 μὲν
3147 913 3205 964 ὲν
3250 911 3500 980 αἰσθήσει
3537 913 3622 964 καὶ
3645 913 3738 963 δεί-

2191 989 2269 1068 ξὲι
2286 1004 2348 1057 τὸ
2373 1006 2476 1057 πᾶν
2494 1004 2628 1073 ἔχει,
2661 1003 2768 1072 ἠδὲ
2791 1003 2850 1055 τὸ
2875 1003 3036 1055 πλέον
3057 1004 3302 1072 ὲννοήσει
3323 1018 3336 1033 ·
3368 1003 3507 1070 τάχα
3539 1002 3640 1072 γὰρ
3658 1002 3733 1055 τὸν

2190 1096 2600 1166 περιγράφοντα
2640 1096 2804 1147 τόπον
2839 1111 2924 1157 τις
2964 1093 3204 1148 αἴσθοιτο
3229 1093 3406 1163 μόνον.
3442 1093 3548 1146 Καὶ
3573 1093 3736 1154 ἁπλῶς

2189 1189 2384 1249 εἰπεῖν,
2414 1186 2538 1239 οὔτε
2566 1187 2599 1256 ὴ
2625 1185 2810 1256 γραφὴ
2845 1185 3179 1256 περιγράφει
3224 1185 3313 1237 τὸν
3346 1184 3620 1254 ἄνθρωπον
3646 1185 3735 1238 κᾶν

2193 1278 2569 1350 περιγραπτός
2616 1280 2783 1340 ἐστιν,
2815 1276 2940 1329 οὔτε
2981 1279 3014 1346 ὴ
3067 1276 3386 1346 περιγραφὴ
3415 1277 3608 1344 γράφει
3649 1276 3736 1330 κᾶν

2191 1369 2439 1440 γραπτός
2470 1369 2617 1420 ἐστιν
2637 1383 2650 1396 ⁸
2685 1367 2946 1435 ἑκάτερον
2976 1365 3084 1434 γὰρ
3116 1365 3205 1433 τὸν
3229 1365 3423 1417 ἑαυτοῦ
3452 1365 3598 1432 λόγον
3622 1366 3735 1431 ἕξει.

2191 1461 2301 1514 Καὶ
2331 1460 2409 1512 ἐτι
2441 1460 2472 1529 ἡ
2515 1459 2611 1529 μὲν
2637 1458 2824 1528 γραφὴ
2865 1457 3181 1528 περιέχεται
3216 1457 3322 1508 ὑπὸ
3355 1455 3458 1526 τῆς
3495 1473 3739 1527 περιγρα-

2193 1552 2320 1621 φῆς,
2343 1551 2378 1621 ἡ
2397 1550 2453 1603 δὲ
2476 1549 2792 1620 περιγραφὴ
2837 1548 2897 1601 ού
2929 1549 3246 1618 περιέχεται
3273 1547 3366 1600 ὑπ’
3402 1547 3591 1615 αὐτῆς.
3621 1547 3740 1600 ἀλλὰ

521 1670 625 1722 que
652 1650 1088 1717 circumscriptio
1116 1649 1286 1716 pingit
1312 1688 1326 1710 ,
1353 1645 1565 1700 etiamsi
1592 1644 1681 1698 ille
1703 1642 1846 1712 pingi
1874 1648 2050 1709 potest
2075 1676 2092 1704 ,

2205 1617 2439 1710 περιέχει
2470 1617 2669 1708 αὑτήν)
2689 1617 2910 1691 διδούδὲ
2934 1617 3303 1706 ἀντιστρέφει.
3338 1635 3466 1689 Ἐπὶ
3483 1636 3634 1690 πλέον
3650 1636 3741 1706 γὰρ

524 1757 815 1811 ntrmuque
845 1744 990 1796 enim
1046 1744 1315 1795 rationem
1358 1755 1513 1794 suam
1553 1740 1796 1793 habebit.
1829 1738 2096 1791 Praeterea

524 1836 735 1901 pictura
811 1833 1126 1886 continetur
1173 1847 1200 1882 a
1251 1829 1800 1896 circumscriptione,
1859 1826 2096 1880 circum-

523 1923 750 1989 scriptio
790 1931 964 1974 autem
999 1937 1102 1974 non
1139 1921 1446 1975 continetur
1481 1933 1509 1972 a
1540 1917 1882 1984 pietura,sed
1916 1917 2092 1970 conti-

527 2022 617 2065 net
653 2025 797 2075 eam;
825 2011 945 2063 ideo
981 2025 1081 2063 nec
1122 2009 1176 2062 fit
1215 2009 1596 2076 reciprocatio.
1633 2005 1820 2059 Latius
1864 2020 2097 2073 namque

527 2111 676 2172 patet
711 2100 1153 2169 circumscriptio
1187 2117 1202 2152 :
1235 2114 1357 2152 nam
1399 2098 1444 2152 si
1477 2098 1602 2166 quid
1639 2104 1723 2150 est
1755 2096 1958 2163 pictum
1988 2133 2004 2158 ,
2041 2094 2095 2148 id

522 2203 608 2245 est
637 2191 944 2261 figuratum,
980 2191 1174 2253 homo,
1217 2171 1461 2258 inquam,
1491 2197 1546 2242 et
1583 2188 1696 2256 ipsa
1729 2186 1962 2254 pictura,
1992 2199 2088 2238 seu

525 2281 793 2349 cﬂigiatus
845 2277 1171 2343 clta'racler,
1207 2278 1344 2339 hare,
1405 2276 1650 2344 inquam,
1690 2274 1795 2328 dici
1849 2280 2100 2341 poterunt

2195 1731 2228 1800 ὴ
2252 1729 2566 1800 περιγραφή
2593 1742 2608 1757 ·
2633 1727 2751 1780 εἴτι
2779 1727 2880 1797 μὲν
2902 1727 3008 1797 γὰρ
3041 1727 3304 1797 γραπτὸν,
3348 1727 3541 1796 ἧτοιτὸ
3573 1729 3744 1779 εἰκονι-

2197 1819 2445 1890 ζόμενον,
2477 1820 2505 1871 ό
2527 1818 2813 1888 ἄνθρωπος
2839 1817 3002 1886 λέγω,
3022 1819 3115 1871 καὶ
3146 1817 3286 1889 αὐτὴ
3311 1819 3343 1888 ἡ
3369 1818 3573 1889 γραφὴ,
3597 1819 3743 1887 ἤγουν

2193 1909 2223 1960 ὁ
2255 1907 2641 1977 τετυπωμένος
2691 1907 3002 1977 χαρακτὴρ,
3039 1907 3265 1977 φήσειεν
3297 1906 3361 1958 ἄν
3384 1924 3467 1970 τις
3498 1907 3629 1975 τάχα
3653 1924 3742 1958 που

2198 2000 2293 2051 καὶ
2321 1998 2720 2067 περιγραπτδν,
2749 1998 2878 2068 περὶ
2906 1991 2966 2048 οὗ
2991 1995 3083 2050 νῦν
3111 1998 3246 2067 ἡμῖν
3274 1997 3459 2064 λέγειν
3483 1999 3742 2068 πάρεστιν,

2199 2089 2228 2142 δ
2273 2088 3044 2161 πανταχούὲπισημαίνεσθαι
3084 2091 3211 2158 χρή.
3250 2091 3325 2143 Ob
3359 2090 3472 2158 γὰρ
3512 2090 3629 2161 περὶ
3663 2088 3742 2142 τοῦ

2203 2180 2390 2252 ἐτέρου
2420 2160 2623 2250 τρόπου
2673 2179 2916 2250 διέξιμεν
2936 2196 2950 2209 ·
2981 2181 3042 2233 οὐ
3075 2181 3182 2250 μὴν
3211 2180 3452 2250 ἔμπαλιν
3479 2160 3594 2234 εἴτι
3617 2196 3747 2250 περι-

2204 2270 2474 2340 γραπτὸν,
2507 2269 2667 2324 τοῦτο
2699 2271 2796 2323 καὶ
2831 2271 3099 2339 γραπτόν.

525 2379 690 2432 ctiam
721 2375 1154 2442 circumscripta,
1190 2373 1254 2426 de
1287 2371 1484 2443 quibus
1515 2384 1662 2423 nunc
1697 2383 1880 2422 sermo
1929 2368 2090 2421 nobis
2127 2375 2236 2431 est,
2263 2364 2406 2435 quod
2474 2364 2674 2434 ubique
2744 2373 2942 2421 notare
2972 2374 3222 2435 oportet,
3259 2379 3368 2419 non
3401 2366 3546 2421 enim
3579 2366 3635 2416 de
3661 2364 3749 2416 alin

533 2469 694 2523 modo
723 2470 950 2538 agimus.
983 2464 1098 2520 Non
1136 2476 1314 2519 tamen
1349 2474 1576 2530 remeat,
1623 2472 1678 2516 ut
1716 2462 1760 2516 si
1810 2462 1937 2530 quid
1963 2473 2048 2517 est
2093 2461 2594 2531 circumscriptum,
2633 2461 2772 2516 idem
2829 2463 2993 2516 etiam
3020 2461 3091 2516 sit
3124 2461 3328 2530 pictum
3384 2460 3527 2531 (sive
3557 2457 3749 2530 imago).

602 2558 859 2625 Exemplo
883 2557 1112 2624 quodam
1141 2567 1282 2608 utar.
1303 2555 1527 2608 Annuus
1548 2556 1637 2621 qui
1661 2555 1862 2608 dicitur
1886 2555 2093 2626 cyclus,

531 2661 592 2704 ut
643 2663 795 2718 a'que
843 2663 1023 2704 sermo
1074 2649 1236 2700 etiam
1273 2656 1458 2700 noster
1488 2646 1782 2715 procedat,
1825 2645 2099 2700 mensuris

531 2742 779 2810 aliquot,
815 2739 867 2793 id
910 2747 995 2793 est
1040 2735 1340 2792 intervallis
1384 2735 1660 2790 chronicis
1691 2747 1947 2805 quatuor,
1986 2737 2098 2791 cir-

2273 2548 2400 2607 Οἵόν
2419 2555 2471 2606 τί
2490 2568 2666 2624 φημι·
2705 2553 2762 2606 Ὁ
2785 2553 3053 2617 ἐνιαύσιος
3083 2553 3415 2625 καλούμενος
3453 2554 3656 2620 κύκλος,
3678 2555 3752 2607 ἵνα

2204 2644 2300 2697 καλι⁵
2321 2643 2494 2708 οὕτως
2520 2645 2548 2696 ό
2575 2644 2732 2712 λόγος
2760 2643 2890 2714 ἡμῖν
2921 2644 3013 2710 τοι,
3043 2644 3264 2714 μέτροις
3293 2645 3407 2697 τισὶ
3437 2646 3533 2698 καὶ
3558 2643 3755 2713 διαστή-

2211 2755 2343 2809 μασι
2367 2740 2640 2810 χρονικοῖς
2656 2737 2882 2808 τέτρασι
2905 2737 3332 2809 περιστρέφεται
3352 2754 3366 2768 ·
3391 2737 3579 2808 διόπερ
3604 2737 3662 2805 δὴ
3675 2737 3754 2788 καὶ

531 2829 894 2884 cumvolvitur
927 2845 942 2882 :
977 2827 1102 2882 ideo
1142 2835 1198 2879 ct
1237 2824 1616 2879 circumscribi
1653 2825 1869 2890 dicitur,
1927 2839 2101 2893 quan-

2210 2830 2517 2900 rzept79icps
2530 2828 2587 2882 σθ
2599 2847 2649 2881 χι
2668 2828 2910 2897 λέγεται,
2924 2828 2986 2880 οὗ
3005 2828 3278 2898 γράφεται
3294 2827 3372 2892 δὲ,
3387 2829 3511 2898 ἦτοι
3527 2825 3759 2890 είκονίζε-

531 2936 693 2990 quam
740 2933 918 2987 neque
965 2915 1226 2988 pingitur,
1265 2931 1442 2985 neque
1482 2915 1766 2985 figuratur.
1818 2915 2103 2983 Quomodo

533 3012 680 3066 enim
706 3010 1031 3080 figuraretur
1053 3008 1195 3076 quod
1223 3007 1403 3074 specie
1429 3005 1710 3075 lorma'pie
1756 3017 1924 3070 caret,
1957 3007 2104 3062 ideo-

539 3117 646 3171 que
679 3115 858 3170 neque
889 3099 988 3154 sub
1037 3100 1210 3153 visum
1253 3097 1398 3152 cadit
1440 3112 1616 3166 neque
1662 3097 1944 3152 subsistit?
1973 3098 2103 3152 Nam

534 3192 826 3248 continuus
865 3204 988 3245 cum
1023 3189 1130 3252 sit,
1173 3188 1434 3243 terminos
1466 3203 1587 3242 cum
1634 3189 1917 3259 principiis
1963 3203 2105 3244 sem-

540 3299 640 3355 per
670 3283 964 3338 connectit.
993 3281 1127 3348 Quia
1153 3295 1285 3350 ergo
1312 3281 1378 3335 ab
1401 3281 1595 3335 eodem
1628 3279 1694 3332 ad
1719 3279 1856 3335 idem
1885 3279 2106 3350 signum

539 3377 967 3434 circunwolutus
1013 3374 1094 3430 sol
1157 3371 1506 3438 transfertur,
1555 3372 1952 3442 quodammodo
2001 3373 2109 3428 cir-

538 3467 832 3523 cumscribi
868 3465 1090 3519 dicitur.
1125 3463 1301 3531 Atque
1333 3460 1600 3530 principia
1649 3465 1704 3512 et
1739 3459 1957 3513 termini
1990 3475 2110 3513 tutt-

542 3571 664 3615 tuas
684 3560 1060 3628 successiones
1082 3569 1188 3609 uno
1219 3561 1493 3608 momento
1517 3559 1827 3621 punctoque
1849 3549 2108 3619 temporis

541 3668 607 3707 ac
652 3666 788 3721 pene
832 3646 1226 3704 insensibiliter
1271 3644 1580 3699 absolvunt.
1626 3641 1704 3697 Ne
1749 3642 1896 3696 enim
1934 3639 2107 3696 ﬂuens

544 3755 754 3810 tempus
799 3741 1090 3792 humanam
1123 3738 1286 3790 vitam
1333 3749 1476 3790 caeco
1509 3735 1563 3788 in
1603 3748 1766 3789 cursu
1805 3731 2107 3795 retineret,

545 3831 857 3897 nostrisque
889 3830 1049 3882 rebus
1075 3838 1132 3880 et
1177 3826 1387 3878 actibus
1417 3823 1666 3878 confusio
1690 3831 1743 3876 et
1778 3820 2111 3897 perturbatio

545 3932 710 3988 atque
742 3917 1015 3972 anomalia
1061 3915 1454 3979 dominaretur,
1493 3913 1639 3966 nullo
1670 3890 1928 3965 Chronico
1959 3911 2112 3980 signo

549 4015 616 4067 iis
649 4011 996 4080 interposito,
1021 4015 1234 4074 tempus
1271 4005 1395 4070 hoc,
1424 4006 1664 4074 inquam,
1697 4003 1906 4067 diebus,
1941 4002 2111 4065 horis,

549 4103 926 4164 hebdomadis,
963 4099 1262 4162 mensibus,
1288 4097 1572 4166 annisque,
1596 4095 1850 4150 metimur
1879 4103 1969 4149 :et
1984 4094 2110 4147 olim

2203 2934 2315 2969 ται.
2343 2917 2467 2980 Πῶς
2487 2916 2594 2986 γὰρ
2617 2916 2682 2970 ἂν
2711 2916 2804 2968 καὶ
2825 2916 3152 2986 εἰκονισθείη
3177 2917 3206 2970 ὃ
3226 2933 3291 2985 γε
3321 2917 3466 2986 μήτε
3490 2914 3759 2969 εἰδοποιού-

2208 3023 2386 3077 μενος,
2405 3009 2539 3078 μήτε
2561 3007 3058 3077 σχηματιζόμενος,
3077 3009 3171 3061 καὶ
3192 3008 3282 3061 διὰ
3335 3008 3502 3063 τοῦτο
3531 3006 3653 3078 μηδὲ
3680 3005 3758 3059 ὑπ’

2205 3096 2325 3166 ὄψιν
2341 3098 2654 3168 ἐρχόμενος,
2682 3096 2795 3149 ἀλλ’
2811 3097 2934 3150 οὐδὲ
2954 3096 3239 3168 ὑπομένων
3259 3114 3274 3164 ;
3297 3097 3538 3168 Συνεχὴς
3558 3096 3658 3164 γὰρ
3676 3094 3758 3158 ὢν,

2204 3189 2274 3242 τὰ
2297 3191 2470 3243 οἰκεῖα
2494 3188 2710 3260 πέρατα
2727 3191 2840 3252 τοῖς
2871 3188 2963 3242 τοῦ
2989 3190 3188 3259 ἑφεξῆς
3215 3188 3393 3259 ἀρχὰς
3423 3190 3514 3242 ἀεὶ
3537 3186 3764 3256 ποιούμεο

2206 3298 2296 3345 νος
2321 3280 2701 3334 ἐπισυνάπτει.
2754 3279 2969 3344 Ἀπλῶς
2996 3279 3128 3348 γοῦν
3157 3279 3238 3349 τῷ
3268 3279 3376 3333 ἀπὸ
3405 3278 3503 3333 τοῦ
3523 3271 3677 3332 αὐτοῦ
3697 3276 3765 3337 είς

2207 3373 2268 3426 τὸ
2296 3371 2426 3426 αὐτὸ
2461 3373 2690 3442 σημεῖον
2730 3371 3013 3435 κυκλικῶς·
3040 3369 3492 3443 περιδινούμενον
3514 3370 3600 3423 τὸν
3633 3368 3764 3438 ἥλιον

2208 3459 2698 3525 ἀποκαθίστασθαι,
2746 3459 2998 3514 ὁπωσοῦν
3049 3460 3500 3531 περιγράφεσθαι
3552 3459 3765 3526 λέγεται.

2209 3551 2322 3605 Καὶ
2343 3549 2518 3613 οὕτως
2543 3549 2786 3621 ἀλλήλων
2827 3551 2929 3612 τὰς
2969 3549 3244 3621 διαδοχὰς,
3274 3550 3470 3622 ὥσπερ
3503 3551 3559 3603 ἐν
3603 3549 3766 3618 ἀτόμῳ

2210 3643 2305 3697 καὶ
2333 3643 2534 3713 ἀκαρεῖ
2582 3643 2679 3696 καὶ
2742 3641 2931 3710 σχεδὸν
2979 3641 3404 3711 ἀνεπαισθήτως
3460 3641 3767 3696 διανύουσιν.

2211 3738 2328 3791 Ἵνα
2357 3738 2466 3808 γὰρ
2500 3737 2576 3808 μὴ
2611 3737 2752 3809 ῥέων
2784 3737 2813 3789 ό
2847 3737 3036 3809 χρόνος
3072 3738 3158 3789 ἐπ’
3188 3737 3370 3808 ἀδήλῳ
3400 3737 3472 3790 τὰ
3510 3739 3606 3806 τῆς
3642 3732 3768 3801 ζωῆς

2209 3829 2307 3899 τῆς
2330 3827 2687 3898 ἀνθρωπίνης
2714 3827 3088 3896 περιστήσειε,
3124 3825 3386 3896 σύγχυσίς
3436 3842 3499 3878 τε
3530 3824 3634 3878 τῶν
3664 3819 3770 3875 καθ’

2212 3921 2359 3989 ἡμᾶς
2399 3918 2744 3988 πραγμάτων
2775 3917 2870 3971 καὶ
2894 3917 3092 3984 ἀταξία
3126 3917 3221 3970 καὶ
3250 3917 3543 3985 ἀνωμαλία
3570 3918 3774 3983 ἐπικραο

2213 4009 2354 4078 τοίη,
2394 4008 2624 4078 μηδενὸς
2644 4005 2900 4077 χρονικοῦ
2926 4005 3155 4077 σημείου
3195 4005 3409 4068 τούτοις
3453 4001 3773 4076 ἐμφαινομέ-

2216 4117 2332 4164 νου,
2364 4099 2604 4170 ἡμέραις
2633 4099 2725 4151 καὶ
2757 4097 2932 4169 ὥραις
2979 4098 3074 4151 καὶ
3113 4096 3376 4181 ἑβδομάσι
3406 4099 3505 4152 καὶ
3543 4097 3670 4168 μησὶ
3695 4095 3775 4146 καὶ

547 4195 767 4265 quidem
793 4191 1190 4263 olympiadibus
1211 4199 1262 4242 et
1281 4187 1654 4243 consulatibus
1669 4187 1897 4256 aliisque
1915 4187 2101 4241 dimen

2217 4191 2481 4251 ἐνιαυτοῖς
2527 4189 2832 4258 μετρεῖται,
2866 4188 3166 4258 ὸλυμπιάσι
3195 4204 3257 4240 τε
3311 4187 3372 4242 τὸ
3423 4189 3651 4243 παλαιδν
3697 4183 3777 4238 καὶ

547 4284 794 4340 sionibus
825 4284 1020 4336 decore
1047 4279 1500 4349 distinguebatur,
1528 4286 1589 4332 ut
1621 4277 1905 4346 perspicua
1937 4284 1991 4330 et
2024 4290 2116 4329 ac-

547 4383 737 4426 curata
773 4387 952 4425 rerum
985 4380 1261 4440 gestarum
1302 4367 1562 4422 memoria
1591 4375 2028 4432 conservaretur,
2063 4373 2118 4419 et

550 4466 672 4518 vita:
729 4472 882 4516 actus
931 4473 1077 4515 recte
1144 4461 1581 4529 disponerentur.
1631 4457 1721 4512 Sic
1772 4472 1901 4526 ergo
1951 4457 2115 4510 etiam

552 4553 754 4623 Moysis
786 4551 871 4605 lex
902 4564 1074 4618 usque
1096 4549 1163 4602 ad
1192 4547 1566 4617 evangelicam
1599 4545 1895 4601 salutarem
1916 4546 2120 4614 prtedi-

547 4644 818 4694 cationem
853 4639 1149 4708 producta,
1193 4646 1440 4705 tempore
1488 4635 1735 4688 constitit
1787 4643 1844 4688 et
1885 4634 2120 4689 circum-

461 4717 466 4723 ’
551 4736 755 4801 scripta
800 4731 920 4785 fuit.
961 4728 1266 4786 Idololatria
1301 4741 1459 4792 vero,
1499 4737 1790 4794 apparente
1829 4725 2120 4780 Servatore

551 4836 739 4877 nostro
762 4824 890 4886 Deo,
924 4838 1077 4891 aeque
1099 4816 1794 4885 cessavitcircumscripta,
1834 4830 2008 4886 neque
2035 4816 2119 4871 ul-

553 4912 724 4966 terius
754 4911 1132 4980 progrediens,
1160 4926 1339 4980 neque
1375 4908 1580 4964 diutius
1616 4922 1745 4962 suos
1787 4916 1941 4961 actus
1966 4921 2121 4962 exse-

553 5017 699 5058 rens.
729 5001 836 5055 Sed
863 5015 1035 5068 neque
1066 5001 1151 5054 lex
1176 4999 1426 5070 quamvis
1447 4998 1885 5068 circumscripta,
1917 4997 2026 5068 79
2055 4997 2122 5051 fi-

550 5110 737 5166 guram
776 5092 963 5146 habuit
990 5129 1007 5155 ,
1044 5107 1166 5145 cum
1209 5107 1304 5160 per
1347 5108 1405 5148 se
1461 5091 1594 5146 nihil
1629 5089 1701 5162 sit
1747 5091 1848 5144 nisi
1886 5107 2120 5152 nomen,

552 5197 863 5256 quanquam
896 5181 1013 5248 cths
1062 5180 1314 5235 mandata
1349 5181 1656 5252 syllabatim
1706 5180 2038 5244 scribuntur,
2067 5188 2123 5232 et

552 5277 608 5333 in
653 5273 829 5330 sacris
857 5271 1036 5326 Libris
1067 5279 1330 5339 perpetuo
1362 5279 1600 5326 manent.
1631 5269 1818 5340 Neque
1843 5271 1970 5324 item
2002 5272 2122 5324 ido-

554 5368 766 5423 lolatria
799 5365 1059 5435 pingitur,
1093 5378 1214 5417 cum
1247 5362 1391 5416 circa
1421 5378 1506 5416 res
1536 5363 1954 5419 insubsistentes
1985 5378 2124 5418 vane

556 5457 788 5528 laboret,
816 5468 871 5514 et
900 5457 1106 5527 absque
1136 5453 1318 5524 specie
1347 5453 1454 5508 ulla
1484 5452 1722 5524 figurare
1745 5454 1837 5510 sit.

2218 4280 2527 4343 ὑπατείαις,
2578 4280 2673 4332 καὶ
2709 4279 2922 4351 ἑτέροις
2968 4279 3193 4350 μέτροις
3253 4281 3655 4350 κοσμούμενος,
3703 4278 3776 4329 ἵνα

2220 4370 2396 4440 σαφὴς
2430 4369 2524 4422 καὶ
2558 4369 2945 4440 τετρανωμένη
2972 4368 3082 4422 τῶν
3122 4371 3520 4441 πραττομένων
3550 4372 3583 4442 ἡ
3611 4371 3780 4441 μνήμη

2219 4462 2568 4529 διασὼζηται,
2593 4461 2686 4512 καὶ
2706 4462 2773 4513 τὰ
2794 4461 2851 4512 ὲν
2874 4460 2953 4530 τῷ
2977 4459 3078 4530 βίῳ
3101 4460 3442 4530 διευθετῆται
3477 4463 3782 4533 πράγματα.

2221 4550 2408 4614 Οὕτως
2443 4546 2536 4604 οὖν
2557 4551 2651 4604 καὶ
2679 4553 2708 4604 ό
2736 4551 2875 4605 κατὰ
2906 4552 3109 4606 Μωσέα
3131 4553 3296 4621 νόμος
3319 4554 3485 4623 μέχρι
3520 4553 3615 4606 τοῦ
3638 4553 3782 4618 εὐαγ-

2221 4640 2442 4710 γελικοῧ
2496 4641 2594 4695 καὶ
2622 4639 2895 4713 σωτηρίου
2939 4640 3298 4712 κηρύγματος
3341 4642 3575 4713 προῖὼν,
3623 4641 3784 4712 χρόνῳ

2219 4732 2349 4802 ἔστη
2385 4732 2480 4785 καὶ
2513 4730 2888 4802 περιεγράφη.
2936 4732 3048 4786 Καὶ
3073 4734 3107 4804 ἠ
3153 4732 3569 4804 εἰδωλολατρία,
3602 4735 3784 4800 ἐπιφα-

2219 4823 2403 4886 νέντος
2429 4821 2524 4876 τοῦ
2558 4822 2812 4893 Σωτῆρος
2843 4822 3001 4893 ήμῶν
3030 4822 3192 4888 Θεοῦ,
3213 4823 3479 4888 ὡσαύτως
3515 4825 3786 4895 κατήργη-

2219 4930 2308 4966 ται
2342 4913 2434 4965 teat
2466 4911 2931 4982 περιγέγραπται,
2964 4914 3044 4976 εἰς
3071 4913 3131 4967 τὸ
3146 4914 3334 4969 λοιπὸν
3357 4917 3500 4988 μήτε
3537 4914 3786 4986 προϊοῦσα

2223 5001 2362 5072 μήτε
2387 5000 2694 5073 ὲνεργοῦσα
2728 5002 2974 5056 πώποτε.
3021 5003 3161 5056 Ἀλλ’
3209 5003 3333 5058 οὔτε
3367 5009 3396 5059 ὁ
3428 5006 3600 5076 νόμος
3626 5004 3789 5058 καίτοι

2221 5092 2600 5162 περιγραπτὺς
2647 5089 2745 5158 ὢν,
2801 5093 3153 5157 είκονίξεται,
3205 5095 3338 5148 αὑτό
3383 5110 3445 5162 γε
3495 5093 3622 5147 καθ’
3671 5089 3789 5144 αὐτὸ

2219 5180 2458 5252 τοῦνομα
2497 5181 2672 5251 ψιλὸν,
2731 5184 2780 5235 εί
2830 5186 2926 5237 καὶ
2976 5187 3046 5239 τὰ
3081 5183 3414 5256 νομιζόμενα
3457 5182 3790 5243 summa»;

2222 5271 2515 5342 γράφεται,
2549 5273 2644 5324 καὶ
2672 5274 2729 5325 ὲν
2764 5271 2980 5337 Βίϐλοις
3015 5275 3188 5343 ἱεραῖς
3220 5275 3308 5327 ἀεὶ
3331 5273 3674 5343 διαφέρεται.
3701 5269 3794 5323 Οὖ-

2222 5378 2283 5414 τε
2314 5364 2347 5432 ή
2380 5363 2768 5434 εἰδωλολατρία
2799 5366 3094 5434 γράφεται,
3147 5368 3384 5436 πρᾶγμα
3433 5366 3571 5437 περὶ
3598 5363 3792 5418 ἀνυπό-

2225 5463 2396 5506 στατα
2446 5457 3001 5528 ματαιοπονούμενον,
3039 5459 3278 5514 ἀνείδεόν
3319 5477 3378 5514 τε
3412 5458 3470 5514 ὃν
3505 5459 3603 5513 καὶ
3631 5458 3790 5528 ἀσχη·

2232 5545 2509 5615 μάτιστον.
