3994 6198
306 251 414 315 377

1038 263 1664 328 ANTIRRHETICUS
1705 265 1798 326 III
1837 262 2006 326 ADV.
2044 263 2638 328 CONSTANTINUM
2674 267 2888 330 COPR.

3455 275 3560 340 378

311 365 454 435 μήτε
480 366 516 422 ἃ
537 368 800 424 ἀκούουσι
835 371 1123 437 συνιέντας
1147 415 1163 438 ,
1190 375 1290 445 τῆς
1323 375 1380 430 δέ
1411 376 1623 431 ἑαυτῶν
1641 378 1891 446 ἀπεγνω-

1999 377 2196 442 sciunt,
2229 387 2284 432 et
2325 380 2392 433 de
2443 393 2540 432 sua
2591 379 2767 436 salute
2821 379 3560 450 desperantiNihilominus

309 457 479 520 κότας
515 461 826 530 σωτηρίας;
861 463 1057 532 Ὅμως
1081 465 1127 517 δ’
1157 465 1252 519 οὖν
1285 467 1315 518 δ
1337 467 1436 536 τῆς
1460 465 1722 538 ἀληθείας
1745 468 1888 536 παῤ-

309 550 642 618 ῥησιάσεται
687 552 867 622 λόγος.
921 555 1146 624 Πρῶτον
1173 557 1231 610 δὲ
1285 558 1460 610 ἐκεῖνο
1504 559 1680 612 είπείν
1717 555 1888 622 ἀξιον,

305 640 393 692 ὅτι
439 641 680 708 μάλιστα
723 645 782 696 ἐν
819 647 931 706 τοῖς
972 647 1106 715 περὶ
1157 645 1294 698 Θεοῦ
1341 646 1653 718 λεγομένοις
1689 665 1750 700 τε
1798 648 1893 700 καὶ
1937 673 1940 678 ·

305 730 689 802 ἀκουομέναις,
720 735 837 803 μετ’
866 735 1155 798 εὐλαϐείας
1175 737 1273 806 τῆς
1299 738 1692 808 προσηκούσης
1717 754 1905 808 προσ-ο

308 822 457 874 ιέναι
499 823 626 892 χρὴ,
661 823 811 894 φόὸῳ
849 824 978 894 θείῳ
1007 829 1484 898 κατηρτισμένους
1506 845 1520 858 ·
1551 825 1672 881 είτα
1706 829 1888 882 πίστιν

308 914 372 964 ἐν
397 912 614 978 τούτοις
658 915 930 984 ἡγεῖσθαι,
977 917 1074 970 καὶ
1105 917 1291 972 πίστιν
1327 919 1618 989 τιμᾶσθαι,
1636 908 1744 973 οιαὶ
1767 921 1888 982 ταῖς

307 999 519 1070 ψυχαῖς
541 1004 990 1074 προενιδρύσθαι,
1016 1007 1111 1060 καὶ
1137 1008 1196 1060 ἐν
1225 1007 1486 1080 εὐθύτητι
1514 1009 1740 1080 καρδίας
1763 1007 1889 1072 τοὺς

307 1093 448 1162 περὶ
482 1094 824 1165 τηλικούτων
866 1096 1059 1167 λόγους
1093 1097 1473 1170 ὑποδέχεσθαι,
1506 1100 1680 1154 κενῶν
1707 1099 1765 1154 δὲ
1795 1100 1890 1154 καὶ

311 1185 570 1252 ματαίων
613 1186 942 1258 ἐρωτήσεων
973 1187 1278 1258 ἀπέχεσθαι
1305 1228 1322 1252 ,
1350 1188 1484 1253 τούς⁹
1525 1206 1586 1243 τε
1622 1187 1890 1262 γραώδεις

309 1273 526 1344 μύθους
543 1276 638 1330 καὶ
658 1277 758 1342 τὰς
791 1277 1054 1348 βεϐήλους
1077 1281 1414 1350 κενοφωνίας
1433 1282 1515 1345 είς
1536 1281 1599 1335 τὺ
1627 1281 1892 1346 παντελὲς

308 1365 764 1435 ἀποτρέπεσθαι,
806 1369 870 1423 οὐ
901 1371 1196 1442 προσέχειν
1235 1373 1292 1425 δὲ
1337 1372 1708 1442 γενεαλογίαις
1751 1373 1889 1426 ἀπε-

302 1456 558 1527 ρεῖν-τοις,
584 1459 728 1513 καθά
749 1459 810 1512 τὸ
840 1460 1078 1530 Γράμμα
1105 1461 1167 1519 τὸ
1193 1462 1339 1532 ίερδν
1371 1457 1662 1531 δεδίδαχεν,
1697 1461 1755 1515 αῖ
1791 1461 1892 1532 ζη-

307 1549 504 1619 τήσεις
539 1550 843 1622 παρέχουσι
884 1551 1108 1622 μᾶλλον,
1133 1553 1180 1624 σῆ
1235 1553 1550 1622 οἰκονομίαν
1605 1551 1743 1606 Θεοῦ
1792 1553 1891 1624 τὴν

247 1709 252 1711 _
310 1644 375 1694 ἐν
429 1642 655 1708 πίστει,
693 1643 832 1714 μηδέ
890 1643 1076 1712 ζητεῖν
1114 1646 1215 1715 τὴν
1264 1645 1352 1699 διά
1383 1646 1492 1698 τῶν
1525 1645 1766 1716 σημείων
1797 1645 1892 1699 καὶ

1993 469 2245 524 veritatis
2303 484 2484 524 sermo
2534 471 2731 526 fiducia
2777 487 2884 526 non
2943 483 3112 528 caret.
3162 473 3347 529 Primo
3379 475 3561 544 itaque

1991 575 2213 616 monere
2238 561 2458 631 dignum
2498 569 2606 628 est,
2653 576 2848 632 nempe
2883 563 2948 618 ad
2973 579 3037 618 ea
3071 565 3305 620 maxime
3333 581 3452 634 qua:
3486 545 3551 621 de

1991 649 2102 704 Deo
2123 649 2379 705 dicuntur
2407 659 2462 704 et
2515 651 2837 715 audiuntur,
2875 651 3057 706 debita
3085 667 3206 707 cum
3249 653 3560 708 reverentia

1991 753 2110 796 esse
2168 741 2556 804 accedendum,
2619 740 2917 812 divinaque
2965 743 3162 798 timore
3237 748 3555 800 instructos.

1992 818 2486 898 Deinde'oportere
2545 829 2600 883 itt
2641 831 2726 886 his
2775 832 2850 886 uti
2917 836 3055 890 duce
3107 835 3234 900 ﬁde,
3295 835 3558 890 honorem

1993 920 2116 974 ﬁdei
2174 921 2398 986 habere,
2465 935 2696 990 eamque
2755 923 2956 978 animis
3005 924 3265 990 inserere,
3315 935 3372 982 et
3435 942 3557 981 cum

1992 1009 2314 1064 rectitudine
2337 1011 2517 1066 cordis
2536 1011 2840 1067 doctrinam
2867 1015 3016 1070 circa
3041 1015 3142 1071 bas
3171 1031 3262 1072 res
3282 1017 3558 1086 excipere,

1992 1100 2240 1156 futilibus
2265 1101 2574 1172 ineptisque
2606 1104 3002 1174 quaestionibus
3044 1107 3345 1175 abstinere,
3385 1108 3562 1164 aniles

1991 1187 2204 1245 fabulas
2238 1190 2572 1260 profanaque
2599 1201 2654 1246 et
2683 1178 2824 1248 vana
2847 1195 3108 1250 vocabula
3148 1197 3373 1252 omnino
3395 1213 3561 1267 repu-
3611 1190 3624 1214 ’

1990 1278 2164 1344 diare,
2223 1294 2399 1350 neque
2447 1283 2780 1353 genealogiis
2829 1283 3204 1342 interminatis
3255 1288 3558 1356 attendere,

1991 1379 2152 1440 prout
2205 1385 2378 1428 sacra:
2427 1371 2651 1429 Litterae
2695 1375 2986 1442 docent“,
3047 1391 3168 1446 qute
3225 1379 3556 1446 quaestiones

1992 1469 2255 1531 praestant
2295 1464 2488 1534 magis,
2517 1477 2683 1534 quam
2715 1465 2809 1520 Dei
2840 1467 3202 1521 teconomiam
3226 1468 3303 1540 (5)
3328 1483 3448 1538 qua
3473 1478 3560 1524 est

1991 1550 2046 1604 in
2082 1551 2185 1605 ﬁde
2215 1565 2231 1604 :
2258 1563 2431 1619 neque
2462 1552 2590 1606 item
2615 1552 2728 1622 86
2763 1553 3041 1622 postulare
3071 1564 3131 1608 ut
3169 1569 3266 1624 per
3292 1556 3555 1612 miracuia

1993 1649 2048 1696 et
2071 1640 2376 1712 prodigiosa
2403 1657 2566 1711 opera
2609 1644 2950 1698 conlirmatio
2986 1644 3080 1699 ﬁat
3113 1659 3178 1700 ac
3205 1646 3556 1702 demonstra-

314 1699 654 1804 παραδόξων,
689 1699 866 1805 έργιον
899 1699 1182 1790 πίστωσιν.
1225 1737 1320 1790 καὶ
1362 1699 1660 1802 ἀπόδειξιίν.
1699 1734 1734 1806 ἦ
1758 1735 1892 1804 γοῦν

1999 1727 2115 1782 tio:
2151 1727 2233 1782 vel
2293 1727 2524 1798 denique
2565 1729 2790 1786 minime
2843 1731 3048 1786 habere
3089 1743 3367 1788 nutantem
3414 1735 3557 1790 circa

313 1823 626 1894 ἀμφίϐολον
665 1825 765 1896 τὴν
800 1825 1029 1896 γνώμην
1064 1827 1208 1898 ἔχειν
1243 1827 1375 1898 scapi.
1417 1825 1488 1880 τὰ
1514 1826 1724 1896 καίρια.
1761 1827 1893 1879 Ἰου-

311 1917 505 1970 δαίκδν
545 1916 708 1970 τοῦτο
759 1917 822 1970 τὸ
857 1917 1196 1990 ἐπιχείρημα
1221 1957 1239 1982 ,
1282 1917 1530 1972 ἀπίστων
1552 1919 1668 1970 ἐστὶ
1699 1917 1760 1972 τὸ
1791 1934 1893 1970 κα-

315 2009 638 2080 κούργημα.
669 2007 824 2062 Τίσιν
858 2007 962 2080 ἔφη
987 2010 1014 2061 ὁ
1041 2009 1246 2080 Κύριος
1267 2049 1282 2074 ,
1313 2011 1382 2062 Ὠ
1407 2009 1582 2078 γενεὰ
1613 2005 1888 2072 ἄπιστος,

315 2099 576 2167 σημεῖον
589 2097 871 2166 ἐπιζητεῖ,
894 2099 992 2154 καί
1020 2099 1272 2170 σημεῖον
1291 2101 1364 2153 οὐ
1378 2097 1696 2165 δοθήσεται
1716 2096 1890 2166 αὐτῇ,

313 2193 457 2248 ἀλλ’
508 2193 550 2262 ἢ
592 2192 661 2245 τὸ
699 2191 956 2262 σημεῖον
1005 2189 1167 2246 Ἰωνᾶ
1216 2190 1322 2244 τοῦ
1379 2189 1730 2259 προφήτου;
1771 2189 1893 2258 οὐχὶ

313 2285 428 2344 τοῖς
452 2279 776 2334 ἀπειθοῦσιν
818 2281 1126 2345 Ἰουδαίοις,
1158 2281 1252 2334 καὶ
1293 2282 1379 2334 ἀεὶ
1403 2281 1482 2350 τῷ
1527 2268 1667 2350 ἀγίῳ
1694 2280 1892 2350 διαμα-

314 2372 574 2442 χομένοις
604 2369 916 2440 Πνεύματι;
968 2371 1109 2440 Μηδ⁹
1139 2367 1206 2424 αὖ
1257 2371 1397 2442 πρὸς
1445 2372 1769 2443 περιέργους
1799 2373 1894 2424 καὶ

315 2461 686 2526 ἀπαιδεύτους
713 2463 941 2533 ὲρεύνας
969 2463 1320 2530 ἀπάγεσθαι,
1355 2463 1410 2516 αἶ
1439 2463 1769 2534 λογομαχίας
1799 2461 1894 2519 καὶ

313 2554 521 2625 λέσχην
542 2554 773 2622 γεννῶσι
809 2555 1030 2624 μᾶλλον,
1062 2557 1094 2628 ἢ
1120 2555 1280 2622 λόγον
1304 2553 1604 2626 εὔχρηστον
1635 2556 1730 2609 καὶ
1751 2556 1893 2626 ιῖιφέο

313 2645 474 2714 λιμον
500 2661 516 2677 ·
551 2647 688 2714 μήτε
724 2643 831 2714 μὴν
858 2645 997 2714 πρὸς
1041 2646 1431 2708 ἀποδεικτικὰς
1469 2645 1715 2712 ἀνάγκας
1745 2645 1892 2712 λογι-

1995 1835 2084 1876 res
2101 1819 2435 1890 principales
2453 1821 2803 1876 sententiam.
2838 1820 3119 1887 Iudaicum
3153 1823 3256 1878 hoc
3275 1835 3561 1891 argumen-

1993 1925 2105 1968 tum
2131 1921 2236 1978 est,
2269 1920 2325 1966 et
2353 1911 2765 1966 incredulornm
2799 1913 3036 1968 malitia.
3064 1913 3400 1982 Quibusnam
3426 1915 3560 1970 dicit

1992 2005 2252 2066 Dominus
2284 2022 2298 2058 :
2333 2007 2376 2058 0
2414 2005 2680 2074 generatio
2701 2005 3010 2060 incredula!
3041 2006 3246 2076 signum
3267 2007 3482 2077 quierit,
3507 2016 3556 2061 et

1991 2099 2194 2168 signum
2216 2112 2318 2150 non
2347 2097 2562 2148 dabitur
2581 2095 2651 2159 ei,
2673 2096 2777 2148 nisi
2801 2097 3010 2166 signum
3023 2095 3177 2150 Jonas
3189 2104 3456 2166 prop/tela:
3475 2097 3519 2130 "
3533 2097 3562 2150 .’

1993 2201 2172 2241 nonne
2235 2185 2652 2240 contumacibus
2711 2183 2916 2240 Judzeis
2967 2195 3022 2239 et
3073 2194 3265 2240 sancto
3340 2199 3560 2252 semper

1992 2277 2314 2332 resistentes
2346 2274 2569 2344 Spiritui
2594 2275 2618 2328 ‘i
2639 2275 2824 2344 Neque
2855 2276 2985 2330 item
3016 2275 3249 2330 curiosis
3278 2285 3331 2329 et
3364 2275 3557 2330 inﬁce-

1993 2369 2064 2423 tis
2096 2365 2538 2436 inquisitiunibus
2569 2374 2786 2435 oportet
2820 2381 2918 2421 nos
2965 2365 3166 2434 abripi,
3203 2381 3324 2435 qnze
3358 2368 3550 2421 verbo-

1991 2473 2112 2514 rum
2137 2457 2511 2512 contentiones
2559 2467 2614 2510 et
2665 2455 3038 2526 garrulitatem
3079 2456 3260 2526 potius
3290 2465 3558 2526 generant

1994 2566 2154 2621 quam
2183 2549 2479 2621 proﬁcuam
2530 2547 2826 2617 utiiemque
2852 2534 3156 2604 doctrinam
3180 2571 3194 2604 :
3221 2562 3395 2618 neque
3427 2549 3546 2602 dia-

1995 2642 2204 2698 lecticis
2260 2641 2529 2696 methodis
2566 2640 3132 2694 ad.demonstrativas
3175 2637 3559 2695 conclusiones

313 2736 444 2796 καῖς
487 2733 732 2804 μεθόδοις
772 2732 1190 2802 προαγομένους
1233 2733 1324 2786 ate
1369 2735 1476 2786 τῶν
1503 2735 1764 2804 ἐντέχνων
1799 2735 1894 2788 καὶ

1999 2732 2266 2802 pergendo
2299 2745 2396 2799 per
2448 2729 2776 2784 artiiiciosos
2827 2731 3210 2800 captiososque
3255 2744 3558 2796 sermones,

315 2823 730 2894 σεσοφισμένων
764 2823 962 2890 λόγων,
1009 2825 1102 2876 ἐπὶ
1141 2825 1240 2885 τὰς
1281 2823 1484 2876 τούτοιν
1530 2823 1893 2892 καταφεύγειν

1999 2827 2063 2898 ad
2123 2827 2226 2879 hoc
2279 2838 2449 2894 genus
2506 2824 2922 2890 persnasionum
2977 2821 3292 2892 confugere,
3342 2821 3560 2890 quaead

315 2915 710 2982 πιθανότητας,
737 2914 926 2984 βιαίως
949 2915 1086 2983 πρὸς
1113 2915 1516 2982 συγκατάθεσιν
1537 2916 1664 2978 τοὺς
1690 2916 1896 2986 ἀκροω-

1999 2931 2322 2974 consensum
2369 2916 2656 2970 audientes
2705 2915 2972 2970 violenter
3029 2914 3276 2982 adigunt.
3333 2911 3562 2966 Prorsus

318 3007 522 3078 μένους
559 3006 906 3074 ἐπαγομένας
931 3019 944 3033 ⁸
991 3005 1305 3076 Ἑλληνικὸν
1333 3005 1494 3058 τοῦτο
1521 3006 1613 3056 καὶ
1649 3005 1892 3057 ἀπίστων

1999 3010 2108 3066 hoc
2167 3008 2516 3064 ethnicorum
2560 3014 2644 3061 est
2703 3015 2867 3076 atque
2914 3005 3210 3060 inﬁdelium
3261 3004 3562 3057 inventum.

318 3095 644 3149 παντάπασι
671 3095 735 3147 τὸ
782 3095 1088 3167 ἐφεύρεμα.
1121 3097 1234 3147 Καὶ
1276 3095 1386 3166 γὰρ
1417 3095 1612 3166 ὥσπερ
1651 3095 1894 3148 Ἰουδαῖοι

1999 3101 2206 3158 Etenim
2238 3100 2379 3154 sicut
2423 3096 2594 3152 Judmi
2643 3099 2855 3169 signum
2887 3105 3100 3170 petunt,
3128 3099 3200 3152 ila
3240 3095 3441 3152 ethnici
3473 3107 3562 3149 sa-

319 3187 554 3255 σημεῖον
604 3185 883 3251 αἰτοῦσιν,
927 3185 1073 3240 οὕτω
1120 3185 1216 3239 καὶ
1259 3185 1520 3257 Ἕλληνες
1567 3187 1756 3254 σοφίαν
1798 3184 1895 3256 ζη-

315 3279 532 3332 τοῦσιν.
723 3269 734 3282 ’

392 3373 460 3442 β’.
511 3370 652 3425 Ἀλλ’
677 3372 808 3442 ἡμῖν
826 3387 912 3438 γε,
939 3365 1020 3434 οἷς
1050 3370 1231 3434 πίστις
1252 3369 1314 3422 τὸ
1339 3368 1676 3440 τιμώμενον,
1703 3368 1894 3432 πίστις

319 3463 467 3533 ἀρχὴ
493 3463 590 3516 καὶ
629 3460 918 3530 ὑποϐάθρα
945 3462 1077 3530 ’τῆς
1123 3459 1397 3529 σωτηρίας
1433 3459 1593 3531 ημῶν
1639 3459 1893 3518 τιθέσθω,

319 3555 446 3608 ὅθεν
472 3553 572 3606 ἐπὶ
602 3554 695 3606 τὸν
738 3553 942 3606 σκοπὸν
972 3552 1064 3612 καὶ
1091 3550 1153 3604 τὸ
1194 3551 1348 3613 τέλος
1377 3550 1486 3604 τῶν
1526 3549 1896 3618 ἐλπιζομένων

319 3643 685 3714 ἐπειγόμεθα.
719 3645 876 3696 Ἐπεὶ
911 3643 968 3696 δὲ
1004 3645 1037 3712 ἠ
1063 3643 1248 3718 πίστις
1283 3641 1342 3706 ἐξ
1375 3643 1567 3712 ἀκοῆς,
1609 3642 1896 3695 πιστεῦσαι

318 3738 406 3791 δεῖ
430 3736 652 3805 πρῶτον
678 3735 774 3788 τὸν
817 3735 1258 3805 προσερχόμενον
1305 3735 1389 3787 ὅτι
1446 3733 1567 3787 ἔστι
1601 3733 1733 3797 Θεὸς
1753 3775 1767 3799 ,
1800 3734 1896 3786 καὶ

320 3829 444 3890 τοῖς
470 3825 802 3896 ἐκζητοῦσιν
837 3825 1006 3878 αὑτὸν
1056 3823 1460 3892 μισθαποδότης
1495 3824 1710 3892 γίνεται
1744 3841 1759 3856 ο
1803 3832 1895 3876 πια

323 3915 556 3968 στεῦσαι
587 3953 604 3979 ,
635 3914 698 3966 οὐ
739 3913 1146 3984 ζυγομαχῆσαι,
1179 3913 1314 3967 ἀλλά
1349 3913 1532 3967 πίστει
1587 3914 1896 3985 προσιέναι,

319 4005 418 4058 τὸν
444 4005 548 4075 τῆς
577 4003 893 4066 εὐπειθείας
961 4004 1150 4074 μισθὸν
1201 4003 1655 4074 ἀπεκδεχόμενον,
1707 4005 1900 4068 Πίστις

321 4097 440 4166 γάρ
469 4098 622 4148 ἐστιν
645 4095 792 4166 ἁπλῆ
816 4095 1095 4164 λογισμῶν
1123 4095 1220 4147 καὶ
1251 4095 1588 4166 ἀπερίεργος
1617 4095 1898 4162 συγκατάο

325 4189 484 4250 θεσις
510 4201 528 4217 ⁶
559 4187 639 4240 διδ
687 4185 869 4238 πίστει
901 4185 1187 4254 πρόσιμεν*
1206 4188 1270 4256 τῇ
1322 4186 1528 4256 χάριτι,
1569 4189 1636 4257 τῇ
1689 4189 1755 4240 ἐκ
1801 4185 1900 4239 τοῦ

323 4279 480 4333 θείου
503 4277 822 4348 Πνεύματος
849 4277 1108 4348 ἐπιπνοίᾳ
1135 4279 1490 4348 ἐντικτομένῃ
1521 4280 1641 4341 ταῖς
1667 4277 1776 4332 τῶν
1807 4296 1902 4331 πι-

1996 3193 2252 3267 pienliam
2276 3201 2530 3262 qurerunt
2561 3188 2626 3245 ⁸⁸.

2063 3375 2120 3433 2.
2158 3373 2325 3430 Nobis
2363 3389 2514 3438 vero,
2549 3373 2747 3444 quibus
2778 3372 2913 3428 ﬁdes
2955 3372 3010 3426 in
3041 3374 3248 3426 honore
3283 3379 3392 3436 est,
3435 3367 3564 3426 lides

2001 3469 2116 3537 ipsa
2143 3467 2358 3522 initium
2408 3481 2472 3521 ac
2507 3465 2920 3520 fundamentum
2971 3464 3163 3520 salutis
3205 3471 3402 3518 nostra:
3435 3477 3568 3517 con-

1999 3562 2283 3626 stituatur,
2345 3561 2488 3614 unde
2527 3559 2593 3612 ad
2632 3571 2852 3628 scepnm
2902 3559 3172 3624 ﬁnemque
3227 3565 3566 3626 speratarum

1998 3666 2178 3707 rerum
2215 3650 2615 3705 contendimus.
2654 3647 2920 3714 Quoniam
2953 3661 3083 3700 vero
3115 3645 3250 3700 ﬁdes
3273 3661 3336 3700 ex
3371 3635 3556 3698 auditu

1998 3753 2104 3808 est,
2129 3742 2352 3796 credere
2390 3737 2606 3808 oportet
2634 3739 2811 3809 primo
2860 3737 3207 3792 accedentem
3240 3737 3379 3806 quod
3413 3736 3554 3790 Deus

1999 3833 2090 3892 sit,
2135 3839 2188 3885 et
2229 3829 2374 3897 quod
2428 3827 2829 3897 inquirentibus
2872 3843 2932 3883 se
2973 3835 3353 3881 rcmnnerator
3398 3825 3564 3889 sit";

2000 3921 2512 3990 credere,inquam,
2560 3928 2794 3988 oportet,
2848 3933 2953 3972 non
3003 3917 3284 3978 resistere.
3320 3917 3413 3972 sed
3443 3931 3568 3970 cum

2002 4014 2106 4068 ﬁde
2122 4011 2404 4072 accedere,
2436 4021 2491 4064 et
2512 4010 2804 4065 docilitatis
2822 4009 3054 4064 fructum
3080 4009 3380 4078 percipere.
3409 4007 3568 4062 Fides

2001 4104 2143 4160 enim
2194 4111 2278 4157 est
2335 4103 2472 4156 liber
2513 4115 2542 4153 a
2595 4099 3108 4154 ratiocinationibus
3156 4108 3210 4152 et
3262 4098 3570 4151 incuriosus

2001 4207 2278 4247 assensus.
2309 4191 2431 4245 Ideo
2460 4189 2563 4243 ﬁde
2591 4190 2658 4243 ad
2695 4189 2922 4256 gratiam
2951 4188 3284 4244 accedimus.
3321 4201 3440 4253 qua:
3474 4187 3561 4239 di-

2003 4281 2128 4335 vino
2149 4278 2362 4334 alﬂanle
2381 4278 2586 4346 Spiritu
2619 4277 2672 4330 in
2703 4276 2988 4328 animabus
3013 4275 3247 4329 fidelium
3279 4274 3556 4343 gignitur:

326 4371 476 4424 στῶν
504 4368 729 4438 ψυχαῖς·
777 4367 958 4438 πάσης
985 4355 1245 4426 ἀπιστίας
1289 4369 1583 4440 ἐλευθέραν
1623 4371 1722 4440 τὴν
1753 4369 1896 4438 γνώο

2007 4387 2126 4424 cum
2158 4369 2382 4422 liberam
2423 4365 2572 4421 omni
2605 4351 2982 4418 incredulitate
3033 4369 3267 4415 mentem
3302 4359 3566 4430 gerimus,

329 4477 444 4533 μην
478 4458 830 4530 κεκτημένοι,
880 4459 978 4513 καὶ
1025 4461 1084 4513 ἐν
1140 4460 1406 4530 ἁπλότητι
1453 4460 1679 4530 καρδίας
1719 4461 1904 4525 ἀτελῶς

327 4552 426 4605 καὶ
457 4550 837 4614 ἀὸασανίστως
863 4551 933 4606 τά
963 4553 1030 4620 τῇ
1061 4550 1328 4623 καθολικῇ
1375 4550 1680 4621 Ἑκκλησίςει¹
1727 4568 1907 4622 παρα-

327 4641 597 4712 δεδομένα
633 4642 708 4707 ῶς
745 4645 810 4696 ἐκ
849 4642 1006 4706 θείας
1049 4642 1432 4712 ἐπιλάμποντα
1486 4643 1708 4712 χάριτος
1758 4642 1909 4713 δεχό-

333 4735 502 4807 μεθα,
547 4734 732 4806 πάσης
759 4733 858 4801 τῆς
887 4733 953 4799 ἐξ
967 4733 1303 4804 ἀμφιϐολίας
1350 4733 1566 4806 κηλῖδος
1597 4735 1693 4788 καὶ
1731 4733 1904 4806 ῥύπου

331 4826 759 4899 καθαρεύοντες.
797 4826 1031 4897 Νόσημα
1063 4827 1176 4897 γὰρ
1207 4825 1390 4896 ψυχῆς
1428 4827 1616 4879 κακῶν
1643 4827 1904 4880 κάκιστον

331 4917 588 4982 ἀπιστία,
629 4919 722 4970 καὶ
752 4917 1048 4982 ἀσυνεσίας
1076 4918 1218 4988 ἀρχὴ
1247 4917 1342 4970 καὶ
1367 4917 1651 4981 ἀπωλείας
1699 4917 1902 4988 παραί-

331 5027 472 5064 τιον.
517 5009 654 5062 Ἐὰν
686 5009 795 5079 γὰρ
831 5009 918 5081 μὴ
955 5009 1356 5078 πιστεύσητε,
1409 5010 1596 5082 φησιν,
1647 5009 1790 5064 οὐδὲ
1821 5009 1906 5080 μὴ

331 5097 588 5166 συνῆτε.
620 5098 697 5151 Ἤ
734 5114 794 5151 τε
828 5097 938 5168 γὰρ
988 5097 1245 5152 ἀπείθεια
1275 5099 1414 5170 πρὸς
1453 5099 1633 5154 ὁτιοῦν
1675 5100 1737 5153 οὐ
1773 5117 1908 5170 συγ-

409 5279 458 5312 ¹⁸
480 5276 504 5332 ῐ
529 5277 672 5334 Tim.
704 5293 742 5342 ι,
769 5277 826 5332 ι.
901 5277 943 5308 ⁸⁷
976 5275 1171 5331 Matth.
1210 5291 1320 5341 tm,
1343 5275 1397 5330 4.
1475 5275 1518 5308 ⁸⁸
1546 5275 1564 5330 l
1595 5275 1726 5331 Cor.
1760 5291 1797 5342 ι,
1829 5275 1922 5330 22.

418 5434 496 5504 (5)
523 5431 749 5488 ϐιαιως
795 5429 1082 5504 Nicephori
1102 5431 1272 5504 codex
1294 5443 1484 5504 reapse
1505 5430 1669 5504 habet
1709 5443 1815 5484 non
1837 5430 1908 5504 ot-

336 5500 580 5573 κοδομὴν
627 5503 714 5556 vel
768 5503 1100 5572 οίκοδομίαν,
1151 5501 1242 5573 sed
1302 5501 1637 5570 οἰκονομίαν,
1698 5511 1756 5552 ιιι
1813 5500 1902 5553 alii

339 5569 497 5628 multi
529 5569 748 5628 codices
786 5569 1134 5641 nonntilliqne
1172 5569 1362 5624 Patres
1388 5569 1699 5641 veteresque
1727 5579 1904 5641 trans-

339 5646 610 5708 lationes;
644 5659 946 5712 quanquam
984 5639 1057 5699 ει
1083 5642 1170 5696 illa
1203 5641 1350 5710 prior
1394 5640 1687 5708 permultos
1744 5639 1904 5694 habet

2001 4473 2058 4518 et
2096 4463 2150 4516 in
2185 4456 2743 4530 simplicitate‘cnrdis
2773 4456 2986 4510 sincere
3027 4468 3090 4509 ac
3125 4451 3243 4508 sine
3275 4450 3380 4504 ulla
3407 4449 3576 4515 inqui-

2003 4547 2201 4609 sitione
2247 4551 2474 4605 traditas
2505 4549 2788 4603 catholica:
2822 4547 3081 4602 Ecclesia:
3137 4543 3414 4600 doctrinas
3449 4549 3576 4594 tan-

2003 4661 2164 4716 quam
2214 4643 2394 4698 divina
2445 4641 2712 4710 fulgentes
2762 4641 2935 4710 gratia
2977 4637 3308 4707 suscipimus
3353 4647 3570 4689 omnem

2010 4735 2366 4792 dubitationis
2441 4749 2650 4790 uterum
2723 4730 3101 4798 maculamque
3172 4729 3574 4794 abstergentes.

2011 4827 2228 4884 Morbus
2268 4825 2414 4881 enim
2461 4826 2710 4880 omnium
2746 4823 3012 4894 pessimus
3043 4819 3418 4880 incredulitas,
3448 4815 3581 4870 insi-

2012 4921 2228 4992 pientiae
2267 4919 2500 4982 initium,
2531 4927 2585 4972 et
2623 4915 2945 4986 perditionis
2975 4928 3161 4968 causa.
3197 4911 3256 4966 Si
3289 4910 3433 4966 enim
3470 4923 3569 4962 nov

2013 5010 2362 5070 credideritis,
2393 5009 2566 5076 inquit
2601 5007 2885 5075 Scriptura
2903 5006 2970 5070 ",
3007 5021 3070 5059 ne
3103 5001 3408 5073 intelligetis
3451 4997 3571 5068 qni-

2013 5103 2158 5158 dem.
2185 5101 2397 5156 Etenim
2431 5098 2780 5157 incredulitas
2812 5097 3012 5153 nullant
3041 5097 3248 5168 patitur
3273 5109 3412 5148 νετειι
3449 5091 3580 5146 reli-

2001 5277 2044 5308 "
2082 5274 2248 5331 Hebr.
2281 5290 2358 5344 XI,
2390 5273 2443 5330 6.
2521 5275 2568 5308 ³ο
2594 5272 2701 5329 lsa.
2728 5286 2825 5340 tu,
2848 5273 2903 5329 9.

2013 5428 2611 5498 aStipulatores.‘Vide
2695 5424 3164 5500 Rosenmiillerttm
3245 5417 3576 5500 addictum

2015 5488 2161 5555 Pauli
2223 5501 2437 5562 locum,
2493 5500 2584 5570 qui
2653 5499 2854 5557 merito
2905 5495 3187 5564 Vulgatam
3220 5499 3482 5555 nostram,
3526 5488 3583 5544 id

2011 5581 2096 5628 cst
2134 5571 2390 5642 priorem,
2420 5568 2660 5642 prtefcrt.
