1997 3099
179 103 232 136 379

690 106 719 136 S.
740 105 948 135 NICEPHORI
968 103 1220 134 PATRIARCIIE
1239 104 1293 133 CP.

1756 108 1805 137 380

180 159 268 193 gionis
285 158 437 187 doctrinam
463 167 530 194 pure
551 161 698 194 excipere:
723 161 857 188 dubitatio
874 167 962 188 autem

1026 161 1099 194 [ωρεῖ
1114 159 1243 195 καθαρῶς
1261 159 1306 185 τὸν
1323 159 1404 192 λόγον
1420 160 1470 194 τῆς
1490 160 1634 190 εὐσεϐείας
1653 163 1807 198 παραδέχε-

181 203 353 238 splendorem
365 205 489 232 veritatis
500 206 660 237 obscurans,
672 213 720 232 ceu
733 206 828 233 nebula
840 206 965 240 quaedam

180 248 231 275 soli
246 248 443 282 intercurrens,
462 257 515 275 non
524 250 587 276 sinit
600 257 667 284 pure
679 250 843 277 intellectum
859 258 963 284 eorum,

180 293 225 326 qui
243 297 333 327 egent,
353 293 508 319 illuminari.
527 293 573 319 Esi.
589 293 670 327 igitur
695 293 877 328 exploratum.
899 294 965 321 nihil

180 345 241 365 esse
258 339 361 365 ﬁrmius
380 346 411 364 ac
427 338 509 365 tutius
530 345 612 372 quam
629 338 736 365 initiqu
756 346 770 365 a
787 338 839 366 ﬁde
855 339 964 366 ducere.

182 384 307 416 Quaerere
331 389 420 410 autem
440 384 508 410 initii
535 384 652 415 initium,
677 389 705 411 et
727 385 966 412 demonstrationis

183 428 454 459 demonstrationem,
476 428 541 462 quid
563 428 635 454 aliud
650 433 692 455 est
713 436 794 462 quam
810 429 872 455 ﬁdei
887 429 965 456 ﬁdem

183 472 324 507 quaerere?
339 481 392 508 qua
407 474 516 507 quidem
532 482 560 500 re
573 473 639 500 nihil
656 475 777 500 insanius
790 480 830 501 est
848 475 969 508 magisve

184 518 340 544 ridiculum.
361 517 502 553 Nunquam
522 519 594 545 enim
613 519 725 545 habebit
739 519 820 545 homo
837 519 881 545 ubi
901 527 968 546 con-

183 563 263 590 sistat
279 571 413 598 suumque
429 564 600 591 ratiocinium
618 564 727 599 deligat,
744 564 767 591 si
790 567 861 598 quod
875 565 969 592 inven-

184 614 241 635 tum
256 614 309 641 est,
329 610 361 636 ad
383 610 462 636 aliam
488 614 603 643 cogatur
628 610 844 644 inquisitionem.
872 609 967 644 Itaque

184 660 275 687 postea
293 663 371 689 quam
391 659 520 688 quantum
538 655 653 689 quisque
670 655 741 682 volet
755 655 922 689 exquirendo
940 662 969 682 se

184 701 330 731 altriverit,
344 700 375 726 ad
389 701 467 727 ﬁdem
481 700 587 727 detnuut
602 708 649 727 ceu
661 702 693 726 ad
708 705 793 726 tutum
807 700 968 734 principium

185 745 332 780 confugiet.
350 744 473 780 Namque
491 746 640 772 incredulis
659 746 685 772 in
705 745 838 772 iuﬁnitmn
855 746 968 772 stultitia

186 790 324 824 procedet,
341 795 367 816 et
379 798 511 824 nusquam
529 790 689 822 consistent,
710 790 757 817 sed
771 790 796 816 in
815 790 969 824 semetipsis

1018 205 1079 231 σθαι
1094 213 1101 219 ·
1117 205 1134 239 ἦ
1148 213 1177 230 τε
1192 204 1343 238 ἀμφιϐολία
1353 204 1402 238 τὴν
1414 204 1512 240 αἴγλην
1527 205 1576 239 τῆς
1595 206 1727 241 ἀληθείας
1743 208 1804 233 ἑπι-

1018 250 1177 282 σκιάζουσα,
1198 249 1325 285 καθάπερ
1339 258 1365 276 τι
1383 250 1464 284 νέφος
1484 251 1635 286 ὑποτρέχον
1657 252 1702 278 τὸν
1717 253 1806 288 ἣλιον,

1016 295 1066 322 οὐκ
1081 295 1191 329 ἐφίησιν
1221 294 1378 329 εἰλικρινῶς
1396 295 1447 330 τὴν
1471 296 1579 322 σύνεσιν
1607 296 1662 323 τῶν
1693 297 1809 324 δεόντων

1017 340 1195 374 αὐγάζεσθαι.
1222 340 1305 375 Δῆλον
1324 338 1372 372 οὖν
1387 341 1425 372 ὼς
1450 341 1528 367 οὐδὲν
1548 342 1598 375 τῆς
1622 342 1666 368 διὰ
1689 343 1810 375 πίστεως

1017 384 1105 419 ἀρχῆς
1131 384 1302 419 βεϐαιότερον
1323 384 1339 419 ἢ
1367 385 1583 420 ἀσφαλέστερον.
1608 386 1645 412 Τὸ
1668 386 1697 412 δὲ
1717 387 1810 422 ζητεῖν

1018 430 1106 463 ἀρχῆς
1118 428 1215 463 ἀρχὴν.
1232 429 1279 455 καὶ
1299 429 1437 461 ἀπόδειξιν
1460 430 1641 462 ἀποδείξεως,
1667 430 1692 456 τί
1715 431 1811 466 ἔτερόν

1019 472 1127 507 ὲστινῆ
1157 472 1247 498 πίστιν
1269 472 1412 507 ἐπιζητεῖν
1438 473 1576 505 πίστεως;
1602 473 1700 499 τούτου
1726 473 1756 500 δὲ
1784 473 1811 500 τί

1019 516 1197 551 ἀνοητότερον
1215 516 1513 552 ἢκαταγελαστότερον
1527 526 1534 550 ;
1550 518 1587 544 Οὺ
1604 518 1729 553 γάρὲξει
1744 519 1811 546 ποτὲ

1019 558 1049 587 οὗ
1079 562 1206 597 στήσεται
1236 562 1283 588 καὶ
1307 562 1451 597 ἀπερεισει
1468 562 1514 588 τὸν
1538 562 1683 597 λογισμὸν,
1702 563 1747 590 ἀεὶ
1762 563 1810 590 τοῦ

1020 606 1252 641 ὲφευρισκομένου
1278 607 1321 640 ἐφ’
1340 607 1437 642 ἑτέραν
1462 607 1578 642 ζήτησιν
1603 609 1786 643 ἐπειγομένου
1801 618 1808 625 ·

1019 651 1089 677 ὥστε
1118 652 1167 678 ὅσα
1199 651 1231 677 ἂν
1254 652 1339 686 κάμοι
1364 661 1406 683 τις
1421 652 1522 688 ζητῶν,
1537 654 1583 679 ἐπὶ
1598 654 1648 689 τὴν
1668 654 1762 680 πίστιν
1773 655 1811 686 ὡς

1020 695 1060 726 εἰς
1075 695 1162 730 ἀρχὴν
1180 696 1289 731 ἀσφαλῆ
1303 697 1514 731 καταφεύξεται.
1538 698 1601 729 Τοῖς
1612 698 1667 733 γὰρ
1682 699 1810 731 ἀπίστοις

1021 741 1061 771 εὶς
1076 741 1230 775 ἀπέραντον
1247 742 1306 777 ἣξει
1331 742 1362 768 τὸ
1381 742 1508 777 μάταιον,
1535 744 1583 770 καὶ
1601 744 1720 779 οὐδαμοῦ
1748 747 1810 780 στή-

1022 794 1124 818 σονται,
1142 787 1212 813 ἀλλ“-
1226 788 1265 819 είς
1284 788 1397 819 ἑαυτοὺς
1430 789 1657 823 συντριϐήσονται
1682 791 1731 816 καὶ
1758 791 1809 817 ἀπ-

186 840 362 862 t-onterentur
372 840 453 869 atque
469 836 594 869 peribunt
605 841 714 870 propter
732 843 808 862 suam
825 835 966 861 inﬁdelita-

1026 831 1226 865 ολοῦνται,διά
1251 834 1301 868 τὴν
1331 834 1461 861 ἀπιστίαν
1489 835 1579 862 αὐτῶν
1616 836 1663 863 καὶ
1692 837 1811 872 σκληρο-

188 885 240 907 tem
262 884 289 907 et
308 881 405 907 durum
422 889 468 907 cor
483 880 533 915 (6).

222 925 250 953 5.
275 925 406 960 Deinceps
425 925 481 959 jam
514 925 629 956 dicimus
659 925 785 960 pingendi
811 926 912 953 Christi
940 933 972 954 ac

189 969 318 1003 ﬁgurandi
349 978 452 997 morem
487 971 558 998 haud
584 979 599 998 a
618 971 696 999 nobis
725 972 831 998 initium
856 972 971 1006 cepisse,

188 1023 276 1049 neque
297 1020 377 1042 ωιειιο
395 1021 485 1042 nostra
510 1021 677 1050 ευδορυιιιιη,
696 1024 783 1050 neque
801 1018 971 1044 neotericum

186 1068 247 1087 esse
263 1062 410 1088 inventum.
426 1061 566 1096 Temporis
583 1063 776 1089 auctoritatem
792 1062 873 1090 habet
887 1063 973 1097 pictu—

190 1113 228 1136 ra,
247 1106 407 1140 antiquitate
423 1108 640 1139 conuueudatur,
661 1108 823 1143 evangelicae
836 1109 970 1143 prmdica-

191 1152 256 1179 tioni
274 1159 410 1179 comtauea
423 1159 484 1185 est;
506 1153 607 1181 idcirco
632 1155 795 1182 venerabilis
810 1161 850 1182 est
864 1163 894 1182 ac
910 1156 972 1182 reli-

188 1197 274 1231 giosa.
289 1199 375 1232 Atque
400 1204 429 1225 ut
450 1200 556 1237 brevius
582 1200 838 1234 asseverantiusque
860 1201 971 1228 dicam:

191 1244 252 1277 quia
269 1243 389 1279 symbula
414 1244 473 1271 ﬁdei
493 1249 593 1272 nostra:
607 1251 671 1271 sunt
685 1245 726 1272 ha:
743 1246 864 1273 visibiles
880 1247 975 1281 imagi-

191 1295 250 1319 nes,
278 1296 369 1323 emque
390 1297 443 1316 una
461 1297 520 1316 cum
547 1290 598 1316 ﬁde
620 1289 677 1323 jam
695 1291 755 1317 inde
776 1298 790 1317 a
819 1292 975 1325 primordiis

190 1338 326 1365 caustant,
352 1334 487 1368 simulque
499 1341 647 1362 creverunt
661 1344 668 1368 ;
683 1336 805 1369 sequitur
823 1341 851 1363 ut
867 1342 975 1371 aposto-

190 1378 270 1405 licum
283 1379 337 1414 87
363 1380 413 1407 hoc
432 1388 500 1414 opus
529 1381 575 1411 sit,
594 1386 620 1407 et
638 1381 748 1408 Patrum
772 1381 859 1415 sigillo
876 1383 975 1409 conﬁr-

190 1429 304 1451 matum.
321 1425 398 1452 Sicut
421 1427 492 1452 enim
511 1426 546 1452 illi
563 1426 682 1453 divinam
698 1426 854 1461 religionem
873 1429 975 1462 scripto

191 1471 270 1497 nobis
286 1471 453 1503 obtulerunt,
469 1473 506 1498 ita
528 1472 647 1499 vicissim
665 1480 679 1498 a
695 1472 801 1506 pictura
812 1473 906 1500 modus
923 1480 976 1507 quo

192 1514 321 1542 Servator
337 1516 363 1542 in
382 1521 453 1542 terra
464 1522 641 1544 conversatus
651 1522 704 1549 est,
721 1524 773 1543 non
789 1517 877 1543 minus
894 1524 975 1551 quam

191 1563 226 1589 ab
241 1563 395 1596 evangelica
415 1562 569 1597 Scriptura,
585 1563 749 1597 conspicuus
763 1562 977 1598 maniﬁ-stusque

193 1609 232 1636 ﬁt.
247 1611 268 1637 Α
285 1610 382 1644 quibus
399 1610 469 1637 idem
487 1616 577 1637 actum
601 1615 653 1642 est,
670 1610 741 1644 quod
766 1610 842 1636 multi
863 1615 977 1644 egerunt

191 1656 293 1688 quires
312 1656 375 1682 olint
407 1656 538 1691 prazclare
565 1661 654 1690 gestas
679 1656 894 1690 descripserunt,
920 1663 973 1682 non

190 1703 268 1730 libris
282 1703 368 1730 solmn
387 1703 622 1734 commendantes,
640 1710 733 1729 verum
756 1702 838 1729 etiam
855 1702 881 1729 in
901 1702 977 1729 tabu-

191 1749 224 1776 lis
252 1754 426 1783 exponentes.
455 1749 612 1784 llujnsmodi
634 1748 743 1775 ell'atttm
775 1749 910 1783 quoddam
944 1749 978 1776 ab

192 1803 244 1822 uno
256 1796 337 1822 etiam
355 1795 543 1830 magistrorum
568 1794 704 1822 Ecclesiae
734 1795 878 1826 audimus,
904 1794 976 1829 quod

194 1849 203 1865 ι
220 1848 315 1873 nempe
327 1848 370 1867 res
382 1840 444 1867 belli
460 1840 566 1867 fortiter
581 1846 682 1875 gestas,
697 1845 723 1867 et
734 1841 854 1867 historici
870 1847 940 1874 saepe
950 1845 978 1867 et

192 1884 311 1916 picturas
327 1889 533 1918 reprmsentant,
549 1885 586 1911 illi
614 1886 722 1919 quidem
750 1885 874 1912 oratione
896 1893 977 1912 exor-

193 1933 299 1960 nantes,
316 1929 341 1954 hi
359 1936 422 1955 vero
438 1929 464 1955 in
485 1930 585 1956 tabulis
608 1930 804 1964 exprimentes.
821 1940 829 1956 ν
843 1930 977 1963 Quamob-

194 1981 250 1999 rem
266 1973 311 2006 qui
339 1973 472 2007 scriptum
489 1974 618 2006 admittit,
648 1974 670 2001 is
707 1975 862 2002 necessario
879 1983 977 2010 repraz-

192 2019 375 2046 suutationcm
394 2028 502 2054 quoque
526 2021 670 2048 admittet:
701 2029 762 2047 nam
788 2021 809 2048 si
826 2029 906 2051 unum
923 2029 976 2048 non

195 2064 301 2098 recipit,
317 2072 350 2091 ne
365 2064 482 2091 alterum
502 2065 622 2100 quidem.
636 2065 696 2093 Jam
714 2066 775 2100 quia
788 2066 919 2101 quidquid
935 2071 978 2094 est

193 2116 297 2142 actum,
313 2110 444 2137 exinaniti
460 2109 540 2138 Verbi
557 2111 609 2138 vita
626 2117 700 2145 gesta
713 2111 773 2142 fuit.
785 2112 939 2147 placuitque
952 2112 977 2139 ei

1024 877 1149 913 καρδίαν.

1059 927 1094 957 γ’.
1114 923 1195 957 Ἑξῆς
1212 924 1341 950 δὲταῦτα
1356 924 1483 959 λέγομεν,
1504 925 1545 951 ὅτι
1561 925 1592 951 τὸ
1612 927 1728 960 γράφειν
1751 928 1811 962 ἢτοι

1025 970 1167 1002 είκονίξειν
1179 970 1224 996 τὸν
1240 970 1371 1005 Χριστὸν,
1384 971 1433 996 οὐκ
1446 970 1475 1002 ἐξ
1488 971 1566 1005 ἡμῶν
1574 971 1623 1006 τὴν
1635 973 1722 1007 ἀρχὴν
1736 974 1811 1007 antq-

1025 1024 1086 1049 φεν,
1101 1016 1161 1042 οὐδὲ
1175 1016 1203 1041 ὲν
1217 1017 1249 1050 τῇ
1263 1016 1324 1041 καθ’
1337 1017 1409 1050 ἡμᾶς
1419 1013 1520 1050 ἦρκται
1530 1018 1622 1052 γενεᾷ.
1636 1018 1697 1043 οὐδὲ
1712 1019 1812 1053 νεαρὸν

1025 1061 1055 1086 τὺ
1067 1060 1211 1095 ὲφεύρημα
1220 1069 1226 1074 ⁸
1245 1060 1333 1095 χρόνῳ
1347 1061 1493 1096 τετίμητίι
1505 1062 1521 1096 ἡ
1533 1062 1636 1096 γραφὴ¹
1650 1063 1812 1099 ἀρχαιότητι

1026 1106 1182 1141 διαπρέπει,
1192 1106 1334 1139 ἡλικιῶτις
1346 1107 1404 1132 ἐστι
1416 1106 1464 1132 τοῦ
1478 1107 1659 1141 εὐαγγελικοῦ
1668 1107 1814 1142 κηρύγμα-

1026 1160 1071 1183 τος
1084 1160 1090 1166 ·
1106 1152 1145 1178 διὸ
1162 1152 1208 1178 καὶ
1224 1151 1364 1186 αἰδέσιμος
1382 1153 1429 1178 καὶ
1443 1152 1592 1186 σεϐασμία.
1613 1154 1668 1179 Καὶ
1681 1154 1725 1180 ἵνα
1749 1163 1814 1181 συν-

1026 1196 1181 1231 τομώτερον
1205 1196 1252 1222 καὶ
1285 1196 1458 1231 βεῦαιότερον
1485 1197 1564 1229 sine),
1580 1198 1674 1232 ἐπειδὴ
1690 1198 1814 1232 σύμῦολα

1026 1241 1076 1275 τῆς
1093 1241 1211 1272 πίστεως
1239 1242 1318 1276 ήμῶν
1338 1241 1386 1275 τῆς
1413 1243 1564 1277 ἀμωμήτου
1592 1244 1626 1269 τὰ
1651 1244 1711 1277 ἱερὰ
1726 1243 1816 1270 ταῦτα

1028 1285 1163 1320 θεάματα,
1175 1285 1260 1312 πάλαι
1274 1286 1306 1320 τῇ
1321 1285 1410 1311 πίστει
1425 1287 1471 1312 καὶ
1484 1286 1513 1319 ἐξ
1528 1286 1615 1322 ἀρχῆς
1627 1287 1816 1323 συνυφέοτηκε

1028 1333 1074 1358 καὶ
1091 1332 1286 1366 συνήκμασεν·
1313 1331 1473 1358 ἀποστόλων
1504 1332 1564 1358 ἐστὶ
1590 1333 1620 1359 τὺ
1647 1334 1814 1368 ἐγχείρημα,

1029 1376 1158 1411 Ματέρων
1178 1377 1208 1403 τὸ
1231 1377 1452 1412 ὲπισφράγισμα.
1472 1377 1514 1409 Ὡς
1529 1380 1583 1413 γὰρ
1602 1378 1678 1404 αὐτοὶ
1703 1379 1748 1405 τὸν
1763 1379 1816 1413 τῆς

1029 1422 1183 1453 ϐεοσεὸείας
1197 1423 1266 1457 ἡμῖν
1281 1423 1463 1458 εἰσηγήσαντο
1474 1423 1643 1457 λόγον,οὖτω
1660 1424 1707 1450 καὶ
1733 1425 1762 1450 ὲν
1776 1424 1817 1459 τῷ

1031 1468 1109 1503 μέρει
1124 1468 1221 1502 τούτῳ,
1238 1469 1284 1495 τὸν
1304 1469 1406 1503 τρόπον
1422 1469 1483 1496 καθ’
1500 1470 1529 1496 ὂν
1552 1471 1565 1496 ὁ
1584 1469 1679 1505 Σωτὴρ
1697 1471 1744 1497 ἐπὶ
1765 1474 1818 1509 τῆς

1027 1514 1081 1549 γῆς
1105 1515 1263 1549 ἀνεστράφη
1294 1515 1514 1550 πολιτευόμενος,
1537 1516 1607 1542 καθά
1636 1516 1683 1542 καὶ
1705 1516 1750 1542 διὰ
1765 1517 1818 1551 τῆς

1028 1560 1208 1595 εὐαγγελικῆς
1224 1561 1388 1595 συγγραφῆς
1402 1562 1511 1597 ἐμφανῆ
1525 1562 1571 1587 καὶ
1589 1562 1656 1596 δῆλα
1682 1562 1818 1589 καθίστα-

1027 1612 1082 1636 ται,
1100 1605 1197 1630 ταυτὸν
1208 1605 1278 1639 τάχα
1293 1606 1445 1639 ποιοῦντες,
1461 1607 1530 1642 ὅπερ
1543 1607 1636 1634 πολλοὶ
1658 1609 1713 1634 τῶν
1730 1608 1818 1635 πάλαι

1026 1647 1076 1679 τὰς
1093 1648 1234 1683 ἀριστείας
1263 1649 1454 1684 ἀναγράπτοιις
1471 1652 1649 1686 ἐποιήσαντο,
1674 1653 1705 1679 οὐ
1733 1654 1817 1688 μόνον

1027 1694 1057 1720 ὲν
1072 1694 1176 1728 βίϐλοις
1196 1694 1410 1730 ἀναταξάμενοι,
1427 1696 1478 1731 ἤδη
1495 1696 1523 1722 δὲ
1540 1697 1587 1723 καὶ
1602 1699 1630 1723 ὲν
1644 1697 1755 1730 πίναξιν
1768 1700 1817 1725 ἀν-

1029 1739 1233 1774 ιστορήσαντες,
1246 1737 1308 1766 Οἷὸν
1322 1748 1348 1766 τι
1361 1741 1408 1766 καὶ
1423 1742 1499 1776 παρά
1513 1750 1565 1768 τινι
1582 1742 1636 1769 τῶν
1647 1743 1817 1771 διδασκάλων

1027 1786 1076 1820 τῆς
1098 1786 1261 1820 Ἑκκλησίας
1276 1786 1412 1821 ἀκούομεν
1424 1807 1431 1820 ,
1449 1788 1491 1814 ὅτι
1510 1797 1519 1813 ι
1551 1790 1598 1815 καὶ
1625 1790 1752 1825 πολέμων
1769 1792 1819 1818 ἀν-

1028 1830 1229 1865 δραγαθήματα
1242 1832 1289 1857 καὶ
1305 1831 1471 1867 λογογράφοι
1489 1833 1621 1865 πολλάκις
1633 1835 1681 1861 καὶ
1701 1835 1814 1871 ζωγρά-

1029 1884 1073 1910 φοι
1087 1876 1323 1910 διασημαίνουσιν,
1338 1878 1362 1904 οἱ
1379 1878 1428 1912 μὲν
1441 1878 1481 1913 τῷ
1497 1879 1569 1913 λόγῳ
1593 1880 1771 1914 κοσμοῦντες,
1788 1882 1814 1907 οι

1027 1921 1055 1947 δὲ
1069 1923 1125 1952 τοῖς
1150 1921 1255 1953 πίναξιν
1272 1923 1497 1958 ὲγχαράττοντες.
1515 1933 1524 1948 ι
1542 1924 1625 1950 Ὥστε
1642 1925 1655 1950 ὁ
1674 1925 1723 1959 τὴν
1748 1934 1814 1959 συγ-

1029 1967 1136 2002 γραφὴν
1151 1968 1306 2003 δεχόμενος,
1323 1969 1480 2002 ἀναγκαίως
1495 1969 1602 2001 δέξεται
1615 1971 1663 1996 καὶ
1677 1971 1726 2005 τὴν
1742 1972 1816 1998 ἱστο-

1030 2013 1104 2047 ρίαν·
1121 2015 1146 2039 εἰ
1157 2014 1213 2048 γὰρ
1230 2014 1260 2039 τὸ
1274 2014 1366 2048 ἕτερον
1383 2015 1414 2041 οὐ
1428 2014 1545 2048 δέξεται,
1562 2016 1622 2042 οὐδὲ
1641 2016 1757 2051 θάτερον
1775 2016 1824 2052 δή-

1029 2067 1090 2085 που.
1122 2059 1177 2085 Καὶ
1203 2059 1298 2094 ἐπειδὴ
1316 2060 1346 2085 τὺ
1359 2060 1413 2086 πᾶν
1432 2061 1481 2095 τῆς
1498 2060 1546 2086 τοῦ
1563 2061 1651 2094 Λόγου
1673 2061 1816 2093 κενώσεως

1028 2105 1170 2139 οἰκονομία
1179 2102 1212 2139 ἦν
1231 2105 1281 2140 ἤδη
1295 2106 1491 2140 πραττόμενον,
1506 2106 1638 2142 εὐδόκησε
1660 2107 1712 2133 κάν
1724 2107 1815 2142 τούτῳ

193 2156 246 2183 hoc
260 2165 367 2191 quoque
397 2157 476 2184 modo
495 2157 613 2184 divinam
642 2158 821 2185 mconomiam
849 2158 973 2186 benevole

1028 2151 1060 2184 δὴ
1078 2150 1117 2185 τῷ
1132 2150 1226 2185 τρόπῳ
1242 2151 1440 2186 φιλανθρώπως
1452 2152 1488 2177 τὰ
1502 2151 1551 2186 τῆς
1569 2151 1728 2187 οἰκονομίας
1751 2153 1814 2179 ἑπι-

192 2203 383 2230 demonstrare
393 2211 401 2235 ;
410 2203 511 2230 idcirco
524 2204 573 2230 hoc
582 2204 663 2230 etiam
676 2204 867 2238 descriptionis
879 2211 977 2238 genere

194 2258 263 2284 opus
278 2250 338 2283 fuit,
351 2251 486 2277 crassiore
495 2251 602 2285 quidem
617 2251 663 2277 sed
674 2255 762 2277 tamen
776 2249 972 2283 maniiestlore,

196 2296 393 2330 simpliciorum
419 2295 613 2330 radiorumque
628 2295 767 2322 hominum
790 2302 891 2327 causa;
909 2300 938 2322 ut
959 2296 976 2322 ii

196 2343 276 2368 etiam
294 2343 338 2376 qui
354 2342 460 2369 litteras
475 2342 622 2374 nescirent,
643 2342 712 2375 quod
728 2348 774 2375 per
798 2340 976 2368 litteraturam

195 2393 250 2413 non
267 2390 402 2421 poterant,
416 2387 442 2413 id
455 2387 523 2414 visui
538 2387 658 2414 oblatum
677 2386 840 2419 reciperent,
861 2390 887 2412 et
900 2393 977 2413 cont-

196 2432 365 2466 pendiariam
389 2434 474 2466 magis
491 2438 572 2467 atque
586 2433 781 2461 evidentiorem
797 2439 886 2459 rerum
902 2432 976 2460 noti-

198 2479 262 2504 tiam
278 2478 430 2506 haurirent.
457 2479 533 2512 Quod
551 2480 621 2506 enim
645 2485 834 2513 smpenumero
860 2485 936 2505 mens
963 2486 977 2504 a

197 2530 354 2550 sermonum
391 2523 486 2550 auditu
513 2531 566 2551 non
592 2525 717 2559 percipit,
754 2524 829 2551 visus
854 2523 978 2551 veracius

197 2568 347 2602 excipiens,
362 2568 462 2596 clarius
481 2568 532 2596 sibi
554 2569 759 2603 interpretatur.
785 2568 830 2596 Sic
846 2568 977 2603 ejusmodi

197 2613 321 2640 homines
341 2613 450 2640 facilius
472 2613 648 2640 recordantur
660 2621 691 2641 ea
705 2621 765 2647 qua:
782 2613 908 2641 Christus
923 2613 979 2648 egit

234 2690 271 2724 (6)
291 2690 374 2718 Vides
387 2690 526 2725 pulchram
541 2689 665 2724 genuina:
678 2689 894 2717 Christianorum
911 2688 970 2715 ﬁdei

199 2725 419 2759 des<:riptionem,
434 2725 534 2752 nostris
549 2732 656 2758 quoque
675 2725 838 2758 temporibus
859 2726 974 2750 maxime

201 2758 334 2787 idoneam.
352 2761 470 2795 Legatur
487 2764 576 2787 autem
593 2759 646 2786 divi
661 2767 767 2794 quoque
790 2758 882 2795 Cyrilli
909 2759 976 2795 iusi-

202 2795 262 2827 suis
278 2796 326 2822 hac
350 2793 430 2830 super
451 2803 480 2824 re
492 2796 577 2829 locus,
597 2793 676 2823 nobis
701 2796 733 2822 ah
749 2793 974 2829 ipso'Nicephoro

662 2939 705 2946 ...ἡ

224 2944 665 3064 1

1027 2197 1184 2228 δείξω-θαι·
1203 2197 1242 2223 διὸ
1264 2197 1312 2223 καὶ
1341 2197 1434 2231 ἐδέησε
1453 2197 1554 2231 ταύτης
1582 2197 1631 2231 τῆς
1659 2198 1816 2232 παχυτέρας

1029 2244 1149 2278 γραφῆς,
1164 2243 1335 2277 σαφεστέρας
1349 2243 1377 2268 δὲ
1396 2243 1483 2277 ὅμως.
1499 2243 1554 2269 τῶν
1573 2243 1766 2279 ἁπλουστέρων
1785 2253 1815 2270 τε

1030 2291 1076 2317 καὶ
1101 2289 1303 2324 ἁγροικοτέρων
1332 2289 1424 2315 ἕνεκεν
1440 2297 1447 2303 ·
1473 2289 1516 2315 ἵνα
1543 2290 1590 2315 καὶ
1606 2290 1630 2316 οι
1651 2289 1688 2325 μὴ
1714 2291 1817 2322 εἰδότες

1030 2337 1193 2372 γράμματα,
1210 2336 1277 2371 ὅπερ
1292 2336 1335 2362 διὰ
1351 2336 1397 2362 τοῦ
1413 2336 1756 2372 λόγου-καθυστερὶζονται,
1771 2338 1817 2364 διὰ

1026 2382 1075 2416 τῆς
1091 2382 1179 2416 ὅψεως
1205 2382 1433 2416 ἁντεισαγόμενον
1459 2381 1574 2414 ἕλοιντο,
1604 2384 1815 2418 συντομωτέραν

1026 2436 1055 2453 τε
1079 2428 1127 2454 καὶ
1157 2427 1339 2463 ἐκδηλοτέραν
1359 2428 1408 2462 τὴν
1437 2427 1491 2453 τῶν
1522 2428 1694 2463 πραγμάτων
1723 2428 1815 2455 αὐτῶν

1026 2473 1155 2508 ἀλήθειαν
1185 2473 1363 2500 κατανοῶσιν.
1381 2473 1471 2508 Ὅπερ
1486 2473 1540 2508 γὰρ
1558 2474 1688 2506 πολλάκις
1712 2475 1726 2499 6
1752 2475 1816 2506 νοῦς

1027 2520 1076 2553 οὐχ
1087 2517 1142 2545 εἷλε
1155 2519 1200 2546 διὰ
1213 2519 1263 2554 τῆς
1276 2520 1330 2545 τῶν
1354 2519 1442 2553 λόγων
1457 2519 1554 2553 ἀκοῆς,
1576 2520 1591 2554 ἡ
1611 2519 1672 2554 ὁψις
1688 2520 1816 2551 ἀπλανῶς
1843 2518 1846 2520 λ

1032 2566 1237 2600 παραλαϐοῦσα,
1256 2566 1423 2602 σαφέστερον
1447 2566 1667 2600 ὲφηρμήνευσεν.
1685 2566 1732 2597 Εἰς
1749 2566 1815 2593 ἀνά-

1033 2620 1130 2647 μνησιν
1145 2611 1236 2638 λοιπὸν
1252 2608 1288 2638 ὧν
1305 2612 1337 2638 δι’
1351 2612 1424 2646 ἡμᾶς
1437 2612 1450 2637 6
1468 2611 1584 2647 Χριστὸς
1604 2612 1700 2646 ἐδρασὲ
1713 2620 1743 2637 τε
1769 2611 1814 2637 καὶ

1025 2687 1210 2722 suppeditatus
1232 2687 1258 2713 in
1277 2686 1454 2720 Apologetico
1470 2686 1582 2719 maiore,
1606 2694 1666 2720 pag.
1680 2685 1728 2712 Gr.
1749 2685 1809 2717 l37.

1029 2730 1107 2756 quem
1123 2730 1172 2748 nos
1188 2723 1322 2756 propriam
1341 2730 1449 2755 quoque
1462 2723 1487 2748 iu
1505 2723 1594 2748 sedem
1608 2721 1812 2753 ll‘ﬂil‘llliilllllé,

1029 2765 1125 2791 nempe
1138 2757 1163 2783 in
1178 2757 1395 2790 explanationem
1415 2757 1507 2792 Cyl-illi
1522 2757 1548 2783 in
1569 2757 1652 2789 lipxsr.
1675 2757 1708 2782 ad
1733 2756 1813 2784 Horn.

1029 2800 1089 2828 pag.
1107 2792 1166 2820 Lat.
1182 2792 1225 2825 27,
1246 2800 1306 2819 cum
1324 2793 1414 2819 a-Jnol.
