4032 6208
351 211 461 278 383

1375 216 1438 277 S.
1481 213 1903 276 NICEPHORI
1941 215 2448 277 PATRIARCHIE
2485 218 2590 277 CP.

3504 207 3610 273 384

358 323 604 392 quantam
639 329 693 378 et
721 322 1108 394 ambiguitates
1141 323 1445 394 pariuntur,
1479 323 1787 392 diversique
1807 339 1932 378 seu—

2068 323 2135 393 ἧς
2162 323 2424 397 τοιαύτης
2485 323 2726 394 ἱστορίας
2763 320 3030 392 γίνεσθαι.
3081 319 3350 382 Πολλάκις
3377 318 3487 390 γὰρ
3525 319 3610 372 διὰ

355 414 524 470 susin
553 413 750 469 animis
777 412 919 468 ellici‘
936 413 1111 468 solent
1144 431 1158 467 :
1193 427 1300 482 quo
1324 409 1383 465 lit
1407 420 1464 464 ut
1489 410 1641 464 multi
1661 419 1716 464 et
1745 427 1927 467 secum

356 504 458 572 ipsi
478 511 532 559 et
556 489 818 560 adversus
839 503 974 558 alios
993 503 1338 567 dissentiant,
1358 501 1646 579 verbisque
1663 511 1924 572 pugnent,
1975 571 2009 581 ἢ

357 591 429 648 de
465 593 627 648 dictis
675 593 1012 663 ambigentes
1043 606 1060 646 :
1095 601 1473 648 verumtamen
1500 606 1585 654 ea,
1643 607 1809 662 quam
1845 607 1933 648 res

359 682 600 737 visibiles
629 681 856 747 faciunt,
887 681 1021 736 ﬁdes
1055 682 1241 750 procul
1270 681 1418 736 omni
1449 683 1787 755 dubitatione
1821 693 1928 739 est.

361 773 533 827 Tanta
553 787 679 827 vero
690 781 771 826 est
789 775 1070 842 utriusque
1085 773 1416 842 communio,
1443 783 1502 828 ut
1519 775 1569 828 in
1593 789 1698 828 uno
1718 777 1938 828 eodem-

362 878 468 930 que
486 862 644 928 libro,
683 862 823 916 sicut
841 877 985 931 smpe
1011 863 1063 918 in
1089 865 1480 932 antiquissimis
1501 865 1708 920 chartis
1750 853 1935 920 v'idere

362 959 467 1016 est,
497 949 798 1004 alternatim
817 967 904 1006 res
929 951 1251 1018 deliueetur,
1273 953 1402 1008 hinc
1424 953 1638 1022 quidem
1663 969 1758 1024 per
1775 953 1940 1026 sylla-

364 1042 536 1095 bicam
560 1043 883 1108 orationem,
909 1041 1055 1104 illinc
1082 1057 1210 1097 vero
1233 1057 1328 1114 per
1359 1045 1522 1098 hasce
1550 1043 1815 1114 imagines
1839 1058 1938 1098 ea-

361 1130 486 1188 dem
521 1131 760 1185 narratio
803 1128 1142 1200 exhibe'atur,
1175 1113 1296 1202 quae
1325 1131 1485 1208 ﬁebat
1517 1113 1736 1188 litteris;
1771 1131 1927 1188 Sicut

368 1235 498 1288 ergo
515 1220 787 1291 Evangelii
801 1221 1004 1290 scriptu
1014 1236 1069 1274 ra
1088 1220 1214 1276 inde
1225 1221 1585 1291 obtinetapud
1603 1223 1945 1280 Christianos

375 1312 561 1378 ﬁdem,
596 1301 756 1381 quin
785 1311 893 1367 alia
939 1313 1209 1382 scriptura
1259 1323 1354 1370 aut
1388 1316 1638 1384 oratione
1675 1315 1938 1386 indigeat,

364 1420 486 1476 quae
513 1389 581 1461 de
616 1419 678 1461 ea
715 1401 1252 1475 testetureidem'que
1269 1405 1666 1474 patrocinetur,
1692 1415 1752 1460 ut
1781 1421 1942 1462 vene-

365 1499 536 1553 randa
562 1507 618 1553 et
643 1497 984 1554 honorabilis
1013 1499 1312 1567 habeatur;
1339 1498 1420 1554 sic
1449 1499 1612 1553 etiam
1636 1497 1940 1553 divinarum

369 1588 662 1659 imaginum
719 1587 1033 1655 delineatio,
1083 1603 1206 1643 cum
1259 1589 1328 1643 sit
1366 1589 1556 1644 eadem
1591 1598 1758 1659 atque
1776 1604 1946 1644 evan-

2032 413 2143 466 τῶν
2170 414 2344 482 λόγων
2383 415 2478 467 καὶ
2521 415 2747 486 ἀπορίαι
2785 413 2927 476 τινὲς
2983 411 3082 464 καὶ
3109 409 3612 480 διαμφισϐητήσεις

2033 504 2331 570 τίκτονται,
2363 505 2458 558 καὶ
2484 506 2810 576 φρονήματα
2856 501 3093 573 διάφορα
3125 501 3245 564 ταῖς
3271 499 3496 570 ψυχαῖς,
3533 500 3614 562 ὡς

2034 593 2095 645 τὸ
2125 593 2296 659 εἰκὸς,
2337 593 2562 663 φύονται
2609 609 2623 624 ·
2661 593 2846 646 πολλοὶ
2899 591 3031 660 γοῦν
3076 591 3170 644 καὶ
3204 589 3341 660 πρὸς
3385 588 3612 671 ἑαυτοὺς

2037 685 2132 738 καὶ
2159 685 2294 754 πρὸς
2323 685 2544 754 ἐτέρους
2573 683 3024 748 διαστασιάζουσι
3078 681 3173 736 καὶ
3217 678 3611 750 λογομαχοῦσι,

2037 776 2167 844 περὶ
2198 774 2309 830 τῶν
2363 774 2676 844 λεγομένων
2704 772 3136 848 ἀμφιγνοοῦντες
3155 787 3170 802 ο
3201 773 3234 841 ἠ
3278 769 3336 822 δὲ
3367 770 3458 824 διὰ
3507 768 3616 820 τῶν

2039 865 2256 936 ὁρατῶν
2283 865 2570 930 πίστωσις,
2607 865 3011 934 ἀναμφίλεκτον
3033 863 3381 932 ’πανταχόθεν
3417 858 3614 930 κέκτη·

2039 971 2153 1008 ται.
2197 953 2322 1008 Ἐπὶ
2352 953 2606 1010 τοσοῦτον
2639 955 2694 1007 δὲ
2720 956 2779 1008 ἐν
2815 953 3147 1024 ἀμφοτέροις
3173 953 3206 1022 ἡ
3235 947 3513 1011 κοινωνία,
3543 947 3614 1011 ὡς

2039 1047 2098 1098 ὲν
2128 1046 2230 1116 μιᾷ
2262 1046 2354 1098 καὶ
2390 1048 2459 1116 τῇ
2490 1045 2630 1117 αὐτῇ
2677 1043 2896 1114 βίϐλῳ..
2925 1044 3072 1098 καθὰ
3127 1039 3402 1112 πολλαχοῦ
3426 1043 3486 1094 ὲν
3521 1039 3614 1108 ἀρ·

2041 1135 2357 1206 χαιὸτάταις
2391 1135 2519 1189 ίδεῖν
2563 1135 2680 1189 ἔστι
2707 1135 2948 1200 δέλτοις..
2995 1133 3149 1205 παρά
3199 1131 3386 1204 μέρος
3415 1129 3626 1200 γεγράο

2043 1225 2199 1295 φθαι,
2223 1224 2474 1279 ἐντεῦθεν
2506 1228 2605 1297 μὲν
2652 1225 2744 1278 τὸν
2784 1225 2873 1278 διὰ
2929 1223 3050 1279 τῶν.
3095 1222 3382 1278 συλλαϐῶν
3417 1221 3619 1289 λόγον,

2043 1315 2296 1371 ιντεῦθεν
2327 1317 2387 1370 δὲ
2429 1315 2522 1370 τὸν
2549 1317 2640 1370 διὰ
2676 1317 2774 1387 τῆς
2819 1315 3066 1386 ἱστορίας
3101 1313 3348 1386 ταύτης,,
3377 1313 3478 1367 καὶ
3517 1311 3624 1382 τὴν

2045 1406 2216 1477 αὐτὴν
2269 1405 2684 1477 προδείκνυσθαι
2721 1407 3002 1478 ὑφήγησιν
3055 1409 3122 1478 τῇ
3155 1407 3214 1459 ὲν
3267 1405 3623 1474 γράμμασιν.

2059 1496 2147 1562 Ὦς
2175 1493 2271 1553 οὖν
2295 1498 2389 1553 τοῦ
2429 1498 2765 1568 Εὐαγγελίου
2805 1500 2840 1570 ἡ
2886 1496 3179 1570 συγγραφὴ
3244 1493 3476 1555 αὐτόθεν
3509 1493 3632 1564 ἔχει

2049 1588 2202 1660 παρά
2249 1591 2596 1662 Χριστιανοῖς
2627 1591 2690 1646 τὸ
2745 1589 3080 1655 ἀξιόπιστον,
3141 1589 3203 1642 οὔ
3241 1583 3622 1658 προσδεομένη

369 1679 538 1750 geliea
563 1679 808 1748 scriptio,
838 1695 934 1750 per
962 1693 1022 1735 se
1046 1678 1205 1734 tidem
1239 1677 1390 1742 facit,
1415 1692 1595 1748 neque
1614 1679 1926 1732 exlrinseco

2062 1678 2232 1750 ιτέρας
2285 1679 2612 1750 συγγραφῆς
2652 1679 2687 1750 ἢ
2733 1679 2892 1748 λόγου
2955 1676 3051 1733 τοῦ
3089 1677 3560 1748 σννηγορήσοντος
3589 1673 3630 1744 ἢ

371 1781 692 1840 argumento
739 1779 880 1842 eget,
933 1782 990 1826 ut
1038 1770 1313 1839 Evangelii
1347 1786 1432 1826 res
1479 1779 1851 1840 repraesentet,
1891 1780 1947 1826 et

371 1861 617 1916 eumdem
649 1877 712 1916 ac
737 1861 866 1916 illud
899 1861 1159 1916 honorem
1192 1863 1464 1929 impetret.
1494 1859 1647 1926 Quod
1667 1860 1712 1914 si
1739 1858 1949 1915 extrin-

372 1965 554 2005 secum
585 1952 957 2007 testimonium
995 1953 1176 2020 imago
1200 1951 1522 2021 requireret,
1549 1948 1822 2020 quomodo
1852 1949 1951 2004 ali-

375 2050 458 2095 ter
516 2043 564 2096 ei
634 2043 966 2110 patrocinari
1012 2057 1316 2113 possemus,
1377 2057 1538 2112 quam
1586 2041 1828 2097 invocata
1883 2043 1950 2096 ab

383 2133 692 2201 cvangelico
728 2135 933 2202 scripto
965 2133 1418 2190 conﬁrmatione?
1458 2132 1513 2188 Si
1541 2147 1672 2201 ergo
1704 2133 1950 2200 Evangeo'

378 2221 509 2276 lium
557 2223 895 2282 credentium
947 2225 1173 2278 auribus
1226 2239 1514 2282 assouans.
1563 2231 1846 2290 tanwpere
1873 2229 1956 2276 est

382 2313 696 2368 honorabile
727 2315 877 2382 (nam
907 2315 1038 2368 lides
1063 2324 1248 2369 nostra
1276 2329 1342 2368 ex
1373 2312 1583 2382 auditu)
1611 2312 1818 2382 pictura
1839 2326 1957 2380 quae

382 2404 482 2471 ipsi
515 2403 648 2457 visui
674 2403 1032 2474 sensibusque
1065 2405 1335 2468 incidens,
1365 2403 1612 2458 eamdem
1645 2403 1958 2457 instructio-

385 2510 506 2546 nem
535 2494 689 2548 nobis
711 2495 950 2558 exhibet,
995 2496 1128 2562 haec,
1157 2494 1405 2564 inquam,
1441 2495 1521 2549 vel
1562 2503 1848 2563 praevertet
1869 2510 1960 2549 ce-

383 2584 599 2640 leritate
647 2586 1084 2652 instructionem,
1138 2587 1394 2655 quoniam
1447 2587 1595 2641 visus
1647 2585 1826 2656 aptior
1878 2595 1959 2640 est

385 2677 758 2744 persuadendo
827 2694 991 2748 quam
1038 2679 1278 2744 auditus,
1315 2677 1398 2732 vel
1455 2689 1604 2734 certe
1661 2679 1958 2733 secundum

386 2771 612 2836 gradum
657 2786 763 2824 non
807 2771 1031 2828 tenebit.
1082 2773 1258 2841 Atque
1307 2771 1380 2824 ita
1439 2769 1720 2841 Evangelii
1785 2768 1958 2824 instar

385 2861 490 2913 erit
522 2859 622 2931 (8).

2050 1771 2660 1842 προσμαρτυρήσοντος,
2683 1771 2816 1842 πρὸς
2847 1771 2908 1823 τδ
2937 1767 3080 1824 εἶναι
3105 1770 3279 1838 αὐτὴν
3314 1764 3623 1835 σεϐασμίαν

2051 1861 2148 1916 καὶ
2175 1861 2385 1927 ἔνδοξον
2411 1877 2425 1892 ⁶
2463 1860 2608 1916 οὕτω
2655 1863 2750 1916 καὶ
2784 1863 2816 1933 ή
2853 1860 2962 1915 τῶν
2991 1860 3154 1929 θείων
3189 1856 3630 1934 ἀπιικασμάτων

2051 1953 2260 2024 γραφὴ,
2292 1956 2326 2024 ή
2361 1953 2502 2024 αὑτὴ
2527 1955 2592 2024 τῇ
2629 1953 2962 2024 εύαγγελικῇ
3009 1951 3379 2022 τυγχάνουσα,
3409 1944 3631 2001 οἴκοθεν

2051 2045 2113 2100 τὸ
2139 2043 2332 2101 πιστὸν
2388 2045 2694 2113 ἐπάγεται,
2734 2044 2832 2099 καὶ
2881 2043 2982 2100 οὐκ
3023 2043 3092 2096 ἂν
3130 2039 3352 2110 δεηθείη
3389 2037 3492 2104 τῆς
3521 2033 3646 2087 τῶν

2055 2135 2252 2204 ἔξωθεν
2281 2134 2634 2201 ἀποδείξεως,
2666 2133 2910 2205 σημᾶναι
2935 2150 2996 2186 τε
3025 2133 3096 2186 τὰ
3124 2131 3220 2186 τοῦ
3261 2127 3632 2196 Εὑαγγελίου,

2055 2229 2150 2282 καὶ
2177 2228 2274 2298 τὴν
2307 2227 2478 2296 αὐτὴν
2509 2225 2706 2292 ἐκείνῳ
2732 2227 2899 2295 τιμὴν
2927 2222 3363 2298 ἀπενέγκασθαι.
3406 2221 3470 2273 Ei
3502 2219 3638 2286 γοῦν

2055 2321 2224 2374 ἐδεῖτο
2256 2319 2563 2389 μαρτυρίας
2609 2318 2710 2389 τῆς
2752 2317 2862 2370 τῶν
2922 2317 3102 2381 ἐκτὸς,
3160 2315 3212 2368 τί
3246 2312 3340 2366 »ἂν
3400 2310 3530 2364 ἄλλο
3555 2325 3640 2368 τις

2061 2409 2521 2482 προεστήσατο,ἢ
2565 2410 2783 2472 πάντως
2834 2409 2925 2462 τὸν
2961 2407 3056 2462 τοῦ
3113 2404 3450 2473 Εὗαγγελίου
3478 2401 3640 2468 λόγον

2059 2501 2387 2572 βεϐαιοῦντα
2413 2501 2708 2572 εἰσήγαγεν
2739 2518 2754 2567 ;
2780 2501 2840 2554 Εἰ
2866 2485 3050 2553 τοίνυν
3072 2499 3136 2553 τὸ
3168 2494 3502 2564 Εὑαγγέλιον
3520 2494 3642 2555 ταῖς

2057 2593 2249 2654 ἀκοαῖς
2275 2591 2384 2644 τῶν
2413 2591 2624 2645 πιστῶν
2656 2589 3044 2661 ἐνηχούμενον,
3073 2587 3330 2642 τοσούτου
3373 2583 3642 2656 τιμᾶσθαι

2056 2684 2205 2748 ἄξιον
2237 2683 2354 2752 (καὶ
2376 2681 2485 2752 γὰρ
2514 2683 2547 2752 ἡ
2575 2681 2758 2744 πίστις
2795 2681 2952 2752 ἡμῶν
2986 2681 3045 2747 ἐξ
3069 2679 3288 2749 ἀκοῆς),
3320 2676 3391 2730 τὰ
3439 2677 3506 2745 τῇ
3541 2673 3646 2744 θέᾳ

2059 2775 2198 2845 αὐτῇ
2227 2773 2666 2844 προσπίπτοντα,
2693 2773 2789 2826 καλ⁵
2810 2772 2878 2824 δι’
2907 2771 3077 2842 αὐτῆς
3097 2771 3196 2840 τῆς
3217 2767 3550 2838 αἰσθήσεως,
3581 2761 3648 2815 τδ

1946 2903 1956 2908 -
2061 2863 2258 2918 ταυτὸν
2285 2865 2383 2934 τῆς
2411 2863 2761 2926 διδασκαλίας
2800 2864 2933 2932 ἡμῖν
2959 2859 3332 2930 παριστῶντα,
3369 2857 3402 2929 ἢ
3432 2870 3650 2927 παρευ-

385 2953 670 3024 δοκιμήσει
709 2956 810 3024 τῆς
845 2951 1194 3016 διδασκαλίας
1221 2950 1299 3022 τῷ
1327 2951 1505 3023 τάχει,
1529 2951 1666 3006 διότι
1710 2953 1806 3006 καὶ
1830 2953 1952 3024 ὄψις
1988 2955 2160 3025 ἀκοῆς
2193 2956 2394 3026 μᾶλλον
2456 2955 2518 3009 τὸ
2583 2953 2875 3022 ἐπαγωγὸν
2904 2952 3038 3024 πρὸς
3058 2949 3326 3004 πίπτωσιν
3345 2949 3644 3036 κέκτηται,

387 3046 424 3118 ἢ
457 3044 674 3108 παντως
700 3047 802 3098 οὐκ
858 3045 914 3097 ἐν
946 3043 1218 3116 δευτέροις
1257 3045 1562 3108 τετάξεται.
1602 3045 1724 3129 τιςαι
1770 3044 1942 3109 obrui;
1981 3047 2135 3100 ἔσται
2173 3045 2529 3116 Εύαγγέλιον.

465 3138 518 3192 6.
552 3136 798 3192 Asterius
831 3147 1032 3200 autem,
1063 3149 1295 3206 namque
1322 3150 1376 3192 et
1412 3137 1500 3190 hic
1529 3137 1722 3204 dignus
1741 3146 1823 3192 est
1871 3138 1961 3206 qui

2138 3146 2212 3206 ς’.
2254 3139 2531 3210 Ἀστέριος
2555 3138 2612 3192 δὲ
2636 3138 2882 3211 (μνήμης
2908 3135 3020 3206 γὰρ
3044 3135 3138 3188 καὶ
3161 3131 3351 3186 τοῦτον
3373 3131 3557 3198 ἀξιοῦν
3576 3134 3648 3187 τὰ

394 3245 538 3284 nunc.
560 3237 1034 3292 commemoretur,
1061 3227 1176 3282 sive
1195 3227 1242 3282 is
1259 3237 1340 3282 est
1357 3242 1518 3298 quem
1541 3228 1627 3284 isti
1650 3230 1964 3296 magistrqu

395 3321 676 3379 inducunt,
705 3317 819 3371 sive
841 3317 980 3372 alius
1006 3318 1234 3388 quilibet
1259 3317 1370 3388 (9);
1402 3320 1669 3398 Asterius,
1720 3320 1964 3389 inquam,

395 3409 750 3466 nihilominus
829 3409 882 3462 in
961 3409 1394 3468 haemorrhoisste
1471 3411 1782 3467 laudatione
1831 3410 1965 3484 (111),

396 3501 634 3574 studium
681 3499 1126 3570 voluntatemque
1161 3501 1430 3566 mulieris,
1479 3517 1642 3572 quam
1700 3503 1971 3558 credendo

400 3592 452 3644 iu
495 3590 895 3646 benefactorem
941 3604 1097 3646 suum
1142 3592 1400 3653 ostendit.
1436 3605 1766 3662 magnopere
1795 3592 1972 3646 admi-

405 3697 551 3747 rans,
572 3682 649 3736 ait
697 3675 1046 3753 constitutam
1069 3681 1138 3738 ab
1166 3681 1280 3751 ipsa
1311 3697 1516 3738 a‘neam
1549 3681 1748 3738 Christi
1784 3683 1974 3754 imagi-

404 3787 551 3836 nem,
589 3771 915 3841 evangelica:
945 3772 1313 3840 praedicatioui
1353 3788 1510 3844 opem
1546 3775 1772 3839 tulisse;
1810 3775 1883 3828 ila
1916 3781 1975 3828 ut

407 3863 548 3915 hanc
600 3861 892 3916 irridentes
921 3860 1090 3916 Judaei
1130 3861 1292 3916 simul
1331 3873 1384 3916 et
1433 3865 1636 3918 etlmici
1688 3866 1975 3921 convince-

413 3962 598 4007 rentur
623 3961 803 4006 tamen
856 3968 922 4006 ac
967 3951 1325 4022 pudelierent,
1358 3953 1481 4022 quia
1513 3970 1698 4011 veram
1729 3951 1852 4010 esse
1883 3957 1978 4011 dn-

409 4045 640 4100 ctrinam
684 4042 824 4098 illam
856 4042 1197 4101 manifestius
1222 4045 1460 4114 patebat.
1484 4043 1658 4112 Quam
1683 4048 1976 4102 convictio-

408 4152 530 4191 nem
561 4150 665 4190 non
695 4134 1095 4204 ferentesimpii
1126 4133 1344 4204 quidam
1375 4151 1438 4192 ac
1453 4136 1547 4192 Dei
1564 4122 1772 4205 hostes,
1794 4153 1976 4193 rerum

407 4227 638 4282 Subinde
672 4240 884 4280 summa
930 4225 1109 4294 potiti,
1161 4225 1400 4292 divinam
1456 4235 1714 4292 statuam,
1750 4227 1828 4281 ita
1867 4225 1978 4282 Deo

413 4327 539 4372 tunc
593 4315 961 4386 permittente,
1003 4313 1242 4381 dejicere
1274 4315 1442 4370 moliti
1475 4325 1602 4370 sunt
1634 4316 1746 4387 (ll)
1779 4335 1792 4371 :
1831 4317 1976 4387 quod

411 4422 542 4462 sane
588 4408 788 4462 nostris
814 4421 1027 4476 quoque
1059 4407 1396 4476 temporibus
1426 4407 1497 4460 ob
1545 4416 1762 4478 peccata
1794 4420 1979 4462 nostra

410 4506 780 4570 perpetratum
812 4499 1076 4552 videmus.
1100 4495 1235 4552 Cum
1268 4497 1322 4551 in
1347 4497 1612 4568 utrisque,
1647 4509 1756 4552 tum
1790 4499 1978 4568 pietu-

413 4603 473 4642 ra
499 4589 704 4644 scilicet
736 4599 848 4644 tum
874 4588 1168 4659 scriptura,
1201 4603 1369 4642 unum
1416 4588 1665 4658 idemque
1687 4604 1977 4660 argumen-

414 4688 524 4732 tum
556 4681 804 4746 exsistat,
837 4695 1032 4752 resque
1069 4681 1137 4736 ab
1175 4680 1281 4736 illis
1323 4681 1640 4750 significata:
1677 4697 1771 4750 per
1797 4683 1980 4736 omnia

411 4771 525 4844 89
552 4774 757 4830 similes
785 4778 914 4843 sint,
945 4777 1067 4847 quis
1099 4791 1230 4832 sana
1269 4787 1448 4832 mente
1475 4778 1730 4846 praeditus
1765 4785 1857 4832 aut
1889 4791 1978 4832 so-

491 4912 567 4981 (8)
603 4907 809 4985 Nempe
837 4915 902 4966 ad
933 4913 1446 4985 demonstrationem
1477 4913 1617 4985 quod
1645 4913 1859 4980 attinet,
1880 4928 1982 4968 non

419 4983 910 5054 adnantturitatem.
951 4983 1146 5054 ltecole
1185 5001 1238 5054 p.
1269 4987 1359 5048 51,
1397 4983 1522 5039 adn.
1555 4984 1646 5040 26.

491 5053 567 5122 (9)
593 5051 868 5124 Recolegp.
903 5053 994 5117 80,
1019 5071 1141 5108 cum
1169 5051 1352 5109 adnot.
1372 5055 1463 5110 94.
1487 5055 1730 5124 Namque
1773 5060 1827 5108 et
1865 5051 1973 5106 illic

423 5123 529 5176 duo
550 5121 805 5176 distincti
841 5121 1041 5177 Asterii
1073 5124 1505 5181 subiudicantur.
1553 5121 1661 5180 Sed
1708 5134 1884 5175 tamen
1918 5123 1984 5176 de

429 5197 510 5246 his
542 5191 806 5264 prolixius
836 5191 944 5247 dici
977 5208 1006 5246 a
1033 5194 1188 5248 nobis
1215 5210 1320 5264 non
1343 5205 1426 5250 est
1453 5211 1612 5264 opus,
1644 5193 1984 5264 quandoqui-

427 5259 738 5318 deni'exstat
752 5259 928 5333 Photii
947 5263 1398 5332 Amphilochiaua
1415 5259 1776 5333 quiestioquct
1791 5259 1990 5331 fuerint

426 5334 809 5403 Asterii,aptttl
837 5331 1244 5398 Combelisium,
1273 5344 1404 5388 tum.
1434 5331 1534 5388 cit.
1561 5348 1616 5403 p.
1647 5331 1775 5386 280.

499 5404 614 5474 (Ill)
637 5399 954 5475 Quindecim
987 5404 1100 5475 lere
1125 5405 1216 5475 qui
1259 5399 1801 5475 sequunturﬁersus,
1845 5399 1994 5475 misit

429 5470 636 5546 eruis.
665 5472 973 5546 Nicephoro
998 5470 1226 5546 Allatius
1247 5474 1312 5546 ad
1336 5470 1862 5546 Cornheﬁsium,_qui
1880 5472 1993 5525 edi-

428 5541 504 5614 dit
533 5550 664 5596 tum.
697 5541 871 5614 eitfp.
903 5545 1028 5599 277.
1057 5544 1262 5602 Ibidem
1287 5544 1452 5614 igitur
1473 5541 1834 5614 Combelisius
1865 5555 1991 5610 gra-

433 5611 632 5666 lulalur
688 5613 755 5670 de
819 5611 1108 5686 Nicephori
1181 5611 1341 5688 opere
1397 5624 1652 5686 tanquam
1731 5611 1984 5668 thesauro

2068 3229 2163 3284 νῦν
2183 3229 2389 3282 δίκαιον
2411 3227 2536 3301 [b]),
2567 3229 2677 3282 εἴτε
2707 3229 2764 3282 ὃν
2793 3227 2949 3281 αὐτοὶ
2977 3225 3298 3280 διδάσκαλον
3321 3219 3646 3289 ὲπάγονταῖ,
3674 3221 3684 3233 ’

2068 3319 2102 3390 ἢ
2153 3317 2401 3374 ὁστισοῦν
2451 3319 2662 3390 ἕτερος,
2711 3316 2990 3387 Ἀστέριος
3049 3314 3094 3367 δ’
3123 3309 3218 3368 οὖν
3268 3313 3440 3382 ὅμως,
3480 3313 3540 3365 ὲν
3569 3312 3652 3382 τῷ

2069 3412 2150 3474 είς
2175 3409 2274 3480 τὴν
2327 3409 2630 3480 αἱμόρῥουν
2684 3406 2972 3478 ἐγκωμίῳ,
3019 3404 3120 3478 τήν
3171 3421 3232 3457 τε
3273 3404 3514 3474 σπουδὴν
3551 3403 3654 3456 καὶ

2071 3501 2394 3574 προαίρεσιν
2420 3501 2514 3554 τοῦ
2539 3500 2791 3570 γυναίου,
2823 3499 2889 3570 ἣν
2921 3498 3054 3568 περὶ
3081 3497 3183 3567 τὴν
3215 3495 3403 3549 πίστιν
3433 3495 3538 3566 τὴν
3567 3495 3655 3558 εἰς

2072 3593 2166 3646 τὸν
2230 3592 2536 3664 εὐεργέτην
2569 3590 2912 3655 ἐπεδείξατο,
2972 3587 3399 3661 ὑπεραγάμενός
3456 3601 3650 3662 φησιν,

2073 3685 2155 3739 ὃτι
2177 3701 2240 3753 γε
2265 3683 2330 3754 δὴ
2355 3686 2384 3738 ὁ
2413 3683 2546 3760 παρ’
2569 3683 2740 3753 αὐτῆς
2771 3684 2852 3746 είς
2883 3681 3057 3734 τύπον
3100 3680 3196 3734 τοῦ
3228 3677 3471 3749 Χριστοῦ
3515 3678 3654 3748 χαλ-

2077 3775 2407 3847 κουργηθεὶς
2445 3773 2689 3846 ἀνδριὰς,
2748 3775 2832 3836 είς
2880 3770 3215 3842 συνηγορίαν
3259 3769 3354 3824 τοῦ
3415 3770 3656 3836 εὐαγγε-

2075 3867 2230 3920 λικοῦ
2263 3865 2624 3938 κηρύγματος
2667 3861 2923 3934 ἔστηκεν,
2955 3862 3098 3916 ὥστε
3132 3864 3262 3926 τοὺς
3288 3861 3449 3915 τοῦτο
3491 3877 3655 3930 κωμο

2077 3957 2354 4029 ῳδοῦντας
2393 3959 2488 4012 καὶ
2525 3955 3042 4027 καταχλευάζοντας
3105 3953 3396 4013 Ἰουδαίους
3447 3969 3510 4005 τε
3561 3954 3660 4005 καὶ

2079 4049 2370 4121 Ἕλληνας.
2391 4048 2458 4106 δι’
2482 4047 2650 4101 αὐτοῦ
2669 4046 2884 4116 ἀληθῶς
2907 4044 3014 4098 τῶν
3041 4041 3476 4114 κηρυσσομένων
3494 4040 3656 4110 ὲκδη-
3685 4069 3700 4078 -

2078 4137 2300 4210 λότερον
2353 4141 2789 4209 ἐκφαινομένων,
2836 4136 3105 4208 ἡττᾶσθαι
3137 4137 3235 4188 καὶ
3288 4134 3656 4202 καταισχύνε-

2082 4231 2225 4286 σθαι.
2260 4226 2335 4286 Ob
2355 4231 2448 4284 τὸν
2463 4231 2683 4301 ἔλεγχον
2715 4231 2776 4283 ού
2812 4230 3092 4300 φέροντες,
3123 4227 3232 4280 τῶν
3257 4225 3401 4280 κατά
3425 4225 3658 4296 καιροὺς

2081 4323 2432 4396 κρατούντων
2481 4322 2698 4376 ἀσεϐῶν
2725 4339 2788 4374 τε
2830 4323 2926 4376 καὶ
2965 4321 3255 4392 θεομὰχων
3305 4319 3475 4385 τινὲς,
3521 4317 3660 4388 πρὸς

2095 4413 2421 4485 καθαίρεσιν
2450 4413 2546 4474 τοῦ
2575 4413 2722 4466 θείου
2781 4413 3118 4484 ἀγάλματος,
3159 4412 3307 4466 οὕτω
3355 4408 3661 4482 τηνικαῦτα

2085 4505 2222 4562 Ε)εοῦ
2265 4507 2746 4576 συγχωρήσαντος,
2785 4495 3194 4576 ἐπεχείρησαν⁸
3249 4506 3386 4574 ὅπερ
3438 4502 3504 4573 δὴ
3567 4502 3661 4554 καὶ

2092 4596 2178 4663 ἐφ’
2202 4594 2360 4666 ἡμῶν
2385 4597 2472 4649 διὰ
2499 4595 2598 4658 τὰς
2629 4595 2906 4666 ἁμαρτίας
2923 4594 3080 4664 ἡμῶν
3103 4593 3320 4663 ὁρῶμεν
3347 4593 3663 4662 γινόμενον.

2024 4740 2032 4748 _
2104 4684 2224 4736 Ἐπ’
2255 4685 2460 4753 ἀμφοῖν
2484 4680 2580 4738 οῦν
2605 4685 2712 4741 τῶν
2763 4683 2995 4755 γραφῶν
3027 4686 3156 4753 μιᾶς
3202 4684 3294 4736 καὶ
3335 4682 3434 4750 τῆς
3491 4681 3666 4751 αὐτῆς

2092 4777 2444 4849 ὑπαρχούσης
2478 4777 2812 4843 ὑποθέσεως,
2844 4783 2940 4832 καὶ
2963 4778 3073 4832 τῶν
3109 4777 3207 4830 ἀπ’
3243 4775 3426 4829 αὐτῶν
3458 4791 3664 4857 σημαι-

2093 4911 2270 4966 adhue
2304 4913 2564 4981 reposito,
2592 4913 2687 4966 sed
2725 4924 2902 4967 tamen
2950 4911 3192 4968 invento.

2165 4982 2277 5052 (1-1)
2313 4979 2460 5036 l-lnnc
2495 4984 2698 5052 Christi
2735 4983 2941 5036 Domini
2970 4992 3226 5044 statuam,
3257 4981 3323 5033 de
3352 4995 3452 5048 qua
3483 4979 3666 5052 Euse-

2091 5049 2234 5116 bius,
2258 5049 2406 5106 Hist.
2437 5054 2563 5106 εει-ι.
2585 5051 2698 5116 VII,
2725 5053 2811 5118 18,
2833 5054 2922 5106 alii
2946 5067 3192 5108 eversam
3233 5053 3398 5105 luisse
3431 5068 3459 5102 ει
3489 5049 3664 5104 Maxi-

2091 5123 2240 5176 mino
2265 5123 2436 5182 aiunt.
2469 5124 2558 5177 alii
2587 5137 2616 5175 a
2644 5121 2884 5176 Juliauo.

2161 5191 2236 5262 (l1)
2289 5192 2649 5248 Combclisius
2702 5193 2792 5262 qui
2850 5195 3013 5247 breve
3067 5193 3195 5248 hinc
3231 5198 3562 5262 excerptnm,
3601 5203 3664 5262 ex

2092 5254 2280 5315 Photio
2327 5271 2623 5329 sumptum,
2676 5254 2862 5327 edidit,
2911 5264 2961 5316 in
3009 5263 3162 5318 Auct.
3227 5254 3513 5315 Bile’l’.
3551 5272 3591 5311 t.
3623 5257 3668 5324 l,

2091 5347 2144 5399 p.
2192 5331 2320 5396 255,
2363 5333 2514 5400 ponit
2550 5350 2564 5386 :
2606 5331 2914 5398 ’Δξιοῦνται
2972 5332 3064 5386 τὸν
3108 5333 3354 5388 δίκαιονο
3417 5329 3668 5392 ridicule,

2089 5412 2278 5455 contra
2333 5411 2510 5456 textus
2561 5403 2749 5472 scripti
2795 5404 3110 5470 veritatem;
3171 5402 3404 5457 absurde
3461 5409 3670 5460 autem,

2090 5483 2281 5526 contra
2322 5484 2558 5527 utentem
2600 5471 2862 5537 anetoris,
2901 5475 2992 5542 qui
3037 5473 3330 5536 Asterium,
3365 5471 3668 5539 ncdumju-

2092 5551 2256 5610 stunt,
2293 5544 2388 5598 sed
2429 5542 2604 5600 dubia:
2629 5544 2751 5599 lidei
2791 5545 3086 5612 existimat.
