4032 6208
287 303 396 370 385

1005 307 1632 372 ANTIRRHETICUS
1667 307 1762 370 IlI
1797 310 1971 376 ADV.
2010 311 2604 380 CONST‘ANTINUM
2643 317 2857 379 COPR.

3446 321 3557 390 386

286 412 538 482 νομένων
567 411 914 487 πραγμάτων
967 415 1312 488 ἑκατέρωθεν
1345 418 1409 472 τὸ
1444 421 1872 490 ἀπαράλλακτον

1983 424 2152 490 brius,
2213 425 2268 481 in
2325 425 2526 496 quibus
2565 426 2706 483 nihil
2768 427 3108 486 discriminis
3164 439 3272 498 est,
3332 432 3554 506 dignum

285 503 676 575 κεκτημένων,
709 505 797 570 τίς
818 505 929 560 τῶν
955 507 1084 562 νοῦν
1113 509 1352 580 ἐχόντων
1397 513 1496 565 καὶ
1529 514 1880 584 σωφρονοῦν·-

282 615 423 660 των,
457 599 521 650 ἐν
550 593 634 662 οἷς
663 597 726 652 τδ
775 598 1071 671 ἀδιάφορον
1100 601 1424 674 ἐνυπάρχει,
1469 603 1530 656 τὸ
1571 605 1670 674 μὲν
1708 623 1881 678 προσ-

285 688 577 743 κυνεῖσθαι
635 687 704 742 ἂν
773 688 1010 761 ἀξιώσῃ,
1053 692 1116 745 τὸ
1143 691 1203 745 δὲ
1252 694 1873 765 καταπίμπρασθαι;Εί

285 779 399 850 γὰρ
423 780 490 832 τὸ
513 779 710 850 ἕτερον
761 779 968 849 τίμιον,
1001 781 1100 834 καὶ
1122 780 1358 852 θάτερον
1405 782 1466 847 ἐξ
1501 783 1750 854 ἀνάγκης
1773 801 1789 816 ·
1829 785 1880 839 εί

281 870 341 924 δὲ
369 871 435 924 οὑ
469 871 656 934 τοῦτο,
706 871 831 924 οὐδὲ
871 871 1056 926 ἐκεῖνο
1097 873 1319 943 τίμιον’
1384 875 1484 928 καὶ
1529 876 1722 948 ἐπειδὴ
1754 879 1878 930 κατ’

280 959 444 1014 οὐδὲν
471 961 850 1032 διαφέρουσιν,
881 963 910 1015 ό
961 959 1024 1014 τὸ
1073 961 1264 1034 ἓτερον
1320 965 1624 1038 καθαιρῶν,
1663 967 1724 1021 τὸ
1770 968 1881 1023 πᾶν

283 1054 639 1122 Εὑαγγελίου
667 1051 1002 1124 καθῃρηκὼς
1031 1053 1140 1125 εἴη.
1176 1057 1240 1108 Ὢ
1267 1055 1370 1126 τῆς
1419 1059 1619 1127 μανίας
1651 1060 1664 1113 l
1699 1058 1745 1114 ὣ
1777 1061 1878 1132 τῆς

283 1145 595 1208 ἀπονοίαςί
639 1144 909 1214 Χριστοῦ-
943 1147 1136 1218 μνήμη
1197 1148 1292 1200 καὶ
1339 1148 1514 1220 ὄνομα
1549 1152 1878 1222 πρόκειται·

283 1240 440 1300 τινες
469 1239 524 1290 οἱ
569 1237 1084 1308 καταστρέφοντεςς
1137 1233 1249 1308 ἆρα
1281 1239 1653 1310 Χριστιανοὺς
1685 1243 1882 1313 ὀνομαο

286 1331 484 1394 στέον;
515 1330 593 1382 Οὐ
626 1327 726 1398 μὲν
759 1325 876 1384 οὖν·
919 1327 1163 1382 Ἰουδαῖοι
1192 1329 1354 1383 τοῦτο
1372 1331 1617 1403 τολμῶσι
1639 1335 1734 1388 καὶ
1757 1333 1884 1387 Ἕλ-

286 1423 458 1490 ληνες
486 1420 910 1492 καὶ-βάρϐαροι,
945 1421 1133 1492 ἐχθροί
1163 1437 1229 1490 γε
1262 1422 1442 1490 ὄντες,
1480 1425 1576 1477 καὶ
1627 1425 1728 1495 τῆς
1753 1425 1880 1478 καθ’

287 1515 441 1586 ἡμᾶς
473 1514 629 1584 ἱερᾶς
663 1511 966 1582 θρησκείας
987 1511 1284 1588 ἀλλότριοι,
1322 1508 1406 1577 οἷς
1443 1515 1540 1568 καὶ
1575 1509 1883 1586 obrogare-

287 1607 436 1676 χνῶς
466 1606 544 1668 ὡς
570 1605 616 1658 Χ
625 1605 950 1676 ριστομάχοι
995 1603 1416 1670 συντετάξονται
1441 1620 1460 1638 ο
1508 1606 1584 1670 ὡς
1635 1606 1882 1663 Ἰουδαῖοι

291 1687 881 1764 αανδαλιξέσθωσαν,
939 1697 1018 1761 ὼς
1065 1696 1358 1767 Ἱῖίλληνες⁸
1385 1697 1877 1768 μωραινέσθωσαν·

1982 531 2170 579 unum,
2201 517 2346 586 quod
2381 518 2708 587 honoretur;
2738 519 2968 576 alterum
3003 525 3147 591 quod
3181 523 3556 590 comburatur,

1980 607 2460 676 putaverit?-Nam
2511 609 2559 664 si
2615 625 2784 666 unum
2837 613 3162 670 honorabile
3189 626 3295 682 est,
3332 632 3558 675 necesse

1980 703 2066 754 est
2109 711 2234 754 esse
2291 707 2348 754 et
2384 697 2616 755 alterum
2679 719 2695 756 :
2753 702 2840 762 sin
2889 703 2992 759 hoc
3047 705 3272 761 minime
3329 717 3434 774 est,
3487 723 3558 764 ne

1982 788 2114 844 illud
2143 789 2382 858 quidem.
2431 790 2500 845 Et
2532 792 2787 860 quoniam
2831 792 2948 850 haec
2994 795 3133 848 nihil
3187 794 3462 864 diﬁ‘erunt,
3510 800 3559 854 si

1981 877 2106 948 quis
2153 877 2382 934 alterum
2443 879 2710 946 destruat,
2747 889 2915 937 totam
2969 883 3244 956 Evangelii
3289 903 3557 944 summam

1983 968 2347 1023 destruxerit-
2431 971 2473 1022 0
2549 971 2823 1025 vesaniam
2899 981 3064 1041 atque
3173 975 3558 1032 dementiam!

1982 1057 2185 1114 Christi
2240 1059 2445 1114 mentio
2503 1074 2824 1131 nomenque
2895 1059 3008 1118 illic
3069 1075 3358 1132 prostant;
3431 1067 3557 1136 qui-

1983 1165 2108 1204 nam
2182 1149 2238 1204 hi
2318 1159 2449 1204 sunt
2505 1151 2596 1220 qui
2667 1152 3002 1207 destruunt?
3052 1153 3191 1209 Num
3247 1157 3558 1213 Christiani

1983 1241 2285 1309 appellandi
2309 1243 2332 1296 ?
2359 1240 2508 1312 Nego
2535 1243 2835 1299 enimfero.
2865 1243 3036 1300 Judaei
3063 1248 3166 1301 hoc
3195 1247 3397 1303 audent
3423 1249 3558 1304 faci-

1983 1346 2104 1396 nus,
2135 1333 2331 1402 pagani
2364 1333 2676 1400 etbarbari,
2709 1343 2832 1390 cum
2883 1335 2993 1390 siut
3023 1337 3206 1393 hostes
3265 1349 3561 1410 nostroque

1984 1435 2145 1476 sacro
2181 1423 2328 1476 cultu
2368 1423 2573 1492 alieni;
2607 1425 2806 1494 quibus
2847 1427 2901 1481 hi
2932 1427 3095 1481 etiam
3139 1431 3258 1483 sine
3301 1429 3410 1484 ulla
3455 1432 3558 1486 du-

1983 1509 2270 1576 bitatione,
2303 1521 2492 1580 utpote
2537 1512 2744 1567 Christi
2776 1514 2985 1580 hostes,
3028 1519 3555 1574 annumerabuutur.
3610 1521 3618 1532 '

1984 1598 2265 1668 Tanquam
2309 1599 2480 1656 Judtei
2517 1603 2980 1668 scandalizentur,
3045 1612 3304 1675 tanquam
3353 1609 3557 1664 etllnici

1983 1688 2357 1758 infatueutur;
2387 1693 2820 1762 quandoquidem
2855 1692 3108 1750 Christus
3153 1697 3244 1766 qui
3289 1698 3560 1766 pradica-

288 1793 601 1862 ἐπειδήπερ
635 1789 1060 1860 ἐσταυρωμένος
1083 1790 1112 1842 6
1143 1787 1385 1860 Χριστὸς
1438 1789 1876 1860 κηρυσσόμενος,

1985 1791 2072 1836 tur
2095 1783 2409 1848 cruciﬁxus,
2441 1785 2583 1852 quod
2614 1785 2755 1839 idem
2781 1794 2866 1840 est
2919 1800 2986 1840 ac
3018 1787 3064 1842 si
3113 1787 3376 1858 ﬁguratus
3402 1791 3558 1848 dica-

284 1883 492 1938 ταυτὸν
521 1883 582 1936 δὲ
620 1882 922 1951 φάναι-καὶ
968 1881 1396 1950 είκονιζόμενος,
1445 1880 1726 1944 Ἰουδαίοις
1777 1881 1880 1952 μέν

287 1958 412 2029 εστι
435 1973 994 2042 σκάνδαλον,’Έλλησι
1013 1973 1071 2026 δὲ
1098 1965 1300 2045 μωρία.
1322 1973 1534 2044 ’Ὠσπερ
1555 1972 1652 2026 οὖν
1673 1975 1702 2026 ό
1723 1972 1882 2042 λόγος

289 2069 324 2119 ὁ
345 2067 444 2134 τοῦ
471 2064 714 2136 σταυροῦ
741 2065 838 2117 καὶ
861 2063 975 2118 τῶν
1020 2063 1118 2123 τοῦ
1174 2065 1591 2136 σταυρωθέντος
1631 2065 1882 2134 ὑπομνη-

295 2157 510 2227 μάτων,
537 2159 658 2219 τοῖς
691 2156 790 2226 μὲν
823 2155 1230 2226 ἀπολλυμένοις
1277 2156 1460 2228 μωρία
1491 2158 1630 2222 ἐστὶ,
1679 2159 1796 2220 τοῖς
1821 2155 1881 2210 δὲ

294 2249 640 2320 σωζομένοιςο
669 2249 804 2319 ἡμὶν
828 2246 1063 2318 δύναμις
1092 2247 1232 2301 Θεοῦ
1286 2250 1429 2314 ἐστι,
1473 2249 1571 2303 καὶ
1597 2247 1776 2304 ταῦτά
1815 2264 1880 2317 γε

291 2343 404 2414 ἄρα
428 2341 700 2405 ὡσαύτως
733 2339 830 2394 τὸν
887 2339 1124 2412 σταυρὸν
1161 2339 1258 2394 τοῦ
1281 2342 1521 2412 Χριστοῦ
1549 2342 1644 2394 καὶ
1686 2341 1749 2394 τὸ
1777 2343 1882 2396 πά-

291 2433 388 2496 θος
417 2435 554 2504 ἡμῖν
595 2432 996 2504 διαγράφουσιν
1023 2447 1038 2462 ο
1070 2433 1119 2485 εί
1145 2431 1647 2504 δὲ·τάληθέστερον
1695 2434 1882 2488 εἰπεῖν

289 2529 357 2580 ὲκ
391 2525 736 2596 περιουσίας,
761 2525 856 2576 καὶ
886 2522 988 2587 τάς
1031 2512 1340 2593 θεοσημίας
1379 2523 1478 2577 καὶ
1527 2521 1882 2596 θαυματουρ-

288 2619 446 2687 γίας,
493 2617 676 2687 ἇσπερ
724 2614 1110 2687 τεραωυργῶν
1164 2614 1475 2669 ἐδείκνυτο·
1527 2615 1634 2669 καὶ
1689 2613 1747 2670 ἓν
1791 2612 1882 2669 ἐπ’

287 2709 637 2779 ἀμφοτέροις
663 2707 784 2761 ἐστὶ
807 2706 870 2760 τὸ
896 2706 997 2778 τῆς
1019 2706 1190 2776 τιμῆς
1220 2705 1418 2772 αῐτιον,
1449 2707 1485 2778 ἡ
1511 2705 1607 2760 τοῦ
1636 2707 1881 2778 Χριστοῦ

289 2801 554 2864 κένωσις.
1155 2809 1174 2832 ⁸

361 2915 432 2980 ζ’.
468 2915 536 2969 Οῐ
565 2915 626 2967 δέ
648 2931 714 2984 γε
739 2914 933 2982 φαῦλοι
963 2917 1058 2969 καὶ
1101 2914 1212 2968 τῶν
1244 2912 1469 2984 φαύλων
1495 2915 1757 2986 ἐργάται,
1785 2915 1880 2968 ὑπ’

289 3005 658 3076 ἀναισχύντου
678 3001 913 3076 γνώμης
965 3005 1363 3060 καταιτιῶνται
1400 3007 1570 3076 ἡμᾶς,
1625 3009 1693 3078 τῇ
1732 3007 1878 3078 ἁπλῇ

1982 1879 2089 1934 tur,
2125 1869 2331 1927 Iudaeis
2355 1873 2573 1941 quidem
2615 1875 2931 1930 scandalum
2962 1886 3068 1942 est,
3103 1879 3338 1932 ethnicis
3367 1890 3552 1935 autem

1981 1961 2229 2026 stultitia.
2289 1961 2446 2018 Sicut
2499 1978 2630 2035 ergo
2659 1979 2841 2020 sermo
2895 1965 2962 2020 de
2995 1981 3158 2022 cruce
3195 1969 3346 2024 etde
3396 1973 3560 2028 rebus

1981 2054 2225 2110 cruciﬁxi
2260 2058 2726 2125 memorabilibus,
2777 2060 3004 2129 perditis
3037 2061 3348 2119 hominibus
3372 2066 3558 2121 stulti-

1983 2141 2056 2202 tia
2104 2158 2225 2214 est;
2254 2149 2412 2205 nobis
2467 2160 2649 2205 autem
2680 2151 2926 2218 salvatis,
2965 2153 3139 2210 virtus
3169 2157 3261 2211 Dei
3283 2167 3408 2224 est;
3443 2159 3562 2216 haec

1982 2238 2113 2296 item
2166 2239 2372 2296 Christi
2441 2254 2660 2297 crucem
2714 2245 3140 2316 passionemque
3203 2249 3360 2304 nobis
3405 2263 3560 2320 teque

1982 2331 2336 2398 deceribunt;
2387 2332 2504 2388 imo
2558 2335 2802 2404 majore,
2842 2345 2901 2390 ut
2950 2338 3132 2394 verius
3187 2339 3407 2405 dicam,
3459 2343 3556 2408 vi;

1981 2438 2193 2480 necnon
2229 2425 2409 2478 divina
2449 2426 2692 2498 prodigia
2718 2467 2734 2491 ,
2771 2442 2892 2496 quae
2933 2428 2979 2484 is
3005 2430 3333 2487 mirabiliter
3361 2449 3562 2504 opera-

1985 2523 2070 2569 tus
2105 2523 2209 2570 est.
2241 2514 2466 2585 Utraque
2497 2525 2581 2572 est
2617 2517 2904 2588 utriusque
2954 2519 3032 2577 rei
3069 2521 3403 2580 honorandae
3425 2541 3560 2581 cau-

1982 2619 2066 2672 sa,
2109 2619 2302 2675 nempe
2329 2605 2532 2661 Christi
2565 2607 2887 2664 exlnanitio.

2055 2905 2106 2960 7.
2157 2903 2223 2962 Hi
2269 2915 2448 2963 autem
2489 2908 2723 2980 improbi
2759 2919 2816 2965 et
2861 2909 3226 2982 improbitatis
3273 2921 3560 2984 auctores,

1984 2999 2298 3068 impudente
2344 3001 2526 3055 animo
2569 3017 2668 3056 nos
2707 3011 3002 3066 accusant,
3051 3003 3142 3072 qui
3178 3003 3232 3058 in
3281 3005 3385 3059 ﬁde
3429 3007 3562 3060 sitn-

291 3097 478 3150 πίστει
503 3095 598 3148 καὶ
617 3097 682 3165 τῇ
717 3094 1016 3165 παραδόσει
1067 3096 1178 3166 τῆς
1211 3081 1514 3166 καθολικῆς
1552 3095 1880 3166 Ἐκκλησίας

1984 3089 2130 3160 plici,
2161 3099 2218 3145 et
2241 3091 2526 3146 catholica:
2569 3091 2826 3147 Ecclesiae
2861 3093 3149 3148 traditione
3192 3111 3296 3150 non
3331 3098 3556 3166 scriptu,

289 3193 356 3260 τῇ
383 3189 628 3260 ἀγράφῳ
653 3186 1183 3258 ὲπιστηριζομένους
1203 3201 1220 3216 ·
1262 3185 1402 3240 ἀλλὰ
1429 3185 1625 3258 ῥητέον
1667 3188 1876 3253 αὐτοῖς,

289 3283 374 3334 ὅτι
414 3280 659 3350 μάλιστα
691 3277 791 3348 μὲν
817 3279 850 3348 ἡ
885 3277 1133 3346 ἄγραφος
1165 3275 1468 3344 παράδοσις
1495 3275 1558 3328 τὸ
1587 3277 1879 3348 ἰσχυρότα-

291 3391 384 3427 τον
417 3373 644 3426 πάντων
676 3373 966 3442 κέκτηται,
1002 3369 1100 3422 καὶ
1129 3363 1242 3424 οἷον
1275 3368 1486 3440 κρηπίς
1510 3384 1596 3432 τις
1619 3369 1713 3420 καὶ
1745 3367 1882 3439 ἕδρα

293 3465 404 3519 τῶν
437 3466 497 3517 ἐν
526 3466 593 3535 τῇ
625 3464 818 3534 χρήσει
845 3461 940 3516 τοῦ
994 3461 1112 3532 βίου
1143 3461 1315 3526 ἐστὶν,
1345 3461 1469 3530 ἥτις
1511 3459 1605 3512 ἐπὶ
1633 3459 1881 3513 πλεῖστον

291 3547 632 3626 διαρκέσασα
674 3553 1066 3624 πεποιωμὲνον·
1106 3551 1228 3614 ἔθος
1289 3551 1662 3604 καθίσταταιυ
1717 3551 1780 3602 τὸ
1825 3549 1883 3604 δὲ

291 3649 416 3712 ἔθος
450 3647 633 3718 χρόνῳ
662 3645 861 3716 μακρῷ
891 3643 1216 3716 βεδαιωθὲν,
1243 3642 1461 3712 φύσεως
1481 3643 1636 3712 ἰσχὺν
1666 3641 1883 3712 λαμϐά-

290 3727 377 3794 νει
404 3756 419 3770 ·
480 3739 702 3808 φύσεως
729 3738 788 3790 δὲ
839 3737 894 3790 τί
947 3737 1013 3790 ἂν
1038 3731 1148 3808 ⁸εἵη
1189 3735 1581 3807 ίσχυρότερον;
1613 3737 1676 3788 Ei
1718 3735 1776 3789 δὲ
1803 3735 1885 3802 δεζ

293 3831 727 3904 περιεργότερον
752 3829 952 3882 τοῦτου
973 3827 1260 3884 διαλαϐεῖν
1281 3827 1514 3891 εἵνεκεν,
1547 3827 1770 3898 ὁρῶμεν
1797 3827 1881 3881 ὅτι

293 3923 396 3978 καὶ
437 3923 502 3975 τδ
533 3921 867 3990 Εὑαγγέλιον
895 3919 1026 3973 αὐτὸ
1075 3918 1344 3989 ἀγράφως
1376 3917 1438 3972 τὸ
1467 3919 1524 3986 ἐξ
1567 3910 1746 3990 ἆρχῆς
1779 3935 1886 3973 πα-

297 4015 616 4089 ραδέδοται,
633 4015 692 4067 Ὅ
720 4015 831 4084 γὰρ
854 4011 1066 4082 Κύριος
1097 4013 1194 4066 καὶ
1217 4011 1351 4075 Θεὸς
1378 4010 1537 4084 ἡμῶν
1563 4011 1656 4064 ἐπὶ
1679 4011 1742 4064 τδ
1774 4028 1884 4066 σω-

292 4111 494 4182 τήριον
525 4103 812 4179 προελθὼν
856 4103 1147 4176 κήρτῑγμα,
1185 4103 1288 4157 οὐκ
1334 4103 1395 4156 ὲν
1427 4103 1727 4175 γράμμασι
1755 4103 1884 4166 τοὺς

294 4199 484 4263 θείους
519 4198 761 4270 ἐκείνους
777 4197 892 4264 “xui
921 4183 1278 4265 θαυμαστοὺς
1297 4193 1502 4266 νόμους
1528 4191 1772 4260 ἐξέθετο,
1807 4192 1883 4254 ὡς

297 4293 466 4364 ἴσμεν
499 4291 757 4358 ἅπαντες,
794 4287 917 4342 οὐδὲ
936 4290 1001 4341 ἐν
1025 4288 1202 4362 χάρτῃ
1228 4287 1325 4341 καὶ
1370 4286 1563 4358 μέλανι
1605 4283 1706 4358 τὴν
1739 4283 1884 4358 ὑψη-

293 4386 401 4455 λὴν
444 4382 590 4437 οὕτω
621 4383 718 4438 καὶ
759 4383 1032 4454 σωτήριον
1065 4379 1419 4435 διδασκαλίαν
1463 4376 1788 4450 ἐνέγραψεν,
1818 4375 1881 4430 οὐ

1985 3182 2210 3236 ﬁrmiter
2249 3193 2580 3250 perstamus.
2636 3181 2742 3238 Sed
2783 3184 3221 3254 respondendum
3271 3197 3357 3242 est
3405 3188 3560 3252 istis,

1984 3273 2326 3328 traditionem
2375 3273 2658 3342 potissime
2711 3289 2818 3328 non
2863 3277 3122 3345 scriptam
3161 3293 3273 3346 pra:
3309 3279 3564 3336 omnibus

1981 3377 2102 3418 esse
2134 3353 2562 3432 validissimam,
2611 3376 2666 3418 et
2721 3365 2987 3422 columna:
3043 3369 3299 3438 basisque
3341 3373 3456 3426 vice
3504 3371 3556 3425 in

1983 3456 2107 3510 vita:
2133 3441 2380 3533 humanae
2416 3457 2600 3512 usibus
2630 3457 2820 3528 fungi;
2849 3475 2968 3528 qua:
2999 3461 3306 3516 diutissime
3335 3463 3564 3530 durans,

1983 3560 2250 3617 receptam
2310 3552 2754 3604 consuetudinem
2808 3551 3090 3606 constituit
3149 3570 3168 3606 :
3225 3557 3564 3609 consuetudo

1984 3649 2164 3694 autent
2201 3639 2358 3710 longo
2399 3650 2641 3710 tempore
2677 3642 2922 3706 ﬁrmata,
2974 3653 3182 3698 naturae
3223 3645 3330 3698 vim
3359 3645 3562 3702 .sutnit.

1985 3728 2123 3796 Quid
2174 3747 2338 3799 porro
2375 3741 2461 3786 est
2514 3741 2706 3786 natura
2741 3731 3009 3788 Validius?
3047 3734 3201 3800 Quod
3242 3735 3286 3789 si
3337 3735 3566 3805 hujusce

1985 3823 2064 3878 rei
2104 3837 2266 3878 causa
2303 3825 2633 3894 exquisitius
2667 3825 2874 3896 aliquid
2907 3825 3204 3883 dicendum
3251 3838 3370 3894 est,
3417 3829 3566 3884 vide-

1984 3929 2106 3969 mus
2149 3913 2326 3998 ipsutn
2357 3914 2716 3985 Evangelium
2756 3917 3010 3987 primitus
3057 3918 3265 3988 absque
3294 3919 3563 3990 scriptura

1985 4004 2154 4062 fuisse
2197 4009 2474 4062 traditum.
2502 4007 2636 4062 Nam
2671 4009 2934 4085 Dominus
2957 4024 3020 4066 ac
3056 4011 3194 4066 Deus
3227 4023 3414 4067 noster
3439 4029 3563 4067 cunt
3676 4038 3690 4056 κ

1984 4100 2052 4154 ad
2089 4099 2385 4178 salutarem
2437 4103 2674 4156 accessit
2702 4095 3178 4170 praedicationem,
3217 4119 3322 4157 non
3364 4103 3564 4159 litteris

1984 4191 2200 4248 divinas
2247 4191 2369 4248 illas
2417 4192 2808 4266 mirabilesque
2845 4193 3000 4266 leges,
3031 4195 3304 4264 exposuit,
3339 4205 3400 4249 ut
3445 4209 3564 4250 om-

1985 4297 2085 4338 nes
2119 4281 2360 4348 scimus,
2399 4264 2578 4353 neque
2604 4283 2798 4339 charta
2840 4264 3238 4340 et'atrameuto
3269 4294 3377 4340 tam
3417 4285 3566 4342 salu-

1985 4375 2140 4431 brem
2171 4375 2471 4431 doctrinam
2506 4377 2762 4446 scripsit,
2802 4392 2910 4433 non
2957 4375 3196 4449 lapideis
3231 4378 3438 4434 tabulis
3482 4379 3566 4434 in-

294 4475 469 4544 πλαξὶ
495 4474 724 4540 λιθίναις
745 4459 1022 4537 ὲτύπωσε,
1054 4472 1314 4542 καθάπερ
1341 4471 1402 4525 τὸ
1427 4469 1660 4528 παλαιὸν
1685 4470 1714 4524 ό
1739 4465 1881 4522 κατά

1986 4458 2244 4536 sculpsit,
2283 4466 2430 4520 slcut
2487 4465 2791 4538 antiquitus
2827 4465 3064 4524 Mosaica
3120 4467 3209 4523 lex
3265 4469 3562 4526 cbaraxata

293 4567 511 4626 Μωσέα
555 4566 722 4636 νόμος
766 4565 1163 4638 διεκεχάρακτο
1187 4605 1204 4630 ,
1243 4551 1400 4616 sua“
1440 4559 1644 4630 ψυχαῖς
1706 4557 1880 4612 ταῦτα

293 4658 624 4724 ἐναπέθετο,
655 4659 714 4710 ὲν
745 4657 1019 4733 πνεύξματι
1051 4653 1446 4728 κεχαραγμένα
1495 4651 1588 4706 καὶ
1634 4667 1880 4720 σεσημα-

1987 4557 2122 4643 iuit;
2175 4555 2268 4614 sed
2302 4573 2423 4613 eam
2460 4559 2514 4614 in
2565 4559 2852 4645 animabus
2892 4558 3032 4616 Deus
3064 4559 3328 4629 inseruit,
3369 4561 3564 4630 spiritu

1983 4647 2320 4706 eﬁ‘ormatam
2351 4660 2405 4707 et
2435 4652 2826 4724 consignatam,
2861 4667 2971 4708 non
3001 4651 3176 4710 littera
3208 4651 3345 4724 (l2).
3391 4651 3502 4708 lloc
3529 4667 3562 4708 a

295 4750 498 4820 σμὲνα,
514 4749 579 4802 οὐ
602 4745 892 4819 γράμματι
916 4787 931 4802 .
961 4745 1133 4802 Τοῦτο
1151 4746 1246 4800 uel.
1270 4742 1361 4798 διὰ
1381 4739 1682 4814 προφητῶν
1706 4741 1880 4810 ἁγίων

1983 4745 2191 4799 sanctis.
2222 4760 2444 4817 quoque
2497 4745 2780 4815 prophetis
2835 4745 2964 4799 olim
3017 4746 3337 4815 praedictum
3391 4745 3494 4802 fuit
3541 4765 3558 4804 :

297 4843 474 4896 πάλαι
501 4839 1008 4912 προαναπεφώνητο
1027 4856 1041 4870 ο
1061 4837 1273 4904 Διδοὺς
1303 4836 1434 4906 τὰρ,
1465 4835 1622 4905 φησὶ,
1654 4833 1880 4904 νόμους

1983 4832 2132 4890 Dan:
2158 4837 2318 4903 enim,
2341 4837 2537 4907 inquit,
2572 4836 2708 4907 leges
2731 4851 2876 4890 meas
2906 4837 2960 4892 in
2997 4835 3256 4892 utentibus
3283 4853 3488 4904 eorum,
3507 4849 3558 4895 et

289 4950 415 5004 μου
444 4935 532 4998 εις
562 4932 835 4987 διάνοιαν
873 4929 1092 4997 αὐτῶν,
1129 4929 1226 4984 καὶ
1265 4928 1364 4982 ἐπὶ
1402 4926 1652 4994 καρδίας
1682 4923 1881 4979 αὐτῶν

1983 4929 2037 4982 in
2084 4928 2329 4983 cordibus
2373 4931 2608 4998 ipsorum
2651 4927 2880 4982 scribam
2911 4942 3004 4982 eas
3025 4928 3092 4981 “.
3139 4929 3292 4996 Quod
3323 4945 3457 4986 sane
3489 4931 3560 4984 ab

293 5025 611 5094 ἐπιγράψω
637 5021 879 5090 ᾱὺτούς.
936 5025 1004 5076 Ἀ
1045 5022 1110 5094 δὴ
1139 5021 1232 5076 ὑπ’
1264 5021 1436 5090 αὐτῆς
1474 5020 1576 5090 τῆς
1616 5017 1880 5090 ἀληθείας

296 5115 546 5187 Χριστοῦ
597 5107 972 5187 περαινόμενα
1020 5103 1291 5183 ἔγνωμεν,
1362 5111 1578 5183 χρόνοις
1617 5111 1677 5164 δέ
1738 5126 1885 5165 τισιν

297 5209 532 5278 ὕστερον
569 5207 667 5260 καὶ
719 5208 908 5278 γραφῇ
958 5203 1384 5276 χαρακιτόμεναο
1421 5203 1635 5274 μάρτυς
1667 5203 1696 5255 ό
1739 5201 1886 5265 θεῖος

297 5300 520 5363 Λουκᾶς
566 5299 1024 5370 ἀπαράγραπτος,
1066 5296 1132 5354 ἂν
1166 5294 1278 5364 ἄρα
1327 5295 1588 5366 δέχωνται
1624 5295 1725 5365 τὴν
1774 5311 1883 5346 πα-

369 5478 422 5510 ³³
452 5474 654 5531 Jerem.
696 5489 846 5536 xxxi.
876 5474 966 5528 35.
1020 5524 1031 5534 ,

1985 5021 2100 5092 ipsa
2131 5016 2358 5076 veritate
2377 5020 2598 5079 Christo
2625 5029 2908 5090 peractum
2936 5021 3174 5089 scimus;
3206 5032 3332 5090 post.
3353 5023 3562 5090 aliquot

1987 5121 2170 5168 autem
2205 5101 2379 5168 annos
2419 5113 2628 5184 scripto
2653 5112 2816 5168 etiam
2845 5127 3186 5184 expressum.
3231 5113 3410 5170 Testis
3443 5114 3562 5167 ine-

1987 5203 2262 5260 luctabilis
2319 5202 2494 5259 Lucas
2552 5204 2629 5276 (si
2673 5213 2852 5260 tamen
2908 5204 3053 5260 hunc
3099 5207 3188 5260 isti
3230 5201 3560 5274 admittunt)

1987 5295 2084 5364 qui
2128 5293 2470 5350 traditionem
2505 5295 2798 5364 Evangelio
2837 5311 2937 5352 suo
2977 5295 3387 5352 fundamentum
3424 5309 3566 5366 prae-

375 5634 491 5708 (te)
532 5633 759 5688 Videtur
787 5631 1124 5708 Eicephorus
1153 5642 1370 5708 sumere
1398 5628 1537 5683 hanc
1567 5626 1896 5684 sententiam
1935 5639 2003 5682 ex
2063 5622 2283 5682 Eusebii
2305 5622 2658 5697 'l‘heephania
2680 5618 2774 5683 lib.
2803 5641 2884 5695 Ill,
2908 5625 2996 5692 40,
3028 5625 3183 5697 cujus
3215 5613 3336 5684 vide'
3371 5625 3558 5685 Graeca

298 5699 632 5780 Fragmenta
667 5718 698 5759 a
729 5704 884 5761 nubis
923 5699 1102 5773 nuper
1133 5699 1302 5756 edita.
1343 5706 1356 5713 ”
