4032 6208
408 221 525 287 395

1458 218 1521 281 s.
1561 210 1987 281 NICEPHORI
2028 207 2536 274 PATRIARCHIE
2573 178 2682 269 cr.

3585 202 3695 273 396

419 334 485 388 rii
517 343 681 403 atque
709 329 1074 402 impudentes,
1105 328 1288 386 dicere
1311 329 1487 399 ipsum
1515 329 1811 383 aﬂirmasse
1840 345 1854 381 :
1888 325 1994 382 Re-

2119 341 2318 396 πχυντοι
2350 320 2716 393 φθέγξασθαι,
2743 317 2820 381 ὡς
2848 316 3013 381 αὐτὸς
3042 315 3267 389 εἴρηκεν
3290 332 3305 349 ·
3343 316 3405 373 Ἠ
3429 318 3543 388 ἐμὴ
3576 323 3694 387 βα-

417 440 578 500 gnum
612 438 783 478 meum
829 439 934 477 non
979 430 1057 477 est
1087 421 1172 476 hic
1199 421 1265 474 ³².
1302 420 1415 476 Hoc
1443 420 1554 478 illis
1586 418 1888 490 jucundum
1919 424 2004 472 est

420 527 475 572 et
509 524 747 587 gratum,
786 528 981 584 nempe
1010 522 1073 567 ιιι
1104 512 1280 582 ipsum
1313 510 1584 566 dominari
1618 510 1671 565 in
1702 510 1864 565 terris
1894 524 2002 564 non

424 607 726 677 patiantur,
761 615 824 661 ut
856 605 910 659 in
941 603 1048 659 hoc
1076 603 1239 659 etiam
1268 617 1390 657 cum
1421 603 1700 672 magistris
1729 601 1865 665 suis,
1895 599 2005 655 Ma-

422 711 549 763 uete.
588 699 908 772 prognatis,
941 695 1282 767 conspirent.
1313 694 1587 766 Principio
1631 693 1722 750 alii
1768 709 1855 750 res
1891 703 2005 748 ter-

420 808 584 850 renas
612 792 945 855 attribuunt,
974 804 1087 844 non
1115 788 1506 859 iutelligentes,
1524 798 1582 842 ut
1608 797 1757 858 puto,
1787 801 1884 855 pro
1907 800 2004 841 sua

421 883 636 939 inscitia
664 882 795 937 dicti
825 881 946 951 ejus
977 895 1041 935 ac
1070 880 1393 936 oeconomia:
1422 882 1554 935 vim.
1586 878 1727 946 Quid
1757 878 1905 934 enim
1931 878 2005 932 si-

422 975 647 1045 gniﬁcat
691 974 857 1029 breve
896 973 999 1027 hoc
1038 971 1245 1028 Christi
1286 970 1546 1027 eﬂ'atum?
1586 970 1793 1041 Nempe
1836 967 2002 1038 quod,

424 1065 639 1135 inquit,
678 1080 786 1119 non
824 1065 998 1120 instar
1030 1066 1222 1120 horum
1270 1074 1612 1121 terrenorum
1660 1061 2003 1119 mortalium-

424 1171 532 1227 que
570 1172 793 1225 regum,
842 1164 1251 1226 temporaneam
1286 1158 1615 1225 brevemque
1655 1155 1884 1223 gloriam
1922 1161 2004 1209 te-

424 1248 693 1312 ttentiuiu,
733 1262 914 1302 meum
947 1261 1165 1317 quoque
1199 1261 1422 1317 regnum
1456 1246 1528 1301 ita
1560 1260 1621 1301 se
1654 1245 1841 1300 habet.
1876 1242 2006 1299 Ete-

426 1341 537 1394 nim
572 1339 729 1403 illos,
759 1339 959 1409 exigua
994 1339 1099 1393 hac
1138 1339 1410 1391 mundana
1432 1376 1446 1402 ,
1481 1348 1641 1406 atque
1672 1346 1731 1390 ut
1762 1335 1870 1391 leni
1904 1334 2005 1392 ﬂo-

425 1447 513 1487 res
540 1438 936 1496 marcescente,
969 1429 1139 1499 gloria
1170 1429 1389 1493 fruitos,
1423 1428 1700 1497 corruptio
1728 1426 1925 1482 deinde
1954 1433 2010 1481 et

425 1541 573 1579 mors
604 1523 834 1593 corripit
864 1540 885 1577 τ
922 1522 1005 1577 vel
1035 1523 1199 1577 etiam
1231 1521 1402 1592 plebis
1440 1520 1703 1575 tumultus
1729 1528 1786 1575 et
1817 1518 2007 1587 conju-

423 1617 690 1679 ratioues,
741 1615 1007 1684 dignitate
1050 1614 1325 1684 spoliant,
1385 1623 1441 1668 et
1485 1610 1784 1683 ignominia
1831 1610 2009 1681 pluri-

2102 420 2306 472 σιλεία
2324 417 2437 469 οὐκ
2463 414 2637 469 ἐστιν
2654 412 2959 468 ἐντεῦθεν·
2983 410 3143 465 τοῦτο
3170 410 3355 475 αὐτοῖς
3373 412 3436 466 τὸ
3460 414 3694 483 τερπνὸν

2102 509 2201 565 καὶ
2227 506 2453 580 χαρίεν,
2481 506 2543 560 τὸ
2588 505 2697 571 τῶν
2744 507 2838 559 ἐπὶ
2879 506 2986 576 γῆς
3036 503 3346 576 βασιλεύειν
3382 490 3549 561 αὑτὸν
3593 509 3696 562 οὐκ

2102 606 2426 678 ἀνέχεσθαι,
2472 606 2559 660 ἶνα
2604 605 2706 660 κὰν
2740 605 2919 677 τούτῳ
2949 606 3062 669 τοῖς
3092 603 3439 667 διδασκάλοις
3469 601 3692 669 αὐτῶν,

2102 702 2216 762 τοῖς
2268 697 2377 751 ἀπὸ
2432 696 2526 752 τοῦ
2578 697 2860 761 Μάνεντος
2883 736 2898 759 ,
2943 696 3332 767 ὁμογνώμονες
3381 694 3691 765 φαίνοιντο’

2105 793 2245 863 ἀρχῇ
2272 792 2435 863 ἑτέρᾳ
2467 789 2537 844 τὰ
2565 789 2693 861 τῇδε
2725 788 3121 861 προσνέμουσι,
3147 788 3290 858 τάχα
3326 788 3387 841 οὐ
3421 786 3696 848 συνιέντες

2103 886 2153 940 οἱ
2182 883 2423 954 ἀνόητοι,
2453 881 2563 934 τῶν
2601 882 2912 952 εἰρημένων
2951 880 3044 934 καὶ
3080 879 3561 951 οἰκονομουμένων
3593 878 3695 947 τήν

2103 976 2357 1046 δύναμινο
2390 975 2444 1028 τί
2469 974 2576 1047 γὰρ
2607 974 2758 1045 αὐτῷ
2782 974 2843 1027 τὸ
2871 973 3048 1045 βραχὺ
3077 972 3238 1027 τοῦτο
3270 973 3543 1044 ῥησείδιον
3570 969 3697 1042 βού-

2105 1068 2260 1122 λεται
2280 1084 2295 1133 ;
2316 1067 2441 1121 Ὅτι
2469 1083 2574 1130 τοι,
2610 1064 2797 1136 φησιν,
2822 1067 2885 1119 οὐ
2915 1065 3059 1120 κατὰ
3085 1065 3209 1128 τοὺς
3229 1065 3453 1133 γηῖνους
3474 1062 3541 1130 δὴ
3569 1060 3703 1116 τούς
3738 1068 3755 1080 '

2105 1178 2233 1225 τους
2263 1161 2360 1215 καὶ⁵
2393 1159 2625 1229 θνητοὺς
2649 1157 2933 1229 βασιλέας,
2960 1158 3303 1228 πρόσκαιρον
3336 1156 3433 1210 καὶ
3463 1155 3698 1226 σμικρὸν
3736 1152 3739 1157 “

2107 1253 2486 1323 κεκτημένους
2513 1251 2577 1304 τὸ
2605 1249 2763 1313 κλέος
2786 1288 2802 1315 ,
2835 1248 2979 1303 οὕτω
3009 1250 3106 1303 καὶ
3134 1249 3203 1302 τὰ
3230 1247 3333 1317 τῆς
3369 1249 3509 1318 ὲμῆς
3536 1247 3695 1317 διήρ-

2105 1360 2289 1398 τισται
2332 1340 2634 1412 βασιλείας,
2679 1339 2775 1404 οὓς
2816 1342 2991 1412 μικρᾷ
3027 1342 3094 1411 τῇ
3129 1340 3481 1411 περικοσμὶῳ
3519 1337 3698 1411 ταύτῃ

2107 1436 2207 1490 καὶ⁸
2256 1434 2443 1490 ἄνθεσι
2492 1433 2694 1506 χόρτου
2751 1432 2843 1485 ίσα
2898 1431 3282 1503 μαραινομένῃ
3326 1429 3698 1502 συνησθέντας

2107 1525 2258 1598 δόξῃ,
2295 1523 2475 1597 φθορὰ
2503 1525 2565 1577 τὺ
2594 1523 2780 1577 λοιπὸν
2810 1524 2907 1577 καὶ
2937 1523 3170 1586 θάνατος
3196 1522 3491 1588 διεδέξατιν
3528 1520 3611 1574 ἔτι
3639 1520 3697 1573 δδ

2109 1616 2204 1682 οὒς
2232 1619 2329 1671 καὶ
2359 1618 2688 1689 φρονήματα
2713 1617 2977 1688 πλήθους,
3005 1618 3102 1671 καὶ
3128 1617 3350 1688 γνῶμαι
3376 1615 3702 1671 διαστασιά-

426 1708 641 1775 tuisque
675 1720 739 1759 ac
770 1705 906 1759 diris
948 1703 1354 1759 calamitatibus
1398 1702 1677 1758 irretiunt.
1721 1698 2010 1757 Verumta-

2119 1710 2340 1775 ζουσαι,
2391 1711 2494 1781 τῆς
2532 1728 2591 1763 τε
2642 1708 2799 1776 ἀξίας
2850 1709 3164 1779 ἀφείλοντο,
3220 1709 3316 1762 καὶ
3360 1708 3553 1779 ἀδοξίᾳ
3603 1708 3703 1761 καὶ

427 1816 552 1853 tuen
584 1810 858 1852 terrenum
889 1796 1028 1851 nihil
1050 1807 1108 1851 et
1131 1796 1283 1852 humi
1319 1811 1514 1866 repens
1544 1796 1599 1851 in
1630 1810 1716 1853 me
1740 1794 2005 1860 cernitur,

431 1906 590 1947 secus
622 1904 688 1944 ac
721 1889 774 1944 itt
810 1889 1024 1944 illorum
1066 1892 1193 1944 vita:
1224 1904 1385 1944 cursu
1431 1889 1721 1958 usuvenit;
1757 1904 1863 1944 non
1899 1902 2010 1958 po-

432 1983 682 2054 pulorum
716 1981 968 2053 suil‘ragia
1020 1990 1076 2036 ct
1121 1982 1440 2047 electiones,
1475 1982 1836 2053 humanaeque
1880 1995 2008 2036 sen-

432 2074 616 2127 tentia:
642 2073 785 2127 haud
810 2073 930 2127 sine
958 2072 1274 2143 prtejudicio
1305 2087 1448 2143 saepe
1473 2081 1844 2143 erumpentes,
1876 2072 2010 2128 nihil

433 2166 564 2220 utile
598 2166 970 2230 decernentes,
997 2163 1261 2234 voluptati
1301 2179 1414 2219 sua:
1447 2174 1541 2219 aut
1573 2164 1856 2225 ambitioni
1893 2179 2011 2219 scr-

437 2267 649 2311 vteutes
668 2294 684 2320 ,
712 2263 766 2310 et
796 2254 1124 2325 quandoque
1168 2255 1447 2326 indignum
1483 2255 1537 2309 in
1566 2254 1873 2326 principatu
1902 2252 2013 2317 colg

437 2351 699 2403 locantes.
732 2343 893 2401 Nulla
924 2346 1208 2417 dignitatis
1244 2344 1547 2415 huiusmodi
1580 2345 1816 2416 insignia
1840 2384 1857 2411 ,
1889 2359 2011 2414 qua

436 2441 638 2496 caduca
666 2450 719 2495 et
751 2450 1101 2508 temporanea
1127 2446 1277 2502 sunt,
1308 2452 1395 2492 me
1423 2444 1713 2505 exornant,
1743 2451 1849 2492 non
1876 2451 2009 2506 pur-

436 2531 590 2600 purei
625 2529 823 2585 coloris
849 2530 1246 2594 indumentum,
1279 2543 1385 2584 tron
1413 2543 1615 2585 corona
1641 2537 1931 2600 gemmata,
1956 2537 2013 2584 et

400 2631 744 2693 ‘sceptrum,
778 2632 834 2678 et
869 2622 1049 2678 throni
1085 2621 1397 2678 sublimitas
1418 2662 1435 2690 ,
1469 2632 1526 2677 et
1553 2615 1819 2692 splendidi
1848 2635 2011 2692 appa-

436 2726 625 2783 ratus;
651 2728 759 2769 non
785 2729 981 2769 currus
1008 2729 1147 2779 auro
1174 2714 1331 2781 illiti,
1359 2724 1415 2771 et
1440 2713 1669 2786 publica:
1695 2714 2010 2783 stipantiutn

439 2818 667 2874 pompa.
697 2812 751 2857 et
776 2803 1148 2874 clypeatorutn
1185 2813 1349 2875 atque
1382 2806 1720 2862 hastatorum
1753 2802 1921 2875 globi,
1956 2812 2013 2858 et

435 2895 857 2952 acclamantium
888 2896 1154 2968 plausus,
1195 2895 1321 2952 aliis
1367 2894 1587 2965 quidem
1621 2896 1859 2966 prteviis,
1895 2895 2014 2950 aliis

2110 1806 2422 1875 συμφοραῖς
2453 1803 2529 1868 ὡς
2565 1803 2853 1865 πλείσταις
2888 1802 2985 1857 καὶ
3017 1802 3288 1873 χαλεπαῖς
3322 1801 3698 1870 ὑπηγάγοντο*

2108 1896 2170 1949 οὐ
2194 1894 2302 1963 γάρ
2326 1910 2381 1946 τι
2402 1893 2512 1947 τῶν
2532 1894 2737 1965 γηΐνων
2765 1895 2860 1946 καὶ
2885 1895 3063 1964 χαμαὶ
3087 1892 3428 1964 ἐρχομένων.
3457 1892 3549 1944 ἐπ’
3573 1891 3703 1961 ἐμοὶ

2107 1981 2485 2053 τεθεώρηται,
2540 1984 2643 2037 ὅσα
2693 1984 2838 2038 κατὰ
2893 1984 2995 2054 τὴν
3051 1984 3281 2037 ἐκείνων
3333 1982 3701 2036 διαδείκνυται

2108 2078 2356 2149 πρόοδονο
2389 2079 2453 2132 οὐ
2487 2079 2680 2149 δήμων
2709 2078 3037 2151 ψηφίσματα
3068 2079 3165 2132 καὶ
3199 2078 3567 2149 χειροτονίαι,
3605 2080 3703 2132 καὶ

2108 2167 2330 2239 γνῶμαι
2377 2168 2713 2240 ἁνθρώπειοι
2758 2169 3170 2242 προερχόμεναι
3208 2169 3487 2232 πολλάκις.
3530 2168 3628 2222 καὶ
3671 2168 3701 2221 δ

2112 2259 2188 2331 μὴ
2226 2261 2530 2330 συνήνεγκε
2567 2257 2964 2330 δοκιμάζουσαι
2988 2299 3003 2325 ,
3035 2258 3176 2314 ἀλλὰ
3219 2259 3294 2313 τὰ
3325 2258 3466 2330 πρὸς
3499 2256 3700 2329 ήδονὴν

2109 2350 2207 2404 καὶ
2234 2348 2297 2403 τδ
2346 2349 2633 2420 φιλότιμον
2665 2349 2993 2413 σπεύδοντες
3014 2390 3029 2415 ,
3063 2349 3178 2403 ἐσθ’
3206 2349 3295 2403 ὅτε
3335 2348 3432 2401 καὶ
3473 2348 3568 2400 τὸν
3596 2348 3703 2400 οὐκ

2108 2441 2260 2506 ἄξιον
2290 2444 2370 2507 είς
2392 2442 2554 2513 τήνδε
2576 2441 2674 2514 τὴν
2701 2440 2876 2514 ἀρχὴν
2899 2442 3327 2513 ἑγκαθίδρυσαν·
3352 2441 3477 2494 οὐδέ
3505 2457 3557 2492 τι
3587 2438 3700 2492 τῶν

2110 2532 2204 2585 ἐπὶ
2226 2531 2304 2603 τῷ
2324 2532 2599 2603 ἀξιώματι
2632 2532 2713 2604 τῷ
2734 2532 2964 2605 τοιούτῳ
2989 2531 3301 2605 συμϐόλων,
3327 2531 3365 2587 ἃ
3381 2531 3447 2602 δὴ
3477 2530 3696 2603 φθαρτά

2108 2622 2171 2675 τέ
2200 2623 2318 2675 ἐστι
2348 2621 2444 2675 καὶ
2485 2619 2731 2693 ἐπίκηρα
2760 2622 2895 2693 παρ’
2925 2621 3054 2694 ἐμοὶ
3083 2621 3337 2691 φέρεται,
3367 2620 3467 2690 οὐχ
3493 2618 3694 2689 ἁλουρ-

2110 2712 2207 2782 γόν
2240 2730 2291 2767 τι
2315 2711 2517 2783 χρῶμα
2541 2713 2637 2766 καὶ
2666 2712 3042 2781 περιϐόλαιον,
3067 2713 3132 2765 οὐ
3162 2712 3420 2782 στέφανοι
3447 2710 3697 2765 λιθοκόλ-

2111 2804 2287 2876 λητοι,
2317 2806 2411 2859 καὶ
2458 2805 2715 2876 σκῆπτρα
2740 2806 2840 2859 καὶ
2888 2805 3098 2877 θρόνων
3143 2804 3255 2875 ὕψη
3303 2805 3400 2859 καὶ
3446 2801 3704 2875 λαμπραὶ

2112 2896 2467 2968 περιφάνειαι
2491 2912 2506 2927 ’
2534 2897 2635 2950 οὐκ
2663 2896 2923 2967 ὀχήματα
2954 2897 3383 2968 χρυσοτόρευτα,
3414 2898 3512 2950 καὶ
3541 2893 3705 2966 τιμαὶ

437 2990 823 3061 sequentibus;
880 3004 989 3045 non
1047 2990 1283 3061 denique
1329 2988 1592 3061 quidquid
1643 2990 1909 3045 caducum
1956 2998 2011 3044 et

2119 2987 2459 3059 προπόμπιοι
2491 2988 2587 3041 καὶ
2624 2987 2909 3059 δημόσιαι,
2940 2990 3037 3041 καὶ
3071 2987 3283 3058 πλῆθος
3309 2985 3703 3057 ἀσπιδηφόρων

438 3083 760 3149 humanum,
792 3080 971 3149 qualia
1006 3081 1059 3135 in
1091 3081 1195 3136 hac
1227 3081 1469 3135 terrestri
1501 3082 1743 3150 potentia
1778 3078 1891 3133 (ieri
1922 3094 2011 3133 so-

2119 3080 2210 3133 καὶ
2243 3079 2590 3151 δορυφόρων,
2624 3078 2721 3133 καὶ
2766 3079 3163 3151 εὐφημούντων
3192 3081 3412 3150 κρότοι,
3458 3080 3557 3134 καὶ
3590 3079 3700 3133 τῶν

438 3176 574 3229 lcut.
606 3170 721 3225 Non
758 3182 841 3227 est
869 3172 958 3227 hic
996 3186 1125 3244 ergo
1157 3187 1379 3244 regnum
1410 3184 1612 3227 meum.
1646 3168 1761 3225 Vile
1789 3170 2009 3239 quidem

435 3274 521 3317 est
566 3264 710 3333 quod
760 3271 1016 3333 apparet,
1061 3262 1202 3318 exile
1252 3264 1397 3334 quod
1445 3261 1713 3329 cernitur,
1760 3262 2011 3330 exiguum

438 3353 828 3422 discipulorum
857 3370 1140 3409 numerum
1164 3354 1358 3420 habeo,
1386 3363 1443 3411 et
1465 3353 1682 3423 quidem
1703 3362 2016 3423 paupertate

441 3456 496 3501 el.
528 3456 643 3499 arte
676 3446 968 3515 piscatoria
1003 3461 1228 3516 prorsus
1256 3446 1547 3516 inglorium
1576 3446 1708 3500 :sed
1735 3442 2016 3515 perfectis-

439 3540 637 3591 simum
670 3546 722 3591 et
750 3537 929 3591 omnia
967 3540 1267 3602 excedens,
1295 3541 1437 3607 quod
1476 3546 1655 3593 mente
1697 3538 1968 3608 cogitatur
1998 3552 2015 3590 :

445 3631 589 3697 regis
623 3630 948 3684 universalis
997 3641 1159 3698 atque
1206 3632 1449 3684 omnium
1505 3630 1599 3685 Dei
1651 3629 1817 3685 Filius
1857 3644 2014 3694 sum,

444 3722 785 3775 verissimum
820 3720 940 3791 ejus
970 3737 1190 3791 germen
1221 3732 1277 3778 et
1301 3721 1558 3794 splendor
1578 3721 1693 3794 (20)
1725 3739 1742 3778 :
1772 3724 2017 3779 eamdem

517 3878 559 3908 "
582 3875 740 3932 Joan.
781 3889 931 3941 svnt,
967 3875 1058 3931 36.

519 4031 632 4101 ('20)
676 4029 1071 4101 ’Λπαύγασμα,
1108 4030 1267 4101 cujus
1316 4029 1512 4085 saltem
1539 4032 1829 4086 occasione
1862 4044 2025 4101 voca-

451 4100 586 4167 buli,
616 4100 722 4153 non
760 4102 950 4171 inutile
974 4100 981 4101 “
1002 4101 1082 4153 vel
1124 4100 1480 4171 iujucundum
1532 4110 1592 4155 ut
1624 4110 1755 4171 puto
1784 4102 1910 4162 erit,
1937 4100 2025 4153 hic

448 4181 702 4225 attesere
738 4170 1096 4237 theologicum
1139 4172 1428 4238 quemdam
1459 4169 1641 4224 locum
1672 4185 1792 4224 cum
1836 4180 2023 4222 aucto-

449 4244 529 4295 ris
568 4240 857 4308 operisque
884 4241 1098 4293 notitia.
1129 4239 1363 4292 Mattltaei
1389 4239 1775 4301 Cautacuzeni,
1802 4240 1892 4308 qui
1924 4240 2023 4291 itit-

449 4311 711 4379 pet'ialetu
775 4324 990 4378 quoque
1051 4310 1366 4377 dignitatem
1406 4312 1557 4365 brevi
1604 4322 1848 4377 tempore
1877 4308 2022 4362 Con-

452 4380 806 4472 stantinopoli
841 4379 1052 4461 .teuuit,
1090 4381 1573 4472 commentarium,
1604 4382 1655 4435 in
1717 4379 2021 4472 Salomonis
2054 4417 2099 4472 Β

456 4452 791 4517 Sapientiam
840 4450 1046 4503 incerta
1101 4450 1491 4518 propemodum
1547 4449 1691 4504 fama
1757 4458 2024 4503 memorat

453 4522 700 4585 Cava-us,
749 4521 975 4588 ejusque
1041 4520 1302 4588 codicetn‘
1338 4519 1390 4571 in
1447 4521 1665 4573 Athone
1689 4529 1870 4573 monte
1915 4518 2026 4588 (ubi

457 4600 732 4659 postremo
764 4585 1149 4658 monacltatum
1180 4585 1458 4659 professus
1483 4603 1565 4644 est
1590 4586 2027 4655 Cantacuzenus)

404 4675 408 4679 ‘
456 4656 735 4715 exatitisse
777 4656 964 4722 tradit,
1028 4659 1205 4713 indice
1234 4656 1554 4713 PosseVino.
1585 4661 1749 4729 Atqui
1800 4674 1869 4712 ne
1919 4668 2027 4710 tam

404 4776 410 4786 .
459 4732 618 4793 lottge
642 4731 781 4783 hanc
808 4730 1053 4783 notitiam
1078 4738 1349 4798 petamus,
1375 4729 1527 4782 adest
1544 4732 1713 4783 codex
1739 4728 2030 4783 Vaticanus

408 4804 409 4809 ‘
462 4800 633 4852 bonus
680 4808 735 4852 et
789 4801 1175 4867 integerrimus
1221 4798 1478 4853 foliorum
1522 4800 1651 4863 H5,
1714 4815 1821 4853 non
1879 4798 2029 4867 parvi

385 4877 407 4902 ν’
460 4869 683 4929 moduli,
734 4870 786 4920 in
827 4885 936 4936 quo
977 4873 1024 4923 is
1074 4871 1507 4923 commentarius
1562 4873 1664 4923 sub
1722 4872 1824 4923 hoc
1872 4872 2027 4921 titulo

460 4940 772 5010 continetur
801 4956 814 4990 :
862 4937 925 5010 ᾘ
958 4940 1127 5008 Σοφία
1148 4937 1493 5010 Σολομῶντος
1522 4939 1850 5010 ἐξηγηθείσα
1878 4936 2029 5010 πα(ιᾲ

459 5009 553 5060 τοῦ
614 5006 1327 5081 εὐσεθεστρτουρήβασιλέως
1358 5010 1537 5081 Ᾱκυροῦ
1596 5006 1879 5081 Ματθαίου
1922 5006 2028 5081 Δτοι]

457 5075 957 5149 Καντακουζηνοῦῥ
1004 5075 1302 5133 Stilomonis
1334 5075 1609 5149 Sapientia
1641 5099 1671 5132 a
1701 5079 2033 5147 religiosissi-

461 5165 547 5201 πω
572 5150 885 5217 imperatore
907 5148 1123 5201 domino
1172 5149 1429 5204 Manliae
1450 5149 1819 5204 Cuntacuzeuu
1851 5148 2033 5217 expla-

462 5232 608 5272 nata.
645 5214 895 5271 l’t'oleclo
927 5220 1230 5289 haudloret
1259 5222 1695 5289 ittcongruutu,si
1733 5214 1940 5280 Roma‘,
1981 5219 2033 5270 iit

461 5306 567 5356 qua
596 5290 727 5343 urbe
760 5289 1000 5355 ejusdem
1034 5287 1273 5342 Matthiei
1309 5287 1756 5343 commentarium
1791 5292 1841 5343 iii
1878 5289 2035 5342 Salo-

464 5361 639 5412 monis
680 5358 966 5414 Canticum
1004 5359 1302 5413 liiccardus
1326 5360 1513 5413 Graece
1556 5371 1609 5413 et
1653 5359 1845 5413 Latine
1890 5371 2035 5412 anno

463 5430 608 5484 16:24
664 5430 924 5497 vulgavit,
974 5445 1118 5482 nunc
1152 5430 1393 5497 ejusdem
1433 5430 1604 5484 altera
1640 5432 1752 5484 haec
1786 5432 2036 5483 lucubra-

465 5504 538 5554 tio
589 5501 746 5554 docta
782 5515 1027 5568 prorsus,
1071 5501 1274 5568 gravis,
1318 5500 1546 5556 moralis
1606 5518 1671 5555 ac
1711 5501 2033 5568 theologica,

464 5571 518 5621 in
589 5569 760 5647 lucem
810 5572 1185 5647 emitteretur.
1233 5568 1455 5647 _lut_e_rim
1514 5582 1710 5647 tamen
1749 5572 2037 5647 satisﬁertt

467 5639 750 5694 nonnullas
771 5639 892 5708 ejus
910 5642 1207 5711 particulas
1230 5645 1286 5697 in
1311 5640 1397 5697 his
1422 5643 1623 5699 nosu'is
1635 5640 1861 5698 scholiis
1884 5639 2034 5693 iden-

2119 3171 2221 3242 μὲν
2247 3171 2688 3242 προπεμπόντων
2711 3212 2728 3238 ,
2758 3173 2868 3227 τῶν
2894 3174 2952 3227 δὲ
2989 3175 3427 3246 παρεπομένων.
3462 3172 3574 3226 οὐδ’
3601 3173 3706 3225 ὅσα

2116 3264 2228 3317 τῶν
2269 3264 2513 3337 ρευστῶν
2553 3264 2762 3319 τούτων
2802 3266 2901 3318 καὶ
2933 3265 3326 3336 ἀνθρωπίνων,
3371 3260 3460 3317 οἷα
3497 3266 3591 3318 ἐπὶ
3633 3267 3702 3335 τῇ

2121 3359 2388 3427 περιγείῳ
2421 3358 2596 3430 ταύτῃ
2627 3356 2850 3430 ἐξουσίᾳ
2880 3358 3064 3412 εἰώθει
3102 3358 3386 3427 γίνεσθαι·
3419 3358 3520 3411 οὐκ
3553 3358 3706 3410 ἐστιν

2122 3445 2216 3503 οὖν
2242 3448 2498 3503 ἐντεῦθεν
2519 3451 2552 3520 ή
2574 3449 2686 3521 ἐμὴ
2715 3449 2986 3521 βασιλείαο
3018 3449 3242 3520 εὐτελὴς
3265 3450 3325 3503 τὸ
3352 3449 3702 3519 φαινόμενον,

2122 3540 2376 3604 ταπεινὸς
2397 3541 2459 3595 τὸ
2486 3540 2845 3612 βλεπόμενον,
2878 3540 3254 3612 εὐαρίθμητον
3284 3541 3492 3611 πλῆθος
3522 3541 3706 3611 μαθη.

2122 3632 2232 3686 τῶν
2278 3632 2594 3702 ἐπάγομαι,
2632 3634 2727 3686 καὶ
2755 3632 2932 3687 ταῦτα
2984 3632 3238 3702 πενήτων
3283 3632 3376 3684 καὶ
3406 3630 3606 3685 ἁλιέων
3644 3630 3708 3683 τὸ

2124 3720 2464 3789 ἀδοξότατον·
2504 3723 2810 3795 ὑπερτελής
2840 3723 2895 3777 δὲ
2932 3724 3027 3777 καὶ
3059 3723 3283 3778 πάντων
3323 3723 3706 3793 ὑπερανεστηο

2127 4031 2295 4085 tidem
2325 4031 2578 4087 recitare.
2609 4032 2790 4101 Atque
2823 4032 2877 4085 in
2912 4030 3105 4101 primis
3126 4045 3195 4086 ex
3217 4031 3426 4086 codicis
3457 4030 3586 4086 folio
3614 4032 3709 4095 μ.

2127 4102 2217 4155 ubi
2252 4103 2341 4154 dtu
2381 4103 2596 4156 locutus
2624 4115 2818 4156 auctor
2844 4103 2911 4156 de
2934 4102 3172 4169 Spiritus
3204 4103 3379 4156 sancti
3399 4102 3699 4161 attributts.

2128 4169 2325 4224 deinde
2378 4174 2445 4225 ad
2484 4171 2763 4226 Christum
2800 4172 2885 4226 his
2927 4172 3109 4225 verbis
3164 4171 3710 4240 progrediturszoi;

2128 4240 2312 4302 αὐτοῖς
2362 4241 2420 4294 δὲ
2462 4242 2495 4310 ή
2540 4240 2789 4307 θεολογία
2825 4241 3058 4310 ὀνόμασι
3098 4239 3195 4293 nul.
3241 4239 3335 4311 τδν
3382 4239 3711 4311 ὑπερούσιον

2128 4311 2288 4390 ήμῶν
2302 4306 2537 4390 dvenis!
2558 4311 2813 4390 Σωτῆρα,
2844 4306 3191 4390 ἀπαύγασμα
3220 4308 3411 4390 τοῦτον
3439 4306 3579 4390 εἶναι
3609 4311 3714 4379 τῆς

2126 4379 2288 4459 δόξης
2319 4380 2681 4459 τοῡιιιατρὸς,
2714 4382 2807 4459 itii
2862 4379 3195 4459 χαρακτῆρα
3228 4379 3329 4449 τῆς
3355 4381 3715 4459 ὑποστάσεως
3823 4390 3835 4409 ⁸

2126 4449 2315 4511 αὑτοῦ,
2348 4451 2444 4502 καὶ
2480 4449 2667 4502 είκόνα
2688 4449 2790 4519 τῆς
2817 4449 2981 4503 αὐτοῦ
3013 4450 3351 4519 ἀγαθὸτητος
3380 4449 3708 4517 φάσκουσα*

2127 4522 2192 4572 ἐκ
2222 4519 2427 4572 τούτων
2462 4519 2625 4581 εὐθὺς
2679 4518 3063 4588 τδὸμοούσιον
3089 4518 3253 4587 αὐτῷ
3282 4519 3710 4588 συνεισάγουσα,

2125 4588 2316 4661 ὥσπερ
2344 4590 2420 4661 δὴ
2442 4591 2535 4642 καὶ
2564 4588 2639 4659 τῷ
2692 4585 2946 4661 παναγίῳ
2974 4585 3256 4661 Πνεῦματι
3288 4604 3303 4618 ’
3359 4588 3455 4659 μία
3486 4585 3554 4661 δὲΔ
3572 4585 3713 4641 οὖσα

2127 4658 2307 4713 πάντα
2336 4658 2583 4723 δύναται,
2613 4658 2819 4722 παντὸς
2855 4659 3112 4712 Ἰουδαίου
3132 4658 3321 4730 στόμα
3364 4658 3710 4730 έμφρᾴττει,

2127 4730 2222 4783 καὶ
2252 4730 2346 4800 tofi
2395 4746 2514 4791 πως
2536 4730 2721 4800 ἄλλως
2757 4731 3060 4800 ἐπιχειρεῖν
3091 4726 3449 4800 θορυδοῦντος
3478 4726 3714 4800 ’ῥσπερ

2127 4803 2236 4879 γὰρ
2261 4798 2446 4879 ὁιθεὸς
2465 4800 2562 4879 καὶ
2587 4799 2778 4879 Πμτὴρ
2800 4793 2984 4879 εἷξῶν
2999 4793 3175 4852 πάντα
3197 4798 3442 4879 δύναται,
3470 4798 3615 4879 οὕτω
3648 4793 3715 4868 δὴ

2132 4867 2229 4922 καὶ
2256 4870 2317 4921 τὸ
2340 4871 2605 4937 πανὰγιον
2628 4867 2851 4938 Πνεῦμα
2873 4868 2931 4921 ἓν
2960 4870 3019 4922 ὃν
3049 4873 3142 4921 καὶ
3177 4867 3505 4938 μονώτατον,
3536 4867 3718 4922 πάντα

2133 4940 2389 4993 δύναται’
2430 4941 2525 4992 καὶ
2558 4940 2657 5008 μία
2706 4939 2841 4992 οὖσα
2866 4940 2963 4992 καὶ
3003 4939 3141 5009 μόνη
3171 4940 3204 5009 fl}
3238 4938 3441 5009 τούτου
3465 4938 3652 5007 σοφία,
3687 4940 3720 4991 ό
3792 4983 3799 4991 .

2139 5010 2484 5081 προάναρχος
2514 5007 2643 5072 Υἱὸς
2675 5009 2869 5077 Λόγος,
2911 5007 3088 5081 πάντα
3131 5008 3376 5081 δύναται,
3414 5007 3578 5081 ὡςᾼὲν
3614 5009 3721 5079 μιᾷ

2139 5077 2319 5150 οὖσίᾳ,
2353 5077 2447 5150 καὶ
2469 5080 2609 5132 κατὰ
2645 5082 2775 5149 μίαν
2813 5081 2912 5149 τὴν
2946 5079 3118 5149 αὐτὴν
3148 5078 3377 5147 δύναμιν
3428 5077 3525 5131 καὶ
3558 5077 3719 5149 saep;

2140 5148 2296 5220 γειαν
2322 5166 2335 5179 ·
2374 5148 2573 5203 Iisdem
2605 5148 3192 5218 theologianomtnibus
3234 5160 3470 5200 nostrum
3505 5148 3716 5220 quaqtte

2141 5217 2401 5275 excelsum
2427 5220 2650 5273 celebra!
2678 5217 3030 5284 Set-ualerem,
3064 5234 3218 5283 quem
3239 5219 3367 5271 dicit
3398 5217 3720 5281 esse'spleu-

2142 5292 2324 5346 dorem
2358 5288 2542 5358 gloria:
2582 5287 2787 5352 Pattis,
2834 5298 2888 5342 et
2939 5289 3171 5358 ﬁguram
3202 5287 3514 5342 substantia:
3575 5290 3716 5353 ejus,

2141 5372 2190 5414 et
2223 5362 2506 5427 imaginem
2563 5359 2815 5412 bonitatis
2864 5359 3055 5427 ipsius.
3091 5360 3259 5423 Atque
3287 5358 3408 5409 hinc
3429 5367 3564 5410 recte
3582 5373 3720 5408 ton-

2143 5430 2309 5483 cluttt't
2338 5426 2840 5482 consubstantialem
2881 5426 3120 5481 eumdem
3152 5443 3282 5491 esse,
3316 5442 3461 5495 teque
3494 5443 3558 5479 at:
3588 5426 3719 5494 Spi-

2144 5502 2279 5553 ritus
2313 5511 2525 5551 sanctus
2586 5509 2684 5552 est.
2745 5498 2877 5552 Cum
2928 5499 3043 5552 huic
3086 5514 3209 5567 una,
3240 5496 3580 5567 (substantia)
3623 5497 3716 5561 sit,

2144 5569 2319 5623 omnia
2365 5578 2553 5637 potest,
2608 5580 2657 5621 et
2687 5568 2999 5622 Judworum
3032 5569 3113 5637 uel
3157 5566 3718 5637 alterius_cujuslibet

2145 5634 2651 5705 turbare'contmtis,
2680 5656 2736 5693 os
2775 5640 2995 5708 oppilttl.
3022 5635 3165 5693 Nam
3196 5638 3349 5692 sicut
3383 5634 3522 5691 Deus
3555 5634 3719 5690 Pater
