4032 6208
1712 261 1760 271 1ο-
1773 262 1807 271 -ε-
1817 262 1839 273 ν
1864 260 1921 274 ..δ’

280 388 385 454 397-

944 381 1568 449 ANTIRRHETICUS
1601 384 1698 445 III
1734 384 1903 446 ADV.
1948 383 2538 447 CONSTANTINUM
2570 380 2784 447 COPR.

1926 260 1993 275 Ιν-
2007 259 2032 276 .ρ
2042 257 2133 276 νίν

3415 381 3521 445 398

278 498 390 562 κὼς
425 498 486 551 τὸ
530 496 844 568 νοούμενον·
883 497 976 550 τοῦ
1009 496 1404 567 παμϐασιλέως
1440 495 1536 550 καὶ
1576 494 1686 548 τῶν
1715 494 1852 550 ὅλων

1955 494 2063 567 94
2083 511 2146 552 ac
2202 496 2290 551 ille
2338 498 2569 567 gloriam
2621 499 2990 565 honoremque
3045 494 3345 564 possideo:
3400 510 3518 549 sum

277 588 412 643 Θεοῦ
452 588 581 652 Υίὺς
610 588 864 659 ὑπάρχω,
911 589 1005 641 καὶ
1051 586 1428 659 γνησιώτατον
1467 588 1715 658 γέννημα
1758 590 1852 642 καὶ

278 679 655 750 ἀπαύγασμα,
693 679 794 749 τὴν
826 677 997 749 αὐτὴν
1029 679 1226 750 ἐκείνῳ
1253 679 1349 732 καὶ
1374 679 1535 744 δόξαν
1561 682 1658 734 καὶ
1688 684 1852 753 τιμὴν

277 768 662 839 ἀποφέρομαινο
695 767 853 835 δόξης
891 767 1000 838 γάρ
1037 769 1158 837 είμι
1188 768 1464 841 πατρικῆς
1493 769 1849 842 κληρονόμος·

277 861 370 912 καὶ
406 859 706 930 όμόθρονος
754 857 830 911 ὢν
860 857 939 921 τῷ
979 858 1173 930 Πατρὶ,
1215 859 1599 931 συμπάρεδρον
1645 861 1755 931 ἔχω
1784 864 1850 934 τῇ

277 950 487 1006 ἐκείνου
530 948 680 1020 δόξῃ,
726 949 826 1019 τῆς
858 948 1138 1018 βασιλείας
1181 950 1243 1003 τὸ
1268 949 1440 1020 γέρας
1467 968 1480 982 ·
1517 951 1728 1006 ἐκεῖθέν
1763 968 1851 1021 μοι

276 1044 341 1097 τδ
370 1041 676 1113 βασιλεύειν
705 1042 804 1094 καὶ
834 1043 1060 1112 κρατεῖν
1091 1040 1309 1095 πάντων
1339 1043 1717 1113 περιγέγονεν·
1753 1042 1854 1096 οὐκ

278 1136 437 1187 ἔστιν
465 1128 561 1186 οὖν
590 1129 844 1185 ἐντεῦθεν
867 1168 883 1197 ,
923 1131 1047 1185 οὐδὲ
1074 1129 1339 1194 ὡσαύτως
1365 1133 1477 1194 τοῖς
1524 1131 1761 1185 ἐνταῦθα
1792 1130 1854 1185 τὸ

277 1227 411 1296 ἐμὸν
443 1225 557 1295 ἔχει
585 1223 809 1295 κράτος·
834 1223 897 1276 οὐ
930 1222 1460 1293 περιγεγραμμένην
1479 1223 1579 1294 τὴν
1605 1223 1853 1288 ἐξουσίαν

279 1317 577 1385 κέκτημαι·
613 1315 675 1367 ού
704 1312 860 1367 τοῦδε
887 1313 984 1367 τοῦ
1015 1314 1237 1377 ἔθνους,
1272 1315 1364 1367 καὶ
1395 1313 1563 1367 τῶνδε
1602 1313 1711 1368 τῶν
1746 1332 1855 1384 χω-

284 1408 417 1479 ρῶν,
453 1408 546 1459 καὶ
577 1405 740 1476 τῆσδε
768 1408 868 1475 τῆς
913 1403 1154 1470 πόλεως,
1184 1404 1302 1457 ἀλλ’
1344 1403 1594 1473 ἀγγέλων
1637 1392 1729 1458 καὶ
1756 1406 1854 1458 ἀν-

163 1493 178 1538 -'
280 1498 515 1568 θρὼπων
549 1497 645 1550 καὶ
686 1495 909 1549 πάντων
957 1493 1096 1565 ὁμοῦ
1139 1494 1406 1566 οὐρανίων
1448 1497 1544 1549 καὶ
1593 1494 1854 1564 ἐπιγείων

280 1590 380 1643 καὶ
413 1588 785 1657 καταχθονίων
832 1584 952 1656 εἰμὶ
975 1585 1254 1657 Δεσπότης
1286 1585 1380 1638 καὶ
1408 1585 1611 1656 Κύριος
1637 1601 1652 1617 ·
1685 1605 1704 1639 ι
1745 1586 1856 1641 Καὶ

279 1680 407 1749 ἐμοὶ
437 1680 680 1746 κάμπτει
705 1679 814 1730 πᾶν
835 1676 965 1744 γόνυ
986 1693 1001 1707 ·
1034 1694 1055 1727 ι
1090 1677 1186 1729 καὶ
1216 1675 1397 1729 πάντα
1417 1675 1522 1729 ὑπὸ
1542 1675 1709 1740 πόδας
1737 1679 1854 1730 κετ-

277 1789 371 1824 ται
393 1771 521 1833 τοὺς
549 1771 718 1839 ἐμοὺς
738 1810 753 1835 ,
781 1771 876 1822 καὶ
907 1769 1009 1822 οὐκ
1037 1767 1185 1821 ἔστιν
1219 1766 1249 1820 ὅ
1273 1768 1375 1838 τὴν
1403 1766 1543 1838 ἐμὴν
1571 1767 1855 1837 διαφεύξε-

1954 587 2097 638 enim
2154 596 2390 654 paternae
2441 587 2624 654 gloria:
2671 586 2880 649 hares;
2934 598 3168 655 cumque
3217 586 3271 639 in
3325 586 3517 640 eodem

1956 677 2150 731 throno
2176 677 2318 730 Patri
2350 678 2638 743 assiduam,
2664 691 2846 745 parem
2874 675 3116 745 ejusdem
3144 676 3328 746 gloriae
3348 677 3520 731 habeo

1924 762 2104 835 'regni
2141 766 2499 833 maiestatem.
2545 766 2673 822 Inde
2718 768 2849 821 mihi
2886 782 3113 839 regnare
3146 777 3310 837 atque
3343 768 3521 842 omni-

1954 860 2057 914 bus
2100 857 2365 911 dominari
2401 859 2690 929 contingit.
2720 856 2834 913 Non
2866 868 2951 913 est
2978 861 3064 914 hic
3104 860 3305 929 itaque,
3348 874 3522 929 neque

1954 949 2146 1004 similis
2179 948 2266 1002 his
2295 949 2548 1004 humanis
2579 949 2741 1004 rebus
2779 952 3019 1018 potentia
3063 965 3180 1004 mea
3207 959 3291 1005 est
3324 967 3339 1004 :
3381 950 3522 1005 limi-

1958 1049 2120 1093 tatam
2154 1050 2475 1110 potestatem
2509 1056 2613 1095 non
2642 1041 2834 1096 habeo.
2870 1040 2985 1096 Non
3019 1040 3176 1109 hujus
3199 1044 3394 1112 gentis,
3425 1060 3523 1098 ne-

1953 1144 2062 1199 que
2089 1131 2281 1184 harum
2312 1132 2612 1198 regionum,
2645 1146 2822 1200 neque
2853 1132 3009 1199 hujus
3040 1133 3210 1197 urbis,
3244 1133 3336 1187 sed
3361 1148 3525 1202 ange-

1956 1218 2130 1274 lorum
2156 1230 2210 1275 et
2234 1221 2513 1275 hominum
2540 1223 2890 1291 omniumque
2915 1221 3079 1275 simul
3103 1222 3438 1276 terrestrium
3469 1235 3524 1277 et
3618 1296 3624 1301 .

1955 1308 2289 1379 infernarum
2339 1312 2595 1382 princeps
2648 1327 2766 1366 sum
2825 1327 2890 1367 ac
2943 1313 3226 1377 dominus,
3286 1312 3525 1383 mihique

1954 1399 2191 1456 ﬂectitur
2225 1418 2386 1459 omne
2429 1419 2604 1475 genu,
2664 1415 2827 1474 atque
2881 1403 3065 1459 omnia
3116 1404 3341 1474 pedibus
3385 1406 3523 1459 meis
3617 1450 3622 1465 τ

1955 1493 2205 1559 subsunt,
2234 1508 2408 1564 neque
2429 1502 2514 1549 est
2540 1494 2632 1564 qui
2654 1510 2828 1550 meam
2859 1509 3079 1548 manum
3114 1494 3354 1565 effugiat.
3388 1494 3520 1548 Nunt

1958 1584 2106 1653 regni
2148 1585 2250 1639 mei
2299 1599 2475 1654 neque
2502 1584 2658 1640 limes
2685 1586 2791 1639 erit
2822 1599 2998 1655 neque
3033 1585 3177 1639 ﬁnis.
3214 1587 3372 1655 Atqui
3412 1586 3524 1639 haec

1956 1672 2051 1737 ita,
2091 1680 2145 1727 et
2181 1688 2289 1728 non
2323 1673 2481 1729 aliter
2530 1690 2590 1729 se
2628 1675 2832 1730 habere
2855 1714 2870 1740 ,
2923 1691 2953 1729 a
2995 1674 3245 1729 fidelibus
3274 1674 3524 1729 omnibus

1954 1762 2195 1818 creditur
2226 1772 2281 1817 et
2310 1765 2655 1833 przedieatnr.
2691 1763 2974 1831 Quomodo
3003 1764 3148 1819 enim
3182 1763 3523 1820 Providentia

278 1881 374 1917 ται
399 1866 579 1933 χεῖρα·
622 1863 722 1933 τῆς
756 1861 867 1932 γὰρ
906 1862 1045 1933 ἐμῆς
1091 1859 1367 1931 βασιλείας
1405 1860 1508 1914 οὐκ
1543 1860 1696 1915 ἔσται
1726 1861 1851 1917 οὗτε

1955 1872 2080 1926 erga
2114 1872 2200 1912 res
2231 1858 2390 1926 hujus
2432 1859 2613 1913 mundi
2654 1858 2748 1923 sit,
2779 1866 2835 1913 et
2869 1859 3142 1929 quomodo
3173 1867 3374 1913 nostra:
3403 1859 3524 1911 vitae

276 1954 403 2024 ὅρος
437 1953 565 2006 οὔτε
606 1953 782 2015 τέλος.
842 1953 1003 2005 Ἀλλὰ
1037 1951 1213 2006 ταῦτα
1264 1952 1364 2022 μὲν
1413 1951 1587 2017 οὕτως
1624 1954 1721 2007 καὶ
1752 1952 1852 2023 οὐχ

278 2047 481 2115 ἑτέρως
532 2044 700 2113 ἔχειν,
750 2044 903 2113 παρὰ
939 2043 1073 2096 πᾶσι
1124 2045 1340 2105 πιστοῖς
1383 2042 1478 2096 καὶ
1530 2043 1852 2097 πιστεύεται

281 2135 378 2189 καὶ
420 2134 778 2203 κηρύσσεται·
811 2135 870 2185 ὲν
906 2132 1012 2186 τίνι
1058 2131 1164 2202 γὰρ
1189 2132 1260 2184 τὰ
1306 2131 1408 2202 τῆς
1449 2134 1714 2202 Προνοίας
1743 2133 1853 2186 τῶν

282 2224 376 2278 ἐπὶ
403 2223 508 2294 γῆς
534 2223 798 2287 κείσεται,
830 2221 922 2276 καὶ
946 2223 1096 2285 ὃπως
1117 2221 1188 2275 τὰ
1211 2221 1458 2293 ἡμέτερα
1486 2222 1581 2275 καὶ
1609 2223 1706 2292 τῆς
1729 2220 1854 2276 καθ’

284 2308 431 2385 ημᾶς
459 2316 608 2387 ζωῆς
636 2315 1106 2386 κυδερνηθήσεται
1132 2313 1493 2383 διεξαγόμενα
1512 2353 1528 2379 ,
1571 2316 1624 2368 εί
1657 2314 1745 2384 μὴ
1789 2315 1860 2369 ἐν

231 2469 235 2473 ν
283 2406 357 2475 τῇ
386 2407 540 2475 χειρὶ
579 2406 766 2461 αὐτοῦ
788 2406 861 2459 τὰ
894 2406 1121 2473 πέρατα
1143 2403 1256 2474 τῆς
1289 2403 1441 2473 τῆς;
1475 2405 1574 2475 οὐχ
1602 2405 1678 2467 ὡς
1709 2404 1846 2459 Θεοῦ

282 2496 472 2566 μόνου,
504 2495 641 2549 ἀλλὰ
671 2496 765 2549 καὶ
795 2494 871 2558 ὡς
909 2495 1000 2547 ὑπ’
1029 2492 1318 2566 ἀνθρώπου
1355 2493 1450 2547 τοῦ
1474 2493 1662 2559 αὐτοῦ,
1697 2494 1852 2560 ἐξου-

284 2587 585 2656 σιαζόμενα
640 2588 733 2640 καὶ
776 2585 1160 2656 διοικούμενα,
1204 2585 1341 2640 καθὸ
1373 2587 1609 2656 εἴρηται·
1674 2586 1853 2641 Δώσω

275 2693 378 2730 σοι
410 2679 561 2743 ἔθνη
596 2676 710 2744 τὴν
737 2677 1143 2745 κληρονομίαν
1189 2690 1309 2731 σου
1334 2715 1350 2740 ,
1379 2677 1479 2732 καὶ
1508 2677 1623 2744 τὴν
1654 2676 1853 2733 ,κατά-

275 2769 505 2836 σχεσιν
523 2784 641 2821 σου
657 2768 727 2821 τὰ
741 2767 966 2835 πέρατα
984 2766 1096 2835 τῆς
1115 2767 1255 2836 γῆς·
1276 2771 1389 2832 καί,
1406 2770 1618 2823 Ἔσται
1639 2770 1855 2837 Κύριος

1959 1949 2167 2019 negotia
2200 1949 2669 2015 administrentur,
2699 1951 2800 2005 nisi
2827 1952 2883 2005 in
2900 1968 3059 2005 manu
3079 1950 3194 2020 ejus
3217 1952 3320 2004 sint
3347 1965 3522 2003 omnes

1956 2042 2370 2112 ﬁnesterrw"?
2423 2059 2597 2114 neque
2655 2057 2715 2099 ut
2765 2045 2903 2101 Dens
2954 2046 3371 2110 tantummodo,
3432 2047 3524 2101 sed

1959 2135 2122 2190 etiam
2149 2146 2419 2205 quatenus
2452 2135 2617 2190 homo
2648 2146 2755 2202 est,
2787 2136 3096 2191 dominetur
3124 2135 3228 2190 illis
3248 2146 3303 2190 et
3338 2135 3522 2189 modo-

1961 2238 2134 2292 retur,
2170 2227 2328 2281 sicuti
2374 2228 2577 2283 tlictum
2615 2235 2700 2282 est
2732 2245 2747 2280 :
2785 2227 2930 2281 Dabo
2965 2228 3060 2280 tibi
3088 2236 3264 2296 gentes
3296 2228 3525 2280 Itwredi-

1955 2325 2112 2371 tatem
2142 2328 2317 2383 tuam,
2342 2328 2390 2372 et
2415 2319 2789 2384 possessionem
2824 2327 2968 2372 tuam
2992 2320 3243 2372 terminos
3272 2328 3429 2371 terrm
3452 2318 3517 2369 ³⁵.

1957 2406 2025 2462 Et
2060 2425 2074 2461 :
2110 2405 2228 2460 Erit
2256 2408 2508 2461 Dominus
2536 2424 2628 2462 rea:
2660 2409 2913 2463 universae
2944 2418 3097 2462 terra:
3124 2410 3190 2463 ³⁸.
3238 2409 3305 2461 Ει
3342 2427 3356 2463 :
3387 2408 3524 2462 Ecce

1959 2513 2051 2552 res;
2088 2497 2179 2550 tibi
2214 2500 2344 2552 venit
2388 2510 2505 2554 tuus
2555 2509 2893 2563 mansuetus,
2928 2500 3046 2554 urbi
3085 2496 3385 2554 Jerusalem
3439 2502 3526 2552 (Ιὶ-

1959 2598 2104 2642 ctum
2134 2598 2238 2653 est,
2258 2599 2303 2643 et
2326 2595 2507 2658 justus
2537 2601 2584 2644 et
2607 2591 2815 2644 salunns
2838 2591 2901 2646 ⁸⁸,
2929 2592 2995 2643 Et
3016 2608 3029 2643 :
3054 2589 3310 2658 Regnabit
3341 2588 3523 2642 Domi.

1960 2695 2057 2732 nus
2079 2680 2134 2732 in
2163 2681 2331 2733 medio
2362 2682 2520 2733 tui".
2551 2680 2617 2734 Et
2649 2699 2662 2734 :
2696 2680 2952 2751 Regnabit
2976 2681 3233 2736 Dominus
3264 2682 3320 2735 in
3347 2689 3523 2734 monte

1960 2770 2090 2826 Sion
2117 2787 2182 2825 ea:
2214 2787 2349 2824 nunc
2371 2785 2415 2824 et
2445 2789 2603 2842 usque
2632 2774 2687 2826 in
2715 2775 2906 2828 swcula
2934 2774 3000 2827 ³⁸.

274 2864 364 2929 είς
397 2860 671 2925 ,βασιλέα
700 2862 799 2915 ἐπὶ
823 2860 1031 2916 πᾶσαν
1066 2860 1179 2929 τὴν
1204 2861 1339 2931 γῆν·
1359 2861 1475 2940 καὶ,
1516 2861 1661 2916 Ἰδοὺ
1695 2866 1727 2916 ὀ
1751 2863 2057 2930 ,βασιλεύς
2085 2882 2203 2920 σου
2234 2864 2471 2933 ἔρχεταί
2495 2880 2594 2920 σοι
2621 2867 2837 2934 πραῢς,
2874 2870 2937 2938 τῇ
2984 2866 3341 2939 Ἰερουσαλὴμ
3362 2868 3523 2939 εῐρη-

274 2970 387 3015 ται,
420 2952 523 3006 καί
563 2951 793 3018 δίκαιος
822 2953 921 3006 καὶ
949 2950 1169 3013 σώζων·⁹
1206 2955 1330 3017 καὶ,
1372 2955 1737 3009 Βασιλεύσει
1782 2955 1998 3025 Κύριος
2022 2956 2093 3010 ἐν
2115 2957 2281 3027 μέσῳ
2320 2976 2436 3014 σου
2455 2975 2470 2990 ·
2500 2960 2613 3025 καὶ,
2659 2961 3019 3014 Βασιλεύσει
3053 2962 3267 3030 Κύριος
3295 2962 3367 3015 ἐν
3398 2960 3523 3030 ὄρει

276 3044 433 3098 Σιὼν
459 3042 585 3098 ὰπὸ
609 3043 715 3098 τοῦ
734 3043 849 3097 νῦν
876 3044 973 3100 καὶ
995 3046 1083 3110 εἰς
1110 3043 1217 3098 τόν
1237 3043 1442 3101 αίῶνα.
1466 3040 1487 3055 ⁵

346 3134 414 3189 ιδ’
418 3174 433 3189 ,
455 3133 581 3189 Τίδ⁹
603 3132 670 3187 ἂν
686 3133 894 3187 εἴποιεν
923 3134 1057 3205 πρὸς
1078 3134 1139 3187 τὸ
1160 3136 1570 3208 εἰρημένον,δτι
1587 3139 1852 3194 Βασιλέα

2028 3141 2115 3197 Η.
2137 3141 2294 3228 'Quid
2319 3158 2478 3213 porro
2506 3145 2689 3200 dicent
2717 3145 2785 3201 ad
2817 3145 2905 3201 illa
2938 3146 3102 3203 verba
3130 3165 3143 3203 :
3177 3146 3365 3219 Regem
3402 3164 3523 3203 cum

266 3225 425 3295 μετὰ
447 3224 844 3307 δικαιοσύνης
871 3224 1098 3294 ὄψεσθε
1117 3242 1137 3291 ;
1153 3226 1296 3280 Ἀλλ’
1313 3228 1366 3282 οἵ
1378 3245 1443 3296 γε
1464 3230 1559 3283 καὶ
1582 3230 1852 3285 Ἰουδαίων

1955 3235 2153 3304 iustitia
2197 3224 2305 3307 (21)
2340 3237 2575 3293 videbitis
2596 3238 2677 3292 "7
2717 3236 2823 3293 Sed
2867 3236 3200 3303 lStiJudmis
3244 3249 3526 3296 contuma-

278 3314 689 3386 ἀπειθέστεροι,
722 3305 822 3367 ούκ
865 3313 1252 3387 ἠϐουλήθησαν
1297 3317 1539 3373 συνιέναι
1576 3320 1771 3387 ταῦτα,
1802 3322 1852 3374 οἱ

277 3409 381 3478 τῆς
410 3406 653 3479 Χριστοῦ
681 3406 967 3476 βασιλείας
995 3407 1154 3473 έκτὸς
1180 3410 1408 3475 ἑαυτοὺς
1434 3410 1815 3482 καθορίζοντες
1836 3428 1849 3443 ·

275 3498 402 3553 οὐδὲ
452 3497 684 3569 Περσῶν
711 3500 746 3569 η
774 3498 1161 3572 εὐγνωμοσύνη
1207 3501 1303 3555 καὶ
1335 3502 1369 3572 η
1411 3501 1591 3566 πίστις
1628 3505 1854 3568 έαυτοὺς

278 3588 604 3661 κατῄδεσεν,
636 3588 801 3660 ἡνίκα
833 3587 1058 3659 βασιλέα
1081 3589 1175 3645 τδν
1202 3590 1464 3662 τεχθέντα
1492 3594 1728 3664 Χριστὸν
1753 3611 1852 3649 πε-

280 3678 577 3750 ριεζητουν
599 3695 616 3710 ·
649 3680 749 3734 καὶ
789 3679 861 3733 τά
906 3680 1226 3751 έπαγόμενα
1270 3681 1422 3754 δῶρα
1452 3684 1604 3748 ὅστις
1633 3687 1762 3739 ποτε
1786 3670 1856 3756 ἦν

275 3769 501 3839 ἐδήλου,
557 3769 655 3824 καὶ
711 3763 773 3825 οὗ
821 3769 1013 3824 ένεκεν
1059 3771 1378 3842 ὁδοιπορίαν
1429 3772 1702 3844 τοσαύτην
1758 3775 1856 3829 καὶ

275 3860 551 3931 ἰκδημίαν
578 3861 892 3914 ἐστείλαντο
915 3878 930 3893 ·
961 3861 1070 3915 οἵδε
1095 3861 1205 3934 γὰρ
1239 3863 1333 3916 καὶ
1358 3863 1584 3935 Περσῶν
1615 3864 1708 3919 τὸν
1729 3864 1856 3935 τρό-

274 3966 386 4003 πον
441 3950 919 4023 βαρϐαρικώτεροι
954 3952 1049 4005 καὶ
1104 3953 1598 4026 ἀγνωμονέστεροι.
1649 3957 1854 4027 Πέρσαι

273 4037 384 4111 τὴν
413 4040 678 4110 πατρῴαν
718 4041 1140 4113 δεισιδαιμονίαν
1171 4043 1582 4112 καταλιπόντες,
1625 4048 1719 4100 ἐπὶ
1762 4047 1855 4102 τὸν

276 4128 511 4183 πάντων
566 4129 803 4184 Βασιλέα
834 4132 929 4186 καὶ
971 4131 1181 4204 Κύριον
1229 4132 1724 4207 ἀπηυτομόλησαν,’
1762 4140 1854 4192 καὶ

283 4222 431 4275 Θεὸν
450 4222 561 4277 τῶν
592 4224 728 4278 ὅλων
750 4225 849 4278 καὶ
877 4225 1194 4294 ἐπέγνωσαν
1213 4227 1310 4280 καὶ
1335 4227 1630 4298 ἐκήρυξαν,
1661 4230 1850 4300 ἀστέρι

271 4313 462 4383 ὁδηγῷ
495 4316 588 4368 καὶ
637 4316 945 4389 διδασκάλῳ
986 4317 1297 4389 χρώμενοι·
1349 4313 1498 4373 οὗτοι
1541 4322 1855 4375 ἀποστόλων

271 4400 379 4454 καὶ
405 4400 670 4472 Πατέρων
707 4405 775 4457 ὲκ
801 4405 894 4458 τοῦ
940 4406 1171 4478 ἀπείρου
1206 4408 1400 4478 χρόνου
1434 4411 1856 4480 κεκηρυγμένην

1952 3329 2126 3383 ciores
2148 3366 2164 3395 ,
2197 3328 2485 3383 noluerunt
2513 3330 2614 3385 hoc
2644 3329 2975 3406 intelligere,
3012 3332 3104 3400 qui
3136 3343 3330 3402 nempe
3363 3348 3392 3387 a
3428 3334 3522 3387 Dei

1953 3433 2120 3487 regno
2136 3429 2309 3474 semet
2341 3429 2773 3489 sequestrarunt.
2809 3420 3000 3490 Neque
3035 3422 3321 3477 Persarum
3356 3423 3377 3491 (
3407 3439 3523 3477 ma-

1953 3510 2168 3581 gorum)
2196 3511 2395 3581 probus
2416 3511 2632 3569 animus
2660 3527 2725 3568 ac
2751 3513 2883 3567 lides
2909 3512 2994 3567 his
3016 3513 3278 3582 pudorem
3308 3515 3522 3580 incutit,

1954 3605 2169 3671 quando
2196 3603 2247 3657 bi
2276 3617 2374 3658 ceu
2408 3617 2589 3675 regem
2623 3603 2971 3673 requirebant
3001 3613 3186 3659 natum
3208 3604 3523 3675 Christum;

1954 3701 2010 3747 et
2033 3693 2262 3749 adducta
2299 3693 2439 3749 dona
2468 3695 2716 3763 quisnam
2748 3693 2841 3749 ille
2873 3702 3018 3749 esset
3049 3696 3522 3763 demonstrabant,

1954 3783 2105 3851 cujus
2150 3798 2314 3839 causa
2366 3792 2473 3838 tam
2508 3784 2724 3854 longum
2772 3784 2878 3839 iter
2924 3793 2981 3839 et
3031 3786 3523 3855 peregrinationem

1954 3885 2325 3945 susceperant.
2356 3871 2422 3929 lli
2460 3889 2589 3930 vero
2618 3874 2797 3930 Persis
2821 3884 2946 3930 sunt
2977 3876 3322 3932 barbariores
3342 3884 3397 3932 et
3430 3876 3527 3930 du-

1956 3965 2147 4023 tiores.
2190 3965 2390 4032 Persae,
2422 3966 2595 4037 patria
2618 3968 3004 4037 superstitione
3036 3968 3260 4033 omissa,
3302 3968 3367 4020 ad
3403 3983 3526 4022 om.

1955 4058 2104 4112 nium
2150 4057 2354 4129 Regem
2421 4073 2486 4113 ac
2519 4058 2809 4113 Dominum
2877 4069 3068 4127 sponte
3128 4060 3522 4127 confugerunt,

1955 4147 2233 4217 Deumque
2267 4148 2628 4204 universalem
2659 4155 2998 4218 agnoverunt
3032 4158 3089 4201 et
3114 4148 3350 4202 confessi
3376 4157 3522 4213 sunt,

1957 4237 2110 4292 stella
2144 4237 2278 4293 duce
2303 4236 2367 4292 ac
2400 4238 2658 4309 magistra
2693 4238 2796 4292 usi.
2838 4237 2902 4291 lli
2931 4236 3298 4306 apostolorum
3331 4251 3395 4290 ac
3425 4235 3522 4289 Ps-

1959 4340 2098 4384 trum
2132 4344 2199 4383 ex
2229 4329 2440 4384 lnlinito
2481 4337 2724 4399 tempore
2767 4330 3118 4398 praedicatam
3156 4328 3523 4396 traditamque

1959 4431 2159 4475 rectam
2207 4429 2259 4475 et
2309 4419 2687 4490 inculpabilem
2729 4420 2888 4475 ﬁdem
2941 4420 3326 4485 aboleverunt,
3375 4435 3525 4473 nova:

273 4491 384 4544 καὶ
438 4492 884 4564 παραδεδομένην
943 4496 1128 4550 πίστιν
1184 4498 1350 4569 ὀρθὴν
1401 4500 1496 4553 καὶ
1552 4501 1852 4573 ἀμώμητον

1956 4521 2145 4566 contra
2171 4511 2464 4566 salutarem
2491 4512 2919 4568 incarnationem
2947 4510 3213 4567 doctrina:
3243 4511 3526 4565 adbazrcn-

267 4583 582 4652 ηθέτησαν,
603 4588 669 4656 τῇ
698 4587 1022 4659 καινοτομίᾳ
1042 4591 1110 4659 τῇ
1133 4590 1274 4643 κατὰ
1299 4590 1402 4659 τῆς
1429 4593 1738 4663 οἰκονομίας
1754 4594 1853 4662 τῆς

266 4672 559 4743 σωτηρίου
612 4676 1013 4745 προσθέμενοι·
1052 4677 1174 4730 οὐδὲ
1232 4678 1480 4752 Ἡρώδης
1509 4679 1708 4744 αὐτοὺς
1753 4682 1852 4735 πέ-

266 4781 471 4831 πεικε,
499 4764 600 4835 τὴν
619 4766 869 4820 νεολαίαν
898 4768 1115 4839 ἐκείνην
1133 4769 1384 4841 πρόωρον
1411 4771 1724 4844 ἀποκείρων
1744 4774 1853 4830 τῶν

264 4853 523 4919 νεογνῶν
559 4855 795 4909 παιδίων
815 4873 830 4889 ·
864 4857 990 4912 τίνα
1022 4857 1224 4929 ζητῶν,
1253 4859 1415 4931 ἢτίνι
1457 4859 1786 4931 βασκαίνων,
1819 4864 1852 4935 ἢ

259 4946 395 5015 οὐχὶ
444 4945 541 5000 τὸν
589 4947 698 4999 ὑπὸ
736 4947 848 5001 τῶν
894 4948 1105 5017 Μάγων
1138 4948 1363 5019 βασιλέα
1419 4954 1848 5025 κηρυσσόμενον,

260 5036 415 5091 ὥστε
456 5040 517 5091 ἐν
558 5040 637 5108 τῷ
667 5040 865 5113 πλήθει
908 5042 1020 5095 τῶν
1065 5042 1474 5114 ἀναιρουμένων
1501 5046 1598 5099 καὶ
1627 5047 1719 5101 τὸν
1749 5047 1849 5119 ζη-

1956 4608 2060 4654 tes.
2103 4597 2291 4670 Neque
2332 4598 2576 4658 Herodes
2618 4616 2715 4658 eos
2753 4618 2783 4656 a
2818 4618 2912 4658 sua
2959 4601 3229 4657 sententia
3274 4602 3522 4664 removit,

1954 4689 2050 4761 qui
2091 4705 2289 4746 novum
2344 4692 2496 4747 illum
2533 4694 2991 4762 immaturumque
3042 4708 3216 4760 nuper
3268 4702 3522 4747 natorum
3594 4758 3597 4761 ν

1954 4781 2211 4851 populum
2257 4784 2524 4851 succidit;
2549 4798 2840 4852 quemnam
2872 4798 3157 4853 quaerens,
3189 4791 3281 4837 aut
3310 4784 3524 4837 cuinam

1956 4871 2242 4927 inridens?
2270 4887 2450 4928 nonne
2489 4888 2668 4943 regem
2701 4889 2730 4927 a
2766 4873 2935 4944 Magis
2981 4874 3374 4943 praedicatum?
3404 4888 3526 4943 spe-

1959 4977 2086 5018 rans
2112 4964 2323 5037 scilicet
2351 4964 2406 5019 in
2441 4964 2744 5020 occisorum
2790 4979 3015 5021 numero
3050 4965 3197 5020 illum
3242 4982 3455 5038 quoque
3493 4981 3525 5021 ιι

1957 5066 2017 5107 se
2059 5054 2343 5123 quasitum
2396 5057 2845 5127 comprehensum
2896 5057 2985 5113 iri.
3035 5056 3145 5114 Cur
3193 5058 3345 5126 plura
3389 5074 3523 5128 opus

334 5216 385 5250 ³³
408 5216 558 5272 Psal.
590 5233 737 5280 serv.
768 5218 821 5274 4.
900 5219 946 5253 ³⁸
967 5219 1110 5276 Psal.
1142 5235 1204 5289 ιι,
1237 5219 1293 5277 8.
1368 5220 1413 5254 ⁸⁵
1432 5222 1575 5280 Psal.
1609 5238 1754 5293 XLVI,
1771 5226 1825 5282 8.

258 5284 310 5319 ³.
422 5288 569 5319 ΙΙζΑῑ.
629 5306 682 5319 ι-
737 5286 770 5319 ’⁷
898 5289 944 5319 II
975 5290 1052 5319 Ιριι
1108 5306 1275 5319 -.ν-..ι
1336 5290 1402 5319 ΙἽ

1964 5226 2153 5284 Matth.
2187 5246 2302 5297 ut,
2342 5233 2409 5299 ὅ,
2435 5187 2506 5289 rex
2530 5233 2695 5292 Zach.
2731 5251 2808 5302 ιι,
2839 5234 2930 5294 99.
3009 5237 3052 5269 "
3087 5237 3254 5307 Soph.
3287 5252 3366 5300 nt,
3425 5230 3521 5291 15.

421 5288 593 5348 Hicb.
629 5306 701 5361 tv,
737 5286 790 5342 7.
898 5289 944 5323 ”
973 5290 1077 5348 lsa.
1108 5286 1300 5360 nant,
1336 5290 1425 5346 l7.

253 5481 385 5540 essm
414 5481 558 5540 unus
589 5468 681 5532 sit,
714 5465 890 5540 omnia
942 5477 1134 5537 potest,
1170 5472 1246 5525 sic
1278 5473 1435 5527 etiam
1474 5482 1691 5528 sanctus
1717 5474 1841 5540 Spi-
1948 5479 2090 5532 tione
2116 5488 2379 5536 versatur.
2488 5482 2503 5491 “

254 5539 400 5615 ritus
434 5537 527 5630 qgi
564 5551 702 5618 unite
746 5538 959 5630 οζιιιιὲιιο
998 5547 1096 5603 est,
1128 5550 1339 5630 cuncta.
1362 5552 1554 5625 potest.
1609 5537 1841 5630 Denique

1985 5627 1994 5630 Α
2019 5547 2132 5630 (21)
2152 5549 2206 5603 ln
2232 5549 2661 5630 Qrzecoquidem
2681 5549 2968 5630 I‘jicephori
2989 5553 3127 5630 μετὰ
3140 5553 3510 5630 δικαιοσύνης,

461 5603 927 5695 ﬁeﬁi‘entiahl‘tujus
971 5624 1229 5695 enm-una
1251 5603 1474 5695 soloque
1507 5614 1605 5695 fit,
1648 5603 1841 5695 abstine
1946 5627 2003 5672 at
2024 5603 2288 5695 iustioris
2320 5603 2508 5676 Btbliis

247 5674 423 5754 initio
469 5670 897 5754 Filiumomn'ia
949 5687 1157 5754 potest;
1205 5670 1408 5754 utpote.»
1439 5681 1533 5751 qui
1583 5670 1639 5736 in
1683 5670 1838 5739 un't'ca

242 5743 572 5798 substantia
620 5752 723 5810 est,
747 5757 794 5800 et
818 5746 875 5801 in
931 5743 1035 5802 una
1056 5743 1339 5821 eademque
1363 5743 1548 5806 virtute
1570 5761 1616 5806 et
1648 5769 1833 5828 opera-
