4032 6208
281 321 387 389 405

983 330 1612 402 ΑΝΤΙΒΒΗΕἸἸΟΙΙΞ
1649 336 1748 396 ΙΙΙ
1787 336 1888 396 ΑΙ)

1997 335 2598 399 CONSTANTINUM
2632 331 2848 398 COPR.

3442 330 3550 394 ίοῦ

283 437 376 492 τοῦ
405 435 706 493 ἀκολούθου
750 439 896 496 κατὰ
919 441 980 496 τὸ
1006 445 1378 517 ἀπαραίτητον
1402 447 1606 516 λέγειν,
1637 447 1722 502 δτι
1749 447 1860 519 Τὴν

1993 461 2194 518 menter
2228 462 2390 523 atque
2417 450 2808 508 inevitabiliter
2829 447 3033 514 dicere,
3065 461 3124 504 se
3152 449 3548 504 contumeliam

283 527 512 597 ἀτιμίαν
541 529 640 583 ἐπὶ
660 529 724 584 τὸ
752 533 1116 603 πρωτότυπον
1153 537 1526 608 ἀναφέρομεν.
1567 539 1782 594 Ἐκεῖνα
1811 537 1868 592 δὲ

283 617 540 686 λέγουσιν
573 618 638 672 οὐ
672 621 740 691 τῇ
789 619 1042 694 θεολογίᾳ
1087 625 1494 697 συνιστάμενοι,
1542 627 1866 698 (πῶςιγὰρ.

281 703 356 765 ὧν
392 726 457 779 γε
480 712 707 784 μακρὰν
725 713 786 768 τὺ
810 715 914 786 τῆς
940 717 1222 786 θεολογίας
1251 720 1552 792 μυστήριον
1572 720 1612 787 ;)
1645 721 1872 776 ἀλλ’ἵνα

284 804 381 856 καὶ
410 803 548 857 αὐτὸ
581 805 682 876 τῆς
711 808 924 873 εἰκόνος
956 808 1018 862 τὸ
1042 809 1216 882 ὄνομα
1238 813 1304 866 έκ
1328 811 1499 883 μέσου
1534 815 1836 886 ποιήσωσιν
1854 827 1871 846 ⁸

283 893 358 957 ὡς
407 895 547 965 μηδὲ
593 897 675 961 είς
707 900 934 981 μνήμην
975 901 1112 966 ὅλως
1159 903 1312 974 παρὰ
1330 903 1436 958 ’τὸν
1471 903 1587 974 βίον
1625 904 1696 958 τοι
1728 922 1743 935 °
1778 906 1876 960 καὶ

285 987 457 1040 τοῦτο
492 988 731 1059 μάλιστα
771 991 866 1044 ἐπὶ
896 992 1082 1064 πάσης
1123 994 1222 1064 τῆς
1264 994 1326 1048 τὸ
1354 994 1693 1066 ἀνθρώπειον
1735 992 1876 1061 εἶδος

285 1079 608 1150 φερούσης·
657 1081 740 1135 διὸ
783 1083 878 1136 καὶ
915 1083 1309 1156 ψευδωνύμους
1350 1085 1450 1152 τὰς
1497 1086 1716 1152 εἰκόνας
1765 1087 1876 1142 τῶν

283 1169 467 1237 ἁγίων
489 1171 678 1226 καλεῖν
702 1173 1097 1245 ἐπεχείρησαν.
1129 1178 1210 1255 Ta
1226 1177 1358 1246 γοῦν
1380 1180 1440 1233 έν
1469 1161 1878 1251 ¹παραδείγμαῙῆ

285 1261 566 1332 εἰρημένα
613 1262 692 1334 τῷ
745 1263 1034 1338 θεοφόρῳ,
1089 1269 1421 1342 κακούργως
1475 1272 1574 1324 καὶ
1633 1271 1878 1342 ἀνοήτως

287 1351 675 1422 ἀποκρύπτειν
709 1355 1061 1427 μηχανῶνται
1097 1358 1258 1429 (τίνα
1308 1359 1597 1416 λανθάνειν
1627 1361 1661 1432 ἢ
1697 1377 1879 1432 παραυ

1971 539 2025 593 in
2054 540 2232 611 ipsum
2278 551 2628 612 prototypum
2675 538 2949 597 conferre.
3001 539 3108 595 Sed
3159 553 3350 594 revera
3407 539 3549 594 haud

1972 631 2100 686 illud
2129 631 2339 696 dicunt,
2368 631 2498 702 quia
2533 629 2809 700 theologia
2839 629 2952 684 sint
2976 627 3138 694 freti;
3161 628 3278 700 (qui
3309 628 3454 682 enim
3496 627 3550 681 id

1974 723 2193 787 lieret,a
2220 723 2416 792 quibus
2443 732 2613 779 totum
2654 720 2940 790 theologia
2975 721 3293 792 mysterium
3318 717 3550 790 abest?)

1975 817 2068 870 sed
2096 825 2157 870 ut
2197 815 2374 886 ipsum
2431 813 2687 883 imaginis
2745 815 3056 892 nomen‘de
3104 811 3286 866 medio
3325 811 3549 872 tollant,

1976 907 2113 963 adeo
2141 917 2201 962 ut
2233 921 2301 962 ne
2320 914 2652 962 memoretur
2671 906 2890 975 quidem
2924 905 2979 959 in
3023 905 3170 960 omni
3200 905 3349 970 vita;
3384 912 3550 972 atque

1978 999 2190 1054 illarum
2215 997 2488 1069 praecipue
2517 997 2814 1066 imaginum
2841 1011 2961 1065 quae
2985 995 3279 1050 humanam
3321 993 3552 1049 formam

1976 1104 2089 1162 pra:
2113 1105 2172 1145 se
2201 1089 2418 1154 ferunt;
2445 1101 2614 1158 quare
2639 1098 2693 1142 et
2719 1087 3121 1158 pseudonymas
3141 1085 3406 1157 imagines
3429 1102 3556 1141 szm-

1977 1189 2190 1237 ctorum
2223 1179 2493 1250 appellare
2523 1179 2644 1234 ausi
2675 1187 2822 1233 sunt.
2851 1176 3004 1246 Quod
3033 1178 3197 1248 igitur
3219 1189 3445 1234 sanctus
3471 1180 3557 1232 vir

1977 1271 2209 1342 exempli
2237 1287 2402 1326 causa
2435 1269 2593 1334 dixit,
2623 1269 2895 1324 malitiose
2934 1279 2990 1324 et
3017 1269 3344 1336 insipienter
3367 1267 3553 1324 celare

1979 1363 2224 1417 nituntur
2253 1361 2430 1432 (quasi
2453 1375 2584 1416 vero
2609 1358 2844 1428 aliquem
2883 1358 3056 1413 latere
3084 1361 3294 1429 possint
3324 1367 3418 1412 aut
3449 1356 3556 1411 fal-

286 1443 610 1512 λογίζεσθαι
638 1445 954 1519 βουλόμενοι
976 1449 1015 1518 ;)
1071 1450 1150 1515 ώς
1179 1452 1259 1522 τῷ
1285 1453 1430 1524 ἀθέῳ
1453 1453 1633 1508 αὐτῶν
1661 1455 1881 1524 ἀντιφε-

286 1532 508 1603 ρόμενο.
567 1535 826 1608 δόγματι.
898 1533 1040 1593 um"
1097 1541 1180 1595 ὅτι
1237 1541 1338 1613 μὲν
1392 1543 1731 1612 θεολογοῦντι
1803 1543 1881 1616 τῷ

289 1625 478 1696 Πατρὶ
511 1628 697 1683 ἐκεῖνα
727 1629 1130 1704 παρείληπται,
1163 1635 1261 1688 καὶ
1296 1635 1455 1692 αὐτοὶ
1481 1637 1842 1707 συμφήσομεν
1862 1651 1878 1667 '

1993 1637 2238 1691 adhibeat
2267 1635 2444 1698 Pater,
2467 1650 2568 1689 nos
2588 1649 2806 1704 quoque
2835 1635 3172 1689 assentimur
3215 1649 3236 1691 ι
3264 1641 3321 1687 et
3367 1631 3562 1686 nihilo-

287 1717 510 1771 ἐκεῖθεν
533 1719 590 1773 δὲ
623 1721 718 1776 καὶ
743 1724 908 1793 ἡμεῖς
933 1723 1250 1797 ὁρμώμενοι
1279 1727 1510 1784 τοιαῦτα
1541 1727 1722 1797 λέγειν
1745 1728 1883 1800 πρὸς

1993 1729 2164 1782 minus
2186 1740 2285 1780 nos
2313 1739 2530 1796 quoque
2561 1723 2714 1780 illinc
2755 1723 3110 1780 occasionem
3137 1722 3445 1792 capientes,
3482 1722 3552 1774 ita

289 1807 502 1874 αὐτοὺς
532 1811 749 1884 ἔχομεν,
800 1814 995 1886 ὅτιπερ
1033 1817 1063 1869 ό
1100 1817 1257 1884 Υἰδς,
1311 1819 1494 1872 καίτοι
1553 1820 1613 1873 έν
1664 1818 1882 1885 πολλοῖς

1993 1834 2108 1876 cum
2141 1819 2260 1874 istis
2293 1817 2602 1888 loquimur;
2635 1831 2829 1888 nempe
2851 1814 2997 1886 quod
3039 1814 3228 1880 Filius,
3277 1814 3380 1869 etsi
3436 1813 3566 1888 aliis

289 1900 514 1971 ἑτέροις
553 1904 654 1974 τῆς
704 1903 966 1977 Θεότητος
1013 1906 1336 1980 διαπρέπων
1365 1909 1652 1981 αὐχήμασι
1677 1910 1772 1964 καὶ
1802 1909 1886 1964 δο-

1993 1909 2177 1968 multis
2204 1908 2508 1965 divinitatis
2531 1908 2878 1964 ornamentis
2899 1907 3068 1979 fulget
3115 1913 3170 1963 et
3197 1905 3556 1970 clariﬁcatur,

291 1991 622 2064 ξαςόμενος,
667 1997 821 2066 ὅμως
851 1996 928 2062 ώς
975 1999 1144 2055 εἰκὼν
1185 1999 1282 2054 τοῦ
1330 2001 1468 2055 Θεοῦ
1517 2001 1616 2057 καὶ
1646 2002 1886 2073 Πατρδς,

1993 2014 2231 2060 attamen
2263 2013 2534 2074 quatenus
2561 1999 2658 2056 Dei
2692 1999 2871 2057 Patris
2896 2001 3073 2071 imago
3105 2011 3212 2068 est,
3243 2001 3413 2056 multo
3443 2017 3559 2056 tua-

291 2081 483 2154 πολλῷ
521 2084 690 2140 πλέον
723 2085 836 2141 τῶν
868 2087 1070 2154 ἄλλων,
1119 2091 1218 2146 καὶ
1245 2089 1544 2146 οἰκειοῦται
1577 2091 1658 2163 τῷ
1687 2093 1886 2165 Πατρὶ,

1993 2100 2071 2170 gis
2093 2112 2259 2168 quam
2291 2094 2412 2150 aliis
2455 2092 2677 2148 dotibus
2723 2103 2778 2148 et
2804 2108 2933 2149 cum
2977 2093 3142 2149 Patre
3171 2091 3450 2159 'sociatur,
3507 2106 3564 2148 et

1980 1451 2111 1522 lere)
2157 1461 2412 1522 tanquam
2467 1450 2631 1520 impio
2669 1448 2906 1519 dogmati
2937 1463 3039 1503 suo
3094 1449 3390 1504 contraria.
3441 1445 3553 1502 γε.

1981 1553 2282 1599 rumtamen
2321 1543 2465 1613 quod
2495 1541 2560 1598 de
2591 1540 2701 1596 Deo
2734 1541 2899 1597 verba
2924 1541 3152 1607 faciens,
3178 1541 3381 1597 dictum
3419 1541 3556 1595 illud

293 2175 398 2228 καὶ
427 2176 553 2229 κατ’
577 2175 768 2230 οὐσίαν
799 2177 1042 2242 ένίζεται
1066 2197 1082 2212 ο
1105 2181 1204 2236 καὶ
1231 2181 1322 2236 διὰ
1347 2181 1510 2236 τοῦτο
1545 2182 1766 2238 ἰσοκλεᾶ
1795 2184 1889 2238 καὶ

293 2265 591 2336 ὁμότιμον,
614 2268 710 2322 καί
728 2267 830 2340 τὴν
847 2269 1022 2342 αὐτὴν
1045 2269 1126 2344 τῷ
1150 2272 1328 2346 Πατρὶ
1347 2272 1505 2339 δόξαν
1521 2273 1616 2329 καὶ
1643 2273 1890 2348 προσκύ-

294 2374 462 2428 νησιν
496 2358 651 2428 παρὰ
681 2359 905 2416 πάντων
942 2363 1306 2433 ἀποφέρεται.
1342 2364 1454 2420 Καὶ
1485 2363 1595 2436 γὰρ
1625 2369 1660 2438 ἡ
1686 2367 1764 2430 εἰς
1799 2365 1892 2420 τὸν

296 2448 434 2503 my
458 2449 619 2522 τιμὴ,
655 2451 826 2522 ἤγουν
858 2453 892 2524 ἡ
937 2454 1019 2518 είς
1045 2455 1144 2526 τὴν
1173 2455 1384 2524 εἰκόνα,
1411 2457 1506 2510 ἐπὶ
1535 2458 1628 2512 τὸν
1670 2457 1892 2530 Πατέρα

293 2541 376 2606 ὡς
407 2545 494 2606 εἰς
537 2542 850 2614 ἀρχέτυπον
883 2545 1172 2618 ἀναφοιτᾷ.
1225 2545 1386 2602 οὕτω
1427 2547 1537 2620 γάρ
1591 2549 1697 2602 πού
1729 2566 1895 2620 φησιν

295 2632 471 2696 αὐτὸς
504 2633 648 2705 πρὸς
667 2635 763 2688 τὸν
789 2635 1044 2708 Πατέραο
1081 2636 1234 2708 Ἐγώ
1255 2653 1332 2694 σε
1359 2638 1630 2704 ἐδόξασα
1657 2639 1758 2696 ἐπὶ
1784 2639 1893 2707 τῆς

294 2722 440 2794 τῆς.
492 2725 606 2782 Καὶ
635 2727 800 2781 πάλιν
825 2744 840 2758 ο
881 2729 1263 2800 Ἐφανέρωσά
1299 2747 1417 2788 σου
1459 2731 1529 2786 τὸ
1556 2731 1746 2803 ὄνομα
1769 2732 1895 2799 τοῖς

295 2813 668 2883 ἀνθρώποις.
690 2814 823 2870 Καί·
850 2817 982 2872 Νῦν
1002 2818 1310 2890 ἐδοξάσθη
1343 2825 1378 2878 ό
1402 2823 1537 2890 Υἱὸς
1552 2821 1661 2878 τοῦ
1675 2822 1896 2894 ἀνθρώ·
1927 2866 1930 2870 η

294 2923 446 2972 που,
477 2907 579 2960 καὶ
609 2908 644 2960 ό
669 2906 816 2973 Θεὸς
833 2907 1138 2980 ἐδοξάσθη
1165 2911 1236 2966 ἐν
1260 2911 1444 2980 αὐτῷ.
1484 2915 1592 2968 Καί
1613 2933 1628 2947 ο
1665 2914 1880 2984 Πάτερ,

294 2999 579 3064 δόξασόν
604 3014 725 3055 σου
756 3001 865 3056 τὸν
895 3003 1056 3067 Υιὸν,
1111 3003 1215 3058 ἵνα
1246 3004 1347 3060 καί
1372 3009 1406 3064 ό
1478 3009 1614 3075 Υιός
1647 3024 1766 3063 σου
1791 3007 1891 3062 δο-

298 3093 470 3159 fda"
494 3107 590 3147 σε.
617 3093 742 3147 Ὅτι
770 3093 828 3146 δὲ
861 3094 956 3148 καὶ
986 3095 1074 3148 διὰ
1103 3099 1203 3168 τῆς
1236 3098 1446 3163 εἰκόνος
1473 3101 1806 3168 γινώσκεται
1834 3100 1895 3154 τὸ

296 3186 644 3253 ἀρχέτυπον,
686 3185 851 3248 αὑτός
884 3202 991 3240 που
1025 3166 1192 3242 πάλιν
1235 3191 1376 3261 πρὸς
1423 3166 1553 3256 τοὺς
1583 3192 1831 3264 μαθητὰς
1862 3193 1891 3246 ό
1919 3166 1962 3224 C

298 3276 504 3346 Σωτὴρ
533 3275 672 3346 ἔφη·
700 3278 771 3331 El
806 3277 1232 3350 érra'lxettéps,
1263 3282 1494 3337 καὶτὸν
1518 3285 1753 3353 Πατέρα
1769 3301 1892 3355 μου

299 3367 624 3436 ἐτνώκειτε
649 3367 747 3430 ἂν,
773 3369 874 3424 καί
901 3369 1124 3440 ἀπάρτι
1152 3372 1476 3443 γινώσκετε
1489 3375 1701 3428 αὐτόν.
1727 3376 1836 3428 Καί
1868 3393 1883 3408 ·

311 3461 381 3514 '0
431 3459 707 3528 ἑωρακὼς
741 3461 868 3532 ἐμὲ,
905 3462 1128 3530 ἑώρακε
1163 3467 1269 3519 τίν
1299 3467 1554 3536 Πατέρα.
1583 3465 1720 3521 Καί·
1750 3467 1894 3539 Ἐγὼ

299 3551 375 3608 ἐν
401 3549 487 3616 τῷ
511 3551 718 3620 Harp},
757 3553 860 3607 καί
890 3557 923 3608 ό
951 3555 1160 3624 Πατὴρ
1189 3556 1261 3610 ἐν
1283 3557 1418 3628 ἐμοί
1450 3559 1643 3613 ἐστιν.

373 3647 448 3696 κ’.
491 3641 652 3696 Ἐπεὶ
669 3638 764 3698 οὗν
788 3643 966 3698 ταῦτα
987 3643 1162 3710 οὕτως
1193 3646 1334 3718 ἔχει,
1365 3647 1416 3702 τί
1447 3649 1510 3719 δή
1536 3665 1668 3703 ποτε
1694 3650 1788 3704 καὶ
1828 3651 1893 3705 τὸ

303 3735 456 3806 ἱερὸν
486 3734 650 3788 τοῦτο
670 3737 991 3806 ἐκμαγεῖον,
1042 3737 1118 3802 ώς
1167 3739 1333 3794 εἰκὼν
1381 3739 1478 3794 τοῦ
1535 3741 1892 3815 ὲνανθρωπή-

300 3843 504 3890 σαντος
541 3826 698 3889 Υίοῠ,
741 3829 843 3898 τήν
873 3845 934 3882 τε
955 3829 1160 3897 γνῶσιν
1193 3831 1290 3884 καὶ
1319 3830 1420 3904 τὴν
1465 3835 1690 3904 μνήμην
1719 3833 1887 3888 αὐτοῦ

301 3921 441 3990 ἡμῖν
465 3919 794 3988 ἐμφανίζον,
820 3919 897 3992 μὴ
915 3921 1057 3976 κατὰ
1085 3921 1186 3992 τὴν
1215 3923 1428 3976 οἰκείαν
1463 3926 1758 3994 ἀναλογίαν
1792 3927 1886 3980 καὶ

299 4013 364 4065 τὸ
401 4010 612 4074 ἰδιάζον
634 4013 731 4066 τοῦ
757 4013 934 4082 Λόγου
976 4015 1057 4084 (οὐ
1085 4015 1193 4087 γὰρ
1219 4015 1294 4079 ὡς
1319 4017 1522 4070 ταύτὸν
1543 4020 1608 4089 τῇ
1634 4019 1792 4090 οὐσίᾳ⁵
1814 4019 1893 4090 τῷ

302 4101 444 4173 Υἰῷ,
475 4102 594 4156 ἀλλ’
623 4103 700 4168 ὡς
728 4105 789 4157 τὸ
814 4107 1054 4178 ἐμφερὲς
1079 4107 1174 4162 τοῦ
1203 4107 1380 4172 εἴδους
1403 4109 1571 4164 αὐτοῦ
1596 4110 1886 4180 διασῶζον)

298 4193 675 4267 τιμηθήσεται
699 4197 795 4251 καὶ
825 4199 1380 4272 προσκυνηοήσεταις
1419 4199 1478 4254 ἓν
1510 4201 1572 4256 ὃν
1621 4202 1756 4256 αὐτὸ
1797 4204 1894 4258 καὶ

299 4291 365 4344 τὸ
394 4290 729 4361 τιμιώτατον
756 4292 866 4345 τῶν
895 4295 976 4358 εἰς
1005 4293 1166 4361 δόξαν
1204 4293 1298 4348 καὶ
1339 4294 1649 4368 φανέρωσιν
1688 4297 1791 4368 τῆς
1817 4299 1895 4352 οἰ-

301 4381 574 4452 κονομίας
604 4383 771 4438 αὐτοῦ
805 4383 971 4454 ἱερῶν
1005 4384 1296 4456 συμϐόλων
1320 4401 1334 4417 ·
1369 4386 1455 4442 ἵνα
1491 4388 1589 4441 καὶ
1627 4388 1696 4442 δι’
1723 4388 1893 4442 αὐτοῦ

1989 2183 2422 2244 substantialiter
2446 2181 2673 2250 unitur;
2701 2181 3150 2252 ideoquexparem
3181 2190 3236 2237 et
3286 2198 3442 2253 atque
3473 2199 3565 2238 au-

1991 2285 2203 2348 gustam
2243 2285 2577 2344 prorsusque
2621 2273 2870 2326 eamdem
2901 2285 2969 2326 ac
3011 2271 3179 2327 Pater
3221 2271 3450 2344 gloriam
3502 2289 3567 2328 ac

1993 2366 2398 2423 venerationem
2434 2364 2503 2418 ab
2553 2362 2814 2418 omnibus
2863 2362 3246 2432 consequitur.
3289 2361 3426 2416 Nam
3473 2363 3564 2430 qui

1993 2459 2238 2515 defertur
2283 2455 2422 2512 Filio
2460 2455 2667 2521 honor,
2695 2463 2957 2524 tanquam
2990 2453 3236 2524 imagini,
3281 2453 3328 2506 is
3357 2453 3425 2506 ad
3459 2451 3566 2506 Pa.

1997 2562 2130 2606 trem
2161 2564 2256 2604 ceu
2281 2548 2349 2603 ad
2373 2547 2728 2617 archetypum
2765 2545 3190 2616 transgreditur.
3231 2542 3326 2599 Sic
3347 2559 3477 2614 ergo
3512 2555 3568 2598 et

1996 2641 2110 2708 ipse
2141 2637 2437 2708 aliquando
2484 2633 2633 2689 Patri
2673 2633 2856 2689 aiebat
2890 2652 2904 2689 :
2939 2633 3051 2704 Ego
3093 2646 3144 2689 te
3193 2633 3481 2702 clariﬁcavi
3515 2637 3568 2686 in

1995 2743 2134 2785 terra
2161 2729 2225 2781 δ’.
2262 2727 2325 2782 Et
2355 2739 2544 2782 rursus
2586 2741 2600 2780 :
2649 2722 2810 2779 Nunc
2865 2723 3198 2792 clari/{catus
3247 2732 3325 2778 est
3394 2721 3568 2775 Filius

1996 2821 2241 2884 hominis,
2274 2803 2320 2873 et
2349 2817 2490 2872 Deus
2525 2815 2854 2884 clariﬁcalus
2893 2825 2968 2870 est
3009 2816 3063 2868 in
3086 2813 3180 2868 illo
3209 2814 3278 2868 “.
3315 2813 3378 2867 Et
3411 2833 3423 2869 :
3461 2811 3570 2868 Pa-

1998 2927 2106 2982 ter,
2139 2913 2376 2976 clari/ica
2417 2910 2616 2966 Filium
2670 2920 2841 2978 tuum,
2879 2917 2939 2962 ut
2992 2918 3040 2962 et
3082 2905 3260 2961 Filius
3313 2905 3569 2975 clariﬁcet

1997 3017 2046 3064 te
2067 3011 2132 3061 δ’.
2166 3007 2319 3074 Quod
2349 3017 2480 3059 vero
2531 3017 2594 3057 ex
2644 3001 2882 3071 imagine
2937 3013 3154 3070 quoque
3199 3005 3567 3068 cOgnoscatur
3627 3057 3631 3060 _

1998 3111 2366 3171 prototypum,
2407 3095 2524 3166 ipse
2570 3095 2699 3149 item
2741 3091 3026 3162 discipulis
3083 3089 3344 3146 Servator
3381 3089 3514 3144 dixit
3553 3107 3566 3142 :

1995 3193 2056 3250 Si
2088 3189 2458 3264 coguovissetis
2481 3203 2583 3252 me,
2634 3185 2814 3253 utique
2836 3194 2884 3240 et
2911 3181 3128 3238 Patrem
3177 3198 3346 3238 meum
3373 3198 3572 3252 cogno-

1995 3283 2220 3346 riasetis,
2258 3291 2305 3334 et
2337 3279 2526 3333 amodo
2564 3273 2878 3344 cognoscitis
2911 3273 3064 3328 illum
3094 3271 3163 3327 ⁸³.
3215 3271 3280 3325 Ει
3324 3289 3338 3326 :
3377 3269 3481 3337 Qui
3506 3271 3574 3326 vi-

1995 3375 2081 3428 det
2109 3389 2210 3437 me,
2243 3373 2376 3428 videt
2419 3368 2634 3424 Putrem
2653 3367 2723 3422 “.
2749 3365 2816 3424 Et
2844 3384 2858 3422 :
2895 3363 3008 3436 Ego
3037 3367 3094 3421 in
3125 3362 3307 3448 Patre,
3331 3371 3380 3416 et
3411 3360 3576 3415 Pater

1995 3467 2050 3520 in
2080 3481 2160 3520 me
2182 3476 2256 3519 est
2282 3463 2350 3520 “.

2063 3649 2154 3704 20.
2193 3647 2325 3716 Quae
2349 3661 2472 3703 cum
2501 3646 2573 3700 ita
2606 3659 2667 3702 se
2699 3642 2937 3700 habeant
2961 3680 2978 3706 ,
3005 3639 3194 3710 qu'dni
3219 3639 3323 3694 hoc
3359 3650 3576 3708 quoque

1996 3755 2212 3796 sacrum
2267 3737 2664 3799 simulacrum.
2727 3742 2990 3803 tanquam
3043 3731 3223 3798 imago
3293 3725 3576 3784 humanati

1997 3831 2145 3896 Filii,
2181 3829 2408 3901 ejusque
2453 3827 2706 3883 notitiam
2741 3840 2806 3880 ac
2854 3823 3173 3878 memoriam
3215 3819 3372 3875 nobis
3422 3818 3574 3888 iugc-

1997 3941 2144 3987 rens,
2175 3923 2384 3994 quidni,
2446 3922 2700 3990 inquam,
2757 3919 3058 3972 secundum
3112 3911 3412 3966 naturalem
3447 3924 3576 3978 pro-

1997 4017 2280 4088 priamque
2309 4011 2578 4068 ratiocinii
2609 4008 2942 4078 anal0giam,
2972 4005 3113 4061 haud
3147 4004 3392 4080 profecto
3422 4001 3577 4070 quasi

1995 4105 2241 4176 ejusdem
2268 4120 2334 4160 ac
2370 4103 2542 4158 Filius
2579 4099 2922 4163 substantiae,
2954 4098 3049 4152 sed
3077 4105 3134 4151 ut
3167 4093 3577 4151 similitudinem

1998 4199 2186 4254 formae
2213 4195 2332 4266 ejus
2355 4207 2601 4258 servans,
2637 4188 2996 4246 honorabitur
3019 4195 3181 4255 atque
3212 4183 3532 4239 adorabitur
3555 4183 3580 4233 ?

1995 4289 2131 4344 Cum
2172 4298 2227 4343 et
2262 4287 2366 4342 hoc
2419 4285 2594 4354 ipsum
2638 4281 2711 4336 sit
2739 4293 2907 4334 unum
2945 4287 3000 4332 et
3038 4273 3581 4330 honorandissimum

1997 4396 2279 4437 sacrormn
2301 4376 2698 4450 symboloruin,
2724 4385 2846 4442 quae
2861 4369 3088 4440 gloriam
3113 4364 3434 4423 oeconomiae
3457 4362 3582 4432 ejus

297 4472 560 4544 διαϐαίη)
599 4474 737 4544 πρὸς
761 4474 823 4528 τὸ
841 4475 1151 4547 ἀρχέτυπον
1183 4476 1218 4547 ἠ
1266 4475 1416 4543 δόξα.
1472 4477 1533 4532 Εἰ
1561 4480 1635 4549 μή
1669 4496 1773 4533 που
1796 4479 1888 4534 διὰ

2002 4473 2281 4529 uotilicant
2311 4487 2325 4534 ;
2360 4477 2417 4524 ut
2463 4467 2545 4522 sic
2575 4479 2672 4536 per
2721 4461 3072 4518 simulacrum
3107 4459 3210 4514 hoc
3269 4457 3337 4512 ad
3378 4457 3576 4510 archeo

299 4565 405 4636 τὴν
431 4564 537 4634 τῆς
586 4567 794 4631 εἰκόνος
852 4567 1048 4637 κλῆσιν
1089 4571 1141 4622 οἰ
1184 4569 1588 4640 όνοματομάχοι
1639 4569 1736 4625 καὶ
1798 4571 1890 4626 τὸν

299 4656 438 4710 Υἰδν
464 4655 568 4727 τῆς
593 4658 878 4730 Πατρικῆς
901 4661 1092 4726 οὐσίας
1114 4661 1208 4715 καὶ
1233 4662 1390 4734 δόξης
1423 4661 1852 4734 ἀλλοτριώσαιεν
1875 4679 1890 4694 ο

297 4745 404 4800 καὶ
435 4747 539 4819 τὴν
575 4747 834 4820 λατρείαν
895 4751 990 4806 καὶ
1028 4751 1130 4824 τὴν
1187 4753 1562 4825 προσκύνησιν
1611 4753 1891 4821 διέλοιντο,

301 4839 586 4910 μηδεμίαν
636 4844 931 4898 κοινωνίαν
971 4847 1096 4908 ταῖς
1133 4845 1308 4900 εἰκόσι
1355 4847 1494 4918 πρὸς
1549 4846 1619 4901 τὰ
1667 4847 1888 4918 πρωτό-

296 4947 452 4984 τυπα
471 4931 730 4996 διδόντες.
762 4934 1101 5006 Συνηγορίαν
1117 4931 1211 4997 οὖν
1229 4939 1258 4992 ὁ
1282 4937 1458 5008 λόγος,
1487 4938 1589 4993 οὐκ
1607 4939 1893 5008 ἀναίρεσιν

297 5022 417 5077 τῶν
447 5027 840 5096 προκειμένων
875 5027 1015 5100 ἔχει.

379 5203 490 5260 κα⁹.
537 5206 746 5262 Ἐκεῖνο
772 5208 884 5280 δὲῆ
915 5209 978 5264 οὐ
1015 5211 1258 5282 συνῆκαν
1303 5212 1353 5265 οἰ
1381 5211 1625 5282 ἀνόητοι,
1665 5214 1698 5284 ἢ
1738 5214 1892 5276 έκόνέ

301 5311 397 5356 τες
425 5293 780 5366 ἀπέκρυψαν,
833 5299 910 5363 ὡς
952 5299 1014 5352 τὸ
1054 5302 1152 5371 τῆς
1199 5301 1408 5365 εἰκόνος
1456 5302 1648 5373 ὄνομα,
1688 5304 1749 5356 οὔ
1781 5305 1892 5356 τῶν

299 5382 495 5446 ἁπλῶς
522 5442 527 5447 ,
552 5382 946 5455 θεωρουμένων
998 5388 1168 5454 ἐστὶν,
1224 5387 1342 5442 ἀλλ’
1396 5387 1688 5458 ὁμώνυμος
1738 5393 1891 5458 φωνὴ

298 5477 398 5530 ni
427 5475 540 5526 τῶν
570 5474 856 5546 πολλαχῶς
883 5477 1222 5548 λεγομένων·
1260 5473 1328 5550 ἧς
1380 5480 1510 5550 περὶ
1561 5480 1658 5544 τῆς
1687 5479 1894 5549 διαιρέ-

299 5581 463 5628 σεως,
493 5566 710 5630 λεπτῶς
743 5567 904 5632 αὐτὸς
931 5564 1086 5632 οὗτος
1114 5571 1143 5623 ό
1193 5569 1385 5641 Πατὴρ
1415 5571 1471 5620 ἐν
1525 5569 1733 5638 ἑτέροις
1777 5570 1894 5623 δια-

2003 4577 2186 4636 typum
2213 4549 2461 4616 transeat
2491 4557 2684 4630 gloria.
2717 4553 2836 4611 Nisi
2863 4552 3010 4610 forte
3049 4559 3274 4622 propter
3315 4547 3579 4616 imaginis

2001 4655 2446 4726 appellationem,
2479 4650 2536 4706 hi
2578 4647 2673 4719 qui
2724 4647 2794 4702 de
2849 4644 3166 4701 nominibus
3223 4641 3576 4708 cavillantur,

2002 4749 2196 4804 Filium
2236 4761 2266 4800 a
2302 4756 2532 4812 paterna
2563 4753 2782 4812 quoque
2811 4738 3117 4793 substantia
3150 4745 3206 4790 et
3230 4733 3407 4805 gloria
3441 4732 3580 4786 alie-

2003 4849 2164 4907 nant;
2198 4837 2390 4908 et98
2417 4835 2620 4890 cultum
2640 4831 3123 4897 adorationemque
3159 4827 3430 4892 dividunt,
3458 4827 3583 4880 nul.
3624 4871 3631 4885 ,

2005 4933 2108 4987 lam
2137 4927 2466 4997 imaginibus
2498 4923 2564 4979 ad
2595 4931 2883 4994 prototypa
2913 4918 3238 4973 relationem
3275 4916 3582 4972 conceden-
3627 4924 3635 4982 ι

2005 5031 2104 5076 tes.
2143 5018 2283 5087 Ergo
2323 5014 2506 5070 Basilii
2549 5015 2750 5069 dictum
2801 5010 3082 5082 proposito
3128 5019 3314 5063 nostro
3343 5009 3579 5078 prodest,
3626 5000 3631 5042 ῗ

2004 5111 2202 5166 nedum
2235 5107 2413 5163 obest.
3039 5151 3041 5154 ι

2069 5201 2158 5255 2|.
2204 5199 2333 5251 Illud
2367 5210 2497 5250 vero
2527 5211 2635 5250 non
2659 5191 3142 5264 intelliguntstulti
3189 5191 3266 5256 hi,
3305 5188 3386 5242 vel
3445 5187 3572 5240 data

2001 5305 2163 5356 opera
2195 5285 2562 5351 dissimulant,
2590 5283 2843 5354 imaginis
2870 5280 3192 5338 vocabulum
3226 5294 3332 5333 non
3361 5291 3480 5332 esse
3507 5277 3575 5329 de

1997 5383 2318 5453 simpliciter
2345 5379 2475 5451 quid
2515 5377 2943 5448 signiﬁcantium
2977 5389 3202 5429 numero
3223 5370 3354 5440 ;.sed
3382 5371 3574 5424 homo-

2001 5492 2246 5548 nymum,
2281 5483 2336 5531 et
2366 5472 2680 5542 multiplicis
2726 5468 3180 5541 signiﬁcationis:
3217 5464 3282 5516 de
3305 5475 3410 5532 qua
3460 5462 3576 5517 dis-

1998 5549 2258 5624 tinctione
2317 5565 2587 5622 subtiliter
2650 5561 2778 5618 alibi
2843 5561 2934 5617 ltic
3003 5559 3166 5614 Pater
3222 5553 3464 5611 disserit.
3513 5551 3580 5608 Et

373 5722 421 5754 '°
439 5720 596 5777 Joau.
641 5738 774 5789 uti,
807 5723 864 5783 ιι.
941 5723 1165 5782 “Joan.
1196 5742 1317 5792 aut,
1353 5728 1441 5786 5|.
1521 5731 1566 5763 "
1593 5725 1884 5784 Joamxvu

2051 5726 2097 5760 ’⁸³
2121 5723 2279 5782 Joan.
2310 5739 2422 5797 xw,
2461 5722 2514 5779 7.
2587 5719 2635 5755 “
2659 5718 2814 5778 Joan.
2856 5728 2964 5786 xw,
2997 5713 3052 5772 9.
3128 5711 3176 5748 “
3259 5750 3292 5779 ,-
3333 5707 3470 5767 lbid.
3503 5708 3591 5763 ω.
