4032 6208
367 311 476 382 613

1043 322 1669 390 ANTIRRHETICUS
1705 329 1768 390 Π
1771 331 1801 390 Ι
1838 331 2007 394 Αῡν.
2043 333 2634 396 CONSTANTINUM
2670 333 2886 396 COPR.

3526 327 3634 392 4H

369 433 469 505 τὴν
501 430 778 504 ὑπεροχὴν
808 431 918 486 τῶν
954 434 1337 506 προκειμένων
1365 436 1517 509 αὐτῷ
1563 439 1658 493 ἐπὶ
1709 422 1784 512 τῇ
1828 441 1946 496 θεο-

2071 446 2138 500 tie
2173 445 2403 515 amplius
2435 454 2540 514 est,
2573 463 2592 498 ι
2621 443 3006 500 sublimitatem
3039 439 3345 512 argumenti
3372 442 3453 495 sui
3477 441 3623 496 circa

363 526 548 596 λογέᾳ,
583 524 673 578 διὰ
707 524 812 595 τῆς
837 527 1198 596 συγκριτικῆς
1226 527 1414 598 φωνῆς
1433 531 1700 601 ὲσήμανε,
1735 533 1948 604 διακρί-

363 633 466 678 νις
521 615 784 688 ἑκάτερον
836 616 931 670 τοῦ
982 617 1204 689 ἐτέρου*
1255 623 1709 692 προσεπενέγκας
1757 623 1817 678 δὲ
1861 625 1944 688 τὸ,

369 727 390 761 r
439 709 589 761 Ἐκεῖ
621 708 723 778 μὲν
760 710 871 778 γάρ
919 709 1176 779 ἀκίνητος
1228 712 1582 782 κινουμένου,
1618 714 1856 768 ἐνταῦθα
1893 716 1950 769 δὲ

365 799 574 862 ζῶντος
596 799 688 853 καὶ
711 799 880 864 ζῶσα,
908 816 928 850 ›
951 798 1050 870 τὴν
1082 800 1218 870 πρὸς
1243 801 1478 872 ἀλλήλας
1509 802 1856 874 παρέστησεν
1884 805 1950 874 ἢν

364 889 558 962 ἔχουσι
593 891 856 960 διαφοράν
877 907 890 920 ·
917 890 992 953 ὡς
1022 893 1071 944 εί
1101 891 1286 961 ἔλεγεν
1313 893 1398 946 ὅτι
1429 893 1561 946 ἴδιον
1596 894 1694 964 τῆς
1737 895 1834 964 μὲν
1865 911 1952 948 τε⁴

205 1045 218 1054 σ
367 983 580 1054 χνητῆς
623 983 852 1046 εἰκόνος,
884 983 943 1036 τὸ
973 982 1228 1054 ἀκίνητον
1259 985 1578 1055 κινουμένου
1601 1001 1615 1016 ·
1664 987 1863 1038 οἰκεῖον
1896 985 1954 1040 δὲ

366 1075 474 1144 τῆς
509 1073 748 1144 φυσικῆς
780 1074 841 1127 τὸ
893 1073 1097 1148 ζῶντος
1135 1075 1230 1129 καὶ
1261 1074 1439 1140 ζῶσαν
1469 1075 1608 1146 μετὰ
1647 1075 1823 1130 ταῦτα
1861 1076 1954 1130 καὶ

368 1167 558 1218 αᾶτῶν
606 1165 716 1218 τῶν
769 1165 1016 1234 φυσικῶν
1067 1165 1360 1236 σύγκρισιν
1417 1170 1654 1220 ποιεῖται
1693 1167 1789 1220 ἐπὶ
1843 1167 1954 1221 τῶν

371 1257 749 1328 ἀσυγκρίτων,
783 1257 875 1310 τὸν
903 1257 998 1310 τοῦ
1070 1257 1241 1327 Ἀδὰμ
1280 1259 1375 1312 καὶ
1411 1257 1506 1310 τοῦ
1536 1258 1644 1328 Σὴθ
1696 1258 1955 1328 παρενείο

376 1365 480 1420 ρας
525 1347 706 1416 λόγον,
738 1347 833 1400 καὶ¹
862 1349 963 1401 ὅσα
997 1347 1126 1416 περὶ
1156 1346 1258 1414 τῆς
1301 1345 1410 1399 τῶν
1437 1345 1624 1400 ἁπλῶν
1665 1345 1956 1400 διείλεκται

373 1439 595 1508 φύσεως
620 1455 634 1468 ⁸
690 1437 1026 1510 προσεκτέον
1068 1437 1126 1490 δὲ
1179 1435 1481 1502 κάνταῦθα,
1523 1437 1598 1500 ὡς
1625 1438 1654 1490 ὁ
1693 1437 1957 1508 θεηγόρος

371 1525 535 1592 οὗτος
563 1529 634 1582 τά
666 1528 767 1599 τῆς
791 1527 1066 1594 θεολογίας
1121 1525 1357 1598 ἐξαίρων
1414 1525 1494 1597 τῷ
1552 1521 1694 1579 εἷναι
1738 1525 1958 1599 πάντων

373 1598 750 1691 ἐξῃρημένην,
780 1617 870 1672 διὰ
897 1619 996 1688 τῆς
1023 1617 1130 1672 τῶν
1178 1619 1398 1672 πάντων
1443 1598 1812 1688 ἀφαιρέσεως,
1861 1616 1959 1670 καὶ

375 1717 555 1770 ταῦτα
580 1713 647 1786 δὴ
675 1713 744 1768 τά
768 1714 1107 1784 χειρόκμητα
1131 1713 1191 1766 οὐ
1222 1712 1382 1783 μόνον
1407 1713 1509 1766 οὐκ
1544 1710 1956 1781 ἀποπέμπεται,

375 1801 521 1855 ἀλλὰ
559 1801 658 1854 καὶ
683 1798 873 1872 ῶσπερ
915 1800 1188 1870 ἀγάμενος
1217 1799 1560 1870 ἀποδέχεται.

450 1981 558 2035 κδ’.
617 1981 675 2034 '0
703 1979 962 2049 θεοφόρος
1000 1978 1293 2050 Κύριλλος,
1323 1981 1352 2032 ό
1407 1979 1506 2048 τῆς
1568 1978 1812 2050 μεγάλης
1859 1977 1961 2048 τῆς

391 2071 750 2144 Ἇλεξάνδρου
789 2069 1074 2142 πρόεδρος,
1102 2070 1196 2123 καὶ
1243 2070 1416 2140 μέγας
1463 2070 1804 2134 διδάσκαλος,
1848 2071 1962 2133 τοῖς

381 2159 689 2233 προάγουσι
712 2161 1144 2228 συνειστρεχέτω
1158 2159 1255 2210 καὶ
1275 2157 1721 2229 συμφθεγγέσθω
1741 2175 1754 2190 ·
1783 2157 1960 2212 τοιάδε

379 2250 510 2304 τινὰ
537 2249 671 2320 περὶ
717 2247 847 2303 τῶν·
871 2248 1251 2320 προκειμένων
1289 2249 1514 2317 φάσκων
1539 2265 1554 2280 ’
1586 2267 1606 2300 ι
1649 2248 1861 2318 Ὠσπερ
1895 2245 1963 2300 ἂν

379 2341 440 2394 et
486 2357 573 2404 τις
616 2339 806 2394 εἰκόνα
857 2338 1344 2409 διαγεγραμμένην
1388 2337 1592 2408 ἄριστα
1634 2337 1843 2407 βλέποι,
1871 2337 1964 2392 καὶ⁸

381 2431 770 2502 ἀποθαυμάζοι
796 2429 894 2501 μὲν
926 2430 986 2482 τὸ
1022 2427 1118 2482 τοῦ
1159 2427 1425 2499 βασιλέως
1473 2429 1680 2498 σχῆμα,
1711 2427 1806 2500 καὶ
1834 2428 1966 2482 ὃσα-

385 2539 498 2594 περ
526 2523 586 2576 ὲν
617 2521 814 2592 ἐκείνῳ
874 2520 1148 2590 φαίνεται,
1190 2518 1363 2574 ταῦτα
1404 2519 1500 2572 καὶ
1549 2519 1608 2572 ὲν
1661 2521 1728 2591 τῇ
1771 2519 1962 2590 Γραφῇ

381 2613 690 2685 δυνάμενός
714 2629 774 2666 τε
823 2612 919 2666 καὶ
942 2611 1084 2682 ἔχων
1134 2611 1289 2682 ὁρᾷν,
1337 2611 1417 2674 είς
1478 2609 1778 2680 ἐπιθυμίαν
1821 2608 1966 2670 ἔλθοι

382 2707 485 2762 τοῦ
519 2708 614 2760 καὶ
643 2705 808 2760 αὑτὸν
845 2705 974 2758 ίδείν
1019 2703 1112 2756 τὸν
1163 2702 1413 2774 βασιλέα,
1445 2701 1588 2756 εἴποι
1621 2702 1664 2755 δ’
1709 2701 1775 2757 ἂν
1825 2703 1968 2755 είκό-

381 2814 500 2862 τως
529 2797 666 2866 πρὸς
692 2794 852 2848 αὐτὸν
883 2795 917 2864 ή
952 2794 1162 2865 γραφὴ,
1211 2793 1270 2845 '0
1303 2791 1566 2864 ἑωρακὼς
1599 2792 1723 2864 ἐμὲ,
1753 2792 1966 2865 ἑώρακε

382 2889 486 2942 τδν
523 2887 787 2959 βασιλέα⁶
843 2886 939 2940 καὶ
990 2885 1188 2940 πάλιν·
1229 2883 1372 2954 Ἐγὼ
1421 2885 1514 2939 καὶ
1555 2887 1582 2938 ὁ
1607 2884 1860 2956 βασιλεὺς
1907 2885 1966 2938 ἓν

386 2984 582 3053 ἔσμεν,
615 2981 739 3034 ὅσον
769 2981 850 3042 είς
883 2977 1176 3048 ὁμοιότητα
1209 2977 1305 3032 καὶ
1336 2977 1746 3048 ἀκριϐεστάτην
1793 2977 1966 3048 ἐμφέ-

389 3089 548 3144 ρειαν
573 3087 588 3104 ⁸
624 3071 719 3125 καὶ
750 3070 943 3124 πάλιν·
987 3068 1131 3137 Ἐγὼ
1152 3069 1210 3123 ὲν
1253 3065 1334 3139 τῷ
1373 3067 1586 3136 βασιλεί
1619 3069 1712 3122 καὶ
1743 3070 1772 3122 ό
1815 3067 1967 3140 βασι-

386 3139 520 3221 λεὺς
567 3159 626 3212 ὲν
659 3158 783 3229 ἐμοὶ
836 3155 979 3210 κατὰ
1005 3155 1066 3209 τὸ
1111 3156 1212 3226 τῆς
1267 3158 1480 3227 μορφῆς
1513 3157 1699 3228 σχῆμα
1721 3173 1734 3187 ·
1762 3139 1824 3211 τδ
1862 3158 1970 3228 γὰρ
1997 3139 2040 3194 C

389 3247 537 3314 εἶδος
564 3252 628 3304 τὸ
651 3249 861 3303 ἐκείνου
893 3250 1114 3312 πάντως
1146 3251 1306 3320 φορεῖ
1347 3250 1610 3320 ἡγραφὴ.
1645 3249 1738 3302 καὶ
1778 3249 1839 3302 τὺ
1875 3251 1973 3320 τῆς

394 3344 622 3414 γραφῆς
653 3337 797 3405 εἶδος
825 3342 884 3395 ὲν
917 3341 1112 3410 ἐκείνῳ
1163 3339 1396 3404 σώζεται
1418 3357 1433 3372 ο
1469 3338 1642 3402 οὕτως
1679 3341 1797 3392 ἐστὶ
1821 3339 1917 3393 καὶ
1945 3341 1976 3393 ὁ

390 3435 736 3502 Υίδςσλέγων
757 3451 771 3464 ο
814 3433 868 3486 ’0
887 3431 1158 3502 ἑωρακὼς
1187 3431 1312 3500 ἐμὲ,
1337 3429 1555 3500 ἑώρακε
1573 3429 1680 3484 τὸν
1705 3430 1938 3499 Πατέρα
1957 3445 1972 3460 ο

393 3528 534 3582 καί·
572 3525 722 3596 Ἐγὼ
791 3525 891 3579 καί
971 3527 1006 3578 ό
1057 3522 1258 3592 Πατὴρ
1312 3522 1383 3575 ἐν
1448 3523 1657 3592 ἐσμεν.
1708 3518 1832 3594 'Ap‘
1883 3518 1976 3576 οὖν

391 3621 626 3674 ἕπονται
677 3619 790 3681 τοῖς
844 3616 1030 3684 σοφοῖς
1075 3613 1286 3677 τούτοις
1335 3612 1538 3682 λόγοις,
1597 3613 1632 3684 ἢ
1684 3613 1814 3668 ἔνθα
1855 3613 1974 3684 μὲν,

395 3714 533 3767 ἔνθα
558 3713 621 3766 δὲ
661 3707 764 3775 οὒ,
821 3709 918 3762 καὶ
976 3707 1052 3770 ὡς
1096 3707 1131 3777 ἡ
1178 3705 1271 3758 τοῦ
1319 3703 1672 3774 ἐνεργοῦντος
1715 3703 1978 3758 ὑποσάλοι

395 3805 618 3876 πονηρὰ
646 3801 879 3872 γνώμης
910 3799 981 3852 Ei
1019 3799 1118 3870 μὲν
1146 3793 1239 3852 οὖν
1264 3795 1542 3867 βούλοιντο
1567 3795 1778 3849 πείθειν
1801 3797 1975 3868 ἡμᾶς,

397 3897 478 3961 ὡς
507 3897 654 3950 κατὰ
679 3895 747 3950 τὰ
782 3892 1050 3963 εἰρημένα
1081 3888 1158 3960 τῷ
1205 3885 1538 3957 διδασκάλῳ,
1571 3884 1856 3956 ὀμοούσιον
1903 3885 1980 3956 τῷ

397 3987 640 4060 φύσαντι
667 3986 760 4039 τὸν
776 3985 904 4038 Υίὸν
927 3980 1263 4048 δοξάζουσιν,
1285 3973 1374 4032 οἷα
1389 3978 1578 4032 είκόνα
1598 3977 1729 4030 ὅντα
1744 3977 1929 4049 Πατρδ
1939 3995 1979 4041 7,

399 4079 498 4133 καὶ
529 4075 758 4148 βασιλέα
791 4074 931 4144 μετὰ
955 4076 1056 4142 τῆς
1080 4070 1204 4124 καθ’
1243 4069 1392 4140 ἡμᾶς
1441 4069 1508 4138 ἢν
1537 4066 1706 4120 ὑπέδυ
1743 4065 1980 4137 μορφὴν,

399 4169 794 4242 ὁμολογοῦντες
841 4163 1048 4234 τιμῶσι

379 4262 760 4334 *παράδειγμα
788 4273 803 4290 ·
839 4253 1322 4328 προσκυνείτωσαν
1378 4253 1476 4306 σὺν
1531 4252 1665 4321 ἡμῖν
1691 4251 1788 4321 τὴν
1815 4265 1984 4318 προσ-

402 4351 645 4424 κυνητὶψ
681 4348 847 4404 αὐτοῦ
901 4346 1087 4400 εἰκόνα
1113 4385 1126 4408 ,
1161 4343 1444 4416 μονονουχὶ
1475 4341 1568 4396 καὶ
1593 4341 1764 4412 αὐτὴν
1798 4342 1986 4410 λέγου-

1128 4161 1273 4216 κατὰ
1345 4161 1409 4212 τὸ
1459 4159 1821 4230 προκείμενον
1878 4157 1999 4230 ήδη

2054 538 2144 594 Dei
2173 547 2418 594 naturam
2441 537 2730 602 versantis,
2760 535 3126 604 comparativa
3162 533 3403 588 dictione
3455 532 3624 601 signi-

2054 630 2255 693 llcavit,
2277 628 2508 684 alterum
2532 630 2601 683 ab
2618 628 2788 683 altero
2811 621 3212 683 discrit'ninans.
3241 623 3381 678 Tum
3401 623 3627 685 addens,

2056 738 2075 772 ι
2113 720 2222 774 Illic
2251 719 2543 776 immobilis
2569 720 2744 790 imago
2771 719 3012 773 hominis
3041 717 3296 783 mobilis;
3322 716 3410 770 hic
3445 716 3626 781 imago

2050 810 2282 866 viventis
2314 819 2368 865 et
2395 811 2604 874 vivens,
2647 829 2668 862 ι
2705 825 2865 880 quam
2896 809 3095 863 habent
3125 808 3208 862 Im
3243 807 3381 862 inter
3433 820 3492 860 se
3522 803 3631 858 dif.

2052 899 2335 954 ferentium
2375 898 2640 962 exhibuit,
2683 898 2838 968 quasi
2873 898 3138 952 dixisset:
3177 895 3459 962 Proprium
3495 893 3618 959 qui-

2055 989 2176 1041 dem
2208 987 2507 1043 artiﬁcialis
2533 988 2785 1056 imaginis
2835 995 3021 1052 est,ut
3045 986 3118 1040 sit
3180 983 3457 1038 immobile
3512 1001 3631 1036 tuo-

2055 1077 2212 1143 bilis;
2269 1079 2544 1146 proprium
2591 1087 2767 1131 autem
2828 1076 3090 1131 naturalis
3129 1060 3203 1128 ἰιι
3253 1075 3327 1128 sit
3393 1073 3631 1126 viventis

2057 1167 2264 1222 vivens.
2291 1167 2422 1222 Post
2454 1169 2569 1224 haec
2591 1178 2646 1222 et
2683 1168 2924 1236 ipsorum
2967 1166 3314 1235 physicorum
3339 1155 3630 1233 compara-

2059 1259 2255 1314 tionem
2281 1259 2409 1314 l'acit
2435 1274 2556 1314 eum
2595 1257 2969 1322 dissimilibus,
3003 1258 3069 1312 de
3123 1257 3331 1310 Adamo
3360 1271 3424 1309 ac
3455 1254 3626 1309 Setho

2057 1351 2348 1404 adnectens
2373 1364 2700 1413 sermonem,
2727 1358 2782 1404 et
2809 1362 3148 1418 quiscunque
3190 1347 3256 1400 de
3298 1346 3625 1415 simplicium
3739 1341 3745 1346 ’

2059 1452 2250 1494 natura
2299 1441 2573 1496 dicuntur.
2629 1439 3182 1495 Animadvertendum
3248 1438 3483 1506 denique
3541 1437 3632 1491 hic

2058 1541 2140 1586 est
2171 1546 2412 1605 sagrum.
2439 1532 2582 1586 hunc
2607 1531 2910 1595 doctorem,
2957 1531 3174 1584 etiamsi
3199 1543 3230 1582 ο
3268 1529 3514 1584 doctrina
3556 1527 3624 1581 de

2061 1621 2169 1676 Deo
2195 1621 2376 1687 omnia
2406 1623 2745 1686 submoveat,
2763 1631 3048 1692 propterea
3071 1619 3212 1690 quod
3245 1619 3376 1672 nihil
3406 1619 3473 1672 ad
3505 1631 3628 1672 eam

2061 1713 2386 1781 pertineant,
2423 1711 2548 1780 quia
2585 1711 2696 1779 ipsa
2732 1693 2813 1766 abl
2830 1710 3082 1765 omnibus
3111 1709 3354 1777 seiuncta
3384 1718 3507 1773 est;
3543 1715 3630 1762 at-

1991 1798 2031 1852 B
2061 1809 2241 1857 tamen
2274 1802 2387 1857 [nec
2421 1800 2731 1856 tuanul'acta
2770 1802 2906 1857 adeo
2953 1815 3063 1856 non
3093 1799 3338 1870 rejiccre,
3365 1807 3422 1852 ut
3456 1797 3622 1863 etiam

2061 1894 2390 1965 perlibenter
2416 1893 2688 1948 admittat.

2129 1985 2220 2041 24.
2265 1984 2427 2040 Divus
2457 1984 2710 2056 Cyrillus,
2749 1997 2962 2053 magna:
3001 1979 3345 2036 Alexandria:
3401 1979 3623 2050 praesul,

2061 2092 2395 2148 magnusque
2440 2077 2716 2148 magister.
2737 2075 3063 2144 supradictis
3093 2073 3388 2128 accedatet
3435 2082 3638 2126 conso-

2061 2179 2187 2233 net,
2245 2171 2310 2225 de
2371 2169 2649 2240 proposito
2709 2174 3036 2238 argumento
3103 2175 3161 2219 ut
3235 2162 3481 2234 sequitur
3545 2162 3628 2218 lo-

2063 2275 2232 2330 quens
2259 2259 2394 2329 (32).
2431 2276 2452 2310 ο
2497 2256 2654 2314 Velut
2677 2257 2820 2313 enim
2853 2256 2898 2311 si
2927 2254 3050 2325 quis
3086 2253 3376 2323 imaginem
3407 2251 3629 2321 egregie

2063 2351 2262 2422 pictam
2311 2350 2561 2421 aspiciat,
2604 2349 2938 2417 tuircturque
2969 2343 3292 2401 exteriorem
3325 2343 3470 2411 regis
3516 2340 3634 2396 cul-

2067 2453 2202 2508 tum,
2231 2445 2355 2497 dum
2389 2441 2651 2512 quidquid
2704 2439 2771 2494 ad
2803 2437 2922 2526 eius
2970 2447 3258 2526 ornatum_
3282 2433 3536 2526 pertinet,
3566 2433 3624 2488 in

2067 2532 2245 2588 tabula
2283 2541 2461 2602 potest
2505 2531 2772 2599 aspicere,
2803 2521 3057 2596 'cupidus
3117 2524 3270 2594 10],
3319 2523 3408 2578 ﬂet
3461 2521 3637 2593 ipsum

2065 2640 2280 2696 quoque
2312 2638 2490 2692 regem
2519 2620 2737 2678 videndi
2765 2638 2783 2688 ;
2807 2619 3059 2686 dicetque
3110 2617 3184 2670 illi
3230 2614 3632 2684 quodammodo
3665 2603 3669 2607 ’

2066 2719 2276 2788 pictura
2305 2733 2319 2772 :
2347 2714 2448 2782 Qui
2486 2729 2574 2770 me
2604 2713 2742 2768 vidit
2776 2719 2830 2767 et
2859 2707 3040 2780 regem
3075 2707 3236 2762 vidit.
3273 2706 3339 2760 Et
3398 2718 3630 2760 rursus:

2067 2811 2178 2878 Ego
2199 2821 2251 2864 et
2283 2824 2377 2864 rex
2407 2823 2570 2862 unum
2606 2819 2817 2884 sumus,
2874 2801 3018 2872 quod
3049 2801 3248 2854 attinet
3281 2799 3346 2852 ad
3377 2795 3634 2852 similitu-

2066 2900 2248 2955 dinem
2311 2906 2366 2951 et
2393 2906 2706 2951 accuratam
2757 2904 3144 2960 summamque
3203 2887 3518 2958 paritatem.
3567 2885 3639 2941 Et

2067 2991 2286 3044 adhuc:
2329 2987 2440 3058 Ego
2488 2987 2543 3040 in
2591 3000 2735 3055 rege,
2771 2993 2827 3038 et
2864 2997 2956 3036 rex
3010 2981 3063 3034 in
3105 2994 3190 3035 me
3233 2987 3338 3044 eat,
3372 2985 3637 3047 quantum

2075 3083 2300 3152 pertinet
2337 3082 2404 3134 ad
2433 3079 2619 3134 forma:
2651 3078 2917 3136 habitum.
2943 3073 3190 3142 Namque
3223 3071 3369 3126 illius
3401 3070 3638 3138 speciem

2075 3188 2298 3244 prorsus
2331 3171 2468 3240 gerit
2497 3169 2729 3240 pictura,
2758 3178 2814 3222 et
2850 3167 3078 3236 picturae
3117 3163 3327 3231 species
3356 3161 3409 3214 in
3444 3159 3536 3213 illo
3562 3157 3644 3212 vi-

2071 3265 2254 3319 cissim
2296 3270 2566 3316 servatur.
2597 3258 2690 3316 Sic
2714 3267 2874 3314 estet
2898 3255 3070 3310 Filius
3099 3253 3288 3309 dicens
3319 3269 3334 3306 :
3374 3249 3480 3316 Qui
3511 3247 3641 3303 vidit

2074 3369 2174 3417 me,
2195 3353 2322 3406 ridi!
2345 3360 2392 3404 et
2427 3349 2642 3403 Patrem
2665 3363 2836 3401 meum
2856 3345 2920 3400 ⁸⁷.
2953 3343 3021 3398 Ει
3046 3362 3059 3398 :
3095 3340 3209 3413 Ego
3230 3352 3276 3396 et
3298 3339 3462 3396 Pater
3483 3353 3645 3392 unum

2072 3457 2255 3496 smnus
2290 3441 2357 3494 “.
2393 3438 2532 3494 Num
2590 3439 2752 3508 igitur
2794 3437 3169 3504 obsequuntur
3193 3431 3530 3500 sapientibus
3560 3427 3644 3481 Itis

2073 3531 2423 3595 dictiOnibus,
2453 3545 2522 3584 an
2547 3527 2838 3598 aliquando
2857 3526 3074 3594 quidem
3108 3523 3320 3613 utique,
3351 3518 3654 3613 aliquando‘

2075 3637 2254 3687 secus,
2295 3628 2455 3690 prout
2491 3617 2774 3688 operantis
2814 3619 2870 3670 in
2901 3616 2982 3669 eis
3021 3611 3288 3668 daemonis
3320 3609 3458 3662 mala
3497 3609 3650 3663 mens'

2077 3709 2443 3782 suggesserit?
2481 3707 2537 3763 Si
2571 3721 2702 3778 ergo
2740 3691 3010 3760 voluerint
3041 3701 3200 3757 nobis
3223 3699 3556 3771 persuadere
3591 3711 3653 3752 se

2072 3802 2227 3872 juxta
2263 3799 2507 3870 magistri
2552 3799 2784 3858 dictum.
2825 3793 3344 3852 consubstantialem
3400 3789 3652 3847 Gettitori

2079 3890 2278 3946 Filium
2310 3889 2650 3953 existimare,
2677 3901 2774 3942 ceu
2798 3885 2976 3942 Patris
2999 3884 3292 3954 imaginem
3320 3897 3338 3947 ;
3364 3893 3656 3951 regemque

2079 3995 2205 4035 eum
2241 3995 2362 4034 cum
2393 3984 2670 4047 assumpta
2707 3986 2889 4031 nostra
2921 3974 3096 4029 forma
3123 3971 3447 4049 conﬁtentes
3477 3971 3648 4024 bono-

2085 4077 2242 4135 rant;
2279 4067 2526 4138 sequitur
2556 4074 2616 4121 ttt
2655 4066 2808 4136 juxta
2863 4063 3198 4134 propositunt
3223 4059 3528 4128 exemplum
3563 4071 3653 4112 ve-

2081 4167 2344 4214 nerentur
2379 4157 2657 4211 nobiscum
2693 4156 2812 4224 ejus
2851 4168 3066 4222 quoque
3100 4147 3648 4216 adorabilemitnagi-

2084 4267 2228 4314 nem,
2266 4264 2386 4320 quar
2414 4257 2469 4302 et
2510 4249 2622 4316 ipsa
2660 4245 3048 4316 propemodum
3081 4242 3199 4296 ait:
3237 4239 3340 4307 Qui
3381 4239 3518 4292 vidit
3545 4252 3653 4302 me,

2085 4344 2220 4398 vidit
2250 4342 2490 4396 ontnium
2519 4337 2718 4408 Regem
2749 4352 2816 4391 ac
2845 4335 3130 4390 Dominum
3169 4329 3350 4387 Jesunt
3381 4328 3659 4384 Christum

403 4411 544 4498 trav:
583 4411 643 4496 ’δ
671 4440 935 4512 ἑωρακὼς
962 4441 1086 4512 ἐμὲ.
1122 4411 1337 4509 ἑῶρακε
1375 4411 1717 4510 τδνπάντων
1747 4434 1968 4488 Βασιλέα

2091 4437 2280 4491 Deum.
2330 4434 2483 4501 Quod
2527 4433 2572 4487 si
2616 4431 2760 4486 buuc
2821 4429 3026 4484 cultum
3089 4439 3198 4480 non
3238 4423 3552 4487 admittunt,
3588 4436 3658 4476 ne
3743 4411 3755 4422 ’

403 4537 504 4598 καὶ
529 4536 737 4606 Κύριον
773 4534 981 4605 Ἰησοῦν
1013 4533 1109 4588 τὸν
1148 4533 1193 4586 Χ
1204 4531 1386 4603 ριστδν
1415 4529 1510 4583 καὶ
1537 4528 1671 4581 Θεόν
1692 4543 1706 4556 '
1740 4529 1788 4580 εί
1817 4527 1876 4580 δὲ
1919 4527 1968 4580 οξ

2089 4529 2283 4585 Filium
2308 4526 2524 4597 quidem
2563 4523 2712 4578 Patri
2755 4517 3280 4576 consubstantialem
3321 4515 3662 4578 existimant,

401 4623 566 4680 τοῦτο
585 4623 856 4694 δέχονται,
901 4623 1023 4676 οὐδὲ
1066 4622 1160 4674 τον
1197 4621 1328 4674 Τίδν
1355 4617 1644 4690 ὁμοούσιον
1685 4616 1766 4688 τῷ
1807 4617 1983 4688 Πατρὶ

403 4715 714 4783 δοξάζουσι,
739 4716 834 4770 καὶ
880 4715 980 4786 τῆς
1030 4711 1312 4784 βασιλείας
1359 4708 1838 4780 ἁποψηφιοῦνται,
1886 4709 1983 4763 καὶ

405 4809 729 4880 ἀλλοτρίους
759 4807 969 4875 ταύτης
1016 4823 1075 4858 τε
1138 4804 1234 4858 καὶ
1273 4803 1376 4875 τῆς
1408 4801 1532 4856 καθ’
1563 4803 1712 4872 ἡμᾶς
1752 4800 1990 4864 πίστεως

406 4903 639 4964 ἑαυτοὺς
667 4900 855 4971 σαφῶς
881 4898 1250 4964 ἀποδείξουσι.

483 4990 581 5045 κε’.
609 4991 836 5054 Τούτοις
852 4991 967 5052 τοῖς
1013 4986 1293 5056 θεοσόφοις
1331 4986 1580 5058 Πατράσι
1611 4985 1706 5039 καὶ
1739 4984 1768 5037 ὁ
1818 4983 1984 5047 πολὺς

415 5084 482 5138 τὰ
515 5085 636 5138 θεῖα
660 5084 756 5136 καὶ
779 5080 1096 5152 θεοφάντωρ
1118 5078 1392 5142 Διονύσιος
1432 5076 1640 5148 συνῳδὰ
1699 5074 1976 5147 φραζέτω.

414 5197 438 5230 ι
481 5177 601 5230 Ὀτι
628 5174 884 5245 καθάπερ
903 5173 994 5226 ἐπὶ
1018 5171 1130 5226 τῶν
1149 5170 1430 5244 αἰσθητῶν
1453 5169 1700 5232 εἰκόνων,
1737 5169 1786 5219 εί
1839 5167 1975 5236 προς

420 5269 476 5324 c5
505 5269 815 5338 ἀρχέτυπον
839 5261 980 5328 εἶδος
1012 5262 1249 5325 άκλινῶς
1267 5262 1294 5314 ὁ
1319 5261 1567 5334 γραφεὺς
1600 5259 1809 5329 εἰσορᾷ,
1843 5259 1982 5328 πρὸς

487 5422 534 5455 ⁸⁷
562 5419 722 5476 Joan.
751 5436 863 5487 xiv,
894 5419 950 5476 9.
1023 5421 1071 5454 ⁸⁸
1092 5419 1251 5475 Joan.
1289 5435 1344 5484 κ,
1372 5419 1443 5474 ’50

493 5577 606 5647 (52)
648 5577 842 5647 Exstat
861 5574 969 5647 _l_tic
1008 5574 1352 5647 adamussinr
1373 5570 1559 5647 Cyrilli
1583 5577 1736 5626 locus
1769 5571 1822 5626 in
1857 5570 1987 5626 Tlte-

429 5643 756 5716 tairo'ejns,
790 5657 829 5700 ι.
861 5643 926 5716 V,
961 5652 1102 5716 part.
1145 5657 1182 5708 t,
1209 5657 1262 5716 ρ.
1295 5643 1417 5716 ill.

500 5717 610 5785 (33)
645 5712 974 5794 'DiOnysius,
1019 5713 1092 5770 De
1134 5712 1258 5772 ccci.
1301 5714 1432 5769 hier.
1494 5729 1611 5786 cap.
1657 5713 1714 5782 ό,
1759 5730 1804 5769 ιι
1963 5725 1983 5766 t

2089 4620 2246 4688 eique
2279 4631 2499 4686 regnum
2530 4615 2710 4685 potius
2763 4613 3096 4680 abiudicant.
3139 4624 3306 4680 seque
3355 4607 3561 4664 alienos
3593 4607 3666 4661 ab

2093 4711 2198 4766 hac
2225 4719 2406 4764 nostra
2439 4707 2545 4762 ﬁde
2577 4715 2766 4778 aperte
2800 4705 3199 4760 demonstrant.

2163 4985 2254 5040 25.
2296 4983 2394 5039 llis
2427 4981 2745 5054 theosopltis
2779 4979 3050 5046 Patribus,
3076 4979 3167 5035 ille
3195 4979 3361 5035 etiam
3398 4977 3452 5034 in
3483 4976 3664 5038 divina

2095 5077 2360 5146 plurimus
2409 5073 2638 5129 scientia
2682 5081 2738 5128 et
2797 5071 3105 5125 divinarum
3161 5084 3345 5124 rerum
3398 5065 3672 5122 revelator

2095 5165 2378 5236 Dionysius
2401 5177 2638 5218 consona
2669 5162 2812 5218 dicat
2835 5159 2984 5232 (55):
3013 5177 3033 5212 ι
3061 5158 3120 5215 Si
3151 5157 3317 5214 veluti
3339 5156 3392 5211 in
3417 5152 3674 5222 materia:

2091 5256 2234 5313 libus
2269 5253 2598 5324 imaginibus
2625 5253 2721 5321 lit,
2750 5253 2816 5307 ad
2842 5253 3194 5324 archetypam
3219 5246 3456 5318 speciem
3480 5243 3662 5314 pictor

2095 5569 2456 5647 tamenapud
2499 5569 2867 5642 Nicephorum
2905 5571 3146 5622 nostrum
3195 5559 3458 5632 lectione,
3504 5573 3672 5632 quam
