4032 6208
399 319 507 389 417

1103 327 1722 394 ANTIRRHETICUS
1758 329 1851 391 III
1888 315 2062 393 ADV.
2102 327 2692 390 CONSTANTINUM
2728 328 2940 389 COPR.

3541 335 3648 400 418

397 433 680 504 ᾀδόμενον·
711 431 796 485 Σὺ
832 430 1024 500 ιερεὺς
1041 435 1129 500 εις
1152 435 1256 488 τὸν
1281 430 1468 491 αιῶνα
1493 437 1644 492 κατὰ
1661 436 1776 506 τὴν
1803 436 1960 500 τάξιν

2083 437 2182 490 mis
2207 435 2421 490 canitur
2459 453 2475 490 :
2507 435 2584 488 Τιι
2609 453 2662 490 es
2713 437 2958 492 sacerdos
2991 437 3044 491 in
3079 446 3335 492 retentum
3363 446 3645 496 secundum

392 523 778 591 Μελχισεδέκ
808 539 822 552 ·
859 525 956 577 καὶ
989 525 1090 596 μὲν
1111 525 1176 596 δή
1209 529 1306 581 καὶ
1334 530 1366 598 ή
1393 527 1488 581 τοῦ
1524 528 1799 598 πανσόφου
1825 528 1971 584 Παύ-

391 612 491 668 λου
519 615 766 668 διδάσκει
801 617 976 687 φωνὴ,
1007 617 1092 670 ὅτι
1133 619 1603 689 Ἀφωμοιωμένος
1623 621 1705 686 τῷ
1737 619 1847 685 Υιῷ
1862 621 1969 674 τοῦ

393 705 571 769 Θεοῦ,
595 705 761 774 μένει
784 705 976 773 ίερεὺς
1015 709 1104 774 εις
1123 707 1189 762 τὸ
1212 708 1507 776 διηνεκές.
1561 705 1729 774 Οὗτος
1761 707 1857 765 οὖν
1901 713 1972 763 ls-

394 796 601 868 ρεῦων,
633 797 868 862 είκόνιζε
893 797 1029 852 Θεόν
1058 816 1071 830 ·
1107 799 1296 870 ἐπειδὴ
1330 801 1388 853 δὲ
1413 802 1463 854 oi
1507 800 1568 864 ἐξ
1607 801 1824 873 Ἰσραὴλ
1867 818 1971 855 κα-

387 885 643 954 ταηράσ
651 901 816 938 κοντα
829 885 1037 956 ἑώρων,
1055 887 1112 938 ἐν
1122 888 1328 952 αἰτίαις
1338 905 1397 942 τε
1413 890 1677 960 μεγάλαις
1688 890 1969 944 ἐποιοῦντο

397 975 522 1036 τοὺς
553 974 746 1037 παῖδας
767 977 891 1040 τοὺς
914 977 1106 1040 αὑτοῦ,
1129 971 1266 1049 ἧκον
1295 981 1440 1050 πρὸς
1455 980 1619 1034 αὐτὸν
1637 981 1849 1051 ἄνδρες,
1872 983 1967 1035 καὶ

390 1061 459 1132 δὴ
491 1063 586 1114 καὶ
605 1062 768 1132 ᾔτουν
803 1063 1029 1132 βασιλέα
1046 1069 1417 1136 καταστήσειν
1453 1068 1664 1134 αὐτοῖς,
1715 1069 1859 1123 καθὰ
1899 1071 1965 1141 δὴ

328 1109 342 1166 ¹
388 1109 667 1218 ,ιὶᾲζἆὲ
704 1109 882 1218 ελλὲις
921 1109 1860 1230 mines};"{{JoiIQJJJ'EoCZéZ
1899 1109 1967 1215 ἕξ

385 1239 487 1297 οὖν
516 1261 684 1314 φησιν
709 1247 744 1316 ή
769 1246 998 1319 Γραφής
1029 1250 1274 1321 Πονηρδν
1318 1252 1418 1321 μὲν
1459 1252 1561 1322 ήδη
1595 1252 1688 1306 καὶ
1716 1253 1867 1322 αὺτῷ
1887 1254 1968 1325 τῷ

389 1335 658 1404 προφήτῃ
683 1335 778 1387 καὶ
807 1335 929 1389 λίαν
965 1337 1192 1402 ἐνδίκως
1215 1339 1276 1392 τὸ
1328 1339 1650 1411 αἰτούμενον
1706 1344 1966 1410 κατεφαί-

387 1441 546 1478 νετο·
599 1425 672 1479 τὰ
705 1426 763 1480 δὲ
827 1426 922 1480 τοῦ
963 1429 1111 1482 θείου
1161 1431 1412 1502 χρησμοῦ
1465 1433 1590 1486 τίνα
1633 1433 1726 1487 καὶ
1770 1436 1961 1500 ὁποῖα;

389 1516 739 1581 Ἄκουσον,
795 1518 961 1588 φησὶν
1015 1519 1046 1570 ὁ
1097 1519 1205 1572 τῶν
1253 1521 1390 1574 ὅλων
1423 1523 1589 1588 θεὸς,
1621 1519 1712 1577 οἷα
1753 1524 1818 1596 δὴ
1867 1543 1967 1596 χα-

382 1608 668 1665 λεπαίνων
691 1614 788 1666 καὶ
824 1613 1222 1686 ὀργιζόμενος,
1269 1614 1380 1684 τῆς
1420 1613 1624 1684 φωνῆς
1659 1615 1765 1671 τοῦ
1809 1617 1965 1672 λαοῦ

384 1703 544 1755 καθὰ
563 1701 644 1756 ἂν
676 1703 912 1759 λαλῶσι
940 1707 1092 1776 πρὸς
1136 1707 1231 1772 σε,
1275 1705 1363 1762 ὅτι
1399 1709 1470 1761 οὐ
1520 1706 1596 1762 σὲ
1649 1707 1964 1776 ἐξουθενή-

2073 525 2306 578 ordinem
2335 522 2676 578 Melchisedec
2707 525 2751 558 δ’
2784 542 2800 589 ;
2835 539 2934 579 nec
2961 542 3062 580 non
3087 525 3470 596 sapientissimi
3497 525 3647 582 Pauli

2070 629 2212 668 vox:
2246 615 2581 667 Assimilutus
2617 612 2766 668 Filio
2805 614 2922 680 Dei,
2957 628 3129 668 manet
3159 619 3407 670 sacerdos
3439 619 3494 672 in
3523 636 3644 687 per-

2069 714 2280 770 petuum
2303 703 2372 757 '°.
2409 700 2627 757 Samuel
2665 705 2846 774 itaque
2891 707 3200 760 sacerdotio
3244 706 3474 778 fungens
3496 708 3644 772 ,ρυεί

2070 795 2360 864 imaginem
2395 809 2504 862 prae
2533 809 2592 848 se
2623 796 2852 849 ferebat.
2889 795 2998 851 Sed
3029 814 3150 852 cum
3201 799 3454 854 Israelita:
3503 801 3645 855 hunc

2071 887 2223 938 senio
2265 897 2508 953 pressum
2561 884 2842 951 viderent,
2880 888 3137 954 gravibus
3181 899 3360 942 autem
3407 891 3668 959 querelis

2068 975 2332 1028 adversus
2378 975 2496 1043 ejus
2541 976 2742 1028 liberos
2783 977 3232 1044 expostularent,
3271 988 3533 1034 venerunt
3577 981 3642 1032 ad

2068 1080 2191 1118 eum
2226 1064 2458 1132 majores
2486 1075 2612 1117 natu
2643 1103 2658 1128 ,
2693 1076 2942 1134 petentes
2970 1077 3022 1120 ut
3061 1084 3239 1137 regem
3270 1070 3398 1137 ipsis
3439 1069 3643 1124 consti-

2070 1167 2263 1220 tueret,
2302 1155 2450 1210 sicut
2479 1157 2604 1210 aliis
2645 1157 2696 1209 in
2733 1157 2984 1226 gentibus
3017 1160 3301 1212 usuvenire
3325 1164 3640 1215 cernebant.
3669 1215 3678 1222 ,

2067 1249 2204 1314 Quid
2245 1263 2373 1318 ergo
2413 1249 2488 1301 ait
2534 1249 2863 1318 Scriptura?
2889 1248 3198 1318 improbum
3234 1251 3336 1306 hoc
3381 1254 3478 1322 ipsi
3511 1269 3640 1321 pro-

2067 1341 2239 1407 phetae
2263 1339 2384 1408 jure
2415 1340 2718 1408 meritoque
2771 1340 3098 1409 postulatum
3133 1342 3306 1396 visum
3341 1356 3446 1399 est.
3500 1343 3640 1398 Ora-

2067 1429 2244 1482 culum
2273 1445 2398 1483 vero
2429 1430 2519 1484 Dei
2548 1430 2705 1498 quale
2727 1429 2750 1482 ?
2769 1432 2930 1497 Audi,
2957 1431 3132 1498 inquit
3154 1434 3475 1488 universalis
3499 1435 3638 1490 Deus

2065 1535 2207 1590 a‘gre
2236 1520 2415 1574 ferens
2460 1531 2620 1588 atque
2667 1523 2873 1587 iratus,
2917 1537 3094 1575 vocem
3122 1525 3304 1588 pepuli
3349 1525 3508 1593 Imjus
3555 1541 3639 1579 se-

2065 1611 2290 1664 cundum
2318 1610 2456 1678 quod
2482 1611 2577 1662 tibi
2604 1608 2918 1679 loquuntur;
2945 1613 3071 1680 quia
3103 1629 3202 1664 non
3238 1623 3285 1666 te
3309 1625 3634 1683 spreverunt,

2065 1701 2154 1754 sed
2176 1715 2256 1753 me
2280 1701 2346 1753 ⁵¹.
2379 1700 2736 1777 Apertissime
2769 1702 2933 1770 igitur
2961 1711 3015 1756 et
3056 1703 3182 1758 hinc
3209 1705 3636 1773 demonstratur,

382 1814 595 1864 atamr,
636 1801 773 1856 ἀλλ’
801 1800 839 1870 ἦ
871 1802 995 1870 ἐμέ.
1020 1801 1383 1875 Φανερώτατα
1428 1797 1526 1859 οὖν
1567 1806 1664 1858 καὶ
1711 1804 1960 1859 ἐντεῦθεν

2066 1791 2361 1860 prophetae,
2393 1804 2492 1844 ceu
2542 1791 2620 1846 rei
2650 1791 2759 1846 Deo
2786 1793 2978 1846 oblata:
3003 1832 3018 1858 ,
3050 1810 3115 1847 ae
3145 1795 3400 1850 deitatem
3441 1812 3637 1866 repra-

383 1889 690 1955 δεεκνυται,
719 1891 798 1956 ὡς
825 1894 858 1964 ή
892 1895 973 1957 είς
995 1893 1090 1948 τὸν
1137 1896 1425 1967 προφήτην
1453 1897 1820 1968 ὲξουθένησις,
1865 1894 1962 1950 ᾶτε

384 1981 535 2034 θεῖον
573 1983 836 2054 ἀνάθημα
895 1984 993 2039 καὶ
1041 1985 1112 2040 τὰ
1157 1986 1279 2040 θεῖα
1330 1986 1750 2054 ὲξεικονίζοντα,
1803 1987 1879 2053 ὡς
1905 1986 1965 2054 ἐξ

385 2075 598 2136 εἰκόνος
621 2075 716 2127 ἐπὶ
742 2074 835 2128 τὸν
855 2073 990 2128 Θεὸν
1019 2077 1095 2136 ὡς
1123 2078 1204 2142 είς
1239 2078 1547 2147 ἀρχέτυπον
1591 2078 1918 2149 διαϐέϐηκεν
1944 2095 1960 2108 ·

383 2160 564 2226 οὕτως
591 2178 656 2231 γε
687 2164 797 2234 μὴν
819 2164 914 2218 καὶ
935 2163 1160 2218 ἐπὶτῶν
1175 2164 1238 2219 εὖ
1253 2167 1556 2238 γινομένων
1577 2168 1920 2240 γινώσκομεν
1943 2185 1958 2202 ο

385 2255 664 2326 ἀκούομεν
697 2255 808 2327 γὰρ
832 2257 890 2311 ὲν
917 2257 1274 2326 Εὑαγγελίοις
1304 2259 1396 2314 τὸν
1428 2259 1656 2330 Σωτῆρα
1672 2259 1806 2314 Θεὸν
1828 2261 1962 2330 πρὸς

385 2348 518 2412 τοὺς
554 2347 882 2412 θεσπεσίους
902 2349 1342 2420 ἀποφαινόμενον
1362 2349 1615 2420 μαθητάς
1643 2367 1658 2381 ·
1697 2350 1760 2405 '0
1785 2349 1960 2421 δεχό-

377 2456 573 2510 μενος
605 2439 780 2510 ὑμᾶς,
807 2439 913 2512 ἐμὲ
936 2440 1171 2511 δέχεται
1197 2459 1213 2476 ·
1249 2442 1392 2496 κατὰ
1418 2441 1597 2496 ταῦτα
1639 2442 1704 2514 δὴ
1745 2439 1861 2507 οὖν,
1891 2443 1961 2498 τὰ

383 2534 471 2594 είς
509 2533 614 2602 τήν
660 2531 994 2604 Ἐκκλησίαν
1043 2521 1286 2604 Χριστοῦ
1332 2533 1668 2607 ἀδικήματα,
1717 2535 1824 2588 τῶν
1899 2553 1960 2589 τε

387 2622 722 2695 ἱεροτυπιῶν
752 2624 936 2696 χάριν,
981 2625 1078 2679 καὶ
1102 2626 1168 2698 δή
1225 2627 1321 2680 καὶ
1359 2628 1469 2680 τῶν
1522 2627 1962 2697 ἀνατεθειμὲνων

385 2715 489 2767 καὶ
517 2715 835 2784 ίερωμὲνων
865 2717 1016 2787 αὺτῷ
1049 2718 1340 2786 σωμάτων.
1393 2721 1473 2782 είς
1503 2719 1670 2773 αὑτὸν
1699 2719 1792 2773 τὸν
1825 2721 1959 2790 Χρι-

385 2803 518 2858 στὸν
555 2806 970 2876 μετενήνεκται.
1006 2807 1072 2860 Τί
1105 2804 1232 2872 οὖν;
1267 2809 1328 2860 οὺ
1351 2807 1672 2878 χαλεπαίνει
1702 2811 1800 2862 καὶ
1833 2811 1963 2878 ἀγα-

381 2898 584 2949 νακτεῖ
608 2899 668 2949 ἑν
689 2895 902 2961 τούτοις
918 2897 1083 2965 Θεός;
1125 2899 1276 2952 Πάνυ
1301 2899 1404 2968 μὲν
1423 2892 1518 2952 οὗν
1545 2916 1559 2929 ’
1593 2899 1961 2954 ἀναϐάλλεται

381 2988 445 3044 δὲ
469 2988 573 3060 τὴν
605 2987 798 3059 ὀργὴν,
825 2988 1016 3060 ὥσπερ
1039 2990 1136 3043 ἐπὶ
1164 2991 1276 3054 τοῖς
1309 2989 1500 3052 πάλαι,
1545 2988 1691 3043 οὕτω
1745 2989 1830 3062 δή.
1867 2989 1962 3044 καὶ

382 3079 484 3132 ἐπὶ
503 3081 619 3143 τοῖς
646 3079 742 3133 νῦν
765 3079 1072 3150 ὑϐρισταῖς,
1091 3079 1194 3136 κᾶν
1217 3081 1374 3134 αὐτοὶ
1400 3081 1499 3151 τῆς
1516 3081 1727 3152 ἁφάτου
1751 3097 1961 3152 μακρο-
1986 3104 2032 3164 C

384 3171 594 3241 θυμίας
620 3171 1008 3243 καταφρονῶσι
1030 3173 1123 3226 καὶ
1149 3173 1491 3244 ἀγαθότητος
1517 3190 1532 3205 ·
1562 3176 1740 3228 ἐκεῖνο
1763 3173 1821 3225 δὲ
1841 3173 1960 3235 πῶς

381 3263 450 3315 οὐ
481 3263 732 3316 συνιᾶσιν
749 3265 798 3316 οἱ
822 3263 1038 3336 ἀνόητοι
1063 3302 1080 3330 ,
1105 3265 1240 3335 ὅπερ
1281 3266 1364 3328 είς
1396 3265 1620 3336 ἔλεγχον
1649 3263 1749 3335 τῆς
1779 3280 1962 3332 παρα-

383 3353 544 3418 νοίας
580 3353 762 3408 αὐτῶν
781 3355 1100 3423 πρόκειται;
1135 3358 1305 3428 ἐχρῆν
1353 3357 1464 3428 γὰρ
1513 3358 1709 3420 αὐτοὺς
1748 3355 1961 3410 ἐκεῖθεν

382 3445 852 3517 χειραγωγεῖσθαι
879 3447 973 3500 ἐπὶ
991 3447 1091 3518 τήν
1115 3447 1218 3517 τῆς
1251 3448 1510 3517 ἀληθείας
1540 3446 1863 3516 κατάληψιν.

459 3541 568 3606 κη’.
600 3536 666 3588 Τί
690 3537 736 3588 δ’
764 3533 860 3591 οὖν
886 3539 1034 3591 ἐστιν
1063 3539 1292 3609 ρητέον;
1327 3539 1390 3592 Et
1423 3538 1499 3609 μὴ
1531 3537 1730 3608 ᾔδεσαν
1783 3537 1959 3591 ταῦτα

380 3624 562 3690 οὕτως
592 3625 740 3696 ἔχειν
761 3627 1101 3698 Χριστιανοὶ,
1137 3628 1253 3692 πῶς
1296 3628 1356 3681 τὸ
1388 3627 1654 3682 ἀνέκαθεν
1699 3627 1768 3680 τὰ
1825 3627 1958 3696 παρ’
1989 3640 1994 3645 ·

384 3719 617 3790 Ἕλλησι
647 3719 784 3788 πρὸς
807 3717 1086 3790 σεϐασμὸν
1111 3719 1207 3772 καὶ
1239 3717 1537 3788 θρησκείαν
1581 3715 1959 3786 γνωριζόμενά

380 3829 445 3866 τε
481 3813 579 3865 καὶ
605 3811 1026 3880 τεκταινόμενα,
1055 3809 1322 3880 βδελυκτὰ
1353 3808 1588 3879 ήγοῦντο
1639 3809 1736 3862 καὶ
1789 3809 1960 3862 κατά-

383 3919 636 3968 πτυστα;
665 3899 899 3973 {post
922 3900 1072 3972 θείῳ,
1107 3902 1203 3955 καὶ
1241 3900 1448 3972 σπουδῇ
1479 3901 1628 3972 πάσῃ
1659 3897 1954 3970 χρώμενοι,

384 3993 668 4065 καθῄρουν
717 4009 775 4046 τε
831 3991 1100 4056 εὐσθενῶς
1154 3993 1220 4046 ὲκ
1255 3991 1471 4062 βάθρων
1511 3991 1691 4045 αὐτῶν
1741 3992 1836 4044 καὶ
1875 3989 1944 4043 διο

385 4083 664 4154 ἔφθειρον,
685 4083 820 4152 πυρί
837 4099 897 4135 τε
915 4082 1293 4153 παρεδίδοσαν,
1313 4081 1408 4134 καὶ
1433 4081 1608 4140 ἄλλως
1629 4079 1718 4134 τὸν
1735 4079 1955 4151 ὄλεθρον

385 4175 572 4228 αὐτῶν
619 4171 976 4247 ἐργαζόμενοι
1015 4169 1178 4246 ἦσαν.
1211 4173 1368 4236 Τίνος
1417 4169 1510 4226 οὖν
1547 4171 1732 4226 ἕνεκεν
1779 4170 1956 4226 ταῦτα

385 4267 689 4338 {spectata
725 4265 760 4337 ἢ
803 4265 949 4336 οὐχὶ.
975 4266 1123 4336 μίσει
1154 4263 1250 4318 καὶ
1307 4261 1572 4335 ἀπεχθείᾳ
1605 4261 1716 4318 τῶν
1748 4261 1816 4316 δι’
1859 4261 1955 4326 οὒς

381 4359 573 4410 ὲκεῖνα
599 4356 894 4426 γεγόνασι;
931 4355 1043 4408 Καὶ
1073 4353 1180 4423 γὰρ
1207 4351 1468 4422 Ἕλληνες
1517 4353 1613 4404 καὶ
1643 4347 1950 4420 ἀνθρώπων

2065 1885 2352 1950 sentantis,
2377 1897 2628 1952 tanquam
2651 1899 2715 1940 ex
2742 1885 2977 1955 imagine
3001 1889 3066 1942 ad
3094 1887 3258 1942 De.qu
3279 1890 3635 1959 archetypum

2066 1972 2329 2027 transisse
2377 1984 2767 2044 centeutptum.
2827 1976 2942 2032 line
2989 1980 3152 2032 etiam
3207 1981 3262 2034 in
3309 1980 3446 2036 bene
3478 1982 3637 2036 fat-tis

2063 2065 2426 2136 agnoscimus.
2455 2067 2722 2122 Audimus
2773 2070 2915 2122 enim
2950 2069 3001 2123 in
3033 2070 3342 2140 Evangeliis
3381 2073 3636 2125 Servato-

2065 2172 2178 2212 rem
2237 2156 2403 2210 Deum
2459 2161 2788 2213 venerandis
2841 2161 3122 2228 discipulis
3158 2161 3570 2216 denuntiantem
3613 2178 3631 2219 :

2065 2249 2168 2314 Qui
2199 2249 2380 2315 recipit
2408 2265 2515 2312 vos,
2545 2265 2625 2301 me
2647 2252 2824 2317 recipit
2845 2252 2912 2303 ⁸⁸.
2944 2250 3062 2304 Pari
3096 2252 3274 2312 modo,
3302 2269 3420 2322 qua»
3447 2254 3635 2308 adver-

2063 2355 2156 2394 sus
2190 2339 2280 2394 Dei
2315 2340 2614 2394 Ecclesium
2647 2353 2962 2410 peccantur,
3013 2351 3234 2411 propter
3263 2360 3448 2398 sacras
3499 2344 3634 2399 ima-

2063 2431 2236 2501 gines,
2270 2443 2322 2484 et
2347 2441 2571 2500 propter
2599 2431 2777 2485 oblata
2805 2431 2915 2484 Deo
2941 2441 2997 2487 et
3020 2446 3336 2488 consecrata
3373 2450 3628 2504 corpora,

2064 2524 2131 2576 ad
2187 2524 2360 2591 ipsum
2413 2525 2693 2578 Christum
2743 2525 3054 2578 deveniunt.
3109 2526 3246 2591 Quid
3303 2525 3471 2595 ergo?
3517 2525 3632 2580 Non

2062 2624 2413 2683 exasperatur
2445 2617 2864 2685 indignaturque
2894 2617 2960 2666 ad
3001 2617 3115 2670 haec
3152 2615 3332 2671 Dens?
3379 2618 3443 2671 Et
3465 2618 3632 2672 vehe-

2064 2718 2276 2760 menter
2298 2707 2545 2776 quidem;
2568 2709 2658 2760 sed
2683 2707 2818 2760 iram
2844 2705 3046 2768 ditl'ert,
3075 2709 3223 2762 velut
3243 2723 3369 2777 erga
3399 2719 3628 2771 veteres,

2063 2798 2138 2852 ita
2191 2801 2353 2852 etiam
2405 2816 2530 2869 erga
2569 2801 2859 2853 hodiernos
2900 2797 3236 2866 olIettsores;
3287 2803 3534 2869 quamvis
3573 2803 3628 2856 hi

2064 2889 2391 2944 ineffabilem
2442 2891 2586 2946 illius
2641 2890 3114 2960 longanimitatem
3167 2902 3523 2947 contemnunt
3568 2906 3634 2947 ac

2064 2981 2380 3036 bonitatem.
2413 2983 2544 3037 Illud
2571 2993 2750 3039 autem
2791 2986 3061 3054 quomodo
3104 3001 3211 3040 non
3247 2985 3550 3058 intelligunt
3575 2985 3630 3040 hi

2063 3083 2334 3137 amentes,
2359 3078 2503 3142 quod
2529 3076 2596 3128 ad
2623 3078 3098 3145 reprehensionem
3127 3079 3360 3132 vesanite
3390 3078 3630 3148 ipsorum

2064 3179 2226 3232 supra
2259 3166 2463 3218 dictum
2511 3163 2660 3218 fuit?
2692 3166 2985 3234 Oporteret
3032 3170 3180 3222 eitint
3226 3169 3371 3236 ipsos
3421 3168 3629 3222 monito

2067 3254 2166 3307 hoc
2190 3254 2381 3308 deduci
2409 3257 2475 3308 ad
2503 3256 2754 3311 veritatis
2783 3259 3350 3326 comprehensionem.

2129 3531 2218 3586 28,
2262 3534 2398 3599 Quid
2423 3532 2588 3606 igitur
2609 3533 2891 3588 dicendum
2915 3535 3038 3590 est?
3064 3535 3176 3590 Nisi
3199 3536 3490 3592 scivissem
3517 3537 3632 3593 hare
3704 3609 3711 3616 ο

2061 3622 2132 3676 ita
2156 3638 2216 3677 se
2240 3624 2438 3680 habere
2475 3623 2809 3692 Christiani,
2835 3640 2932 3681 cur
2965 3626 3264 3696 antiquitus
3309 3628 3376 3680 ab
3397 3629 3629 3684 ethnicis

2059 3715 2318 3770 fabricata
2347 3727 2402 3770 et
2429 3718 2596 3772 cultui
2632 3733 2696 3772 ac
2735 3720 3068 3772 venerationi
3105 3724 3376 3790 preposita
3412 3720 3630 3776 simula-

2057 3823 2172 3870 cra,
2199 3809 2554 3862 abominanda
2575 3809 2896 3877 judicabant
2925 3821 2979 3866 et
3007 3812 3343 3882 despuenda?
3369 3813 3532 3867 Certe
3554 3813 3630 3866 di-

2058 3899 2184 3953 vino
2216 3899 2333 3954 zelo
2367 3902 2622 3970 omnique
2647 3911 2841 3954 conatu
2871 3913 3116 3969 utentes,
3151 3905 3528 3959 cenvellebant
3564 3921 3627 3960 ea

2057 3989 2308 4044 fortiter:
2331 3991 2688 4046 fundamentis
2707 4004 2758 4047 et
2775 3999 3210 4065 corrumpebant,
3229 3997 3332 4066 igni
3349 3998 3631 4052 tradebant

2055 4083 2284 4152 aliisque
2327 4085 2501 4138 modis
2539 4085 2766 4138 exitium
2805 4086 3017 4140 illorum
3068 4089 3452 4156 perpetrabant
3487 4088 3622 4157 ('56).

2055 4173 2164 4228 Cur
2187 4189 2315 4244 ergo
2345 4176 2457 4229 lucc
2489 4176 2760 4242 agebant?
2806 4192 2986 4231 nonne
3013 4179 3140 4231 odio
3182 4188 3235 4233 et
3262 4181 3313 4231 ιιι
3335 4180 3628 4234 testatione

2055 4266 2274 4319 deorum
2323 4280 2552 4333 quorum
2612 4281 2774 4319 causa
2833 4266 3126 4321 simulacra
3181 4279 3340 4322 erant
3389 4267 3627 4323 effecta?

2057 4351 2297 4421 Namque
2328 4352 2551 4417 ethnici,
2601 4352 2726 4406 dum
2769 4353 3050 4408 hominum
3083 4370 3302 4424 quoque
3333 4356 3625 4411 nonnullo-

382 4448 548 4501 τινῶν
579 4425 790 4510 είκδνας
817 4443 1110 4500 διατυποῦν
1133 4443 1404 4510 δόξαντες,
1436 4442 1538 4496 καθ
1549 4443 1768 4513 ίδρυσαν
1795 4443 1958 4512 ἀνοηο

2062 4459 2178 4496 rum
2209 4442 2470 4512 imagines
2499 4443 2731 4513 ﬁgurare
2761 4444 2986 4510 vellent,
3021 4445 3337 4500 dediearunt
3368 4461 3460 4499 eas
3491 4446 3627 4501 suil-

380 4537 589 4592 τότατα
613 4535 922 4605 θεοστυγῶν
941 4553 1103 4588 τινων
1134 4533 1228 4588 καὶ
1257 4533 1470 4604 μιαρῶν
1498 4531 1594 4585 καὶ
1615 4531 1704 4584 ἐπ’
1733 4530 1956 4602 αἰσχρό-

390 4646 508 4699 τητι
544 4627 916 4699 βεδοημένων,
947 4625 979 4698 ἢ
1013 4625 1109 4678 καὶ
1139 4623 1315 4686 ἄλλως
1363 4622 1611 4692 γενναῖόν
1650 4639 1704 4676 τι
1729 4622 1823 4675 καὶ
1861 4621 1955 4674 εὐ-

381 4721 574 4784 σθενὲς
620 4721 762 4775 κατὰ
804 4719 897 4773 τὸν
941 4719 1059 4790 βίον
1105 4707 1440 4788 διηνῧκότων
1471 4731 1485 4744 ο
1517 4713 1632 4767 ἔστι
1658 4713 1714 4766 δὲ
1750 4710 1826 4768 ὧν
1860 4715 1954 4769 καὶ⁵

374 4812 658 4870 δαιμόνων
709 4811 871 4865 τινῶν
902 4811 1034 4882 παρ’
1069 4811 1254 4872 αὐτοῖς
1305 4805 1788 4879 θεραπευομένων,
1820 4804 1856 4860 ἃ
1885 4807 1950 4879 δὴ

377 4905 478 4958 καὶ
495 4905 695 4960 εἴδωλα
714 4906 809 4958 καὶ
823 4902 1160 4975 φασματώδη
1184 4901 1479 4970 πλάσματα
1501 4898 1686 4952 καλεῖν
1709 4897 1950 4969 θεμιτὸν,

379 4997 479 5050 καὶ
508 4995 718 5068 πλάνης
745 4997 1048 5066 ἀνάμεστα.
1085 4994 1150 5048 Et
1172 4988 1266 5048 οὖν
1294 4989 1436 5044 οὕτω
1463 4988 1636 5042 ταῦτα
1665 4987 1800 5057 ἔχει,
1835 4989 1954 5054 πῶς

379 5088 442 5141 οὐ
470 5087 680 5141 δίκαιον
727 5087 796 5142 τὰ
827 5087 948 5142 καθ’
1005 5089 1156 5158 ἡμᾶς
1214 5087 1350 5155 ἅγια
1390 5085 1477 5139 διὰ
1532 5085 1702 5155 τιμῆς
1730 5083 1952 5154 ἁπάσης

451 5247 498 5279 ⁸⁸
528 5246 672 5302 Psal.
701 5261 811 5311 eis,
840 5247 894 5302 4.
969 5247 1018 5280 ⁸⁸
1044 5243 1206 5301 Hebr.
1237 5260 1333 5308 vn,
1357 5245 1411 5299 5.
1487 5245 1532 5276 "
1559 5244 1575 5298 l
1612 5243 1742 5310 Reg.
1779 5258 1898 5306 vui,
1923 5242 1977 5294 7.

341 5425 348 5433 -
451 5386 567 5456 (56)
595 5386 651 5440 Id
691 5390 854 5441 etiam
885 5401 912 5438 a
973 5384 1198 5439 Libanio
1241 5392 1495 5456 narratur
1535 5383 1593 5456 in,
1643 5380 1944 5456 fragmento

381 5451 603 5526 insigni,
637 5455 781 5524 quod
807 5471 907 5509 nos
938 5455 1239 5526 edidimus,
1261 5454 1626 5526 oratinnisab
1641 5466 1706 5504 eo
1729 5451 1946 5526 scriptze

380 5543 479 5596 pro
495 5522 721 5595 templis
741 5527 1009 5596 ethnicis;
1042 5539 1202 5593 quam
1231 5525 1283 5576 in
1321 5524 1486 5596 editis
1510 5523 1663 5575 libris
1700 5522 1942 5596 tutttilam

379 5591 633 5649 reiicitch
663 5603 786 5648 ante
831 5594 928 5647 hos
960 5591 1129 5647 annos
1179 5592 1546 5661 suppleﬂmus
1603 5607 1666 5643 ex
1705 5591 1944 5658 quinque

380 5667 664 5720 codicibus
698 5663 998 5726 Vaticanis,
1029 5677 1244 5732 unoque
1295 5661 1860 5732 insuperBarberino,
1889 5669 1944 5712 at

383 5736 554 5790 altero
583 5735 860 5799 Chisiauo,
885 5735 1078 5803 quibus
1105 5730 1168 5787 in
1203 5734 1476 5799 omnibus,
1515 5730 1565 5784 id
1593 5741 1674 5786 est
1709 5740 1941 5798 septem,

2063 4533 2272 4589 tissime
2309 4534 2640 4587 detestandis
2681 4533 3004 4602 quibusdam
3039 4545 3095 4589 et
3141 4535 3516 4590 abominandis
3561 4551 3628 4590 ac

2061 4625 2396 4695 turpitudine
2428 4625 2550 4679 vita:
2579 4625 2822 4690 (uitiosis,
2855 4625 2938 4680 vel
2973 4627 3040 4682 iis
3069 4636 3218 4682 certe
3264 4628 3357 4696 qui
3389 4643 3624 4698 genero—

2057 4733 2175 4773 sum
2216 4718 2433 4788 aliquod
2476 4734 2538 4773 ac
2583 4718 2716 4774 forte
2742 4719 2972 4784 facinus,
3015 4721 3125 4775 vita
3153 4723 3386 4784 comite,
3427 4720 3622 4775 edidis.

2054 4817 2198 4864 sent.
2228 4810 2393 4864 Erant
2421 4809 2597 4879 aliqua
2625 4810 2789 4864 etiam
2817 4811 2973 4882 103
3002 4811 3290 4866 simulacra
3317 4794 3623 4866 dastnnnnni

2055 4904 2413 4971 quorumdam
2484 4901 2553 4956 ab
2604 4903 2836 4958 ethnicis
2893 4905 3164 4958 cultorum
3219 4919 3340 4974 qua:
3387 4902 3524 4958 idola
3569 4911 3624 4958 et

2058 4992 2398 5061 phantastit-a
2446 4991 2696 5061 liginenta
2737 4994 2920 5049 dicere
2953 4995 3115 5060 licet,
3157 4996 3472 5066 iraudisque
3505 4993 3655 5064 pler

2056 5084 2281 5138 nissima
2310 5083 2444 5153 ('57).
2473 5083 2602 5149 Quae
2629 5100 2750 5138 cum
2799 5086 2874 5141 ita
2935 5089 3066 5155 sint,
3094 5089 3280 5158 quidni
3310 5089 3517 5158 justum
3551 5085 3624 5141 sit

2049 5241 2096 5274 ⁸⁸
2113 5239 2308 5295 Matth.
2337 5256 2390 5304 ι,
2414 5241 2502 5295 40.

2047 5379 2319 5502 integrum
2376 5379 2778 5453 illibatumque,
2801 5370 3014 5438 Libauii
3050 5383 3102 5437 id
3137 5383 3396 5449 scriptum
3427 5381 3620 5450 depre-

2067 5457 2350 5502 ιοηιιιηιηε.

2067 5457 2350 5503 tendimus.

2120 5517 2670 5590 (57)_Cantacuzenus
2698 5524 2762 5575 ad
2793 5523 2920 5590 Sap.
2969 5538 3079 5582 xw,
3117 5521 3200 5574 l3.
3243 5521 3365 5572 Ὀτι
3391 5519 3490 5590 μὲν
3517 5521 3618 5574 οὐκ

2044 5582 2136 5662 ἦν’
2165 5582 2260 5662 ἅττ’
2304 5591 2482 5661 ἀρχῆς
2534 5594 2566 5662 ἡ
2609 5593 2717 5644 τῶν
2758 5582 2992 5662 εἰιὶῶλων
3042 5590 3332 5662 θρησκεία,
3375 5582 3488 5662 τοῖς
3517 5591 3620 5654 τὰς

2047 5659 2292 5741 ἱστορίας
2345 5659 2593 5741 iiii-often},
2647 5663 2768 5741 ὅθεν
2829 5663 2861 5729 ή
2915 5659 3336 5741 εὕρεσιζαλῦτῶν
3390 5661 3614 5732 ήρξατο,

2043 5728 2368 5798 δεδήλωται·
2396 5731 2478 5784 ὅτι
2499 5733 2554 5784 δὲ
2581 5734 2678 5784 οὐκ
2705 5728 2858 5782 ἔσται
2887 5731 2962 5793 εἰς
2985 5728 3088 5783 τὸν
3111 5729 3306 5796 αἰῶνα,
3343 5728 3616 5804 προφητι·
