4032 6208
275 227 380 296 421

979 215 1611 280 ANTIRRHETICUS
1649 216 1744 278 III
1781 217 1952 280 ADV.
1992 213 2588 278 CONSTANTINUM
2624 211 2838 273 COPR.

3443 209 3562 275 lt?!

275 334 780 412 προοδιωρίσαντο,
798 327 1005 384 τούτων
1032 327 1212 400 μόνων
1237 327 1563 400 ὑφελόμενοι
1592 327 1692 398 τὴν
1711 343 1882 400 προσ-

1990 326 2393 384 constituissent
2429 339 2492 380 ac
2536 323 2885 385 dciinissent,
2930 333 3096 394 atque
3129 325 3212 380 his
3255 341 3558 377 rem-unm-

274 432 514 503 κύνησιν
535 444 548 458 ·
587 427 686 481 καὶ
713 424 770 479 τί
795 423 878 477 δεῖ
926 421 1110 491 λέγειν
1143 421 1560 492 προσκύνησιν;
1587 419 1725 491 μηδὲ
1776 435 1874 471 τυ-

1981 433 2105 472 nem
2161 417 2536 486 abrogasscnt.
2585 413 2723 482 Quid
2779 415 2902 470 dico
2946 417 3394 473 venerationem?
3446 417 3558 475 Nec

275 523 519 580 ποῦσθαι
548 520 613 573 es
653 516 920 588 παράπαν
946 515 1126 584 πάντη
1175 512 1271 566 καὶ
1305 511 1530 578 πάντως
1577 509 1872 564 summ

1990 509 2322 578 ﬁgurandum
2359 507 2578 576 quidem
2621 505 2730 560 ullo
2778 507 2941 562 modo
2977 505 3334 563 simulacrum
3371 508 3561 563 decre-

323 617 538 686 ίμημα.

281 634 615 763 μλῗῖμζλϊ
660 703 842 759 αὐτῶν
884 717 948 770 γε
971 697 1104 754 ἔνιοι
1129 696 1228 752 καὶ
1274 696 1460 760 οῐκους
1501 695 1684 766 ἱεροὺς
1739 693 1877 748 ἐδεί-

279 815 482 872 μαντο,
511 797 613 849 καὶ
639 793 764 864 ίερά
789 789 1052 860 κειμήλια
1079 785 1464 857 ὲτεκτὴναντο,
1489 786 1548 837 ὲν
1583 777 1685 872 οἷςᾲ
1701 783 1879 837 ταῦτα

277 869 653 948 ἑντυποῦντες
700 883 799 937 καὶ
829 879 1230 950 διαγράφοντες
1287 876 1620 946 φαίνονται·
1651 869 1728 930 ιῖιν
1782 876 1884 929 καὶ

275 979 458 1034 ὄντων
492 977 588 1031 καὶ
616 971 947 1044 γινομένων,
976 969 1070 1022 τδν
1091 968 1192 1039 τῆς
1217 966 1366 1038 ζωῆς
1409 965 1656 1037 βιοῦντες
1705 965 1878 1020 διετέ-

276 1071 412 1124 λουν
446 1068 669 1122 ἅπαντα
695 1062 888 1134 χρόνον
924 1076 938 1092 ο
980 1057 1084 1132 ἡδη
1130 1057 1189 1112 δὲ
1225 1057 1320 1110 καὶ
1351 1056 1500 1128 ὅροις
1549 1055 1647 1110 καὶ
1689 1054 1880 1108 κανόσι

280 1161 458 1226 θείοις
523 1151 969 1226 ἀναστηλοῦσθαι
1019 1149 1090 1204 τά
1131 1147 1372 1220 Χριστοῦ
1420 1147 1734 1210 ὲτύπωσαν,
1785 1145 1884 1200 καὶ

283 1253 496 1326 μᾶλλον
517 1249 598 1322 τῷ
619 1243 955 1319 ἀνθρωπείῳ
972 1243 1128 1309 εῐδει,
1145 1241 1256 1312 ὅσῳ
1267 1240 1364 1294 καὶ
1377 1242 1445 1312 τῇ
1459 1239 1695 1310 ἀληθείᾳ
1713 1253 1880 1310 προσ-

281 1347 594 1420 ῳκείωται,
619 1343 655 1414 ἢ
689 1341 769 1413 τῷ
801 1338 898 1394 τοῦ
927 1337 1128 1410 ἀμνοῦ,
1181 1337 1233 1390 οἱ
1266 1334 1656 1408 ἀρχαιότεροι,
1685 1333 1738 1388 οἱ
1779 1332 1880 1405 τὴν

287 1439 448 1511 ἱερὰν
509 1437 607 1491 καί
663 1435 830 1502 ἁγίαν
880 1430 1051 1502 ἕκτην
1096 1427 1608 1500 συγκεκροτηκότες
1660 1423 1880 1479 σύνοδον

283 1530 546 1598 θεόσοφοι
578 1525 824 1596 πατέρες
871 1522 1275 1576 διδασκέτωσαν
1297 1537 1313 1552 ο
1345 1519 1442 1584 οὓς
1473 1517 1682 1582 πάντας
1735 1533 1882 1588 παρ-

281 1621 532 1694 ορῶντες
548 1619 598 1672 οί
619 1616 849 1682 ἀνόσιοι,
875 1613 968 1667 ἐπὶ
1000 1613 1096 1668 τὸν
1117 1612 1422 1686 κορυφαῖον
1443 1611 1546 1682 τῆς
1573 1609 1764 1673 ἀθεῖας
1789 1610 1880 1662 τὸν

1980 598 2211 652 vissent.

2057 683 2216 760 104
2255 688 2345 743 30.
2377 687 2539 756 Atqui
2578 702 2770 754 secus,
2800 687 2994 742 horum
3022 687 3188 758 aliqui
3217 703 3404 744 sacras
3425 703 3562 760 quo-

1980 795 2088 852 que
2113 781 2258 836 tedes
2289 789 2634 843 struxerunt,
2667 789 2724 834 et
2754 795 2912 834 sacra
2947 779 3163 835 cimelia
3190 779 3562 842 elaborarunt,
3603 831 3606 834 .

1980 873 2039 928 in
2066 871 2268 942 quibus
2301 869 2397 924 bas
2429 869 2698 939 imagines
2725 869 2794 924 ab
2832 869 2914 924 eis
2947 869 3244 938 impressas
3276 869 3357 924 vel
3391 869 3566 939 pi...“

1980 971 2220 1018 constat.
2252 959 2384 1028 Quae
2411 961 2538 1015 dum
2571 968 2849 1016 exstarent
2887 970 2944 1016 et
2979 962 3032 1016 in
3065 961 3183 1016 dies
3213 962 3424 1028 ﬁerent,
3463 963 3564 1030 ipsi

1983 1061 2156 1109 totum
2184 1053 2538 1108 absolverunt
2564 1053 2694 1108 vitae
2734 1067 2981 1108 cursum.
3007 1051 3237 1124 Jamque
3275 1055 3438 1108 etiam
3470 1053 3566 1106 de-

1958 1145 2328 1201 .ﬁttitionibus
2379 1145 2692 1214 divinisque
2745 1145 3048 1202 canonibus
3098 1145 3326 1216 proponi
3361 1143 3565 1200 Christi

1981 1236 2279 1307 imaginem
2318 1237 2557 1310 typicam
2589 1246 2957 1306 censuerunt;
2989 1246 3045 1292 et
3073 1239 3312 1293 humana
3347 1239 3566 1309 quidem

1981 1327 2168 1397 potius
2221 1329 2432 1394 forma,
2489 1343 2589 1383 ceu
2641 1329 2859 1384 veritati
2905 1330 3362 1400 cougrueutiore,
3403 1345 3568 1398 quam

1985 1419 2146 1490 agni,
2188 1419 2328 1486 ﬁeri,
2359 1418 2526 1489 prisci
2561 1419 2636 1473 illi
2661 1420 2752 1489 qui
2781 1435 2996 1475 sacram
3035 1429 3391 1492 sanctamque
3411 1437 3570 1496 syno-

1983 1509 2112 1564 dum
2133 1517 2346 1564 sextam
2372 1509 2724 1564 celebrarunt
2753 1524 2782 1562 a
2812 1510 2922 1565 Deo
2948 1509 3201 1582 inspirati
3226 1511 3438 1582 Patres,
3469 1528 3573 1568 nos

1985 1599 2260 1654 docebunt
2290 1598 2426 1671 (40).
2463 1598 2611 1666 Quos
2639 1610 2870 1656 cunctos
2895 1600 3188 1670 irreligiosi
3213 1600 3269 1656 hi
3295 1603 3570 1674 neglectui

281 1689 536 1782 δυσσεϐῆ
553 1708 816 1762 Εὐσέϐιον
833 1705 1205 1777 ἀποτρέχουσι
1225 1707 1322 1758 καὶ
1341 1703 1434 1768 οὒς
1457 1701 1880 1774 παρεπλάσαντο

1990 1689 2287 1756 habentes,
2343 1691 2411 1745 ad
2469 1691 2813 1762 coryphaeum
2867 1691 3289 1764 irreligiositatis
3343 1695 3570 1762 impium

282 1803 572 1874 Πατέρας,
601 1801 722 1865 ταῖς
756 1797 989 1862 οἰκείαις
1011 1795 1228 1869 ὀρέξεσι
1243 1795 1349 1868 τῆς
1373 1793 1630 1858 ἀσεϐείας
1654 1792 1876 1848 ἐκκαιό-

287 1911 476 1967 μενοι,
506 1891 573 1946 ἔκ
600 1907 662 1944 τε
698 1889 798 1960 τῆς
827 1886 1155 1959 Μανιχαίων
1197 1886 1294 1941 καὶ
1351 1884 1654 1958 Ἀρειανῶν
1697 1881 1878 1956 λύμης

284 1985 691 2061 ἐρανισάμενοι
721 1982 1012 2053 φάσματα,
1052 1977 1380 2034 καὶτούτων
1424 1977 1569 2050 μέρη
1617 1975 1740 2030 τινὰ
1781 1973 1878 2028 καὶ

285 2080 566 2151 τμήματα
599 2074 787 2145 πάσης
835 2069 1124 2144 βδελυρίας
1177 2067 1275 2123 καὶ
1339 2066 1689 2138 ἀκαθαρσίας
1743 2065 1876 2120 άνά-

291 2187 498 2244 μεστα,
520 2169 715 2240 πόρρω
733 2183 839 2220 που
869 2163 964 2218 τοῦ
985 2161 1086 2234 τῆς
1117 2160 1446 2233 Ἐκκλησίας
1466 2159 1628 2230 χοροῦ
1659 2159 1754 2213 καὶ
1778 2157 1879 2228 τῆς

288 2264 448 2326 θείας
507 2262 574 2314 ὲκ
619 2258 887 2313 πλειόνων
941 2256 1154 2328 χρόνων
1202 2251 1652 2324 ἀπεληλαμένους
1696 2249 1875 2320 δόξης,

286 2354 390 2418 οῦς
428 2353 526 2406 καὶ
568 2351 630 2405 τὸ
662 2347 1096 2420 ’ἀπερίγραπτον
1131 2345 1226 2400 επὶ
1261 2343 1524 2416 Χριστοῦ,
1559 2341 1752 2414 ὥσπερ
1783 2341 1881 2396 καὶ

287 2446 358 2500 τὸ
385 2443 672 2516 ἀλλότριον
695 2441 794 2496 καὶ
834 2439 1178 2512 ὲτεροούσιον
1207 2437 1309 2510 τῆς
1355 2436 1451 2492 τοῦ
1487 2434 1882 2507 γεγεννηκότος

287 2534 492 2596 οὐσίας
530 2531 892 2604 φρονοῦντας,
926 2532 984 2586 al.
1039 2530 1187 2604 ἱεραὶ
1237 2528 1448 2585 σύνοδοι
1499 2526 1878 2598 ἀπεκήρυξαν,

291 2626 555 2697 φρικτοῖς
607 2621 918 2695 ἀναθέμασι
959 2621 1420 2688 καταζεύξαντι-ις.
1469 2621 1594 2674 Ἔτι
1639 2619 1696 2672 δὲ
1743 2617 1882 2688 πρὸς

289 2721 413 2780 τοῖς
441 2717 784 2790 εἰρημένοις,
813 2715 905 2770 τὸν
939 2715 1266 2788 ἱεροφάντην
1292 2711 1565 2787 Κύριλλον
1616 2709 1714 2765 τοῦ
1755 2707 1882 2764 καθ’

289 2811 452 2882 ἡμᾶς
483 2809 648 2876 λόγου
681 2808 778 2861 καὶ
826 2807 930 2876 τῆς
959 2806 1225 2878 ἀληθείας
1263 2805 1588 2878 ὑπέρμαχον
1639 2818 1884 2875 προστη-

294 2904 558 2972 σάμενοι,
589 2901 788 2972 ίδωμεν
821 2899 927 2954 ποῦ
952 2915 1084 2953 ποτε
1117 2899 1230 2972 ἄρα
1263 2901 1293 2952 ὁ
1316 2898 1417 2970 τῆς
1449 2897 1656 2960 είκόνος
1699 2896 1886 2957 αὐτοῖς

1985 1780 2276 1837 Eusebium
2311 1781 2654 1853 confugiunt,
2699 1793 2758 1838 et
2787 1783 2924 1838 alios
2963 1799 3101 1854 quos
3148 1785 3252 1839 sibi
3285 1785 3572 1859 conﬁnxe-

1986 1883 2116 1928 runt
2156 1883 2376 1945 patres,
2423 1873 2646 1931 sceleris
2683 1875 2766 1930 sui
2813 1877 3162 1946 cupidinibus
3207 1875 3568 1942 inﬂammati.

1983 1964 2218 2032 sumptis
2265 1963 2432 2019 etiam
2485 1980 2514 2018 a
2567 1963 2992 2022 Manichaeorum
3041 1979 3208 2040 atque
3238 1970 3571 2025 Arianorum

1989 2065 2146 2124 peste
2170 2055 2448 2126 ﬁgmentis
2467 2095 2484 2122 ,
2516 2071 2820 2127 eorumque
2853 2059 3140 2128 particulis
3165 2061 3376 2132 aliquot
3404 2075 3572 2132 atque

1987 2147 2267 2218 reliquiis,
2299 2147 2429 2204 faece
2461 2149 2606 2204 omni
2639 2159 2804 2219 atque
2837 2151 3153 2220 impuritate
3199 2157 3569 2224 scatentibtts;

1985 2254 2122 2312 quos
2156 2239 2345 2310 procul
2390 2239 2460 2294 ab
2493 2239 2748 2296 Ecclesiae
2787 2252 2932 2296 ctetu
2969 2243 3272 2311 submotos,
3309 2256 3366 2300 et
3411 2265 3440 2300 a
3488 2247 3572 2302 tli-

1987 2333 2112 2387 vina
2145 2333 2318 2404 gloria
2359 2335 2525 2387 multo
2555 2343 2798 2402 tempore
2825 2342 2954 2390 ante
2979 2335 3258 2403 exclusos,
3289 2335 3570 2395 Christum

1987 2425 2149 2482 simul
2191 2427 2758 2498 incircumscriptum,
2793 2437 2850 2484 et
2891 2427 3134 2486 alienum
3183 2430 3572 2502 diversumque

1987 2533 2018 2572 a
2051 2529 2276 2588 paterna
2306 2521 2613 2574 substantia
2658 2532 2946 2577 censentes
2967 2561 2985 2587 ,
3027 2537 3201 2580 sacrae
3230 2527 3422 2596 synodt
3471 2541 3570 2580 cx-

1989 2611 2483 2680 communicarunt,
2508 2615 2804 2670 tremendis
2815 2613 3090 2685 subjectos
3111 2618 3566 2676 anathemattuus.

1990 2704 2098 2759 Sed
2149 2719 2280 2770 nos,
2317 2717 2516 2776 praeter
2560 2707 2738 2771 dicta,
2792 2708 3210 2778 bierophanlam
3257 2709 3566 2782 Cyrillum,

1991 2799 2264 2854 sermonis
2285 2800 2455 2854 nostri
2481 2799 2843 2871 veritatisque
2865 2811 3156 2872 patronum
3181 2806 3566 2874 producetttes,

1993 2891 2274 2947 videamus
2309 2907 2547 2962 quonam
2577 2892 2695 2948 haec
2721 2893 2790 2948 de
2830 2894 3162 2966 imaginibus
3191 2899 3567 2961 controversia

293 2993 464 3062 λόγος
493 2991 792 3062 ὲκϐἡσεται
817 3007 832 3022 ·
862 2989 1135 3061 θαυμάζω
1166 2991 1277 3061 γάρ
1329 2990 1378 3042 εί
1441 2987 1516 3060 μὴ
1549 2986 1884 3042 ἀποστασίου

1994 2983 2116 3038 istis
2153 2983 2374 3039 demum
2429 2985 2637 3040 evadet.
2689 2983 2861 3042 Miror
2903 2989 3086 3054 enim,
3141 2989 3250 3045 nisi
3303 2991 3430 3046 huic
3459 2993 3564 3061 ipsi

293 3061 528 3152 γραφὴν
581 3061 1017 3149 ἀπενέγκοιντο·
1066 3073 1169 3134 ὧδε
1215 3081 1325 3152 γάρ
1371 3095 1550 3150 φησι,
1599 3080 1700 3148 τὴν
1747 3079 1882 3148 πρὸς

1990 3085 2186 3132 sancto
2213 3077 2334 3132 viro
2358 3078 2564 3148 repudii
2593 3077 2835 3133 libellum
2881 3081 3030 3136 dent.
3064 3079 3276 3152 Quippe
3301 3082 3348 3138 is
3375 3084 3456 3138 sic
3492 3084 3571 3138 ait

309 3175 632 3246 Ῥωμαίους
682 3173 780 3228 τοῦ
816 3173 966 3228 θεῶν.)
1025 3174 1356 3228 ’Δποστόλου
1413 3171 1884 3242 ύπομνηματίζων

309 3266 668 3338 ἐ’πιστολὴψ
707 3285 726 3318 t
769 3266 874 3320 Τόν
893 3283 958 3335 γε
992 3265 1100 3336 μὴν
1127 3269 1193 3319 ἐκ
1235 3265 1552 3335 σπέρματος
1582 3261 1749 3316 Δαὸὶδ
1789 3277 1886 3330 γε·

295 3360 543 3430 γονότα,
589 3357 732 3412 κατά
766 3357 865 3427 τὴν
909 3357 1092 3426 σάρκα
1139 3355 1377 3428 ὡρίσθαι
1427 3355 1594 3424 φησιν
1633 3355 1710 3416 είς
1759 3351 1887 3405 Υίδν

297 3450 440 3506 Θεοῦ
469 3451 530 3502 ἐν
565 3449 818 3519 δυνάμει,
849 3449 993 3502 κατὰ
1025 3447 1249 3520 Πνεῦμα
1278 3446 1616 3517 ἁγιωσύνης,
1648 3444 1706 3510 ἐξ
1751 3444 1884 3498 ἀναν

299 3543 560 3606 στάσεως
610 3539 822 3612 νεκρῶν
846 3557 862 3570 ·
896 3539 1186 3611 ὡρίσμεθα
1217 3539 1316 3610 μὲν
1349 3538 1458 3614 γάρ
1485 3538 1582 3592 καὶ
1608 3537 1773 3609 ἡμεῖς
1809 3537 1890 3600 είς

296 3638 483 3699 υἱοὺς,
509 3633 628 3688 ἀλλ’
653 3634 754 3687 ούκ
794 3635 853 3686 ὲν
891 3632 1124 3704 δυνάμει
1151 3631 1375 3702 μᾶλλον,
1403 3629 1517 3684 ἀλλ’
1568 3630 1646 3694 ὡς
1679 3629 1740 3682 ὲν
1790 3626 1892 3700 χά-

300 3744 456 3802 ριτος
490 3725 684 3798 μοίρᾳ,
735 3726 838 3796 τῆς
875 3725 1123 3795 κλήσεως
1159 3723 1511 3796 ἀξιούμενον
1571 3721 1667 3776 καὶ
1712 3721 1790 3784 ὠς
1831 3722 1890 3774 έν

300 3817 448 3888 μόνῃ
486 3813 710 3886 θελήσει
743 3811 838 3866 τοῦ
887 3811 1024 3866 Θεοῦ
1047 3812 1146 3867 καὶ
1174 3813 1390 3884 Πατρδς
1439 3811 1502 3866 τὸ
1540 3811 1730 3884 χρῆμα
1764 3826 1892 3881 κερ-

295 3909 625 3970 δαίνοντεςο
660 3907 703 3976 ὁ,
725 3903 784 3959 δέ
837 3920 904 3974 γε
965 3903 1321 3977 Ἐμμανουὴλ
1353 3904 1456 3958 οὐκ
1492 3903 1560 3959 ἂν
1590 3896 1692 3957 ὧδε
1753 3901 1890 3974 ἔχοι,

299 3998 510 4055 πολλοῦ
530 4014 600 4068 γε
622 3996 718 4051 καὶ
737 3996 819 4051 δεῖ
845 4013 860 4028 ·
893 3995 1010 4050 ἀλλ’
1041 3997 1091 4050 εί
1121 3997 1216 4051 κα)⁵
1234 3997 1462 4067 γέγονεν
1493 3997 1560 4050 ὲκ
1577 3994 1894 4067 σπέρματος

297 4091 399 4146 τοῦ
439 4089 607 4143 Δασιδ
628 4089 772 4143 κατὰ
804 4089 1008 4160 σάρκα,
1041 4089 1138 4142 καὶ
1173 4089 1251 4153 ὡς
1271 4083 1354 4152 εἷς
1380 4087 1442 4153 ἐξ
1457 4087 1615 4158 ἡμῶν
1645 4090 1724 4151 εἰς
1765 4087 1895 4141 Υἱὸν

297 4184 594 4253 λογίζεται
639 4181 774 4236 Θεοῦ
803 4181 896 4236 διά
927 4182 990 4235 τὸ
1037 4181 1402 4254 ἀνθρώπινον,
1433 4179 1548 4235 ἀλλ’
1575 4175 1670 4235 οὖν
1706 4183 1765 4234 ὲν
1784 4181 1895 4234 δυ-

300 4277 478 4346 νάμει
509 4275 608 4329 καὶ
631 4273 863 4345 ἀληθεία
896 4274 1042 4328 κατὰ
1069 4273 1236 4342 φύσιν
1269 4273 1398 4338 Υἱός
1424 4273 1566 4339 ἐστι,
1599 4271 1669 4326 δι’
1708 4265 1772 4326 οὗ
1800 4270 1897 4324 καὶ

299 4369 475 4438 ἡμεῖς
507 4353 906 4434 υίοποιούμεθα
937 4380 952 4394 ·
988 4363 1146 4435 εἴπερ
1192 4363 1342 4418 ἐστὶν
1365 4364 1562 4435 ἀληθὲς
1597 4364 1794 4426 εἰπεῖν,
1819 4361 1894 4428 ὡς

297 4463 366 4516 τὸ
416 4457 586 4512 αὑτοῦ
610 4457 839 4528 Πνεῦμα
872 4457 1316 4528 πεπλουτηκότες
1349 4457 1441 4512 διά
1482 4457 1576 4511 τοῦ
1609 4455 1766 4525 ἁγίου
1797 4453 1896 4524 βα-

236 4571 267 4632 ι
303 4551 648 4621 πτῖσματος,
679 4552 801 4602 τότε
831 4548 919 4620 δὴ,
950 4549 1077 4603 τότε
1113 4551 1210 4604 καὶ
1233 4550 1662 4620 ἀνεπιπλήκτως
1686 4547 1890 4618 φαμὲν,

312 4641 494 4699 ’Δϐδά
517 4643 547 4694 δ
573 4642 788 4714 Πατήρ.
809 4640 1020 4698 οὐκοῦν
1051 4641 1126 4705 ὡς
1154 4640 1365 4704 είκόνες
1397 4641 1532 4711 πρὸς
1559 4638 1892 4711 ἀρχέτυπον,

301 4734 455 4789 οῦτω
481 4736 578 4787 καί
601 4737 762 4805 ἡμεῖς
779 4736 828 4787 οἱ
853 4733 998 4788 κατά
1017 4733 1168 4786 θέσιν
1207 4732 1316 4785 υἱοὶ
1334 4771 1350 4797 ,
1377 4731 1514 4802 πρὸς
1536 4731 1628 4784 τὸν
1645 4731 1894 4800 φύσειτε

302 4827 406 4882 καὶ
432 4825 666 4896 δυνάμει
694 4826 790 4879 καὶ
819 4825 1036 4898 ἀληθῶς
1053 4827 1120 4879 ἐκ
1145 4824 1360 4896 Πατρδς
1395 4823 1894 4896 μεμαρτυρημένον

300 4918 388 4977 εἰς
419 4915 604 4970 τοῦτο.
642 4935 660 4968 t

378 5009 488 5062 λα’.
532 5006 888 5062 Ἐπιστατέον
914 5005 1011 5060 οῦν
1052 5005 1318 5078 ἀκριϐῶς,
1345 5007 1428 5060 ὅτι
1479 5023 1543 5074 γε
1581 5006 1645 5059 τὸ
1668 5005 1772 5076 τῆς
1820 5006 1898 5060 εί-

304 5100 468 5162 κόνος
525 5098 901 5170 παράδειγμα,
957 5098 1056 5168 οὐχ
1091 5095 1282 5166 ὥσπερ
1321 5099 1376 5149 ἐν
1422 5099 1538 5160 τοῖς
1585 5095 1898 5169 ἔμπροσθεν

305 5193 460 5255 ὃπως
496 5189 614 5262 ἔχει
643 5190 673 5242 ὀ
703 5189 832 5252 Υἱὸς
861 5189 1000 5262 πρὸς
1031 5189 1124 5243 τὸν
1171 5189 1414 5260 Πατέρα,
1441 5187 1585 5243 οὕτω
1617 5188 1896 5244 κάνταῦθα

306 5284 744 5355 παρενήνεκται,
768 5281 884 5336 ἀλλ’
919 5281 1069 5346 ὅπως
1095 5282 1259 5352 ἡμεῖς
1291 5281 1342 5335 οἱ
1375 5280 1525 5336 θέσει
1568 5281 1663 5336 καὶ
1713 5281 1898 5354 χάριτι

381 5433 502 5570 (4οζ
531 5433 606 5488 De
634 5432 736 5486 hoc
768 5431 1004 5486 diximus
1038 5433 1311 5501 superius,
1337 5447 1393 5501 p.
1431 5433 1521 5500 12,
1544 5435 1596 5488 In
1624 5433 1754 5490 adn.

381 5503 470 5570 (41
538 5501 890 5570 Gratttlemur
923 5503 1026 5557 hoc
1083 5517 1282 5556 novum
1322 5505 1495 5558 sancti
1529 5505 1715 5570 Cyrilli
1753 5551 1754 5555 η

381 5501 502 5570 (si)
538 5501 901 5575 Gratttletnug
923 5503 1026 5557 hoc
1083 5517 1282 5575 ttovtttn
1314 5505 1495 5575 _san_cti
1529 5505 1715 5575 Cyrilli
1753 5504 1900 5574 frag-

309 5569 561 5630 utentum
588 5587 658 5626 ex
692 5571 813 5642 ejus
855 5569 1266 5626 Commentario
1312 5573 1365 5626 itt
1394 5569 1672 5642 Epistfad
1707 5569 1904 5632 Roma-

1989 3166 2100 3223 divi
2139 3167 2384 3238 Apostoli
2419 3169 2488 3224 ad
2528 3166 2805 3225 Romanos
2844 3168 3143 3240 Epistolam
3173 3177 3572 3232 commentario

1987 3259 2289 3329 explanans
2316 3260 2454 3333 (41).
2501 3279 2521 3314 ι
2552 3259 2632 3316 De
2666 3262 2876 3318 semine
2909 3263 3131 3319 Davidis
3159 3273 3344 3320 natum
3375 3281 3572 3322 secun-

1990 3352 2118 3408 dum
2148 3359 2400 3416 carnem,
2434 3353 2882 3421 praedestinatum
2915 3355 2994 3410 ait
3021 3355 3220 3410 Filium
3255 3357 3350 3412 Dei
3378 3357 3432 3412 in
3461 3359 3572 3411 vir-

1993 3450 2128 3510 tute,
2159 3445 2458 3498 secuudum
2487 3442 2755 3514 Spiritum
2781 3445 3254 3512 sanctiﬁcationis,
3279 3462 3346 3504 ex
3384 3463 3571 3505 resur-

1991 3535 2234 3590 rectione
2261 3545 2624 3591 mortuorum.
2663 3535 2880 3592 Etenim
2915 3538 3370 3607 praedestinatum
3403 3541 3570 3596 etiam

1991 3642 2094 3684 nos
2127 3627 2256 3692 lilii,
2299 3627 2393 3684 sed
2434 3637 2612 3684 tamen
2671 3645 2776 3684 non
2811 3644 2878 3685 ex
2912 3631 3148 3696 virtute,
3182 3634 3280 3687 sed
3315 3641 3572 3702 tanquam

1991 3734 2058 3775 ex
2091 3719 2302 3792 gratia,
2350 3719 2453 3798 hac
2501 3721 2866 3791 appellatione
2909 3722 3056 3794 digtti
3102 3723 3306 3792 habiti;
3357 3735 3412 3780 et
3448 3733 3574 3779 tan-

1991 3827 2155 3883 quam
2203 3813 2320 3868 sola
2382 3813 2478 3870 Dei
2517 3813 2697 3870 Patris
2751 3815 3072 3884 voluntate,
3110 3817 3250 3874 hanc
3283 3833 3398 3873 rem
3449 3833 3575 3874 sor-

1995 3902 2629 3960 titi.'Verumenimvero
2663 3905 2982 3962 Emmanuel
3039 3907 3271 3963 multum
3315 3909 3469 3964 abest
3517 3919 3578 3964 ιιι

1995 3995 2070 4052 ita
2097 4011 2159 4052 se
2183 3996 2401 4052 habeat.
2419 3996 2646 4053 Etiamsi
2673 3999 2819 4054 enim
2845 3999 2916 4054 de
2939 3999 3156 4055 Davidis
3179 4001 3388 4056 semine
3409 4003 3578 4056 exsti-

1998 4090 2062 4144 tit
2107 4090 2404 4145 secundum
2435 4105 2689 4156 carnem,
2721 4097 2960 4146 attamen
2997 4092 3198 4148 virtute
3243 4107 3308 4148 ac
3350 4095 3580 4149 veritate

1998 4181 2268 4236 naturalis
2295 4180 2467 4236 Filius
2486 4191 2570 4238 est
2588 4221 2604 4248 ,
2636 4197 2734 4250 per
2762 4199 2927 4252 quem
2959 4199 3059 4240 nos
3087 4201 3303 4255 quoque
3327 4187 3421 4241 ﬁlii
3458 4185 3577 4241 ιπηι-

1998 4272 2196 4326 ciutur.
2234 4272 2513 4342 Siquidem
2538 4288 2668 4328 vere
2690 4275 2913 4340 dicitur,
2936 4277 3083 4345 quod
3111 4277 3232 4348 ejus
3269 4278 3424 4334 dilati
3454 4279 3579 4348 Spi-

2004 4365 2111 4420 ritu
2165 4380 2264 4435 per
2308 4376 2555 4421 sanctum
2597 4367 2956 4436 baptismum,
3007 4379 3135 4423 tunc
3176 4370 3391 4424 demum
3437 4371 3580 4426 citra

2007 4453 2481 4524 reprehensionem
2511 4454 2745 4511 dicimus
2773 4474 2788 4509 :
2821 4454 2974 4511 Abba
3009 4457 3192 4512 Pater.
3244 4456 3412 4528 Igitur
3439 4463 3580 4516 sicut

1969 4619 1973 4622 .
2003 4547 2270 4618 imagines
2303 4556 2434 4602 sunt
2461 4560 2587 4618 erga
2628 4548 2948 4620 archetypa,
2981 4549 3054 4604 ita
3084 4560 3140 4604 et
3179 4565 3276 4605 nos
3304 4566 3402 4621 per
3451 4553 3582 4607 ado-

2006 4641 2246 4710 ptionem
2277 4637 2396 4704 lilii,
2423 4653 2551 4710 erga
2585 4655 2708 4694 eum
2745 4656 2933 4696 sumus
2960 4641 3050 4711 qui
3081 4654 3272 4711 suapte
3298 4654 3491 4698 natura
3517 4659 3582 4698 ac

2004 4731 2208 4785 virtute
2245 4744 2482 4800 vereque
2530 4729 2710 4786 Patris
2745 4731 3056 4789 testimonio
3090 4734 3211 4790 talis
3259 4743 3346 4790 est
3396 4737 3582 4792 decla-

2004 4833 2154 4876 ratus
2177 4821 2313 4894 (42).
2345 4839 2365 4873 t

2075 5005 2167 5059 51.
2212 5003 2383 5058 Porro
2415 5013 2668 5059 accurate
2708 5005 3258 5065 animadvertendum
3309 5023 3395 5068 est
3441 5013 3578 5068 ima-

2005 5099 2147 5170 ginis
2181 5095 2484 5165 exemplum
2508 5135 2522 5156 .
2575 5111 2680 5150 ttou
2713 5108 2771 5152 ut
2810 5097 2862 5152 in
2898 5103 3270 5169 superioribus
3309 5106 3580 5173 quomodo

2006 5187 2178 5244 Filius
2207 5201 2264 5242 se
2296 5186 2462 5242 habet
2489 5185 2557 5240 ad
2608 5186 2859 5255 Patrem,
2902 5191 2976 5244 ita
3009 5191 3097 5246 hic
3127 5195 3290 5248 etiam
3325 5191 3575 5262 proferri,

2008 5280 2104 5337 sed
2132 5279 2403 5348 quomodo
2435 5291 2534 5332 nos
2583 5279 2871 5351 ad0ptione
2908 5288 2963 5336 et
2986 5283 3160 5353 gratia
3197 5282 3317 5348 ﬁlii,
3353 5281 3418 5336 ad
3451 5299 3574 5336 eum

2004 5451 2060 5491 tn
2110 5441 2294 5507 nostra
2351 5431 2978 5507 ed_itione___impressum
3003 5478 3018 5507 ,
3049 5449 3242 5504 nempe
3273 5450 3393 5499 cap.
3437 5450 3491 5498 ι,
3519 5436 3578 5493 δ.

2083 5503 2198 5576 (49)
2222 5501 2430 5576 Sancti
2487 5502 2672 5574 Cyrilli
2713 5501 2922 5576 insigne
2977 5501 3031 5560 et
3059 5501 3270 5576 ,rart'tttt
3309 5507 3377 5560 de
3409 5508 3584 5565 sacris

2011 5574 2338 5643 imaginibus
2367 5583 2547 5628 exstat
2586 5575 2958 5628 testimonium
2993 5576 3044 5629 in
3093 5575 3211 5644 ejus
3233 5574 3586 5634 Commenta—

315 5660 439 5711 uos,
471 5643 628 5714 cujus
677 5643 837 5698 sedes
866 5643 1087 5714 propria
1115 5651 1199 5698 est
1231 5652 1354 5713 post
1383 5645 1618 5714 primum
1674 5662 1706 5702 a
1745 5647 1904 5704 nobis
2012 5649 2094 5722 riu
2125 5663 2154 5701 ιι
2181 5644 2337 5702 nobis
2364 5645 2600 5728 editogad
2633 5645 2896 5714 psalmum
2919 5659 3078 5716 emt,
3114 5643 3202 5700 l6.
