3856 6204
400 323 520 388 ’127

1439 321 1512 380 ’8.
1555 318 1978 380 NICEPHORI
2011 319 2524 379 'PATRIARCH/E
2565 318 2674 378 (ΣΡ.

3577 319 3685 383 423

415 449 600 496 alitem
632 438 908 510 honorare
937 436 1200 514 videntur
1222 431 1359 504 (46).
1379 431 1543 500 Atqui
1569 431 1844 503 quomodo
1864 447 1992 487 san-

2106 431 2194 483 καὶ
2227 428 2573 495 διαπτύουσι,
2606 428 2698 480 τὸν
2840 426 2932 480 τοῦ
2965 427 3335 497 άτιαζομένον
3366 429 3534 502 τιμᾷ-θ
3570 434 3686 486 ἕδο-

416 530 686 587 (·ιὶίῑοοιιιε
715 539 894 600 typus,
923 527 1086 582 idest
1100 539 1242 579 crux
1267 561 1283 588 ,
1315 521 1437 586 fuit,
1474 531 1532 575 ut
1559 521 1661 593 ipsi
1693 521 1911 583 volunt,
1945 522 1992 576 si

417 621 669 679 Christus
698 635 824 674 vere
851 619 904 672 in
940 629 1172 687 corpore
1203 629 1308 669 non
1336 621 1421 667 est
1445 612 1679 680 passus?
1707 611 1843 667 lluic
1864 626 1994 682 ergo

418 705 670 760 amentiae
697 711 858 772 atque
890 699 1114 755 insania:
1145 713 1212 752 ne
1237 697 1567 766 respondere
1589 697 1811 768 quidem
1834 711 1994 766 opor-

425 807 564 852 teret
619 813 634 849 :
694 792 1023 863 respondere
1082 790 1228 846 enim
1279 790 1444 844 stulto
1486 787 1643 856 juxta
1705 787 1993 844 stultitiam

418 904 570 944 suam
605 883 930 941 vetamur".
957 881 1066 938 Sed
1093 881 1238 937 enim
1269 891 1492 950 propter
1525 878 1686 948 hujus
1724 878 1995 934 sermonis

418 980 705 1036 veritatem
739 976 1118 1042 asserendam,
1149 973 1462 1042 seriemque
1493 973 1803 1038 tenendam,
1834 981 1996 1042 atque

417 1080 477 1127 ut
521 1068 883 1140 picntioribus
911 1065 1364 1137 persuadeamus,
1388 1063 1463 1118 ita
1495 1063 1732 1119 dicimus
1767 1081 1782 1120 :
1822 1064 1998 1134 primo

416 1165 634 1236 quidem
657 1169 851 1218 cuncta
881 1174 1004 1230 qua:
1033 1159 1086 1212 in
1121 1156 1361 1212 Ecclesia
1386 1154 1480 1211 Dei
1509 1165 1656 1220 sunt,
1689 1169 1845 1215 sacra
1876 1168 1998 1210 esse

416 1275 481 1314 ac
502 1268 712 1322 sancta,
751 1269 852 1309 nos
870 1253 1012 1308 scire
1034 1259 1090 1305 et
1115 1248 1364 1305 conﬁteri
1391 1265 1406 1314 ;
1433 1248 1662 1318 ideoque
1693 1245 1996 1314 veneranda

415 1363 470 1406 et
500 1350 745 1418 religiosa
770 1325 1191 1419 pariter’haberi
1215 1359 1245 1396 a
1270 1341 1430 1397 nobis
1450 1348 1612 1414 atque
1641 1339 1996 1406 honoranda;

419 1443 664 1513 nihilque
681 1454 812 1494 esse
838 1437 892 1492 in
931 1437 998 1491 iis
1021 1434 1313 1508 inglorium
1343 1441 1438 1488 aut
1470 1430 1746 1502 ignobile,
1781 1439 1840 1484 ut
1882 1427 1997 1494 jam

417 1533 544 1589 alibi
578 1531 834 1588 dixiinus.
880 1527 1072 1599 Neque
1112 1527 1243 1581 licet
1294 1525 1452 1581 nobis
1500 1520 2001 1592 ﬁdelibus,‘neque

421 1624 740 1678 traditiones
770 1621 1030 1684 illorum,
1079 1618 1171 1688 qui
1219 1615 1486 1680 doctrina:
1541 1622 1741 1669 nostra:
1795 1611 2000 1667 antesi-

419 1718 580 1788 gnani
617 1715 861 1781 luerunt,
887 1719 1111 1768 monent
1139 1717 1199 1764 ut
1224 1706 1606 1764 distinctiones
1635 1705 1770 1761 ullas
1801 1715 1855 1759 et
1882 1705 1996 1760 dis-

2101 521 2220 588 ξαν·
2259 521 2439 575 καίτοι
2473 520 2589 583 πῶς
2639 519 2902 590 ἡγίασται
2945 520 3066 573 κατ’
3101 519 3299 584 αὐτοὺς
3327 562 3341 584 ,
3376 523 3451 592 μὴ
3485 538 3686 580 πεπον-

2100 614 2254 679 θότος
2289 613 2382 668 τοῦ
2413 613 2656 686 Χριστοῦ
2685 613 2902 684 σώματι
2925 615 3069 668 κατὰ
3093 613 3387 684 άλήθειανς
3419 618 3557 684 πρδς
3589 619 3686 688 μὲν

2101 703 2196 762 οὖν
2217 709 2319 779 τὴν
2347 706 2608 780 τοιαύτην
2634 709 2936 780 παράνοιαν
2963 707 3060 760 καὶ
3087 707 3540 778 φρενοϐλάϐειαν,
3567 711 3690 766 οὐδὲ

2101 797 2499 871 ἀποκρίνεσθαι
2518 796 2696 870 χρεών
2719 815 2733 829 ·
2747 817 2766 852 ι
2789 799 2881 868 Μὴ
2901 799 3198 868 ἀποκρίνου
3212 799 3322 870 γὰρ
3338 801 3534 872 ἄφρονι
3550 804 3691 856 κατά

2101 891 2200 963 τὴν
2227 891 2545 963 ἀφροσύνην
2587 889 2776 955 αὑτοῦ,
2804 909 2823 940 ι
2847 889 3231 960 διδασκόμεθα.
3259 890 3339 944 Δι’
3355 891 3562 946 αὑτὸδὲ
3595 893 3690 946 τοῦ

2102 983 2265 1052 λόγου
2296 981 2358 1037 τὸ
2387 981 2590 1053 ἀληθὲς
2621 982 2717 1036 καὶ
2751 981 3066 1043 ἀκόλουθον,
3107 983 3203 1036 καὶ
3241 981 3338 1052 τὴν
3373 967 3482 1038 τῶν
3522 973 3709 1041 ὲπιει-’

2104 1078 2382 1150 κεστέρων
2411 1077 2760 1141 εὐπείθειαν,
2777 1076 2954 1130 ταῦτά
2974 1094 3154 1148 φαμεν
3180 1094 3194 1109 ’
3222 1077 3305 1131 ὅτι
3337 1078 3556 1148 πρῶτον
3591 1079 3694 1148 μὲν

2105 1170 2282 1225 πάντα
2317 1170 2384 1223 τὰ
2403 1171 2462 1223 ἐν
2490 1171 2556 1241 τῇ
2606 1169 2872 1240 ἐκκλησίᾳ
2893 1167 2988 1222 τοῦ
3011 1167 3170 1231 Θεοῦ,
3191 1169 3319 1240 ίερά
3350 1185 3412 1222 τε
3433 1173 3528 1224 καὶ
3557 1170 3694 1239 ἅγια

2105 1265 2200 1318 καὶ
2225 1265 2384 1335 ίσμεν
2423 1262 2522 1318 καὶ
2553 1260 2947 1334 ὁμολογοῦμεν·
2982 1261 3078 1314 καὶ
3103 1259 3194 1314 διὰ
3220 1261 3414 1326 τοῦτο,
3445 1279 3693 1333 προσκυο

2105 1356 2242 1427 νητά
2267 1358 2364 1410 καὶ
2386 1356 2662 1426 σεσάσμια
2687 1355 2888 1428 ὁμοίως
2920 1353 3052 1426 παρ’
3083 1356 3214 1426 ἡμῖν
3246 1357 3354 1408 εἱσι
3380 1356 3478 1408 καὶ
3505 1354 3687 1424 τίμια,

2106 1451 2200 1506 καὶ
2224 1450 2379 1504 οὐδὲν
2414 1449 2630 1514 ἄδοξον,
2676 1447 2833 1502 οὐδὲν
2867 1446 3086 1518 ἄτιμον,
3116 1445 3308 1518 ὥσπερ
3344 1447 3411 1519 δὴ
3443 1449 3541 1502 καὶ
3577 1449 3694 1503 ets-

2105 1540 2242 1612 ρωθι
2288 1542 2421 1612 ἡμῖν
2465 1539 2736 1593 λέλεκται·
2779 1539 2874 1593 καὶ
2917 1538 3020 1592 οὐκ
3067 1537 3189 1604 ἐξὸν
3239 1539 3376 1609 ἡμῖν
3431 1540 3548 1604 τοῖς
3603 1557 3697 1594 πι-

2108 1633 2275 1694 στοῖς*
2309 1629 2432 1684 οὐδὲ
2473 1630 2546 1683 τὰ
2589 1627 3006 1700 παραδεδομένα
3043 1627 3198 1700 παρά
3245 1627 3356 1681 τῶν
3404 1626 3696 1700 προεστώ-

2105 1732 2215 1787 των
2275 1715 2373 1770 τοῦ
2427 1715 2552 1772 καθ’
2615 1717 2764 1797 ἡμᾶς
2816 1715 2977 1784 λόγου
3035 1714 3432 1786 suamnam
3475 1716 3700 1786 διακρί-

422 1808 752 1880 quisitiones
801 1804 1071 1860 faciamus
1093 1841 1110 1867 ,
1141 1801 1272 1872 quid
1319 1801 1393 1855 sit
1422 1799 1657 1868 primum
1685 1798 1769 1852 vel
1801 1811 1996 1852 secun-

2106 1814 2212 1872 σεις
2240 1808 2395 1873 τινὰς
2439 1809 2535 1863 καὶ
2572 1795 2848 1874 ἐξετάσεις
2878 1807 3180 1875 ποιεῖσθαι,
3225 1810 3412 1862 ὁποῖον
3444 1807 3514 1880 δὴ
3553 1808 3697 1880 πρό-

421 1899 574 1963 dum,
609 1898 735 1968 quid
765 1895 886 1966 plus
918 1891 1005 1950 vel
1040 1891 1220 1948 minus
1259 1889 1600 1948 houorabile.
1646 1885 1892 1958 Namque
1941 1887 1994 1942 id

421 2006 586 2048 omne
613 1990 682 2046 ab
712 1986 1013 2044 inlidelium
1049 1994 1102 2041 et
1125 1984 1418 2054 impiorum
1453 1979 1656 2036 malitia
1681 1988 1764 2035 est
1795 1994 1811 2034 :
1843 1988 1992 2050 puta,

419 2085 466 2139 si
498 2081 601 2138 hoc
641 2080 944 2136 adoravero
981 2075 1067 2131 vel
1115 2089 1275 2131 secus
1296 2112 1313 2138 ,
1345 2071 1669 2128 salvaborne
1695 2086 1766 2125 an
1801 2070 1998 2127 secus?

419 2175 683 2234 meliusne
711 2173 834 2237 hoc,
873 2186 941 2226 an
963 2168 1132 2224 illud?
1159 2165 1318 2235 Quod
1350 2179 1481 2222 sane
1503 2177 1729 2224 summa:
1750 2161 1997 2220 stultitiae

418 2274 486 2324 ac
522 2265 774 2322 ruditatis
803 2264 1024 2328 horum,
1053 2259 1146 2330 qui
1188 2272 1332 2314 nunc
1366 2257 1494 2314 talia
1539 2247 1813 2326 quaerunt,
1851 2254 1994 2311 indi-

412 2362 562 2418 cium
595 2369 702 2415 est.
733 2355 874 2424 Quid
901 2353 1045 2410 enim
1069 2348 1476 2421 respondebunt
1509 2347 1754 2404 dicenti:
1782 2363 1802 2400 ι
1836 2345 1894 2402 Si
1918 2347 1997 2403 le-

417 2467 540 2522 gem
572 2451 880 2506 universam
928 2443 1124 2516 aliquis
1163 2441 1498 2510 servaverit,
1547 2439 1608 2495 in
1657 2454 1765 2496 uno
1814 2449 1996 2496 autem

420 2541 678 2598 mandato
701 2537 957 2604 oll‘endat,
989 2535 1166 2591 lactus
1181 2543 1276 2590 est
1290 2532 1532 2590 omnium
1557 2546 1682 2588 reus
1698 2531 1746 2564 ⁸³
1761 2531 1999 2602 linque

411 2636 538 2690 hac
565 2635 630 2698 de
652 2630 922 2702 legalibus
955 2628 1170 2684 actibus
1189 2665 1208 2694 ,
1233 2623 1322 2681 vel
1353 2623 1516 2680 etiam
1549 2622 1618 2680 de
1664 2623 2000 2695 irreprehen-

411 2725 566 2783 sibili
587 2735 644 2780 et
669 2719 1023 2792 integerrima
1047 2717 1151 2774 ﬁde
1181 2723 1392 2772 nostra.
1417 2711 1540 2769 Non
1571 2722 1656 2770 est
1685 2728 1814 2785 ergo
1840 2729 1873 2770 a
1909 2728 2001 2769 no-

419 2817 506 2876 bis
527 2817 674 2873 circa
701 2815 818 2870 haec
841 2807 1152 2874 riirandum,
1191 2807 1448 2881 quoniam
1474 2807 1588 2877 pari
1616 2806 1786 2876 gradu
1823 2806 1998 2862 hono-

419 2907 590 2964 randa
617 2919 740 2963 esse
773 2911 986 2970 sancta,
1013 2913 1298 2956 sacrorum
1331 2895 1552 2952 Patrum
1585 2909 1828 2953 canones
1857 2896 1996 2961 divi.

413 2997 567 3053 nitus
603 2995 734 3052 editi
765 2991 1107 3064 praecipiunt.

489 3206 582 3262 35.
612 3203 1000 3261 Verumtamen
1023 3205 1245 3268 propter
1267 3196 1558 3253 stultorum
1598 3198 1998 3254 contumaciam

421 3308 590 3368 atque
619 3289 1032 3364 impudentiam,
1062 3287 1223 3362 paulo
1254 3289 1523 3344 curiosius
1550 3289 1619 3344 de
1648 3289 1755 3346 hac
1792 3305 1852 3344 re
1895 3290 2002 3345 dis-

423 3385 713 3444 serendum
767 3393 1050 3456 putamus;
1101 3380 1282 3436 neutri
1311 3380 1528 3450 quidem
1577 3379 1702 3453 rei(
1741 3381 1892 3436 cruci
1945 3390 2001 3437 et

421 3468 684 3552 imagini)
716 3477 976 3532 honorem
1023 3481 1305 3544 negantes,
1332 3473 1427 3528 sed
1457 3481 1726 3542 quatenus
1779 3488 1846 3530 ex
1891 3475 2000 3530 dis-

423 3571 740 3645 quisitiouis
807 3565 1202 3636 consequentia
1279 3565 1564 3636 provenit,
1625 3553 1999 3634 praestantiam

421 3665 715 3737 quamdam
743 3661 888 3719 inter
917 3661 1017 3716 has
1044 3659 1222 3730 ipsas,
1269 3657 1422 3714 brevi
1464 3673 1716 3715 sermone
1759 3669 2004 3715 statuen-

425 3769 552 3824 tes;
586 3756 816 3812 dicimus
853 3754 1070 3825 itaque,
1134 3759 1192 3806 ut
1237 3766 1268 3806 a
1325 3751 1488 3807 simili
1539 3751 1753 3806 initium
1793 3753 2002 3822 ,Capia-

427 3862 550 3902 mus
593 3864 610 3902 :
657 3845 708 3916 l)
763 3843 1028 3912 Quoniam
1077 3853 1133 3898 et
1179 3844 1297 3914 ipsa
1343 3844 1521 3916 imago
1563 3843 1832 3915 ejusmodi
1878 3855 1998 3910 est;

427 3941 606 4011 imago
635 3937 844 3994 Christi
889 3935 1194 3992 similitudo
1223 3935 1341 4004 ejus
1363 3945 1448 3990 est
1469 3978 1485 4002 ,
1517 3947 1573 3991 et
1611 3937 1830 4007 corpori
1881 3935 2000 4007 ejus

427 4031 621 4088 similis
645 4035 748 4093 est,
777 4027 1116 4097 ﬁguramque
1143 4026 1385 4097 corporis
1413 4027 1528 4097 eius
1557 4028 1714 4084 nobis
1743 4030 2003 4086 describit

427 4131 483 4180 et
515 4120 768 4186 delineat,
799 4135 867 4176 ac
896 4117 1131 4197 speciem
1168 4117 1474 4186 denuntiat,
1498 4128 1552 4176 et
1579 4122 1796 4176 modum
1831 4123 2002 4178 actio-

423 4214 514 4269 nis
536 4210 620 4267 vel
663 4209 922 4267 doctrina:
979 4205 1060 4264 vel
1114 4206 1388 4283 passionis
1425 4218 1484 4264 ut
1537 4208 1826 4280 plurimum
1877 4212 2002 4266 imi-

428 4306 594 4361 tando
625 4303 914 4375 signiﬁcat.
943 4300 1146 4372 Figura
1180 4315 1310 4356 vero
1339 4303 1520 4360 crucis
1551 4299 1698 4358 nulla
1731 4312 1883 4372 parte
1928 4306 2002 4359 si-

426 4397 570 4453 milis
623 4407 709 4452 est
752 4395 964 4466 Corpori
1006 4395 1159 4465 ejus,
1212 4385 1454 4464 nihilque
1491 4411 1680 4452 eorum
1734 4412 1854 4468 quae
1887 4399 1999 4461 dixi

2095 1915 2255 1970 τερον
2282 1899 2316 1970 ἢ
2345 1898 2620 1972 δεύτερον,
2661 1899 2758 1953 καὶ
2803 1901 2888 1954 ὅτι
2909 1897 3241 1972 τιμιώτερον
3267 1899 3302 1970 ἢ
3335 1899 3692 1974 ἀτιμότερον·

2095 1992 2346 2047 ἀπίστων
2395 1991 2557 2047 τοῦτο
2605 1991 2702 2048 καὶ
2747 1990 2982 2047 ἀνοσίων
3026 1991 3092 2046 τδ
3148 1991 3519 2064 κακούργημα
3544 2008 3561 2024 ·
3612 1992 3698 2058 ὡς

2095 2083 2160 2146 Et
2190 2082 2310 2138 τόδε
2359 2083 2460 2154 μιν
2519 2082 2910 2157 προσκυνήσω,
2962 2082 3082 2139 τόδε
3112 2082 3173 2138 δὲ
3222 2080 3322 2150 οὓ,
3369 2081 3620 2154 σώζομαι
3651 2083 3693 2154 ἢ

2087 2175 2156 2246 ,οὐ
2227 2172 2502 2246 σώζομαις
2572 2176 2824 2245 κρεῖττον
2879 2173 3040 2230 τοῦτο
3105 2174 3310 2246 μᾶλλον
3375 2173 3412 2246 ἦ
3471 2177 3693 2239 ἀκτῖνος

2094 2265 2124 2320 ὃ
2155 2265 2221 2338 δὴ
2268 2266 2368 2326 καὶ
2415 2265 2550 2322 αὐτὸ
2582 2266 2682 2338 τῆς
2721 2265 2898 2339 ἄκρας
2940 2263 3188 2338 ἀμαθίας
3243 2266 3341 2322 καὶ
3391 2266 3696 2330 ἀσυνεσίας

2095 2357 2208 2414 τῶν
2261 2355 2359 2412 νῦν
2415 2357 2486 2414 τὰ
2542 2356 2774 2414 τοιαῦτα
2823 2357 3216 2428 ικζητούντων-
3252 2361 3580 2431 τεκμήριονο
3633 2359 3698 2411 τι

2097 2448 2207 2522 γὰρ
2249 2450 2488 2522 φήσουσι
2542 2451 2684 2522 πρὸς
2739 2448 2834 2504 τὸν
2865 2449 3154 2520 εἰρηκότα,
3207 2451 3292 2504 δτι
3347 2468 3369 2503 ι
3425 2449 3556 2504 Ἐὰν
3595 2449 3698 2504 τὸν

2099 2539 2264 2612 νόμον
2311 2540 2432 2594 ὅλον
2473 2539 2697 2614 ,φυλάξῃ
2739 2556 2826 2603 τις
2849 2579 2866 2605 ,
2894 2539 3102 2612 πταίσῃ
3131 2541 3192 2596 δὲ
3233 2542 3294 2596 ιν
3344 2541 3428 2596 ἑνὶ
3447 2583 3464 2608 ,
3489 2541 3699 2611 γέγονε

2098 2633 2320 2687 πάντων
2364 2629 2586 2702 ἕνοχοςς
2637 2649 2660 2684 ι
2707 2630 2806 2684 καὶ
2852 2629 3031 2686 ταῦτα
3058 2631 3190 2701 περὶ
3235 2629 3494 2704 πράξεων
3539 2648 3703 2702 νομι-

2098 2723 2234 2790 κῶν,
2291 2721 2435 2793 ἦπου
2470 2739 2536 2792 γε
2571 2721 2673 2792 τῆς
2703 2722 3012 2793 ἀμωμήτου
3057 2723 3150 2777 καὶ
3192 2721 3489 2794 exissqu
3524 2723 3703 2794 ἡμῶν

2099 2816 2356 2879 πίστεως·
2399 2815 2504 2868 οὐκ
2538 2812 2686 2868 ἔστιν
2711 2808 2806 2868 οὖν
2837 2813 2976 2884 ἡμῖν
3017 2813 3147 2884 περὶ
3185 2811 3395 2868 τούτων
3437 2812 3706 2884 ζυγομα-

2099 2909 2236 2978 χεῖν,
2255 2903 2418 2960 ὁπότε
2440 2902 2844 2976 παραπλησίως
2869 2901 3126 2972 ἀλλήλοις
3144 2900 3415 2972 τιμᾶσθαι
3435 2901 3506 2956 τὰ
3523 2902 3704 2971 ἅγια,

2101 3001 2195 3054 καὶ
2237 2997 2500 3069 Πατέρων
2551 2996 2713 3068 ιερῶν
2757 2995 2953 3068 θεσμοὶ
2995 2993 3320 3067 θεοπρεπῶς
3360 2993 3710 3067 ἒκπεφωνη-

2027 3137 2073 3197 C
2106 3093 2258 3161 μένοι
2281 3088 2683 3161 διαγορεύουσι.

2177 3205 2273 3258 λε’.
2307 3203 2409 3256 Διὰ
2437 3201 2494 3256 δὲ
2528 3201 2835 3270 φιλόνεικον
2864 3200 2962 3253 καὶ
2990 3199 3350 3270 ἀναίσχυντον
3378 3199 3491 3252 τῶν
3523 3200 3710 3270 ἀνοή-

2105 3314 2236 3362 των,
2276 3295 2700 3368 περιεργότερον
2729 3291 2933 3348 τούτων
2973 3292 3158 3346 ἕνεκεν
3187 3289 3554 3368 διαλήψεσθαι
3578 3291 3713 3345 δεῖν

2105 3375 2388 3462 ᾠήθημεν·
2429 3387 2609 3443 οὐδενὶ
2647 3387 2758 3456 μὲν
2787 3386 2850 3439 τὸ
2895 3383 3084 3449 ἄδοξον
3113 3367 3490 3456 περιτιθέντες
3516 3423 3534 3446 ,
3565 3383 3713 3437 ὅσον

2105 3482 2163 3536 δὲ
2186 3485 2250 3536 ὲκ
2277 3482 2374 3552 τῆς
2406 3479 2704 3546 ἐξετάσεως
2729 3477 2824 3531 τοῦ
2854 3477 3150 3532 ἀκολούθου
3179 3477 3398 3547 ἀνήκει,
3427 3476 3492 3530 τὸ
3523 3477 3716 3548 ὑπερ-

2107 3575 2241 3645 φυὲς
2267 3573 2413 3626 κατά
2441 3589 2494 3625 τι
2518 3570 2654 3640 γοῦν
2683 3572 2741 3623 ἐν
2768 3569 2982 3632 αύτοίς,
3015 3569 3092 3630 ὡς
3125 3569 3184 3621 ὲν
3219 3567 3414 3638 βραχεῖ
3439 3567 3524 3637 τῷ
3551 3567 3715 3639 λόγῳ

2108 3663 2503 3736 παριστῶντες·
2540 3663 2774 3736 λέγομεν
2805 3662 2990 3716 τοίνυν
3023 3661 3112 3714 ἵνα
3137 3663 3206 3719 ὲκ
3236 3659 3332 3714 τοῦ
3361 3660 3559 3729 ὁμοίου
3597 3663 3714 3730 τὴν

2110 3735 2288 3830 ἀρχὴν
2311 3735 2694 3827 ποιησώμεθα,
2725 3755 2915 3824 ἐπειδὴ
2935 3753 3094 3806 τοῦτο
3116 3753 3210 3806 καὶ
3233 3751 3420 3806 είκών·
3443 3755 3530 3821 A')
3570 3752 3721 3806 Ὅτι

2109 3851 2140 3920 ἡ
2170 3847 2340 3902 εἰκὼν
2363 3848 2458 3902 τοῦ
2493 3846 2737 3918 Χριστοῦ
2759 3889 2774 3913 ,
2805 3845 3062 3916 ὁμοίωμα
3092 3843 3261 3900 αὑτοῦ
3302 3844 3422 3897 ἐστι
3443 3885 3460 3910 ,
3492 3843 3590 3898 καὶ
3621 3846 3722 3915 τῷ

2109 3937 2322 4009 σώματι
2361 3937 2530 3994 αὑτοῦ
2562 3936 2890 4009 προσέοικε,
2923 3937 3018 3988 καὶ
3049 3935 3144 3988 τὸν
3171 3932 3344 3987 τύπον
3371 3933 3470 3987 τοῦ
3509 3935 3722 4004 σώμα-

2106 4047 2196 4095 τος
2227 4029 2394 4084 αὑτοῦ
2445 4021 2582 4100 ἡμῖν
2621 4027 2963 4100 ὑπογράφει,
2998 4028 3094 4082 καὶ
3128 4026 3188 4080 τὸ
3229 4022 3372 4090 εἶδος
3407 4043 3726 4096 starestar-

2106 4121 2380 4190 τέλλεται,
2415 4121 2511 4178 καὶ
2538 4119 2740 4191 τρόπον
2771 4119 3024 4192 πράξεως
3049 4117 3082 4189 ἦ
3131 4117 3488 4180 διδασκαλίας
3513 4119 3550 4190 ἢ
3593 4121 3724 4172 πά-

2109 4209 2234 4274 θους
2265 4211 2340 4274 ὡς
2371 4210 2440 4264 τὰ
2488 4209 2662 4264 πολλά
2703 4209 3136 4281 ἀπομιμουμένη
3176 4207 3557 4279 διασημαίνει⁸
3581 4211 3616 4262 ὀ
3646 4210 3726 4263 ἃ

2105 4304 2204 4358 τοῦ
2237 4303 2475 4375 σταυροῦ
2515 4303 2714 4370 τύπος,
2741 4302 2867 4358 οὔτε
2900 4303 3226 4375 προσέοικεν
3263 4302 3434 4356 αὐτοῦ
3473 4302 3556 4372 τῷ
3586 4302 3728 4356 σὼ-

2111 4414 2263 4470 ματι,
2290 4395 2416 4450 οὕτε
2456 4395 2607 4450 οὐδὲν
2635 4394 2748 4449 τῶν
2785 4395 3095 4466 εἰρημένων
3139 4395 3275 4466 ἡμῖν
3319 4392 3726 4448 ύποδείκνυσισ

427 4491 688 4546 ostendit.
723 4489 878 4556 Quod
907 4495 1090 4544 autem
1121 4485 1298 4543 simile
1331 4497 1414 4542 est
1459 4487 1648 4555 alicui,
1683 4492 1856 4560 magis
1881 4510 1999 4564 pro-

2108 4489 2168 4542 τὸ
2199 4489 2258 4542 δέ
2283 4505 2391 4542 τινι
2415 4489 2624 4559 ὅμοιον,
2652 4487 2750 4541 τοῦ
2779 4487 2858 4558 μὴ
2878 4487 3065 4557 ὁμοίου
3097 4486 3398 4558 ἐγγύτερόν
3441 4487 3567 4540 ἐστι
3604 4491 3733 4543 καὶ

427 4579 686 4652 pinquum
726 4575 884 4648 107
905 4583 958 4630 et
989 4585 1277 4647 cognatum
1311 4587 1394 4631 est
1424 4576 1498 4643 ei,
1527 4591 1690 4647 quam
1717 4583 1862 4650 quod
1895 4599 2003 4640 non

424 4683 510 4728 est
565 4670 766 4737 simile,
805 4668 1090 4740 notiusque
1148 4667 1280 4723 illud
1319 4678 1538 4739 propter
1587 4671 2002 4733 similitudinem

425 4763 626 4818 eﬁicit:
655 4777 720 4818 ac
749 4762 976 4832 proinde
1000 4761 1312 4818 honoratior
1338 4773 1424 4816 est
1451 4762 1628 4832 imago
1662 4763 1890 4834 Christi,
1919 4779 2006 4824 ut.-

427 4860 556 4923 pote
582 4854 752 4923 magis
774 4853 850 4909 illi
871 4853 1098 4909 ﬁnitima
1122 4862 1178 4909 et
1203 4853 1404 4908 notion.
1438 4853 1574 4908 lium
1621 4855 1788 4926 igitur
1831 4858 2005 4930 ﬁgura

427 4945 608 5002 crucis
649 4946 791 5015 apud
823 4962 922 5002 nos
948 4950 1022 5003 sit
1048 4948 1105 5004 in
1138 4949 1344 5005 honore
1383 4957 1441 5003 et
1485 4950 1854 5018 veneratione,
1902 4955 2008 5008 erit

430 5038 752 5095 honoratior
787 5048 842 5094 et
876 5041 1238 5096 venerabilior
1261 5041 1468 5098 Christi
1518 5042 1718 5114 imago.
1747 5043 1818 5116 ll)
1850 5044 2004 5101 Prac-

331 5165 342 5172 -
402 5141 579 5205 aenea
603 5132 786 5202 imago
811 5127 1012 5185 Christi
1049 5133 1283 5201 primum
1335 5144 1392 5190 et
1441 5134 1559 5190 sine
1605 5137 1782 5192 medio
1816 5137 2002 5195 statim

427 5232 480 5280 et
507 5223 685 5294 primo
723 5235 1016 5292 congressu
1061 5227 1296 5292 speciem
1341 5226 1459 5296 cius
1513 5227 1672 5284 nobis
1709 5229 1914 5284 indicat
1946 5239 2004 5286 et

429 5311 748 5372 memoriam
781 5308 960 5377 aﬂ'ert,
993 5313 1259 5381 siquidem
1285 5329 1430 5381 eum,
1467 5317 1559 5386 qui
1601 5316 1868 5389 eliigiatus
1891 5329 2000 5387 est,

427 5407 485 5466 in
519 5407 636 5480 ipsa
665 5403 848 5473 efﬁgie
881 5413 1133 5474 tanquam
1156 5405 1214 5459 in
1242 5407 1462 5477 sp‘eculo
1485 5419 1812 5478 spectamus.
1851 5410 1999 5466 Crux

498 5595 544 5626 ει
573 5595 736 5650 prov.
775 5607 924 5655 xsvr,
956 5587 1010 5642 4.
1087 5587 1134 5619 ⁸⁵
1173 5585 1291 5644 Jac.
1327 5603 1386 5656 ιι,
1426 5591 1508 5644 lt).

2109 4584 2465 4655 οἰκειότερον,
2501 4583 2578 4648 ὡς
2617 4583 2707 4638 διὰ
2751 4586 2851 4654 τῆς
2901 4585 3218 4654 ὁμοιότητος
3265 4583 3736 4656 γνωριμώτερον

2110 4677 2288 4732 ἐκεῖνο
2343 4675 2533 4730 ποιοῦν
2585 4677 2681 4730 καὶ
2735 4674 2840 4732 διὰὶ
2886 4675 3190 4730 τοῦτο.καὶ
3253 4678 3620 4748 τιμιώτερον·
3685 4681 3736 4752 ἡ

2109 4767 2274 4822 ιίκὼν
2327 4767 2438 4838 ἄρα
2491 4767 2587 4820 τοῦ
2621 4768 2894 4840 Χριστοῦ,
2941 4767 3372 4840 ὥςιοικειοτὲρα
3412 4770 3513 4822 καὶ
3557 4786 3743 4838 rvm-

2113 4858 2433 4930 ριμωτέρα,
2497 4858 2682 4930 τιμίου
2747 4860 2844 4928 καὶ
2901 4860 3112 4914 οεπτοῦ
3176 4860 3272 4915 τοῦ
3343 4859 3524 4914 τύπου
3603 4864 3740 4918 τοῦ

2111 4950 2346 5023 σταυροῦ
2391 4951 2520 5022 παρ’
2555 4954 2690 5023 ἡμῖν
2734 4951 3126 5023 τυγχάνοντος,
3165 4951 3478 5024 τιμιωτέρα
3512 4951 3584 5008 ἃν
3617 4957 3744 5028 εἴη

2109 5043 2204 5098 καὶ
2243 5043 2681 5115 σεδασμιωτέρα.
2727 5043 2822 5115 B')
2861 5043 2982 5098 Ἔτι
3027 5046 3060 5115 ή
3089 5043 3255 5098 είκὼν
3282 5033 3378 5098 τοῦ
3409 5045 3690 5117 Χριστοῦ
3719 5089 3747 5114 ,

2109 5135 2344 5207 πρώτως
2371 5137 2464 5190 καὶ
2489 5137 2714 5206 ἁμέσως
2739 5135 2906 5201 εὐθύς
2936 5153 2994 5190 τε
3027 5137 3122 5195 καὶ
3151 5139 3220 5192 ἐκ
3249 5136 3478 5210 πρώτης
3513 5143 3756 5199 tit-:25-

2104 5227 2270 5306 ξεως,
2302 5229 2364 5282 τὸ
2389 5224 2527 5293 εἶδος
2557 5227 2724 5283 αὐτοῦ
2766 5231 2896 5302 παρ’
2935 5231 3068 5300 ἡμῖν
3096 5231 3418 5302 ἐμφανίζει,
3452 5234 3564 5288 καὶ
3611 5237 3760 5310 τὴν

2103 5323 2328 5394 μνήμην
2372 5321 2668 5393 ἐντίθησιν
2701 5323 2864 5378 αὑτὸν
2895 5325 3005 5394 γὰρ
3045 5325 3139 5379 τὸν
3183 5327 3614 5396 εἰκονιζόμενον
3671 5335 3760 5390 ἐν

2103 5413 2240 5486 αὐτῇ
2293 5413 2769 5488 κατοπτριζόμεθα
2795 5431 2810 5444 ⁸
2861 5417 2890 5469 ὀ
2943 5416 3001 5469 δὲ
3045 5417 3276 5488 σταυρὸς
3326 5418 3428 5488 οὐχ
3485 5418 3752 5490 οὕτως·

500 5744 616 5812 (46)
653 5745 764 5801 lloc
785 5748 918 5803 dicit
948 5746 1069 5817 quia
1103 5744 1447 5802 lconomaclii
1482 5747 1774 5818 imaginem
1801 5747 2008 5804 Christi
2047 5749 2462 5820 aversabantur,
2490 5765 2712 5807 crucem
2739 5765 2846 5808 non
2875 5752 3029 5820 item,
3059 5763 3117 5808 ut
3143 5767 3265 5807 mox
3292 5751 3538 5820 patebit.
