3856 6204
388 280 421 346 Ὗ
463 309 564 373 έῖὶι

1489 299 1548 360 S.
1592 293 2010 357 NICEPHOBI
2049 293 2554 354 PATRIARCHE
2588 294 2697 354 (ΞΡ.

3613 297 3714 362 4‘32

459 425 620 478 quam
653 407 804 460 illum
838 405 928 476 qui
953 405 1207 461 confixus
1234 413 1315 458 est
1346 403 1538 457 timore
1572 401 1818 465 Domini,
1860 408 1914 453 et
1944 415 2033 451 va-

2144 399 2404 466 σταυρόν
2443 412 2560 452 σου
2581 438 2594 462 ,
2645 399 2742 453 καί
2785 399 3100 456 ἀκολούθει
3127 418 3249 470 μοι,
3281 402 3313 473 ἢ
3344 401 3434 456 τὸν
3469 404 3716 476 καθηλω-

453 500 721 554 nitatibus
749 498 932 552 mundi
976 497 1223 551 nuntium
1255 494 1486 560 remisit,
1521 502 1770 562 paratum
1817 505 1937 546 esse
1968 491 2034 544 ad
2076 503 2084 510 ·

457 591 640 644 omnia
703 597 927 658 propter
975 601 1218 641 amorem
1271 585 1388 653 ejus
1425 581 1783 639 sustinenda?
1813 581 1908 636 Sic
1944 581 2034 650 qui

446 679 512 734 in
546 663 713 734 carne
752 693 850 733 sua
905 680 1158 749 stigmata
1192 677 1396 732 Christi
1455 667 1702 740 ferebat,
1739 684 1790 729 et
1824 676 1875 728 in
1907 689 2036 743 pas-

459 772 611 826 sione
634 771 974 840 gloriabatur
1011 769 1262 838 inquiens
1296 786 1310 822 :
1352 767 1486 822 Mihi
1525 776 1702 822 mrtem
1736 767 1872 822 absit
1918 766 2036 837 glo-

455 863 590 915 riari
615 862 720 915 nisi
745 861 798 914 in
821 876 974 914 cruce
1002 859 1212 913 Domini
1237 861 1402 913 nostri
1423 859 1549 914 Jesu
1583 857 1780 912 Christi
1809 858 1880 924 ⁸⁸,
1907 873 2034 912 cru-

477 952 767 1007 -ilixionem
799 953 978 1016 nobis,
1017 951 1068 1004 id
1100 963 1184 1006 est
1206 951 1511 1022 passionem
1547 950 1778 1016 Christi,
1805 950 1890 1004 his
1916 964 2039 1004 ver-

456 1045 541 1098 bis
575 1045 922 1114 depingebat.
953 1043 1137 1114 Imago
1157 1053 1337 1098 autem
1367 1053 1455 1098 est
1487 1032 1692 1114 ipsius,
1714 1045 1805 1112 qui
1847 1057 2038 1114 passus

454 1144 562 1201 est,
595 1149 852 1204 expressa
901 1134 1238 1200 similitudo;
1283 1149 1402 1202 qua:
1459 1134 1679 1204 proprie
1724 1133 1896 1202 magis
1957 1133 2036 1186 di-

457 1226 726 1296 gnius_que
777 1225 953 1294 ipsum
985 1224 1145 1280 nobis
1173 1233 1549 1292 repraesentat,
1571 1239 1733 1294 quam
1755 1238 1816 1278 ea
1845 1223 2034 1292 ﬁgura,

463 1318 626 1387 103
656 1332 774 1386 qua:
809 1317 1080 1371 exteriora
1112 1326 1166 1370 et
1196 1330 1316 1384 qua:
1345 1315 1626 1370 Christum
1679 1315 2038 1369 circumstant

458 1410 726 1480 designat.
773 1405 956 1488 Imago
985 1408 1152 1478 igitur
1183 1422 1303 1476 qua:
1355 1407 1536 1478 ipsum
1561 1404 1842 1463 Christum
1882 1405 2038 1460 nobis

457 1502 727 1572 designat,
753 1499 973 1570 dignior
997 1509 1079 1575 est
1105 1499 1385 1564 honorari,
1415 1512 1575 1569 quam
1611 1513 1746 1554 crux
1767 1510 1886 1568 quae
1915 1512 2038 1568 pas-

459 1594 631 1648 sionis
670 1593 884 1646 modum
937 1590 1092 1645 nobis
1115 1589 1474 1646 demonstrat.
1518 1585 1544 1602 ί

503 1864 736 1921 ‘Chrlsti
809 1877 1004 1918 nomen
1059 1861 1166 1937 νιυ
1218 1867 1474 1936 tanquam
1532 1860 1920 1930 homonymum
1971 1859 2036 1912 de

457 1957 661 2014 Christi
689 1957 924 2027 imagine
947 1955 1274 2024 praedicatur
1304 1972 1318 2008 :
1344 1953 1598 2008 Christus
1631 1953 2039 2009 enim'voeatur

457 2030 578 2120 ipsa
613 2051 812 2118 imago,
835 2047 976 2103 sicut
1006 2063 1100 2103 rex
1134 2055 1358 2100 vocatur
1387 2047 1501 2114 ipsa
1539 2045 1715 2114 imago
1743 2044 1886 2113 regis
1919 2061 1934 2098 :
1973 2043 2038 2096 de

464 2155 625 2196 cruce
647 2150 828 2194 autem
862 2138 1142 2209 praedicari
1170 2153 1274 2190 non
1309 2147 1505 2206 potest.
1542 2150 1699 2190 nemo
1733 2136 1875 2188 enim
1915 2147 2040 2186 cor-

461 2240 621 2290 datus
672 2247 894 2288 crucem
955 2231 1062 2286 ullo
1118 2231 1280 2285 modo
1337 2212 1973 2300 appellabitoChristutn
2020 2245 2034 2280 :

460 2340 632 2395 quare
663 2325 808 2394 quod
833 2322 1124 2394 participat
1161 2323 1336 2391 ipsum
1375 2335 1594 2383 nomen,
1639 2321 1782 2374 sicut
1811 2318 2039 2388 partici—

461 2423 555 2488 pat
603 2417 830 2486 ﬁguram
865 2414 1156 2484 corporis,
1201 2414 1374 2481 magis
1425 2412 1748 2466 honoratum
1793 2421 1909 2476 est,
1951 2409 2040 2464 illo

462 2511 602 2576 quod
645 2507 776 2562 nihil
807 2507 999 2560 horum
1031 2505 1323 2574 participat
1355 2507 1579 2574 :‘imago
1607 2495 1774 2574 igitur
1801 2503 2039 2558 honora-

467 2603 570 2678 tior
594 2609 902 2668 est,quam
959 2598 1127 2668 ﬁgura
1181 2598 1382 2653 crucia.
1430 2595 1576 2666 Vill)
1605 2597 1779 2652 Causa
1822 2603 2042 2652 antece-

465 2697 544 2748 dit
565 2693 839 2756 eth-ctum,
865 2693 1245 2760 prmcipueque
1269 2705 1434 2744 causa
1467 2691 1743 2746 eﬁiciens:
1775 2691 1920 2762 quod
1946 2707 2038 2744 au-

466 2799 572 2840 lem
609 2785 906 2848 antecedit,
943 2785 1116 2852 magis
1147 2785 1470 2836 honoratum
1502 2791 1605 2848 est,
1639 2797 1800 2852 quam
1852 2783 1902 2836 id
1953 2783 2042 2838 eui

465 2879 760 2934 antecedit.
787 2876 924 2942 Quia
959 2876 1126 2947 igitur
1156 2889 1318 2930 causa
1350 2875 1536 2943 ﬁgura:
1563 2875 1740 2928 crucis
1759 2883 1842 2929 est
1865 2873 2044 2944 passio

467 2971 712 3039 corporis
741 2966 970 3030 Christi,
1024 2975 1080 3020 ει
1137 2966 1335 3033 corpus
1383 2973 1466 3018 est
1521 2962 1838 3034 principalis
1877 2978 2043 3018 causa

471 3064 654 3128 ﬁgurae
685 3061 896 3120 crucis,
942 3057 1186 3126 sequitur
1224 3065 1284 3110 ut
1332 3055 1512 3127 imago
1541 3054 1784 3126 corporis
1811 3055 2042 3118 Christi,

2140 488 2303 560 μένον
2346 490 2424 561 τῷ
2460 490 2610 562 φόϐῳ
2642 491 2854 562 Κυρίου
2881 531 2896 556 ,
2935 493 3030 546 καὶ
3073 497 3186 558 τοῖς
3229 494 3323 547 τοῦ
3365 495 3574 565 κόσμου
3614 515 3719 568 μα-

2135 581 2312 646 ταίοις
2365 582 2808 654 ἀποταξάμενον,·
2863 583 3110 658 εὐτρεπῆ
3165 583 3308 640 εἶναι
3373 589 3482 642 πᾶν
3540 589 3720 645 ὁτιοῦν

2137 672 2281 746 ὑπὲρ
2335 675 2434 746 τῆς
2467 676 2546 739 είς
2600 676 2762 730 αὐτὸν
2813 677 3108 748 ὑπομένειν
3159 667 3413 750 ἆγάπηςς
3462 679 3610 735 οὓτω
3654 682 3720 752 δὴ

2137 767 2234 818 καὶ
2257 767 2286 820 ὀ
2314 767 2381 820 τά
2419 767 2695 838 στίγματα
2731 769 2824 823 τοῦ
2854 769 3095 841 Χριστοῦ
3128 773 3187 824 ὲν
3223 774 3289 844 τῇ
3323 772 3490 842 σαρκὶ
3513 774 3720 846 φέρων,

2139 860 2232 912 καὶ
2267 860 2408 930 μέγα
2430 860 2525 914 ἐπὶ
2558 861 2636 932 τῷ
2671 862 2834 917 πάθει
2863 863 3032 919 αὐτοῦ
3064 865 3303 936 φρονῶν,
3355 864 3724 937 ἐφιλοτιμεῖτο

2136 951 2334 1021 λέγων·
2397 953 2555 1023 Ἐμοὶ
2583 953 2652 1008 δὲ
2679 954 2766 1026 μὴ
2793 956 3028 1023 γένοιτο
3072 955 3432 1025 καυχᾶσθαι,
3465 961 3518 1024 εί
3536 959 3626 1028 μὴ
3653 959 3727 1013 ἐν

2138 1042 2220 1109 τῷ
2244 1043 2486 1114 σταυρῷ
2511 1046 2618 1102 τοῦ
2641 1048 2862 1116 Κυρίου
2891 1048 3061 1123 ήμῷν
3087 1049 3294 1119 Ἰησοῦ
3319 1051 3600 1120 Χριστοῦ·
3624 1053 3726 1123 τὴν

2139 1138 2454 1209 σταύρωσιν
2509 1141 2642 1212 ἡμῖν
2674 1140 2764 1194 διὰ
2811 1141 3018 1196 τούτων
3068 1137 3425 1214 ὑπογράφων,
3481 1145 3602 1215 ἢτοι
3663 1145 3726 1198 τὸ

2139 1229 2378 1300 Χριστοῦ
2413 1230 2606 1295 πάθος·
2653 1233 2686 1301 ή
2733 1230 2791 1284 δὲ
2838 1229 3004 1286 εἰκὼν
3050 1231 3218 1286 αὐτοῦ
3267 1233 3362 1287 τοῦ
3416 1235 3726 1306 πάσχοντος

2139 1322 2536 1394 ὲκσφράγισμα
2562 1324 2658 1376 καὶ
2691 1324 2948 1394 ὁμοίωμά
2977 1325 3149 1391 ἐστιν,
3176 1326 3506 1398 οἰκειότερον
3535 1327 3595 1380 δὲ
3628 1329 3723 1381 καὶ

2140 1409 2594 1484 ἀξιολογώτερον,
2606 1415 2667 1467 τὸ
2684 1414 2850 1468 αὐτόν
2867 1432 2989 1470 τινα
3002 1415 3328 1486 διαγράψον,
3345 1417 3380 1489 ἢ
3399 1416 3459 1470 τὸ
3475 1417 3545 1472 τά
3563 1417 3722 1482 ἐκτὸς

2141 1503 2238 1557 καὶ
2275 1504 2404 1573 περὶ
2447 1503 2610 1558 αὑτὸν
2642 1505 2964 1584 ύποιραῖνον·
2998 1506 3399 1578 ἀξιολογωτέρα
3427 1505 3538 1576 ἄρα
3573 1509 3612 1578 ἡ
3643 1511 3725 1560 εἰ-

2141 1595 2274 1660 κὼν,
2311 1591 2386 1660 ὧς
2417 1597 2508 1650 τὸν
2541 1583 2776 1669 Χριστὸν
2799 1598 2966 1650 αὑτὸν
3010 1599 3142 1668 ἡμῖν
3187 1597 3596 1668 ἐμφανίζουσα,
3625 1598 3724 1652 τοῦ

2139 1688 2383 1760 σταυροῦ
2437 1689 2527 1744 τὸν
2581 1691 2782 1762 τρόπον
2851 1688 2946 1742 τοῦ
3005 1689 3212 1754 πάθους
3267 1691 3401 1762 ἡμῖν
3454 1690 3726 1762 παραδει-

2063 1770 2105 1823 Β
2137 1781 2383 1846 κνύντος.

2211 1873 2286 1929 Τὸ
2333 1875 2572 1948 Χριστὸς
2628 1875 2805 1947 ὄνομα
2843 1877 2918 1949 Z')
2967 1877 3276 1948 ὁμωνύμως
3307 1878 3402 1932 καὶ
3450 1876 3596 1932 κατά
3623 1878 3727 1948 τῆς

2139 1967 2348 2034 εἰκόνος
2389 1967 2556 2023 αὐτοῦ
2598 1968 2692 2022 τοῦ
2741 1968 2982 2040 Χριστοῦ
3013 1973 3424 2040 κατηγορεῖται·
3476 1969 3726 2040 Χριστὸς

2138 2059 2244 2128 γὰρ
2277 2061 2372 2112 καὶ
2403 2061 2550 2132 αὖτὴ,
2573 2059 2792 2131 λέγεται
2819 2077 2832 2091 ·
2864 2059 3054 2132 ὥσπερ
3099 2063 3196 2116 καὶ
3222 2061 3474 2132 βασιλεὺς
3499 2105 3514 2130 ,
3554 2064 3590 2132 ὴ
3623 2060 3724 2114 τοῦ

2143 2151 2415 2220 βασιλέως
2458 2153 2642 2206 εἰκὼν·
2689 2153 2832 2208 κατά
2867 2152 2960 2206 τοῦ
3013 2153 3250 2224 σταυροῦ
3301 2153 3360 2207 δὲ
3389 2154 3726 2224 κατηγορεῖ-

2142 2243 2266 2298 σθαι
2301 2244 2464 2298 τοῦτο
2491 2245 2754 2300 ἀδύνατον
2776 2263 2790 2276 ·
2826 2245 3006 2310 οὐδεὶς
3041 2245 3257 2318 γὰρᾶν
3297 2245 3430 2316 φαίη
3462 2237 3726 2299 τῶνοω-

2139 2335 2504 2418 φρονούντων,
2551 2339 2804 2408 Χριστὸν.
2822 2335 2915 2390 τὸν
2965 2337 3198 2410 σταυρὸν
3231 2337 3416 2391 οὐδενὶ
3445 2335 3656 2408 τρόπῳ·
3693 2335 3728 2391 ὃ

2138 2428 2317 2481 τοίνυν
2365 2431 2420 2482 ἐν
2455 2429 2670 2500 μεθέξει
2698 2431 2793 2510 καὶ
2824 2431 2988 2484 αὑτοῦ
3035 2430 3129 2484 τοῦ
3175 2431 3440 2501 ὀνόματος
3487 2428 3724 2510 γέγονε,

2140 2519 2392 2596 καθάπερ
2443 2522 2542 2593 ἤδη
2592 2507 2703 2576 καῖ’
2730 2522 2808 2592 τῷ
2841 2523 2934 2576 τοῦ
2969 2522 3220 2591 σώματος
3265 2521 3420 2591 τύπῳ
3453 2507 3728 2574 κεκοινώ-

2139 2629 2295 2681 νηκε,
2323 2603 2417 2666 τοῦ
2443 2615 2668 2684 μηδενὸς
2689 2614 2895 2668 τούτων
2922 2614 3284 2685 μετασχόντος
3305 2611 3655 2686 τιμιώτερον·
3687 2615 3728 2683 ἡ

2142 2702 2302 2756 εἰκὼν
2341 2703 2450 2775 ἄρα
2478 2705 2572 2757 τοῦ
2623 2703 2796 2758 τύπου
2850 2705 2943 2759 τοῦ
2987 2703 3226 2775 σταυροῦ
3259 2703 3586 2776 τιμιωτέρα.
3631 2702 3732 2772 ιιυ)

2141 2793 2215 2847 Τὸ
2266 2795 2438 2848 αἴτιον
2469 2795 2562 2848 τοῦ
2602 2787 2848 2849 αἰτιατοῦ
2887 2799 3248 2868 προηγεῖται·
3283 2797 3380 2850 καὶ
3422 2795 3633 2867 μᾶλλον
3664 2796 3735 2850 τὸ

2143 2885 2426 2954 ποιητικὸν
2453 2885 2643 2939 αἴτιον·
2673 2887 2735 2939 τὸ
2773 2885 2830 2954 δὲ
2861 2871 3274 2958 προηγούμενον
3315 2903 3484 2952 τινος,
3520 2884 3735 2956 τιμιώ-

2142 2985 2298 3047 τερον
2330 2969 2390 3030 οῦ
2422 2980 2765 3047 προηγεῖται·
2795 2979 2918 3030 ἐπεὶ
2955 2973 3052 3035 οὖν,
3079 2977 3249 3031 αἴτιον
3275 2977 3368 3030 τοῦ
3406 2977 3587 3031 τύπου
3631 2973 3735 3031 τοῦ

2147 3069 2401 3140 σταυροῦ,
2431 3069 2491 3122 τὸ
2519 3069 2690 3146 πᾲθος
2717 3069 2812 3123 τοῦ
2862 3069 3114 3141 σώματος
3143 3068 3236 3123 τοῦ
3289 3067 3529 3140 Χριστοῦ
3555 3111 3573 3137 ,
3622 3064 3725 3120 καί

472 3166 727 3221 tanquam
761 3166 925 3206 causa
977 3149 1217 3205 eﬁiciens
1265 3149 1448 3218 ﬁgura:
1486 3149 1688 3214 erucis,
1731 3139 2039 3206 honoratior

2147 3159 2625 3231 προκαταρκτικὸν
2654 3157 2714 3210 τὸ
2751 3157 2906 3229 σῶμα
2943 3157 3040 3212 τοῦ
3087 3157 3294 3224 τύπου,
3339 3157 3432 3211 καὶ
3475 3159 3508 3228 ἡ
3560 3158 3738 3214 εἰκὼν

468 3248 752 3303 habeatur.
816 3243 908 3314 IX)
952 3243 1084 3296 item
1141 3243 1282 3310 quod
1339 3238 1570 3309 alicujus
1621 3256 1784 3296 causa
1839 3241 2040 3296 factum

465 3345 571 3402 est,
607 3335 836 3390 inferius
883 3345 964 3388 est
999 3347 1064 3387 eo
1089 3373 1103 3397 ,
1132 3341 1352 3402 propter
1393 3332 1537 3401 quod
1590 3329 1795 3386 factum
1833 3343 1934 3388 est.
1980 3331 2041 3386 Si

467 3431 634 3500 igitur
658 3442 791 3482 crux
827 3434 1050 3496 propter
1097 3429 1296 3494 corpus
1347 3421 1561 3478 Domini
1614 3421 1758 3476 facta
1796 3431 1900 3486 est,
1937 3437 2039 3476 ne-

468 3535 624 3577 resse
649 3531 734 3576 est
761 3527 820 3572 ut
849 3517 1014 3571 etiam
1051 3517 1102 3569 in
1129 3515 1321 3570 lioru'm
1349 3513 1537 3584 ﬁguris
1557 3513 1843 3568 inferiores
1861 3523 2042 3584 partes

429 3615 607 3667 ierat
631 3612 804 3680 ﬁgura
841 3611 1042 3664 crucis.
1085 3608 1222 3660 Nam
1245 3621 1479 3677 quorum
1508 3607 1886 3661 antecedentia
1937 3609 2041 3659 mi~

467 3717 598 3758 nera
632 3712 802 3766 sunt,
838 3684 1209 3771 ipsa-quoque
1243 3698 1454 3752 minora
1507 3705 1652 3752 sunt.
1690 3695 2043 3751 Demonstra-

479 3805 592 3849 tum
625 3793 790 3862 igitur
835 3801 921 3845 est
965 3791 1210 3859 pluribus
1255 3788 1590 3852 rationibus,
1629 3789 1794 3858 quod,
1827 3789 2042 3843 etiamsi

469 3898 606 3940 crux
644 3881 937 3937 vlviﬁca-in
967 3883 1173 3936 honore
1197 3881 1398 3948 alioqui
1433 3881 1717 3945 habeatur,
1754 3881 1930 3950 imago
1963 3891 2043 3934 ta-

469 3975 593 4029 men
625 3971 852 4032 Christi,
892 3982 950 4025 ut
979 3969 1356 4041 superioribus
1379 3971 1712 4038 argumentis
1735 3969 2065 4024 confectum.

467 4079 574 4136 est,
625 4067 946 4124 honoratior
997 4076 1080 4120 est
1113 4087 1125 4121 :
1157 4061 1325 4134 quare
1362 4064 1455 4134 qui
1497 4059 1714 4119 cruceiu
1775 4063 2042 4118 honorare

468 4161 784 4233 proﬁtetur,
850 4159 1064 4214 Domini
1097 4172 1313 4229 quoque
1367 4156 1656 4228 imaginem
1703 4155 2038 4212 honorabit:

467 4255 550 4309 sin
575 4262 707 4310 Vero
740 4254 882 4308 hanc
915 4267 1019 4306 non
1073 4253 1322 4316 honorat,
1352 4249 1518 4304 inulto
1549 4250 1727 4304 minus
1770 4249 1916 4302 illum
1953 4249 2042 4302 ho-

468 4345 702 4400 norabit.
849 4367 860 4374 ·
1201 4345 1210 4352 ’

539 4533 853 4596 Postremo,
895 4531 964 4600 Χ)
1017 4531 1264 4586 videmus
1299 4529 1590 4583 multis'in
1642 4527 1773 4583 locis
1822 4528 2040 4584 cruciﬁ-

467 4627 685 4681 xionem
715 4604 918 4680 Christi
942 4625 996 4676 in
1027 4622 1268 4690 imagine
1297 4621 1522 4691 pictam,
1548 4627 1684 4674 etut
1716 4620 2041 4674 convenien-

467 4717 540 4771 tia
567 4717 643 4772 rei
675 4717 870 4786 poscit,
905 4725 1026 4785 quae
1065 4713 1158 4768 illo
1191 4713 1403 4772 scilicet
1431 4711 1588 4766 modo
1623 4720 1744 4766 acta
1779 4711 1880 4766 fuit
1911 4729 1927 4765 :
1958 4712 2040 4766 vi-

469 4812 658 4864 demus
692 4810 966 4864 Christum
1007 4808 1277 4878 pendere,
1333 4818 1635 4874 manusque
1680 4813 1934 4860 extensas
1976 4818 2040 4859 ac

469 4899 636 4959 clavis
662 4903 924 4965 conlixas,
961 4901 1158 4970 quibus
1189 4897 1446 4953 salutaris
1484 4896 1662 4966 passio
1693 4895 1892 4951 Christi
1917 4910 2040 4950 om-

470 4991 628 5046 nibus
679 4990 954 5045 miraculis
1005 4989 1413 5054 admirabilior,
1465 4996 1518 5042 et
1567 4989 1799 5054 caeteris,
1843 4987 2040 5058 quibus

467 5082 602 5136 salvi
653 5081 782 5135 facti
821 5096 1008 5136 sumus
1037 5121 1052 5145 ,
1093 5080 1466 5150 .principalior
1512 5080 1668 5134 nobis
1709 5078 2036 5148 depingitur.

469 5177 608 5243 Quid
645 5175 808 5244 igitur
848 5173 1055 5228 inimici
1093 5175 1274 5229 crucis
1304 5173 1506 5228 Christi
1543 5173 1630 5228 hic
1664 5171 1906 5226 facient?
1937 5169 2041 5225 Ne-

467 5281 620 5324 cesse
642 5275 728 5322 est
755 5254 986 5320 alterum
1011 5280 1076 5318 ex
1123 5259 1336 5319 duobus
1375 5264 1555 5319 lacere
1589 5281 1602 5318 :
1631 5273 1724 5317 aut
1752 5263 2042 5317 adorantes

465 5373 718 5422 crucem,
765 5357 1054 5426 imaginem
1109 5370 1324 5424 quoque
1379 5357 1643 5420 adorare,
1697 5355 1797 5409 nisi
1857 5354 2090 5434 malint-

467 5448 719 5504 frustrari
788 5446 1184 5516 professionem
1249 5459 1402 5500 suam
1461 5464 1475 5499 :
1535 5456 1630 5500 aut
1690 5445 2043 5500 demolientes

468 5539 779 5611 imaginem,
823 5539 985 5611 simul
1017 5555 1232 5594 crucem
1263 5538 1527 5593 demoliri.
1567 5537 1666 5604 Qui
1715 5547 1893 5592 autem
1953 5553 2041 5592 se»

539 5692 585 5728 ⁶⁸
615 5691 794 5749 Galat.
854 5709 932 5760 νι,
965 5695 1050 5747 Η.

2145 3254 2254 3323 ἄρα
2283 3251 2376 3305 τοῦ
2409 3252 2656 3323 σώματος
2689 3249 2784 3304 τοῦ
2815 3249 3076 3320 Χριστοῦ,
3113 3249 3188 3312 ὡς
3215 3249 3498 3318 ποιητικὸν
3522 3250 3735 3315 αἴτιον,

2142 3343 2237 3398 τοῦ
2270 3343 2442 3396 τύπου
2477 3341 2570 3396 τοῦ
2604 3341 2851 3412 σταυροῦ
2890 3343 3208 3412 τιμιωτέρα.
3241 3340 3321 3409 8')
3354 3341 3476 3394 Ἔτι
3505 3341 3536 3393 ὃ
3586 3359 3739 3406 τινος

2143 3435 2328 3511 ξνεκεν
2357 3435 2603 3503 γέγονεν,
2637 3433 2858 3486 ἔλαττόν
2889 3433 3036 3484 ἐστιν
3067 3431 3280 3512 ἐκείνου
3314 3431 3412 3486 τοῦ
3451 3431 3518 3485 δι’
3551 3431 3584 3484 ὃ
3637 3432 3738 3500 γέν

2134 3511 2320 3595 ἰίονεν·
2353 3513 2402 3579 ἐι
2433 3526 2615 3578 τοίνυν
2663 3526 2692 3577 δ
2724 3523 2956 3594 σταυρὸς
2985 3521 3078 3578 τοῦ
3131 3523 3413 3594 Κυριακοῦ
3465 3525 3738 3594 σώματος

2141 3617 2350 3679 ἕνεκεν,
2383 3613 2603 3683 ἀνάγκη
2630 3614 2724 3666 καὶ
2754 3615 2812 3667 ὲν
2843 3615 2958 3676 τοῖς
2984 3611 3192 3666 τούτων
3220 3611 3436 3678 τύποις,
3469 3613 3534 3666 τὸ
3571 3614 3739 3668 ἔλατ-

2143 3723 2232 3759 τον
2255 3705 2346 3760 τδν
2376 3703 2548 3758 τύπον
2577 3701 2673 3756 τοῦ
2702 3702 2937 3773 σταυροῦ
2970 3693 3366 3772 ἀποφέρεσθαι·
3398 3695 3475 3756 ὧν
3509 3705 3636 3776 γὰρ
3667 3704 3742 3758 τά

2145 3797 2532 3867 προηγούμενα
2572 3795 2866 3860 ἐλάττονα,
2913 3794 3006 3847 καὶ
3059 3791 3198 3846 αύτά
3226 3792 3507 3847 ἐλάττονα·
3556 3795 3742 3848 δέδεμ-

2143 3874 2279 3944 κται
2301 3886 2396 3944 οῦν
2433 3887 2522 3940 διὰ
2551 3887 2832 3948 πλειόνων,
2857 3886 2938 3950 ὡς
2963 3887 3058 3939 καὶ
3083 3887 3248 3940 αὐτοῦ
3285 3886 3381 3940 τοῦ
3409 3887 3595 3941 τύπου
3633 3887 3738 3941 τοῦ

2144 3981 2407 4049 ζωοποιοῦ
2442 3980 2673 4052 σταυροῦ
2705 3979 2887 4051 τιμίου
2934 3977 3089 4042 ὄντος
3119 3979 3251 4050 παρῖ
3279 3979 3432 4049 ἡμῖν,
3483 3981 3522 4050 ἡ
3556 3980 3741 4034 εἰκὼν

2143 4073 2236 4128 τοῦ
2287 4071 2557 4146 Χριστοῦ,
2608 4071 2749 4125 κατά
2786 4071 2883 4142 τὴν
2928 4069 3040 4126 τῶν
3087 4069 3492 4141 ἀποδεδομένων
3545 4071 3744 4141 λόγων

2143 4165 2468 4222 ἀκολουθίαν
2513 4182 2572 4218 τε
2617 4167 2711 4219 καὶ
2759 4163 3034 4230 ἐξέτασιν,
3093 4165 3398 4242 τιμιωτέρα
3453 4163 3740 4236 ὑπάρχει·

2142 4256 2170 4308 ὁ
2204 4257 2385 4310 τοίνυν
2412 4255 2503 4310 τὸν
2533 4257 2764 4328 σταυρὸν
2779 4257 2942 4329 τιμᾷν
2956 4254 3458 4325 ἐπαγγελλόμενος.
3491 4256 3744 4326 τιμήσει

2144 4348 2252 4417 ἀρα
2287 4346 2380 4400 καὶ
2417 4345 2512 4398 τοῦ
2544 4346 2750 4417 Κυρίου
2799 4345 2899 4414 τὴν
2939 4346 3154 4399 εἰκόνα·
3203 4346 3252 4398 εί
3294 4344 3353 4398 δὲ
3395 4344 3622 4417 ταύτην
3675 4347 3747 4399 οὐ

2144 4442 2300 4510 τιμᾷ,
2337 4438 2458 4492 οὐδὲ
2484 4439 2690 4492 ἐκεῖνον
2719 4420 3011 4505 πολλοῦ-γε
3054 4437 3146 4490 καὶ
3173 4437 3272 4492 δεῖ.

2219 4529 2353 4584 Εἶτα
2382 4530 2448 4600 1')
2479 4528 2696 4600 ὁρῶμεν
2733 4530 2790 4582 ἐν
2819 4529 3026 4584 πλείοσι
3049 4530 3234 4592 τόποις
3275 4528 3366 4600 τὴν
3390 4526 3483 4582 τοῦ
3514 4531 3609 4583 Κυ
3621 4529 3746 4600 ρξου

2151 4619 2462 4690 σταύρωσιν
2513 4619 2573 4670 ὲν
2621 4620 2796 4698 εικόνι
2835 4619 3342 4690 διαγεγραμμένην,
3393 4621 3486 4672 καὶ
3537 4618 3630 4683 ὡς
3685 4619 3754 4670 τὸ

2147 4709 2296 4772 εἰκὸς
2336 4707 2468 4779 ἔχει,
2494 4705 2859 4780 ἀνάλογον-τῷ
2889 4709 2982 4762 τοῦ
3009 4710 3336 4780 πράγματος
3367 4708 3495 4762 καθ’
3533 4709 3606 4764 ὃν
3649 4710 3752 4763 πέ·

2151 4817 2392 4873 πρακται
2419 4801 2626 4870 τρόπῳ,
2661 4799 2932 4870 ἐκκρεμὲς
2957 4815 3017 4852 τε
3053 4801 3113 4854 τὸ
3137 4800 3318 4872 σῶμα,
3358 4800 3450 4854 καὶ
3479 4800 3595 4866 τὰς
3629 4805 3750 4873 χεῖο

2149 4910 2250 4964 ρας
2274 4893 2690 4964 διαπλουμένας,
2719 4893 2816 4946 καὶ
2843 4895 2955 4956 τοῖς
2983 4893 3132 4963 ἥλοις
3161 4893 3390 4946 διαπεπε
3401 4910 3539 4964 ρονη
3548 4897 3757 4965 μένας·

2147 4982 2346 5055 ὐφ”ὧν
2371 4987 2432 5040 τὺ
2466 4985 2686 5040 πάντων
2739 4985 3062 5056 θαυμασίων
3103 4983 3598 5056 θαυμασιώτερον,
3659 4989 3765 5040 καί

2145 5078 2256 5130 τῶν
2295 5079 2363 5132 δι’
2401 5065 2478 5132 ὧν
2516 5078 2844 5148 σεσώσμεθα
2875 5077 2936 5130 τὸ
2969 5076 3354 5148 καιριώτατον,
3389 5075 3581 5141 πάθος
3617 5080 3768 5150 ἡμῖν

2147 5169 2238 5222 τοῦ
2273 5167 2510 5240 Χριστοῦ
2547 5168 2605 5221 τὸ
2641 5169 2907 5240 σωτήριον
2941 5167 3340 5239 ὑπογράφεται·
3380 5167 3435 5219 τί
3466 5161 3580 5221 οὖν
3615 5170 3770 5240 προς

2145 5260 2306 5314 τοῦτο
2329 5263 2378 5314 oi
2411 5259 2600 5332 ἐχθροὶ
2630 5259 2726 5313 τοῦ
2766 5257 2999 5330 σταυροῦ
3039 5257 3133 5312 τοῦ
3163 5256 3400 5330 Χριστοῦ
3433 5259 3774 5330 δράσειαν,

2146 5351 2361 5423 ἀνάγκη
2389 5351 2536 5406 δυοῖν
2567 5351 2630 5430 το
2656 5351 2862 5422 ἕτερον·
2899 5351 2934 5422 ἢ
2967 5339 3412 5422 προσκυνοῦντας
3444 5350 3550 5404 τὸν
3589 5368 3777 5408 σταυ-

2151 5445 2264 5513 ρὸν,
2319 5445 2415 5498 καὶ
2450 5443 2550 5514 τὴν
2594 5425 2795 5498 ἐἰκόνα
2851 5445 3382 5516 συμπροσκυνῆσαι,
3419 5432 3628 5518 εἴπερ
3689 5446 3777 5520 μὴ

2153 5537 2337 5606 μέλλοι
2373 5537 2446 5591 τὰ
2486 5540 2586 5608 τῆς
2626 5536 2966 5608 ἐπαγγελίας
3023 5535 3205 5590 αὐτῶν
3247 5535 3700 5594 διαπεσεῖσθαιο
3737 5541 3776 5612 ἢ
