4032 6208
495 293 562 358 39
1489 310 1546 369 S.
1594 311 2008 372 NICEPIIOIH

2121 314 2555 376 tTRIARCIIIE
2593 317 2703 376 (ΣΡ.
2789 330 2792 332 ⁷

533 412 686 480 111
715 410 1052 469 Cernehatur
1081 418 1242 486 igitur
1273 420 1343 472 ita
1377 425 1695 477 naturaliter
1743 440 2027 494 compara-
2057 441 2099 492 Α

459 513 546 561 tus
573 503 854 572 Servator,
890 509 998 563 non
1041 521 1217 564 tamen
1251 513 1392 566 sicut
1432 523 1589 568 antea
1625 531 1745 570 cum
1777 518 2025 572 omnibus

457 597 815 666 \ersabatur;
871 603 965 656 sed
1025 603 1331 672 hujusmodi
1392 605 1598 661 visione
1645 607 1822 677 dignis
1855 621 2024 664 semet

458 685 727 756 revelatis,
775 693 953 746 crucis
988 694 1184 748 indicia
1218 697 1560 754 ostendebat.
1596 699 1771 768 Atque
1795 699 1898 756 hoc
1925 717 2024 756 no-

455 780 536 834 bis
565 779 797 836 aﬂirmat
837 785 1003 854 (quod
1035 785 1269 842 libenter
1301 787 1638 862 ﬁdeliterque
1666 793 2023 864 admittimus)

453 871 696 926 divinum
723 873 862 940 latus
886 874 1123 932 Thomas
1146 881 1486 949 contingens,
1522 883 1772 954 elataque
1797 895 1851 941 et
1881 887 2021 942 clara

454 977 584 1016 voce
613 963 928 1022 exclamans
960 985 974 1022 :
1025 969 1279 1025 Dominus
1326 989 1469 1028 meus
1501 985 1547 1028 et
1587 975 1726 1031 Deus
1755 994 1898 1033 meus
1939 979 2018 1034 "l

451 1047 664 1111 necnon
697 1070 900 1115 saucue
931 1060 1191 1118 mulieres‘
1215 1066 1524 1134 purissimis
1552 1069 1778 1137 pedibus
1818 1071 2026 1140 pariter

453 1144 658 1199 tactis:
693 1149 788 1201 sed
837 1160 892 1202 et
925 1149 999 1204 illi
1042 1151 1257 1208 demum
1297 1155 1508 1210 itineris
1545 1157 1792 1222 comites,
1825 1169 1879 1212 et
1929 1174 2025 1214 cor

449 1235 650 1288 ardens
688 1239 918 1306 experti,
975 1243 1203 1296 retentis
1255 1243 1606 1299 nihilominus
1665 1247 1806 1301 inter
1857 1249 2022 1304 collo-

449 1327 722 1390 quendum
749 1329 990 1406 ipsorum
1023 1334 1194 1388 oculis
1222 1350 1289 1390 ne
1311 1347 1706 1406 agnoscerent;
1731 1341 1873 1408 quod
1898 1356 2021 1394 mox

451 1419 898 1486 impedimentum
941 1424 995 1477 in
1048 1425 1314 1481 fractione
1356 1429 1512 1495 panis
1569 1429 1838 1484 sublatum
1897 1433 2017 1490 fuit.

448 1510 565 1578 Ipse
630 1518 810 1568 autem
861 1515 982 1570 cibo
1053 1527 1288 1587 potaque
1347 1523 1620 1586 utebatur,
1675 1523 1886 1580 etiamsi
1909 1523 2019 1594 jam

450 1602 865 1674 incorruptibile
899 1622 1097 1678 corpus
1132 1620 1249 1666 eral
1283 1630 1296 1666 :
1337 1627 1456 1685 quae
1485 1613 1702 1683 quidem
1741 1631 1844 1669 non
1878 1615 2022 1668 indi-

449 1694 629 1760 gentia
669 1697 871 1766 aliqua,
913 1701 1008 1754 sed
1039 1702 1522 1759 condescensionis
1573 1705 1803 1770 ratione,
1835 1715 1888 1760 et
1925 1722 2020 1774 per

2215 427 2458 498 Ἐωρᾶτο
2485 429 2528 480 δ’
2559 428 2652 481 οὖν
2684 428 2832 497 ὅμως
2861 428 3018 482 τοῦτο
3055 429 3308 498 πεςρυκὼς
3343 430 3368 482 ό
3405 429 3619 499 Σωτὴρ,
3646 431 3712 484 οὐ

2133 519 2316 586 μέντοι
2363 519 2487 571 καθ’
2533 519 2593 572 ὃν
2639 519 2837 589 τρόπον
2909 518 3292 588 ἐπιχωριάζων
3333 520 3392 572 rb
3441 519 3711 589 πρότερον

2129 609 2328 661 ἅπασιο
2358 609 2468 672 τοῖς
2501 607 2632 676 γοῦν
2677 609 2845 674 ἀξίοις
2884 611 2979 680 τῆς
3021 607 3279 677 τοιαύτης
3309 607 3438 665 θέας
3475 611 3712 678 ἐμφανι-

2127 695 2376 766 ζόμενος,
2402 697 2470 752 τά
2496 714 2554 750 τε
2581 700 2784 768 σημεῖα
2809 697 2902 751 τοῦ
2935 697 3172 768 σταυροῦ
3208 698 3538 768 παρεδείκνυ
3559 714 3574 728 ⁸
3613 698 3712 751 καὶ

2126 787 2285 840 τοῦτο
2311 789 2461 858 ἡμᾶς
2489 789 2518 841 ὀ
2551 789 2800 860 μαθητὴς
2832 789 3078 859 ἐμπεδοῖ,
3109 789 3204 842 καὶ
3239 789 3600 860 εὐγνωμόνως
3643 806 3710 858 γε

2128 879 2222 932 καὶ
2262 878 2470 944 πιστῶς
2500 878 2787 950 δεχόμεθα,
2819 879 2919 952 τὴν
2945 880 3097 935 θείαν
3122 881 3372 950 πλευρὰν
3408 877 3715 952 ἐπαφώμε-

2126 971 2252 1035 νος’,
2292 967 2434 1042 μέγα
2469 989 2526 1025 τε
2565 973 2855 1043 κεκραγὼς
2902 975 2993 1028 καὶ
3025 973 3281 1044 λαμπρόν
3308 989 3322 1002 ·
3349 991 3368 1024 ι
3416 973 3476 1029 '0
3504 974 3716 1046 Κύριός

2130 1079 2229 1132 μου
2254 1064 2349 1116 καὶ
2372 1064 2399 1116 ό
2419 1062 2550 1126 Θεός
2577 1079 2701 1134 μου·
2733 1083 2752 1116 s
2782 1065 2875 1118 καὶ
2897 1065 2964 1118 τά
2996 1066 3168 1136 σεμνά
3192 1065 3391 1134 γύναια
3420 1065 3713 1135 ἁχράντων

2128 1157 2304 1211 ποδῶν
2346 1159 2735 1229 ἐφαπτόμενα·
2769 1157 2906 1228 πρὸς
2951 1157 3007 1210 δὲ
3057 1157 3150 1210 καὶ
3191 1158 3242 1210 οἱ
3295 1172 3712 1227 συμπαρομαρ-

2125 1247 2364 1314 τοῦντες,
2424 1251 2518 1304 xui.
2564 1250 2665 1320 τὴν
2709 1249 2938 1321 καρδίαν
2995 1249 3374 1318 ἐκκαιόμενοι,
3425 1249 3522 1302 καὶ
3575 1248 3711 1310 τοὺς

2124 1341 2436 1412 ὀφθαλμοὺς
2465 1343 2522 1395 ἐν
2550 1343 2668 1405 ταῖς
2692 1341 2980 1412 ὁμιλήσεσι
3013 1341 3418 1412 κεκρατημένοι
3441 1340 3571 1412 περὶ
3606 1339 3708 1410 τὴν

2125 1433 2442 1502 ἐπίγνωσιν,
2478 1434 2506 1487 δ
2531 1433 2595 1504 δὴ
2627 1434 2766 1504 μετά
2788 1435 2887 1502 τὴν
2911 1433 3106 1487 κλάσιν
3137 1431 3230 1485 τοῦ
3261 1433 3428 1502 ἄρτου
3459 1430 3706 1494 λέλυται,

2125 1525 2382 1597 βρώσεὼς
2411 1543 2470 1580 τε
2501 1527 2597 1580 καὶ
2627 1527 2840 1592 πόσεως
2869 1526 3116 1597 ἠνείχετο
3137 1563 3152 1588 ,
3183 1523 3288 1579 κάν
3325 1523 3606 1596 ἄφθαρτον
3633 1519 3709 1594 ἦν

2121 1617 2182 1667 rb
2209 1615 2366 1685 σῶμα
2387 1631 2402 1646 ο
2440 1614 2591 1686 άπερ
2611 1616 2672 1669 οὐ
2703 1615 2776 1686 τῷ
2815 1614 3026 1669 δεῖσθαι
3065 1614 3293 1694 τούτων,
3326 1613 3462 1668 ἀλλά
3493 1629 3709 1683 συγκαο

2121 1705 2406 1770 ταϐάσεως
2441 1706 2628 1778 τρόπῳ
2655 1707 2747 1760 καὶ
2771 1706 2860 1760 διὰ
2895 1706 2994 1778 τὴν
3030 1705 3346 1777 οἰκονομίαν
3373 1706 3705 1777 ἐπράττετο,

447 1787 806 1842 (ιεοοιιοιιιίοιη
840 1788 1089 1855 faciebat,
1123 1801 1181 1846 ut
1233 1793 1372 1847 idem
1414 1795 1529 1864 ipse
1562 1796 1892 1862 crederetur,
1928 1812 2019 1852 ve-

2125 1797 2212 1849 ἵνα
2241 1798 2268 1849 ὁ
2297 1795 2460 1858 αὐτὸς
2500 1797 2706 1858 ἐκεῖνος
2735 1793 2809 1848 ῶν
2841 1794 3142 1866 πιστευθῇ,
3171 1794 3376 1866 ἀληθές
3401 1811 3460 1848 τε
3495 1796 3592 1848 καὶ
3625 1795 3706 1865 μὴ

446 1889 675 1946 rumque
731 1893 794 1934 ac
849 1881 1075 1936 minime
1129 1884 1534 1952 phantasticum
1604 1889 2019 1943 resurrecuonis

447 1970 766 2038 mysterium
785 1973 1218 2031 existimaretur.
1239 1975 1524 2043 Quomodo
1547 1983 1726 2034 autem
1755 1979 2020 2034 vidissent

447 2059 550 2110 nivi
595 2060 844 2130 discipuli
895 2063 962 2117 de
1006 2065 1182 2119 medio
1229 2065 1467 2134 ipsorum
1506 2067 1816 2133 sublatum,
1863 2079 1915 2122 et
1964 2069 2018 2122 in

445 2149 616 2203 t-tnlos
661 2151 968 2208 sublimiter
1021 2155 1312 2222 volantem,
1344 2169 1396 2210 et
1432 2169 1670 2226 pateram
1712 2161 1899 2230 gloria:
1936 2161 2018 2212 la-

343 2295 354 2308 .
445 2249 590 2320 ltum
650 2254 1064 2310 consessorem,
1109 2263 1406 2318 rursusque
1458 2250 1662 2320 pariter
1698 2261 2015 2309 venturum.

377 2329 588 2412 ‘iuxla
666 2334 1042 2390 comitantium
1125 2341 1685 2408 supratnundanarum
1759 2341 2014 2394 virtutum

330 2439 352 2451 ν
443 2431 655 2486 vocem,
713 2424 817 2479 nisi
862 2439 1059 2497 corpus
1113 2431 1589 2499 circumscriptum
1640 2431 1866 2486 fuisset?
1923 2430 2015 2508 Vel

444 2512 576 2576 Quid
610 2517 836 2572 omnino
868 2533 1096 2588 magnus
1122 2519 1455 2591 Stephanus,
1481 2533 1776 2594 martyrum
1809 2523 2018 2592 primus

445 2622 508 2660 ac
550 2605 904 2675 fortissimus,
959 2613 1012 2665 in
1081 2615 1258 2669 medio
1309 2617 1626 2672 certaminis
1679 2617 1760 2670 sui
1814 2613 2013 2682 stadio,

447 2700 588 2752 haud
607 2701 778 2756 multo
802 2713 922 2772 post
948 2705 1256 2761 Servatoris
1279 2706 1332 2760 in
1351 2699 1558 2763 'cwlmn
1591 2710 2013 2778 rcditum,quid,

445 2795 688 2860 inquam,
746 2795 905 2863 vidit,
959 2809 1117 2866 prout
1159 2799 1342 2852 videre
1388 2801 1672 2864 oportebat
1734 2816 1856 2853 eum
1922 2802 2012 2866 qui

445 2893 591 2935 tanta
629 2885 819 2952 plenus
850 2897 969 2940 erat
999 2887 1198 2956 gratia,
1231 2899 1285 2942 et
1315 2899 1584 2958 quatenus
1623 2901 2016 2958 snpernalttt‘a-

445 2973 571 3027 Ῐλιιξΐ
601 2977 918 3044 contingere
950 2987 1162 3046 poterat
1195 2979 1398 3034 homini
1439 2983 1608 3035 nato?
1643 2980 1830 3058 Nonne
1865 2983 1916 3036 in
1951 2997 2013 3036 ea

444 3068 647 3131 specie,
680 3082 842 3136 quam
893 3079 1052 3123 antea
1102 3074 1243 3139 apud
1287 3085 1382 3126 nos
1441 3087 1550 3141 prae
1585 3089 1660 3128 sc-
1688 3072 1904 3138 tulerat,
1961 3074 2012 3126 in

2123 1875 2392 1955 φαντασία
2420 1886 2652 1956 νομισθῇ
2685 1887 2746 1939 rb
2785 1886 2883 1956 τῆς
2911 1887 3263 1949 ἀναστάσεως
3295 1886 3617 1957 μυστήριον·
3648 1885 3706 1938 τί

2121 1977 2178 2030 δὲ
2207 1978 2298 2030 καὶ
2329 1976 2518 2048 ἐώρων
2545 1978 2595 2030 οἱ
2626 1976 2908 2031 θεσπέσιοι
2941 1977 3202 2063 μαθηταὶ,
3230 1980 3294 2031 ἐκ
3324 1976 3490 2048 μέσον
3517 1977 3706 2030 αὐτῶν

2121 2071 2432 2141 αἰρόμενον,
2459 2071 2555 2125 καὶ
2591 2069 2730 2140 πρὸς
2760 2069 3025 2140 οὐρανοὺς
3058 2068 3356 2142 μετάρσιον
3394 2071 3708 2140 ἀνι-πτάμε-

2120 2177 2228 2223 νον,
2257 2161 2285 2214 ὃ
2310 2160 2696 2232 συμπάρεδρον
2723 2161 2882 2232 δόξης
2909 2161 3010 2232 τῆς
3035 2162 3308 2233 πατρικῆς
3333 2161 3569 2230 ἐγένετο,
3601 2161 3703 2214 καὶ

2123 2249 2284 2304 πάλιν
2309 2248 2571 2312 ὡσαύτως
2594 2249 2972 2320 ἐλευσόμενον,
3004 2247 3146 2302 κατά
3169 2249 3268 2320 τὴν
3296 2249 3407 2302 τῶν
3436 2265 3704 2320 προπεμ-

2123 2339 2340 2393 πουσῶν
2376 2338 2760 2411 ύπερκοσμίων
2790 2338 3076 2410 δυνάμεων
3115 2339 3323 2410 φωνὴν,
3354 2340 3404 2392 εἰ
3432 2339 3509 2410 μὴ
3536 2338 3706 2410 σῶμα

2120 2430 2496 2502 περιγραπτδν
2527 2427 2626 2503 ἦνς
2657 2431 2692 2502 ἢ
2721 2429 2774 2483 τι
2801 2444 2932 2484 ποτε
2961 2429 3099 2494 ὅλως
3124 2433 3152 2484 ὁ
3193 2429 3372 2500 μέγας
3399 2429 3701 2498 Στέφανος,

2118 2526 2146 2576 ὁ
2173 2525 2228 2576 ἐν
2264 2522 2503 2594 μάρτυσι
2537 2511 2845 2593 πρῶτὶστός
2879 2539 2938 2574 τε
2971 2522 3064 2575 καὶ
3108 2521 3420 2591 κράτιστος,
3451 2521 3510 2572 ἐν
3542 2519 3706 2590 μέσῳ

2117 2616 2226 2668 τῶν
2249 2615 2348 2685 τῆς
2373 2613 2656 2686 ἀθλήσεως
2673 2612 2903 2682 ἀγώνων
2929 2610 3025 2678 ῶν,
3053 2615 3114 2665 οὐ
3140 2611 3318 2682 πολλῷ
3345 2609 3576 2681 ὕστερον
3599 2611 3704 2680 τῆς

2117 2707 2198 2770 εἰς
2222 2705 2482 2778 οὐρανοὺς
2505 2705 2597 2758 τοῦ
2624 2705 2876 2775 Σωτῆρος
2900 2697 3114 2768 ἀνόδου,
3139 2703 3374 2774 ἑωράκει
3405 2701 3548 2756 καθὸ
3567 2703 3706 2756 ἰδεῖν

2118 2797 2222 2851 ἔδει
2251 2798 2344 2852 τὸν
2375 2799 2473 2868 τῆς
2501 2796 2837 2868 τηλικαύτης
2865 2793 3296 2867 πεπληρωμένον
3327 2794 3576 2866 χάριτος,
3603 2794 3705 2847 καὶ

2119 2889 2366 2960 χωρητδν
2401 2887 2698 2960 ὑπερφυῶς
2735 2883 2804 2960 ἦν
2842 2890 2916 2958 τῇ·
2955 2886 3116 2957 φύσει
3151 2889 3217 2957 τῇ
3269 2885 3631 2958 ἀνθρωπείας
3660 2884 3704 2954 ἢ

2119 2979 2237 3051 οὐχὶ
2266 2982 2325 3034 ἐν
2353 2976 2487 3034 εῖδει
2509 2977 2600 3051 ’τῷ
2639 2979 2860 3050 ὀφθέντι
2893 2979 2987 3036 ἐπὶ
3009 2978 3115 3049 γῆς
3155 2978 3282 3033 καθ’
3311 2979 3480 3049 ἡμᾶς,
3509 2976 3606 3030 τὸν
3633 2978 3706 3031 ἐκ

2118 3070 2308 3136 δεξιῶν
2345 3071 2445 3142 τῆς
2485 3071 2762 3141 πατρικῆς
2795 3068 2962 3140 ’δόξης
2992 3069 3205 3123 ἑστῶτα
3237 3054 3546 3139 θεώμενος;
3581 3067 3706 3131 πῶς

445 3160 670 3212 dextera
728 3169 968 3228 paterna.-
1016 3162 1204 3230 gloria:
1233 3172 1466 3218 stantem
1516 3166 1816 3234 spectavit?
1848 3165 2016 3221 Secus

2121 3162 2226 3229 γὰρ
2279 3159 2430 3231 αὐτῷ
2491 3159 2623 3231 ἐξῆν
2675 3160 2898 3228 λέγειν·
2953 3179 2972 3212 ι
3009 3159 3213 3230 Θεωρῶ
3257 3159 3384 3222 τοὺς
3429 3158 3706 3230 οὐρανοὺς

443 3251 588 3303 enim
626 3251 718 3318 qui
761 3251 944 3307 dicere
981 3255 1242 3323 potuisset
1278 3271 1292 3308 :
1341 3253 1501 3310 Video
1531 3255 1684 3310 caelos
1707 3266 1934 3324 apertos,
1967 3266 2015 3310 et

445 3341 647 3396 Filium
701 3345 930 3398 hominis
960 3355 1202 3405 .stantem
1234 3365 1266 3400 α
1294 3349 1492 3402 dextris
1552 3347 1647 3402 Dei
1692 3348 1778 3402 “?
1834 3347 1956 3405 Haec
1985 3364 2014 3402 a

443 3436 692 3489 divorum
739 3437 966 3507 quoque
1002 3438 1224 3493 Patrum
1265 3438 1555 3494 manifeste
1586 3440 1842 3494 docemur
1890 3455 2016 3496 seu-

444 3529 650 3595 tcntiis,
681 3545 816 3600 quas
867 3547 1054 3602 posrea
1090 3531 1472 3598 recitahimus;
1517 3533 1729 3588 etiamsi
1773 3533 2016 3589 veritatis

441 3622 830 3694 Evangeliique
863 3626 1260 3681 conviciatorcs
1288 3627 1620 3694 discrédent,
1654 3635 1710 3680 et
1735 3624 2012 3682 Christum

442 3715 618 3779 ipsum
639 3718 1027 3784 propemodum
1051 3717 1346 3786 expcllent,
1381 3732 1598 3772 carnem
1628 3727 1681 3772 et
1703 3732 1825 3772 ossa
1851 3717 2017 3772 disci-

441 3807 586 3875 polis
617 3790 1006 3872 ostentantem,
1063 3819 1348 3880 propterea
1393 3810 1536 3876 quod
1586 3809 1660 3863 illi
1691 3809 2016 3864 videbantur

443 3897 550 3951 sibi
583 3899 836 3968 spiritum
870 3913 1124 3966 cernere;
1157 3906 1225 3956 ἐι
1258 3902 1372 3956 haec
1400 3901 1580 3956 omnia
1617 3911 1773 3955 extra
1819 3915 2017 3970 corpus

445 3990 587 4043 facta
621 4003 743 4046 esse
773 3991 1060 4061 putabunt.
1081 3991 1188 4048 Sed
1214 4007 1338 4058 nos,
1373 4007 1552 4048 rerum
1585 3993 1778 4048 harum
1810 3993 2014 4048 verita.

445 4094 552 4137 tem
613 4081 994 4152 praedicantes,
1023 4083 1276 4149 dicimus,
1339 4083 1614 4140 Christum
1663 4101 1768 4156 qua
1809 4086 2018 4141 ratione

443 4173 948 4236 condescensiOnis.
1019 4162 1752 4248 humanationcm(peregit,
1829 4163 2040 4232 eadem

441 4264 650 4335 pariter
671 4265 1075 4332 circumscribi,
1106 4277 1248 4324 utex
1279 4269 1394 4326 visu
1424 4269 1586 4324 etiam
1622 4271 1823 4326 veritas
1861 4269 2018 4324 nobis

441 4357 826 4414 innotesceret.
881 4423 886 4429 ο
1343 4369 1356 4376 ’

514 4449 606 4505 '59.
644 4449 924 4516 Quomodo
979 4464 1108 4520 ergo
1165 4449 1268 4502 alia
1327 4449 1544 4520 quidem
1606 4461 1810 4506 mutata
1867 4464 2012 4514 sunt,

445 4556 568 4594 nam
629 4539 856 4596 mortale
902 4539 1103 4594 factum
1153 4547 1235 4592 est
1287 4539 1625 4605 immortale,
1666 4540 2017 4608 corruptibile

446 4629 701 4698 apparuit
746 4618 1182 4698 incorruptibile,
1219 4627 1476 4697 possibile
1512 4631 1582 4682 ad
1611 4628 2018 4699 itnpassibilita.

446 4733 552 4774 tem
573 4719 816 4784 transiit,
835 4717 1312 4788 circumscriptum
1339 4733 1468 4773 vero
1490 4718 1568 4790 (ut
1590 4719 1762 4789 aiunt)
1809 4734 1913 4774 non
1935 4733 2018 4774 est

445 4814 648 4865 factum
667 4811 1230 4882 incircumscriptutn?
1249 4811 1485 4866 Dicimus
1501 4811 1687 4880 itaque
1699 4811 2012 4866 Creatorem

446 4903 515 4955 ab
545 4902 702 4955 initio
735 4917 820 4958 res
857 4903 1106 4958 humana:
1159 4912 1366 4956 natura:
1409 4901 1570 4956 simul
1601 4902 1906 4958 condidisse
1959 4912 2014 4956 et

447 4993 836 5065 composuisse,
871 4996 1032 5048 veluti
1061 4994 1478 5051 intellectualem
1510 4995 1642 5061 vim,
1665 4996 2009 5062 rationalem,

447 5082 776 5150 sensualem,
827 5084 1339 5154 concupiscihilem,
1375 5094 1429 5142 et
1481 5086 1622 5154 quod
1671 5088 2014 5157 pratstantius

403 5174 412 5188 '
447 5177 648 5232 dicitur
679 5177 905 5232 libermn
945 5176 1253 5242 arbitrium,
1295 5187 1349 5232 et
1377 5178 1421 5232 si
1453 5177 1585 5248 quid
1637 5178 1782 5232 aliud
1809 5171 1896 5234 esi
1919 5173 2019 5234 bu-

2116 3250 2532 3320 ἀνεῳγμένους,
2563 3253 2660 3304 καὶ
2688 3251 2780 3304 τὸν
2811 3251 2936 3304 Υῐὸν
2968 3248 3061 3304 τοῦ
3095 3249 3384 3322 ἀνθρώπου
3411 3250 3475 3303 ἐκ
3503 3249 3704 3314 δεξιῶν

2116 3340 2324 3392 ἑστῶτα
2349 3339 2442 3393 τοῦ
2473 3339 2644 3408 Θεοῦ;
2692 3360 2709 3390 ι
2743 3340 2931 3394 Ταῦτα
2962 3340 3056 3394 καὶ
3094 3339 3204 3392 τῶν
3243 3339 3408 3393 θείων
3433 3339 3705 3410 Πατέρων

2117 3429 2304 3498 σαφῶς
2351 3430 2660 3486 ἐκδιδάσκει
2702 3431 2770 3485 τά
2813 3431 3096 3502 δόγματα,
3149 3431 3294 3502 ειπερ
3342 3431 3424 3494 εἰς
3469 3429 3704 3500 ὕστερον

2115 3521 2551 3592 παραθησόμεθα
2569 3537 2584 3552 ο
2631 3520 2734 3575 κᾶν
2753 3523 2812 3574 ὀἱ
2847 3521 2948 3590 τῆς
2975 3520 3237 3591 ἀληθείας
3261 3519 3482 3589 καὶτοῦ
3509 3520 3704 3588 Εὔαγ-

2115 3613 2299 3681 γελῐου
2329 3600 2686 3666 διαπιστῶσιν
2733 3611 3022 3681 ὑϐρισταὶ,
3053 3611 3147 3664 και
3194 3627 3293 3664 που
3330 3609 3428 3662 καὶ
3457 3608 3704 3679 Χριστὸν

2116 3695 2728 3770 αὐτδνάποδιώσονται,
2762 3703 2940 3774 σάρκα
2965 3703 3059 3756 καὶ
3086 3702 3248 3755 ὀστέα
3276 3703 3388 3765 τοῖς
3421 3700 3704 3772 μαθηταῖς

2115 3795 2462 3863 δεικνύοντα,
2518 3797 2642 3849 ἐπεὶ
2688 3796 2906 3868 πνεῦμα
2954 3795 3086 3868 παρ’
3134 3795 3320 3858 αὐτοῖς
3370 3793 3700 3866 θεωρεῖσθαι

2116 3887 2385 3952 ἐδέδοκτο,
2415 3887 2511 3939 xui.
2546 3885 2904 3951 ruﬁrutxrb;
2929 3881 3068 3940 εἶναι
3099 3889 3374 3958 οἰήσονται
3413 3885 3698 3957 σώματος’

2117 3979 2232 4034 ἀλλ’
2261 3980 2422 4049 ἡμεῖς
2451 3995 2516 4047 γε
2542 3977 2607 4031 rb
2641 3977 2870 4048 ἀψευδὲς
2911 3977 3121 4032 τούτων
3147 3961 3516 4048 κηρύσσοντες
3539 3977 3702 4046 λέγο-

2123 4090 2245 4144 μεν,
2267 4065 2410 4140 ὅτιῷ
2431 4073 2619 4144 τρόπῳ
2641 4071 3108 4140 συγκαταϐάσεως
3127 4071 3496 4142 ᾠκονόμηται,
3518 4069 3702 4139 τούτῳ

2120 4166 2217 4220 καὶ
2250 4155 2674 4235 περιγράφεται’
2711 4164 2787 4226 ὡς
2814 4163 2881 4218 ἂν
2911 4163 3006 4216 καὶ
3031 4162 3098 4216 δι’
3128 4160 3306 4232 ὂψεως
3333 4161 3468 4234 ἡμῖν
3497 4161 3566 4213 τά
3594 4159 3699 4230 τῆς

2120 4258 2378 4330 ἀληθείας
2408 4257 2761 4328 γνωριζηται.
2849 4315 2855 4321 ,

2193 4447 2293 4502 λθ’.
2327 4446 2454 4509 Πῶς
2481 4440 2576 4500 οὖν
2603 4445 2681 4514 ,τά
2711 4443 2809 4514 μὲν
2851 4432 2985 4498 ἀλλᾶ
3020 4427 3444 4512 μεταδέὸληται,
3473 4422 3699 4510 τδ⁶θνηο

2119 4539 2210 4592 τὸν
2243 4538 2353 4608 γὰρ
2379 4535 2650 4590 ἀθάνατον
2683 4535 2898 4604 γέγονε,
2931 4535 3024 4586 καὶ
3059 4532 3122 4585 rb
3149 4531 3388 4602 φθαρτὸν
3413 4530 3699 4602 ἄφθαρτον

2117 4630 2304 4702 ὤφθη,
2339 4629 2434 4682 καὶ
2474 4627 2684 4691 ἀπαθὲς
2723 4627 2784 4680 rb
2817 4627 3077 4696 παθητὸν,
3123 4625 3186 4678 τὸ
3227 4625 3284 4678 δὲ
3317 4623 3702 4694 περιγραπτὺν

2115 4718 2216 4786 οὐχ
2245 4714 2452 4787 ὑπῆρξε
2498 4716 2589 4767 καὶ
2613 4714 3056 4785 ἀπερίγραπτον;
3079 4713 3264 4784 Φαμὲν
3291 4712 3488 4777 τοίνυν,
3515 4713 3602 4764 ὅτι
3632 4715 3698 4781 τῇ

2116 4810 2282 4880 φύσει
2317 4811 2382 4884 τῇ
2421 4807 2738 4878 ἀνθρωπεία
2766 4811 2833 4860 τὰ
2867 4807 2964 4877 μὲν
2994 4806 3056 4872 ἐξ
3079 4807 3256 4877 ἀρχῆς
3283 4805 3436 4876 παρά
3470 4803 3566 4858 τοῦ
3593 4809 3700 4874 Δη-

2126 4901 2387 4975 μιουργοῦ
2418 4901 2782 4962 συνέκτισται,
2812 4900 2906 4952 καὶ
2936 4899 3466 4971 συγκαταϐἐϐληται,
3496 4893 3610 4951 οἷον
3639 4897 3700 4951 rb

2119 4995 2326 5066 νοερὸν,
2358 4993 2417 5046 rb
2445 4991 2683 5061 λογικὸν,
2714 4990 3028 5061 αἰσθητικόν
3057 5009 3116 5044 τε
3153 4989 3221 5046 αὖ
3253 4991 3349 5045 καὶ
3386 4992 3695 5063 ὀρεκτικὸν,

2123 5089 2216 5142 καὶ
2245 5086 2272 5140 ὃ
2297 5088 2544 5160 κρεῖττον
2570 5087 2747 5140 εἰπεῖν
2776 5081 3126 5150 αὐτεξούσιον
3147 5125 3162 5147 ,
3187 5085 3283 5138 καὶ
3317 5084 3371 5138 εῐ
3392 5102 3445 5137 τι
3483 5083 3700 5148 τούτοις

2126 5178 2488 5248 προσόμοιον·
2519 5176 2615 5230 καὶ
2651 5177 2680 5228 ό
2719 5175 3006 5248 ἄνθρωπος
3040 5177 3146 5230 ἀπὸ
3185 5177 3288 5248 γῆς
3327 5175 3554 5245 ληιρθεὶς
3595 5191 3702 5229 σω-

445 5269 700 5326 iusmodi.
748 5269 812 5323 Et
872 5271 1032 5324 homo
1065 5269 1130 5323 de
1189 5277 1330 5322 terra
1369 5279 1616 5340 sumptus
1665 5271 2019 5340 corporaliter

2123 5269 2365 5341 ματικῶς
2392 5267 2827 5331 διαπέπλασται,
2869 5267 2964 5321 καὶ
3006 5267 3168 5338 σῶμα
3200 5268 3423 5338 γέγονεν
3461 5267 3602 5338 ὅπερ
3642 5266 3702 5332 ἐξ

447 5365 712 5417 formatus
766 5371 870 5425 est,
931 5357 1142 5430 fuitque
1199 5376 1396 5428 corpus
1457 5361 1762 5417 necessario
1813 5362 2019 5422 visihile

2121 5362 2366 5432 ἀνάγκης
2408 5361 2601 5430 ὁρατόν
2645 5378 2703 5412 τε
2744 5361 2959 5431 ὑπῆρχε
3003 5362 3221 5424 πάντως
3259 5361 3352 5414 καὶ
3393 5361 3566 5414 ἁπτὸν
3605 5360 3702 5413 καὶ

447 5457 669 5510 muniuo
700 5464 754 5509 ct
787 5454 1042 5520 tangihile
1089 5463 1142 5507 et
1197 5454 1703 5522 circumscriptum;
1757 5471 2019 5526 nemoque

2121 5452 2494 5523 περιγραπττὶν
2521 5467 2534 5481 ο
2568 5450 2661 5503 καὶ
2690 5449 2865 5512 οὐδεὶς
2899 5451 3009 5502 τῶν
3039 5450 3200 5519 λόγου
3245 5450 3695 5522 μετεσχηκότων,

451 5563 580 5602 rana
614 5557 794 5602 mente
830 5549 1147 5611 instructus,
1175 5546 1318 5597 «licet
1345 5560 1542 5613 corpus
1573 5561 1692 5602 esse
1730 5547 2019 5601 incircum-

2122 5547 2280 5617 σῶμα
2325 5540 2465 5596 εἶναι
2517 5543 2738 5614 φήσειεν
2790 5543 3238 5616 ἀπερίγραπτον·
3291 5543 3358 5598 τά
3391 5541 3448 5596 δὲ
3496 5540 3698 5606 ἔξωθεν

521 5701 744 5758 "Joan.
791 5719 882 5768 xx,
912 5705 1002 5760 ‘28.
1079 5706 1122 5736 ⁶⁰
1167 5705 1284 5757 Act.
1319 5718 1416 5772 vlt,
1463 5703 1552 5758 55.

1103 5789 1131 5816 ἱ
