3856 6204
209 259 306 323 fit

908 266 1532 332 ANTIRRIIE’I‘ICUS
1571 272 1664 332 III
1705 273 1874 334 ADV.
1917 275 2512 341 CONSTANTINUM
2553 281 2765 344 COPR.

3365 279 3398 341 4
3411 277 3472 340 i2

206 371 298 424 καὶ
333 372 481 442 μετά
502 372 604 445 τὴν
637 371 818 428 κτίσιν
850 378 1265 449 ἐπισυμεέϐηκε
1288 422 1302 446 ,
1334 381 1430 433 καὶ
1460 376 1572 434 οἷον
1602 383 1790 448 ἐπιγε-

1908 386 2178 455 scriptum.
2214 389 2496 444 Exteriora
2537 397 2715 444 autem
2746 395 2870 458 post
2915 385 3244 442 creationem
3279 402 3472 456 super-

206 465 494 533 νηματικά
533 467 830 536 τυγχάνει,
861 467 916 522 ’ἀ
967 469 1052 522 διὰ
1099 469 1199 540 τὴν
1240 470 1502 542 ἀθέτησιν
1549 472 1651 543 τῆς
1696 472 1790 524 τοῦ

205 553 513 618 Κτῖσαντος
557 556 781 627 ἐντολῆς
815 560 1306 630 ὲπεισενήνεκται·
1345 560 1534 632 ἐπειδὴ
1571 563 1680 632 γὰρ
1715 561 1794 632 τῷ

205 644 262 708 ἐξ
291 645 479 716 ἀρχῆς
507 647 912 720 πεπλασμένῳ,
949 653 1052 714 τοῖς
1082 651 1226 704 κατὰ
1251 652 1480 724 γνώμην
1512 655 1664 724 παρά
1698 655 1792 707 τοῦ

206 737 542 803 πλάσαντος,
573 739 644 792 τά
665 739 766 809 τῆς
797 739 945 808 ζωῆς
979 742 1332 814 ἀπεκέκριτο,
1360 745 1440 798 ἐνὶ
1472 743 1528 797 δὲ
1555 745 1706 816 νόμῳ
1734 746 1794 798 τι

203 829 426 898 αἱρετὸν
461 830 613 899 αὐτῷ
640 831 760 882 κατ’
788 831 1034 895 ἐξουσίαν
1068 831 1382 902 προῦκειτο,
1419 832 1451 904 ἢ
1479 835 1796 905 τηρήσαντα

204 923 398 976 τοῦτον
444 923 546 994 τήν
585 924 848 978 ἀνωτάτω
893 926 988 979 καὶ
1037 927 1290 995 ἀγγέλοις
1343 927 1641 998 ἐφάμιλλον
1680 929 1796 983 δια-

205 1013 604 1085 κληρώσασθαι
641 1017 1050 1088 μακαριότητα,
1169 1019 1516 1088 ἀλογήσαντα
1546 1020 1646 1089 τῆς
1686 1039 1799 1091 χει-

206 1106 404 1177 ρία-της
437 1108 530 1161 καὶ
568 1107 914 1178 άθλιωτάτης
949 1109 1144 1180 μοίρας
1179 1109 1658 1182 ἀποταχθήσεσθαι
1685 1131 1697 1142 ·
1730 1113 1796 1182 ἦν

203 1199 264 1268 δή
289 1203 364 1269 τῇ
396 1199 649 1272 ἐξαπάτῃ
682 1199 778 1252 τοῦ
807 1201 985 1270 ὄφεως
1016 1201 1385 1272 προελόμενος
1407 1242 1420 1265 ,
1461 1203 1558 1273 τὴν
1586 1203 1796 1274 φθορὰν

203 1291 374 1354 εὐθὺς
407 1291 504 1343 καὶ
536 1291 636 1362 τὴν
668 1291 973 1364 θνητότητα
1003 1293 1250 1361 φυσικῶς
1284 1293 1612 1356 ὑποδύεται,
1647 1295 1742 1347 καὶ
1768 1297 1796 1348 ὁ

204 1383 394 1445 λοιπὸς
423 1383 535 1435 τῶν
567 1382 781 1454 μυρίων
813 1382 1002 1436 παθῶν
1034 1384 1198 1454 ἐσμὸς
1244 1385 1652 1456 ὲπεισκρίνεται
1681 1403 1694 1416 ·
1734 1388 1794 1440 οὐ

205 1474 315 1544 γὰρ
367 1475 726 1528 συνέκτισται
763 1475 841 1546 τῷ
891 1475 1308 1547 πρωτοπλάστῳ
1342 1464 1374 1546 ή
1412 1476 1590 1548 φθορὰ
1629 1479 1722 1530 καὶ⁸
1769 1478 1798 1528 ὁ

205 1563 467 1628 θάνατος,
504 1565 632 1618 ἐπεὶ
669 1565 773 1618 οὐκ
804 1565 871 1619 ἂν
903 1565 999 1618 τοῦ
1035 1568 1131 1636 τῆς
1166 1567 1313 1636 ζωῆς
1347 1567 1506 1634 ξύλου
1538 1567 1793 1640 ἐδέησεν,

205 1656 349 1726 ὅπερ
374 1659 434 1708 ἐν
472 1656 627 1726 μέσῳ
657 1657 735 1728 τῷ
766 1657 1078 1730 παραδείσῳ
1115 1659 1358 1729 τέθηλεν.
1404 1661 1464 1713 Ὀ
1493 1661 1672 1714 τοίνυν
1700 1661 1794 1714 τοῦ

1899 489 2185 544 venerunt,
2227 491 2280 533 et
2327 480 2481 548 quasi
2510 481 2704 535 adnata
2753 481 2902 544 sunt,
2942 492 3062 548 quae
3107 478 3326 534 scilicet
3354 489 3471 548 post

1896 570 2150 624 violatum
2175 570 2451 630 Creatoris
2485 569 2812 642 praeceptum
2832 573 3044 624 invecta
3067 569 3306 625 fuerunt.
3331 568 3468 635 Quia

1895 663 2038 716 enim
2069 663 2288 718 condito
2329 665 2560 734 primum
2594 663 2826 728 homini,
2871 663 2915 716 si
2958 663 3117 717 modo
3145 677 3213 716 ex
3245 661 3473 717 Creato-

1897 753 1976 808 ris
2002 756 2271 810 sententia
2293 756 2538 844 vixisset,
2566 756 2676 810 vita
2700 765 2816 811 erat
2838 755 3170 825 adjudicata,
3197 755 3269 808 ita
3294 765 3469 808 tamen

1896 859 1955 899 ut
2005 846 2119 916 lege
2153 847 2284 913 lata,
2339 837 2570 902 liberum
2627 847 2985 902 nihilominus
3037 837 3184 901 esset
3231 845 3466 915 eligendi

1897 938 2207 1004 arbitrium,
2239 954 2430 1008 nempe
2479 949 2538 993 ut
2570 939 2654 994 vel
2697 939 2802 992 hac
2831 941 3118 992 observata
3149 936 3468 990 altissimam

1895 1029 2176 1100 etangelis
2208 1045 2393 1100 parem
2421 1030 2834 1085 nancisceretur
2865 1029 3024 1084 homo
3043 1027 3468 1090 beatitudinem;

1898 1123 1980 1176 vel
2013 1138 2074 1176 ea
2107 1123 2371 1192 neglecta,
2406 1123 2697 1192 pessimam
2731 1132 2786 1176 et
2811 1121 3236 1176 infelicissimam
3268 1127 3468 1173 sortem

1899 1214 2244 1279 incurreret;
2275 1229 2437 1282 quam
2466 1221 2798 1282 postremam
2827 1211 3020 1266 fraude
3049 1209 3322 1279 serpentis
3345 1223 3470 1262 cum

1887 1302 2168 1373 elegisset,
2208 1303 2532 1372 corruptela:
2581 1303 2724 1357 illico
2779 1311 2833 1354 et
2873 1300 3104 1355 naturali
3155 1297 3472 1354 mortalitati

1898 1393 2078 1448 factus
2139 1404 2224 1450 est
2267 1394 2555 1458 obnoxius,
2624 1403 2678 1448 et
2735 1393 2936 1462 reliqua
2996 1389 3470 1446 innumerabilium

1898 1483 2256 1552 cupiditatum
2292 1483 2550 1538 colluvies
2585 1483 2642 1536 in
2675 1497 2795 1538 eum
2835 1483 3099 1537 incubuit.
3154 1480 3272 1535 Non
3323 1479 3471 1534 enim

1898 1591 2003 1649 una
2061 1591 2182 1629 cum
2244 1575 2580 1644 protoplasto
2630 1573 2933 1642 corruptela
2990 1583 3044 1627 et
3100 1587 3246 1627 more
3291 1581 3474 1627 creata

1901 1667 2002 1721 fuit
2025 1685 2040 1734 ;
2065 1667 2266 1735 alioqui
2305 1666 2448 1735 ligno
2474 1668 2596 1720 vita:
2626 1681 2732 1719 non
2758 1666 3018 1732 eguisset,
3055 1664 3211 1732 112
3249 1663 3389 1732 quod
3419 1663 3472 1716 in

208 1747 538 1816 πλάσματος
571 1747 668 1802 τοῦ
708 1726 916 1802 -έαυτοῢ
957 1726 1162 1821 Κύριος
1184 1791 1200 1815 ,
1231 1726 1649 1823 φιλανθρωπίας
1700 1771 1801 1806 πε-

1908 1758 2080 1812 medio
2141 1757 2398 1826 paradiso
2449 1757 2684 1825 vigebat.
2726 1757 2886 1826 Igitur
2937 1765 3200 1810 creatura
3247 1755 3478 1824 propriae

207 1841 469 1910 ριουσεᾳ,
497 1840 572 1893 δι’
611 1837 794 1895 οἶκτον
835 1841 1044 1912 ἄφατον
1077 1843 1175 1912 τὴν
1217 1843 1294 1914 τῷ
1345 1843 1560 1916 θανάτῳ
1604 1845 1796 1916 ὑπενη-

206 1934 484 2002 νεγμένην
511 1931 679 2001 φύσιν
702 1975 718 2000 ,
751 1933 958 2005 φθορᾶς
989 1935 1292 2004 ἀπαλλάξαι
1325 1936 1676 2008 βουλόμενος,
1707 1937 1802 1991 xa‘t

108 2075 118 2084 .
207 2026 286 2086 εἰς
311 2025 376 2076 τὸ
397 2025 460 2090 ἐξ
483 2026 664 2096 ἀρχῆς
683 2027 779 2096 τῆς
809 2027 1096 2098 εὐμοιρίας
1121 2028 1609 2096 ὲπανασὼσασθαι,
1641 2029 1804 2097 σῶμα

207 2114 458 2168 τοιοῦτον
492 2115 849 2186 ἀνειληφέναι
895 2117 996 2171 οὐκ
1043 2117 1358 2186 ἀπηξίωσεν
1383 2157 1398 2182 ,
1430 2121 1616 2172 ὁποῖον
1657 2119 1722 2189 δὴ
1773 2119 1802 2171 ὁ

207 2207 549 2277 κατάκριτος
575 2205 716 2276 ἔχων
741 2207 939 2277 ἐφάνη,
969 2210 1132 2278 ἡμεῖς
1154 2224 1212 2260 τε
1236 2209 1437 2271 πάντες
1463 2209 1513 2261 οἱ
1539 2207 1618 2278 τῷ
1649 2207 1797 2278 αὐτῷ

208 2298 686 2368 κεκοινωνηκότες
711 2299 1067 2368 συγκρίματι,
1093 2297 1120 2350 ὃ
1140 2297 1204 2368 δὴ
1227 2298 1420 2368 θνητὸν
1447 2299 1541 2352 καὶ
1564 2299 1803 2368 φθαρτόν

209 2392 353 2442 ἐστι·
388 2390 552 2460 σῶμα
579 2389 637 2443 δὲ
659 2389 742 2452 ὃν,
768 2390 870 2442 οὐκ
895 2389 962 2442 ἂν
992 2389 1076 2458 εἴη
1113 2390 1802 2462 περιγραφῆςὲλῖύθερον,

206 2485 322 2548 ἕως
353 2484 421 2538 άν
542 2485 732 2556 σῶμα·
769 2482 888 2537 εἶτα
928 2483 1144 2556 θανάτῳ
1192 2486 1492 2557 σωματικῷ
1533 2503 1803 2556 προσομι-

209 2578 277 2646 λῆ
287 2594 412 2639 σας,
445 2569 600 2647 ᾧπερ
632 2576 732 2646 οὐχ
785 2577 996 2646 ὑπῆρχε
1033 2577 1373 2648 κατάχρεως,
1405 2577 1540 2630 ἀλλᾶ
1579 2575 1640 2630 τὸ
1665 2577 1804 2648 ὑπὲρ

210 2667 380 2738 ἡμῶν
409 2667 703 2740 ἀπετίννυε
726 2669 906 2738 χρέοςο
943 2667 1028 2720 ἶνα
1058 2669 1156 2738 τὴν
1177 2671 1236 2722 ὲν
1269 2669 1440 2738 Ἀδάμ
1467 2667 1802 2740 παράϐασιν,

211 2736 276 2814 ἐν
317 2759 502 2831 ἑαυτῷ
551 2736 859 2832 ὲὲιάσηται,
897 2761 992 2815 καὶ
1022 2736 1122 2832 τὴν
1147 2757 1322 2834 ἧτταν
1360 2736 1804 2830 ἀνακαλούμενος

207 2851 324 2920 τῆς
402 2853 659 2920 φύσεως,
722 2852 1005 2923 ἀναστήσῃ
1087 2852 1178 2904 τὸν
1252 2852 1544 2922 κείμενον·
1615 2851 1803 2921 ἐπειδὴ

215 2961 237 2994 ι
282 2941 592 3015 Ἀμαρτίαν
619 2944 720 2996 οὐκ
745 2944 1002 3013 ἐποίησεν
1030 2984 1045 3008 ,
1077 2944 1197 2998 οὐδὲ
1232 2944 1433 3015 εὑρέθη
1460 2944 1610 3008 δόλος
1643 2945 1700 2997 ἐν
1722 2942 1804 3014 τῷ

1911 1849 2193 1913 Dominus,
2261 1849 2618 1919 benignitatis
2674 1848 3048 1914 abundantia,
3105 1845 3474 1901 misericordia

1904 1939 2184 2005 ineﬂ‘abili,
2243 1941 2515 1996 subditam
2553 1940 3010 2017 morti‘naturam
3063 1936 3369 2006 corruptela
3421 1935 3478 1990 li-

1904 2034 2096 2087 iterare
2131 2032 2338 2098 volens,
2371 2032 2504 2086 etin
2529 2040 2764 2086 veterem
2817 2030 3133 2084 felicitatem
3176 2029 3474 2092 vindicare,
3563 2055 3570 2062 -

1907 2139 2105 2192 corpus
2125 2124 2228 2178 hoc
2253 2122 2532 2192 suscipere
2567 2135 2672 2176 non
2704 2120 2992 2185 recusavit,
3028 2117 3188 2188 quale
3221 2125 3276 2170 et
3297 2116 3477 2170 homi-

1905 2233 2024 2270 nem
2073 2215 2386 2270 damnatum
2432 2214 2638 2268 habere
2686 2211 2991 2273 constabat,
3030 2221 3234 2276 nosque
3288 2221 3478 2262 omnes

1903 2307 1992 2376 qui
2041 2307 2282 2361 eamdem
2348 2303 2750 2358 damnationem
2797 2299 3262 2371 participavimus,
3334 2298 3477 2366 quod

1903 2401 2019 2454 sine
2055 2399 2220 2454 dubio
2249 2399 2478 2451 mortale
2504 2405 2558 2450 et
2585 2377 2938 2463 corruptibile
2958 2393 3062 2446 est.
3087 2389 3206 2444 tam
3246 2405 3366 2444 cum
3407 2389 3481 2442 sit

1905 2504 2125 2556 corpus,
2165 2499 2312 2541 certe
2341 2483 2852 2554 circumscriptione
2893 2495 2999 2536 non
3033 2489 3208 2541 caret,
3239 2479 3476 2548 quandju

1907 2591 2102 2648 corpus
2145 2577 2270 2630 erit.
2309 2575 2508 2628 Deinde
2555 2571 2887 2641 corporalem
2917 2580 3172 2640 expertus
3204 2577 3289 2622 est
3331 2583 3476 2620 mor-

1911 2683 2040 2734 tem,
2070 2670 2156 2723 cui
2188 2666 2479 2736 caeteroqui
2510 2681 2614 2720 non
2641 2663 3066 2727 eratobnoxius,
3103 2661 3196 2714 sed
3233 2659 3475 2714 debitum

1908 2778 2004 2832 pro
2035 2759 2188 2816 nobis
2221 2758 2379 2814 solvit
2405 2776 2420 2825 ;
2448 2769 2506 2810 ut
2531 2755 2728 2810 factam
2761 2755 2812 2808 in
2845 2753 3056 2807 Adamo
3084 2751 3478 2821 transgressio-

1909 2871 2050 2917 nem,
2088 2853 2221 2906 inse
2257 2851 2373 2920 ipso
2403 2858 2662 2916 sanaret;
2700 2855 2755 2901 et
2784 2855 2992 2900 natura:
3035 2845 3291 2900 dan-nium
3326 2857 3482 2910 repa-

1909 2961 2058 3014 rans,
2111 2946 2320 3015 lapsum
2373 2940 2647 2996 hominem
2705 2937 3002 3002 relevaret;
3056 2935 3309 3005 quoniam
3365 2933 3481 3002 ipse

213 3033 458 3101 στόματι
491 3031 683 3085 αὐτοῦ·
720 3051 739 3085 ι
771 3035 1092 3103 κατήργηκε
1125 3033 1224 3102 μὲν
1249 3033 1344 3085 τὸν
1376 3032 1628 3100 θάνατον,
1671 3033 1801 3087 καθ-

1914 3037 2196 3093 Peccatum
2241 3050 2344 3088 non
2375 3034 2522 3104 fecit,
2561 3047 2654 3086 nec
2694 3031 2932 3084 inventus
2985 3039 3058 3082 est
3109 3027 3262 3081 dolus
3290 3025 3344 3079 iu
3393 3039 3484 3078 ore

215 3125 333 3177 εἷλε
361 3125 422 3177 δὲ
452 3124 551 3194 τὴν
581 3123 812 3194 φθοράν,
839 3123 952 3195 ζωὴ
999 3125 1141 3178 κατά
1173 3123 1338 3193 φύσιν
1371 3125 1636 3194 ὑπάρχων
1667 3125 1806 3195 ἀλη-

217 3215 330 3276 θῶς
385 3213 483 3266 καὶ
533 3213 830 3276 ἀθανασίας
871 3212 1062 3284 πηγὴ,
1115 3215 1382 3284 κρείττων
1433 3213 1667 3268 θανάτου
1709 3211 1808 3267 καὶ

218 3304 434 3376 φθορᾶς
457 3303 667 3372 ἀρθείς·
693 3307 727 3374 ἡ
755 3305 863 3376 γάρ
889 3303 1028 3374 σὰρξ
1049 3303 1215 3357 αὐτοῦ
1236 3306 1338 3358 οὐκ
1354 3301 1465 3360 εἶδε
1485 3305 1802 3377 διαφθορὰν,

219 3395 633 3450 σταται-ποθεῖσαν
673 3397 755 3460 εἰς
795 3396 946 3460 νῖκος
983 3396 1078 3448 καὶ
1125 3396 1520 3463 ἀφανισθεῖσαν
1555 3390 1676 3448 ὑπὸ⁹
1708 3396 1803 3449 τοῦ

222 3488 314 3540 τὸν
335 3487 546 3558 κόσμον
572 3489 929 3559 νικήσαντος,
966 3490 1030 3556 τῇ
1064 3487 1346 3558 κρείττονι
1384 3489 1480 3545 καὶ
1512 3487 1806 3542 πανσθενεῖ

222 3578 318 3632 τοῦ
353 3579 519 3646 λόγου
559 3579 787 3648 δυνάμει
821 3579 1260 3648 συντηρουμένη,
1289 3579 1402 3644 κάν,
1427 3575 1495 3650 ἦν
1530 3583 1808 3649 πεφυκυῖα

223 3669 316 3722 τοῦ
349 3668 715 3749 φθείρερθαιο
750 3664 870 3722 εἶτα
894 3669 1099 3739 ἀνέστη
1131 3671 1432 3740 τριήμερος
1456 3710 1470 3732 ,
1499 3671 1596 3723 καί
1627 3669 1807 3724 πάντα

224 3759 294 3814 τά
318 3761 384 3838 ἐκ
416 3759 515 3828 τῆς
547 3757 822 3828 ἁμαρτίας
868 3759 1364 3828 ὲγκατασκήψαντα
1411 3761 1478 3830 τῇ
1514 3759 1675 3828 φύσει
1723 3761 1806 3812 αἱ·

225 3851 471 3919 τιάματα
511 3851 608 3903 καί
655 3849 1088 3920 προστρίμματα
1145 3849 1213 3903 δι’
1244 3849 1440 3906 ἑαυτοῦ
1489 3851 1808 3924 ἐκκαθάρας

225 3939 586 4011 ἀπέσμηξεν,
633 3939 821 4010 ὥσπερ
865 3941 1090 4012 ἀπαρχὴ
1131 3941 1226 3996 καὶ⁵
1266 3941 1526 4013 ἀρραϐὼν
1557 3941 1650 3995 τοῦ
1684 3943 1806 3996 καθ’

228 4032 380 4101 ήμάς
405 4031 752 4102 χρηματίσας
775 4031 1118 4104 φυράματος,
1147 4033 1403 4103 λαμπρόν
1439 4050 1499 4086 τε
1531 4032 1675 4087 οὕτω
1711 4037 1808 4089 καὶ

233 4125 430 4195 μώμου
466 4124 670 4188 παντὸς
697 4125 848 4192 ἀνευ,
881 4125 941 4178 τὸ
973 4125 1103 4178 ῑδιον
1132 4126 1419 4197 ἀποφήνας
1449 4126 1682 4197 ποίημα,
1715 4127 1812 4179 καὶ

231 4218 300 4268 τά
334 4219 402 4269 ὲκ
441 4217 541 4283 τῆς
581 4217 790 4278 οἰκείας
837 4215 996 4286 δόξης
1040 4217 1334 4288 αὐχήματα
1385 4217 1807 4288 δωρησάμενος·

233 4307 374 4360 οὕτω
394 4307 504 4378 γάρ
529 4309 623 4362 καὶ
653 4308 1071 4383 βαπτιζόμενος,
1097 4309 1196 4380 τὴν
1228 4309 1502 4382 ἡμετέραν
1531 4311 1806 4382 ἐνήργησε

1907 3131 2022 3200 ejus
2057 3129 2136 3193 “;
2193 3137 2422 3181 mortem
2480 3123 2772 3188 destruxit,
2822 3117 3480 3191 corruptelam.abstulit,

1907 3237 2028 3276 cum
2064 3219 2176 3289 ipse
2207 3218 2278 3272 sit
2305 3209 2624 3270 naturaliter
2655 3227 2888 3282 vereque
2913 3213 3046 3276 vita,
3075 3221 3128 3265 et
3159 3207 3484 3264 immortali-

1905 3311 2034 3366 talis
2071 3310 2343 3372 scatebra,
2383 3307 2632 3376 superior
2663 3305 2822 3357 morti
2852 3311 2907 3356 et
2937 3300 3269 3369 corruptioni
3295 3300 3466 3352 visus.

1909 3392 2040 3455 Nam
2062 3415 2190 3456 caro
2215 3399 2330 3469 ejus
2353 3413 2459 3451 non
2486 3396 2618 3449 vidit
2640 3396 3074 3463 corruptionem,
3101 3407 3220 3461 quae
3233 3390 3486 3456 videlicet

1908 3495 2164 3560 absorpta
2210 3490 2311 3546 fuit
2343 3489 2400 3542 in
2437 3487 2748 3550 victoriam,
2782 3495 2836 3538 ct
2873 3501 2902 3538 a
2941 3484 3126 3537 mundi
3158 3483 3359 3537 victore
3391 3481 3486 3534 de-

1909 3585 2137 3647 bellata;
2167 3596 2294 3636 caro
2325 3588 2506 3633 autem
2544 3591 2575 3632 a
2611 3577 2899 3645 superiore
2922 3584 3085 3643 atque
3117 3572 3486 3641 omnipotente

1913 3674 2069 3730 Verbi
2133 3674 2334 3728 virtute
2379 3678 2700 3745 conservata
2757 3679 2882 3730 est,
2933 3680 3241 3736 quanquam
3297 3673 3485 3733 suapte

1910 3778 2104 3824 natura
2140 3763 2480 3832 corruptioni
2511 3771 2658 3819 esset
2693 3760 2927 3816 obnoxia
2965 3758 3099 3830 (48).
3136 3758 3335 3812 Deinde
3365 3763 3486 3826 post

1911 3863 2147 3918 triduum
2181 3859 2520 3923 resurrexit;
2571 3865 2625 3910 et
2672 3870 2863 3910 omnes
2935 3853 3024 3923 qni
3067 3867 3132 3905 ex
3165 3859 3384 3920 peccato
3432 3848 3486 3901 in

1911 3963 2159 4006 naturam
2187 3951 2550 4005 incubuerant
2584 3957 2772 4002 reatus
2815 3957 2976 4015 atque
3020 3943 3366 4004 detrimenta,
3392 3953 3488 4008 per

1911 4063 1968 4099 se
2000 4057 2238 4114 purgans
2271 4041 2549 4106 abstersit,
2586 4039 2864 4094 inchoatio
2905 4035 3073 4092 veluti
3100 4044 3154 4089 et
3200 4035 3362 4086 arrha
3394 4047 3488 4084 n0-

1911 4137 2006 4190 stri
2045 4134 2220 4188 factus
2275 4133 2592 4200 plasmatis;
2637 4129 2978 4200 splendidam
3014 4129 3084 4180 ita
3126 4139 3288 4194 atque
3339 4123 3486 4176 omni

1916 4224 2296 4279 criminatione
2361 4222 2588 4276 liberam
2646 4226 2953 4273 creaturam
3009 4232 3160 4271 suam
3229 4213 3488 4278 elliciens,

1911 4317 2068 4382 eique
2117 4311 2302 4380 gloriae
2351 4323 2463 4362 suae
2516 4309 2715 4361 decora
2780 4306 3039 4374 largiens.
3096 4302 3188 4356 Sic
3241 4303 3384 4368 enim
3434 4311 3490 4355 et

235 4399 522 4471 κάθαρσιν,
548 4401 579 4453 ὁ
610 4401 791 4470 πάσης
820 4403 1080 4456 ἐπέκεινα
1121 4401 1498 4474 καθαρότητος
1523 4419 1542 4470 °_
1567 4402 1725 4456 τοῦτο
1754 4404 1801 4458 δὲ

1917 4406 2251 4475 baptizatus,
2283 4409 2528 4476 nostram
2561 4398 2772 4468 peregit
2804 4399 3196 4466 purgationem,
3229 4411 3346 4448 cum
3372 4393 3506 4478 ipse.

237 4494 326 4544 mi.
351 4493 521 4546 πάλαι
543 4493 610 4549 ἂν
628 4494 970 4565 πεπλουτήκε
979 4512 1016 4559 ι,
1032 4494 1190 4566 εἴπερ
1205 4495 1267 4547 τὸ
1283 4480 1396 4548 ἀπα
1406 4493 1541 4566 ρχῆς
1567 4495 1811 4560 κτισθεὶς

235 4583 264 4636 ὃ
294 4581 585 4654 ἄνθρωπος
621 4583 720 4656 τήν
758 4585 982 4656 ἐντολὴν
1015 4587 1310 4656 τετηρήκει
1349 4585 1444 4638 τοῦ
1476 4585 1807 4650 κτίσαντος·

236 4674 330 4722 καὶ
358 4670 470 4742 γάρ
519 4671 607 4724 ἐπ’
651 4672 925 4744 ἀθανασίᾳ.
971 4673 1108 4744 πρὸς
1136 4673 1230 4726 τοῦ
1271 4675 1808 4745 Δημιουργήσαντος,

236 4763 330 4815 καὶ
363 4765 430 4834 τῇ
460 4763 596 4834 πρὸς
621 4763 686 4818 τὸ
711 4766 960 4836 κρεῖττον
994 4765 1274 4836 άναδρομῇ
1307 4767 1747 4839 νιαρενήνεκται.⁵

305 4946 626 5002 Καὶ.ταῦτα
667 4949 815 5020 ήμᾶς
863 4949 912 5002 οἱ
947 4948 1204 5020 ἡμέτεροι
1253 4948 1566 5003 διδάσκαλοι
1615 4950 1810 5002 ἐκπαι-

241 5036 512 5130 δεύουσιψ
545 5041 740 5112 εἴρηκε
787 5039 899 5130 γάρ
935 5055 1041 5094 που
1075 5043 1104 5094 ὁ
1133 5040 1276 5103 θεῖος
1316 5040 1675 5104 Ἀπόστολοςσ
1709 5042 1810 5095 Διά

243 5127 433 5194 τοῦτο,
475 5131 683 5200 ὥσπερ
709 5127 801 5185 διί
825 5131 965 5198 ἐνὸς
1002 5132 1318 5202 ἀνθρώπου
1362 5132 1400 5196 ἡ
1433 5134 1689 5202 ἁμαρτία
1723 5135 1810 5198 εὶς

246 5221 348 5274 τὸν
369 5223 596 5292 κόσμον
624 5220 896 5290 εἰσῆλθε,
930 5223 1029 5276 καὶ
1073 5223 1170 5278 διὰ
1196 5222 1307 5290 τῆς
1329 5223 1615 5292 ἁμαρτίας
1647 5225 1680 5277 ὁ
1704 5223 1808 5276 θά-

247 5329 417 5381 νατος
439 5332 454 5346 ·
479 5315 580 5369 καὶ
601 5312 792 5382 οὕτως
811 5318 900 5380 εις
923 5315 1156 5380 πάντας
1193 5314 1546 5382 ἀνθρώπους
1578 5319 1610 5368 ό
1631 5315 1809 5368 θάνα-

252 5491 290 5522 ⁶⁸
325 5490 418 5546 lsa.
457 5508 576 5560 ιιιι,
609 5453 910 5559 9;1.Ρυιι·.
946 5491 1116 5556 ιι,22.
1193 5493 1234 5522 θ’
1264 5490 1421 5544 Rexit.
1459 5507 1509 5553 v,
1539 5490 1619 5543 l2.

1917 4512 2078 4565 supra
2109 4510 2326 4549 onmem
2360 4492 2681 4546 munditiem
2716 4497 2881 4544 esset.
2913 4485 2968 4541 Id
2994 4495 3172 4540 autem
3199 4485 3326 4542 olim
3355 4500 3488 4555 quo-

1916 4605 2019 4658 qne
2053 4603 2156 4641 non
2190 4585 2472 4649 defuisset,
2513 4583 2558 4639 si
2587 4591 2806 4639 creatus
2837 4581 2904 4634 ab
2957 4580 3110 4633 initio
3156 4581 3314 4659 homo
3356 4591 3490 4647 pra:-

1915 4690 2128 4756 ceptum
2175 4675 2452 4732 Creatoris
2485 4677 2852 4731 observasset.
2893 4672 3028 4727 Nam
3071 4686 3240 4742 usque
3285 4670 3348 4722 ad
3391 4671 3488 4722 im-

1917 4770 2301 4826 mortalitatem
2350 4769 2752 4836 transitumque
2793 4767 2860 4820 ad
2904 4764 3148 4828 meliora,
3177 4781 3204 4815 a
3231 4762 3491 4817 Creatore

1915 4870 2204 4932 provectus
2234 4859 2446 4915 fuisset.
3032 4923 3037 4928 ι

1991 4951 2114 5006 llaec
2149 4965 2248 5005 nos
2273 4949 2516 5018 magistri
2551 4947 2722 5002 nostri
2751 4945 2969 5001 docent.
3019 4947 3162 5000 Dixit
3209 4946 3353 5000 enim
3389 4945 3490 4999 ali-

1917 5041 2129 5110 quando
2160 5040 2312 5094 divus
2338 5037 2629 5107 Apostolus
2657 5055 2670 5089 :
2701 5034 2993 5104 Propterea
3025 5040 3160 5090 sicut
3205 5053 3298 5104 per
3327 5050 3490 5090 unum

1916 5135 2175 5186 hominem
2205 5138 2475 5206 peccatum
2507 5130 2560 5183 in
2592 5131 2842 5184 mundum
2871 5131 3129 5192 introivit,
3160 5144 3204 5182 ct
3243 5144 3333 5196 per
3366 5140 3490 5194 pec-

1916 5237 2094 5278 catum
2134 5241 2292 5286 ntors,
2313 5235 2470 5294 atque
2501 5225 2555 5279 in
2579 5242 2756 5280 omnes
2784 5227 3020 5280 homines
3059 5240 3194 5278 mors
3223 5232 3488 5292 pertrans-

1916 5318 1972 5368 iit
2003 5317 2070 5368 θ’.
2102 5313 2225 5372 llaec
2276 5317 2624 5386 antiquorum
2655 5319 2814 5374 etiam
2854 5316 3231 5372 nonnullorum
3275 5310 3482 5379 sapien-

319 5647 418 5717 (ιδ)
457 5648 566 5705 lloc
597 5647 798 5704 dicitttr
833 5647 1085 5702 adversus
1113 5647 1358 5702 haeresim
1399 5644 1977 5716 [nearrupticolarum.
