  <div class='ocr_page' id='page_1' title='image "/cluster/home/n/w/nwhite01/storage/ocr_20150623/100/hvd.32044054111919/234.png"; bbox 0 0 4032 6208; ppageno 0'>
   <div class='ocr_carea' id='block_1_1' title="bbox 296 278 405 342">
    <p class='ocr_par' dir='ltr' id='par_1_1' title="bbox 296 278 405 342">
     <span class='ocr_line' id='line_1_1' title="bbox 296 278 405 342; baseline 0 -1"><span class='ocrx_word' id='word_1_1' title='bbox 296 278 405 342; x_wconf 64' lang='grc'><strong>457</strong></span> 
     </span>
    </p>
   </div>
   <div class='ocr_carea' id='block_1_2' title="bbox 1008 278 1891 349">
    <p class='ocr_par' dir='ltr' id='par_1_2' title="bbox 1008 278 1891 346">
     <span class='ocr_line' id='line_1_2' title="bbox 1008 278 1891 346; baseline 0.006 -5"><span class='ocrx_word' id='word_1_2' title='bbox 1008 278 1634 344; x_wconf 74' lang='grc' dir='ltr'><strong>ᾹΝΤΙΒΒΗΕΤΙΟΙΙΒ</strong></span> <span class='ocrx_word' id='word_1_3' title='bbox 1672 284 1766 345; x_wconf 87' lang='grc' dir='ltr'><strong>ΙΙΙ</strong></span> <span class='ocrx_word' id='word_1_4' title='bbox 1803 286 1891 346; x_wconf 82' lang='grc' dir='ltr'><strong>ΔΕ</strong></span> 
     </span>
    </p>
   </div>
   <div class='ocr_carea' id='block_1_3' title="bbox 1989 278 2855 349">
    <p class='ocr_par' dir='ltr' id='par_1_3' title="bbox 2014 283 2855 347">
     <span class='ocr_line' id='line_1_3' title="bbox 2014 283 2855 347; baseline -0.004 0"><span class='ocrx_word' id='word_1_5' title='bbox 2014 284 2609 347; x_wconf 82' lang='lat' dir='ltr'><strong>CONSTANTINUM</strong></span> <span class='ocrx_word' id='word_1_6' title='bbox 2645 283 2855 345; x_wconf 85' lang='lat' dir='ltr'><strong>COPR.</strong></span> 
     </span>
    </p>
   </div>
   <div class='ocr_carea' id='block_1_4' title="bbox 3450 282 3555 347">
    <p class='ocr_par' dir='ltr' id='par_1_4' title="bbox 3450 282 3555 347">
     <span class='ocr_line' id='line_1_4' title="bbox 3450 282 3555 347; baseline -0.01 0"><span class='ocrx_word' id='word_1_7' title='bbox 3450 282 3555 347; x_wconf 70' lang='lat'><strong>458</strong></span> 
     </span>
    </p>
   </div>
   <div class='ocr_carea' id='block_1_5' title="bbox 295 392 1891 473">
    <p class='ocr_par' dir='ltr' id='par_1_5' title="bbox 295 392 1879 473">
     <span class='ocr_line' id='line_1_5' title="bbox 295 392 1879 473; baseline 0.005 -30"><span class='ocrx_word' id='word_1_8' title='bbox 295 392 632 462; x_wconf 72' lang='grc' dir='ltr'>χρωμένοις,</span> <span class='ocrx_word' id='word_1_9' title='bbox 671 392 958 462; x_wconf 86' lang='grc' dir='ltr'>καθαιρεῖν</span> <span class='ocrx_word' id='word_1_10' title='bbox 978 395 1054 458; x_wconf 86' lang='grc' dir='ltr'>ὡς</span> <span class='ocrx_word' id='word_1_11' title='bbox 1077 394 1333 473; x_wconf 74' lang='grc' dir='ltr'>άλλότρια</span> <span class='ocrx_word' id='word_1_12' title='bbox 1368 397 1678 464; x_wconf 77' lang='grc' dir='ltr'>ἐπάναγκες</span> <span class='ocrx_word' id='word_1_13' title='bbox 1711 413 1724 427; x_wconf 76' lang='grc' dir='ltr'><strong>ο</strong></span> <span class='ocrx_word' id='word_1_14' title='bbox 1756 396 1792 451; x_wconf 77' lang='grc' dir='ltr'>ἃ</span> <span class='ocrx_word' id='word_1_15' title='bbox 1821 398 1879 451; x_wconf 78' lang='grc' dir='ltr'>δὲ</span> 
     </span>
    </p>
   </div>
   <div class='ocr_carea' id='block_1_6' title="bbox 1989 392 3549 473">
    <p class='ocr_par' dir='ltr' id='par_1_6' title="bbox 1989 392 3549 465">
     <span class='ocr_line' id='line_1_6' title="bbox 1989 392 3549 465; baseline -0.004 -11"><span class='ocrx_word' id='word_1_16' title='bbox 1989 412 2297 454; x_wconf 75' lang='lat' dir='ltr'><strong>mconomne</strong></span> <span class='ocrx_word' id='word_1_17' title='bbox 2326 397 2583 453; x_wconf 87' lang='lat' dir='ltr'><strong>indicium</strong></span> <span class='ocrx_word' id='word_1_18' title='bbox 2634 395 2868 464; x_wconf 79' lang='lat' dir='ltr'><strong>faciunt,</strong></span> <span class='ocrx_word' id='word_1_19' title='bbox 2916 393 3041 465; x_wconf 99' lang='lat' dir='ltr'><strong>quia</strong></span> <span class='ocrx_word' id='word_1_20' title='bbox 3089 392 3247 449; x_wconf 89' lang='lat' dir='ltr'><strong>nobis</strong></span> <span class='ocrx_word' id='word_1_21' title='bbox 3294 406 3549 463; x_wconf 85' lang='lat' dir='ltr'><strong>prosunt,</strong></span> 
     </span>
    </p>
   </div>
   <div class='ocr_carea' id='block_1_7' title="bbox 296 481 1888 559">
    <p class='ocr_par' dir='ltr' id='par_1_7' title="bbox 296 481 1888 559">
     <span class='ocr_line' id='line_1_7' title="bbox 296 481 1888 559; baseline 0.005 -26"><span class='ocrx_word' id='word_1_22' title='bbox 296 484 383 545; x_wconf 81' lang='grc' dir='ltr'><strong>είς</strong></span> <span class='ocrx_word' id='word_1_23' title='bbox 411 481 576 549; x_wconf 81' lang='grc' dir='ltr'>δόξαν</span> <span class='ocrx_word' id='word_1_24' title='bbox 619 484 818 555; x_wconf 83' lang='grc' dir='ltr'><strong>ἀνήκει</strong></span> <span class='ocrx_word' id='word_1_25' title='bbox 864 483 1026 549; x_wconf 87' lang='grc' dir='ltr'>Θεοῦ,</span> <span class='ocrx_word' id='word_1_26' title='bbox 1072 486 1168 538; x_wconf 77' lang='grc' dir='ltr'>καὶ</span> <span class='ocrx_word' id='word_1_27' title='bbox 1212 485 1449 556; x_wconf 81' lang='grc' dir='ltr'><strong>δήλωσιν</strong></span> <span class='ocrx_word' id='word_1_28' title='bbox 1475 487 1574 557; x_wconf 82' lang='grc' dir='ltr'>τῆς</span> <span class='ocrx_word' id='word_1_29' title='bbox 1616 487 1888 559; x_wconf 79' lang='grc' dir='ltr'><strong>σωτηρίου</strong></span> 
     </span>
    </p>
   </div>
   <div class='ocr_carea' id='block_1_8' title="bbox 296 576 1888 647">
    <p class='ocr_par' dir='ltr' id='par_1_8' title="bbox 296 576 1888 647">
     <span class='ocr_line' id='line_1_8' title="bbox 296 576 1888 647; baseline 0.006 -22"><span class='ocrx_word' id='word_1_30' title='bbox 296 576 625 645; x_wconf 81' lang='grc' dir='ltr'><strong>οἰκονομίας</strong></span> <span class='ocrx_word' id='word_1_31' title='bbox 650 576 943 647; x_wconf 85' lang='grc' dir='ltr'>πρόκειται</span> <span class='ocrx_word' id='word_1_32' title='bbox 968 616 984 640; x_wconf 94' lang='grc'><strong>,</strong></span> <span class='ocrx_word' id='word_1_33' title='bbox 1013 577 1139 630; x_wconf 70' lang='grc' dir='ltr'><strong>ἐπεὶ</strong></span> <span class='ocrx_word' id='word_1_34' title='bbox 1162 579 1294 647; x_wconf 78' lang='grc' dir='ltr'>ἡμῖν</span> <span class='ocrx_word' id='word_1_35' title='bbox 1319 577 1636 647; x_wconf 82' lang='grc' dir='ltr'><strong>διαφέρουσι</strong></span> <span class='ocrx_word' id='word_1_36' title='bbox 1660 618 1677 642; x_wconf 94' lang='grc'><strong>,</strong></span> <span class='ocrx_word' id='word_1_37' title='bbox 1722 578 1888 635; x_wconf 75' lang='grc' dir='ltr'>σεϐά-</span> 
     </span>
    </p>
   </div>
   <div class='ocr_carea' id='block_1_9' title="bbox 297 667 1889 740">
    <p class='ocr_par' dir='ltr' id='par_1_9' title="bbox 297 667 1889 740">
     <span class='ocr_line' id='line_1_9' title="bbox 297 667 1889 740; baseline 0.004 -23"><span class='ocrx_word' id='word_1_38' title='bbox 297 682 516 735; x_wconf 81' lang='grc' dir='ltr'>σματος</span> <span class='ocrx_word' id='word_1_39' title='bbox 569 667 668 720; x_wconf 78' lang='grc' dir='ltr'><strong>καὶ</strong></span> <span class='ocrx_word' id='word_1_40' title='bbox 713 667 880 738; x_wconf 82' lang='grc' dir='ltr'>τιμῆς</span> <span class='ocrx_word' id='word_1_41' title='bbox 910 667 1038 731; x_wconf 78' lang='grc' dir='ltr'>ἄξια</span> <span class='ocrx_word' id='word_1_42' title='bbox 1080 668 1332 739; x_wconf 75' lang='grc' dir='ltr'>κρίνειν,</span> <span class='ocrx_word' id='word_1_43' title='bbox 1377 669 1476 738; x_wconf 78' lang='grc' dir='ltr'><strong>οὐχ</strong></span> <span class='ocrx_word' id='word_1_44' title='bbox 1503 669 1693 740; x_wconf 80' lang='grc' dir='ltr'>ὥσπερ</span> <span class='ocrx_word' id='word_1_45' title='bbox 1736 669 1889 740; x_wconf 80' lang='grc' dir='ltr'>παρὰ</span> 
     </span>
    </p>
   </div>
   <div class='ocr_carea' id='block_1_10' title="bbox 293 756 1889 832">
    <p class='ocr_par' dir='ltr' id='par_1_10' title="bbox 293 756 1889 832">
     <span class='ocr_line' id='line_1_10' title="bbox 293 756 1889 832; baseline 0.002 -21"><span class='ocrx_word' id='word_1_46' title='bbox 293 757 414 811; x_wconf 81' lang='grc' dir='ltr'><strong>τῶν</strong></span> <span class='ocrx_word' id='word_1_47' title='bbox 453 757 665 825; x_wconf 67' lang='grc' dir='ltr'>ἐναγῶν</span> <span class='ocrx_word' id='word_1_48' title='bbox 689 756 760 810; x_wconf 81' lang='grc' dir='ltr'>τὰ</span> <span class='ocrx_word' id='word_1_49' title='bbox 789 757 920 825; x_wconf 70' lang='grc' dir='ltr'>ἅγια</span> <span class='ocrx_word' id='word_1_50' title='bbox 950 757 1274 812; x_wconf 68' lang='grc' dir='ltr'><strong>διαπτύεται</strong></span> <span class='ocrx_word' id='word_1_51' title='bbox 1297 758 1474 822; x_wconf 80' lang='grc' dir='ltr'><strong>ἀθέως</strong></span> <span class='ocrx_word' id='word_1_52' title='bbox 1502 759 1598 814; x_wconf 80' lang='grc' dir='ltr'>καὶ</span> <span class='ocrx_word' id='word_1_53' title='bbox 1628 760 1889 832; x_wconf 78' lang='grc' dir='ltr'>καθυϐρί-</span> 
     </span>
    </p>
   </div>
   <div class='ocr_carea' id='block_1_11' title="bbox 296 848 1886 922">
    <p class='ocr_par' dir='ltr' id='par_1_11' title="bbox 296 848 1886 922">
     <span class='ocr_line' id='line_1_11' title="bbox 296 848 1886 922; baseline 0.016 -20"><span class='ocrx_word' id='word_1_54' title='bbox 296 849 464 913; x_wconf 77' lang='grc' dir='ltr'>ξεται</span> <span class='ocrx_word' id='word_1_55' title='bbox 489 867 504 881; x_wconf 86' lang='grc'><strong>·</strong></span> <span class='ocrx_word' id='word_1_56' title='bbox 540 849 591 903; x_wconf 82' lang='grc' dir='ltr'><strong>οἶ</strong></span> <span class='ocrx_word' id='word_1_57' title='bbox 622 849 686 919; x_wconf 83' lang='grc' dir='ltr'>δὴ</span> <span class='ocrx_word' id='word_1_58' title='bbox 734 848 919 902; x_wconf 84' lang='grc' dir='ltr'>πάντα</span> <span class='ocrx_word' id='word_1_59' title='bbox 963 849 1291 921; x_wconf 67' lang='grc' dir='ltr'>συγχέοντες</span> <span class='ocrx_word' id='word_1_60' title='bbox 1339 851 1434 904; x_wconf 66' lang='grc' dir='ltr'><strong>καὶ</strong></span> <span class='ocrx_word' id='word_1_61' title='bbox 1472 850 1886 922; x_wconf 66' lang='grc' dir='ltr'><strong>συμφύρθντεςν</strong></span> 
     </span>
    </p>
   </div>
   <div class='ocr_carea' id='block_1_12' title="bbox 294 937 1889 1016">
    <p class='ocr_par' dir='ltr' id='par_1_12' title="bbox 294 937 1889 1016">
     <span class='ocr_line' id='line_1_12' title="bbox 294 937 1889 1016; baseline 0.004 -25"><span class='ocrx_word' id='word_1_62' title='bbox 294 938 399 992; x_wconf 79' lang='grc' dir='ltr'><strong>τοῦ</strong></span> <span class='ocrx_word' id='word_1_63' title='bbox 449 937 695 1009; x_wconf 76' lang='grc' dir='ltr'>καθαροῦ</span> <span class='ocrx_word' id='word_1_64' title='bbox 741 938 803 993; x_wconf 75' lang='grc' dir='ltr'>τὸ</span> <span class='ocrx_word' id='word_1_65' title='bbox 831 939 1164 1012; x_wconf 74' lang='grc' dir='ltr'>ἀκάθαρτον,</span> <span class='ocrx_word' id='word_1_66' title='bbox 1197 941 1293 995; x_wconf 77' lang='grc' dir='ltr'>καὶ</span> <span class='ocrx_word' id='word_1_67' title='bbox 1323 942 1416 996; x_wconf 85' lang='grc' dir='ltr'><strong>τοῦ</strong></span> <span class='ocrx_word' id='word_1_68' title='bbox 1453 944 1611 1010; x_wconf 80' lang='grc' dir='ltr'>ἁγίου</span> <span class='ocrx_word' id='word_1_69' title='bbox 1641 944 1702 997; x_wconf 78' lang='grc' dir='ltr'>τὸ</span> <span class='ocrx_word' id='word_1_70' title='bbox 1727 943 1889 1016; x_wconf 76' lang='grc' dir='ltr'><strong>βέϐη-</strong></span> 
     </span>
    </p>
   </div>
   <div class='ocr_carea' id='block_1_13' title="bbox 296 1029 1890 1105">
    <p class='ocr_par' dir='ltr' id='par_1_13' title="bbox 296 1029 1890 1105">
     <span class='ocr_line' id='line_1_13' title="bbox 296 1029 1890 1105; baseline 0.005 -21"><span class='ocrx_word' id='word_1_71' title='bbox 296 1030 397 1085; x_wconf 90' lang='grc' dir='ltr'><strong>λον</strong></span> <span class='ocrx_word' id='word_1_72' title='bbox 440 1030 705 1101; x_wconf 81' lang='grc' dir='ltr'>διορίζειν</span> <span class='ocrx_word' id='word_1_73' title='bbox 746 1031 806 1084; x_wconf 90' lang='lat'><strong>06</strong></span> <span class='ocrx_word' id='word_1_74' title='bbox 843 1029 1163 1101; x_wconf 83' lang='grc' dir='ltr'>βούλονται’</span> <span class='ocrx_word' id='word_1_75' title='bbox 1217 1035 1325 1099; x_wconf 74' lang='grc' dir='ltr'><strong>Εἰς</strong></span> <span class='ocrx_word' id='word_1_76' title='bbox 1366 1034 1480 1103; x_wconf 89' lang='lat'><strong>7&amp;9</strong></span> <span class='ocrx_word' id='word_1_77' title='bbox 1516 1036 1890 1105; x_wconf 74' lang='grc' dir='ltr'>κακότεχνον</span> 
     </span>
    </p>
   </div>
   <div class='ocr_carea' id='block_1_14' title="bbox 295 1122 1887 1199">
    <p class='ocr_par' dir='ltr' id='par_1_14' title="bbox 295 1122 1887 1199">
     <span class='ocr_line' id='line_1_14' title="bbox 295 1122 1887 1199; baseline 0.006 -26"><span class='ocrx_word' id='word_1_78' title='bbox 295 1122 526 1192; x_wconf 64' lang='grc' dir='ltr'><strong>ψυχὴν</strong></span> <span class='ocrx_word' id='word_1_79' title='bbox 546 1161 562 1186; x_wconf 93' lang='grc'><strong>,</strong></span> <span class='ocrx_word' id='word_1_80' title='bbox 592 1122 784 1191; x_wconf 72' lang='grc' dir='ltr'>σοφία</span> <span class='ocrx_word' id='word_1_81' title='bbox 827 1122 979 1177; x_wconf 84' lang='grc' dir='ltr'>Θεοῦ</span> <span class='ocrx_word' id='word_1_82' title='bbox 1008 1125 1121 1177; x_wconf 78' lang='grc' dir='ltr'>οὐκ</span> <span class='ocrx_word' id='word_1_83' title='bbox 1167 1126 1601 1181; x_wconf 68' lang='grc' dir='ltr'><strong>εἰσελεύσεται.</strong></span> <span class='ocrx_word' id='word_1_84' title='bbox 1649 1127 1887 1199; x_wconf 83' lang='grc' dir='ltr'><strong>Ἀνάγκη</strong></span> 
     </span>
    </p>
   </div>
   <div class='ocr_carea' id='block_1_15' title="bbox 297 1211 1888 1283">
    <p class='ocr_par' dir='ltr' id='par_1_15' title="bbox 297 1211 1888 1283">
     <span class='ocr_line' id='line_1_15' title="bbox 297 1211 1888 1283; baseline 0.004 -18"><span class='ocrx_word' id='word_1_85' title='bbox 297 1212 417 1283; x_wconf 84' lang='lat'><strong>7&amp;9</strong></span> <span class='ocrx_word' id='word_1_86' title='bbox 462 1212 650 1274; x_wconf 83' lang='grc' dir='ltr'>αὐτοῖς</span> <span class='ocrx_word' id='word_1_87' title='bbox 704 1211 737 1281; x_wconf 78' lang='grc' dir='ltr'><strong>ἢ</strong></span> <span class='ocrx_word' id='word_1_88' title='bbox 801 1212 983 1266; x_wconf 83' lang='grc' dir='ltr'>πάντα</span> <span class='ocrx_word' id='word_1_89' title='bbox 1036 1211 1126 1267; x_wconf 81' lang='grc' dir='ltr'><strong>διὰ</strong></span> <span class='ocrx_word' id='word_1_90' title='bbox 1177 1212 1263 1280; x_wconf 85' lang='grc' dir='ltr'>τὸ,</span> <span class='ocrx_word' id='word_1_91' title='bbox 1293 1216 1377 1268; x_wconf 83' lang='grc' dir='ltr'><strong>Οὐ</strong></span> <span class='ocrx_word' id='word_1_92' title='bbox 1430 1214 1709 1282; x_wconf 82' lang='grc' dir='ltr'><strong>ποιήσεις</strong></span> <span class='ocrx_word' id='word_1_93' title='bbox 1764 1215 1888 1272; x_wconf 77' lang='grc' dir='ltr'><strong>πᾶν</strong></span> 
     </span>
    </p>
   </div>
   <div class='ocr_carea' id='block_1_16' title="bbox 300 1300 1883 1376">
    <p class='ocr_par' dir='ltr' id='par_1_16' title="bbox 300 1300 1883 1376">
     <span class='ocr_line' id='line_1_16' title="bbox 300 1300 1883 1376; baseline 0.003 -20"><span class='ocrx_word' id='word_1_94' title='bbox 300 1303 595 1373; x_wconf 80' lang='grc' dir='ltr'>ὁμοίωμα,</span> <span class='ocrx_word' id='word_1_95' title='bbox 622 1302 691 1357; x_wconf 82' lang='grc' dir='ltr'>τὰ</span> <span class='ocrx_word' id='word_1_96' title='bbox 713 1300 792 1371; x_wconf 81' lang='grc' dir='ltr'>τῷ</span> <span class='ocrx_word' id='word_1_97' title='bbox 814 1301 932 1373; x_wconf 87' lang='grc' dir='ltr'>Θεῷ</span> <span class='ocrx_word' id='word_1_98' title='bbox 955 1302 1087 1371; x_wconf 85' lang='grc' dir='ltr'>φίλα</span> <span class='ocrx_word' id='word_1_99' title='bbox 1107 1302 1204 1357; x_wconf 83' lang='grc' dir='ltr'>καὶ</span> <span class='ocrx_word' id='word_1_100' title='bbox 1235 1304 1413 1359; x_wconf 85' lang='grc' dir='ltr'>οίκεῖα</span> <span class='ocrx_word' id='word_1_101' title='bbox 1433 1305 1883 1376; x_wconf 83' lang='grc' dir='ltr'>ἀποπέμπεσθαι,</span> 
     </span>
    </p>
   </div>
   <div class='ocr_carea' id='block_1_17' title="bbox 300 1389 1888 1462">
    <p class='ocr_par' dir='ltr' id='par_1_17' title="bbox 300 1389 1888 1462">
     <span class='ocr_line' id='line_1_17' title="bbox 300 1389 1888 1462; baseline 0.004 -19"><span class='ocrx_word' id='word_1_102' title='bbox 300 1391 337 1462; x_wconf 74' lang='grc' dir='ltr'>ἢ</span> <span class='ocrx_word' id='word_1_103' title='bbox 370 1390 473 1455; x_wconf 73' lang='grc' dir='ltr'><strong>⁴διὰ</strong></span> <span class='ocrx_word' id='word_1_104' title='bbox 500 1391 564 1444; x_wconf 85' lang='grc' dir='ltr'><strong>τδ</strong></span> <span class='ocrx_word' id='word_1_105' title='bbox 592 1389 899 1457; x_wconf 76' lang='grc' dir='ltr'><strong>ποιήσεις,</strong></span> <span class='ocrx_word' id='word_1_106' title='bbox 933 1392 1002 1446; x_wconf 82' lang='grc' dir='ltr'><strong>τά</strong></span> <span class='ocrx_word' id='word_1_107' title='bbox 1041 1392 1479 1462; x_wconf 76' lang='grc' dir='ltr'><strong>νομοθετούμενα</strong></span> <span class='ocrx_word' id='word_1_108' title='bbox 1512 1394 1697 1449; x_wconf 84' lang='grc' dir='ltr'>πάντα</span> <span class='ocrx_word' id='word_1_109' title='bbox 1725 1433 1741 1459; x_wconf 93' lang='grc'><strong>,</strong></span> <span class='ocrx_word' id='word_1_110' title='bbox 1791 1395 1888 1450; x_wconf 77' lang='grc' dir='ltr'>καὶ</span> 
     </span>
    </p>
   </div>
   <div class='ocr_carea' id='block_1_18' title="bbox 300 1480 1885 1551">
    <p class='ocr_par' dir='ltr' id='par_1_18' title="bbox 300 1480 1885 1551">
     <span class='ocr_line' id='line_1_18' title="bbox 300 1480 1885 1551; baseline 0.003 -16"><span class='ocrx_word' id='word_1_111' title='bbox 300 1482 374 1536; x_wconf 74' lang='grc' dir='ltr'><strong>τά</strong></span> <span class='ocrx_word' id='word_1_112' title='bbox 408 1480 524 1534; x_wconf 80' lang='grc' dir='ltr'>τῶν</span> <span class='ocrx_word' id='word_1_113' title='bbox 557 1480 738 1535; x_wconf 79' lang='grc' dir='ltr'>ἀθέων</span> <span class='ocrx_word' id='word_1_114' title='bbox 777 1481 873 1534; x_wconf 82' lang='grc' dir='ltr'>καὶ</span> <span class='ocrx_word' id='word_1_115' title='bbox 901 1480 1150 1535; x_wconf 82' lang='grc' dir='ltr'>ἀπίστων</span> <span class='ocrx_word' id='word_1_116' title='bbox 1178 1481 1361 1536; x_wconf 77' lang='grc' dir='ltr'>σέϐειν</span> <span class='ocrx_word' id='word_1_117' title='bbox 1393 1484 1490 1536; x_wconf 81' lang='grc' dir='ltr'>καὶ</span> <span class='ocrx_word' id='word_1_118' title='bbox 1519 1484 1885 1551; x_wconf 75' lang='grc' dir='ltr'>ἀσπάζεσθαι,</span> 
     </span>
    </p>
   </div>
   <div class='ocr_carea' id='block_1_19' title="bbox 299 1572 1889 1648">
    <p class='ocr_par' dir='ltr' id='par_1_19' title="bbox 299 1572 1889 1648">
     <span class='ocr_line' id='line_1_19' title="bbox 299 1572 1889 1648; baseline 0.003 -19"><span class='ocrx_word' id='word_1_119' title='bbox 299 1575 571 1644; x_wconf 78' lang='grc' dir='ltr'><strong>οὐδεμιᾶς</strong></span> <span class='ocrx_word' id='word_1_120' title='bbox 631 1573 817 1637; x_wconf 80' lang='grc' dir='ltr'>αὐτοῖς</span> <span class='ocrx_word' id='word_1_121' title='bbox 867 1572 1190 1643; x_wconf 78' lang='grc' dir='ltr'><strong>ὑπολήψεως</strong></span> <span class='ocrx_word' id='word_1_122' title='bbox 1262 1574 1449 1643; x_wconf 77' lang='grc' dir='ltr'>ὑγιοῦς</span> <span class='ocrx_word' id='word_1_123' title='bbox 1498 1576 1745 1648; x_wconf 83' lang='grc' dir='ltr'><strong>ὑπούσης</strong></span> <span class='ocrx_word' id='word_1_124' title='bbox 1793 1579 1889 1633; x_wconf 75' lang='grc' dir='ltr'>καὶ</span> 
     </span>
    </p>
   </div>
   <div class='ocr_carea' id='block_1_20' title="bbox 303 1661 1883 1735">
    <p class='ocr_par' dir='ltr' id='par_1_20' title="bbox 303 1661 1883 1735">
     <span class='ocr_line' id='line_1_20' title="bbox 303 1661 1883 1735; baseline 0.002 -19"><span class='ocrx_word' id='word_1_125' title='bbox 303 1665 588 1734; x_wconf 82' lang='grc' dir='ltr'>κρίσεως’</span> <span class='ocrx_word' id='word_1_126' title='bbox 662 1661 698 1732; x_wconf 80' lang='grc' dir='ltr'>ἢ</span> <span class='ocrx_word' id='word_1_127' title='bbox 769 1663 909 1733; x_wconf 79' lang='grc' dir='ltr'>ὅπερ</span> <span class='ocrx_word' id='word_1_128' title='bbox 980 1662 1168 1726; x_wconf 78' lang='grc' dir='ltr'>αὐτοῖς</span> <span class='ocrx_word' id='word_1_129' title='bbox 1227 1662 1426 1716; x_wconf 87' lang='grc' dir='ltr'>οἰκεῖον</span> <span class='ocrx_word' id='word_1_130' title='bbox 1482 1665 1578 1717; x_wconf 79' lang='grc' dir='ltr'>καὶ</span> <span class='ocrx_word' id='word_1_131' title='bbox 1632 1666 1883 1735; x_wconf 79' lang='grc' dir='ltr'>ὲραστὸν,</span> 
     </span>
    </p>
   </div>
   <div class='ocr_carea' id='block_1_21' title="bbox 304 1742 1960 1823">
    <p class='ocr_par' dir='ltr' id='par_1_21' title="bbox 304 1742 1960 1823">
     <span class='ocr_line' id='line_1_21' title="bbox 304 1742 1960 1823; baseline 0.001 -15"><span class='ocrx_word' id='word_1_132' title='bbox 304 1757 496 1810; x_wconf 77' lang='grc' dir='ltr'>πᾶσαν</span> <span class='ocrx_word' id='word_1_133' title='bbox 544 1753 786 1807; x_wconf 80' lang='grc' dir='ltr'>παλαιὰν</span> <span class='ocrx_word' id='word_1_134' title='bbox 834 1756 931 1808; x_wconf 81' lang='grc' dir='ltr'>καὶ</span> <span class='ocrx_word' id='word_1_135' title='bbox 987 1754 1118 1807; x_wconf 78' lang='grc' dir='ltr'>νέαν</span> <span class='ocrx_word' id='word_1_136' title='bbox 1164 1753 1526 1823; x_wconf 80' lang='grc' dir='ltr'>νομοθεσίαν,</span> <span class='ocrx_word' id='word_1_137' title='bbox 1573 1756 1718 1809; x_wconf 84' lang='grc' dir='ltr'>κατὰ</span> <span class='ocrx_word' id='word_1_138' title='bbox 1754 1756 1887 1821; x_wconf 83' lang='grc' dir='ltr'>τοὺς</span> <span class='ocrx_word' id='word_1_139' title='bbox 1918 1742 1960 1797; x_wconf 79' lang='grc' dir='ltr'><strong>Β</strong></span> 
     </span>
    </p>
   </div>
   <div class='ocr_carea' id='block_1_22' title="bbox 301 1844 1207 1909">
    <p class='ocr_par' dir='ltr' id='par_1_22' title="bbox 301 1844 1207 1909">
     <span class='ocr_line' id='line_1_22' title="bbox 301 1844 1207 1909; baseline -0.001 -8"><span class='ocrx_word' id='word_1_140' title='bbox 301 1848 526 1902; x_wconf 72' lang='grc' dir='ltr'>ἑαυτῶν</span> <span class='ocrx_word' id='word_1_141' title='bbox 548 1846 903 1909; x_wconf 79' lang='grc' dir='ltr'>διδασκάλους</span> <span class='ocrx_word' id='word_1_142' title='bbox 923 1886 939 1907; x_wconf 88' lang='grc'><strong>.</strong></span> <span class='ocrx_word' id='word_1_143' title='bbox 971 1844 1207 1909; x_wconf 82' lang='grc' dir='ltr'>ἀθετεῖν.</span> 
     </span>
    </p>
   </div>
   <div class='ocr_carea' id='block_1_23' title="bbox 381 1936 1885 2011">
    <p class='ocr_par' dir='ltr' id='par_1_23' title="bbox 381 1936 1885 2011">
     <span class='ocr_line' id='line_1_23' title="bbox 381 1936 1885 2011; baseline -0.001 -16"><span class='ocrx_word' id='word_1_144' title='bbox 381 1946 498 2011; x_wconf 85' lang='grc' dir='ltr'>μα’.</span> <span class='ocrx_word' id='word_1_145' title='bbox 535 1959 554 1991; x_wconf 83' lang='grc' dir='ltr'><strong>ι</strong></span> <span class='ocrx_word' id='word_1_146' title='bbox 595 1936 733 1993; x_wconf 75' lang='grc' dir='ltr'>Εἶτα</span> <span class='ocrx_word' id='word_1_147' title='bbox 761 1938 903 1992; x_wconf 74' lang='grc' dir='ltr'>ἔστω</span> <span class='ocrx_word' id='word_1_148' title='bbox 947 1936 1047 2008; x_wconf 70' lang='grc' dir='ltr'>μὲν</span> <span class='ocrx_word' id='word_1_149' title='bbox 1091 1937 1265 1993; x_wconf 86' lang='grc' dir='ltr'>ταῦτα</span> <span class='ocrx_word' id='word_1_150' title='bbox 1300 1937 1477 2003; x_wconf 76' lang='grc' dir='ltr'>οὕτως</span> <span class='ocrx_word' id='word_1_151' title='bbox 1522 1940 1691 2010; x_wconf 76' lang='grc' dir='ltr'>ἔχειν,</span> <span class='ocrx_word' id='word_1_152' title='bbox 1729 1943 1885 2009; x_wconf 69' lang='grc' dir='ltr'>φασὶ,</span> 
     </span>
    </p>
   </div>
   <div class='ocr_carea' id='block_1_24' title="bbox 302 2027 1885 2100">
    <p class='ocr_par' dir='ltr' id='par_1_24' title="bbox 302 2027 1885 2100">
     <span class='ocr_line' id='line_1_24' title="bbox 302 2027 1885 2100; baseline -0.001 -14"><span class='ocrx_word' id='word_1_153' title='bbox 302 2033 414 2086; x_wconf 78' lang='grc' dir='ltr'><strong>ποῦ</strong></span> <span class='ocrx_word' id='word_1_154' title='bbox 464 2030 528 2084; x_wconf 77' lang='grc' dir='ltr'>δέ</span> <span class='ocrx_word' id='word_1_155' title='bbox 589 2047 671 2084; x_wconf 91' lang='grc' dir='ltr'><strong>σοι</strong></span> <span class='ocrx_word' id='word_1_156' title='bbox 738 2027 972 2083; x_wconf 73' lang='grc' dir='ltr'>ἐνταῦθα</span> <span class='ocrx_word' id='word_1_157' title='bbox 1032 2029 1450 2100; x_wconf 61' lang='grc' dir='ltr'>νενομοθέτηται</span> <span class='ocrx_word' id='word_1_158' title='bbox 1510 2034 1685 2085; x_wconf 75' lang='grc' dir='ltr'>ποιεῖν</span> <span class='ocrx_word' id='word_1_159' title='bbox 1749 2031 1885 2086; x_wconf 87' lang='grc' dir='ltr'>Θεοῦ</span> 
     </span>
    </p>
   </div>
   <div class='ocr_carea' id='block_1_25' title="bbox 301 2117 1889 2195">
    <p class='ocr_par' dir='ltr' id='par_1_25' title="bbox 301 2117 1889 2195">
     <span class='ocr_line' id='line_1_25' title="bbox 301 2117 1889 2195; baseline -0.003 -17"><span class='ocrx_word' id='word_1_160' title='bbox 301 2124 565 2195; x_wconf 72' lang='grc' dir='ltr'>ὁμοίωμα</span> <span class='ocrx_word' id='word_1_161' title='bbox 588 2138 605 2187; x_wconf 87' lang='grc'>;</span> <span class='ocrx_word' id='word_1_162' title='bbox 643 2140 662 2172; x_wconf 74' lang='grc' dir='ltr'><strong>ι</strong></span> <span class='ocrx_word' id='word_1_163' title='bbox 694 2122 837 2191; x_wconf 73' lang='grc' dir='ltr'>Πρὸς</span> <span class='ocrx_word' id='word_1_164' title='bbox 864 2117 1048 2185; x_wconf 76' lang='grc' dir='ltr'>οὖντὸ</span> <span class='ocrx_word' id='word_1_165' title='bbox 1073 2122 1263 2183; x_wconf 70' lang='grc' dir='ltr'>σκαιὸν</span> <span class='ocrx_word' id='word_1_166' title='bbox 1292 2122 1387 2175; x_wconf 74' lang='grc' dir='ltr'>καὶ</span> <span class='ocrx_word' id='word_1_167' title='bbox 1412 2120 1769 2191; x_wconf 78' lang='grc' dir='ltr'>ἀπόπληκτον</span> <span class='ocrx_word' id='word_1_168' title='bbox 1790 2124 1889 2191; x_wconf 81' lang='grc' dir='ltr'>τῆς</span> 
     </span>
    </p>
   </div>
   <div class='ocr_carea' id='block_1_26' title="bbox 290 2211 1887 2287">
    <p class='ocr_par' dir='ltr' id='par_1_26' title="bbox 290 2211 1887 2287">
     <span class='ocr_line' id='line_1_26' title="bbox 290 2211 1887 2287; baseline -0.001 -18"><span class='ocrx_word' id='word_1_169' title='bbox 290 2216 656 2287; x_wconf 58' lang='grc' dir='ltr'>ἐρωτήσεως,</span> <span class='ocrx_word' id='word_1_170' title='bbox 678 2212 907 2266; x_wconf 86' lang='grc' dir='ltr'>τοιαῦτά</span> <span class='ocrx_word' id='word_1_171' title='bbox 922 2228 1125 2280; x_wconf 88' lang='grc' dir='ltr'>φαμεν·</span> <span class='ocrx_word' id='word_1_172' title='bbox 1148 2211 1364 2281; x_wconf 86' lang='grc' dir='ltr'>πρῶτον</span> <span class='ocrx_word' id='word_1_173' title='bbox 1384 2214 1503 2283; x_wconf 84' lang='grc' dir='ltr'>μὲν,</span> <span class='ocrx_word' id='word_1_174' title='bbox 1525 2213 1609 2268; x_wconf 85' lang='grc' dir='ltr'>ὅτι</span> <span class='ocrx_word' id='word_1_175' title='bbox 1641 2214 1887 2269; x_wconf 78' lang='grc' dir='ltr'>Ἐοίκατε</span> 
     </span>
    </p>
   </div>
   <div class='ocr_carea' id='block_1_27' title="bbox 304 2302 1888 2375">
    <p class='ocr_par' dir='ltr' id='par_1_27' title="bbox 304 2302 1888 2375">
     <span class='ocr_line' id='line_1_27' title="bbox 304 2302 1888 2375; baseline -0.002 -15"><span class='ocrx_word' id='word_1_176' title='bbox 304 2307 491 2360; x_wconf 80' lang='grc' dir='ltr'>ταῦτα</span> <span class='ocrx_word' id='word_1_177' title='bbox 511 2304 936 2372; x_wconf 82' lang='grc' dir='ltr'>πυνθανόμενοι,</span> <span class='ocrx_word' id='word_1_178' title='bbox 968 2302 1342 2373; x_wconf 83' lang='grc' dir='ltr'>προκάλυμμα</span> <span class='ocrx_word' id='word_1_179' title='bbox 1361 2304 1460 2375; x_wconf 81' lang='grc' dir='ltr'>τῆς</span> <span class='ocrx_word' id='word_1_180' title='bbox 1518 2304 1729 2359; x_wconf 82' lang='grc' dir='ltr'>ἑαυτῶν</span> <span class='ocrx_word' id='word_1_181' title='bbox 1759 2308 1888 2359; x_wconf 86' lang='grc' dir='ltr'>ἁπι-</span> 
     </span>
    </p>
   </div>
   <div class='ocr_carea' id='block_1_28' title="bbox 308 2393 1890 2465">
    <p class='ocr_par' dir='ltr' id='par_1_28' title="bbox 308 2393 1890 2465">
     <span class='ocr_line' id='line_1_28' title="bbox 308 2393 1890 2465; baseline -0.002 -13"><span class='ocrx_word' id='word_1_182' title='bbox 308 2397 471 2460; x_wconf 83' lang='grc' dir='ltr'>στίας</span> <span class='ocrx_word' id='word_1_183' title='bbox 496 2394 590 2450; x_wconf 78' lang='grc' dir='ltr'><strong>καὶ</strong></span> <span class='ocrx_word' id='word_1_184' title='bbox 603 2394 919 2455; x_wconf 81' lang='grc' dir='ltr'>δυσσεϐείας</span> <span class='ocrx_word' id='word_1_185' title='bbox 937 2393 1312 2463; x_wconf 74' lang='grc' dir='ltr'>προΐσχεσθαιο</span> <span class='ocrx_word' id='word_1_186' title='bbox 1325 2395 1423 2465; x_wconf 73' lang='grc' dir='ltr'><strong>οὐχ</strong></span> <span class='ocrx_word' id='word_1_187' title='bbox 1449 2395 1595 2459; x_wconf 84' lang='grc' dir='ltr'>ὅπως</span> <span class='ocrx_word' id='word_1_188' title='bbox 1612 2412 1665 2450; x_wconf 89' lang='grc' dir='ltr'><strong>τι</strong></span> <span class='ocrx_word' id='word_1_189' title='bbox 1683 2396 1890 2462; x_wconf 80' lang='grc' dir='ltr'>ἀξιόλο-</span> 
     </span>
    </p>
   </div>
   <div class='ocr_carea' id='block_1_29' title="bbox 306 2484 1886 2559">
    <p class='ocr_par' dir='ltr' id='par_1_29' title="bbox 306 2484 1886 2559">
     <span class='ocr_line' id='line_1_29' title="bbox 306 2484 1886 2559; baseline 0.001 -18"><span class='ocrx_word' id='word_1_190' title='bbox 306 2506 410 2556; x_wconf 87' lang='grc' dir='ltr'><strong>γον</strong></span> <span class='ocrx_word' id='word_1_191' title='bbox 432 2488 565 2557; x_wconf 80' lang='grc' dir='ltr'>περὶ</span> <span class='ocrx_word' id='word_1_192' title='bbox 601 2484 737 2539; x_wconf 89' lang='grc' dir='ltr'>Θεοῦ</span> <span class='ocrx_word' id='word_1_193' title='bbox 766 2484 945 2552; x_wconf 81' lang='grc' dir='ltr'>λέγειν</span> <span class='ocrx_word' id='word_1_194' title='bbox 966 2484 1158 2552; x_wconf 79' lang='grc' dir='ltr'>δόξητε</span> <span class='ocrx_word' id='word_1_195' title='bbox 1182 2524 1199 2550; x_wconf 94' lang='grc'><strong>,</strong></span> <span class='ocrx_word' id='word_1_196' title='bbox 1225 2485 1343 2540; x_wconf 81' lang='grc' dir='ltr'>ἀλλ’</span> <span class='ocrx_word' id='word_1_197' title='bbox 1371 2486 1460 2539; x_wconf 81' lang='grc' dir='ltr'>ἶνα</span> <span class='ocrx_word' id='word_1_198' title='bbox 1476 2486 1575 2559; x_wconf 78' lang='grc' dir='ltr'>τὴν</span> <span class='ocrx_word' id='word_1_199' title='bbox 1609 2486 1764 2542; x_wconf 81' lang='grc' dir='ltr'>θείαν</span> <span class='ocrx_word' id='word_1_200' title='bbox 1789 2487 1886 2542; x_wconf 84' lang='grc' dir='ltr'><strong>τοῦ</strong></span> 
     </span>
    </p>
   </div>
   <div class='ocr_carea' id='block_1_30' title="bbox 306 2574 1889 2650">
    <p class='ocr_par' dir='ltr' id='par_1_30' title="bbox 306 2574 1889 2650">
     <span class='ocr_line' id='line_1_30' title="bbox 306 2574 1889 2650; baseline 0.002 -19"><span class='ocrx_word' id='word_1_201' title='bbox 306 2580 575 2648; x_wconf 77' lang='grc' dir='ltr'>Σωτῆρος</span> <span class='ocrx_word' id='word_1_202' title='bbox 634 2574 950 2646; x_wconf 76' lang='grc' dir='ltr'>οἰκονομίαν</span> <span class='ocrx_word' id='word_1_203' title='bbox 1008 2577 1458 2647; x_wconf 82' lang='grc' dir='ltr'>συκοφαντήσητε</span> <span class='ocrx_word' id='word_1_204' title='bbox 1480 2594 1496 2608; x_wconf 80' lang='grc'><strong><em>⁸</em></strong></span> <span class='ocrx_word' id='word_1_205' title='bbox 1556 2579 1732 2643; x_wconf 70' lang='grc' dir='ltr'>οὐδεὶς</span> <span class='ocrx_word' id='word_1_206' title='bbox 1779 2580 1889 2650; x_wconf 93' lang='lat'><strong>7&amp;9</strong></span> 
     </span>
    </p>
   </div>
   <div class='ocr_carea' id='block_1_31' title="bbox 308 2667 1890 2741">
    <p class='ocr_par' dir='ltr' id='par_1_31' title="bbox 308 2667 1890 2741">
     <span class='ocr_line' id='line_1_31' title="bbox 308 2667 1890 2741; baseline 0.001 -18"><span class='ocrx_word' id='word_1_207' title='bbox 308 2672 447 2741; x_wconf 81' lang='grc' dir='ltr'>ὑμῖν</span> <span class='ocrx_word' id='word_1_208' title='bbox 476 2668 713 2722; x_wconf 74' lang='grc' dir='ltr'>ἐνταῦθα</span> <span class='ocrx_word' id='word_1_209' title='bbox 732 2667 1061 2739; x_wconf 85' lang='grc' dir='ltr'>σαρκώσεως</span> <span class='ocrx_word' id='word_1_210' title='bbox 1085 2667 1240 2735; x_wconf 81' lang='grc' dir='ltr'>λόγος</span> <span class='ocrx_word' id='word_1_211' title='bbox 1260 2669 1630 2740; x_wconf 84' lang='grc' dir='ltr'>παρείληπται</span> <span class='ocrx_word' id='word_1_212' title='bbox 1652 2686 1667 2700; x_wconf 76' lang='grc' dir='ltr'><strong>ο</strong></span> <span class='ocrx_word' id='word_1_213' title='bbox 1697 2671 1890 2726; x_wconf 74' lang='grc' dir='ltr'>ἔπειτα</span> 
     </span>
    </p>
   </div>
   <div class='ocr_carea' id='block_1_32' title="bbox 306 2759 1890 2833">
    <p class='ocr_par' dir='ltr' id='par_1_32' title="bbox 306 2759 1890 2833">
     <span class='ocr_line' id='line_1_32' title="bbox 306 2759 1890 2833; baseline 0.001 -17"><span class='ocrx_word' id='word_1_214' title='bbox 306 2763 391 2827; x_wconf 79' lang='grc' dir='ltr'>δὲ,</span> <span class='ocrx_word' id='word_1_215' title='bbox 428 2762 516 2816; x_wconf 82' lang='grc' dir='ltr'>ὅτι</span> <span class='ocrx_word' id='word_1_216' title='bbox 554 2761 616 2815; x_wconf 83' lang='grc' dir='ltr'>τὸ</span> <span class='ocrx_word' id='word_1_217' title='bbox 658 2759 949 2814; x_wconf 86' lang='grc' dir='ltr'>ἀλλόκοτον</span> <span class='ocrx_word' id='word_1_218' title='bbox 983 2759 1079 2813; x_wconf 57' lang='grc' dir='ltr'><strong>καὶ⁴</strong></span> <span class='ocrx_word' id='word_1_219' title='bbox 1110 2761 1543 2833; x_wconf 84' lang='grc' dir='ltr'>παραφροσύνης</span> <span class='ocrx_word' id='word_1_220' title='bbox 1587 2762 1890 2833; x_wconf 83' lang='grc' dir='ltr'>ὲπίμεστον</span> 
     </span>
    </p>
   </div>
   <div class='ocr_carea' id='block_1_33' title="bbox 310 2851 1892 2925">
    <p class='ocr_par' dir='ltr' id='par_1_33' title="bbox 310 2851 1892 2925">
     <span class='ocr_line' id='line_1_33' title="bbox 310 2851 1892 2925; baseline 0 -18"><span class='ocrx_word' id='word_1_221' title='bbox 310 2855 496 2925; x_wconf 74' lang='grc' dir='ltr'>ὑμῶν,</span> <span class='ocrx_word' id='word_1_222' title='bbox 539 2855 598 2906; x_wconf 80' lang='grc' dir='ltr'>ὲν</span> <span class='ocrx_word' id='word_1_223' title='bbox 642 2852 856 2916; x_wconf 81' lang='grc' dir='ltr'>τούτοις</span> <span class='ocrx_word' id='word_1_224' title='bbox 899 2851 1327 2923; x_wconf 85' lang='grc' dir='ltr'>τεκμηριοῦται·</span> <span class='ocrx_word' id='word_1_225' title='bbox 1365 2853 1541 2925; x_wconf 84' lang='grc' dir='ltr'>μάτην</span> <span class='ocrx_word' id='word_1_226' title='bbox 1598 2854 1709 2924; x_wconf 85' lang='lat'><strong>7&amp;9</strong></span> <span class='ocrx_word' id='word_1_227' title='bbox 1756 2854 1892 2923; x_wconf 82' lang='grc' dir='ltr'>Χρι-</span> 
     </span>
    </p>
   </div>
   <div class='ocr_carea' id='block_1_34' title="bbox 312 2942 1886 3016">
    <p class='ocr_par' dir='ltr' id='par_1_34' title="bbox 312 2942 1886 3016">
     <span class='ocr_line' id='line_1_34' title="bbox 312 2942 1886 3016; baseline -0.001 -17"><span class='ocrx_word' id='word_1_228' title='bbox 312 2947 562 3007; x_wconf 66' lang='grc' dir='ltr'>πιανοίς</span> <span class='ocrx_word' id='word_1_229' title='bbox 584 2942 1025 3014; x_wconf 66' lang='grc' dir='ltr'>διαλοιὼρεῖσθε,</span> <span class='ocrx_word' id='word_1_230' title='bbox 1058 2942 1155 2997; x_wconf 73' lang='grc' dir='ltr'>καὶ</span> <span class='ocrx_word' id='word_1_231' title='bbox 1181 2942 1217 2997; x_wconf 77' lang='grc' dir='ltr'>ἃ</span> <span class='ocrx_word' id='word_1_232' title='bbox 1251 2944 1387 3016; x_wconf 84' lang='grc' dir='ltr'>μήτε</span> <span class='ocrx_word' id='word_1_233' title='bbox 1420 2944 1578 2998; x_wconf 80' lang='grc' dir='ltr'>αὐτοὶ</span> <span class='ocrx_word' id='word_1_234' title='bbox 1605 2944 1886 3011; x_wconf 74' lang='grc' dir='ltr'>ἐδόξασαν,</span> 
     </span>
    </p>
   </div>
   <div class='ocr_carea' id='block_1_35' title="bbox 222 3033 1892 3109">
    <p class='ocr_par' dir='ltr' id='par_1_35' title="bbox 222 3033 1892 3109">
     <span class='ocr_line' id='line_1_35' title="bbox 222 3033 1892 3109; baseline -0.001 -19"><span class='ocrx_word' id='word_1_235' title='bbox 222 3094 231 3103; x_wconf 78' lang='lat'>_</span> <span class='ocrx_word' id='word_1_236' title='bbox 315 3040 462 3109; x_wconf 82' lang='grc' dir='ltr'>μήτε</span> <span class='ocrx_word' id='word_1_237' title='bbox 495 3037 657 3108; x_wconf 82' lang='grc' dir='ltr'>ὑμεῖς</span> <span class='ocrx_word' id='word_1_238' title='bbox 701 3034 975 3105; x_wconf 83' lang='grc' dir='ltr'>ἀκηκόατε</span> <span class='ocrx_word' id='word_1_239' title='bbox 1028 3033 1252 3089; x_wconf 86' lang='grc' dir='ltr'>πώποτε</span> <span class='ocrx_word' id='word_1_240' title='bbox 1303 3035 1742 3103; x_wconf 80' lang='grc' dir='ltr'>καταπτύοντες,</span> <span class='ocrx_word' id='word_1_241' title='bbox 1776 3036 1892 3090; x_wconf 77' lang='grc' dir='ltr'>ὲπίο</span> 
     </span>
    </p>
   </div>
   <div class='ocr_carea' id='block_1_36' title="bbox 316 3126 1891 3199">
    <p class='ocr_par' dir='ltr' id='par_1_36' title="bbox 316 3126 1891 3199">
     <span class='ocr_line' id='line_1_36' title="bbox 316 3126 1891 3199; baseline -0.001 -16"><span class='ocrx_word' id='word_1_242' title='bbox 316 3129 507 3199; x_wconf 67' lang='grc' dir='ltr'>κλημα</span> <span class='ocrx_word' id='word_1_243' title='bbox 552 3127 930 3197; x_wconf 83' lang='grc' dir='ltr'>προσεπάγετε</span> <span class='ocrx_word' id='word_1_244' title='bbox 950 3166 967 3191; x_wconf 94' lang='grc'><strong>,</strong></span> <span class='ocrx_word' id='word_1_245' title='bbox 1012 3126 1146 3179; x_wconf 82' lang='grc' dir='ltr'>ὡσεὶ</span> <span class='ocrx_word' id='word_1_246' title='bbox 1187 3128 1283 3179; x_wconf 77' lang='grc' dir='ltr'><strong>καὶ</strong></span> <span class='ocrx_word' id='word_1_247' title='bbox 1325 3126 1456 3180; x_wconf 89' lang='grc' dir='ltr'>Θεόν</span> <span class='ocrx_word' id='word_1_248' title='bbox 1488 3127 1645 3195; x_wconf 77' lang='grc' dir='ltr'>ψιλὸν</span> <span class='ocrx_word' id='word_1_249' title='bbox 1688 3128 1891 3199; x_wconf 81' lang='grc' dir='ltr'>σαρκὸς</span> 
     </span>
    </p>
   </div>
   <div class='ocr_carea' id='block_1_37' title="bbox 313 3217 1893 3291">
    <p class='ocr_par' dir='ltr' id='par_1_37' title="bbox 313 3217 1893 3291">
     <span class='ocr_line' id='line_1_37' title="bbox 313 3217 1893 3291; baseline -0.001 -18"><span class='ocrx_word' id='word_1_250' title='bbox 313 3220 745 3291; x_wconf 82' lang='grc' dir='ltr'>γεγυμνωμένον</span> <span class='ocrx_word' id='word_1_251' title='bbox 767 3217 1056 3282; x_wconf 77' lang='grc' dir='ltr'>είκονίςειν</span> <span class='ocrx_word' id='word_1_252' title='bbox 1087 3217 1579 3288; x_wconf 77' lang='grc' dir='ltr'>ἐπαγγελλομένοις</span> <span class='ocrx_word' id='word_1_253' title='bbox 1602 3236 1617 3251; x_wconf 78' lang='grc'><em>’</em></span> <span class='ocrx_word' id='word_1_254' title='bbox 1646 3220 1753 3273; x_wconf 84' lang='grc' dir='ltr'>τίνι</span> <span class='ocrx_word' id='word_1_255' title='bbox 1784 3219 1893 3289; x_wconf 89' lang='lat'><strong>7&amp;9</strong></span> 
     </span>
    </p>
   </div>
   <div class='ocr_carea' id='block_1_38' title="bbox 312 3308 1894 3381">
    <p class='ocr_par' dir='ltr' id='par_1_38' title="bbox 312 3308 1894 3381">
     <span class='ocr_line' id='line_1_38' title="bbox 312 3308 1894 3381; baseline -0.003 -15"><span class='ocrx_word' id='word_1_256' title='bbox 312 3313 431 3366; x_wconf 84' lang='grc' dir='ltr'><strong>τῶν</strong></span> <span class='ocrx_word' id='word_1_257' title='bbox 477 3311 708 3381; x_wconf 80' lang='grc' dir='ltr'>λογικῆς</span> <span class='ocrx_word' id='word_1_258' title='bbox 760 3309 1096 3381; x_wconf 84' lang='grc' dir='ltr'>μετεχόντων</span> <span class='ocrx_word' id='word_1_259' title='bbox 1132 3308 1349 3378; x_wconf 90' lang='grc' dir='ltr'>φύσεως</span> <span class='ocrx_word' id='word_1_260' title='bbox 1385 3309 1449 3361; x_wconf 90' lang='lat' dir='ltr'><strong>o6</strong></span> <span class='ocrx_word' id='word_1_261' title='bbox 1491 3310 1894 3381; x_wconf 72' lang='grc' dir='ltr'>διωμολόγηται</span> 
     </span>
    </p>
   </div>
   <div class='ocr_carea' id='block_1_39' title="bbox 318 3396 1894 3473">
    <p class='ocr_par' dir='ltr' id='par_1_39' title="bbox 318 3396 1894 3473">
     <span class='ocr_line' id='line_1_39' title="bbox 318 3396 1894 3473; baseline -0.002 -15"><span class='ocrx_word' id='word_1_262' title='bbox 318 3404 539 3473; x_wconf 82' lang='grc' dir='ltr'>σαφῶς,</span> <span class='ocrx_word' id='word_1_263' title='bbox 567 3404 649 3456; x_wconf 87' lang='grc' dir='ltr'><strong>δτι</strong></span> <span class='ocrx_word' id='word_1_264' title='bbox 679 3401 816 3455; x_wconf 91' lang='grc' dir='ltr'>Θεοῦ</span> <span class='ocrx_word' id='word_1_265' title='bbox 850 3403 1023 3454; x_wconf 86' lang='grc' dir='ltr'>ποιεῖν</span> <span class='ocrx_word' id='word_1_266' title='bbox 1066 3401 1324 3471; x_wconf 84' lang='grc' dir='ltr'>ὁμοίωμα</span> <span class='ocrx_word' id='word_1_267' title='bbox 1432 3402 1566 3466; x_wconf 82' lang='grc' dir='ltr'>Θεὸς</span> <span class='ocrx_word' id='word_1_268' title='bbox 1585 3441 1602 3464; x_wconf 87' lang='grc'><strong>,</strong></span> <span class='ocrx_word' id='word_1_269' title='bbox 1631 3401 1894 3455; x_wconf 85' lang='grc' dir='ltr'>ἀδύνατον</span> 
     </span>
    </p>
   </div>
   <div class='ocr_carea' id='block_1_40' title="bbox 314 3491 1893 3566">
    <p class='ocr_par' dir='ltr' id='par_1_40' title="bbox 314 3491 1893 3566">
     <span class='ocr_line' id='line_1_40' title="bbox 314 3491 1893 3566; baseline -0.003 -16"><span class='ocrx_word' id='word_1_270' title='bbox 314 3496 394 3561; x_wconf 78' lang='grc' dir='ltr'>ὡς</span> <span class='ocrx_word' id='word_1_271' title='bbox 429 3494 645 3566; x_wconf 79' lang='grc' dir='ltr'>άληθῶς</span> <span class='ocrx_word' id='word_1_272' title='bbox 674 3494 770 3547; x_wconf 76' lang='grc' dir='ltr'>καὶ</span> <span class='ocrx_word' id='word_1_273' title='bbox 798 3491 1250 3564; x_wconf 84' lang='grc' dir='ltr'>ἁνεπιχείρητον;</span> <span class='ocrx_word' id='word_1_274' title='bbox 1298 3493 1424 3545; x_wconf 68' lang='grc' dir='ltr'>ἐπεὶ</span> <span class='ocrx_word' id='word_1_275' title='bbox 1463 3492 1585 3546; x_wconf 80' lang='grc' dir='ltr'><strong>οὐδὲ</strong></span> <span class='ocrx_word' id='word_1_276' title='bbox 1612 3492 1808 3564; x_wconf 79' lang='grc' dir='ltr'>ὁρατὸν</span> <span class='ocrx_word' id='word_1_277' title='bbox 1832 3491 1893 3545; x_wconf 83' lang='grc' dir='ltr'>τὸ</span> 
     </span>
    </p>
   </div>
   <div class='ocr_carea' id='block_1_41' title="bbox 321 3583 1892 3655">
    <p class='ocr_par' dir='ltr' id='par_1_41' title="bbox 321 3583 1892 3655">
     <span class='ocr_line' id='line_1_41' title="bbox 321 3583 1892 3655; baseline -0.003 -15"><span class='ocrx_word' id='word_1_278' title='bbox 321 3589 485 3642; x_wconf 81' lang='grc' dir='ltr'>Θεῖον</span> <span class='ocrx_word' id='word_1_279' title='bbox 510 3586 636 3639; x_wconf 82' lang='grc' dir='ltr'><strong>οὐδὲ</strong></span> <span class='ocrx_word' id='word_1_280' title='bbox 666 3584 895 3655; x_wconf 80' lang='grc' dir='ltr'>ληπτόν·</span> <span class='ocrx_word' id='word_1_281' title='bbox 931 3584 1080 3638; x_wconf 78' lang='grc' dir='ltr'>Θεὸν</span> <span class='ocrx_word' id='word_1_282' title='bbox 1118 3583 1229 3655; x_wconf 83' lang='grc' dir='ltr'><strong>γὰρ</strong></span> <span class='ocrx_word' id='word_1_283' title='bbox 1270 3583 1474 3649; x_wconf 77' lang='grc' dir='ltr'>οὐδεὶς</span> <span class='ocrx_word' id='word_1_284' title='bbox 1499 3584 1724 3652; x_wconf 79' lang='grc' dir='ltr'>ἑώρακε</span> <span class='ocrx_word' id='word_1_285' title='bbox 1773 3583 1892 3637; x_wconf 75' lang='grc' dir='ltr'>πώ-</span> 
     </span>
    </p>
   </div>
   <div class='ocr_carea' id='block_1_42' title="bbox 314 3669 1894 3743">
    <p class='ocr_par' dir='ltr' id='par_1_42' title="bbox 314 3669 1894 3743">
     <span class='ocr_line' id='line_1_42' title="bbox 314 3669 1894 3743; baseline -0.006 -12"><span class='ocrx_word' id='word_1_286' title='bbox 314 3693 489 3731; x_wconf 70' lang='grc' dir='ltr'>ποτε.</span> <span class='ocrx_word' id='word_1_287' title='bbox 518 3674 731 3729; x_wconf 81' lang='grc' dir='ltr'>Οὐκοῦν</span> <span class='ocrx_word' id='word_1_288' title='bbox 759 3673 884 3727; x_wconf 82' lang='grc' dir='ltr'>οὐδὲ</span> <span class='ocrx_word' id='word_1_289' title='bbox 910 3674 1117 3743; x_wconf 84' lang='grc' dir='ltr'>Μωσῆς</span> <span class='ocrx_word' id='word_1_290' title='bbox 1147 3671 1309 3736; x_wconf 81' lang='grc' dir='ltr'>αὐτὸς</span> <span class='ocrx_word' id='word_1_291' title='bbox 1331 3674 1360 3726; x_wconf 90' lang='grc' dir='ltr'><strong>ό</strong></span> <span class='ocrx_word' id='word_1_292' title='bbox 1387 3674 1499 3736; x_wconf 82' lang='grc' dir='ltr'>τοῖς</span> <span class='ocrx_word' id='word_1_293' title='bbox 1525 3671 1691 3734; x_wconf 86' lang='grc' dir='ltr'>θείοις</span> <span class='ocrx_word' id='word_1_294' title='bbox 1707 3669 1894 3740; x_wconf 90' lang='grc' dir='ltr'>νόμοις</span> 
     </span>
    </p>
   </div>
   <div class='ocr_carea' id='block_1_43' title="bbox 316 3762 1892 3839">
    <p class='ocr_par' dir='ltr' id='par_1_43' title="bbox 316 3762 1892 3839">
     <span class='ocr_line' id='line_1_43' title="bbox 316 3762 1892 3839; baseline -0.006 -15"><span class='ocrx_word' id='word_1_295' title='bbox 316 3766 786 3839; x_wconf 80' lang='grc' dir='ltr'>ὑπηρετούμενος,</span> <span class='ocrx_word' id='word_1_296' title='bbox 819 3764 994 3819; x_wconf 91' lang='grc' dir='ltr'>καίτοι</span> <span class='ocrx_word' id='word_1_297' title='bbox 1018 3765 1248 3834; x_wconf 79' lang='grc' dir='ltr'>κάτοχος</span> <span class='ocrx_word' id='word_1_298' title='bbox 1276 3763 1355 3834; x_wconf 85' lang='grc' dir='ltr'>τῷ</span> <span class='ocrx_word' id='word_1_299' title='bbox 1375 3764 1474 3834; x_wconf 81' lang='grc' dir='ltr'><strong>τῆς</strong></span> <span class='ocrx_word' id='word_1_300' title='bbox 1514 3762 1665 3826; x_wconf 89' lang='grc' dir='ltr'>θείας</span> <span class='ocrx_word' id='word_1_301' title='bbox 1691 3764 1892 3831; x_wconf 77' lang='grc' dir='ltr'>ἐπιφα-</span> 
     </span>
    </p>
   </div>
   <div class='ocr_carea' id='block_1_44' title="bbox 314 3856 1891 3929">
    <p class='ocr_par' dir='ltr' id='par_1_44' title="bbox 314 3856 1891 3929">
     <span class='ocr_line' id='line_1_44' title="bbox 314 3856 1891 3929; baseline -0.003 -13"><span class='ocrx_word' id='word_1_302' title='bbox 314 3861 472 3924; x_wconf 83' lang='grc' dir='ltr'>νείας</span> <span class='ocrx_word' id='word_1_303' title='bbox 498 3858 795 3929; x_wconf 85' lang='grc' dir='ltr'>γενόμενος</span> <span class='ocrx_word' id='word_1_304' title='bbox 816 3857 981 3928; x_wconf 76' lang='grc' dir='ltr'>ἔρωτι</span> <span class='ocrx_word' id='word_1_305' title='bbox 1016 3856 1293 3920; x_wconf 76' lang='grc' dir='ltr'>τεθέαται,</span> <span class='ocrx_word' id='word_1_306' title='bbox 1327 3857 1409 3910; x_wconf 88' lang='grc' dir='ltr'>ὅτι</span> <span class='ocrx_word' id='word_1_307' title='bbox 1438 3858 1514 3927; x_wconf 81' lang='grc' dir='ltr'>μὴ</span> <span class='ocrx_word' id='word_1_308' title='bbox 1545 3857 1705 3926; x_wconf 89' lang='grc' dir='ltr'>μόνον</span> <span class='ocrx_word' id='word_1_309' title='bbox 1731 3857 1891 3922; x_wconf 80' lang='grc' dir='ltr'>δόξαν</span> 
     </span>
    </p>
   </div>
   <div class='ocr_carea' id='block_1_45' title="bbox 312 3948 1892 4022">
    <p class='ocr_par' dir='ltr' id='par_1_45' title="bbox 312 3948 1892 4022">
     <span class='ocr_line' id='line_1_45' title="bbox 312 3948 1892 4022; baseline -0.001 -15"><span class='ocrx_word' id='word_1_310' title='bbox 312 3951 491 4019; x_wconf 79' lang='grc' dir='ltr'>Θεοῦ,</span> <span class='ocrx_word' id='word_1_311' title='bbox 526 3953 651 4022; x_wconf 72' lang='grc' dir='ltr'>ἥτις</span> <span class='ocrx_word' id='word_1_312' title='bbox 687 3949 837 4020; x_wconf 77' lang='grc' dir='ltr'>αὐτῷ</span> <span class='ocrx_word' id='word_1_313' title='bbox 882 3948 1302 4020; x_wconf 79' lang='grc' dir='ltr'>παραδέδεικται</span> <span class='ocrx_word' id='word_1_314' title='bbox 1361 3952 1532 4021; x_wconf 85' lang='grc' dir='ltr'>ήνίκα</span> <span class='ocrx_word' id='word_1_315' title='bbox 1578 3949 1642 4003; x_wconf 62' lang='lat' dir='ltr'><strong>ab</strong></span> <span class='ocrx_word' id='word_1_316' title='bbox 1683 3950 1892 4016; x_wconf 77' lang='grc' dir='ltr'><strong>δεδοξα⁴</strong></span> 
     </span>
    </p>
   </div>
   <div class='ocr_carea' id='block_1_46' title="bbox 316 4039 1893 4116">
    <p class='ocr_par' dir='ltr' id='par_1_46' title="bbox 316 4039 1893 4116">
     <span class='ocr_line' id='line_1_46' title="bbox 316 4039 1893 4116; baseline 0.001 -20"><span class='ocrx_word' id='word_1_317' title='bbox 316 4044 525 4112; x_wconf 84' lang='grc' dir='ltr'>σμένον</span> <span class='ocrx_word' id='word_1_318' title='bbox 555 4041 825 4112; x_wconf 88' lang='grc' dir='ltr'>πρότερον</span> <span class='ocrx_word' id='word_1_319' title='bbox 874 4039 1242 4111; x_wconf 76' lang='grc' dir='ltr'>παρελήλυθε.</span> <span class='ocrx_word' id='word_1_320' title='bbox 1271 4041 1368 4096; x_wconf 83' lang='grc' dir='ltr'>καὶ</span> <span class='ocrx_word' id='word_1_321' title='bbox 1397 4042 1573 4097; x_wconf 88' lang='grc' dir='ltr'>ταῦτα</span> <span class='ocrx_word' id='word_1_322' title='bbox 1597 4046 1666 4115; x_wconf 80' lang='grc' dir='ltr'>τῇ</span> <span class='ocrx_word' id='word_1_323' title='bbox 1713 4043 1893 4116; x_wconf 82' lang='grc' dir='ltr'>πέτρᾳ</span> 
     </span>
    </p>
   </div>
   <div class='ocr_carea' id='block_1_47' title="bbox 315 4132 1887 4204">
    <p class='ocr_par' dir='ltr' id='par_1_47' title="bbox 315 4132 1887 4204">
     <span class='ocr_line' id='line_1_47' title="bbox 315 4132 1887 4204; baseline -0.001 -15"><span class='ocrx_word' id='word_1_324' title='bbox 315 4133 733 4203; x_wconf 78' lang='grc' dir='ltr'>καλυπτόμενος</span> <span class='ocrx_word' id='word_1_325' title='bbox 756 4171 772 4193; x_wconf 87' lang='grc'><strong>,</strong></span> <span class='ocrx_word' id='word_1_326' title='bbox 810 4133 905 4186; x_wconf 78' lang='grc' dir='ltr'>καὶ</span> <span class='ocrx_word' id='word_1_327' title='bbox 937 4132 1092 4202; x_wconf 80' lang='grc' dir='ltr'>μόλις</span> <span class='ocrx_word' id='word_1_328' title='bbox 1132 4132 1343 4204; x_wconf 78' lang='grc' dir='ltr'>καθορᾷ</span> <span class='ocrx_word' id='word_1_329' title='bbox 1370 4132 1506 4188; x_wconf 89' lang='grc' dir='ltr'>Θεοῦ</span> <span class='ocrx_word' id='word_1_330' title='bbox 1533 4133 1605 4188; x_wconf 80' lang='grc' dir='ltr'>τὰ</span> <span class='ocrx_word' id='word_1_331' title='bbox 1635 4134 1887 4189; x_wconf 80' lang='grc' dir='ltr'>ὀπίσθια’</span> 
     </span>
    </p>
   </div>
   <div class='ocr_carea' id='block_1_48' title="bbox 313 4223 1893 4297">
    <p class='ocr_par' dir='ltr' id='par_1_48' title="bbox 313 4223 1893 4297">
     <span class='ocr_line' id='line_1_48' title="bbox 313 4223 1893 4297; baseline 0.002 -18"><span class='ocrx_word' id='word_1_332' title='bbox 313 4226 463 4293; x_wconf 77' lang='grc' dir='ltr'>τάχα</span> <span class='ocrx_word' id='word_1_333' title='bbox 492 4224 604 4277; x_wconf 83' lang='grc' dir='ltr'><strong>τῶν</strong></span> <span class='ocrx_word' id='word_1_334' title='bbox 632 4223 936 4291; x_wconf 87' lang='grc' dir='ltr'>μελλόντων</span> <span class='ocrx_word' id='word_1_335' title='bbox 974 4225 1074 4294; x_wconf 80' lang='grc' dir='ltr'>τῆς</span> <span class='ocrx_word' id='word_1_336' title='bbox 1104 4226 1163 4278; x_wconf 75' lang='grc' dir='ltr'>ὲν</span> <span class='ocrx_word' id='word_1_337' title='bbox 1193 4226 1356 4297; x_wconf 54' lang='grc' dir='ltr'><strong>σαρκί⁵</strong></span> <span class='ocrx_word' id='word_1_338' title='bbox 1403 4226 1723 4297; x_wconf 83' lang='grc' dir='ltr'>θεοφανείας</span> <span class='ocrx_word' id='word_1_339' title='bbox 1766 4228 1893 4290; x_wconf 71' lang='grc' dir='ltr'>τοὺς</span> 
     </span>
    </p>
   </div>
   <div class='ocr_carea' id='block_1_49' title="bbox 312 4315 1888 4389">
    <p class='ocr_par' dir='ltr' id='par_1_49' title="bbox 312 4315 1888 4389">
     <span class='ocr_line' id='line_1_49' title="bbox 312 4315 1888 4389; baseline 0.001 -18"><span class='ocrx_word' id='word_1_340' title='bbox 312 4317 524 4380; x_wconf 84' lang='grc' dir='ltr'>τύπους</span> <span class='ocrx_word' id='word_1_341' title='bbox 557 4315 1089 4387; x_wconf 86' lang='grc' dir='ltr'>μυσταγωγούμενος</span> <span class='ocrx_word' id='word_1_342' title='bbox 1112 4334 1128 4349; x_wconf 91' lang='grc'><strong>·</strong></span> <span class='ocrx_word' id='word_1_343' title='bbox 1169 4316 1222 4371; x_wconf 88' lang='grc' dir='ltr'><strong>τί</strong></span> <span class='ocrx_word' id='word_1_344' title='bbox 1253 4318 1362 4388; x_wconf 75' lang='grc' dir='ltr'><strong>γάρ</strong></span> <span class='ocrx_word' id='word_1_345' title='bbox 1407 4334 1574 4388; x_wconf 89' lang='grc' dir='ltr'>φησιν</span> <span class='ocrx_word' id='word_1_346' title='bbox 1603 4320 1632 4373; x_wconf 88' lang='grc' dir='ltr'><strong>ό</strong></span> <span class='ocrx_word' id='word_1_347' title='bbox 1662 4334 1888 4389; x_wconf 86' lang='grc' dir='ltr'>χρημα-</span> 
     </span>
    </p>
   </div>
   <div class='ocr_carea' id='block_1_50' title="bbox 1995 484 3559 557">
    <p class='ocr_par' dir='ltr' id='par_1_50' title="bbox 1995 484 3559 557">
     <span class='ocr_line' id='line_1_50' title="bbox 1995 484 3559 557; baseline -0.004 -12"><span class='ocrx_word' id='word_1_348' title='bbox 1995 489 2113 545; x_wconf 72' lang='lat' dir='ltr'><strong>haec</strong></span> <span class='ocrx_word' id='word_1_349' title='bbox 2156 490 2362 545; x_wconf 87' lang='lat' dir='ltr'><strong>honore</strong></span> <span class='ocrx_word' id='word_1_350' title='bbox 2397 488 2656 557; x_wconf 89' lang='lat' dir='ltr'><strong>cultuque</strong></span> <span class='ocrx_word' id='word_1_351' title='bbox 2706 488 2868 555; x_wconf 86' lang='lat' dir='ltr'><strong>digna</strong></span> <span class='ocrx_word' id='word_1_352' title='bbox 2915 484 3250 554; x_wconf 65' lang='lat' dir='ltr'><strong>iudicamus,</strong></span> <span class='ocrx_word' id='word_1_353' title='bbox 3302 498 3461 540; x_wconf 89' lang='lat' dir='ltr'><strong>secus</strong></span> <span class='ocrx_word' id='word_1_354' title='bbox 3493 496 3559 539; x_wconf 86' lang='lat' dir='ltr'><strong>ac</strong></span> 
     </span>
    </p>
   </div>
   <div class='ocr_carea' id='block_1_51' title="bbox 1990 576 3559 651">
    <p class='ocr_par' dir='ltr' id='par_1_51' title="bbox 1990 576 3559 651">
     <span class='ocr_line' id='line_1_51' title="bbox 1990 576 3559 651; baseline -0.004 -14"><span class='ocrx_word' id='word_1_355' title='bbox 1990 580 2046 637; x_wconf 86' lang='lat' dir='ltr'><strong>hi</strong></span> <span class='ocrx_word' id='word_1_356' title='bbox 2097 581 2303 637; x_wconf 80' lang='lat' dir='ltr'><strong>faciunt</strong></span> <span class='ocrx_word' id='word_1_357' title='bbox 2350 581 2546 651; x_wconf 88' lang='lat' dir='ltr'><strong>impuri</strong></span> <span class='ocrx_word' id='word_1_358' title='bbox 2599 580 2690 650; x_wconf 89' lang='lat' dir='ltr'><strong>qui</strong></span> <span class='ocrx_word' id='word_1_359' title='bbox 2739 586 2932 636; x_wconf 85' lang='lat' dir='ltr'><strong>sancta</strong></span> <span class='ocrx_word' id='word_1_360' title='bbox 2987 577 3151 647; x_wconf 85' lang='lat' dir='ltr'><strong>impie</strong></span> <span class='ocrx_word' id='word_1_361' title='bbox 3188 576 3456 647; x_wconf 88' lang='lat' dir='ltr'><strong>despuunt</strong></span> <span class='ocrx_word' id='word_1_362' title='bbox 3504 588 3559 643; x_wconf 74' lang='lat' dir='ltr'><strong>et</strong></span> 
     </span>
    </p>
   </div>
   <div class='ocr_carea' id='block_1_52' title="bbox 1989 667 3560 740">
    <p class='ocr_par' dir='ltr' id='par_1_52' title="bbox 1989 667 3560 740">
     <span class='ocr_line' id='line_1_52' title="bbox 1989 667 3560 740; baseline -0.004 -13"><span class='ocrx_word' id='word_1_363' title='bbox 1989 671 2333 727; x_wconf 88' lang='lat' dir='ltr'><strong>contumeliis</strong></span> <span class='ocrx_word' id='word_1_364' title='bbox 2362 670 2653 726; x_wconf 77' lang='lat' dir='ltr'><strong>alliciunt:</strong></span> <span class='ocrx_word' id='word_1_365' title='bbox 2703 670 2796 740; x_wconf 85' lang='lat' dir='ltr'><strong>qui</strong></span> <span class='ocrx_word' id='word_1_366' title='bbox 2845 669 3063 738; x_wconf 85' lang='lat' dir='ltr'><strong>quidem</strong></span> <span class='ocrx_word' id='word_1_367' title='bbox 3097 668 3283 722; x_wconf 86' lang='lat' dir='ltr'><strong>omnia</strong></span> <span class='ocrx_word' id='word_1_368' title='bbox 3330 667 3560 722; x_wconf 84' lang='lat' dir='ltr'><strong>conluu-</strong></span> 
     </span>
    </p>
   </div>
   <div class='ocr_carea' id='block_1_53' title="bbox 1989 759 3556 832">
    <p class='ocr_par' dir='ltr' id='par_1_53' title="bbox 1989 759 3556 832">
     <span class='ocr_line' id='line_1_53' title="bbox 1989 759 3556 832; baseline -0.004 -14"><span class='ocrx_word' id='word_1_369' title='bbox 1989 763 2178 819; x_wconf 91' lang='lat' dir='ltr'><strong>dentes</strong></span> <span class='ocrx_word' id='word_1_370' title='bbox 2226 763 2757 832; x_wconf 83' lang='lat' dir='ltr'><strong>permiscentesque,</strong></span> <span class='ocrx_word' id='word_1_371' title='bbox 2818 760 3080 815; x_wconf 90' lang='lat' dir='ltr'><strong>mundum</strong></span> <span class='ocrx_word' id='word_1_372' title='bbox 3114 760 3183 814; x_wconf 85' lang='lat' dir='ltr'><strong>ab</strong></span> <span class='ocrx_word' id='word_1_373' title='bbox 3254 759 3556 823; x_wconf 86' lang='lat' dir='ltr'><strong>immundo,</strong></span> 
     </span>
    </p>
   </div>
   <div class='ocr_carea' id='block_1_54' title="bbox 1988 848 3560 923">
    <p class='ocr_par' dir='ltr' id='par_1_54' title="bbox 1988 848 3560 923">
     <span class='ocr_line' id='line_1_54' title="bbox 1988 848 3560 923; baseline -0.004 -13"><span class='ocrx_word' id='word_1_374' title='bbox 1988 864 2240 910; x_wconf 90' lang='lat' dir='ltr'><strong>sanctum</strong></span> <span class='ocrx_word' id='word_1_375' title='bbox 2267 868 2297 907; x_wconf 73' lang='grc' dir='ltr'><em>ε</em></span> <span class='ocrx_word' id='word_1_376' title='bbox 2342 853 2569 923; x_wconf 75' lang='lat' dir='ltr'><strong>profano</strong></span> <span class='ocrx_word' id='word_1_377' title='bbox 2633 852 3018 907; x_wconf 89' lang='lat' dir='ltr'><strong>discriminare</strong></span> <span class='ocrx_word' id='word_1_378' title='bbox 3065 849 3275 905; x_wconf 90' lang='lat' dir='ltr'><strong>nolunt.</strong></span> <span class='ocrx_word' id='word_1_379' title='bbox 3312 848 3560 919; x_wconf 78' lang='lat' dir='ltr'><strong>Namque</strong></span> 
     </span>
    </p>
   </div>
   <div class='ocr_carea' id='block_1_55' title="bbox 1987 940 3554 1010">
    <p class='ocr_par' dir='ltr' id='par_1_55' title="bbox 1987 940 3554 1010">
     <span class='ocr_line' id='line_1_55' title="bbox 1987 940 3554 1010; baseline -0.004 -10"><span class='ocrx_word' id='word_1_380' title='bbox 1987 947 2044 1000; x_wconf 78' lang='lat' dir='ltr'><strong>in</strong></span> <span class='ocrx_word' id='word_1_381' title='bbox 2071 945 2390 1000; x_wconf 72' lang='lat' dir='ltr'><strong>mlitiosam</strong></span> <span class='ocrx_word' id='word_1_382' title='bbox 2409 945 2644 998; x_wconf 86' lang='lat' dir='ltr'><strong>animam</strong></span> <span class='ocrx_word' id='word_1_383' title='bbox 2676 960 2779 996; x_wconf 81' lang='lat' dir='ltr'><strong>non</strong></span> <span class='ocrx_word' id='word_1_384' title='bbox 2813 942 3051 997; x_wconf 72' lang='lat' dir='ltr'><strong>introibit</strong></span> <span class='ocrx_word' id='word_1_385' title='bbox 3086 940 3181 996; x_wconf 88' lang='lat' dir='ltr'><strong>Dei</strong></span> <span class='ocrx_word' id='word_1_386' title='bbox 3203 941 3465 1010; x_wconf 72' lang='lat' dir='ltr'><strong>sapientia</strong></span> <span class='ocrx_word' id='word_1_387' title='bbox 3486 940 3554 993; x_wconf 80' lang='grc'><strong>³⁸.</strong></span> 
     </span>
    </p>
   </div>
   <div class='ocr_carea' id='block_1_56' title="bbox 1988 1031 3558 1107">
    <p class='ocr_par' dir='ltr' id='par_1_56' title="bbox 1988 1031 3558 1107">
     <span class='ocr_line' id='line_1_56' title="bbox 1988 1031 3558 1107; baseline -0.007 -14"><span class='ocrx_word' id='word_1_388' title='bbox 1988 1036 2221 1092; x_wconf 82' lang='lat' dir='ltr'><strong>Necesse</strong></span> <span class='ocrx_word' id='word_1_389' title='bbox 2248 1038 2444 1107; x_wconf 81' lang='lat' dir='ltr'><strong>quippe</strong></span> <span class='ocrx_word' id='word_1_390' title='bbox 2473 1044 2578 1099; x_wconf 82' lang='lat' dir='ltr'><strong>est,</strong></span> <span class='ocrx_word' id='word_1_391' title='bbox 2632 1044 2690 1088; x_wconf 92' lang='lat' dir='ltr'><strong>ut</strong></span> <span class='ocrx_word' id='word_1_392' title='bbox 2714 1032 2801 1088; x_wconf 85' lang='lat' dir='ltr'><strong>vel</strong></span> <span class='ocrx_word' id='word_1_393' title='bbox 2838 1033 2915 1097; x_wconf 89' lang='lat' dir='ltr'><strong>hi,</strong></span> <span class='ocrx_word' id='word_1_394' title='bbox 2945 1042 3166 1102; x_wconf 84' lang='lat' dir='ltr'><strong>propter</strong></span> <span class='ocrx_word' id='word_1_395' title='bbox 3202 1031 3333 1086; x_wconf 90' lang='lat' dir='ltr'><strong>illud</strong></span> <span class='ocrx_word' id='word_1_396' title='bbox 3389 1045 3558 1101; x_wconf 81' lang='lat' dir='ltr'><strong>nega-</strong></span> 
     </span>
    </p>
   </div>
   <div class='ocr_carea' id='block_1_57' title="bbox 1991 1123 3561 1194">
    <p class='ocr_par' dir='ltr' id='par_1_57' title="bbox 1991 1123 3561 1194">
     <span class='ocr_line' id='line_1_57' title="bbox 1991 1123 3561 1194; baseline -0.005 -11"><span class='ocrx_word' id='word_1_397' title='bbox 1991 1129 2186 1192; x_wconf 90' lang='lat' dir='ltr'><strong>tivum,</strong></span> <span class='ocrx_word' id='word_1_398' title='bbox 2227 1143 2331 1182; x_wconf 83' lang='lat' dir='ltr'><strong>non</strong></span> <span class='ocrx_word' id='word_1_399' title='bbox 2349 1127 2516 1194; x_wconf 83' lang='lat' dir='ltr'><strong>facies</strong></span> <span class='ocrx_word' id='word_1_400' title='bbox 2540 1125 2906 1185; x_wconf 85' lang='lat' dir='ltr'><strong>simulacrum,</strong></span> <span class='ocrx_word' id='word_1_401' title='bbox 2931 1132 3125 1177; x_wconf 87' lang='lat' dir='ltr'><strong>cuncta</strong></span> <span class='ocrx_word' id='word_1_402' title='bbox 3166 1123 3277 1177; x_wconf 90' lang='lat' dir='ltr'><strong>Deo</strong></span> <span class='ocrx_word' id='word_1_403' title='bbox 3303 1123 3471 1176; x_wconf 89' lang='lat' dir='ltr'><strong>chara</strong></span> <span class='ocrx_word' id='word_1_404' title='bbox 3504 1129 3561 1179; x_wconf 78' lang='lat' dir='ltr'><strong>et</strong></span> 
     </span>
    </p>
   </div>
   <div class='ocr_carea' id='block_1_58' title="bbox 1987 1212 3553 1291">
    <p class='ocr_par' dir='ltr' id='par_1_58' title="bbox 1987 1212 3553 1291">
     <span class='ocr_line' id='line_1_58' title="bbox 1987 1212 3553 1291; baseline -0.006 -16"><span class='ocrx_word' id='word_1_405' title='bbox 1987 1220 2203 1291; x_wconf 88' lang='lat' dir='ltr'><strong>propria</strong></span> <span class='ocrx_word' id='word_1_406' title='bbox 2238 1218 2520 1287; x_wconf 88' lang='lat' dir='ltr'><strong>rejiciaut;</strong></span> <span class='ocrx_word' id='word_1_407' title='bbox 2571 1216 2655 1272; x_wconf 86' lang='lat' dir='ltr'><strong>vel</strong></span> <span class='ocrx_word' id='word_1_408' title='bbox 2694 1225 2914 1285; x_wconf 85' lang='lat' dir='ltr'><strong>propter</strong></span> <span class='ocrx_word' id='word_1_409' title='bbox 2938 1212 3319 1268; x_wconf 83' lang='lat' dir='ltr'><strong>alllrmativum</strong></span> <span class='ocrx_word' id='word_1_410' title='bbox 3357 1213 3553 1279; x_wconf 81' lang='lat' dir='ltr'><strong>facies,</strong></span> 
     </span>
    </p>
   </div>
   <div class='ocr_carea' id='block_1_59' title="bbox 1985 1299 3560 1367">
    <p class='ocr_par' dir='ltr' id='par_1_59' title="bbox 1985 1299 3560 1367">
     <span class='ocr_line' id='line_1_59' title="bbox 1985 1299 3560 1367; baseline -0.006 0"><span class='ocrx_word' id='word_1_411' title='bbox 1985 1322 2244 1367; x_wconf 89' lang='lat' dir='ltr'><strong>consueta</strong></span> <span class='ocrx_word' id='word_1_412' title='bbox 2303 1309 2483 1366; x_wconf 86' lang='lat' dir='ltr'><strong>omnia</strong></span> <span class='ocrx_word' id='word_1_413' title='bbox 2540 1308 2719 1362; x_wconf 86' lang='lat' dir='ltr'><strong>atheis</strong></span> <span class='ocrx_word' id='word_1_414' title='bbox 2763 1315 2817 1361; x_wconf 91' lang='lat' dir='ltr'><strong>et</strong></span> <span class='ocrx_word' id='word_1_415' title='bbox 2856 1299 3165 1361; x_wconf 80' lang='lat' dir='ltr'><strong>inﬁdelibus</strong></span> <span class='ocrx_word' id='word_1_416' title='bbox 3209 1304 3434 1360; x_wconf 85' lang='lat' dir='ltr'><strong>adorent</strong></span> <span class='ocrx_word' id='word_1_417' title='bbox 3503 1312 3560 1361; x_wconf 89' lang='lat' dir='ltr'><strong>et</strong></span> 
     </span>
    </p>
   </div>
   <div class='ocr_carea' id='block_1_60' title="bbox 1987 1390 3559 1471">
    <p class='ocr_par' dir='ltr' id='par_1_60' title="bbox 1987 1390 3559 1471">
     <span class='ocr_line' id='line_1_60' title="bbox 1987 1390 3559 1471; baseline -0.006 -16"><span class='ocrx_word' id='word_1_418' title='bbox 1987 1401 2422 1471; x_wconf 82' lang='lat' dir='ltr'><strong>amplectantur;</strong></span> <span class='ocrx_word' id='word_1_419' title='bbox 2481 1399 2599 1453; x_wconf 89' lang='lat' dir='ltr'><strong>sine</strong></span> <span class='ocrx_word' id='word_1_420' title='bbox 2648 1397 2753 1452; x_wconf 91' lang='lat' dir='ltr'><strong>ulla</strong></span> <span class='ocrx_word' id='word_1_421' title='bbox 2789 1395 3042 1450; x_wconf 85' lang='lat' dir='ltr'><strong>videlicet</strong></span> <span class='ocrx_word' id='word_1_422' title='bbox 3064 1394 3383 1464; x_wconf 89' lang='lat' dir='ltr'><strong>opinionum</strong></span> <span class='ocrx_word' id='word_1_423' title='bbox 3406 1390 3559 1462; x_wconf 84' lang='lat' dir='ltr'><strong>judi-</strong></span> 
     </span>
    </p>
   </div>
   <div class='ocr_carea' id='block_1_61' title="bbox 1986 1483 3557 1559">
    <p class='ocr_par' dir='ltr' id='par_1_61' title="bbox 1986 1483 3557 1559">
     <span class='ocr_line' id='line_1_61' title="bbox 1986 1483 3557 1559; baseline -0.006 -14"><span class='ocrx_word' id='word_1_424' title='bbox 1986 1490 2163 1559; x_wconf 83' lang='lat' dir='ltr'><strong>ciique</strong></span> <span class='ocrx_word' id='word_1_425' title='bbox 2186 1491 2436 1544; x_wconf 85' lang='lat' dir='ltr'><strong>sanitate.</strong></span> <span class='ocrx_word' id='word_1_426' title='bbox 2461 1486 2560 1541; x_wconf 84' lang='lat' dir='ltr'><strong>Vel</strong></span> <span class='ocrx_word' id='word_1_427' title='bbox 2590 1487 2841 1555; x_wconf 87' lang='lat' dir='ltr'><strong>denique,</strong></span> <span class='ocrx_word' id='word_1_428' title='bbox 2866 1484 3008 1554; x_wconf 87' lang='lat' dir='ltr'><strong>quod</strong></span> <span class='ocrx_word' id='word_1_429' title='bbox 3045 1484 3177 1553; x_wconf 83' lang='lat' dir='ltr'><strong>ipsis</strong></span> <span class='ocrx_word' id='word_1_430' title='bbox 3204 1483 3557 1553; x_wconf 88' lang='lat' dir='ltr'><strong>etproprium</strong></span> 
     </span>
    </p>
   </div>
   <div class='ocr_carea' id='block_1_62' title="bbox 1985 1574 3555 1653">
    <p class='ocr_par' dir='ltr' id='par_1_62' title="bbox 1985 1574 3555 1653">
     <span class='ocr_line' id='line_1_62' title="bbox 1985 1574 3555 1653; baseline -0.006 -16"><span class='ocrx_word' id='word_1_431' title='bbox 1985 1592 2041 1636; x_wconf 89' lang='lat' dir='ltr'><strong>et</strong></span> <span class='ocrx_word' id='word_1_432' title='bbox 2064 1582 2359 1653; x_wconf 82' lang='lat' dir='ltr'><strong>jucundum</strong></span> <span class='ocrx_word' id='word_1_433' title='bbox 2400 1589 2503 1645; x_wconf 88' lang='lat' dir='ltr'><strong>est,</strong></span> <span class='ocrx_word' id='word_1_434' title='bbox 2542 1587 2708 1634; x_wconf 89' lang='lat' dir='ltr'><strong>totam</strong></span> <span class='ocrx_word' id='word_1_435' title='bbox 2743 1587 2977 1632; x_wconf 83' lang='lat' dir='ltr'><strong>veterem</strong></span> <span class='ocrx_word' id='word_1_436' title='bbox 3016 1578 3331 1646; x_wconf 89' lang='lat' dir='ltr'><strong>&#39;novamque</strong></span> <span class='ocrx_word' id='word_1_437' title='bbox 3357 1574 3555 1646; x_wconf 86' lang='lat' dir='ltr'><strong>legem,</strong></span> 
     </span>
    </p>
   </div>
   <div class='ocr_carea' id='block_1_63' title="bbox 1986 1667 3079 1744">
    <p class='ocr_par' dir='ltr' id='par_1_63' title="bbox 1986 1667 3079 1744">
     <span class='ocr_line' id='line_1_63' title="bbox 1986 1667 3079 1744; baseline -0.007 -14"><span class='ocrx_word' id='word_1_438' title='bbox 1986 1675 2102 1731; x_wconf 91' lang='lat' dir='ltr'><strong>suis</strong></span> <span class='ocrx_word' id='word_1_439' title='bbox 2128 1672 2400 1744; x_wconf 75' lang='lat' dir='ltr'><strong>magistris</strong></span> <span class='ocrx_word' id='word_1_440' title='bbox 2430 1672 2812 1740; x_wconf 87' lang='lat' dir='ltr'><strong>obsequentes,</strong></span> <span class='ocrx_word' id='word_1_441' title='bbox 2842 1667 3079 1725; x_wconf 88' lang='lat' dir='ltr'><strong>deleaut.</strong></span> 
     </span>
    </p>
   </div>
   <div class='ocr_carea' id='block_1_64' title="bbox 2058 1930 3557 2009">
    <p class='ocr_par' dir='ltr' id='par_1_64' title="bbox 2058 1930 3557 2009">
     <span class='ocr_line' id='line_1_64' title="bbox 2058 1930 3557 2009; baseline -0.003 -14"><span class='ocrx_word' id='word_1_442' title='bbox 2058 1942 2148 1996; x_wconf 71' lang='grc' dir='ltr'>ιι.</span> <span class='ocrx_word' id='word_1_443' title='bbox 2180 1958 2199 1993; x_wconf 82' lang='grc' dir='ltr'><strong>ι</strong></span> <span class='ocrx_word' id='word_1_444' title='bbox 2227 1940 2362 2009; x_wconf 82' lang='lat' dir='ltr'><strong>Age,</strong></span> <span class='ocrx_word' id='word_1_445' title='bbox 2396 1938 2507 1993; x_wconf 87' lang='lat' dir='ltr'><strong>sint</strong></span> <span class='ocrx_word' id='word_1_446' title='bbox 2531 1937 2657 1994; x_wconf 88' lang='lat' dir='ltr'><strong>ista.</strong></span> <span class='ocrx_word' id='word_1_447' title='bbox 2696 1935 2881 2000; x_wconf 90' lang='lat' dir='ltr'><strong>aiunt;</strong></span> <span class='ocrx_word' id='word_1_448' title='bbox 2906 1934 3126 1989; x_wconf 83' lang='lat' dir='ltr'><strong>ubinam</strong></span> <span class='ocrx_word' id='word_1_449' title='bbox 3157 1946 3289 1989; x_wconf 87' lang='lat' dir='ltr'><strong>vero</strong></span> <span class='ocrx_word' id='word_1_450' title='bbox 3316 1930 3413 1986; x_wconf 89' lang='lat' dir='ltr'><strong>tibi</strong></span> <span class='ocrx_word' id='word_1_451' title='bbox 3442 1931 3557 2004; x_wconf 82' lang='lat' dir='ltr'><strong>lege</strong></span> 
     </span>
    </p>
   </div>
   <div class='ocr_carea' id='block_1_65' title="bbox 1987 2023 3553 2094">
    <p class='ocr_par' dir='ltr' id='par_1_65' title="bbox 1987 2023 3553 2094">
     <span class='ocr_line' id='line_1_65' title="bbox 1987 2023 3553 2094; baseline -0.008 -5"><span class='ocrx_word' id='word_1_452' title='bbox 1987 2033 2342 2089; x_wconf 89' lang='lat' dir='ltr'><strong>constitutum</strong></span> <span class='ocrx_word' id='word_1_453' title='bbox 2396 2028 2519 2094; x_wconf 83' lang='lat' dir='ltr'><strong>fuit,</strong></span> <span class='ocrx_word' id='word_1_454' title='bbox 2577 2036 2638 2082; x_wconf 91' lang='lat' dir='ltr'><strong>ut</strong></span> <span class='ocrx_word' id='word_1_455' title='bbox 2680 2027 2775 2081; x_wconf 91' lang='lat' dir='ltr'><strong>Dei</strong></span> <span class='ocrx_word' id='word_1_456' title='bbox 2803 2027 3155 2082; x_wconf 88' lang='lat' dir='ltr'><strong>simulacrum</strong></span> <span class='ocrx_word' id='word_1_457' title='bbox 3214 2023 3468 2078; x_wconf 81' lang='lat' dir='ltr'><strong>faceres?</strong></span> <span class='ocrx_word' id='word_1_458' title='bbox 3533 2042 3553 2075; x_wconf 78' lang='grc' dir='ltr'><strong>ι</strong></span> 
     </span>
    </p>
   </div>
   <div class='ocr_carea' id='block_1_66' title="bbox 1946 2118 3555 2196">
    <p class='ocr_par' dir='ltr' id='par_1_66' title="bbox 1946 2118 3555 2196">
     <span class='ocr_line' id='line_1_66' title="bbox 1946 2118 3555 2196; baseline -0.006 -16"><span class='ocrx_word' id='word_1_459' title='bbox 1946 2166 1962 2180; x_wconf 92' lang='grc'><strong>.</strong></span> <span class='ocrx_word' id='word_1_460' title='bbox 1988 2127 2241 2196; x_wconf 84' lang='lat' dir='ltr'><strong>improbo</strong></span> <span class='ocrx_word' id='word_1_461' title='bbox 2276 2125 2404 2181; x_wconf 88' lang='lat' dir='ltr'><strong>huic</strong></span> <span class='ocrx_word' id='word_1_462' title='bbox 2446 2123 2750 2192; x_wconf 89' lang='lat' dir='ltr'><strong>stolidoque</strong></span> <span class='ocrx_word' id='word_1_463' title='bbox 2783 2121 3011 2191; x_wconf 66' lang='lat' dir='ltr'><strong>quaesito</strong></span> <span class='ocrx_word' id='word_1_464' title='bbox 3060 2120 3134 2174; x_wconf 92' lang='lat' dir='ltr'><strong>ita</strong></span> <span class='ocrx_word' id='word_1_465' title='bbox 3172 2118 3555 2174; x_wconf 87' lang='lat' dir='ltr'><strong>occurrimus:</strong></span> 
     </span>
    </p>
   </div>
   <div class='ocr_carea' id='block_1_67' title="bbox 1987 2207 3559 2289">
    <p class='ocr_par' dir='ltr' id='par_1_67' title="bbox 1987 2207 3559 2289">
     <span class='ocr_line' id='line_1_67' title="bbox 1987 2207 3559 2289; baseline -0.008 -16"><span class='ocrx_word' id='word_1_466' title='bbox 1987 2220 2165 2289; x_wconf 89' lang='lat' dir='ltr'><strong>primo</strong></span> <span class='ocrx_word' id='word_1_467' title='bbox 2214 2217 2456 2287; x_wconf 86' lang='lat' dir='ltr'><strong>quidem,</strong></span> <span class='ocrx_word' id='word_1_468' title='bbox 2512 2214 2685 2269; x_wconf 86' lang='lat' dir='ltr'><strong>videri</strong></span> <span class='ocrx_word' id='word_1_469' title='bbox 2739 2228 2834 2268; x_wconf 91' lang='lat' dir='ltr'><strong>vos</strong></span> <span class='ocrx_word' id='word_1_470' title='bbox 2880 2211 3025 2266; x_wconf 88' lang='lat' dir='ltr'><strong>hanc</strong></span> <span class='ocrx_word' id='word_1_471' title='bbox 3061 2210 3436 2281; x_wconf 61' lang='lat' dir='ltr'><strong>quaestionem,</strong></span> <span class='ocrx_word' id='word_1_472' title='bbox 3487 2207 3559 2279; x_wconf 86' lang='lat' dir='ltr'><strong>ob</strong></span> 
     </span>
    </p>
   </div>
   <div class='ocr_carea' id='block_1_68' title="bbox 1988 2302 3554 2378">
    <p class='ocr_par' dir='ltr' id='par_1_68' title="bbox 1988 2302 3554 2378">
     <span class='ocr_line' id='line_1_68' title="bbox 1988 2302 3554 2378; baseline -0.006 -16"><span class='ocrx_word' id='word_1_473' title='bbox 1988 2310 2268 2366; x_wconf 88' lang='lat' dir='ltr'><strong>velandam</strong></span> <span class='ocrx_word' id='word_1_474' title='bbox 2316 2307 2753 2364; x_wconf 82' lang='lat' dir='ltr'><strong>incredulitatem</strong></span> <span class='ocrx_word' id='word_1_475' title='bbox 2811 2302 3252 2373; x_wconf 85' lang='lat' dir='ltr'><strong>impietatemque</strong></span> <span class='ocrx_word' id='word_1_476' title='bbox 3314 2310 3554 2378; x_wconf 79' lang='lat' dir='ltr'><strong>vestram</strong></span> 
     </span>
    </p>
   </div>
   <div class='ocr_carea' id='block_1_69' title="bbox 1990 2392 3559 2468">
    <p class='ocr_par' dir='ltr' id='par_1_69' title="bbox 1990 2392 3559 2468">
     <span class='ocr_line' id='line_1_69' title="bbox 1990 2392 3559 2468; baseline -0.008 -9"><span class='ocrx_word' id='word_1_477' title='bbox 1990 2416 2369 2459; x_wconf 89' lang='lat' dir='ltr'><strong>commovere:</strong></span> <span class='ocrx_word' id='word_1_478' title='bbox 2411 2413 2586 2468; x_wconf 86' lang='lat' dir='ltr'><strong>neque</strong></span> <span class='ocrx_word' id='word_1_479' title='bbox 2627 2408 2688 2452; x_wconf 88' lang='lat' dir='ltr'><strong>ut</strong></span> <span class='ocrx_word' id='word_1_480' title='bbox 2717 2396 2921 2467; x_wconf 88' lang='lat' dir='ltr'><strong>aliquid</strong></span> <span class='ocrx_word' id='word_1_481' title='bbox 2954 2394 3098 2466; x_wconf 82' lang='lat' dir='ltr'><strong>l‘rugi</strong></span> <span class='ocrx_word' id='word_1_482' title='bbox 3151 2394 3216 2450; x_wconf 90' lang='lat' dir='ltr'><strong>de</strong></span> <span class='ocrx_word' id='word_1_483' title='bbox 3253 2392 3363 2448; x_wconf 93' lang='lat' dir='ltr'><strong>Deo</strong></span> <span class='ocrx_word' id='word_1_484' title='bbox 3412 2393 3559 2462; x_wconf 76' lang='lat' dir='ltr'><strong>loqui</strong></span> 
     </span>
    </p>
   </div>
   <div class='ocr_carea' id='block_1_70' title="bbox 1987 2482 3556 2553">
    <p class='ocr_par' dir='ltr' id='par_1_70' title="bbox 1987 2482 3556 2553">
     <span class='ocr_line' id='line_1_70' title="bbox 1987 2482 3556 2553; baseline -0.006 -7"><span class='ocrx_word' id='word_1_485' title='bbox 1987 2489 2396 2553; x_wconf 79' lang='lat' dir='ltr'><strong>existimemiui,</strong></span> <span class='ocrx_word' id='word_1_486' title='bbox 2422 2490 2515 2543; x_wconf 93' lang='lat' dir='ltr'><strong>sed</strong></span> <span class='ocrx_word' id='word_1_487' title='bbox 2537 2497 2594 2542; x_wconf 92' lang='lat' dir='ltr'><strong>nt</strong></span> <span class='ocrx_word' id='word_1_488' title='bbox 2609 2486 2845 2542; x_wconf 88' lang='lat' dir='ltr'><strong>divinam</strong></span> <span class='ocrx_word' id='word_1_489' title='bbox 2872 2484 3177 2540; x_wconf 89' lang='lat' dir='ltr'><strong>Servatoris</strong></span> <span class='ocrx_word' id='word_1_490' title='bbox 3197 2482 3556 2543; x_wconf 62' lang='lat' dir='ltr'><strong>oeconomiam</strong></span> 
     </span>
    </p>
   </div>
   <div class='ocr_carea' id='block_1_71' title="bbox 1988 2576 3554 2646">
    <p class='ocr_par' dir='ltr' id='par_1_71' title="bbox 1988 2576 3554 2646">
     <span class='ocr_line' id='line_1_71' title="bbox 1988 2576 3554 2646; baseline -0.005 -9"><span class='ocrx_word' id='word_1_491' title='bbox 1988 2581 2435 2646; x_wconf 88' lang='lat' dir='ltr'><strong>calumniemiui;</strong></span> <span class='ocrx_word' id='word_1_492' title='bbox 2479 2579 2683 2635; x_wconf 90' lang='lat' dir='ltr'><strong>nullam</strong></span> <span class='ocrx_word' id='word_1_493' title='bbox 2713 2581 2858 2633; x_wconf 89' lang='lat' dir='ltr'><strong>enim</strong></span> <span class='ocrx_word' id='word_1_494' title='bbox 2891 2578 2979 2632; x_wconf 91' lang='lat' dir='ltr'><strong>hic</strong></span> <span class='ocrx_word' id='word_1_495' title='bbox 3022 2591 3120 2631; x_wconf 88' lang='lat' dir='ltr'><strong>vos</strong></span> <span class='ocrx_word' id='word_1_496' title='bbox 3156 2576 3554 2633; x_wconf 86' lang='lat' dir='ltr'><strong>incarnationis</strong></span> 
     </span>
    </p>
   </div>
   <div class='ocr_carea' id='block_1_72' title="bbox 1990 2666 3557 2728">
    <p class='ocr_par' dir='ltr' id='par_1_72' title="bbox 1990 2666 3557 2728">
     <span class='ocr_line' id='line_1_72' title="bbox 1990 2666 3557 2728; baseline -0.003 -2"><span class='ocrx_word' id='word_1_497' title='bbox 1990 2673 2253 2727; x_wconf 86' lang='lat' dir='ltr'><strong>rationem</strong></span> <span class='ocrx_word' id='word_1_498' title='bbox 2304 2670 2541 2728; x_wconf 80' lang='lat' dir='ltr'><strong>habetis.</strong></span> <span class='ocrx_word' id='word_1_499' title='bbox 2599 2668 2806 2724; x_wconf 81' lang='lat' dir='ltr'><strong>Deinde</strong></span> <span class='ocrx_word' id='word_1_500' title='bbox 2873 2666 3185 2723; x_wconf 86' lang='lat' dir='ltr'><strong>absurditas</strong></span> <span class='ocrx_word' id='word_1_501' title='bbox 3259 2678 3441 2722; x_wconf 84' lang='lat' dir='ltr'><strong>vestra</strong></span> <span class='ocrx_word' id='word_1_502' title='bbox 3499 2675 3557 2727; x_wconf 86' lang='lat' dir='ltr'><strong>et</strong></span> 
     </span>
    </p>
   </div>
   <div class='ocr_carea' id='block_1_73' title="bbox 1990 2756 3552 2829">
    <p class='ocr_par' dir='ltr' id='par_1_73' title="bbox 1990 2756 3552 2829">
     <span class='ocr_line' id='line_1_73' title="bbox 1990 2756 3552 2829; baseline -0.005 -10"><span class='ocrx_word' id='word_1_503' title='bbox 1990 2763 2259 2819; x_wconf 86' lang='lat' dir='ltr'><strong>dementia</strong></span> <span class='ocrx_word' id='word_1_504' title='bbox 2311 2760 2617 2818; x_wconf 89' lang='lat' dir='ltr'><strong>omnimoda</strong></span> <span class='ocrx_word' id='word_1_505' title='bbox 2667 2774 2734 2814; x_wconf 78' lang='lat' dir='ltr'><strong>ex</strong></span> <span class='ocrx_word' id='word_1_506' title='bbox 2790 2758 2876 2813; x_wconf 87' lang='lat' dir='ltr'><strong>his</strong></span> <span class='ocrx_word' id='word_1_507' title='bbox 2935 2760 3271 2829; x_wconf 83' lang='lat' dir='ltr'><strong>coarguitur.</strong></span> <span class='ocrx_word' id='word_1_508' title='bbox 3323 2756 3552 2815; x_wconf 81' lang='lat' dir='ltr'><strong>Frustra</strong></span> 
     </span>
    </p>
   </div>
   <div class='ocr_carea' id='block_1_74' title="bbox 1990 2849 3562 2920">
    <p class='ocr_par' dir='ltr' id='par_1_74' title="bbox 1990 2849 3562 2920">
     <span class='ocr_line' id='line_1_74' title="bbox 1990 2849 3562 2920; baseline -0.003 -10"><span class='ocrx_word' id='word_1_509' title='bbox 1990 2855 2138 2911; x_wconf 91' lang='lat' dir='ltr'><strong>enim</strong></span> <span class='ocrx_word' id='word_1_510' title='bbox 2194 2852 2523 2909; x_wconf 83' lang='lat' dir='ltr'><strong>Christianis</strong></span> <span class='ocrx_word' id='word_1_511' title='bbox 2571 2849 2978 2915; x_wconf 87' lang='lat' dir='ltr'><strong>conviciamini,</strong></span> <span class='ocrx_word' id='word_1_512' title='bbox 3016 2859 3072 2905; x_wconf 91' lang='lat' dir='ltr'><strong>et</strong></span> <span class='ocrx_word' id='word_1_513' title='bbox 3112 2852 3212 2916; x_wconf 90' lang='lat' dir='ltr'><strong>rei,</strong></span> <span class='ocrx_word' id='word_1_514' title='bbox 3263 2866 3426 2920; x_wconf 85' lang='lat' dir='ltr'><strong>quam</strong></span> <span class='ocrx_word' id='word_1_515' title='bbox 3463 2867 3562 2908; x_wconf 90' lang='lat' dir='ltr'><strong>uec</strong></span> 
     </span>
    </p>
   </div>
   <div class='ocr_carea' id='block_1_75' title="bbox 1991 2939 3560 3015">
    <p class='ocr_par' dir='ltr' id='par_1_75' title="bbox 1991 2939 3560 3015">
     <span class='ocr_line' id='line_1_75' title="bbox 1991 2939 3560 3015; baseline -0.004 -14"><span class='ocrx_word' id='word_1_516' title='bbox 1991 2945 2092 3015; x_wconf 87' lang='lat' dir='ltr'><strong>ipsi</strong></span> <span class='ocrx_word' id='word_1_517' title='bbox 2124 2943 2449 3015; x_wconf 72' lang='lat' dir='ltr'><strong>cogitarunt,</strong></span> <span class='ocrx_word' id='word_1_518' title='bbox 2483 2956 2585 2998; x_wconf 91' lang='lat' dir='ltr'><strong>nec</strong></span> <span class='ocrx_word' id='word_1_519' title='bbox 2636 2954 2733 2996; x_wconf 93' lang='lat' dir='ltr'><strong>vos</strong></span> <span class='ocrx_word' id='word_1_520' title='bbox 2779 2953 3020 3009; x_wconf 90' lang='lat' dir='ltr'><strong>unquam</strong></span> <span class='ocrx_word' id='word_1_521' title='bbox 3075 2939 3327 3005; x_wconf 89' lang='lat' dir='ltr'><strong>audistis,</strong></span> <span class='ocrx_word' id='word_1_522' title='bbox 3366 2955 3560 3010; x_wconf 86' lang='lat' dir='ltr'><strong>asper-</strong></span> 
     </span>
    </p>
   </div>
   <div class='ocr_carea' id='block_1_76' title="bbox 1995 3031 3561 3102">
    <p class='ocr_par' dir='ltr' id='par_1_76' title="bbox 1995 3031 3561 3102">
     <span class='ocr_line' id='line_1_76' title="bbox 1995 3031 3561 3102; baseline -0.002 -11"><span class='ocrx_word' id='word_1_523' title='bbox 1995 3046 2189 3092; x_wconf 89' lang='lat' dir='ltr'><strong>nanter</strong></span> <span class='ocrx_word' id='word_1_524' title='bbox 2238 3035 2452 3091; x_wconf 89' lang='lat' dir='ltr'><strong>titulum</strong></span> <span class='ocrx_word' id='word_1_525' title='bbox 2498 3032 2799 3102; x_wconf 88' lang='lat' dir='ltr'><strong>imponitis,</strong></span> <span class='ocrx_word' id='word_1_526' title='bbox 2836 3031 2991 3100; x_wconf 88' lang='lat' dir='ltr'><strong>quasi</strong></span> <span class='ocrx_word' id='word_1_527' title='bbox 3031 3031 3333 3100; x_wconf 88' lang='lat' dir='ltr'><strong>simplicem</strong></span> <span class='ocrx_word' id='word_1_528' title='bbox 3368 3032 3561 3096; x_wconf 74' lang='lat' dir='ltr'><strong>Deum,</strong></span> 
     </span>
    </p>
   </div>
   <div class='ocr_carea' id='block_1_77' title="bbox 2005 3121 3563 3193">
    <p class='ocr_par' dir='ltr' id='par_1_77' title="bbox 2005 3121 3563 3193">
     <span class='ocr_line' id='line_1_77' title="bbox 2005 3121 3563 3193; baseline -0.004 -11"><span class='ocrx_word' id='word_1_529' title='bbox 2005 3139 2170 3182; x_wconf 88' lang='lat' dir='ltr'><strong>carne</strong></span> <span class='ocrx_word' id='word_1_530' title='bbox 2218 3124 2504 3188; x_wconf 90' lang='lat' dir='ltr'><strong>nudatum,</strong></span> <span class='ocrx_word' id='word_1_531' title='bbox 2559 3124 2794 3193; x_wconf 83' lang='lat' dir='ltr'><strong>iigurare</strong></span> <span class='ocrx_word' id='word_1_532' title='bbox 2848 3137 2910 3178; x_wconf 86' lang='lat' dir='ltr'><strong>se</strong></span> <span class='ocrx_word' id='word_1_533' title='bbox 2959 3122 3167 3179; x_wconf 86' lang='lat' dir='ltr'><strong>dicant.</strong></span> <span class='ocrx_word' id='word_1_534' title='bbox 3225 3121 3360 3189; x_wconf 87' lang='lat' dir='ltr'><strong>Quis</strong></span> <span class='ocrx_word' id='word_1_535' title='bbox 3416 3123 3563 3181; x_wconf 86' lang='lat' dir='ltr'><strong>enim</strong></span> 
     </span>
    </p>
   </div>
   <div class='ocr_carea' id='block_1_78' title="bbox 1996 3215 3562 3286">
    <p class='ocr_par' dir='ltr' id='par_1_78' title="bbox 1996 3215 3562 3286">
     <span class='ocr_line' id='line_1_78' title="bbox 1996 3215 3562 3286; baseline -0.001 -14"><span class='ocrx_word' id='word_1_536' title='bbox 1996 3217 2277 3273; x_wconf 88' lang='lat' dir='ltr'><strong>rationalis</strong></span> <span class='ocrx_word' id='word_1_537' title='bbox 2294 3225 2502 3273; x_wconf 69' lang='lat' dir='ltr'><strong>natura:</strong></span> <span class='ocrx_word' id='word_1_538' title='bbox 2526 3217 2797 3286; x_wconf 85' lang='lat' dir='ltr'><strong>particeps</strong></span> <span class='ocrx_word' id='word_1_539' title='bbox 2820 3231 2925 3272; x_wconf 91' lang='lat' dir='ltr'><strong>non</strong></span> <span class='ocrx_word' id='word_1_540' title='bbox 2952 3215 3239 3273; x_wconf 78' lang='lat' dir='ltr'><strong>manifeste</strong></span> <span class='ocrx_word' id='word_1_541' title='bbox 3260 3216 3562 3285; x_wconf 81' lang='lat' dir='ltr'><strong>proﬁtetur.</strong></span> 
     </span>
    </p>
   </div>
   <div class='ocr_carea' id='block_1_79' title="bbox 1998 3308 3561 3380">
    <p class='ocr_par' dir='ltr' id='par_1_79' title="bbox 1998 3308 3561 3380">
     <span class='ocr_line' id='line_1_79' title="bbox 1998 3308 3561 3380; baseline -0.002 -17"><span class='ocrx_word' id='word_1_542' title='bbox 1998 3308 2090 3365; x_wconf 90' lang='lat' dir='ltr'><strong>Dei</strong></span> <span class='ocrx_word' id='word_1_543' title='bbox 2119 3310 2302 3366; x_wconf 80' lang='lat' dir='ltr'><strong>facere</strong></span> <span class='ocrx_word' id='word_1_544' title='bbox 2329 3310 2644 3380; x_wconf 89' lang='lat' dir='ltr'><strong>imaginem,</strong></span> <span class='ocrx_word' id='word_1_545' title='bbox 2672 3324 2778 3379; x_wconf 88' lang='lat' dir='ltr'><strong>qua</strong></span> <span class='ocrx_word' id='word_1_546' title='bbox 2808 3308 2953 3364; x_wconf 86' lang='lat' dir='ltr'><strong>Deus</strong></span> <span class='ocrx_word' id='word_1_547' title='bbox 2974 3318 3080 3376; x_wconf 88' lang='lat' dir='ltr'><strong>est,</strong></span> <span class='ocrx_word' id='word_1_548' title='bbox 3113 3324 3237 3364; x_wconf 85' lang='lat' dir='ltr'><strong>vere</strong></span> <span class='ocrx_word' id='word_1_549' title='bbox 3278 3323 3400 3364; x_wconf 83' lang='lat' dir='ltr'><strong>esse</strong></span> <span class='ocrx_word' id='word_1_550' title='bbox 3456 3308 3561 3362; x_wconf 89' lang='lat' dir='ltr'><strong>im-</strong></span> 
     </span>
    </p>
   </div>
   <div class='ocr_carea' id='block_1_80' title="bbox 1993 3400 3561 3474">
    <p class='ocr_par' dir='ltr' id='par_1_80' title="bbox 1993 3400 3561 3474">
     <span class='ocr_line' id='line_1_80' title="bbox 1993 3400 3561 3474; baseline -0.001 -20"><span class='ocrx_word' id='word_1_551' title='bbox 1993 3402 2256 3471; x_wconf 77' lang='lat' dir='ltr'><strong>possibile</strong></span> <span class='ocrx_word' id='word_1_552' title='bbox 2304 3404 2539 3474; x_wconf 90' lang='lat' dir='ltr'><strong>vanique</strong></span> <span class='ocrx_word' id='word_1_553' title='bbox 2586 3403 2862 3473; x_wconf 72' lang='lat' dir='ltr'><strong>negotium</strong></span> <span class='ocrx_word' id='word_1_554' title='bbox 2908 3401 3247 3457; x_wconf 83' lang='lat' dir='ltr'><strong>moliminis?</strong></span> <span class='ocrx_word' id='word_1_555' title='bbox 3305 3400 3561 3469; x_wconf 85' lang='lat' dir='ltr'><strong>quoniam</strong></span> 
     </span>
    </p>
   </div>
   <div class='ocr_carea' id='block_1_81' title="bbox 1992 3491 3565 3563">
    <p class='ocr_par' dir='ltr' id='par_1_81' title="bbox 1992 3491 3565 3563">
     <span class='ocr_line' id='line_1_81' title="bbox 1992 3491 3565 3563; baseline -0.004 -14"><span class='ocrx_word' id='word_1_556' title='bbox 1992 3508 2169 3563; x_wconf 90' lang='lat' dir='ltr'><strong>neque</strong></span> <span class='ocrx_word' id='word_1_557' title='bbox 2216 3493 2450 3549; x_wconf 80' lang='lat' dir='ltr'><strong>visibilis</strong></span> <span class='ocrx_word' id='word_1_558' title='bbox 2481 3502 2568 3552; x_wconf 90' lang='lat' dir='ltr'><strong>est</strong></span> <span class='ocrx_word' id='word_1_559' title='bbox 2625 3493 2890 3549; x_wconf 88' lang='lat' dir='ltr'><strong>Diviuitas</strong></span> <span class='ocrx_word' id='word_1_560' title='bbox 2927 3507 3105 3562; x_wconf 91' lang='lat' dir='ltr'><strong>neque</strong></span> <span class='ocrx_word' id='word_1_561' title='bbox 3151 3491 3565 3559; x_wconf 86' lang='lat' dir='ltr'><strong>comprehensi-</strong></span> 
     </span>
    </p>
   </div>
   <div class='ocr_carea' id='block_1_82' title="bbox 1996 3582 3564 3657">
    <p class='ocr_par' dir='ltr' id='par_1_82' title="bbox 1996 3582 3564 3657">
     <span class='ocr_line' id='line_1_82' title="bbox 1996 3582 3564 3657; baseline -0.004 -15"><span class='ocrx_word' id='word_1_562' title='bbox 1996 3586 2151 3644; x_wconf 86' lang='lat' dir='ltr'><strong>bilis:</strong></span> <span class='ocrx_word' id='word_1_563' title='bbox 2180 3587 2345 3642; x_wconf 84' lang='lat' dir='ltr'><strong>Deum</strong></span> <span class='ocrx_word' id='word_1_564' title='bbox 2363 3588 2507 3643; x_wconf 88' lang='lat' dir='ltr'><strong>enim</strong></span> <span class='ocrx_word' id='word_1_565' title='bbox 2531 3604 2681 3643; x_wconf 82' lang='lat' dir='ltr'><strong>nemo</strong></span> <span class='ocrx_word' id='word_1_566' title='bbox 2700 3586 2828 3641; x_wconf 82' lang='lat' dir='ltr'><strong>vidit</strong></span> <span class='ocrx_word' id='word_1_567' title='bbox 2854 3601 3083 3657; x_wconf 83' lang='lat' dir='ltr'><strong>unquam</strong></span> <span class='ocrx_word' id='word_1_568' title='bbox 3100 3584 3168 3639; x_wconf 80' lang='grc'><strong>⁸⁷.</strong></span> <span class='ocrx_word' id='word_1_569' title='bbox 3193 3582 3326 3639; x_wconf 82' lang='lat' dir='ltr'><strong>Nam</strong></span> <span class='ocrx_word' id='word_1_570' title='bbox 3352 3582 3564 3656; x_wconf 76' lang='lat' dir='ltr'><strong>Moyses</strong></span> 
     </span>
    </p>
   </div>
   <div class='ocr_carea' id='block_1_83' title="bbox 1997 3673 3553 3755">
    <p class='ocr_par' dir='ltr' id='par_1_83' title="bbox 1997 3673 3553 3755">
     <span class='ocr_line' id='line_1_83' title="bbox 1997 3673 3553 3755; baseline -0.004 -24"><span class='ocrx_word' id='word_1_571' title='bbox 1997 3676 2135 3747; x_wconf 82' lang='lat' dir='ltr'><strong>ipse,</strong></span> <span class='ocrx_word' id='word_1_572' title='bbox 2170 3677 2260 3747; x_wconf 85' lang='lat' dir='ltr'><strong>qui</strong></span> <span class='ocrx_word' id='word_1_573' title='bbox 2289 3677 2590 3733; x_wconf 86' lang='lat' dir='ltr'><strong>divinarum</strong></span> <span class='ocrx_word' id='word_1_574' title='bbox 2618 3675 2797 3746; x_wconf 85' lang='lat' dir='ltr'><strong>legum&#39;</strong></span> <span class='ocrx_word' id='word_1_575' title='bbox 2817 3676 3066 3755; x_wconf 85' lang='lat' dir='ltr'><strong>minister</strong></span> <span class='ocrx_word' id='word_1_576' title='bbox 3086 3673 3210 3739; x_wconf 85' lang='lat' dir='ltr'><strong>fuit,</strong></span> <span class='ocrx_word' id='word_1_577' title='bbox 3238 3686 3553 3743; x_wconf 85' lang='lat' dir='ltr'><strong>quanquam</strong></span> 
     </span>
    </p>
   </div>
   <div class='ocr_carea' id='block_1_84' title="bbox 1995 3766 3560 3838">
    <p class='ocr_par' dir='ltr' id='par_1_84' title="bbox 1995 3766 3560 3838">
     <span class='ocr_line' id='line_1_84' title="bbox 1995 3766 3560 3838; baseline -0.001 -14"><span class='ocrx_word' id='word_1_578' title='bbox 1995 3769 2189 3825; x_wconf 71' lang='lat' dir='ltr'><strong>divina:</strong></span> <span class='ocrx_word' id='word_1_579' title='bbox 2258 3769 2558 3838; x_wconf 63' lang='lat' dir='ltr'><strong>praesentiat</strong></span> <span class='ocrx_word' id='word_1_580' title='bbox 2627 3768 2854 3824; x_wconf 87' lang='lat' dir='ltr'><strong>ardente</strong></span> <span class='ocrx_word' id='word_1_581' title='bbox 2917 3766 3194 3823; x_wconf 86' lang='lat' dir='ltr'><strong>desiderio</strong></span> <span class='ocrx_word' id='word_1_582' title='bbox 3258 3776 3560 3838; x_wconf 86' lang='lat' dir='ltr'><strong>correptus,</strong></span> 
     </span>
    </p>
   </div>
   <div class='ocr_carea' id='block_1_85' title="bbox 1992 3857 3563 3929">
    <p class='ocr_par' dir='ltr' id='par_1_85' title="bbox 1992 3857 3563 3929">
     <span class='ocr_line' id='line_1_85' title="bbox 1992 3857 3563 3929; baseline -0.001 -17"><span class='ocrx_word' id='word_1_583' title='bbox 1992 3858 2217 3927; x_wconf 87' lang='lat' dir='ltr'><strong>gloriam</strong></span> <span class='ocrx_word' id='word_1_584' title='bbox 2271 3859 2368 3915; x_wconf 90' lang='lat' dir='ltr'><strong>Dei</strong></span> <span class='ocrx_word' id='word_1_585' title='bbox 2400 3859 2770 3915; x_wconf 89' lang='lat' dir='ltr'><strong>tantummodo</strong></span> <span class='ocrx_word' id='word_1_586' title='bbox 2801 3859 2934 3913; x_wconf 83' lang='lat' dir='ltr'><strong>vidit</strong></span> <span class='ocrx_word' id='word_1_587' title='bbox 2966 3873 3088 3929; x_wconf 70' lang='lat' dir='ltr'><strong>qua:</strong></span> <span class='ocrx_word' id='word_1_588' title='bbox 3123 3858 3173 3913; x_wconf 90' lang='lat' dir='ltr'><strong>ei</strong></span> <span class='ocrx_word' id='word_1_589' title='bbox 3202 3869 3422 3913; x_wconf 86' lang='lat' dir='ltr'><strong>ostensa</strong></span> <span class='ocrx_word' id='word_1_590' title='bbox 3460 3857 3563 3913; x_wconf 86' lang='lat' dir='ltr'><strong>l&#39;uit</strong></span> 
     </span>
    </p>
   </div>
   <div class='ocr_carea' id='block_1_86' title="bbox 1991 3951 3557 4023">
    <p class='ocr_par' dir='ltr' id='par_1_86' title="bbox 1991 3951 3557 4023">
     <span class='ocr_line' id='line_1_86' title="bbox 1991 3951 3557 4023; baseline 0.001 -17"><span class='ocrx_word' id='word_1_591' title='bbox 1991 3964 2113 4006; x_wconf 88' lang='lat' dir='ltr'><strong>cum</strong></span> <span class='ocrx_word' id='word_1_592' title='bbox 2144 3951 2416 4022; x_wconf 86' lang='lat' dir='ltr'><strong>gloriosus</strong></span> <span class='ocrx_word' id='word_1_593' title='bbox 2447 3953 2588 4009; x_wconf 86' lang='lat' dir='ltr'><strong>Deus</strong></span> <span class='ocrx_word' id='word_1_594' title='bbox 2617 3953 2897 4023; x_wconf 66' lang='lat' dir='ltr'><strong>praeteriit,</strong></span> <span class='ocrx_word' id='word_1_595' title='bbox 2925 3962 2983 4007; x_wconf 88' lang='lat' dir='ltr'><strong>et</strong></span> <span class='ocrx_word' id='word_1_596' title='bbox 3011 3952 3231 4021; x_wconf 90' lang='lat' dir='ltr'><strong>quidem</strong></span> <span class='ocrx_word' id='word_1_597' title='bbox 3264 3954 3381 4022; x_wconf 89' lang='lat' dir='ltr'><strong>ipso</strong></span> <span class='ocrx_word' id='word_1_598' title='bbox 3411 3954 3557 4008; x_wconf 87' lang='lat' dir='ltr'><strong>intra</strong></span> 
     </span>
    </p>
   </div>
   <div class='ocr_carea' id='block_1_87' title="bbox 1995 4042 3564 4114">
    <p class='ocr_par' dir='ltr' id='par_1_87' title="bbox 1995 4042 3564 4114">
     <span class='ocr_line' id='line_1_87' title="bbox 1995 4042 3564 4114; baseline 0.001 -17"><span class='ocrx_word' id='word_1_599' title='bbox 1995 4049 2205 4110; x_wconf 78' lang='lat' dir='ltr'><strong>petram</strong></span> <span class='ocrx_word' id='word_1_600' title='bbox 2230 4042 2463 4108; x_wconf 89' lang='lat' dir='ltr'><strong>incluso,</strong></span> <span class='ocrx_word' id='word_1_601' title='bbox 2492 4045 2585 4114; x_wconf 89' lang='lat' dir='ltr'><strong>qui</strong></span> <span class='ocrx_word' id='word_1_602' title='bbox 2611 4044 2825 4100; x_wconf 90' lang='lat' dir='ltr'><strong>nonnisi</strong></span> <span class='ocrx_word' id='word_1_603' title='bbox 2853 4043 3155 4112; x_wconf 88' lang='lat' dir='ltr'><strong>posteriora</strong></span> <span class='ocrx_word' id='word_1_604' title='bbox 3181 4042 3275 4099; x_wconf 91' lang='lat' dir='ltr'><strong>Dei</strong></span> <span class='ocrx_word' id='word_1_605' title='bbox 3298 4045 3453 4109; x_wconf 87' lang='lat' dir='ltr'><strong>vidit,</strong></span> <span class='ocrx_word' id='word_1_606' title='bbox 3481 4048 3564 4099; x_wconf 60' lang='lat' dir='ltr'><strong>33c</strong></span> 
     </span>
    </p>
   </div>
   <div class='ocr_carea' id='block_1_88' title="bbox 1990 4128 3563 4204">
    <p class='ocr_par' dir='ltr' id='par_1_88' title="bbox 1990 4128 3563 4204">
     <span class='ocr_line' id='line_1_88' title="bbox 1990 4128 3563 4204; baseline 0 -17"><span class='ocrx_word' id='word_1_607' title='bbox 1990 4128 2445 4191; x_wconf 72' lang='lat' dir='ltr'><strong>lortasseluturae</strong></span> <span class='ocrx_word' id='word_1_608' title='bbox 2479 4136 2531 4189; x_wconf 92' lang='lat' dir='ltr'><strong>iu</strong></span> <span class='ocrx_word' id='word_1_609' title='bbox 2560 4149 2726 4190; x_wconf 86' lang='lat' dir='ltr'><strong>carne</strong></span> <span class='ocrx_word' id='word_1_610' title='bbox 2774 4134 3132 4204; x_wconf 87' lang='lat' dir='ltr'><strong>apparitionis</strong></span> <span class='ocrx_word' id='word_1_611' title='bbox 3174 4136 3376 4204; x_wconf 83' lang='lat' dir='ltr'><strong>liguras</strong></span> <span class='ocrx_word' id='word_1_612' title='bbox 3429 4135 3563 4189; x_wconf 84' lang='lat' dir='ltr'><strong>edu-</strong></span> 
     </span>
    </p>
   </div>
   <div class='ocr_carea' id='block_1_89' title="bbox 1992 4223 3563 4294">
    <p class='ocr_par' dir='ltr' id='par_1_89' title="bbox 1992 4223 3563 4294">
     <span class='ocr_line' id='line_1_89' title="bbox 1992 4223 3563 4294; baseline 0 -14"><span class='ocrx_word' id='word_1_613' title='bbox 1992 4236 2133 4281; x_wconf 90' lang='lat' dir='ltr'><strong>ctus.</strong></span> <span class='ocrx_word' id='word_1_614' title='bbox 2168 4226 2308 4294; x_wconf 84' lang='lat' dir='ltr'><strong>Quid</strong></span> <span class='ocrx_word' id='word_1_615' title='bbox 2367 4228 2510 4283; x_wconf 90' lang='lat' dir='ltr'><strong>enim</strong></span> <span class='ocrx_word' id='word_1_616' title='bbox 2556 4228 2631 4282; x_wconf 87' lang='lat' dir='ltr'><strong>ait</strong></span> <span class='ocrx_word' id='word_1_617' title='bbox 2691 4223 2787 4282; x_wconf 89' lang='lat' dir='ltr'><strong>Dei</strong></span> <span class='ocrx_word' id='word_1_618' title='bbox 2822 4226 3150 4283; x_wconf 73' lang='lat' dir='ltr'><strong>oraculum?</strong></span> <span class='ocrx_word' id='word_1_619' title='bbox 3194 4225 3320 4281; x_wconf 77' lang='lat' dir='ltr'><strong>Non</strong></span> <span class='ocrx_word' id='word_1_620' title='bbox 3374 4227 3563 4281; x_wconf 73' lang='lat' dir='ltr'><strong>videbit</strong></span> 
     </span>
    </p>
   </div>
   <div class='ocr_carea' id='block_1_90' title="bbox 1992 4318 3561 4387">
    <p class='ocr_par' dir='ltr' id='par_1_90' title="bbox 1992 4318 3561 4387">
     <span class='ocr_line' id='line_1_90' title="bbox 1992 4318 3561 4387; baseline 0 -14"><span class='ocrx_word' id='word_1_621' title='bbox 1992 4318 2183 4387; x_wconf 82' lang='lat' dir='ltr'><strong>faciem</strong></span> <span class='ocrx_word' id='word_1_622' title='bbox 2209 4336 2381 4376; x_wconf 81' lang='lat' dir='ltr'><strong>meam</strong></span> <span class='ocrx_word' id='word_1_623' title='bbox 2420 4322 2596 4386; x_wconf 74' lang='lat' dir='ltr'><strong>homo,</strong></span> <span class='ocrx_word' id='word_1_624' title='bbox 2651 4327 2707 4375; x_wconf 86' lang='lat' dir='ltr'><strong>et</strong></span> <span class='ocrx_word' id='word_1_625' title='bbox 2752 4318 2967 4374; x_wconf 68' lang='lat' dir='ltr'><strong>vivet”.</strong></span> <span class='ocrx_word' id='word_1_626' title='bbox 3012 4318 3204 4375; x_wconf 86' lang='lat' dir='ltr'><strong>Nonne</strong></span> <span class='ocrx_word' id='word_1_627' title='bbox 3241 4327 3299 4374; x_wconf 91' lang='lat' dir='ltr'><strong>et</strong></span> <span class='ocrx_word' id='word_1_628' title='bbox 3352 4319 3561 4387; x_wconf 87' lang='lat' dir='ltr'><strong>priscos</strong></span> 
     </span>
    </p>
   </div>
   <div class='ocr_carea' id='block_1_91' title="bbox 315 4400 1891 4494">
    <p class='ocr_par' dir='ltr' id='par_1_91' title="bbox 315 4400 1891 4480">
     <span class='ocr_line' id='line_1_91' title="bbox 315 4400 1891 4480; baseline 0.002 -20"><span class='ocrx_word' id='word_1_629' title='bbox 315 4406 487 4471; x_wconf 81' lang='grc' dir='ltr'>τίζων</span> <span class='ocrx_word' id='word_1_630' title='bbox 515 4400 686 4472; x_wconf 80' lang='grc' dir='ltr'>Θεόςς</span> <span class='ocrx_word' id='word_1_631' title='bbox 721 4409 804 4462; x_wconf 82' lang='grc' dir='ltr'><strong>οὐ</strong></span> <span class='ocrx_word' id='word_1_632' title='bbox 824 4406 912 4478; x_wconf 79' lang='grc' dir='ltr'>μὴ</span> <span class='ocrx_word' id='word_1_633' title='bbox 946 4408 1044 4477; x_wconf 79' lang='grc' dir='ltr'><strong>ιδῃ</strong></span> <span class='ocrx_word' id='word_1_634' title='bbox 1070 4409 1139 4464; x_wconf 79' lang='grc' dir='ltr'>τὸ</span> <span class='ocrx_word' id='word_1_635' title='bbox 1165 4410 1493 4479; x_wconf 76' lang='grc' dir='ltr'>πρόσωπόν</span> <span class='ocrx_word' id='word_1_636' title='bbox 1519 4427 1637 4480; x_wconf 84' lang='grc' dir='ltr'><strong>μου</strong></span> <span class='ocrx_word' id='word_1_637' title='bbox 1665 4410 1891 4478; x_wconf 80' lang='grc' dir='ltr'>ἅνθρω-</span> 
     </span>
    </p>
   </div>
   <div class='ocr_carea' id='block_1_92' title="bbox 1989 4400 3560 4494">
    <p class='ocr_par' dir='ltr' id='par_1_92' title="bbox 1995 4410 3560 4484">
     <span class='ocr_line' id='line_1_92' title="bbox 1995 4410 3560 4484; baseline -0.001 -18"><span class='ocrx_word' id='word_1_638' title='bbox 1995 4413 2223 4484; x_wconf 84' lang='lat' dir='ltr'><strong>aliquot,</strong></span> <span class='ocrx_word' id='word_1_639' title='bbox 2256 4414 2413 4468; x_wconf 88' lang='lat' dir='ltr'><strong>sicuti</strong></span> <span class='ocrx_word' id='word_1_640' title='bbox 2466 4412 2717 4483; x_wconf 86' lang='lat' dir='ltr'><strong>legimus,</strong></span> <span class='ocrx_word' id='word_1_641' title='bbox 2770 4411 2862 4482; x_wconf 93' lang='lat' dir='ltr'><strong>qui</strong></span> <span class='ocrx_word' id='word_1_642' title='bbox 2911 4411 3308 4482; x_wconf 85' lang='lat' dir='ltr'><strong>omnipotentis</strong></span> <span class='ocrx_word' id='word_1_643' title='bbox 3343 4410 3439 4465; x_wconf 89' lang='lat' dir='ltr'><strong>Dei</strong></span> <span class='ocrx_word' id='word_1_644' title='bbox 3471 4411 3560 4468; x_wconf 88' lang='lat' dir='ltr'><strong>in-</strong></span> 
     </span>
    </p>
   </div>
   <div class='ocr_carea' id='block_1_93' title="bbox 314 4501 1888 4574">
    <p class='ocr_par' dir='ltr' id='par_1_93' title="bbox 314 4501 1888 4574">
     <span class='ocr_line' id='line_1_93' title="bbox 314 4501 1888 4574; baseline 0 -18"><span class='ocrx_word' id='word_1_645' title='bbox 314 4519 476 4568; x_wconf 77' lang='grc' dir='ltr'>πος,</span> <span class='ocrx_word' id='word_1_646' title='bbox 503 4501 605 4556; x_wconf 72' lang='grc' dir='ltr'><strong>καί</strong></span> <span class='ocrx_word' id='word_1_647' title='bbox 648 4502 911 4572; x_wconf 81' lang='grc' dir='ltr'>ζήσεται.</span> <span class='ocrx_word' id='word_1_648' title='bbox 960 4505 1030 4556; x_wconf 84' lang='grc' dir='ltr'><strong>Ἦ</strong></span> <span class='ocrx_word' id='word_1_649' title='bbox 1069 4504 1195 4574; x_wconf 79' lang='grc' dir='ltr'><strong>οὐχὶ</strong></span> <span class='ocrx_word' id='word_1_650' title='bbox 1233 4507 1329 4557; x_wconf 85' lang='grc' dir='ltr'><strong>καί</strong></span> <span class='ocrx_word' id='word_1_651' title='bbox 1374 4521 1485 4558; x_wconf 89' lang='grc' dir='ltr'>τισι</span> <span class='ocrx_word' id='word_1_652' title='bbox 1529 4503 1638 4557; x_wconf 82' lang='grc' dir='ltr'><strong>τῶν</strong></span> <span class='ocrx_word' id='word_1_653' title='bbox 1686 4502 1888 4569; x_wconf 87' lang='grc' dir='ltr'>πάλαι,</span> 
     </span>
    </p>
   </div>
   <div class='ocr_carea' id='block_1_94' title="bbox 317 4595 1893 4665">
    <p class='ocr_par' dir='ltr' id='par_1_94' title="bbox 317 4595 1893 4665">
     <span class='ocr_line' id='line_1_94' title="bbox 317 4595 1893 4665; baseline 0.001 -17"><span class='ocrx_word' id='word_1_654' title='bbox 317 4595 577 4664; x_wconf 79' lang='grc' dir='ltr'>καθάπερ</span> <span class='ocrx_word' id='word_1_655' title='bbox 603 4596 947 4665; x_wconf 78' lang='grc' dir='ltr'>ἀνέγνωμεν,</span> <span class='ocrx_word' id='word_1_656' title='bbox 978 4595 1041 4648; x_wconf 84' lang='grc' dir='ltr'>τὸ</span> <span class='ocrx_word' id='word_1_657' title='bbox 1072 4596 1167 4648; x_wconf 89' lang='grc' dir='ltr'><strong>τοῦ</strong></span> <span class='ocrx_word' id='word_1_658' title='bbox 1196 4597 1416 4652; x_wconf 86' lang='grc' dir='ltr'>πάντων</span> <span class='ocrx_word' id='word_1_659' title='bbox 1443 4596 1893 4663; x_wconf 77' lang='grc' dir='ltr'>κατεξουσιάξον-</span> 
     </span>
    </p>
   </div>
   <div class='ocr_carea' id='block_1_95' title="bbox 316 4683 1893 4758">
    <p class='ocr_par' dir='ltr' id='par_1_95' title="bbox 316 4683 1893 4758">
     <span class='ocr_line' id='line_1_95' title="bbox 316 4683 1893 4758; baseline 0.002 -22"><span class='ocrx_word' id='word_1_660' title='bbox 316 4700 412 4746; x_wconf 89' lang='grc' dir='ltr'><strong>τος</strong></span> <span class='ocrx_word' id='word_1_661' title='bbox 435 4683 573 4737; x_wconf 87' lang='grc' dir='ltr'>Θεοῦ</span> <span class='ocrx_word' id='word_1_662' title='bbox 600 4684 967 4755; x_wconf 79' lang='grc' dir='ltr'>ἀκοινώνητον</span> <span class='ocrx_word' id='word_1_663' title='bbox 1013 4686 1186 4756; x_wconf 74' lang='grc' dir='ltr'>ὄνομα</span> <span class='ocrx_word' id='word_1_664' title='bbox 1213 4689 1326 4751; x_wconf 82' lang='grc' dir='ltr'>τοῖς</span> <span class='ocrx_word' id='word_1_665' title='bbox 1363 4687 1494 4758; x_wconf 76' lang='grc' dir='ltr'>παρ’</span> <span class='ocrx_word' id='word_1_666' title='bbox 1522 4686 1703 4740; x_wconf 81' lang='grc' dir='ltr'>αὐτῶν</span> <span class='ocrx_word' id='word_1_667' title='bbox 1738 4685 1893 4739; x_wconf 78' lang='grc' dir='ltr'>σεσο-</span> 
     </span>
    </p>
   </div>
   <div class='ocr_carea' id='block_1_96' title="bbox 322 4770 1893 4850">
    <p class='ocr_par' dir='ltr' id='par_1_96' title="bbox 322 4770 1893 4850">
     <span class='ocr_line' id='line_1_96' title="bbox 322 4770 1893 4850; baseline 0.002 -21"><span class='ocrx_word' id='word_1_668' title='bbox 322 4775 508 4845; x_wconf 78' lang='grc' dir='ltr'>μένοις</span> <span class='ocrx_word' id='word_1_669' title='bbox 547 4776 762 4841; x_wconf 83' lang='grc' dir='ltr'>ξοάνοις</span> <span class='ocrx_word' id='word_1_670' title='bbox 806 4777 1144 4847; x_wconf 74' lang='grc' dir='ltr'>ὲπιγράψασι</span> <span class='ocrx_word' id='word_1_671' title='bbox 1171 4819 1185 4843; x_wconf 92' lang='grc'><strong>,</strong></span> <span class='ocrx_word' id='word_1_672' title='bbox 1221 4779 1316 4831; x_wconf 72' lang='grc' dir='ltr'><strong>καὶ</strong></span> <span class='ocrx_word' id='word_1_673' title='bbox 1354 4779 1453 4849; x_wconf 82' lang='grc' dir='ltr'>τὴν</span> <span class='ocrx_word' id='word_1_674' title='bbox 1502 4770 1893 4850; x_wconf 78' lang='grc' dir='ltr'>προσήκουσαν</span> 
     </span>
    </p>
   </div>
   <div class='ocr_carea' id='block_1_97' title="bbox 317 4866 1893 4942">
    <p class='ocr_par' dir='ltr' id='par_1_97' title="bbox 317 4866 1893 4942">
     <span class='ocr_line' id='line_1_97' title="bbox 317 4866 1893 4942; baseline 0.004 -23"><span class='ocrx_word' id='word_1_675' title='bbox 317 4866 473 4938; x_wconf 80' lang='grc' dir='ltr'><strong>αὑτῷ</strong></span> <span class='ocrx_word' id='word_1_676' title='bbox 505 4869 655 4939; x_wconf 83' lang='grc' dir='ltr'>μόνῳ</span> <span class='ocrx_word' id='word_1_677' title='bbox 682 4868 931 4923; x_wconf 80' lang='grc' dir='ltr'>άναθεῐσι</span> <span class='ocrx_word' id='word_1_678' title='bbox 959 4870 1237 4942; x_wconf 88' lang='grc' dir='ltr'>λατρείαν,</span> <span class='ocrx_word' id='word_1_679' title='bbox 1262 4870 1352 4924; x_wconf 84' lang='grc' dir='ltr'><strong>διά</strong></span> <span class='ocrx_word' id='word_1_680' title='bbox 1379 4872 1563 4942; x_wconf 84' lang='grc' dir='ltr'>φωνῆς</span> <span class='ocrx_word' id='word_1_681' title='bbox 1592 4870 1688 4924; x_wconf 89' lang='grc' dir='ltr'><strong>τοῦ</strong></span> <span class='ocrx_word' id='word_1_682' title='bbox 1720 4871 1893 4942; x_wconf 79' lang='grc' dir='ltr'>μεγά-</span> 
     </span>
    </p>
   </div>
   <div class='ocr_carea' id='block_1_98' title="bbox 316 4952 1896 5033">
    <p class='ocr_par' dir='ltr' id='par_1_98' title="bbox 316 4952 1896 5033">
     <span class='ocr_line' id='line_1_98' title="bbox 316 4952 1896 5033; baseline 0.003 -21"><span class='ocrx_word' id='word_1_683' title='bbox 316 4960 413 5012; x_wconf 88' lang='grc' dir='ltr'><strong>λου</strong></span> <span class='ocrx_word' id='word_1_684' title='bbox 452 4960 680 5014; x_wconf 78' lang='grc' dir='ltr'>Ἡσαΐου</span> <span class='ocrx_word' id='word_1_685' title='bbox 713 4960 1036 5032; x_wconf 67' lang='grc' dir='ltr'>ἐπιπλήττει</span> <span class='ocrx_word' id='word_1_686' title='bbox 1071 4962 1240 5028; x_wconf 80' lang='grc' dir='ltr'>Θεδς,</span> <span class='ocrx_word' id='word_1_687' title='bbox 1276 4963 1398 5017; x_wconf 77' lang='grc' dir='ltr'>Τίνι</span> <span class='ocrx_word' id='word_1_688' title='bbox 1427 4952 1767 5033; x_wconf 52' lang='grc' dir='ltr'>ὠῇλοιώσατε</span> <span class='ocrx_word' id='word_1_689' title='bbox 1787 4964 1896 5017; x_wconf 79' lang='grc' dir='ltr'><strong>τὸν</strong></span> 
     </span>
    </p>
   </div>
   <div class='ocr_carea' id='block_1_99' title="bbox 315 5051 1895 5125">
    <p class='ocr_par' dir='ltr' id='par_1_99' title="bbox 315 5051 1895 5125">
     <span class='ocr_line' id='line_1_99' title="bbox 315 5051 1895 5125; baseline 0.001 -19"><span class='ocrx_word' id='word_1_690' title='bbox 315 5053 565 5119; x_wconf 74' lang='grc' dir='ltr'>Κύριον,</span> <span class='ocrx_word' id='word_1_691' title='bbox 608 5051 785 5120; x_wconf 86' lang='grc' dir='ltr'>λέγων</span> <span class='ocrx_word' id='word_1_692' title='bbox 807 5095 823 5119; x_wconf 88' lang='grc'><strong>,</strong></span> <span class='ocrx_word' id='word_1_693' title='bbox 880 5052 979 5107; x_wconf 75' lang='grc' dir='ltr'>καὶ</span> <span class='ocrx_word' id='word_1_694' title='bbox 1034 5057 1151 5108; x_wconf 78' lang='grc' dir='ltr'>τίνι</span> <span class='ocrx_word' id='word_1_695' title='bbox 1194 5054 1512 5123; x_wconf 78' lang='grc' dir='ltr'>ὁμοιώματι</span> <span class='ocrx_word' id='word_1_696' title='bbox 1553 5054 1895 5125; x_wconf 82' lang='grc' dir='ltr'>ὠμοιώσατε</span> 
     </span>
    </p>
   </div>
   <div class='ocr_carea' id='block_1_100' title="bbox 314 5142 1893 5215">
    <p class='ocr_par' dir='ltr' id='par_1_100' title="bbox 314 5142 1893 5215">
     <span class='ocr_line' id='line_1_100' title="bbox 314 5142 1893 5215; baseline 0.003 -20"><span class='ocrx_word' id='word_1_697' title='bbox 314 5144 539 5206; x_wconf 77' lang='grc' dir='ltr'>αὐτόν;</span> <span class='ocrx_word' id='word_1_698' title='bbox 557 5142 646 5211; x_wconf 80' lang='grc' dir='ltr'>μὴ</span> <span class='ocrx_word' id='word_1_699' title='bbox 687 5146 894 5198; x_wconf 80' lang='grc' dir='ltr'>είκόνα</span> <span class='ocrx_word' id='word_1_700' title='bbox 917 5145 1168 5210; x_wconf 77' lang='grc' dir='ltr'>ἐποίησε</span> <span class='ocrx_word' id='word_1_701' title='bbox 1189 5146 1413 5199; x_wconf 80' lang='grc' dir='ltr'>τέκτων</span> <span class='ocrx_word' id='word_1_702' title='bbox 1429 5160 1446 5209; x_wconf 84' lang='grc'><strong><em>;</em></strong></span> <span class='ocrx_word' id='word_1_703' title='bbox 1479 5145 1517 5213; x_wconf 80' lang='grc' dir='ltr'><em>ἢ</em></span> <span class='ocrx_word' id='word_1_704' title='bbox 1552 5147 1893 5215; x_wconf 85' lang='grc' dir='ltr'>χρυσοχόος</span> 
     </span>
    </p>
   </div>
   <div class='ocr_carea' id='block_1_101' title="bbox 316 5235 1896 5305">
    <p class='ocr_par' dir='ltr' id='par_1_101' title="bbox 316 5235 1896 5305">
     <span class='ocr_line' id='line_1_101' title="bbox 316 5235 1896 5305; baseline 0.001 -19"><span class='ocrx_word' id='word_1_705' title='bbox 316 5235 640 5303; x_wconf 74' lang='grc' dir='ltr'>χωνεύσας</span> <span class='ocrx_word' id='word_1_706' title='bbox 691 5235 953 5303; x_wconf 73' lang='grc' dir='ltr'>χρυσίον</span> <span class='ocrx_word' id='word_1_707' title='bbox 1018 5237 1507 5305; x_wconf 77' lang='grc' dir='ltr'>περιεχρύσωσεν</span> <span class='ocrx_word' id='word_1_708' title='bbox 1552 5237 1735 5300; x_wconf 85' lang='grc' dir='ltr'>αὑτό;</span> <span class='ocrx_word' id='word_1_709' title='bbox 1786 5236 1896 5290; x_wconf 78' lang='grc' dir='ltr'><strong>Καὶ</strong></span> 
     </span>
    </p>
   </div>
   <div class='ocr_carea' id='block_1_102' title="bbox 319 5324 1895 5401">
    <p class='ocr_par' dir='ltr' id='par_1_102' title="bbox 319 5324 1895 5401">
     <span class='ocr_line' id='line_1_102' title="bbox 319 5324 1895 5401; baseline 0.002 -24"><span class='ocrx_word' id='word_1_710' title='bbox 319 5324 528 5396; x_wconf 79' lang='grc' dir='ltr'>σφόδρα</span> <span class='ocrx_word' id='word_1_711' title='bbox 561 5342 627 5393; x_wconf 85' lang='grc' dir='ltr'><strong>γε</strong></span> <span class='ocrx_word' id='word_1_712' title='bbox 659 5324 889 5389; x_wconf 84' lang='grc' dir='ltr'>δικαίως</span> <span class='ocrx_word' id='word_1_713' title='bbox 915 5328 1130 5381; x_wconf 75' lang='grc' dir='ltr'>ἀπειλεῖ</span> <span class='ocrx_word' id='word_1_714' title='bbox 1160 5328 1229 5382; x_wconf 81' lang='grc' dir='ltr'><strong>τὰ</strong></span> <span class='ocrx_word' id='word_1_715' title='bbox 1252 5328 1445 5382; x_wconf 83' lang='grc' dir='ltr'>ἀνόσια</span> <span class='ocrx_word' id='word_1_716' title='bbox 1475 5328 1609 5399; x_wconf 81' lang='grc' dir='ltr'>δρᾷν</span> <span class='ocrx_word' id='word_1_717' title='bbox 1632 5328 1895 5401; x_wconf 86' lang='grc' dir='ltr'>τετολμη-</span> 
     </span>
    </p>
   </div>
   <div class='ocr_carea' id='block_1_103' title="bbox 319 5417 1894 5491">
    <p class='ocr_par' dir='ltr' id='par_1_103' title="bbox 319 5417 1894 5491">
     <span class='ocr_line' id='line_1_103' title="bbox 319 5417 1894 5491; baseline 0.003 -22"><span class='ocrx_word' id='word_1_718' title='bbox 319 5417 476 5470; x_wconf 82' lang='grc' dir='ltr'>κόσιν</span> <span class='ocrx_word' id='word_1_719' title='bbox 498 5434 514 5447; x_wconf 65' lang='grc' dir='ltr'><strong>θ</strong></span> <span class='ocrx_word' id='word_1_720' title='bbox 554 5418 618 5469; x_wconf 85' lang='lat'><strong>06</strong></span> <span class='ocrx_word' id='word_1_721' title='bbox 666 5417 778 5487; x_wconf 87' lang='lat'><strong>7&amp;9</strong></span> <span class='ocrx_word' id='word_1_722' title='bbox 811 5418 1033 5489; x_wconf 81' lang='grc' dir='ltr'>θεμιτὸν</span> <span class='ocrx_word' id='word_1_723' title='bbox 1068 5419 1277 5475; x_wconf 79' lang='grc' dir='ltr'>οἴεσθαί</span> <span class='ocrx_word' id='word_1_724' title='bbox 1306 5438 1361 5474; x_wconf 93' lang='grc' dir='ltr'><strong>τι</strong></span> <span class='ocrx_word' id='word_1_725' title='bbox 1384 5421 1505 5485; x_wconf 47' lang='grc' dir='ltr'>,τῶν</span> <span class='ocrx_word' id='word_1_726' title='bbox 1544 5423 1605 5472; x_wconf 82' lang='grc' dir='ltr'>ὲν</span> <span class='ocrx_word' id='word_1_727' title='bbox 1633 5419 1894 5491; x_wconf 81' lang='grc' dir='ltr'>κτίσμασι</span> 
     </span>
    </p>
   </div>
   <div class='ocr_carea' id='block_1_104' title="bbox 315 5503 1893 5594">
    <p class='ocr_par' dir='ltr' id='par_1_104' title="bbox 315 5503 1893 5594">
     <span class='ocr_line' id='line_1_104' title="bbox 315 5503 1893 5594; baseline 0.003 -32"><span class='ocrx_word' id='word_1_728' title='bbox 315 5508 640 5572; x_wconf 77' lang='grc' dir='ltr'>τελούντων,</span> <span class='ocrx_word' id='word_1_729' title='bbox 660 5503 710 5577; x_wconf 79' lang='grc' dir='ltr'><strong>ᾧ</strong></span> <span class='ocrx_word' id='word_1_730' title='bbox 739 5510 882 5563; x_wconf 78' lang='grc' dir='ltr'>κατὰ</span> <span class='ocrx_word' id='word_1_731' title='bbox 909 5511 1071 5579; x_wconf 87' lang='grc' dir='ltr'>φύσιν</span> <span class='ocrx_word' id='word_1_732' title='bbox 1095 5512 1129 5583; x_wconf 77' lang='grc' dir='ltr'>ἢ</span> <span class='ocrx_word' id='word_1_733' title='bbox 1153 5512 1312 5594; x_wconf 81' lang='grc' dir='ltr'>δόξαν</span> <span class='ocrx_word' id='word_1_734' title='bbox 1338 5512 1371 5584; x_wconf 79' lang='grc' dir='ltr'>ἢ</span> <span class='ocrx_word' id='word_1_735' title='bbox 1401 5511 1575 5582; x_wconf 81' lang='grc' dir='ltr'>ἀλκὴν</span> <span class='ocrx_word' id='word_1_736' title='bbox 1602 5512 1634 5582; x_wconf 78' lang='grc' dir='ltr'><strong>ἢ</strong></span> <span class='ocrx_word' id='word_1_737' title='bbox 1668 5512 1813 5565; x_wconf 86' lang='grc' dir='ltr'>κατά</span> <span class='ocrx_word' id='word_1_738' title='bbox 1840 5529 1893 5566; x_wconf 88' lang='grc' dir='ltr'><strong>τι</strong></span> 
     </span>
    </p>
   </div>
   <div class='ocr_carea' id='block_1_105' title="bbox 393 5660 1245 5733">
    <p class='ocr_par' dir='ltr' id='par_1_105' title="bbox 393 5660 1245 5733">
     <span class='ocr_line' id='line_1_105' title="bbox 393 5660 1245 5733; baseline 0.004 -17"><span class='ocrx_word' id='word_1_739' title='bbox 393 5660 442 5693; x_wconf 82' lang='grc'><strong><em>⁸⁸</em></strong></span> <span class='ocrx_word' id='word_1_740' title='bbox 471 5661 599 5733; x_wconf 85' lang='lat' dir='ltr'><strong>Sap.</strong></span> <span class='ocrx_word' id='word_1_741' title='bbox 630 5679 671 5727; x_wconf 86' lang='grc' dir='ltr'><strong>ι,</strong></span> <span class='ocrx_word' id='word_1_742' title='bbox 706 5667 753 5720; x_wconf 71' lang='grc'><strong>4.</strong></span> <span class='ocrx_word' id='word_1_743' title='bbox 827 5661 1045 5719; x_wconf 78' lang='lat' dir='ltr'><strong>&quot;Joan.</strong></span> <span class='ocrx_word' id='word_1_744' title='bbox 1083 5681 1121 5730; x_wconf 85' lang='grc' dir='ltr'><strong>ι,</strong></span> <span class='ocrx_word' id='word_1_745' title='bbox 1159 5665 1245 5719; x_wconf 82' lang='grc'><strong>18.</strong></span> 
     </span>
    </p>
   </div>
   <div class='ocr_carea' id='block_1_106' title="bbox 601 5759 1154 5824">
    <p class='ocr_par' dir='ltr' id='par_1_106' title="bbox 601 5759 1154 5824">
     <span class='ocr_line' id='line_1_106' title="bbox 601 5759 1154 5824; baseline 0.005 -5"><span class='ocrx_word' id='word_1_746' title='bbox 601 5761 871 5821; x_wconf 73' lang='grc' dir='ltr'>ΡΑτιιοι..</span> <span class='ocrx_word' id='word_1_747' title='bbox 907 5759 1022 5822; x_wconf 77' lang='lat' dir='ltr'><strong>Gn.</strong></span> <span class='ocrx_word' id='word_1_748' title='bbox 1088 5762 1154 5824; x_wconf 90' lang='lat' dir='ltr'><strong>C.</strong></span> 
     </span>
    </p>
   </div>
   <div class='ocr_carea' id='block_1_107' title="bbox 1320 5664 1915 5734">
    <p class='ocr_par' dir='ltr' id='par_1_107' title="bbox 1320 5664 1915 5734">
     <span class='ocr_line' id='line_1_107' title="bbox 1320 5664 1915 5734; baseline -0.002 -14"><span class='ocrx_word' id='word_1_749' title='bbox 1320 5666 1363 5700; x_wconf 77' lang='grc'><strong>⁸⁸</strong></span> <span class='ocrx_word' id='word_1_750' title='bbox 1395 5664 1566 5723; x_wconf 69' lang='lat' dir='ltr'><strong>Exod.</strong></span> <span class='ocrx_word' id='word_1_751' title='bbox 1603 5679 1798 5734; x_wconf 61' lang='lat' dir='ltr'><strong>nam,</strong></span> <span class='ocrx_word' id='word_1_752' title='bbox 1823 5664 1915 5719; x_wconf 72' lang='lat'><strong>20.</strong></span> 
     </span>
    </p>
   </div>
   <div class='ocr_carea' id='block_1_108' title="bbox 1994 4503 3567 4562">
    <p class='ocr_par' dir='ltr' id='par_1_108' title="bbox 1994 4503 3567 4562">
     <span class='ocr_line' id='line_1_108' title="bbox 1994 4503 3567 4562; baseline -0.003 0"><span class='ocrx_word' id='word_1_753' title='bbox 1994 4503 2440 4562; x_wconf 80' lang='lat' dir='ltr'><strong>contmuuicabile</strong></span> <span class='ocrx_word' id='word_1_754' title='bbox 2489 4519 2684 4560; x_wconf 88' lang='lat' dir='ltr'><strong>nomen</strong></span> <span class='ocrx_word' id='word_1_755' title='bbox 2737 4503 2898 4559; x_wconf 85' lang='lat' dir='ltr'><strong>cultis</strong></span> <span class='ocrx_word' id='word_1_756' title='bbox 2929 4518 2961 4557; x_wconf 74' lang='grc' dir='ltr'><em>ε</em></span> <span class='ocrx_word' id='word_1_757' title='bbox 3013 4518 3073 4558; x_wconf 87' lang='lat' dir='ltr'><strong>se</strong></span> <span class='ocrx_word' id='word_1_758' title='bbox 3113 4505 3311 4560; x_wconf 85' lang='lat' dir='ltr'><strong>statuis</strong></span> <span class='ocrx_word' id='word_1_759' title='bbox 3367 4506 3567 4559; x_wconf 67' lang='lat' dir='ltr'><strong>inseri.</strong></span> 
     </span>
    </p>
   </div>
   <div class='ocr_carea' id='block_1_109' title="bbox 1994 4594 3567 4668">
    <p class='ocr_par' dir='ltr' id='par_1_109' title="bbox 1994 4594 3567 4668">
     <span class='ocr_line' id='line_1_109' title="bbox 1994 4594 3567 4668; baseline -0.004 -14"><span class='ocrx_word' id='word_1_760' title='bbox 1994 4607 2238 4667; x_wconf 89' lang='lat' dir='ltr'><strong>pserant,</strong></span> <span class='ocrx_word' id='word_1_761' title='bbox 2273 4598 2471 4668; x_wconf 83' lang='lat' dir='ltr'><strong>quibus</strong></span> <span class='ocrx_word' id='word_1_762' title='bbox 2517 4607 2574 4652; x_wconf 93' lang='lat' dir='ltr'><strong>et</strong></span> <span class='ocrx_word' id='word_1_763' title='bbox 2617 4594 2821 4651; x_wconf 89' lang='lat' dir='ltr'><strong>cultum</strong></span> <span class='ocrx_word' id='word_1_764' title='bbox 2853 4595 2952 4651; x_wconf 86' lang='lat' dir='ltr'><strong>soli</strong></span> <span class='ocrx_word' id='word_1_765' title='bbox 2987 4595 3099 4651; x_wconf 90' lang='lat' dir='ltr'><strong>Deo</strong></span> <span class='ocrx_word' id='word_1_766' title='bbox 3130 4596 3372 4651; x_wconf 87' lang='lat' dir='ltr'><strong>debitum</strong></span> <span class='ocrx_word' id='word_1_767' title='bbox 3405 4596 3567 4651; x_wconf 72' lang='lat' dir='ltr'><strong>exhi-</strong></span> 
     </span>
    </p>
   </div>
   <div class='ocr_carea' id='block_1_110' title="bbox 1993 4687 3559 4761">
    <p class='ocr_par' dir='ltr' id='par_1_110' title="bbox 1993 4687 3559 4761">
     <span class='ocr_line' id='line_1_110' title="bbox 1993 4687 3559 4761; baseline -0.001 -16"><span class='ocrx_word' id='word_1_768' title='bbox 1993 4691 2215 4755; x_wconf 82' lang='lat' dir='ltr'><strong>bebant,</strong></span> <span class='ocrx_word' id='word_1_769' title='bbox 2276 4703 2373 4759; x_wconf 89' lang='lat' dir='ltr'><strong>per</strong></span> <span class='ocrx_word' id='word_1_770' title='bbox 2422 4688 2577 4743; x_wconf 66' lang='lat' dir='ltr'><strong>Isaia:</strong></span> <span class='ocrx_word' id='word_1_771' title='bbox 2616 4688 2794 4759; x_wconf 86' lang='lat' dir='ltr'><strong>magni</strong></span> <span class='ocrx_word' id='word_1_772' title='bbox 2859 4701 3051 4743; x_wconf 88' lang='lat' dir='ltr'><strong>vocem</strong></span> <span class='ocrx_word' id='word_1_773' title='bbox 3081 4687 3341 4761; x_wconf 68' lang='lat' dir='ltr'><strong>obiurgat</strong></span> <span class='ocrx_word' id='word_1_774' title='bbox 3390 4687 3559 4752; x_wconf 88' lang='lat' dir='ltr'><strong>Deus.</strong></span> 
     </span>
    </p>
   </div>
   <div class='ocr_carea' id='block_1_111' title="bbox 1995 4778 3564 4841">
    <p class='ocr_par' dir='ltr' id='par_1_111' title="bbox 1995 4778 3564 4841">
     <span class='ocr_line' id='line_1_111' title="bbox 1995 4778 3564 4841; baseline -0.003 -7"><span class='ocrx_word' id='word_1_775' title='bbox 1995 4779 2226 4834; x_wconf 83' lang='lat' dir='ltr'><strong>Cuinam</strong></span> <span class='ocrx_word' id='word_1_776' title='bbox 2283 4778 2626 4833; x_wconf 76' lang='lat' dir='ltr'><strong>assimilastis</strong></span> <span class='ocrx_word' id='word_1_777' title='bbox 2690 4778 2897 4841; x_wconf 85' lang='lat' dir='ltr'><strong>Deum,</strong></span> <span class='ocrx_word' id='word_1_778' title='bbox 2943 4778 3164 4841; x_wconf 86' lang='lat' dir='ltr'><strong>dicens,</strong></span> <span class='ocrx_word' id='word_1_779' title='bbox 3234 4784 3284 4831; x_wconf 83' lang='lat' dir='ltr'><strong>et</strong></span> <span class='ocrx_word' id='word_1_780' title='bbox 3353 4778 3564 4837; x_wconf 74' lang='lat' dir='ltr'><strong>cuinam</strong></span> 
     </span>
    </p>
   </div>
   <div class='ocr_carea' id='block_1_112' title="bbox 1993 4868 3562 4941">
    <p class='ocr_par' dir='ltr' id='par_1_112' title="bbox 1993 4868 3562 4941">
     <span class='ocr_line' id='line_1_112' title="bbox 1993 4868 3562 4941; baseline 0.001 -17"><span class='ocrx_word' id='word_1_781' title='bbox 1993 4871 2282 4926; x_wconf 79' lang='lat' dir='ltr'><strong>simulacra</strong></span> <span class='ocrx_word' id='word_1_782' title='bbox 2312 4871 2539 4925; x_wconf 75' lang='lat' dir='ltr'><strong>similem</strong></span> <span class='ocrx_word' id='word_1_783' title='bbox 2583 4868 2885 4938; x_wconf 73' lang='lat' dir='ltr'><strong>e/I‘ecistis?</strong></span> <span class='ocrx_word' id='word_1_784' title='bbox 2909 4868 3055 4923; x_wconf 74' lang='lat' dir='ltr'><strong>Num</strong></span> <span class='ocrx_word' id='word_1_785' title='bbox 3109 4870 3392 4941; x_wconf 79' lang='lat' dir='ltr'><strong>imaginem</strong></span> <span class='ocrx_word' id='word_1_786' title='bbox 3446 4870 3562 4940; x_wconf 84' lang='lat' dir='ltr'><strong>ejus</strong></span> 
     </span>
    </p>
   </div>
   <div class='ocr_carea' id='block_1_113' title="bbox 1996 4962 3563 5033">
    <p class='ocr_par' dir='ltr' id='par_1_113' title="bbox 1996 4962 3563 5033">
     <span class='ocr_line' id='line_1_113' title="bbox 1996 4962 3563 5033; baseline 0.001 -16"><span class='ocrx_word' id='word_1_787' title='bbox 1996 4964 2150 5033; x_wconf 79' lang='lat' dir='ltr'><strong>faciet</strong></span> <span class='ocrx_word' id='word_1_788' title='bbox 2176 4963 2401 5031; x_wconf 68' lang='lat' dir='ltr'><strong>artifex,</strong></span> <span class='ocrx_word' id='word_1_789' title='bbox 2437 4972 2531 5016; x_wconf 86' lang='lat' dir='ltr'><strong>aut</strong></span> <span class='ocrx_word' id='word_1_790' title='bbox 2577 4963 2727 5030; x_wconf 84' lang='lat' dir='ltr'><strong>faber</strong></span> <span class='ocrx_word' id='word_1_791' title='bbox 2775 4962 3032 5016; x_wconf 78' lang='lat' dir='ltr'><strong>amarius</strong></span> <span class='ocrx_word' id='word_1_792' title='bbox 3077 4962 3200 5031; x_wconf 84' lang='lat' dir='ltr'><strong>fuso</strong></span> <span class='ocrx_word' id='word_1_793' title='bbox 3241 4981 3378 5018; x_wconf 84' lang='lat' dir='ltr'><strong>auro</strong></span> <span class='ocrx_word' id='word_1_794' title='bbox 3408 4965 3563 5020; x_wconf 86' lang='lat' dir='ltr'><strong>illum</strong></span> 
     </span>
    </p>
   </div>
   <div class='ocr_carea' id='block_1_114' title="bbox 1994 5050 3621 5125">
    <p class='ocr_par' dir='ltr' id='par_1_114' title="bbox 1994 5050 3621 5125">
     <span class='ocr_line' id='line_1_114' title="bbox 1994 5050 3621 5125; baseline 0.002 -18"><span class='ocrx_word' id='word_1_795' title='bbox 1994 5054 2363 5109; x_wconf 79' lang='lat' dir='ltr'><strong>inaurabit”?</strong></span> <span class='ocrx_word' id='word_1_796' title='bbox 2398 5073 2415 5106; x_wconf 72' lang='grc' dir='ltr'><strong>ι</strong></span> <span class='ocrx_word' id='word_1_797' title='bbox 2447 5053 2512 5107; x_wconf 85' lang='lat' dir='ltr'><strong>Et</strong></span> <span class='ocrx_word' id='word_1_798' title='bbox 2545 5051 2850 5121; x_wconf 77' lang='lat' dir='ltr'><strong>juStissime</strong></span> <span class='ocrx_word' id='word_1_799' title='bbox 2874 5052 3037 5125; x_wconf 77' lang='lat'><strong>119</strong></span> <span class='ocrx_word' id='word_1_800' title='bbox 3077 5050 3292 5124; x_wconf 88' lang='lat' dir='ltr'><strong>quidem</strong></span> <span class='ocrx_word' id='word_1_801' title='bbox 3324 5057 3565 5115; x_wconf 84' lang='lat' dir='ltr'><strong>minatur</strong></span> <span class='ocrx_word' id='word_1_802' title='bbox 3604 5102 3621 5123; x_wconf 65' lang='lat'><strong>,</strong></span> 
     </span>
    </p>
   </div>
   <div class='ocr_carea' id='block_1_115' title="bbox 1996 5145 3565 5216">
    <p class='ocr_par' dir='ltr' id='par_1_115' title="bbox 1996 5145 3565 5216">
     <span class='ocr_line' id='line_1_115' title="bbox 1996 5145 3565 5216; baseline 0.002 -16"><span class='ocrx_word' id='word_1_803' title='bbox 1996 5145 2181 5201; x_wconf 87' lang='lat' dir='ltr'><strong>illicita</strong></span> <span class='ocrx_word' id='word_1_804' title='bbox 2220 5146 2560 5200; x_wconf 87' lang='lat' dir='ltr'><strong>audentibus.</strong></span> <span class='ocrx_word' id='word_1_805' title='bbox 2592 5146 2707 5201; x_wconf 82' lang='lat' dir='ltr'><strong>Non</strong></span> <span class='ocrx_word' id='word_1_806' title='bbox 2736 5148 2881 5201; x_wconf 92' lang='lat' dir='ltr'><strong>enim</strong></span> <span class='ocrx_word' id='word_1_807' title='bbox 2908 5148 3033 5202; x_wconf 88' lang='lat' dir='ltr'><strong>licet</strong></span> <span class='ocrx_word' id='word_1_808' title='bbox 3062 5146 3381 5203; x_wconf 78' lang='lat' dir='ltr'><strong>existimare</strong></span> <span class='ocrx_word' id='word_1_809' title='bbox 3404 5148 3565 5216; x_wconf 85' lang='lat' dir='ltr'><strong>quid-</strong></span> 
     </span>
    </p>
   </div>
   <div class='ocr_carea' id='block_1_116' title="bbox 1994 5236 3565 5305">
    <p class='ocr_par' dir='ltr' id='par_1_116' title="bbox 1994 5236 3565 5305">
     <span class='ocr_line' id='line_1_116' title="bbox 1994 5236 3565 5305; baseline 0.001 -16"><span class='ocrx_word' id='word_1_810' title='bbox 1994 5252 2157 5305; x_wconf 85' lang='lat' dir='ltr'><strong>quam</strong></span> <span class='ocrx_word' id='word_1_811' title='bbox 2187 5251 2309 5291; x_wconf 90' lang='lat' dir='ltr'><strong>esse</strong></span> <span class='ocrx_word' id='word_1_812' title='bbox 2344 5237 2397 5291; x_wconf 92' lang='lat' dir='ltr'><strong>in</strong></span> <span class='ocrx_word' id='word_1_813' title='bbox 2432 5237 2662 5299; x_wconf 90' lang='lat' dir='ltr'><strong>creatis.</strong></span> <span class='ocrx_word' id='word_1_814' title='bbox 2710 5238 2797 5292; x_wconf 90' lang='lat' dir='ltr'><strong>cui</strong></span> <span class='ocrx_word' id='word_1_815' title='bbox 2849 5236 2991 5293; x_wconf 89' lang='lat' dir='ltr'><strong>Deus</strong></span> <span class='ocrx_word' id='word_1_816' title='bbox 3045 5238 3162 5293; x_wconf 82' lang='lat' dir='ltr'><strong>sive</strong></span> <span class='ocrx_word' id='word_1_817' title='bbox 3191 5247 3386 5291; x_wconf 85' lang='lat' dir='ltr'><strong>natura</strong></span> <span class='ocrx_word' id='word_1_818' title='bbox 3445 5238 3565 5292; x_wconf 81' lang='lat' dir='ltr'><strong>sive</strong></span> 
     </span>
    </p>
   </div>
   <div class='ocr_carea' id='block_1_117' title="bbox 1995 5328 3564 5400">
    <p class='ocr_par' dir='ltr' id='par_1_117' title="bbox 1995 5328 3564 5400">
     <span class='ocr_line' id='line_1_117' title="bbox 1995 5328 3564 5400; baseline 0 -19"><span class='ocrx_word' id='word_1_819' title='bbox 1995 5328 2165 5396; x_wconf 85' lang='lat' dir='ltr'><strong>gloria</strong></span> <span class='ocrx_word' id='word_1_820' title='bbox 2202 5329 2317 5383; x_wconf 87' lang='lat' dir='ltr'><strong>sive</strong></span> <span class='ocrx_word' id='word_1_821' title='bbox 2342 5328 2549 5383; x_wconf 88' lang='lat' dir='ltr'><strong>viribus</strong></span> <span class='ocrx_word' id='word_1_822' title='bbox 2578 5329 2692 5384; x_wconf 89' lang='lat' dir='ltr'><strong>sive</strong></span> <span class='ocrx_word' id='word_1_823' title='bbox 2739 5345 2801 5386; x_wconf 87' lang='lat' dir='ltr'><strong>re</strong></span> <span class='ocrx_word' id='word_1_824' title='bbox 2858 5330 2964 5383; x_wconf 89' lang='lat' dir='ltr'><strong>alia</strong></span> <span class='ocrx_word' id='word_1_825' title='bbox 3024 5330 3218 5400; x_wconf 81' lang='lat' dir='ltr'><strong>quavis</strong></span> <span class='ocrx_word' id='word_1_826' title='bbox 3269 5328 3564 5383; x_wconf 87' lang='lat' dir='ltr'><strong>assimilari</strong></span> 
     </span>
    </p>
   </div>
   <div class='ocr_carea' id='block_1_118' title="bbox 1948 5417 3565 5490">
    <p class='ocr_par' dir='ltr' id='par_1_118' title="bbox 1948 5417 3565 5490">
     <span class='ocr_line' id='line_1_118' title="bbox 1948 5417 3565 5490; baseline -0.001 -15"><span class='ocrx_word' id='word_1_827' title='bbox 1948 5472 1951 5475; x_wconf 89' lang='lat'><strong>.</strong></span> <span class='ocrx_word' id='word_1_828' title='bbox 1996 5428 2180 5488; x_wconf 83' lang='lat' dir='ltr'><strong>queat.</strong></span> <span class='ocrx_word' id='word_1_829' title='bbox 2220 5417 2352 5472; x_wconf 83' lang='lat' dir='ltr'><strong>Nam</strong></span> <span class='ocrx_word' id='word_1_830' title='bbox 2386 5419 2612 5490; x_wconf 83' lang='lat' dir='ltr'><strong>gloriam</strong></span> <span class='ocrx_word' id='word_1_831' title='bbox 2639 5437 2834 5487; x_wconf 80' lang='lat' dir='ltr'><strong>meam,</strong></span> <span class='ocrx_word' id='word_1_832' title='bbox 2868 5420 3066 5490; x_wconf 83' lang='lat' dir='ltr'><strong>inquit,</strong></span> <span class='ocrx_word' id='word_1_833' title='bbox 3096 5417 3253 5474; x_wconf 80' lang='lat' dir='ltr'><strong>alteri</strong></span> <span class='ocrx_word' id='word_1_834' title='bbox 3281 5434 3383 5474; x_wconf 83' lang='lat' dir='ltr'><strong>non</strong></span> <span class='ocrx_word' id='word_1_835' title='bbox 3402 5417 3565 5484; x_wconf 68' lang='lat' dir='ltr'><strong>dabo.</strong></span> 
     </span>
    </p>
   </div>
   <div class='ocr_carea' id='block_1_119' title="bbox 1997 5508 3566 5582">
    <p class='ocr_par' dir='ltr' id='par_1_119' title="bbox 1997 5508 3566 5582">
     <span class='ocr_line' id='line_1_119' title="bbox 1997 5508 3566 5582; baseline 0.001 -17"><span class='ocrx_word' id='word_1_836' title='bbox 1997 5528 2157 5581; x_wconf 84' lang='lat' dir='ltr'><strong>neque</strong></span> <span class='ocrx_word' id='word_1_837' title='bbox 2206 5514 2423 5566; x_wconf 79' lang='lat' dir='ltr'><strong>virtutes</strong></span> <span class='ocrx_word' id='word_1_838' title='bbox 2479 5528 2623 5568; x_wconf 83' lang='lat' dir='ltr'><strong>meas</strong></span> <span class='ocrx_word' id='word_1_839' title='bbox 2663 5511 3080 5582; x_wconf 79' lang='lat' dir='ltr'><strong>sculptilibus&quot;.</strong></span> <span class='ocrx_word' id='word_1_840' title='bbox 3134 5510 3347 5579; x_wconf 83' lang='lat' dir='ltr'><strong>Quibus</strong></span> <span class='ocrx_word' id='word_1_841' title='bbox 3418 5508 3566 5570; x_wconf 82' lang='lat' dir='ltr'><strong>enim</strong></span> 
     </span>
    </p>
   </div>
   <div class='ocr_carea' id='block_1_120' title="bbox 1992 5663 2906 5736">
    <p class='ocr_par' dir='ltr' id='par_1_120' title="bbox 1992 5663 2906 5736">
     <span class='ocr_line' id='line_1_120' title="bbox 1992 5663 2906 5736; baseline 0.008 -19"><span class='ocrx_word' id='word_1_842' title='bbox 1992 5664 2036 5697; x_wconf 68' lang='grc'><strong>³9</strong></span> <span class='ocrx_word' id='word_1_843' title='bbox 2068 5663 2137 5720; x_wconf 86' lang='lat' dir='ltr'><strong>ls.</strong></span> <span class='ocrx_word' id='word_1_844' title='bbox 2169 5681 2310 5733; x_wconf 76' lang='lat' dir='ltr'><strong>vat,</strong></span> <span class='ocrx_word' id='word_1_845' title='bbox 2340 5666 2393 5723; x_wconf 82' lang='grc'><strong>5.</strong></span> <span class='ocrx_word' id='word_1_846' title='bbox 2468 5669 2514 5701; x_wconf 82' lang='grc'><strong>⁹⁰</strong></span> <span class='ocrx_word' id='word_1_847' title='bbox 2547 5667 2650 5723; x_wconf 84' lang='lat' dir='ltr'><strong>lsa.</strong></span> <span class='ocrx_word' id='word_1_848' title='bbox 2688 5682 2821 5736; x_wconf 79' lang='lat' dir='ltr'><strong>xw,</strong></span> <span class='ocrx_word' id='word_1_849' title='bbox 2855 5668 2906 5724; x_wconf 91' lang='lat'><strong>8.</strong></span> 
     </span>
    </p>
   </div>
   <div class='ocr_carea' id='block_1_121' title="bbox 3175 5763 3249 5824">
    <p class='ocr_par' dir='ltr' id='par_1_121' title="bbox 3175 5763 3249 5824">
     <span class='ocr_line' id='line_1_121' title="bbox 3175 5763 3249 5824; baseline 0 0"><span class='ocrx_word' id='word_1_850' title='bbox 3175 5763 3249 5824; x_wconf 86' lang='grc'><strong>15</strong></span> 
     </span>
    </p>
   </div>
   <div class='ocr_carea' id='block_1_122' title="bbox 2280 5846 2447 5864">
    <p class='ocr_par' dir='ltr' id='par_1_122' title="bbox 2280 5846 2447 5864">
     <span class='ocr_line' id='line_1_122' title="bbox 2280 5846 2447 5864; baseline -0.006 -1"><span class='ocrx_word' id='word_1_851' title='bbox 2280 5860 2293 5863; x_wconf 91' lang='grc'><strong>-</strong></span> <span class='ocrx_word' id='word_1_852' title='bbox 2347 5846 2447 5864; x_wconf 54' lang='grc' dir='ltr'><strong><em>σά..</em></strong></span> 
     </span>
    </p>
   </div>
  </div>
