  <div class='ocr_page' id='page_1' title='image "/cluster/home/n/w/nwhite01/storage/ocr_20150623/100/hvd.32044054111919/235.png"; bbox 0 0 4032 6208; ppageno 0'>
   <div class='ocr_carea' id='block_1_1' title="bbox 1235 243 1344 254">
    <p class='ocr_par' dir='ltr' id='par_1_1' title="bbox 1235 243 1344 254">
     <span class='ocr_line' id='line_1_1' title="bbox 1235 243 1344 254; baseline 0.018 -2"><span class='ocrx_word' id='word_1_1' title='bbox 1235 243 1344 254; x_wconf 57' lang='grc' dir='ltr'><strong>ςς-ς..</strong></span> 
     </span>
    </p>
   </div>
   <div class='ocr_carea' id='block_1_2' title="bbox 438 307 579 378">
    <p class='ocr_par' dir='ltr' id='par_1_2' title="bbox 438 307 579 378">
     <span class='ocr_line' id='line_1_2' title="bbox 438 307 579 378; baseline -0.007 0"><span class='ocrx_word' id='word_1_2' title='bbox 438 307 579 378; x_wconf 56' lang='lat'><strong>5159</strong></span> 
     </span>
    </p>
   </div>
   <div class='ocr_carea' id='block_1_3' title="bbox 1501 307 2716 372">
    <p class='ocr_par' dir='ltr' id='par_1_3' title="bbox 1501 307 2716 372">
     <span class='ocr_line' id='line_1_3' title="bbox 1501 307 2716 372; baseline -0.002 -2"><span class='ocrx_word' id='word_1_3' title='bbox 1501 311 1568 370; x_wconf 59' lang='lat' dir='ltr'><strong>&#39;S.</strong></span> <span class='ocrx_word' id='word_1_4' title='bbox 1612 311 2030 371; x_wconf 82' lang='lat' dir='ltr'><strong>NICEPHORI</strong></span> <span class='ocrx_word' id='word_1_5' title='bbox 2069 307 2573 372; x_wconf 74' lang='lat' dir='ltr'><strong>PATRIARCII/E</strong></span> <span class='ocrx_word' id='word_1_6' title='bbox 2609 307 2716 368; x_wconf 90' lang='lat' dir='ltr'><strong>CP.</strong></span> 
     </span>
    </p>
   </div>
   <div class='ocr_carea' id='block_1_4' title="bbox 3627 298 3736 362">
    <p class='ocr_par' dir='ltr' id='par_1_4' title="bbox 3627 298 3736 362">
     <span class='ocr_line' id='line_1_4' title="bbox 3627 298 3736 362; baseline 0.009 -1"><span class='ocrx_word' id='word_1_7' title='bbox 3627 298 3736 362; x_wconf 71' lang='lat'><strong>460</strong></span> 
     </span>
    </p>
   </div>
   <div class='ocr_carea' id='block_1_5' title="bbox 375 417 2056 515">
    <p class='ocr_par' dir='ltr' id='par_1_5' title="bbox 375 429 2046 515">
     <span class='ocr_line' id='line_1_5' title="bbox 375 429 2046 515; baseline -0.005 -27"><span class='ocrx_word' id='word_1_8' title='bbox 375 505 381 515; x_wconf 83' lang='lat'><strong><em>_</em></strong></span> <span class='ocrx_word' id='word_1_9' title='bbox 465 433 664 489; x_wconf 76' lang='lat' dir='ltr'><strong>similis</strong></span> <span class='ocrx_word' id='word_1_10' title='bbox 693 445 813 488; x_wconf 84' lang='lat' dir='ltr'><strong>esse</strong></span> <span class='ocrx_word' id='word_1_11' title='bbox 843 440 1002 502; x_wconf 89' lang='lat' dir='ltr'><strong>queat</strong></span> <span class='ocrx_word' id='word_1_12' title='bbox 1034 432 1080 487; x_wconf 89' lang='lat' dir='ltr'><strong>is</strong></span> <span class='ocrx_word' id='word_1_13' title='bbox 1098 430 1188 500; x_wconf 85' lang='lat' dir='ltr'><strong>qui</strong></span> <span class='ocrx_word' id='word_1_14' title='bbox 1222 429 1472 485; x_wconf 90' lang='lat' dir='ltr'><strong>omnibus</strong></span> <span class='ocrx_word' id='word_1_15' title='bbox 1502 439 1585 483; x_wconf 91' lang='lat' dir='ltr'><strong>est</strong></span> <span class='ocrx_word' id='word_1_16' title='bbox 1612 429 1922 495; x_wconf 84' lang='lat' dir='ltr'><strong>invisibilis,</strong></span> <span class='ocrx_word' id='word_1_17' title='bbox 1955 444 2046 483; x_wconf 89' lang='lat' dir='ltr'><strong>su-</strong></span> 
     </span>
    </p>
   </div>
   <div class='ocr_carea' id='block_1_6' title="bbox 2160 417 3736 515">
    <p class='ocr_par' dir='ltr' id='par_1_6' title="bbox 2160 417 3736 494">
     <span class='ocr_line' id='line_1_6' title="bbox 2160 417 3736 494; baseline -0.006 -16"><span class='ocrx_word' id='word_1_18' title='bbox 2160 426 2283 494; x_wconf 79' lang='grc' dir='ltr'>γοῦν</span> <span class='ocrx_word' id='word_1_19' title='bbox 2314 424 2786 494; x_wconf 80' lang='grc' dir='ltr'>ἁπεικασθήσεται</span> <span class='ocrx_word' id='word_1_20' title='bbox 2807 437 2820 450; x_wconf 93' lang='grc'><strong>·</strong></span> <span class='ocrx_word' id='word_1_21' title='bbox 2865 419 2988 487; x_wconf 76' lang='grc' dir='ltr'><strong>Τὴν</strong></span> <span class='ocrx_word' id='word_1_22' title='bbox 3012 418 3119 490; x_wconf 85' lang='grc' dir='ltr'><strong>γάρ</strong></span> <span class='ocrx_word' id='word_1_23' title='bbox 3154 417 3343 481; x_wconf 76' lang='grc' dir='ltr'>δόξαν</span> <span class='ocrx_word' id='word_1_24' title='bbox 3372 433 3512 486; x_wconf 86' lang='grc' dir='ltr'>μου,</span> <span class='ocrx_word' id='word_1_25' title='bbox 3542 418 3736 487; x_wconf 80' lang='grc' dir='ltr'>φησ“ν,</span> 
     </span>
    </p>
   </div>
   <div class='ocr_carea' id='block_1_7' title="bbox 468 506 2056 595">
    <p class='ocr_par' dir='ltr' id='par_1_7' title="bbox 468 519 2041 595">
     <span class='ocr_line' id='line_1_7' title="bbox 468 519 2041 595; baseline -0.005 -15"><span class='ocrx_word' id='word_1_26' title='bbox 468 539 675 595; x_wconf 84' lang='lat' dir='ltr'><strong>praque</strong></span> <span class='ocrx_word' id='word_1_27' title='bbox 734 537 951 580; x_wconf 89' lang='lat' dir='ltr'><strong>omnem</strong></span> <span class='ocrx_word' id='word_1_28' title='bbox 1009 530 1244 576; x_wconf 78' lang='lat' dir='ltr'><strong>mentem</strong></span> <span class='ocrx_word' id='word_1_29' title='bbox 1325 528 1380 574; x_wconf 91' lang='lat' dir='ltr'><strong>et</strong></span> <span class='ocrx_word' id='word_1_30' title='bbox 1454 519 2041 588; x_wconf 81' lang='lat' dir='ltr'><strong>comprehensionem?</strong></span> 
     </span>
    </p>
   </div>
   <div class='ocr_carea' id='block_1_8' title="bbox 2160 506 3737 595">
    <p class='ocr_par' dir='ltr' id='par_1_8' title="bbox 2160 506 3737 584">
     <span class='ocr_line' id='line_1_8' title="bbox 2160 506 3737 584; baseline -0.006 -15"><span class='ocrx_word' id='word_1_31' title='bbox 2160 517 2328 584; x_wconf 62' lang='grc' dir='ltr'>ἑτέρῳ</span> <span class='ocrx_word' id='word_1_32' title='bbox 2362 517 2434 568; x_wconf 83' lang='grc' dir='ltr'>οὐ</span> <span class='ocrx_word' id='word_1_33' title='bbox 2481 513 2675 578; x_wconf 82' lang='grc' dir='ltr'><strong>δώσω,</strong></span> <span class='ocrx_word' id='word_1_34' title='bbox 2715 510 2859 565; x_wconf 82' lang='grc' dir='ltr'>οὐδὲ</span> <span class='ocrx_word' id='word_1_35' title='bbox 2890 510 2996 575; x_wconf 80' lang='grc' dir='ltr'>τὰς</span> <span class='ocrx_word' id='word_1_36' title='bbox 3027 507 3244 576; x_wconf 78' lang='grc' dir='ltr'>ἀρετάς</span> <span class='ocrx_word' id='word_1_37' title='bbox 3286 525 3404 576; x_wconf 86' lang='grc' dir='ltr'><strong>μου</strong></span> <span class='ocrx_word' id='word_1_38' title='bbox 3435 506 3562 572; x_wconf 81' lang='grc' dir='ltr'>τοῖς</span> <span class='ocrx_word' id='word_1_39' title='bbox 3591 511 3737 576; x_wconf 70' lang='grc' dir='ltr'>γλυ-</span> 
     </span>
    </p>
   </div>
   <div class='ocr_carea' id='block_1_9' title="bbox 471 610 2040 685">
    <p class='ocr_par' dir='ltr' id='par_1_9' title="bbox 471 610 2040 685">
     <span class='ocr_line' id='line_1_9' title="bbox 471 610 2040 685; baseline -0.004 -15"><span class='ocrx_word' id='word_1_40' title='bbox 471 617 806 685; x_wconf 86' lang='lat' dir='ltr'><strong>Quibusnam</strong></span> <span class='ocrx_word' id='word_1_41' title='bbox 847 613 1154 670; x_wconf 84' lang='lat' dir='ltr'><strong>simulacris</strong></span> <span class='ocrx_word' id='word_1_42' title='bbox 1185 611 1530 677; x_wconf 86' lang='lat' dir='ltr'><strong>manufactis,</strong></span> <span class='ocrx_word' id='word_1_43' title='bbox 1561 613 1802 666; x_wconf 90' lang='lat' dir='ltr'><strong>humano</strong></span> <span class='ocrx_word' id='word_1_44' title='bbox 1825 610 2040 679; x_wconf 81' lang='lat' dir='ltr'><strong>ingenio</strong></span> 
     </span>
    </p>
   </div>
   <div class='ocr_carea' id='block_1_10' title="bbox 470 703 1612 777">
    <p class='ocr_par' dir='ltr' id='par_1_10' title="bbox 470 703 1612 777">
     <span class='ocr_line' id='line_1_10' title="bbox 470 703 1612 777; baseline -0.005 -15"><span class='ocrx_word' id='word_1_45' title='bbox 470 709 810 777; x_wconf 82' lang='lat' dir='ltr'><strong>artiﬁcioque</strong></span> <span class='ocrx_word' id='word_1_46' title='bbox 837 705 1134 761; x_wconf 75' lang='lat' dir='ltr'><strong>elaboratis</strong></span> <span class='ocrx_word' id='word_1_47' title='bbox 1159 703 1612 774; x_wconf 85' lang='lat' dir='ltr'><strong>comparabitur?</strong></span> 
     </span>
    </p>
   </div>
   <div class='ocr_carea' id='block_1_11' title="bbox 2153 597 3736 674">
    <p class='ocr_par' dir='ltr' id='par_1_11' title="bbox 2153 597 3736 674">
     <span class='ocr_line' id='line_1_11' title="bbox 2153 597 3736 674; baseline -0.009 -13"><span class='ocrx_word' id='word_1_48' title='bbox 2153 607 2348 671; x_wconf 76' lang='grc' dir='ltr'>πτοῖς.</span> <span class='ocrx_word' id='word_1_49' title='bbox 2408 605 2528 658; x_wconf 89' lang='grc' dir='ltr'>Τίνι</span> <span class='ocrx_word' id='word_1_50' title='bbox 2568 603 2679 674; x_wconf 81' lang='grc' dir='ltr'><strong>γὰρ</strong></span> <span class='ocrx_word' id='word_1_51' title='bbox 2710 599 3050 667; x_wconf 68' lang='grc' dir='ltr'>προσεοικὼς</span> <span class='ocrx_word' id='word_1_52' title='bbox 3081 599 3168 668; x_wconf 86' lang='grc' dir='ltr'><strong>εῖη</strong></span> <span class='ocrx_word' id='word_1_53' title='bbox 3197 600 3227 650; x_wconf 85' lang='grc' dir='ltr'><strong>ὁ</strong></span> <span class='ocrx_word' id='word_1_54' title='bbox 3271 599 3437 650; x_wconf 79' lang='grc' dir='ltr'>πᾶσιν</span> <span class='ocrx_word' id='word_1_55' title='bbox 3481 597 3736 658; x_wconf 78' lang='grc' dir='ltr'>ἀθέατος,</span> 
     </span>
    </p>
   </div>
   <div class='ocr_carea' id='block_1_12' title="bbox 2151 688 3734 762">
    <p class='ocr_par' dir='ltr' id='par_1_12' title="bbox 2151 688 3734 762">
     <span class='ocr_line' id='line_1_12' title="bbox 2151 688 3734 762; baseline -0.008 -9"><span class='ocrx_word' id='word_1_56' title='bbox 2151 698 2354 762; x_wconf 89' lang='grc' dir='ltr'>παντός</span> <span class='ocrx_word' id='word_1_57' title='bbox 2392 714 2454 750; x_wconf 88' lang='grc' dir='ltr'><strong>τε</strong></span> <span class='ocrx_word' id='word_1_58' title='bbox 2491 696 2582 750; x_wconf 89' lang='grc' dir='ltr'><strong>νοῦ</strong></span> <span class='ocrx_word' id='word_1_59' title='bbox 2621 695 2715 749; x_wconf 59' lang='grc' dir='ltr'><strong>καὶ⁸</strong></span> <span class='ocrx_word' id='word_1_60' title='bbox 2741 695 2924 761; x_wconf 80' lang='grc' dir='ltr'><strong>πάσης</strong></span> <span class='ocrx_word' id='word_1_61' title='bbox 2968 693 3301 761; x_wconf 79' lang='grc' dir='ltr'><strong>ὑπερέκεινα</strong></span> <span class='ocrx_word' id='word_1_62' title='bbox 3343 688 3734 759; x_wconf 73' lang='grc' dir='ltr'>καταλήψεωςς</span> 
     </span>
    </p>
   </div>
   <div class='ocr_carea' id='block_1_13' title="bbox 463 786 3736 873">
    <p class='ocr_par' dir='ltr' id='par_1_13' title="bbox 463 786 3736 873">
     <span class='ocr_line' id='line_1_13' title="bbox 463 786 3736 873; baseline -0.008 -14"><span class='ocrx_word' id='word_1_63' title='bbox 463 806 625 859; x_wconf 84' lang='grc' dir='ltr'>’Τίσιν</span> <span class='ocrx_word' id='word_1_64' title='bbox 663 801 978 873; x_wconf 83' lang='grc' dir='ltr'>ὁμοιώμασι</span> <span class='ocrx_word' id='word_1_65' title='bbox 1017 800 1460 871; x_wconf 78' lang='grc' dir='ltr'>χειροτεύκτοις,</span> <span class='ocrx_word' id='word_1_66' title='bbox 1528 798 1890 869; x_wconf 77' lang='grc' dir='ltr'><strong>ἀνθρωπίνοις</strong></span> <span class='ocrx_word' id='word_1_67' title='bbox 1929 795 2227 866; x_wconf 70' lang='grc' dir='ltr'><strong>σοφίσμασι</strong></span> <span class='ocrx_word' id='word_1_68' title='bbox 2274 795 2370 848; x_wconf 71' lang='grc' dir='ltr'>καὶ</span> <span class='ocrx_word' id='word_1_69' title='bbox 2432 791 2894 862; x_wconf 81' lang='grc' dir='ltr'>φιλοτεχνήμασιν</span> <span class='ocrx_word' id='word_1_70' title='bbox 2969 786 3562 858; x_wconf 81' lang='grc' dir='ltr'>ὲκμεμηχανημένοις,</span> <span class='ocrx_word' id='word_1_71' title='bbox 3630 802 3736 837; x_wconf 77' lang='grc' dir='ltr'>πα-</span> 
     </span>
    </p>
   </div>
   <div class='ocr_carea' id='block_1_14' title="bbox 457 895 906 966">
    <p class='ocr_par' dir='ltr' id='par_1_14' title="bbox 457 895 906 966">
     <span class='ocr_line' id='line_1_14' title="bbox 457 895 906 966; baseline -0.007 -19"><span class='ocrx_word' id='word_1_72' title='bbox 457 895 869 966; x_wconf 78' lang='grc' dir='ltr'>ραϐληθήσεται</span> <span class='ocrx_word' id='word_1_73' title='bbox 890 907 906 956; x_wconf 89' lang='lat'><strong>;</strong></span> 
     </span>
    </p>
   </div>
   <div class='ocr_carea' id='block_1_15' title="bbox 541 984 2046 1055">
    <p class='ocr_par' dir='ltr' id='par_1_15' title="bbox 541 984 2046 1055">
     <span class='ocr_line' id='line_1_15' title="bbox 541 984 2046 1055; baseline -0.005 -12"><span class='ocrx_word' id='word_1_74' title='bbox 541 986 882 1043; x_wconf 87' lang='lat' dir='ltr'><strong>Christianos</strong></span> <span class='ocrx_word' id='word_1_75' title='bbox 902 985 1086 1055; x_wconf 86' lang='lat' dir='ltr'><strong>itaque</strong></span> <span class='ocrx_word' id='word_1_76' title='bbox 1109 984 1224 1039; x_wconf 56' lang='lat' dir='ltr'><strong>haec</strong></span> <span class='ocrx_word' id='word_1_77' title='bbox 1244 985 1501 1052; x_wconf 86' lang='lat' dir='ltr'><strong>scientes,</strong></span> <span class='ocrx_word' id='word_1_78' title='bbox 1521 992 1574 1040; x_wconf 91' lang='lat' dir='ltr'><strong>et</strong></span> <span class='ocrx_word' id='word_1_79' title='bbox 1593 985 1645 1039; x_wconf 92' lang='lat' dir='ltr'><strong>in</strong></span> <span class='ocrx_word' id='word_1_80' title='bbox 1669 984 1866 1039; x_wconf 81' lang='lat' dir='ltr'><strong>divinis</strong></span> <span class='ocrx_word' id='word_1_81' title='bbox 1885 985 2046 1037; x_wconf 81' lang='lat' dir='ltr'><strong>rebus</strong></span> 
     </span>
    </p>
   </div>
   <div class='ocr_carea' id='block_1_16' title="bbox 456 1073 2043 1144">
    <p class='ocr_par' dir='ltr' id='par_1_16' title="bbox 456 1073 2043 1144">
     <span class='ocr_line' id='line_1_16' title="bbox 456 1073 2043 1144; baseline -0.006 -10"><span class='ocrx_word' id='word_1_82' title='bbox 456 1079 608 1134; x_wconf 68' lang='lat' dir='ltr'><strong>bene</strong></span> <span class='ocrx_word' id='word_1_83' title='bbox 637 1075 899 1142; x_wconf 88' lang='lat' dir='ltr'><strong>eruditos,</strong></span> <span class='ocrx_word' id='word_1_84' title='bbox 925 1091 1220 1144; x_wconf 89' lang='lat' dir='ltr'><strong>sanamque</strong></span> <span class='ocrx_word' id='word_1_85' title='bbox 1249 1077 1522 1130; x_wconf 89' lang='lat' dir='ltr'><strong>notionem</strong></span> <span class='ocrx_word' id='word_1_86' title='bbox 1560 1090 1773 1129; x_wconf 82' lang='lat' dir='ltr'><strong>arcame</strong></span> <span class='ocrx_word' id='word_1_87' title='bbox 1797 1073 2043 1128; x_wconf 80' lang='lat' dir='ltr'><strong>ineffabi-</strong></span> 
     </span>
    </p>
   </div>
   <div class='ocr_carea' id='block_1_17' title="bbox 452 1165 2046 1238">
    <p class='ocr_par' dir='ltr' id='par_1_17' title="bbox 452 1165 2046 1238">
     <span class='ocr_line' id='line_1_17' title="bbox 452 1165 2046 1238; baseline -0.006 -13"><span class='ocrx_word' id='word_1_88' title='bbox 452 1172 644 1238; x_wconf 75' lang='lat' dir='ltr'><strong>&quot;iisque</strong></span> <span class='ocrx_word' id='word_1_89' title='bbox 675 1176 884 1223; x_wconf 68' lang='lat' dir='ltr'><strong>naturae</strong></span> <span class='ocrx_word' id='word_1_90' title='bbox 921 1169 1208 1231; x_wconf 85' lang='lat' dir='ltr'><strong>habentes,</strong></span> <span class='ocrx_word' id='word_1_91' title='bbox 1239 1182 1399 1222; x_wconf 92' lang='lat' dir='ltr'><strong>nemo</strong></span> <span class='ocrx_word' id='word_1_92' title='bbox 1446 1167 1546 1220; x_wconf 86' lang='lat' dir='ltr'><strong>nisi</strong></span> <span class='ocrx_word' id='word_1_93' title='bbox 1581 1165 1822 1221; x_wconf 80' lang='lat' dir='ltr'><strong>furiosus</strong></span> <span class='ocrx_word' id='word_1_94' title='bbox 1851 1165 2046 1220; x_wconf 79' lang='lat' dir='ltr'><strong>existi-</strong></span> 
     </span>
    </p>
   </div>
   <div class='ocr_carea' id='block_1_18' title="bbox 471 1253 2041 1326">
    <p class='ocr_par' dir='ltr' id='par_1_18' title="bbox 471 1253 2041 1326">
     <span class='ocr_line' id='line_1_18' title="bbox 471 1253 2041 1326; baseline -0.003 -16"><span class='ocrx_word' id='word_1_95' title='bbox 471 1273 623 1313; x_wconf 88' lang='lat' dir='ltr'><strong>mare</strong></span> <span class='ocrx_word' id='word_1_96' title='bbox 647 1257 844 1326; x_wconf 89' lang='lat' dir='ltr'><strong>poterit</strong></span> <span class='ocrx_word' id='word_1_97' title='bbox 869 1257 1064 1310; x_wconf 71' lang='lat' dir='ltr'><strong>divinae</strong></span> <span class='ocrx_word' id='word_1_98' title='bbox 1084 1264 1286 1308; x_wconf 74' lang='lat' dir='ltr'><strong>naturae</strong></span> <span class='ocrx_word' id='word_1_99' title='bbox 1309 1255 1600 1324; x_wconf 84' lang='lat' dir='ltr'><strong>imaginem</strong></span> <span class='ocrx_word' id='word_1_100' title='bbox 1623 1254 1760 1310; x_wconf 89' lang='lat' dir='ltr'><strong>velle</strong></span> <span class='ocrx_word' id='word_1_101' title='bbox 1789 1253 2041 1323; x_wconf 82' lang='lat' dir='ltr'><strong>ﬁgurare.</strong></span> 
     </span>
    </p>
   </div>
   <div class='ocr_carea' id='block_1_19' title="bbox 451 1343 2044 1418">
    <p class='ocr_par' dir='ltr' id='par_1_19' title="bbox 451 1343 2044 1418">
     <span class='ocr_line' id='line_1_19' title="bbox 451 1343 2044 1418; baseline -0.004 -15"><span class='ocrx_word' id='word_1_102' title='bbox 451 1347 642 1404; x_wconf 76' lang='lat' dir='ltr'><strong>&#39;Vobis</strong></span> <span class='ocrx_word' id='word_1_103' title='bbox 674 1348 840 1418; x_wconf 89' lang='lat' dir='ltr'><strong>igitur</strong></span> <span class='ocrx_word' id='word_1_104' title='bbox 867 1346 1265 1402; x_wconf 86' lang='lat' dir='ltr'><strong>incredulitatis</strong></span> <span class='ocrx_word' id='word_1_105' title='bbox 1299 1347 1535 1414; x_wconf 87' lang='lat' dir='ltr'><strong>novique</strong></span> <span class='ocrx_word' id='word_1_106' title='bbox 1562 1343 1829 1399; x_wconf 76' lang='lat' dir='ltr'><strong>Judaismi</strong></span> <span class='ocrx_word' id='word_1_107' title='bbox 1857 1344 2044 1399; x_wconf 89' lang='lat' dir='ltr'><strong>defen-</strong></span> 
     </span>
    </p>
   </div>
   <div class='ocr_carea' id='block_1_20' title="bbox 473 1437 2046 1507">
    <p class='ocr_par' dir='ltr' id='par_1_20' title="bbox 473 1437 2046 1507">
     <span class='ocr_line' id='line_1_20' title="bbox 473 1437 2046 1507; baseline -0.004 -12"><span class='ocrx_word' id='word_1_108' title='bbox 473 1442 711 1498; x_wconf 81' lang='lat' dir='ltr'><strong>soribus.</strong></span> <span class='ocrx_word' id='word_1_109' title='bbox 745 1440 906 1494; x_wconf 89' lang='lat' dir='ltr'><strong>verba</strong></span> <span class='ocrx_word' id='word_1_110' title='bbox 964 1438 1129 1492; x_wconf 87' lang='lat' dir='ltr'><strong>Deum</strong></span> <span class='ocrx_word' id='word_1_111' title='bbox 1163 1437 1379 1506; x_wconf 88' lang='lat' dir='ltr'><strong>quidem</strong></span> <span class='ocrx_word' id='word_1_112' title='bbox 1434 1454 1583 1491; x_wconf 80' lang='lat' dir='ltr'><strong>nemo</strong></span> <span class='ocrx_word' id='word_1_113' title='bbox 1637 1437 1767 1491; x_wconf 81' lang='lat' dir='ltr'><strong>vidit</strong></span> <span class='ocrx_word' id='word_1_114' title='bbox 1812 1453 2046 1507; x_wconf 82' lang='lat' dir='ltr'><strong>unquam</strong></span> 
     </span>
    </p>
   </div>
   <div class='ocr_carea' id='block_1_21' title="bbox 460 1523 2046 1599">
    <p class='ocr_par' dir='ltr' id='par_1_21' title="bbox 460 1523 2046 1599">
     <span class='ocr_line' id='line_1_21' title="bbox 460 1523 2046 1599; baseline -0.004 -15"><span class='ocrx_word' id='word_1_115' title='bbox 460 1541 690 1599; x_wconf 79' lang='lat' dir='ltr'><strong>semper</strong></span> <span class='ocrx_word' id='word_1_116' title='bbox 737 1528 793 1582; x_wconf 89' lang='lat' dir='ltr'><strong>in</strong></span> <span class='ocrx_word' id='word_1_117' title='bbox 851 1541 947 1581; x_wconf 90' lang='lat' dir='ltr'><strong>ore</strong></span> <span class='ocrx_word' id='word_1_118' title='bbox 998 1535 1364 1595; x_wconf 89' lang='lat' dir='ltr'><strong>promptuque</strong></span> <span class='ocrx_word' id='word_1_119' title='bbox 1419 1534 1569 1580; x_wconf 85' lang='lat' dir='ltr'><strong>sunt.</strong></span> <span class='ocrx_word' id='word_1_120' title='bbox 1632 1523 1806 1580; x_wconf 82' lang='lat' dir='ltr'><strong>Verba</strong></span> <span class='ocrx_word' id='word_1_121' title='bbox 1866 1535 2046 1580; x_wconf 86' lang='lat' dir='ltr'><strong>tamen</strong></span> 
     </span>
    </p>
   </div>
   <div class='ocr_carea' id='block_1_22' title="bbox 462 1614 2060 1678">
    <p class='ocr_par' dir='ltr' id='par_1_22' title="bbox 462 1614 2060 1678">
     <span class='ocr_line' id='line_1_22' title="bbox 462 1614 2060 1678; baseline -0.001 -6"><span class='ocrx_word' id='word_1_122' title='bbox 462 1620 702 1672; x_wconf 52' lang='lat' dir='ltr'><strong>vidimus</strong></span> <span class='ocrx_word' id='word_1_123' title='bbox 728 1615 1048 1675; x_wconf 85' lang='lat' dir='ltr'><strong>Dominum;</strong></span> <span class='ocrx_word' id='word_1_124' title='bbox 1092 1624 1171 1678; x_wconf 89' lang='lat' dir='ltr'><strong>et,</strong></span> <span class='ocrx_word' id='word_1_125' title='bbox 1229 1631 1346 1667; x_wconf 83' lang='lat' dir='ltr'><strong>cum</strong></span> <span class='ocrx_word' id='word_1_126' title='bbox 1393 1614 1487 1668; x_wconf 82' lang='lat' dir='ltr'><strong>illo</strong></span> <span class='ocrx_word' id='word_1_127' title='bbox 1532 1616 1964 1669; x_wconf 70' lang='lat' dir='ltr'><strong>manducarimus</strong></span> <span class='ocrx_word' id='word_1_128' title='bbox 2000 1632 2060 1670; x_wconf 81' lang='lat' dir='ltr'><strong>ac</strong></span> 
     </span>
    </p>
   </div>
   <div class='ocr_carea' id='block_1_23' title="bbox 477 1703 2058 1774">
    <p class='ocr_par' dir='ltr' id='par_1_23' title="bbox 477 1703 2058 1774">
     <span class='ocr_line' id='line_1_23' title="bbox 477 1703 2058 1774; baseline -0.001 -13"><span class='ocrx_word' id='word_1_129' title='bbox 477 1708 788 1770; x_wconf 80' lang='lat' dir='ltr'><strong>bibimus&quot;,</strong></span> <span class='ocrx_word' id='word_1_130' title='bbox 818 1715 872 1759; x_wconf 89' lang='lat' dir='ltr'><strong>et</strong></span> <span class='ocrx_word' id='word_1_131' title='bbox 919 1719 1260 1774; x_wconf 68' lang='lat' dir='ltr'><strong>quaecunque</strong></span> <span class='ocrx_word' id='word_1_132' title='bbox 1309 1703 1410 1757; x_wconf 89' lang='lat' dir='ltr'><strong>alia</strong></span> <span class='ocrx_word' id='word_1_133' title='bbox 1448 1719 1674 1760; x_wconf 67' lang='lat' dir='ltr'><strong>summa:</strong></span> <span class='ocrx_word' id='word_1_134' title='bbox 1722 1707 2058 1761; x_wconf 90' lang='lat' dir='ltr'><strong>condescen-</strong></span> 
     </span>
    </p>
   </div>
   <div class='ocr_carea' id='block_1_24' title="bbox 477 1793 2056 1864">
    <p class='ocr_par' dir='ltr' id='par_1_24' title="bbox 477 1793 2056 1864">
     <span class='ocr_line' id='line_1_24' title="bbox 477 1793 2056 1864; baseline -0.001 -14"><span class='ocrx_word' id='word_1_135' title='bbox 477 1797 648 1852; x_wconf 81' lang='lat' dir='ltr'><strong>sionis</strong></span> <span class='ocrx_word' id='word_1_136' title='bbox 709 1793 924 1864; x_wconf 88' lang='lat' dir='ltr'><strong>propria</strong></span> <span class='ocrx_word' id='word_1_137' title='bbox 981 1793 1137 1848; x_wconf 86' lang='lat' dir='ltr'><strong>nobis</strong></span> <span class='ocrx_word' id='word_1_138' title='bbox 1183 1801 1310 1846; x_wconf 91' lang='lat' dir='ltr'><strong>sunt</strong></span> <span class='ocrx_word' id='word_1_139' title='bbox 1373 1793 1705 1862; x_wconf 75' lang='lat' dir='ltr'><strong>praedicata,</strong></span> <span class='ocrx_word' id='word_1_140' title='bbox 1747 1809 1868 1848; x_wconf 90' lang='lat' dir='ltr'><strong>cum</strong></span> <span class='ocrx_word' id='word_1_141' title='bbox 1904 1795 2056 1849; x_wconf 86' lang='lat' dir='ltr'><strong>vobis</strong></span> 
     </span>
    </p>
   </div>
   <div class='ocr_carea' id='block_1_25' title="bbox 441 1884 2050 1956">
    <p class='ocr_par' dir='ltr' id='par_1_25' title="bbox 441 1884 2050 1956">
     <span class='ocr_line' id='line_1_25' title="bbox 441 1884 2050 1956; baseline -0.003 -11"><span class='ocrx_word' id='word_1_142' title='bbox 441 1919 454 1926; x_wconf 60' lang='grc' dir='ltr'><strong>ί-</strong></span> <span class='ocrx_word' id='word_1_143' title='bbox 477 1889 795 1950; x_wconf 84' lang='lat' dir='ltr'><strong>recitantur,</strong></span> <span class='ocrx_word' id='word_1_144' title='bbox 822 1884 1010 1940; x_wconf 90' lang='lat' dir='ltr'><strong>audire</strong></span> <span class='ocrx_word' id='word_1_145' title='bbox 1049 1885 1236 1954; x_wconf 89' lang='lat' dir='ltr'><strong>eisque</strong></span> <span class='ocrx_word' id='word_1_146' title='bbox 1261 1885 1488 1939; x_wconf 86' lang='lat' dir='ltr'><strong>credere</strong></span> <span class='ocrx_word' id='word_1_147' title='bbox 1528 1885 1680 1940; x_wconf 89' lang='lat' dir='ltr'><strong>nullo</strong></span> <span class='ocrx_word' id='word_1_148' title='bbox 1715 1888 1875 1940; x_wconf 89' lang='lat' dir='ltr'><strong>modo</strong></span> <span class='ocrx_word' id='word_1_149' title='bbox 1910 1888 2050 1956; x_wconf 83' lang='lat' dir='ltr'><strong>pati-</strong></span> 
     </span>
    </p>
   </div>
   <div class='ocr_carea' id='block_1_26' title="bbox 477 1973 2055 2046">
    <p class='ocr_par' dir='ltr' id='par_1_26' title="bbox 477 1973 2055 2046">
     <span class='ocr_line' id='line_1_26' title="bbox 477 1973 2055 2046; baseline -0.001 -13"><span class='ocrx_word' id='word_1_150' title='bbox 477 1979 635 2044; x_wconf 84' lang='lat' dir='ltr'><strong>mini,</strong></span> <span class='ocrx_word' id='word_1_151' title='bbox 666 1977 760 2032; x_wconf 88' lang='lat' dir='ltr'><strong>sed</strong></span> <span class='ocrx_word' id='word_1_152' title='bbox 791 1977 866 2031; x_wconf 88' lang='lat' dir='ltr'><strong>uti</strong></span> <span class='ocrx_word' id='word_1_153' title='bbox 923 1977 1268 2045; x_wconf 87' lang='lat' dir='ltr'><strong>peregrinam</strong></span> <span class='ocrx_word' id='word_1_154' title='bbox 1323 1976 1694 2046; x_wconf 89' lang='lat' dir='ltr'><strong>absonamque</strong></span> <span class='ocrx_word' id='word_1_155' title='bbox 1741 1973 1929 2032; x_wconf 82' lang='lat' dir='ltr'><strong>voc’em</strong></span> <span class='ocrx_word' id='word_1_156' title='bbox 1966 1991 2055 2032; x_wconf 84' lang='lat' dir='ltr'><strong>re-</strong></span> 
     </span>
    </p>
   </div>
   <div class='ocr_carea' id='block_1_27' title="bbox 461 2055 2054 2140">
    <p class='ocr_par' dir='ltr' id='par_1_27' title="bbox 461 2055 2054 2140">
     <span class='ocr_line' id='line_1_27' title="bbox 461 2055 2054 2140; baseline 0 -15"><span class='ocrx_word' id='word_1_157' title='bbox 461 2055 696 2140; x_wconf 80' lang='lat' dir='ltr'><strong>pellitis.</strong></span> <span class='ocrx_word' id='word_1_158' title='bbox 717 2067 820 2122; x_wconf 88' lang='lat' dir='ltr'><strong>Sed</strong></span> <span class='ocrx_word' id='word_1_159' title='bbox 853 2067 898 2122; x_wconf 92' lang='lat' dir='ltr'><strong>si</strong></span> <span class='ocrx_word' id='word_1_160' title='bbox 927 2066 1051 2121; x_wconf 85' lang='lat' dir='ltr'><strong>licet</strong></span> <span class='ocrx_word' id='word_1_161' title='bbox 1079 2067 1435 2137; x_wconf 85' lang='lat' dir='ltr'><strong>interrogare,</strong></span> <span class='ocrx_word' id='word_1_162' title='bbox 1472 2082 1813 2136; x_wconf 88' lang='lat' dir='ltr'><strong>responsum,</strong></span> <span class='ocrx_word' id='word_1_163' title='bbox 1850 2084 2054 2138; x_wconf 80' lang='lat' dir='ltr'><strong>quaeso,</strong></span> 
     </span>
    </p>
   </div>
   <div class='ocr_carea' id='block_1_28' title="bbox 479 2157 2059 2231">
    <p class='ocr_par' dir='ltr' id='par_1_28' title="bbox 479 2157 2059 2231">
     <span class='ocr_line' id='line_1_28' title="bbox 479 2157 2059 2231; baseline 0.001 -18"><span class='ocrx_word' id='word_1_164' title='bbox 479 2157 969 2214; x_wconf 79' lang='lat' dir='ltr'><strong>reddite.&#39;Ubinam</strong></span> <span class='ocrx_word' id='word_1_165' title='bbox 991 2157 1144 2212; x_wconf 81' lang='lat' dir='ltr'><strong>vobis</strong></span> <span class='ocrx_word' id='word_1_166' title='bbox 1171 2157 1528 2211; x_wconf 87' lang='lat' dir='ltr'><strong>constitutum</strong></span> <span class='ocrx_word' id='word_1_167' title='bbox 1563 2157 1686 2222; x_wconf 91' lang='lat' dir='ltr'><strong>fuit,</strong></span> <span class='ocrx_word' id='word_1_168' title='bbox 1707 2159 1821 2213; x_wconf 82' lang='lat' dir='ltr'><strong>sive</strong></span> <span class='ocrx_word' id='word_1_169' title='bbox 1852 2175 1882 2214; x_wconf 93' lang='lat' dir='ltr'><strong>a</strong></span> <span class='ocrx_word' id='word_1_170' title='bbox 1910 2159 2059 2231; x_wconf 85' lang='lat' dir='ltr'><strong>lega-</strong></span> 
     </span>
    </p>
   </div>
   <div class='ocr_carea' id='block_1_29' title="bbox 453 2244 2052 2316">
    <p class='ocr_par' dir='ltr' id='par_1_29' title="bbox 453 2244 2052 2316">
     <span class='ocr_line' id='line_1_29' title="bbox 453 2244 2052 2316; baseline -0.002 -15"><span class='ocrx_word' id='word_1_171' title='bbox 453 2249 620 2303; x_wconf 89' lang='lat' dir='ltr'><strong>&#39;libus</strong></span> <span class='ocrx_word' id='word_1_172' title='bbox 678 2245 982 2315; x_wconf 67' lang='lat' dir='ltr'><strong>praeceptis,</strong></span> <span class='ocrx_word' id='word_1_173' title='bbox 1038 2244 1154 2298; x_wconf 87' lang='lat' dir='ltr'><strong>sive</strong></span> <span class='ocrx_word' id='word_1_174' title='bbox 1203 2260 1230 2296; x_wconf 87' lang='lat' dir='ltr'><strong>a</strong></span> <span class='ocrx_word' id='word_1_175' title='bbox 1273 2245 1522 2299; x_wconf 89' lang='lat' dir='ltr'><strong>doctrina</strong></span> <span class='ocrx_word' id='word_1_176' title='bbox 1579 2245 1915 2316; x_wconf 89' lang='lat' dir='ltr'><strong>evangelica,</strong></span> <span class='ocrx_word' id='word_1_177' title='bbox 1966 2246 2052 2301; x_wconf 90' lang='lat' dir='ltr'><strong>vel</strong></span> 
     </span>
    </p>
   </div>
   <div class='ocr_carea' id='block_1_30' title="bbox 477 2335 2054 2410">
    <p class='ocr_par' dir='ltr' id='par_1_30' title="bbox 477 2335 2054 2410">
     <span class='ocr_line' id='line_1_30' title="bbox 477 2335 2054 2410; baseline -0.001 -16"><span class='ocrx_word' id='word_1_178' title='bbox 477 2339 774 2410; x_wconf 81' lang='lat' dir='ltr'><strong>apostdlico</strong></span> <span class='ocrx_word' id='word_1_179' title='bbox 815 2335 1151 2406; x_wconf 89' lang='lat' dir='ltr'><strong>magisterio,</strong></span> <span class='ocrx_word' id='word_1_180' title='bbox 1209 2335 1740 2406; x_wconf 88' lang='lat' dir='ltr'><strong>incircumscriptum</strong></span> <span class='ocrx_word' id='word_1_181' title='bbox 1798 2336 2054 2392; x_wconf 88' lang='lat' dir='ltr'><strong>conﬁteri</strong></span> 
     </span>
    </p>
   </div>
   <div class='ocr_carea' id='block_1_31' title="bbox 478 2426 2056 2496">
    <p class='ocr_par' dir='ltr' id='par_1_31' title="bbox 478 2426 2056 2496">
     <span class='ocr_line' id='line_1_31' title="bbox 478 2426 2056 2496; baseline -0.004 -9"><span class='ocrx_word' id='word_1_182' title='bbox 478 2431 780 2496; x_wconf 88' lang='lat' dir='ltr'><strong>Christum,</strong></span> <span class='ocrx_word' id='word_1_183' title='bbox 821 2439 1094 2496; x_wconf 90' lang='lat' dir='ltr'><strong>quatenus</strong></span> <span class='ocrx_word' id='word_1_184' title='bbox 1149 2426 1402 2494; x_wconf 83' lang='lat' dir='ltr'><strong>apparuit</strong></span> <span class='ocrx_word' id='word_1_185' title='bbox 1479 2427 1619 2496; x_wconf 89' lang='lat' dir='ltr'><strong>apud</strong></span> <span class='ocrx_word' id='word_1_186' title='bbox 1681 2441 1782 2482; x_wconf 91' lang='lat' dir='ltr'><strong>nos</strong></span> <span class='ocrx_word' id='word_1_187' title='bbox 1850 2427 2056 2483; x_wconf 77' lang='lat' dir='ltr'><strong>homo?</strong></span> 
     </span>
    </p>
   </div>
   <div class='ocr_carea' id='block_1_32' title="bbox 481 2515 2053 2587">
    <p class='ocr_par' dir='ltr' id='par_1_32' title="bbox 481 2515 2053 2587">
     <span class='ocr_line' id='line_1_32' title="bbox 481 2515 2053 2587; baseline -0.001 -13"><span class='ocrx_word' id='word_1_188' title='bbox 481 2534 660 2587; x_wconf 90' lang='lat' dir='ltr'><strong>neque</strong></span> <span class='ocrx_word' id='word_1_189' title='bbox 693 2531 856 2587; x_wconf 88' lang='lat' dir='ltr'><strong>porro</strong></span> <span class='ocrx_word' id='word_1_190' title='bbox 885 2515 1068 2571; x_wconf 76' lang='lat' dir='ltr'><strong>facere</strong></span> <span class='ocrx_word' id='word_1_191' title='bbox 1100 2515 1388 2585; x_wconf 78' lang='lat' dir='ltr'><strong>imaginem</strong></span> <span class='ocrx_word' id='word_1_192' title='bbox 1418 2515 1539 2586; x_wconf 86' lang='lat' dir='ltr'><strong>ejus</strong></span> <span class='ocrx_word' id='word_1_193' title='bbox 1580 2531 1755 2586; x_wconf 84' lang='lat' dir='ltr'><strong>neque</strong></span> <span class='ocrx_word' id='word_1_194' title='bbox 1780 2518 2053 2585; x_wconf 79' lang='lat' dir='ltr'><strong>venerari,</strong></span> 
     </span>
    </p>
   </div>
   <div class='ocr_carea' id='block_1_33' title="bbox 481 2605 2056 2677">
    <p class='ocr_par' dir='ltr' id='par_1_33' title="bbox 481 2605 2056 2677">
     <span class='ocr_line' id='line_1_33' title="bbox 481 2605 2056 2677; baseline -0.001 -11"><span class='ocrx_word' id='word_1_195' title='bbox 481 2609 644 2666; x_wconf 80' lang='lat' dir='ltr'><strong>sicuti</strong></span> <span class='ocrx_word' id='word_1_196' title='bbox 693 2622 836 2663; x_wconf 92' lang='lat' dir='ltr'><strong>nunc</strong></span> <span class='ocrx_word' id='word_1_197' title='bbox 901 2606 1312 2677; x_wconf 83' lang='lat' dir='ltr'><strong>dogmatizatis?</strong></span> <span class='ocrx_word' id='word_1_198' title='bbox 1364 2605 1620 2663; x_wconf 84' lang='lat' dir='ltr'><strong>Profecto</strong></span> <span class='ocrx_word' id='word_1_199' title='bbox 1677 2608 1731 2662; x_wconf 87' lang='lat' dir='ltr'><strong>id</strong></span> <span class='ocrx_word' id='word_1_200' title='bbox 1784 2608 2056 2664; x_wconf 79' lang='lat' dir='ltr'><strong>afﬁrmare</strong></span> 
     </span>
    </p>
   </div>
   <div class='ocr_carea' id='block_1_34' title="bbox 482 2698 2051 2772">
    <p class='ocr_par' dir='ltr' id='par_1_34' title="bbox 482 2698 2051 2772">
     <span class='ocr_line' id='line_1_34' title="bbox 482 2698 2051 2772; baseline -0.002 -15"><span class='ocrx_word' id='word_1_201' title='bbox 482 2718 590 2757; x_wconf 90' lang='lat' dir='ltr'><strong>non</strong></span> <span class='ocrx_word' id='word_1_202' title='bbox 621 2699 894 2772; x_wconf 90' lang='lat' dir='ltr'><strong>poteritis,</strong></span> <span class='ocrx_word' id='word_1_203' title='bbox 931 2714 1106 2768; x_wconf 75' lang='lat' dir='ltr'><strong>neque</strong></span> <span class='ocrx_word' id='word_1_204' title='bbox 1135 2698 1242 2753; x_wconf 90' lang='lat' dir='ltr'><strong>ullo</strong></span> <span class='ocrx_word' id='word_1_205' title='bbox 1272 2710 1594 2768; x_wconf 87' lang='lat' dir='ltr'><strong>argumento</strong></span> <span class='ocrx_word' id='word_1_206' title='bbox 1649 2701 2051 2767; x_wconf 86' lang='lat' dir='ltr'><strong>demonstrare;</strong></span> 
     </span>
    </p>
   </div>
   <div class='ocr_carea' id='block_1_35' title="bbox 479 2791 2052 2864">
    <p class='ocr_par' dir='ltr' id='par_1_35' title="bbox 479 2791 2052 2864">
     <span class='ocr_line' id='line_1_35' title="bbox 479 2791 2052 2864; baseline -0.002 -15"><span class='ocrx_word' id='word_1_207' title='bbox 479 2796 554 2849; x_wconf 80' lang='lat' dir='ltr'><strong>ita</strong></span> <span class='ocrx_word' id='word_1_208' title='bbox 582 2804 640 2848; x_wconf 90' lang='lat' dir='ltr'><strong>ut</strong></span> <span class='ocrx_word' id='word_1_209' title='bbox 671 2808 791 2864; x_wconf 71' lang='lat' dir='ltr'><strong>qua:</strong></span> <span class='ocrx_word' id='word_1_210' title='bbox 824 2807 921 2847; x_wconf 84' lang='lat' dir='ltr'><strong>vos</strong></span> <span class='ocrx_word' id='word_1_211' title='bbox 967 2791 1167 2861; x_wconf 89' lang='lat' dir='ltr'><strong>premit</strong></span> <span class='ocrx_word' id='word_1_212' title='bbox 1216 2802 1657 2859; x_wconf 88' lang='lat' dir='ltr'><strong>argumentorum</strong></span> <span class='ocrx_word' id='word_1_213' title='bbox 1711 2792 1960 2860; x_wconf 84' lang='lat' dir='ltr'><strong>penuria,</strong></span> <span class='ocrx_word' id='word_1_214' title='bbox 1998 2791 2052 2845; x_wconf 91' lang='lat' dir='ltr'><strong>in</strong></span> 
     </span>
    </p>
   </div>
   <div class='ocr_carea' id='block_1_36' title="bbox 477 2879 2054 2953">
    <p class='ocr_par' dir='ltr' id='par_1_36' title="bbox 477 2879 2054 2953">
     <span class='ocr_line' id='line_1_36' title="bbox 477 2879 2054 2953; baseline -0.002 -15"><span class='ocrx_word' id='word_1_215' title='bbox 477 2884 719 2940; x_wconf 68' lang='lat' dir='ltr'><strong>victoriae</strong></span> <span class='ocrx_word' id='word_1_216' title='bbox 750 2893 951 2938; x_wconf 74' lang='lat' dir='ltr'><strong>nostra:</strong></span> <span class='ocrx_word' id='word_1_217' title='bbox 1003 2880 1394 2934; x_wconf 88' lang='lat' dir='ltr'><strong>abundantiam</strong></span> <span class='ocrx_word' id='word_1_218' title='bbox 1433 2882 1611 2936; x_wconf 86' lang='lat' dir='ltr'><strong>cedat.</strong></span> <span class='ocrx_word' id='word_1_219' title='bbox 1664 2879 1890 2936; x_wconf 89' lang='lat' dir='ltr'><strong>Etiamsi</strong></span> <span class='ocrx_word' id='word_1_220' title='bbox 1923 2897 2054 2953; x_wconf 89' lang='lat' dir='ltr'><strong>ergo</strong></span> 
     </span>
    </p>
   </div>
   <div class='ocr_carea' id='block_1_37' title="bbox 488 2967 2056 3038">
    <p class='ocr_par' dir='ltr' id='par_1_37' title="bbox 488 2967 2056 3038">
     <span class='ocr_line' id='line_1_37' title="bbox 488 2967 2056 3038; baseline 0.001 -15"><span class='ocrx_word' id='word_1_221' title='bbox 488 2972 645 3028; x_wconf 82' lang='lat' dir='ltr'><strong>vobis</strong></span> <span class='ocrx_word' id='word_1_222' title='bbox 679 2986 784 3024; x_wconf 87' lang='lat' dir='ltr'><strong>non</strong></span> <span class='ocrx_word' id='word_1_223' title='bbox 815 2976 1095 3024; x_wconf 90' lang='lat' dir='ltr'><strong>constaret</strong></span> <span class='ocrx_word' id='word_1_224' title='bbox 1129 2967 1410 3022; x_wconf 68' lang='lat' dir='ltr'><strong>catholicae</strong></span> <span class='ocrx_word' id='word_1_225' title='bbox 1440 2977 1495 3022; x_wconf 92' lang='lat' dir='ltr'><strong>et</strong></span> <span class='ocrx_word' id='word_1_226' title='bbox 1528 2969 1836 3038; x_wconf 83' lang='lat' dir='ltr'><strong>apostolicae</strong></span> <span class='ocrx_word' id='word_1_227' title='bbox 1871 2969 2056 3025; x_wconf 82' lang='lat' dir='ltr'><strong>Eccle-</strong></span> 
     </span>
    </p>
   </div>
   <div class='ocr_carea' id='block_1_38' title="bbox 2224 970 3733 1047">
    <p class='ocr_par' dir='ltr' id='par_1_38' title="bbox 2224 970 3733 1047">
     <span class='ocr_line' id='line_1_38' title="bbox 2224 970 3733 1047; baseline -0.003 -18"><span class='ocrx_word' id='word_1_228' title='bbox 2224 973 2589 1047; x_wconf 71' lang='grc' dir='ltr'>Χριστιανοὺς</span> <span class='ocrx_word' id='word_1_229' title='bbox 2621 972 2752 1040; x_wconf 86' lang='grc' dir='ltr'>γοῦν</span> <span class='ocrx_word' id='word_1_230' title='bbox 2796 970 2973 1024; x_wconf 89' lang='grc' dir='ltr'>ταῦτα</span> <span class='ocrx_word' id='word_1_231' title='bbox 3003 970 3216 1032; x_wconf 77' lang='grc' dir='ltr'><strong>εἰδότας</strong></span> <span class='ocrx_word' id='word_1_232' title='bbox 3236 1011 3252 1036; x_wconf 90' lang='grc'><strong>,</strong></span> <span class='ocrx_word' id='word_1_233' title='bbox 3289 970 3640 1041; x_wconf 69' lang='grc' dir='ltr'>ἐρρωμένους</span> <span class='ocrx_word' id='word_1_234' title='bbox 3670 990 3733 1024; x_wconf 83' lang='grc' dir='ltr'><strong>τε</strong></span> 
     </span>
    </p>
   </div>
   <div class='ocr_carea' id='block_1_39' title="bbox 2153 1061 3740 1137">
    <p class='ocr_par' dir='ltr' id='par_1_39' title="bbox 2153 1061 3740 1137">
     <span class='ocr_line' id='line_1_39' title="bbox 2153 1061 3740 1137; baseline -0.004 -17"><span class='ocrx_word' id='word_1_235' title='bbox 2153 1069 2282 1137; x_wconf 72' lang='grc' dir='ltr'>περὶ</span> <span class='ocrx_word' id='word_1_236' title='bbox 2308 1067 2375 1119; x_wconf 72' lang='grc' dir='ltr'>τὰ</span> <span class='ocrx_word' id='word_1_237' title='bbox 2405 1065 2546 1128; x_wconf 81' lang='grc' dir='ltr'>θεῖα,</span> <span class='ocrx_word' id='word_1_238' title='bbox 2583 1064 2678 1116; x_wconf 79' lang='grc' dir='ltr'>καὶ</span> <span class='ocrx_word' id='word_1_239' title='bbox 2704 1064 2834 1131; x_wconf 81' lang='grc' dir='ltr'>ὑγιᾶ</span> <span class='ocrx_word' id='word_1_240' title='bbox 2863 1061 2963 1132; x_wconf 80' lang='grc' dir='ltr'>τὴν</span> <span class='ocrx_word' id='word_1_241' title='bbox 2985 1061 3242 1131; x_wconf 79' lang='grc' dir='ltr'><strong>διάληψιν</strong></span> <span class='ocrx_word' id='word_1_242' title='bbox 3274 1063 3405 1132; x_wconf 72' lang='grc' dir='ltr'>περὶ</span> <span class='ocrx_word' id='word_1_243' title='bbox 3433 1062 3532 1134; x_wconf 75' lang='grc' dir='ltr'>τὴν</span> <span class='ocrx_word' id='word_1_244' title='bbox 3562 1064 3740 1135; x_wconf 73' lang='grc' dir='ltr'>ἀπόρ-</span> 
     </span>
    </p>
   </div>
   <div class='ocr_carea' id='block_1_40' title="bbox 2155 1153 3733 1229">
    <p class='ocr_par' dir='ltr' id='par_1_40' title="bbox 2155 1153 3733 1229">
     <span class='ocr_line' id='line_1_40' title="bbox 2155 1153 3733 1229; baseline -0.002 -20"><span class='ocrx_word' id='word_1_245' title='bbox 2155 1161 2317 1229; x_wconf 73' lang='grc' dir='ltr'>ῥητον</span> <span class='ocrx_word' id='word_1_246' title='bbox 2347 1157 2441 1208; x_wconf 81' lang='grc' dir='ltr'><strong>καὶ</strong></span> <span class='ocrx_word' id='word_1_247' title='bbox 2477 1155 2854 1225; x_wconf 85' lang='grc' dir='ltr'>ἀνέκφραστον</span> <span class='ocrx_word' id='word_1_248' title='bbox 2889 1153 3053 1223; x_wconf 85' lang='grc' dir='ltr'>φύσιν</span> <span class='ocrx_word' id='word_1_249' title='bbox 3092 1153 3494 1224; x_wconf 79' lang='grc' dir='ltr'><strong>κεκτημένους,</strong></span> <span class='ocrx_word' id='word_1_250' title='bbox 3535 1171 3733 1222; x_wconf 80' lang='grc' dir='ltr'>μαινο-</span> 
     </span>
    </p>
   </div>
   <div class='ocr_carea' id='block_1_41' title="bbox 2155 1243 3740 1320">
    <p class='ocr_par' dir='ltr' id='par_1_41' title="bbox 2155 1243 3740 1320">
     <span class='ocr_line' id='line_1_41' title="bbox 2155 1243 3740 1320; baseline -0.003 -19"><span class='ocrx_word' id='word_1_251' title='bbox 2155 1251 2334 1320; x_wconf 86' lang='grc' dir='ltr'>μένων</span> <span class='ocrx_word' id='word_1_252' title='bbox 2355 1248 2504 1304; x_wconf 69' lang='grc' dir='ltr'>ὲστίν</span> <span class='ocrx_word' id='word_1_253' title='bbox 2525 1247 2810 1316; x_wconf 87' lang='grc' dir='ltr'>εἰκόνισμα</span> <span class='ocrx_word' id='word_1_254' title='bbox 2831 1245 2982 1306; x_wconf 81' lang='grc' dir='ltr'>θείας</span> <span class='ocrx_word' id='word_1_255' title='bbox 3005 1243 3224 1314; x_wconf 87' lang='grc' dir='ltr'>φύσεως</span> <span class='ocrx_word' id='word_1_256' title='bbox 3244 1243 3579 1314; x_wconf 74' lang='grc' dir='ltr'>γράφεσθαιο</span> <span class='ocrx_word' id='word_1_257' title='bbox 3606 1245 3740 1314; x_wconf 81' lang='grc' dir='ltr'>ὑμῖν</span> 
     </span>
    </p>
   </div>
   <div class='ocr_carea' id='block_1_42' title="bbox 2158 1335 3739 1411">
    <p class='ocr_par' dir='ltr' id='par_1_42' title="bbox 2158 1335 3739 1411">
     <span class='ocr_line' id='line_1_42' title="bbox 2158 1335 3739 1411; baseline -0.003 -18"><span class='ocrx_word' id='word_1_258' title='bbox 2158 1341 2256 1411; x_wconf 79' lang='grc' dir='ltr'>μὲν</span> <span class='ocrx_word' id='word_1_259' title='bbox 2278 1336 2370 1393; x_wconf 83' lang='grc' dir='ltr'>οὖν</span> <span class='ocrx_word' id='word_1_260' title='bbox 2399 1341 2511 1402; x_wconf 85' lang='grc' dir='ltr'>τοῖς</span> <span class='ocrx_word' id='word_1_261' title='bbox 2542 1339 2643 1406; x_wconf 78' lang='grc' dir='ltr'>τῆς</span> <span class='ocrx_word' id='word_1_262' title='bbox 2677 1337 2934 1400; x_wconf 83' lang='grc' dir='ltr'><strong>ἀπιστίας</strong></span> <span class='ocrx_word' id='word_1_263' title='bbox 2959 1335 3053 1389; x_wconf 73' lang='grc' dir='ltr'>καὶ</span> <span class='ocrx_word' id='word_1_264' title='bbox 3082 1337 3176 1389; x_wconf 85' lang='grc' dir='ltr'><strong>τοῦ</strong></span> <span class='ocrx_word' id='word_1_265' title='bbox 3221 1337 3353 1389; x_wconf 83' lang='grc' dir='ltr'>’νέου</span> <span class='ocrx_word' id='word_1_266' title='bbox 3398 1335 3739 1407; x_wconf 84' lang='grc' dir='ltr'>Ἰουδαῖσμοῦ</span> 
     </span>
    </p>
   </div>
   <div class='ocr_carea' id='block_1_43' title="bbox 2155 1428 3742 1499">
    <p class='ocr_par' dir='ltr' id='par_1_43' title="bbox 2155 1428 3742 1499">
     <span class='ocr_line' id='line_1_43' title="bbox 2155 1428 3742 1499; baseline -0.001 -16"><span class='ocrx_word' id='word_1_267' title='bbox 2155 1431 2530 1492; x_wconf 77' lang='grc' dir='ltr'>ὑπασπισταῖς</span> <span class='ocrx_word' id='word_1_268' title='bbox 2547 1429 2606 1481; x_wconf 82' lang='grc' dir='ltr'><strong>τὸ</strong></span> <span class='ocrx_word' id='word_1_269' title='bbox 2625 1429 2748 1499; x_wconf 78' lang='grc' dir='ltr'>μὲν,</span> <span class='ocrx_word' id='word_1_270' title='bbox 2770 1428 2918 1482; x_wconf 84' lang='grc' dir='ltr'>Θεὸν</span> <span class='ocrx_word' id='word_1_271' title='bbox 2931 1428 3130 1494; x_wconf 74' lang='grc' dir='ltr'>οὐδεὶς</span> <span class='ocrx_word' id='word_1_272' title='bbox 3145 1429 3364 1497; x_wconf 74' lang='grc' dir='ltr'>ἑώρακε</span> <span class='ocrx_word' id='word_1_273' title='bbox 3379 1429 3638 1494; x_wconf 72' lang='grc' dir='ltr'>πώποτε,</span> <span class='ocrx_word' id='word_1_274' title='bbox 3651 1430 3742 1482; x_wconf 71' lang='grc' dir='ltr'>διὰ</span> 
     </span>
    </p>
   </div>
   <div class='ocr_carea' id='block_1_44' title="bbox 2155 1520 3741 1591">
    <p class='ocr_par' dir='ltr' id='par_1_44' title="bbox 2155 1520 3741 1591">
     <span class='ocr_line' id='line_1_44' title="bbox 2155 1520 3741 1591; baseline 0.002 -21"><span class='ocrx_word' id='word_1_275' title='bbox 2155 1520 2407 1591; x_wconf 80' lang='grc' dir='ltr'>γλώσσης</span> <span class='ocrx_word' id='word_1_276' title='bbox 2431 1522 2523 1574; x_wconf 73' lang='grc' dir='ltr'>καὶ</span> <span class='ocrx_word' id='word_1_277' title='bbox 2543 1521 2999 1591; x_wconf 61' lang='grc' dir='ltr'>προχειρότατον</span> <span class='ocrx_word' id='word_1_278' title='bbox 3035 1521 3094 1572; x_wconf 70' lang='grc' dir='ltr'><strong>τό</strong></span> <span class='ocrx_word' id='word_1_279' title='bbox 3123 1520 3200 1584; x_wconf 83' lang='grc' dir='ltr'>δὲ,</span> <span class='ocrx_word' id='word_1_280' title='bbox 3219 1520 3598 1590; x_wconf 80' lang='grc' dir='ltr'><strong>Ἑωράκαμεν</strong></span> <span class='ocrx_word' id='word_1_281' title='bbox 3628 1522 3741 1575; x_wconf 67' lang='grc' dir='ltr'>τᾶν</span> 
     </span>
    </p>
   </div>
   <div class='ocr_carea' id='block_1_45' title="bbox 2168 1611 3745 1681">
    <p class='ocr_par' dir='ltr' id='par_1_45' title="bbox 2168 1611 3745 1681">
     <span class='ocr_line' id='line_1_45' title="bbox 2168 1611 3745 1681; baseline -0.001 -15"><span class='ocrx_word' id='word_1_282' title='bbox 2168 1614 2411 1681; x_wconf 78' lang='grc' dir='ltr'><strong>Κύριον,</strong></span> <span class='ocrx_word' id='word_1_283' title='bbox 2454 1613 2550 1664; x_wconf 70' lang='grc' dir='ltr'><strong>καὶ</strong></span> <span class='ocrx_word' id='word_1_284' title='bbox 2598 1611 2684 1664; x_wconf 86' lang='grc' dir='ltr'>ὅτι</span> <span class='ocrx_word' id='word_1_285' title='bbox 2745 1611 3167 1680; x_wconf 70' lang='grc' dir='ltr'><strong>συνεφάγομεν</strong></span> <span class='ocrx_word' id='word_1_286' title='bbox 3216 1612 3312 1664; x_wconf 80' lang='grc' dir='ltr'><strong>καί</strong></span> <span class='ocrx_word' id='word_1_287' title='bbox 3367 1612 3745 1680; x_wconf 76' lang='grc' dir='ltr'>συνεπίομεν</span> 
     </span>
    </p>
   </div>
   <div class='ocr_carea' id='block_1_46' title="bbox 2167 1699 3742 1770">
    <p class='ocr_par' dir='ltr' id='par_1_46' title="bbox 2167 1699 3742 1770">
     <span class='ocr_line' id='line_1_46' title="bbox 2167 1699 3742 1770; baseline -0.001 -16"><span class='ocrx_word' id='word_1_288' title='bbox 2167 1701 2353 1767; x_wconf 84' lang='grc' dir='ltr'>αὐτῷ,</span> <span class='ocrx_word' id='word_1_289' title='bbox 2407 1702 2503 1755; x_wconf 77' lang='grc' dir='ltr'>καὶ</span> <span class='ocrx_word' id='word_1_290' title='bbox 2552 1701 2724 1754; x_wconf 83' lang='grc' dir='ltr'>τᾶλλα</span> <span class='ocrx_word' id='word_1_291' title='bbox 2773 1702 2875 1753; x_wconf 81' lang='grc' dir='ltr'>ὅσα</span> <span class='ocrx_word' id='word_1_292' title='bbox 2907 1700 3008 1768; x_wconf 76' lang='grc' dir='ltr'><strong>τῆς</strong></span> <span class='ocrx_word' id='word_1_293' title='bbox 3041 1701 3214 1770; x_wconf 82' lang='grc' dir='ltr'>ἄκρας</span> <span class='ocrx_word' id='word_1_294' title='bbox 3271 1699 3742 1766; x_wconf 81' lang='grc' dir='ltr'>συγκαταϐἀσεως</span> 
     </span>
    </p>
   </div>
   <div class='ocr_carea' id='block_1_47' title="bbox 2158 1790 3732 1863">
    <p class='ocr_par' dir='ltr' id='par_1_47' title="bbox 2158 1790 3732 1863">
     <span class='ocr_line' id='line_1_47' title="bbox 2158 1790 3732 1863; baseline -0.003 -17"><span class='ocrx_word' id='word_1_295' title='bbox 2158 1795 2290 1863; x_wconf 80' lang='grc' dir='ltr'>ἡμῖν</span> <span class='ocrx_word' id='word_1_296' title='bbox 2334 1793 2711 1863; x_wconf 81' lang='grc' dir='ltr'>κεκήρυκται,</span> <span class='ocrx_word' id='word_1_297' title='bbox 2765 1792 3031 1858; x_wconf 86' lang='grc' dir='ltr'>λεγόντων</span> <span class='ocrx_word' id='word_1_298' title='bbox 3083 1790 3304 1844; x_wconf 82' lang='grc' dir='ltr'>ἀκούειν</span> <span class='ocrx_word' id='word_1_299' title='bbox 3351 1790 3732 1860; x_wconf 82' lang='grc' dir='ltr'>ἢπιστεύειν,</span> 
     </span>
    </p>
   </div>
   <div class='ocr_carea' id='block_1_48' title="bbox 2156 1882 3742 1953">
    <p class='ocr_par' dir='ltr' id='par_1_48' title="bbox 2156 1882 3742 1953">
     <span class='ocr_line' id='line_1_48' title="bbox 2156 1882 3742 1953; baseline -0.003 -14"><span class='ocrx_word' id='word_1_300' title='bbox 2156 1885 2266 1939; x_wconf 80' lang='grc' dir='ltr'>οὐδ’</span> <span class='ocrx_word' id='word_1_301' title='bbox 2313 1883 2563 1937; x_wconf 77' lang='grc' dir='ltr'>ὁπωσοῦν</span> <span class='ocrx_word' id='word_1_302' title='bbox 2606 1882 2898 1953; x_wconf 84' lang='grc' dir='ltr'>ἀνέχεσθε,</span> <span class='ocrx_word' id='word_1_303' title='bbox 2932 1883 3008 1945; x_wconf 82' lang='grc' dir='ltr'>ὡς</span> <span class='ocrx_word' id='word_1_304' title='bbox 3040 1882 3332 1950; x_wconf 76' lang='grc' dir='ltr'>ἀλλοτρίαν</span> <span class='ocrx_word' id='word_1_305' title='bbox 3378 1883 3432 1935; x_wconf 80' lang='grc' dir='ltr'>δὲ</span> <span class='ocrx_word' id='word_1_306' title='bbox 3488 1885 3584 1936; x_wconf 82' lang='grc' dir='ltr'><strong>καὶ</strong></span> <span class='ocrx_word' id='word_1_307' title='bbox 3629 1886 3742 1936; x_wconf 82' lang='grc' dir='ltr'>ἀπ-</span> 
     </span>
    </p>
   </div>
   <div class='ocr_carea' id='block_1_49' title="bbox 2158 1972 3742 2047">
    <p class='ocr_par' dir='ltr' id='par_1_49' title="bbox 2158 1972 3742 2047">
     <span class='ocr_line' id='line_1_49' title="bbox 2158 1972 3742 2047; baseline 0 -20"><span class='ocrx_word' id='word_1_308' title='bbox 2158 1976 2473 2047; x_wconf 87' lang='grc' dir='ltr'>ηχεστάτην</span> <span class='ocrx_word' id='word_1_309' title='bbox 2490 1977 2619 2045; x_wconf 87' lang='grc' dir='ltr'>ὑμῖν</span> <span class='ocrx_word' id='word_1_310' title='bbox 2634 1975 2733 2046; x_wconf 79' lang='grc' dir='ltr'>τὴν</span> <span class='ocrx_word' id='word_1_311' title='bbox 2756 1975 2939 2045; x_wconf 84' lang='grc' dir='ltr'>φωνὴν</span> <span class='ocrx_word' id='word_1_312' title='bbox 2957 1972 3341 2027; x_wconf 89' lang='grc' dir='ltr'>ἀπαναίνεσθε·</span> <span class='ocrx_word' id='word_1_313' title='bbox 3367 1975 3478 2026; x_wconf 80' lang='grc' dir='ltr'>ἀλλ’</span> <span class='ocrx_word' id='word_1_314' title='bbox 3491 1975 3540 2026; x_wconf 86' lang='grc' dir='ltr'><strong>εἰ</strong></span> <span class='ocrx_word' id='word_1_315' title='bbox 3561 1973 3742 2040; x_wconf 79' lang='grc' dir='ltr'>ἔξεστι</span> 
     </span>
    </p>
   </div>
   <div class='ocr_carea' id='block_1_50' title="bbox 2157 2063 3742 2136">
    <p class='ocr_par' dir='ltr' id='par_1_50' title="bbox 2157 2063 3742 2136">
     <span class='ocr_line' id='line_1_50' title="bbox 2157 2063 3742 2136; baseline -0.003 -16"><span class='ocrx_word' id='word_1_316' title='bbox 2157 2067 2427 2120; x_wconf 87' lang='grc' dir='ltr'>πυθέσθαι</span> <span class='ocrx_word' id='word_1_317' title='bbox 2471 2067 2565 2120; x_wconf 64' lang='grc' dir='ltr'>καὶ</span> <span class='ocrx_word' id='word_1_318' title='bbox 2603 2067 2786 2136; x_wconf 79' lang='grc' dir='ltr'>ἡμᾶς,</span> <span class='ocrx_word' id='word_1_319' title='bbox 2848 2063 3255 2135; x_wconf 75' lang='grc' dir='ltr'>ἀποκρίνασθεο</span> <span class='ocrx_word' id='word_1_320' title='bbox 3313 2064 3417 2117; x_wconf 91' lang='grc' dir='ltr'><strong>ποῦ</strong></span> <span class='ocrx_word' id='word_1_321' title='bbox 3453 2066 3583 2134; x_wconf 82' lang='grc' dir='ltr'>ὑμῖν</span> <span class='ocrx_word' id='word_1_322' title='bbox 3642 2066 3742 2117; x_wconf 71' lang='grc' dir='ltr'>καὶ</span> 
     </span>
    </p>
   </div>
   <div class='ocr_carea' id='block_1_51' title="bbox 2157 2155 3742 2228">
    <p class='ocr_par' dir='ltr' id='par_1_51' title="bbox 2157 2155 3742 2228">
     <span class='ocr_line' id='line_1_51' title="bbox 2157 2155 3742 2228; baseline -0.002 -15"><span class='ocrx_word' id='word_1_323' title='bbox 2157 2159 2322 2213; x_wconf 89' lang='grc' dir='ltr'>πόθεν</span> <span class='ocrx_word' id='word_1_324' title='bbox 2351 2157 2804 2228; x_wconf 73' lang='grc' dir='ltr'>νενομοθέτηται,</span> <span class='ocrx_word' id='word_1_325' title='bbox 2834 2156 2898 2208; x_wconf 73' lang='grc' dir='ltr'>ἐκ</span> <span class='ocrx_word' id='word_1_326' title='bbox 2923 2173 2983 2209; x_wconf 82' lang='grc' dir='ltr'><strong>τε</strong></span> <span class='ocrx_word' id='word_1_327' title='bbox 3015 2155 3258 2226; x_wconf 84' lang='grc' dir='ltr'>νομικῶν</span> <span class='ocrx_word' id='word_1_328' title='bbox 3315 2156 3690 2224; x_wconf 82' lang='grc' dir='ltr'>θεσπισμάτω</span> <span class='ocrx_word' id='word_1_329' title='bbox 3725 2199 3742 2224; x_wconf 19' lang='grc' dir='ltr'><strong>ν.</strong></span> 
     </span>
    </p>
   </div>
   <div class='ocr_carea' id='block_1_52' title="bbox 2157 2247 3740 2320">
    <p class='ocr_par' dir='ltr' id='par_1_52' title="bbox 2157 2247 3740 2320">
     <span class='ocr_line' id='line_1_52' title="bbox 2157 2247 3740 2320; baseline -0.003 -15"><span class='ocrx_word' id='word_1_330' title='bbox 2157 2251 2536 2320; x_wconf 84' lang='grc' dir='ltr'>εύαγγελικῶν</span> <span class='ocrx_word' id='word_1_331' title='bbox 2571 2267 2630 2303; x_wconf 90' lang='grc' dir='ltr'><strong>τε</strong></span> <span class='ocrx_word' id='word_1_332' title='bbox 2670 2249 3069 2320; x_wconf 82' lang='grc' dir='ltr'><strong>κηρυγμάτων,</strong></span> <span class='ocrx_word' id='word_1_333' title='bbox 3102 2249 3135 2318; x_wconf 78' lang='grc' dir='ltr'><strong>ἢ</strong></span> <span class='ocrx_word' id='word_1_334' title='bbox 3171 2247 3549 2301; x_wconf 73' lang='grc' dir='ltr'>ἀποπολικῶν</span> <span class='ocrx_word' id='word_1_335' title='bbox 3586 2249 3740 2301; x_wconf 83' lang='grc' dir='ltr'>διδα-</span> 
     </span>
    </p>
   </div>
   <div class='ocr_carea' id='block_1_53' title="bbox 2157 2339 3743 2415">
    <p class='ocr_par' dir='ltr' id='par_1_53' title="bbox 2157 2339 3743 2415">
     <span class='ocr_line' id='line_1_53' title="bbox 2157 2339 3743 2415; baseline -0.003 -17"><span class='ocrx_word' id='word_1_336' title='bbox 2157 2345 2406 2415; x_wconf 87' lang='grc' dir='ltr'>γμάτων,</span> <span class='ocrx_word' id='word_1_337' title='bbox 2435 2341 2851 2413; x_wconf 83' lang='grc' dir='ltr'>ἀπερίγραπτον</span> <span class='ocrx_word' id='word_1_338' title='bbox 2873 2340 3160 2410; x_wconf 79' lang='grc' dir='ltr'>ὁμολογεῖν</span> <span class='ocrx_word' id='word_1_339' title='bbox 3185 2339 3277 2392; x_wconf 73' lang='grc' dir='ltr'><strong>τὸν</strong></span> <span class='ocrx_word' id='word_1_340' title='bbox 3303 2341 3565 2409; x_wconf 69' lang='grc' dir='ltr'>Χριστὸν,</span> <span class='ocrx_word' id='word_1_341' title='bbox 3599 2341 3743 2394; x_wconf 84' lang='grc' dir='ltr'>καθὸ</span> 
     </span>
    </p>
   </div>
   <div class='ocr_carea' id='block_1_54' title="bbox 2157 2430 3742 2505">
    <p class='ocr_par' dir='ltr' id='par_1_54' title="bbox 2157 2430 3742 2505">
     <span class='ocr_line' id='line_1_54' title="bbox 2157 2430 3742 2505; baseline -0.002 -18"><span class='ocrx_word' id='word_1_342' title='bbox 2157 2434 2544 2505; x_wconf 80' lang='grc' dir='ltr'>πεφανέρωται</span> <span class='ocrx_word' id='word_1_343' title='bbox 2563 2432 2685 2486; x_wconf 83' lang='grc' dir='ltr'>καθ’</span> <span class='ocrx_word' id='word_1_344' title='bbox 2704 2432 2849 2502; x_wconf 80' lang='grc' dir='ltr'>ἡμᾶς</span> <span class='ocrx_word' id='word_1_345' title='bbox 2867 2430 3184 2501; x_wconf 78' lang='grc' dir='ltr'>ἀνθρωποςς</span> <span class='ocrx_word' id='word_1_346' title='bbox 3209 2431 3351 2500; x_wconf 83' lang='grc' dir='ltr'>μήτε</span> <span class='ocrx_word' id='word_1_347' title='bbox 3376 2434 3570 2496; x_wconf 85' lang='grc' dir='ltr'>ποιεῖν,</span> <span class='ocrx_word' id='word_1_348' title='bbox 3597 2434 3742 2502; x_wconf 77' lang='grc' dir='ltr'>μήτε</span> 
     </span>
    </p>
   </div>
   <div class='ocr_carea' id='block_1_55' title="bbox 2160 2519 3742 2598">
    <p class='ocr_par' dir='ltr' id='par_1_55' title="bbox 2160 2519 3742 2598">
     <span class='ocr_line' id='line_1_55' title="bbox 2160 2519 3742 2598; baseline -0.002 -21"><span class='ocrx_word' id='word_1_349' title='bbox 2160 2527 2270 2598; x_wconf 78' lang='grc' dir='ltr'>μὴν</span> <span class='ocrx_word' id='word_1_350' title='bbox 2303 2525 2598 2596; x_wconf 83' lang='grc' dir='ltr'>γινομένην</span> <span class='ocrx_word' id='word_1_351' title='bbox 2642 2523 2828 2576; x_wconf 88' lang='grc' dir='ltr'>εἰκόνα</span> <span class='ocrx_word' id='word_1_352' title='bbox 2868 2519 3034 2575; x_wconf 68' lang='grc' dir='ltr'>αὐτοῦ</span> <span class='ocrx_word' id='word_1_353' title='bbox 3085 2523 3435 2592; x_wconf 88' lang='grc' dir='ltr'>προσκυνεῖν,</span> <span class='ocrx_word' id='word_1_354' title='bbox 3481 2521 3742 2589; x_wconf 85' lang='grc' dir='ltr'>καθάπερ</span> 
     </span>
    </p>
   </div>
   <div class='ocr_carea' id='block_1_56' title="bbox 2157 2612 3737 2686">
    <p class='ocr_par' dir='ltr' id='par_1_56' title="bbox 2157 2612 3737 2686">
     <span class='ocr_line' id='line_1_56' title="bbox 2157 2612 3737 2686; baseline -0.003 -16"><span class='ocrx_word' id='word_1_355' title='bbox 2157 2617 2253 2670; x_wconf 89' lang='grc' dir='ltr'><strong>νῦν</strong></span> <span class='ocrx_word' id='word_1_356' title='bbox 2277 2616 2666 2686; x_wconf 68' lang='grc' dir='ltr'>δογματίζει-τες</span> <span class='ocrx_word' id='word_1_357' title='bbox 2702 2613 2839 2668; x_wconf 84' lang='grc' dir='ltr'><strong>ἀλλά</strong></span> <span class='ocrx_word' id='word_1_358' title='bbox 2875 2612 3035 2665; x_wconf 90' lang='grc' dir='ltr'>τοῦτο</span> <span class='ocrx_word' id='word_1_359' title='bbox 3079 2613 3182 2665; x_wconf 79' lang='grc' dir='ltr'>οὐκ</span> <span class='ocrx_word' id='word_1_360' title='bbox 3219 2612 3285 2666; x_wconf 84' lang='grc' dir='ltr'>ἂν</span> <span class='ocrx_word' id='word_1_361' title='bbox 3314 2613 3493 2666; x_wconf 83' lang='grc' dir='ltr'>εἰπεῖν</span> <span class='ocrx_word' id='word_1_362' title='bbox 3527 2613 3702 2681; x_wconf 78' lang='grc' dir='ltr'>ἔχοιτε</span> <span class='ocrx_word' id='word_1_363' title='bbox 3723 2633 3737 2643; x_wconf 91' lang='grc'><strong>·</strong></span> 
     </span>
    </p>
   </div>
   <div class='ocr_carea' id='block_1_57' title="bbox 2155 2701 3743 2777">
    <p class='ocr_par' dir='ltr' id='par_1_57' title="bbox 2155 2701 3743 2777">
     <span class='ocr_line' id='line_1_57' title="bbox 2155 2701 3743 2777; baseline -0.005 -15"><span class='ocrx_word' id='word_1_364' title='bbox 2155 2707 2394 2777; x_wconf 78' lang='grc' dir='ltr'>οὐδαμοῦ</span> <span class='ocrx_word' id='word_1_365' title='bbox 2427 2706 2536 2774; x_wconf 77' lang='grc' dir='ltr'><strong>γάρ</strong></span> <span class='ocrx_word' id='word_1_366' title='bbox 2565 2706 2694 2775; x_wconf 85' lang='grc' dir='ltr'>ὑμῖν</span> <span class='ocrx_word' id='word_1_367' title='bbox 2743 2701 2980 2758; x_wconf 79' lang='grc' dir='ltr'>ἐνταῦθα</span> <span class='ocrx_word' id='word_1_368' title='bbox 3011 2701 3360 2772; x_wconf 76' lang='grc' dir='ltr'>δειχθήσεται</span> <span class='ocrx_word' id='word_1_369' title='bbox 3385 2718 3397 2732; x_wconf 87' lang='lat'><strong>&#39;</strong></span> <span class='ocrx_word' id='word_1_370' title='bbox 3451 2702 3591 2756; x_wconf 82' lang='grc' dir='ltr'>ὥστε</span> <span class='ocrx_word' id='word_1_371' title='bbox 3638 2704 3743 2773; x_wconf 72' lang='grc' dir='ltr'>τὴν</span> 
     </span>
    </p>
   </div>
   <div class='ocr_carea' id='block_1_58' title="bbox 2157 2791 3742 2868">
    <p class='ocr_par' dir='ltr' id='par_1_58' title="bbox 2157 2791 3742 2868">
     <span class='ocr_line' id='line_1_58' title="bbox 2157 2791 3742 2868; baseline -0.004 -16"><span class='ocrx_word' id='word_1_372' title='bbox 2157 2797 2669 2868; x_wconf 77' lang='grc' dir='ltr'>περιστοιχίζουσαν</span> <span class='ocrx_word' id='word_1_373' title='bbox 2712 2794 2856 2863; x_wconf 80' lang='grc' dir='ltr'>ὑμᾶς</span> <span class='ocrx_word' id='word_1_374' title='bbox 2909 2792 3167 2862; x_wconf 86' lang='grc' dir='ltr'>ἀπορίαν,</span> <span class='ocrx_word' id='word_1_375' title='bbox 3215 2791 3316 2862; x_wconf 85' lang='grc' dir='ltr'>τῆς</span> <span class='ocrx_word' id='word_1_376' title='bbox 3343 2795 3623 2863; x_wconf 79' lang='grc' dir='ltr'>ἡμετέρας</span> <span class='ocrx_word' id='word_1_377' title='bbox 3654 2795 3742 2845; x_wconf 73' lang='lat' dir='ltr'><strong>vi-</strong></span> 
     </span>
    </p>
   </div>
   <div class='ocr_carea' id='block_1_59' title="bbox 2157 2878 3746 2959">
    <p class='ocr_par' dir='ltr' id='par_1_59' title="bbox 2157 2878 3746 2959">
     <span class='ocr_line' id='line_1_59' title="bbox 2157 2878 3746 2959; baseline -0.004 -17"><span class='ocrx_word' id='word_1_378' title='bbox 2157 2906 2259 2959; x_wconf 89' lang='grc' dir='ltr'><strong>κης</strong></span> <span class='ocrx_word' id='word_1_379' title='bbox 2281 2886 2525 2956; x_wconf 84' lang='grc' dir='ltr'>γίνεσθαι</span> <span class='ocrx_word' id='word_1_380' title='bbox 2572 2883 2891 2953; x_wconf 83' lang='grc' dir='ltr'>περιουσίαν</span> <span class='ocrx_word' id='word_1_381' title='bbox 2919 2899 2932 2912; x_wconf 88' lang='grc'><strong>·</strong></span> <span class='ocrx_word' id='word_1_382' title='bbox 2968 2885 3017 2934; x_wconf 88' lang='grc' dir='ltr'><strong>εἰ</strong></span> <span class='ocrx_word' id='word_1_383' title='bbox 3052 2883 3154 2952; x_wconf 83' lang='grc' dir='ltr'>μὲν</span> <span class='ocrx_word' id='word_1_384' title='bbox 3180 2878 3276 2936; x_wconf 81' lang='grc' dir='ltr'>οὖν</span> <span class='ocrx_word' id='word_1_385' title='bbox 3325 2884 3400 2952; x_wconf 86' lang='grc' dir='ltr'>μὴ</span> <span class='ocrx_word' id='word_1_386' title='bbox 3443 2883 3746 2953; x_wconf 76' lang='grc' dir='ltr'>προῦκειτο</span> 
     </span>
    </p>
   </div>
   <div class='ocr_carea' id='block_1_60' title="bbox 2156 2973 3741 3050">
    <p class='ocr_par' dir='ltr' id='par_1_60' title="bbox 2156 2973 3741 3050">
     <span class='ocr_line' id='line_1_60' title="bbox 2156 2973 3741 3050; baseline -0.004 -17"><span class='ocrx_word' id='word_1_387' title='bbox 2156 2981 2285 3050; x_wconf 83' lang='grc' dir='ltr'>ὑμῖν</span> <span class='ocrx_word' id='word_1_388' title='bbox 2315 2980 2349 3050; x_wconf 83' lang='grc' dir='ltr'><strong>ἠ</strong></span> <span class='ocrx_word' id='word_1_389' title='bbox 2373 2977 2476 3048; x_wconf 73' lang='grc' dir='ltr'>τῆς</span> <span class='ocrx_word' id='word_1_390' title='bbox 2517 2975 2816 3044; x_wconf 79' lang='grc' dir='ltr'>καθολικῆς</span> <span class='ocrx_word' id='word_1_391' title='bbox 2849 2975 2944 3025; x_wconf 77' lang='grc' dir='ltr'>καὶ</span> <span class='ocrx_word' id='word_1_392' title='bbox 2985 2973 3358 3042; x_wconf 80' lang='grc' dir='ltr'>ἀποστολικῆς</span> <span class='ocrx_word' id='word_1_393' title='bbox 3403 2974 3741 3045; x_wconf 82' lang='grc' dir='ltr'>Ἐκκλησίας</span> 
     </span>
    </p>
   </div>
   <div class='ocr_carea' id='block_1_61' title="bbox 472 3058 2056 3154">
    <p class='ocr_par' dir='ltr' id='par_1_61' title="bbox 472 3058 2053 3130">
     <span class='ocr_line' id='line_1_61' title="bbox 472 3058 2053 3130; baseline -0.001 -12"><span class='ocrx_word' id='word_1_394' title='bbox 472 3064 574 3118; x_wconf 69' lang='lat' dir='ltr'><strong>sia:</strong></span> <span class='ocrx_word' id='word_1_395' title='bbox 605 3059 904 3130; x_wconf 86' lang='lat' dir='ltr'><strong>antiquitus</strong></span> <span class='ocrx_word' id='word_1_396' title='bbox 933 3059 1085 3114; x_wconf 90' lang='lat' dir='ltr'><strong>etab</strong></span> <span class='ocrx_word' id='word_1_397' title='bbox 1137 3058 1292 3113; x_wconf 85' lang='lat' dir='ltr'><strong>initio</strong></span> <span class='ocrx_word' id='word_1_398' title='bbox 1327 3069 1584 3114; x_wconf 88' lang='lat' dir='ltr'><strong>constans</strong></span> <span class='ocrx_word' id='word_1_399' title='bbox 1627 3061 1864 3127; x_wconf 82' lang='lat' dir='ltr'><strong>traditio,</strong></span> <span class='ocrx_word' id='word_1_400' title='bbox 1908 3063 2053 3130; x_wconf 88' lang='lat' dir='ltr'><strong>quod</strong></span> 
     </span>
    </p>
   </div>
   <div class='ocr_carea' id='block_1_62' title="bbox 2160 3058 3744 3154">
    <p class='ocr_par' dir='ltr' id='par_1_62' title="bbox 2161 3064 3744 3136">
     <span class='ocr_line' id='line_1_62' title="bbox 2161 3064 3744 3136; baseline -0.005 -11"><span class='ocrx_word' id='word_1_401' title='bbox 2161 3069 2368 3125; x_wconf 76' lang='grc' dir='ltr'>ἀνωθεν</span> <span class='ocrx_word' id='word_1_402' title='bbox 2393 3067 2489 3120; x_wconf 60' lang='grc' dir='ltr'>καὶ</span> <span class='ocrx_word' id='word_1_403' title='bbox 2551 3066 2611 3130; x_wconf 76' lang='grc' dir='ltr'><strong>ἐξ</strong></span> <span class='ocrx_word' id='word_1_404' title='bbox 2661 3065 2838 3136; x_wconf 78' lang='grc' dir='ltr'>ἀρχῆς</span> <span class='ocrx_word' id='word_1_405' title='bbox 2902 3065 3279 3132; x_wconf 85' lang='grc' dir='ltr'>κεκρατηκυῖα</span> <span class='ocrx_word' id='word_1_406' title='bbox 3330 3064 3654 3134; x_wconf 80' lang='grc' dir='ltr'>παράδοσις,</span> <span class='ocrx_word' id='word_1_407' title='bbox 3710 3068 3744 3118; x_wconf 79' lang='grc' dir='ltr'><em>ὃ</em></span> 
     </span>
    </p>
   </div>
   <div class='ocr_carea' id='block_1_63' title="bbox 479 3149 2056 3224">
    <p class='ocr_par' dir='ltr' id='par_1_63' title="bbox 479 3149 2054 3222">
     <span class='ocr_line' id='line_1_63' title="bbox 479 3149 2054 3222; baseline -0.001 -14"><span class='ocrx_word' id='word_1_408' title='bbox 479 3161 566 3208; x_wconf 87' lang='lat' dir='ltr'><strong>est</strong></span> <span class='ocrx_word' id='word_1_409' title='bbox 587 3152 829 3207; x_wconf 90' lang='lat' dir='ltr'><strong>omnium</strong></span> <span class='ocrx_word' id='word_1_410' title='bbox 870 3149 1261 3204; x_wconf 84' lang='lat' dir='ltr'><strong>validissimum</strong></span> <span class='ocrx_word' id='word_1_411' title='bbox 1290 3162 1668 3220; x_wconf 77' lang='lat' dir='ltr'><strong>argumentum</strong></span> <span class='ocrx_word' id='word_1_412' title='bbox 1697 3162 1862 3222; x_wconf 91' lang='lat' dir='ltr'><strong>atque</strong></span> <span class='ocrx_word' id='word_1_413' title='bbox 1899 3153 2054 3207; x_wconf 82' lang='lat' dir='ltr'><strong>tutis-</strong></span> 
     </span>
    </p>
   </div>
   <div class='ocr_carea' id='block_1_64' title="bbox 2160 3149 3742 3224">
    <p class='ocr_par' dir='ltr' id='par_1_64' title="bbox 2160 3155 3742 3224">
     <span class='ocr_line' id='line_1_64' title="bbox 2160 3155 3742 3224; baseline -0.002 -12"><span class='ocrx_word' id='word_1_414' title='bbox 2160 3159 2380 3213; x_wconf 84' lang='grc' dir='ltr'>πάντων</span> <span class='ocrx_word' id='word_1_415' title='bbox 2427 3159 2545 3210; x_wconf 77' lang='grc' dir='ltr'>ἐστὶ</span> <span class='ocrx_word' id='word_1_416' title='bbox 2587 3156 2648 3208; x_wconf 84' lang='grc' dir='ltr'>τὸ</span> <span class='ocrx_word' id='word_1_417' title='bbox 2691 3155 3044 3224; x_wconf 83' lang='grc' dir='ltr'>ἰσχυρότατον</span> <span class='ocrx_word' id='word_1_418' title='bbox 3069 3155 3164 3207; x_wconf 73' lang='grc' dir='ltr'>καὶ</span> <span class='ocrx_word' id='word_1_419' title='bbox 3203 3155 3642 3223; x_wconf 86' lang='grc' dir='ltr'>ἀσφαλέστατον,</span> <span class='ocrx_word' id='word_1_420' title='bbox 3678 3159 3742 3210; x_wconf 84' lang='grc' dir='ltr'><strong>αῖ</strong></span> 
     </span>
    </p>
   </div>
   <div class='ocr_carea' id='block_1_65' title="bbox 477 3241 2060 3313">
    <p class='ocr_par' dir='ltr' id='par_1_65' title="bbox 477 3241 2060 3313">
     <span class='ocr_line' id='line_1_65' title="bbox 477 3241 2060 3313; baseline 0 -13"><span class='ocrx_word' id='word_1_421' title='bbox 477 3245 708 3309; x_wconf 80' lang='lat' dir='ltr'><strong>simum,</strong></span> <span class='ocrx_word' id='word_1_422' title='bbox 742 3257 842 3298; x_wconf 91' lang='lat' dir='ltr'><strong>nec</strong></span> <span class='ocrx_word' id='word_1_423' title='bbox 866 3257 973 3298; x_wconf 87' lang='lat' dir='ltr'><strong>non</strong></span> <span class='ocrx_word' id='word_1_424' title='bbox 1008 3241 1320 3311; x_wconf 83' lang='lat' dir='ltr'><strong>apostolicae</strong></span> <span class='ocrx_word' id='word_1_425' title='bbox 1359 3253 1415 3297; x_wconf 91' lang='lat' dir='ltr'><strong>et</strong></span> <span class='ocrx_word' id='word_1_426' title='bbox 1447 3243 1670 3298; x_wconf 89' lang='lat' dir='ltr'><strong>Patrum</strong></span> <span class='ocrx_word' id='word_1_427' title='bbox 1717 3258 1899 3309; x_wconf 89' lang='lat' dir='ltr'><strong>voces,</strong></span> <span class='ocrx_word' id='word_1_428' title='bbox 1939 3259 2060 3313; x_wconf 76' lang='lat' dir='ltr'><strong>quae</strong></span> 
     </span>
    </p>
   </div>
   <div class='ocr_carea' id='block_1_66' title="bbox 481 3329 2054 3403">
    <p class='ocr_par' dir='ltr' id='par_1_66' title="bbox 481 3329 2054 3403">
     <span class='ocr_line' id='line_1_66' title="bbox 481 3329 2054 3403; baseline 0.001 -15"><span class='ocrx_word' id='word_1_429' title='bbox 481 3335 720 3390; x_wconf 87' lang='lat' dir='ltr'><strong>retinere</strong></span> <span class='ocrx_word' id='word_1_430' title='bbox 743 3331 1060 3388; x_wconf 87' lang='lat' dir='ltr'><strong>traditiones</strong></span> <span class='ocrx_word' id='word_1_431' title='bbox 1082 3329 1298 3401; x_wconf 76' lang='lat' dir='ltr'><strong>iubent,</strong></span> <span class='ocrx_word' id='word_1_432' title='bbox 1331 3333 1448 3387; x_wconf 90' lang='lat' dir='ltr'><strong>sive</strong></span> <span class='ocrx_word' id='word_1_433' title='bbox 1476 3334 1706 3403; x_wconf 88' lang='lat' dir='ltr'><strong>scriptas</strong></span> <span class='ocrx_word' id='word_1_434' title='bbox 1733 3335 1850 3389; x_wconf 89' lang='lat' dir='ltr'><strong>sive</strong></span> <span class='ocrx_word' id='word_1_435' title='bbox 1875 3350 2054 3400; x_wconf 91' lang='lat' dir='ltr'><strong>secus,</strong></span> 
     </span>
    </p>
   </div>
   <div class='ocr_carea' id='block_1_67' title="bbox 481 3425 2058 3497">
    <p class='ocr_par' dir='ltr' id='par_1_67' title="bbox 481 3425 2058 3497">
     <span class='ocr_line' id='line_1_67' title="bbox 481 3425 2058 3497; baseline 0.002 -17"><span class='ocrx_word' id='word_1_436' title='bbox 481 3427 608 3497; x_wconf 83' lang='lat' dir='ltr'><strong>quia</strong></span> <span class='ocrx_word' id='word_1_437' title='bbox 637 3439 736 3497; x_wconf 90' lang='lat' dir='ltr'><strong>par</strong></span> <span class='ocrx_word' id='word_1_438' title='bbox 781 3425 835 3480; x_wconf 89' lang='lat' dir='ltr'><strong>in</strong></span> <span class='ocrx_word' id='word_1_439' title='bbox 886 3431 1116 3495; x_wconf 88' lang='lat' dir='ltr'><strong>utroque</strong></span> <span class='ocrx_word' id='word_1_440' title='bbox 1173 3439 1373 3493; x_wconf 81' lang='lat' dir='ltr'><strong>genere</strong></span> <span class='ocrx_word' id='word_1_441' title='bbox 1415 3425 1768 3482; x_wconf 89' lang='lat' dir='ltr'><strong>traditionum</strong></span> <span class='ocrx_word' id='word_1_442' title='bbox 1818 3428 1900 3483; x_wconf 90' lang='lat' dir='ltr'><strong>vis</strong></span> <span class='ocrx_word' id='word_1_443' title='bbox 1931 3443 2058 3496; x_wconf 87' lang='lat' dir='ltr'><strong>spe-</strong></span> 
     </span>
    </p>
   </div>
   <div class='ocr_carea' id='block_1_68' title="bbox 445 3517 2060 3589">
    <p class='ocr_par' dir='ltr' id='par_1_68' title="bbox 445 3517 2060 3589">
     <span class='ocr_line' id='line_1_68' title="bbox 445 3517 2060 3589; baseline 0.002 -18"><span class='ocrx_word' id='word_1_444' title='bbox 445 3527 694 3586; x_wconf 89' lang='lat' dir='ltr'><strong>-ctatur,</strong></span> <span class='ocrx_word' id='word_1_445' title='bbox 739 3526 981 3573; x_wconf 86' lang='lat' dir='ltr'><strong>attamen</strong></span> <span class='ocrx_word' id='word_1_446' title='bbox 1009 3521 1074 3573; x_wconf 89' lang='lat' dir='ltr'><strong>de</strong></span> <span class='ocrx_word' id='word_1_447' title='bbox 1106 3518 1316 3574; x_wconf 90' lang='lat' dir='ltr'><strong>duobus</strong></span> <span class='ocrx_word' id='word_1_448' title='bbox 1347 3517 1615 3589; x_wconf 84' lang='lat' dir='ltr'><strong>ambiguis</strong></span> <span class='ocrx_word' id='word_1_449' title='bbox 1659 3519 1789 3575; x_wconf 90' lang='lat' dir='ltr'><strong>illud</strong></span> <span class='ocrx_word' id='word_1_450' title='bbox 1837 3521 2060 3576; x_wconf 88' lang='lat' dir='ltr'><strong>omnino</strong></span> 
     </span>
    </p>
   </div>
   <div class='ocr_carea' id='block_1_69' title="bbox 485 3608 2056 3679">
    <p class='ocr_par' dir='ltr' id='par_1_69' title="bbox 485 3608 2056 3679">
     <span class='ocr_line' id='line_1_69' title="bbox 485 3608 2056 3679; baseline 0.003 -17"><span class='ocrx_word' id='word_1_451' title='bbox 485 3609 775 3679; x_wconf 85' lang='lat' dir='ltr'><strong>praevalere</strong></span> <span class='ocrx_word' id='word_1_452' title='bbox 818 3609 1042 3664; x_wconf 90' lang='lat' dir='ltr'><strong>deberet</strong></span> <span class='ocrx_word' id='word_1_453' title='bbox 1118 3609 1261 3678; x_wconf 88' lang='lat' dir='ltr'><strong>quod</strong></span> <span class='ocrx_word' id='word_1_454' title='bbox 1316 3608 1624 3678; x_wconf 85' lang='lat' dir='ltr'><strong>religiosius</strong></span> <span class='ocrx_word' id='word_1_455' title='bbox 1679 3619 1784 3676; x_wconf 89' lang='lat' dir='ltr'><strong>est,</strong></span> <span class='ocrx_word' id='word_1_456' title='bbox 1827 3621 1882 3666; x_wconf 92' lang='lat' dir='ltr'><strong>et</strong></span> <span class='ocrx_word' id='word_1_457' title='bbox 1935 3611 2056 3666; x_wconf 86' lang='lat' dir='ltr'><strong>ﬁdei</strong></span> 
     </span>
    </p>
   </div>
   <div class='ocr_carea' id='block_1_70' title="bbox 486 3700 2061 3771">
    <p class='ocr_par' dir='ltr' id='par_1_70' title="bbox 486 3700 2061 3771">
     <span class='ocr_line' id='line_1_70' title="bbox 486 3700 2061 3771; baseline 0.001 -17"><span class='ocrx_word' id='word_1_458' title='bbox 486 3711 650 3771; x_wconf 84' lang='lat' dir='ltr'><strong>atque</strong></span> <span class='ocrx_word' id='word_1_459' title='bbox 681 3700 852 3755; x_wconf 84' lang='lat' dir='ltr'><strong>amori</strong></span> <span class='ocrx_word' id='word_1_460' title='bbox 879 3715 1008 3771; x_wconf 88' lang='lat' dir='ltr'><strong>erga</strong></span> <span class='ocrx_word' id='word_1_461' title='bbox 1057 3700 1336 3756; x_wconf 86' lang='lat' dir='ltr'><strong>Christum</strong></span> <span class='ocrx_word' id='word_1_462' title='bbox 1391 3701 1768 3771; x_wconf 90' lang='lat' dir='ltr'><strong>propinquius,</strong></span> <span class='ocrx_word' id='word_1_463' title='bbox 1807 3702 2061 3771; x_wconf 89' lang='lat' dir='ltr'><strong>quodque</strong></span> 
     </span>
    </p>
   </div>
   <div class='ocr_carea' id='block_1_71' title="bbox 451 3789 2058 3860">
    <p class='ocr_par' dir='ltr' id='par_1_71' title="bbox 451 3789 2058 3860">
     <span class='ocr_line' id='line_1_71' title="bbox 451 3789 2058 3860; baseline 0.001 -17"><span class='ocrx_word' id='word_1_464' title='bbox 451 3819 460 3825; x_wconf 65' lang='grc' dir='ltr'>ι</span> <span class='ocrx_word' id='word_1_465' title='bbox 485 3790 730 3859; x_wconf 79' lang='lat' dir='ltr'><strong>optimus</strong></span> <span class='ocrx_word' id='word_1_466' title='bbox 751 3789 922 3854; x_wconf 80' lang='lat' dir='ltr'><strong>zelus,</strong></span> <span class='ocrx_word' id='word_1_467' title='bbox 950 3789 1269 3859; x_wconf 79' lang='lat' dir='ltr'><strong>fervensque</strong></span> <span class='ocrx_word' id='word_1_468' title='bbox 1298 3789 1520 3846; x_wconf 83' lang='lat' dir='ltr'><strong>aﬁ&#39;ectus</strong></span> <span class='ocrx_word' id='word_1_469' title='bbox 1551 3791 1799 3860; x_wconf 85' lang='lat' dir='ltr'><strong>inspirat.</strong></span> <span class='ocrx_word' id='word_1_470' title='bbox 1827 3791 1981 3857; x_wconf 79' lang='lat' dir='ltr'><strong>Quod</strong></span> <span class='ocrx_word' id='word_1_471' title='bbox 2012 3791 2058 3846; x_wconf 90' lang='lat' dir='ltr'><strong>si</strong></span> 
     </span>
    </p>
   </div>
   <div class='ocr_carea' id='block_1_72' title="bbox 487 3879 2057 3951">
    <p class='ocr_par' dir='ltr' id='par_1_72' title="bbox 487 3879 2057 3951">
     <span class='ocr_line' id='line_1_72' title="bbox 487 3879 2057 3951; baseline 0.001 -19"><span class='ocrx_word' id='word_1_472' title='bbox 487 3879 762 3948; x_wconf 90' lang='lat' dir='ltr'><strong>utrimque</strong></span> <span class='ocrx_word' id='word_1_473' title='bbox 808 3879 1150 3948; x_wconf 59' lang='lat' dir='ltr'><strong>praestantior</strong></span> <span class='ocrx_word' id='word_1_474' title='bbox 1197 3879 1501 3949; x_wconf 87' lang='lat' dir='ltr'><strong>meliorque</strong></span> <span class='ocrx_word' id='word_1_475' title='bbox 1544 3882 1683 3936; x_wconf 89' lang='lat' dir='ltr'><strong>ratio</strong></span> <span class='ocrx_word' id='word_1_476' title='bbox 1714 3897 1811 3951; x_wconf 87' lang='lat' dir='ltr'><strong>pro</strong></span> <span class='ocrx_word' id='word_1_477' title='bbox 1849 3880 2057 3935; x_wconf 89' lang='lat' dir='ltr'><strong>Christi</strong></span> 
     </span>
    </p>
   </div>
   <div class='ocr_carea' id='block_1_73' title="bbox 461 3968 2058 4040">
    <p class='ocr_par' dir='ltr' id='par_1_73' title="bbox 461 3968 2058 4040">
     <span class='ocr_line' id='line_1_73' title="bbox 461 3968 2058 4040; baseline 0.001 -16"><span class='ocrx_word' id='word_1_478' title='bbox 461 3969 725 4025; x_wconf 65' lang='lat' dir='ltr'><strong>Ecclesia</strong></span> <span class='ocrx_word' id='word_1_479' title='bbox 758 3978 885 4034; x_wconf 85' lang='lat' dir='ltr'><strong>stat,</strong></span> <span class='ocrx_word' id='word_1_480' title='bbox 924 3984 1022 4024; x_wconf 89' lang='lat' dir='ltr'><strong>nos</strong></span> <span class='ocrx_word' id='word_1_481' title='bbox 1051 3970 1238 4038; x_wconf 83' lang='lat' dir='ltr'><strong>utique</strong></span> <span class='ocrx_word' id='word_1_482' title='bbox 1271 3968 1430 4040; x_wconf 90' lang='lat' dir='ltr'><strong>longo</strong></span> <span class='ocrx_word' id='word_1_483' title='bbox 1459 3971 1744 4026; x_wconf 86' lang='lat' dir='ltr'><strong>intervallo</strong></span> <span class='ocrx_word' id='word_1_484' title='bbox 1776 3971 2058 4026; x_wconf 89' lang='lat' dir='ltr'><strong>victoriam</strong></span> 
     </span>
    </p>
   </div>
   <div class='ocr_carea' id='block_1_74' title="bbox 486 4058 2063 4130">
    <p class='ocr_par' dir='ltr' id='par_1_74' title="bbox 486 4058 2063 4130">
     <span class='ocr_line' id='line_1_74' title="bbox 486 4058 2063 4130; baseline -0.001 -16"><span class='ocrx_word' id='word_1_485' title='bbox 486 4059 802 4116; x_wconf 79' lang='lat' dir='ltr'><strong>referemus.</strong></span> <span class='ocrx_word' id='word_1_486' title='bbox 831 4058 1095 4126; x_wconf 86' lang='lat' dir='ltr'><strong>Quoniam</strong></span> <span class='ocrx_word' id='word_1_487' title='bbox 1122 4060 1303 4129; x_wconf 86' lang='lat' dir='ltr'><strong>itaque</strong></span> <span class='ocrx_word' id='word_1_488' title='bbox 1327 4060 1656 4129; x_wconf 87' lang='lat' dir='ltr'><strong>impossibile</strong></span> <span class='ocrx_word' id='word_1_489' title='bbox 1687 4069 1771 4116; x_wconf 91' lang='lat' dir='ltr'><strong>est</strong></span> <span class='ocrx_word' id='word_1_490' title='bbox 1791 4075 2063 4130; x_wconf 82' lang='lat' dir='ltr'><strong>supraque</strong></span> 
     </span>
    </p>
   </div>
   <div class='ocr_carea' id='block_1_75' title="bbox 484 4151 2060 4232">
    <p class='ocr_par' dir='ltr' id='par_1_75' title="bbox 484 4151 2060 4232">
     <span class='ocr_line' id='line_1_75' title="bbox 484 4151 2060 4232; baseline 0 -25"><span class='ocrx_word' id='word_1_491' title='bbox 484 4153 651 4218; x_wconf 87' lang='lat' dir='ltr'><strong>vires,</strong></span> <span class='ocrx_word' id='word_1_492' title='bbox 681 4152 848 4207; x_wconf 90' lang='lat' dir='ltr'><strong>Deum</strong></span> <span class='ocrx_word' id='word_1_493' title='bbox 877 4155 1059 4232; x_wconf 83' lang='lat' dir='ltr'><strong>mente</strong></span> <span class='ocrx_word' id='word_1_494' title='bbox 1089 4151 1597 4222; x_wconf 87' lang='lat' dir='ltr'><strong>comprehendere;</strong></span> <span class='ocrx_word' id='word_1_495' title='bbox 1623 4163 1772 4209; x_wconf 91' lang='lat' dir='ltr'><strong>certe</strong></span> <span class='ocrx_word' id='word_1_496' title='bbox 1804 4152 2060 4222; x_wconf 86' lang='lat' dir='ltr'><strong>ﬁgurare,</strong></span> 
     </span>
    </p>
   </div>
   <div class='ocr_carea' id='block_1_76' title="bbox 467 4245 2059 4316">
    <p class='ocr_par' dir='ltr' id='par_1_76' title="bbox 467 4245 2059 4316">
     <span class='ocr_line' id='line_1_76' title="bbox 467 4245 2059 4316; baseline 0 -16"><span class='ocrx_word' id='word_1_497' title='bbox 467 4260 647 4315; x_wconf 73' lang='lat' dir='ltr'><strong>supra</strong></span> <span class='ocrx_word' id='word_1_498' title='bbox 673 4259 892 4300; x_wconf 91' lang='lat' dir='ltr'><strong>omnem</strong></span> <span class='ocrx_word' id='word_1_499' title='bbox 936 4255 1111 4302; x_wconf 81' lang='lat' dir='ltr'><strong>artem</strong></span> <span class='ocrx_word' id='word_1_500' title='bbox 1139 4252 1224 4298; x_wconf 88' lang='lat' dir='ltr'><strong>est</strong></span> <span class='ocrx_word' id='word_1_501' title='bbox 1270 4253 1434 4314; x_wconf 90' lang='lat' dir='ltr'><strong>atque</strong></span> <span class='ocrx_word' id='word_1_502' title='bbox 1477 4246 1612 4300; x_wconf 86' lang='lat' dir='ltr'><strong>adeo</strong></span> <span class='ocrx_word' id='word_1_503' title='bbox 1650 4245 2059 4316; x_wconf 88' lang='lat' dir='ltr'><strong>impossibilius,</strong></span> 
     </span>
    </p>
   </div>
   <div class='ocr_carea' id='block_1_77' title="bbox 471 4327 2061 4408">
    <p class='ocr_par' dir='ltr' id='par_1_77' title="bbox 471 4327 2061 4408">
     <span class='ocr_line' id='line_1_77' title="bbox 471 4327 2061 4408; baseline 0 -16"><span class='ocrx_word' id='word_1_504' title='bbox 471 4337 612 4408; x_wconf 71' lang='lat' dir='ltr'><strong>~quia</strong></span> <span class='ocrx_word' id='word_1_505' title='bbox 634 4345 881 4392; x_wconf 88' lang='lat' dir='ltr'><strong>naturam</strong></span> <span class='ocrx_word' id='word_1_506' title='bbox 901 4327 1202 4391; x_wconf 81' lang='lat' dir='ltr'><strong>assimilare</strong></span> <span class='ocrx_word' id='word_1_507' title='bbox 1219 4334 1529 4407; x_wconf 81' lang='lat' dir='ltr'><strong>Deipraeter</strong></span> <span class='ocrx_word' id='word_1_508' title='bbox 1551 4347 1796 4392; x_wconf 88' lang='lat' dir='ltr'><strong>naturam</strong></span> <span class='ocrx_word' id='word_1_509' title='bbox 1815 4347 1919 4402; x_wconf 88' lang='lat' dir='ltr'><strong>est,</strong></span> <span class='ocrx_word' id='word_1_510' title='bbox 1937 4353 2061 4394; x_wconf 89' lang='lat' dir='ltr'><strong>cum</strong></span> 
     </span>
    </p>
   </div>
   <div class='ocr_carea' id='block_1_78' title="bbox 2157 3245 3742 3318">
    <p class='ocr_par' dir='ltr' id='par_1_78' title="bbox 2157 3245 3742 3318">
     <span class='ocr_line' id='line_1_78' title="bbox 2157 3245 3742 3318; baseline -0.003 -16"><span class='ocrx_word' id='word_1_511' title='bbox 2157 3266 2219 3302; x_wconf 90' lang='grc' dir='ltr'><strong>τε</strong></span> <span class='ocrx_word' id='word_1_512' title='bbox 2259 3247 2620 3301; x_wconf 81' lang='grc' dir='ltr'>ἀποστολικα“ι</span> <span class='ocrx_word' id='word_1_513' title='bbox 2657 3245 2750 3299; x_wconf 78' lang='grc' dir='ltr'><strong>καὶ</strong></span> <span class='ocrx_word' id='word_1_514' title='bbox 2791 3245 3074 3314; x_wconf 70' lang='grc' dir='ltr'>Πατρικαὶ</span> <span class='ocrx_word' id='word_1_515' title='bbox 3105 3246 3300 3312; x_wconf 78' lang='grc' dir='ltr'>φωναὶ,</span> <span class='ocrx_word' id='word_1_516' title='bbox 3334 3245 3390 3299; x_wconf 80' lang='grc' dir='ltr'><strong>αἰ</strong></span> <span class='ocrx_word' id='word_1_517' title='bbox 3415 3247 3479 3318; x_wconf 81' lang='grc' dir='ltr'>δὴ</span> <span class='ocrx_word' id='word_1_518' title='bbox 3511 3253 3742 3317; x_wconf 80' lang='grc' dir='ltr'>κρατεῖν</span> 
     </span>
    </p>
   </div>
   <div class='ocr_carea' id='block_1_79' title="bbox 2159 3335 3738 3408">
    <p class='ocr_par' dir='ltr' id='par_1_79' title="bbox 2159 3335 3738 3408">
     <span class='ocr_line' id='line_1_79' title="bbox 2159 3335 3738 3408; baseline 0.001 -16"><span class='ocrx_word' id='word_1_519' title='bbox 2159 3338 2306 3408; x_wconf 81' lang='grc' dir='ltr'>ἡμᾶς</span> <span class='ocrx_word' id='word_1_520' title='bbox 2349 3337 2454 3400; x_wconf 80' lang='grc' dir='ltr'><strong>τὰς</strong></span> <span class='ocrx_word' id='word_1_521' title='bbox 2499 3335 2858 3406; x_wconf 82' lang='grc' dir='ltr'>παραδόσεις,</span> <span class='ocrx_word' id='word_1_522' title='bbox 2907 3336 3029 3388; x_wconf 79' lang='grc' dir='ltr'>ὅσαι</span> <span class='ocrx_word' id='word_1_523' title='bbox 3066 3352 3126 3388; x_wconf 88' lang='grc' dir='ltr'><strong>τε</strong></span> <span class='ocrx_word' id='word_1_524' title='bbox 3180 3337 3454 3408; x_wconf 76' lang='grc' dir='ltr'>ἔγγραφοι</span> <span class='ocrx_word' id='word_1_525' title='bbox 3507 3338 3634 3394; x_wconf 81' lang='grc' dir='ltr'>ὅσαι</span> <span class='ocrx_word' id='word_1_526' title='bbox 3672 3355 3738 3393; x_wconf 85' lang='grc' dir='ltr'><strong>τε</strong></span> 
     </span>
    </p>
   </div>
   <div class='ocr_carea' id='block_1_80' title="bbox 2158 3421 3742 3502">
    <p class='ocr_par' dir='ltr' id='par_1_80' title="bbox 2158 3421 3742 3502">
     <span class='ocr_line' id='line_1_80' title="bbox 2158 3421 3742 3502; baseline -0.007 -17"><span class='ocrx_word' id='word_1_527' title='bbox 2158 3432 2402 3502; x_wconf 78' lang='grc' dir='ltr'>ἄγραφοι</span> <span class='ocrx_word' id='word_1_528' title='bbox 2431 3428 2858 3492; x_wconf 87' lang='grc' dir='ltr'>διακελεύονται,</span> <span class='ocrx_word' id='word_1_529' title='bbox 2890 3421 2979 3480; x_wconf 77' lang='grc' dir='ltr'>οἷα</span> <span class='ocrx_word' id='word_1_530' title='bbox 3009 3427 3098 3480; x_wconf 66' lang='grc' dir='ltr'>ἀπ’</span> <span class='ocrx_word' id='word_1_531' title='bbox 3125 3431 3468 3499; x_wconf 82' lang='grc' dir='ltr'>ἀμφοτέραις</span> <span class='ocrx_word' id='word_1_532' title='bbox 3494 3431 3597 3501; x_wconf 79' lang='grc' dir='ltr'>τὴν</span> <span class='ocrx_word' id='word_1_533' title='bbox 3634 3433 3742 3484; x_wconf 62' lang='grc' dir='ltr'><strong>αὖ..</strong></span> 
     </span>
    </p>
   </div>
   <div class='ocr_carea' id='block_1_81' title="bbox 2158 3517 3741 3594">
    <p class='ocr_par' dir='ltr' id='par_1_81' title="bbox 2158 3517 3741 3594">
     <span class='ocr_line' id='line_1_81' title="bbox 2158 3517 3741 3594; baseline 0 -18"><span class='ocrx_word' id='word_1_534' title='bbox 2158 3523 2257 3594; x_wconf 74' lang='grc' dir='ltr'>τὴν</span> <span class='ocrx_word' id='word_1_535' title='bbox 2289 3520 2614 3592; x_wconf 81' lang='grc' dir='ltr'>θεωρεῖσθαι</span> <span class='ocrx_word' id='word_1_536' title='bbox 2638 3519 2891 3589; x_wconf 89' lang='grc' dir='ltr'>δύναμιν.</span> <span class='ocrx_word' id='word_1_537' title='bbox 2927 3518 3001 3570; x_wconf 84' lang='grc' dir='ltr'><strong>Τὸ</strong></span> <span class='ocrx_word' id='word_1_538' title='bbox 3041 3517 3174 3586; x_wconf 90' lang='grc' dir='ltr'>γοῦν</span> <span class='ocrx_word' id='word_1_539' title='bbox 3207 3520 3600 3592; x_wconf 75' lang='grc' dir='ltr'>εὐσεϐέστερον</span> <span class='ocrx_word' id='word_1_540' title='bbox 3626 3524 3741 3576; x_wconf 83' lang='grc' dir='ltr'>τῶν</span> 
     </span>
    </p>
   </div>
   <div class='ocr_carea' id='block_1_82' title="bbox 2160 3611 3744 3684">
    <p class='ocr_par' dir='ltr' id='par_1_82' title="bbox 2160 3611 3744 3684">
     <span class='ocr_line' id='line_1_82' title="bbox 2160 3611 3744 3684; baseline 0.001 -16"><span class='ocrx_word' id='word_1_541' title='bbox 2160 3616 2220 3668; x_wconf 81' lang='grc' dir='ltr'>ὲν</span> <span class='ocrx_word' id='word_1_542' title='bbox 2269 3613 2595 3684; x_wconf 80' lang='grc' dir='ltr'>ἀμφιϐόλοις</span> <span class='ocrx_word' id='word_1_543' title='bbox 2635 3611 2907 3680; x_wconf 84' lang='grc' dir='ltr'>κειμένων</span> <span class='ocrx_word' id='word_1_544' title='bbox 2957 3612 3226 3682; x_wconf 82' lang='grc' dir='ltr'>κρατήσει</span> <span class='ocrx_word' id='word_1_545' title='bbox 3279 3612 3521 3677; x_wconf 84' lang='grc' dir='ltr'>πάντως,</span> <span class='ocrx_word' id='word_1_546' title='bbox 3554 3618 3653 3668; x_wconf 73' lang='grc' dir='ltr'><strong>καὶ</strong></span> <span class='ocrx_word' id='word_1_547' title='bbox 3676 3617 3744 3669; x_wconf 83' lang='grc' dir='ltr'>τὸ</span> 
     </span>
    </p>
   </div>
   <div class='ocr_carea' id='block_1_83' title="bbox 2160 3701 3742 3776">
    <p class='ocr_par' dir='ltr' id='par_1_83' title="bbox 2160 3701 3742 3776">
     <span class='ocr_line' id='line_1_83' title="bbox 2160 3701 3742 3776; baseline -0.001 -16"><span class='ocrx_word' id='word_1_548' title='bbox 2160 3705 2528 3776; x_wconf 80' lang='grc' dir='ltr'>διαφερόντως</span> <span class='ocrx_word' id='word_1_549' title='bbox 2555 3705 2633 3766; x_wconf 84' lang='grc' dir='ltr'><strong>είς</strong></span> <span class='ocrx_word' id='word_1_550' title='bbox 2659 3701 2842 3756; x_wconf 83' lang='grc' dir='ltr'>πίστιν</span> <span class='ocrx_word' id='word_1_551' title='bbox 2869 3702 2961 3757; x_wconf 77' lang='grc' dir='ltr'>καὶ</span> <span class='ocrx_word' id='word_1_552' title='bbox 2986 3703 3207 3773; x_wconf 80' lang='grc' dir='ltr'>ἀγάπην</span> <span class='ocrx_word' id='word_1_553' title='bbox 3239 3703 3338 3775; x_wconf 78' lang='grc' dir='ltr'>τὴν</span> <span class='ocrx_word' id='word_1_554' title='bbox 3367 3706 3449 3768; x_wconf 87' lang='grc' dir='ltr'><strong>εἰς</strong></span> <span class='ocrx_word' id='word_1_555' title='bbox 3477 3706 3742 3776; x_wconf 75' lang='grc' dir='ltr'>Χριστὸν,</span> 
     </span>
    </p>
   </div>
   <div class='ocr_carea' id='block_1_84' title="bbox 2159 3787 3745 3870">
    <p class='ocr_par' dir='ltr' id='par_1_84' title="bbox 2159 3787 3745 3870">
     <span class='ocr_line' id='line_1_84' title="bbox 2159 3787 3745 3870; baseline 0.003 -21"><span class='ocrx_word' id='word_1_556' title='bbox 2159 3799 2228 3868; x_wconf 80' lang='grc' dir='ltr'>ἥν</span> <span class='ocrx_word' id='word_1_557' title='bbox 2258 3797 2422 3865; x_wconf 79' lang='grc' dir='ltr'>ζῆλος</span> <span class='ocrx_word' id='word_1_558' title='bbox 2465 3795 2650 3858; x_wconf 72' lang='grc' dir='ltr'>ἔνθεος</span> <span class='ocrx_word' id='word_1_559' title='bbox 2690 3795 2786 3848; x_wconf 73' lang='grc' dir='ltr'>καὶ</span> <span class='ocrx_word' id='word_1_560' title='bbox 2827 3795 2992 3857; x_wconf 87' lang='grc' dir='ltr'>πόθος</span> <span class='ocrx_word' id='word_1_561' title='bbox 3026 3794 3229 3865; x_wconf 80' lang='grc' dir='ltr'>θερμὸς</span> <span class='ocrx_word' id='word_1_562' title='bbox 3278 3787 3600 3868; x_wconf 78' lang='grc' dir='ltr'>παρίστησι,</span> <span class='ocrx_word' id='word_1_563' title='bbox 3637 3802 3745 3870; x_wconf 69' lang='grc' dir='ltr'>τὴν</span> 
     </span>
    </p>
   </div>
   <div class='ocr_carea' id='block_1_85' title="bbox 2161 3886 3747 3963">
    <p class='ocr_par' dir='ltr' id='par_1_85' title="bbox 2161 3886 3747 3963">
     <span class='ocr_line' id='line_1_85' title="bbox 2161 3886 3747 3963; baseline -0.001 -19"><span class='ocrx_word' id='word_1_564' title='bbox 2161 3891 2433 3946; x_wconf 82' lang='grc' dir='ltr'>οἰκείωσιν</span> <span class='ocrx_word' id='word_1_565' title='bbox 2480 3887 2928 3956; x_wconf 76' lang='grc' dir='ltr'>ἐνδεικνύμενονο</span> <span class='ocrx_word' id='word_1_566' title='bbox 2982 3889 3031 3939; x_wconf 84' lang='grc' dir='ltr'><strong>εἰ</strong></span> <span class='ocrx_word' id='word_1_567' title='bbox 3064 3886 3121 3940; x_wconf 85' lang='grc' dir='ltr'>δὲ</span> <span class='ocrx_word' id='word_1_568' title='bbox 3152 3889 3272 3941; x_wconf 82' lang='grc' dir='ltr'>κατ’</span> <span class='ocrx_word' id='word_1_569' title='bbox 3297 3889 3464 3959; x_wconf 83' lang='grc' dir='ltr'>ἄμφω</span> <span class='ocrx_word' id='word_1_570' title='bbox 3497 3891 3557 3943; x_wconf 84' lang='grc' dir='ltr'>τὸ</span> <span class='ocrx_word' id='word_1_571' title='bbox 3602 3895 3747 3963; x_wconf 73' lang='grc' dir='ltr'>κρά-</span> 
     </span>
    </p>
   </div>
   <div class='ocr_carea' id='block_1_86' title="bbox 2161 3980 3747 4055">
    <p class='ocr_par' dir='ltr' id='par_1_86' title="bbox 2161 3980 3747 4055">
     <span class='ocr_line' id='line_1_86' title="bbox 2161 3980 3747 4055; baseline -0.001 -17"><span class='ocrx_word' id='word_1_572' title='bbox 2161 4002 2253 4048; x_wconf 93' lang='grc' dir='ltr'><strong>τος</strong></span> <span class='ocrx_word' id='word_1_573' title='bbox 2297 3987 2363 4055; x_wconf 80' lang='grc' dir='ltr'>τῇ</span> <span class='ocrx_word' id='word_1_574' title='bbox 2411 3981 2707 4051; x_wconf 78' lang='grc' dir='ltr'>Ἐκκλησία</span> <span class='ocrx_word' id='word_1_575' title='bbox 2753 3980 2992 4051; x_wconf 82' lang='grc' dir='ltr'>Χριστοῦ</span> <span class='ocrx_word' id='word_1_576' title='bbox 3041 3980 3137 4034; x_wconf 76' lang='grc' dir='ltr'>καὶ</span> <span class='ocrx_word' id='word_1_577' title='bbox 3183 3981 3243 4034; x_wconf 83' lang='grc' dir='ltr'>τὸ</span> <span class='ocrx_word' id='word_1_578' title='bbox 3276 3981 3562 4050; x_wconf 80' lang='grc' dir='ltr'>εὐδόκιμον</span> <span class='ocrx_word' id='word_1_579' title='bbox 3593 3985 3747 4054; x_wconf 81' lang='grc' dir='ltr'>πάρ-</span> 
     </span>
    </p>
   </div>
   <div class='ocr_carea' id='block_1_87' title="bbox 2162 4071 3735 4144">
    <p class='ocr_par' dir='ltr' id='par_1_87' title="bbox 2162 4071 3735 4144">
     <span class='ocr_line' id='line_1_87' title="bbox 2162 4071 3735 4144; baseline -0.001 -15"><span class='ocrx_word' id='word_1_580' title='bbox 2162 4092 2331 4140; x_wconf 86' lang='grc' dir='ltr'>εστιν,</span> <span class='ocrx_word' id='word_1_581' title='bbox 2359 4077 2490 4144; x_wconf 79' lang='grc' dir='ltr'>ἡμῖν</span> <span class='ocrx_word' id='word_1_582' title='bbox 2524 4073 2633 4144; x_wconf 83' lang='grc' dir='ltr'>ἄρα</span> <span class='ocrx_word' id='word_1_583' title='bbox 2662 4074 2763 4144; x_wconf 84' lang='grc' dir='ltr'>τὴν</span> <span class='ocrx_word' id='word_1_584' title='bbox 2786 4071 3026 4124; x_wconf 80' lang='grc' dir='ltr'>νικῶσαν</span> <span class='ocrx_word' id='word_1_585' title='bbox 3055 4073 3120 4124; x_wconf 82' lang='grc' dir='ltr'>ὲκ</span> <span class='ocrx_word' id='word_1_586' title='bbox 3152 4071 3351 4125; x_wconf 85' lang='grc' dir='ltr'>πολλοῦ</span> <span class='ocrx_word' id='word_1_587' title='bbox 3381 4073 3476 4125; x_wconf 91' lang='grc' dir='ltr'><strong>τοῦ</strong></span> <span class='ocrx_word' id='word_1_588' title='bbox 3505 4075 3735 4144; x_wconf 79' lang='grc' dir='ltr'>περιόν-</span> 
     </span>
    </p>
   </div>
   <div class='ocr_carea' id='block_1_88' title="bbox 2161 4155 3741 4234">
    <p class='ocr_par' dir='ltr' id='par_1_88' title="bbox 2161 4155 3741 4234">
     <span class='ocr_line' id='line_1_88' title="bbox 2161 4155 3741 4234; baseline -0.002 -13"><span class='ocrx_word' id='word_1_589' title='bbox 2161 4181 2252 4230; x_wconf 85' lang='grc' dir='ltr'>’τος</span> <span class='ocrx_word' id='word_1_590' title='bbox 2287 4165 2611 4221; x_wconf 84' lang='grc' dir='ltr'>ἀποίσεσθαι</span> <span class='ocrx_word' id='word_1_591' title='bbox 2649 4164 3014 4234; x_wconf 86' lang='grc' dir='ltr'>περιέστηκεν</span> <span class='ocrx_word' id='word_1_592' title='bbox 3038 4175 3054 4192; x_wconf 87' lang='grc'><strong>·</strong></span> <span class='ocrx_word' id='word_1_593' title='bbox 3109 4163 3234 4215; x_wconf 76' lang='grc' dir='ltr'>ἐπεὶ</span> <span class='ocrx_word' id='word_1_594' title='bbox 3281 4155 3374 4218; x_wconf 79' lang='grc' dir='ltr'>οὖν</span> <span class='ocrx_word' id='word_1_595' title='bbox 3403 4165 3594 4234; x_wconf 83' lang='grc' dir='ltr'>νοῆσαι</span> <span class='ocrx_word' id='word_1_596' title='bbox 3633 4167 3741 4234; x_wconf 84' lang='grc' dir='ltr'>μὲν</span> 
     </span>
    </p>
   </div>
   <div class='ocr_carea' id='block_1_89' title="bbox 2167 4253 3746 4326">
    <p class='ocr_par' dir='ltr' id='par_1_89' title="bbox 2167 4253 3746 4326">
     <span class='ocr_line' id='line_1_89' title="bbox 2167 4253 3746 4326; baseline -0.003 -14"><span class='ocrx_word' id='word_1_597' title='bbox 2167 4258 2302 4313; x_wconf 85' lang='grc' dir='ltr'>Θεὸν</span> <span class='ocrx_word' id='word_1_598' title='bbox 2334 4259 2514 4326; x_wconf 84' lang='grc' dir='ltr'>πάντη</span> <span class='ocrx_word' id='word_1_599' title='bbox 2536 4255 2799 4310; x_wconf 86' lang='grc' dir='ltr'>ἀδύνατον</span> <span class='ocrx_word' id='word_1_600' title='bbox 2831 4257 2926 4308; x_wconf 79' lang='grc' dir='ltr'>καὶ</span> <span class='ocrx_word' id='word_1_601' title='bbox 2945 4253 3349 4324; x_wconf 80' lang='grc' dir='ltr'>άνεγχώρητον,</span> <span class='ocrx_word' id='word_1_602' title='bbox 3377 4255 3642 4308; x_wconf 87' lang='grc' dir='ltr'>εἰκονίσαι</span> <span class='ocrx_word' id='word_1_603' title='bbox 3683 4257 3746 4308; x_wconf 72' lang='grc' dir='ltr'>δὲ</span> 
     </span>
    </p>
   </div>
   <div class='ocr_carea' id='block_1_90' title="bbox 2163 4343 3746 4419">
    <p class='ocr_par' dir='ltr' id='par_1_90' title="bbox 2163 4343 3746 4419">
     <span class='ocr_line' id='line_1_90' title="bbox 2163 4343 3746 4419; baseline -0.006 -16"><span class='ocrx_word' id='word_1_604' title='bbox 2163 4349 2446 4419; x_wconf 85' lang='grc' dir='ltr'>ἀμήχανον</span> <span class='ocrx_word' id='word_1_605' title='bbox 2482 4348 2562 4400; x_wconf 70' lang='grc' dir='ltr'>ἔτι</span> <span class='ocrx_word' id='word_1_606' title='bbox 2605 4347 2699 4398; x_wconf 77' lang='grc' dir='ltr'>καὶ</span> <span class='ocrx_word' id='word_1_607' title='bbox 2744 4343 3176 4415; x_wconf 79' lang='grc' dir='ltr'>ἀδυνατώτερον,</span> <span class='ocrx_word' id='word_1_608' title='bbox 3224 4344 3387 4396; x_wconf 83' lang='grc' dir='ltr'>ὁπότε</span> <span class='ocrx_word' id='word_1_609' title='bbox 3415 4345 3538 4398; x_wconf 74' lang='grc' dir='ltr'>οὐδὲ</span> <span class='ocrx_word' id='word_1_610' title='bbox 3579 4345 3746 4414; x_wconf 73' lang='grc' dir='ltr'>φύσιν</span> 
     </span>
    </p>
   </div>
   <div class='ocr_carea' id='block_1_91' title="bbox 479 4425 2056 4510">
    <p class='ocr_par' dir='ltr' id='par_1_91' title="bbox 479 4425 2056 4498">
     <span class='ocr_line' id='line_1_91' title="bbox 479 4425 2056 4498; baseline -0.001 -15"><span class='ocrx_word' id='word_1_611' title='bbox 479 4428 696 4498; x_wconf 81' lang='lat' dir='ltr'><strong>species</strong></span> <span class='ocrx_word' id='word_1_612' title='bbox 725 4428 1007 4495; x_wconf 81' lang='lat' dir='ltr'><strong>formaque</strong></span> <span class='ocrx_word' id='word_1_613' title='bbox 1031 4425 1174 4480; x_wconf 92' lang='lat' dir='ltr'><strong>nulla</strong></span> <span class='ocrx_word' id='word_1_614' title='bbox 1222 4427 1416 4480; x_wconf 85' lang='lat' dir='ltr'><strong>subsit.</strong></span> <span class='ocrx_word' id='word_1_615' title='bbox 1442 4425 1654 4481; x_wconf 85' lang='lat' dir='ltr'><strong>Etenim</strong></span> <span class='ocrx_word' id='word_1_616' title='bbox 1698 4427 1764 4481; x_wconf 90' lang='lat' dir='ltr'><strong>ad</strong></span> <span class='ocrx_word' id='word_1_617' title='bbox 1785 4429 2056 4496; x_wconf 89' lang='lat' dir='ltr'><strong>quodnam</strong></span> 
     </span>
    </p>
   </div>
   <div class='ocr_carea' id='block_1_92' title="bbox 2160 4425 3749 4510">
    <p class='ocr_par' dir='ltr' id='par_1_92' title="bbox 2165 4435 3749 4510">
     <span class='ocr_line' id='line_1_92' title="bbox 2165 4435 3749 4510; baseline -0.003 -16"><span class='ocrx_word' id='word_1_618' title='bbox 2165 4439 2302 4494; x_wconf 86' lang='grc' dir='ltr'>Θεοῦ</span> <span class='ocrx_word' id='word_1_619' title='bbox 2334 4438 2575 4510; x_wconf 88' lang='grc' dir='ltr'>ὁμοιοῦν,</span> <span class='ocrx_word' id='word_1_620' title='bbox 2615 4438 2780 4507; x_wconf 90' lang='grc' dir='ltr'>φύσιν</span> <span class='ocrx_word' id='word_1_621' title='bbox 2807 4437 2932 4508; x_wconf 77' lang='grc' dir='ltr'>ἕχον</span> <span class='ocrx_word' id='word_1_622' title='bbox 2969 4437 3140 4498; x_wconf 74' lang='grc' dir='ltr'>ἐστὶν,</span> <span class='ocrx_word' id='word_1_623' title='bbox 3173 4435 3345 4500; x_wconf 82' lang='grc' dir='ltr'>είδους</span> <span class='ocrx_word' id='word_1_624' title='bbox 3370 4453 3430 4489; x_wconf 91' lang='grc' dir='ltr'><strong>τε</strong></span> <span class='ocrx_word' id='word_1_625' title='bbox 3466 4437 3559 4491; x_wconf 73' lang='grc' dir='ltr'>καὶ</span> <span class='ocrx_word' id='word_1_626' title='bbox 3611 4455 3749 4508; x_wconf 86' lang='grc' dir='ltr'>μορ-</span> 
     </span>
    </p>
   </div>
   <div class='ocr_carea' id='block_1_93' title="bbox 485 4516 2062 4591">
    <p class='ocr_par' dir='ltr' id='par_1_93' title="bbox 485 4516 2062 4591">
     <span class='ocr_line' id='line_1_93' title="bbox 485 4516 2062 4591; baseline -0.001 -15"><span class='ocrx_word' id='word_1_627' title='bbox 485 4521 768 4591; x_wconf 75' lang='lat' dir='ltr'><strong>exemplar</strong></span> <span class='ocrx_word' id='word_1_628' title='bbox 794 4529 1048 4589; x_wconf 82' lang='lat' dir='ltr'><strong>spectans</strong></span> <span class='ocrx_word' id='word_1_629' title='bbox 1084 4516 1281 4573; x_wconf 79' lang='lat' dir='ltr'><strong>artifex</strong></span> <span class='ocrx_word' id='word_1_630' title='bbox 1314 4519 1604 4590; x_wconf 87' lang='lat' dir='ltr'><strong>imaginem</strong></span> <span class='ocrx_word' id='word_1_631' title='bbox 1634 4518 1880 4576; x_wconf 83' lang='lat' dir='ltr'><strong>faceret?</strong></span> <span class='ocrx_word' id='word_1_632' title='bbox 1909 4519 2062 4574; x_wconf 84' lang='lat' dir='ltr'><strong>Nunc</strong></span> 
     </span>
    </p>
   </div>
   <div class='ocr_carea' id='block_1_94' title="bbox 486 4610 2061 4684">
    <p class='ocr_par' dir='ltr' id='par_1_94' title="bbox 486 4610 2061 4684">
     <span class='ocr_line' id='line_1_94' title="bbox 486 4610 2061 4684; baseline -0.002 -17"><span class='ocrx_word' id='word_1_633' title='bbox 486 4629 618 4670; x_wconf 91' lang='lat' dir='ltr'><strong>vero</strong></span> <span class='ocrx_word' id='word_1_634' title='bbox 635 4614 759 4684; x_wconf 79' lang='lat' dir='ltr'><strong>quia</strong></span> <span class='ocrx_word' id='word_1_635' title='bbox 776 4610 944 4668; x_wconf 90' lang='lat' dir='ltr'><strong>Deum</strong></span> <span class='ocrx_word' id='word_1_636' title='bbox 962 4611 1179 4681; x_wconf 88' lang='lat' dir='ltr'><strong>proprie</strong></span> <span class='ocrx_word' id='word_1_637' title='bbox 1189 4625 1421 4681; x_wconf 89' lang='lat' dir='ltr'><strong>vereque</strong></span> <span class='ocrx_word' id='word_1_638' title='bbox 1436 4621 1780 4682; x_wconf 89' lang='lat' dir='ltr'><strong>corporatum</strong></span> <span class='ocrx_word' id='word_1_639' title='bbox 1793 4611 2061 4676; x_wconf 90' lang='lat' dir='ltr'><strong>novimus,</strong></span> 
     </span>
    </p>
   </div>
   <div class='ocr_carea' id='block_1_95' title="bbox 486 4701 2064 4774">
    <p class='ocr_par' dir='ltr' id='par_1_95' title="bbox 486 4701 2064 4774">
     <span class='ocr_line' id='line_1_95' title="bbox 486 4701 2064 4774; baseline -0.001 -16"><span class='ocrx_word' id='word_1_640' title='bbox 486 4713 693 4774; x_wconf 83' lang='lat' dir='ltr'><strong>prostat</strong></span> <span class='ocrx_word' id='word_1_641' title='bbox 713 4704 800 4774; x_wconf 90' lang='lat' dir='ltr'><strong>pie</strong></span> <span class='ocrx_word' id='word_1_642' title='bbox 815 4702 1123 4758; x_wconf 89' lang='lat' dir='ltr'><strong>volentibus</strong></span> <span class='ocrx_word' id='word_1_643' title='bbox 1143 4701 1208 4756; x_wconf 87' lang='lat' dir='ltr'><strong>ad</strong></span> <span class='ocrx_word' id='word_1_644' title='bbox 1231 4701 1528 4756; x_wconf 90' lang='lat' dir='ltr'><strong>faciendam</strong></span> <span class='ocrx_word' id='word_1_645' title='bbox 1552 4702 1840 4774; x_wconf 87' lang='lat' dir='ltr'><strong>imaginem</strong></span> <span class='ocrx_word' id='word_1_646' title='bbox 1859 4718 1924 4758; x_wconf 90' lang='lat' dir='ltr'><strong>ea</strong></span> <span class='ocrx_word' id='word_1_647' title='bbox 1942 4718 2064 4772; x_wconf 82' lang='lat' dir='ltr'><strong>spe-</strong></span> 
     </span>
    </p>
   </div>
   <div class='ocr_carea' id='block_1_96' title="bbox 497 4793 2064 4866">
    <p class='ocr_par' dir='ltr' id='par_1_96' title="bbox 497 4793 2064 4866">
     <span class='ocr_line' id='line_1_96' title="bbox 497 4793 2064 4866; baseline 0 -16"><span class='ocrx_word' id='word_1_648' title='bbox 497 4797 632 4861; x_wconf 86' lang='lat' dir='ltr'><strong>cies,</strong></span> <span class='ocrx_word' id='word_1_649' title='bbox 669 4796 736 4850; x_wconf 90' lang='lat' dir='ltr'><strong>ad</strong></span> <span class='ocrx_word' id='word_1_650' title='bbox 782 4810 944 4865; x_wconf 90' lang='lat' dir='ltr'><strong>quam</strong></span> <span class='ocrx_word' id='word_1_651' title='bbox 993 4793 1156 4859; x_wconf 87' lang='lat' dir='ltr'><strong>Deus,</strong></span> <span class='ocrx_word' id='word_1_652' title='bbox 1183 4795 1324 4849; x_wconf 86' lang='lat' dir='ltr'><strong>servi</strong></span> <span class='ocrx_word' id='word_1_653' title='bbox 1359 4793 1529 4850; x_wconf 78' lang='lat' dir='ltr'><strong>forma</strong></span> <span class='ocrx_word' id='word_1_654' title='bbox 1561 4804 1855 4866; x_wconf 83' lang='lat' dir='ltr'><strong>assumpta,</strong></span> <span class='ocrx_word' id='word_1_655' title='bbox 1890 4805 2064 4851; x_wconf 90' lang='lat' dir='ltr'><strong>semet</strong></span> 
     </span>
    </p>
   </div>
   <div class='ocr_carea' id='block_1_97' title="bbox 491 4885 2063 4956">
    <p class='ocr_par' dir='ltr' id='par_1_97' title="bbox 491 4885 2063 4956">
     <span class='ocr_line' id='line_1_97' title="bbox 491 4885 2063 4956; baseline 0.003 -18"><span class='ocrx_word' id='word_1_656' title='bbox 491 4887 764 4956; x_wconf 80' lang='lat' dir='ltr'><strong>figuravit.</strong></span> <span class='ocrx_word' id='word_1_657' title='bbox 793 4885 928 4940; x_wconf 86' lang='lat' dir='ltr'><strong>Nam</strong></span> <span class='ocrx_word' id='word_1_658' title='bbox 959 4886 1006 4940; x_wconf 91' lang='lat' dir='ltr'><strong>si</strong></span> <span class='ocrx_word' id='word_1_659' title='bbox 1059 4885 1205 4955; x_wconf 89' lang='lat' dir='ltr'><strong>quod</strong></span> <span class='ocrx_word' id='word_1_660' title='bbox 1249 4895 1334 4940; x_wconf 87' lang='lat' dir='ltr'><strong>est</strong></span> <span class='ocrx_word' id='word_1_661' title='bbox 1371 4885 1644 4940; x_wconf 87' lang='lat' dir='ltr'><strong>invisibile</strong></span> <span class='ocrx_word' id='word_1_662' title='bbox 1688 4895 1744 4941; x_wconf 90' lang='lat' dir='ltr'><strong>et</strong></span> <span class='ocrx_word' id='word_1_663' title='bbox 1778 4900 1902 4940; x_wconf 87' lang='lat' dir='ltr'><strong>vere</strong></span> <span class='ocrx_word' id='word_1_664' title='bbox 1945 4886 2063 4942; x_wconf 91' lang='lat' dir='ltr'><strong>sine</strong></span> 
     </span>
    </p>
   </div>
   <div class='ocr_carea' id='block_1_98' title="bbox 479 4977 2067 5046">
    <p class='ocr_par' dir='ltr' id='par_1_98' title="bbox 479 4977 2067 5046">
     <span class='ocr_line' id='line_1_98' title="bbox 479 4977 2067 5046; baseline 0.002 -16"><span class='ocrx_word' id='word_1_665' title='bbox 479 4978 690 5042; x_wconf 72' lang='lat' dir='ltr'><strong>forma,</strong></span> <span class='ocrx_word' id='word_1_666' title='bbox 714 4984 900 5046; x_wconf 85' lang='lat' dir='ltr'><strong>utpote</strong></span> <span class='ocrx_word' id='word_1_667' title='bbox 928 4977 1498 5046; x_wconf 86' lang='lat' dir='ltr'><strong>incomprehensibile,</strong></span> <span class='ocrx_word' id='word_1_668' title='bbox 1516 4977 1645 5032; x_wconf 93' lang='lat' dir='ltr'><strong>nulli</strong></span> <span class='ocrx_word' id='word_1_669' title='bbox 1679 4978 1754 5034; x_wconf 91' lang='lat' dir='ltr'><strong>rei</strong></span> <span class='ocrx_word' id='word_1_670' title='bbox 1778 4988 1862 5034; x_wconf 87' lang='lat' dir='ltr'><strong>est</strong></span> <span class='ocrx_word' id='word_1_671' title='bbox 1887 4979 2067 5033; x_wconf 88' lang='lat' dir='ltr'><strong>simile</strong></span> 
     </span>
    </p>
   </div>
   <div class='ocr_carea' id='block_1_99' title="bbox 479 5065 2058 5138">
    <p class='ocr_par' dir='ltr' id='par_1_99' title="bbox 479 5065 2058 5138">
     <span class='ocr_line' id='line_1_99' title="bbox 479 5065 2058 5138; baseline 0.001 -16"><span class='ocrx_word' id='word_1_672' title='bbox 479 5065 750 5138; x_wconf 57' lang='lat' dir='ltr'><strong>.pingique</strong></span> <span class='ocrx_word' id='word_1_673' title='bbox 796 5067 1017 5135; x_wconf 84' lang='lat' dir='ltr'><strong>nequit;</strong></span> <span class='ocrx_word' id='word_1_674' title='bbox 1059 5067 1372 5122; x_wconf 87' lang='lat' dir='ltr'><strong>necessario</strong></span> <span class='ocrx_word' id='word_1_675' title='bbox 1406 5067 1669 5137; x_wconf 87' lang='lat' dir='ltr'><strong>quidquid</strong></span> <span class='ocrx_word' id='word_1_676' title='bbox 1714 5078 1798 5123; x_wconf 87' lang='lat' dir='ltr'><strong>est</strong></span> <span class='ocrx_word' id='word_1_677' title='bbox 1841 5069 2058 5124; x_wconf 89' lang='lat' dir='ltr'><strong>confor-</strong></span> 
     </span>
    </p>
   </div>
   <div class='ocr_carea' id='block_1_100' title="bbox 489 5158 2058 5231">
    <p class='ocr_par' dir='ltr' id='par_1_100' title="bbox 489 5158 2058 5231">
     <span class='ocr_line' id='line_1_100' title="bbox 489 5158 2058 5231; baseline 0.001 -15"><span class='ocrx_word' id='word_1_678' title='bbox 489 5169 696 5216; x_wconf 87' lang='lat' dir='ltr'><strong>matum</strong></span> <span class='ocrx_word' id='word_1_679' title='bbox 734 5168 792 5215; x_wconf 87' lang='lat' dir='ltr'><strong>et</strong></span> <span class='ocrx_word' id='word_1_680' title='bbox 823 5158 1056 5225; x_wconf 85' lang='lat' dir='ltr'><strong>visibile,</strong></span> <span class='ocrx_word' id='word_1_681' title='bbox 1114 5169 1300 5231; x_wconf 85' lang='lat' dir='ltr'><strong>utpote</strong></span> <span class='ocrx_word' id='word_1_682' title='bbox 1349 5161 1864 5230; x_wconf 72' lang='lat' dir='ltr'><strong>comprehensibile,</strong></span> <span class='ocrx_word' id='word_1_683' title='bbox 1900 5162 2058 5219; x_wconf 90' lang='lat' dir='ltr'><strong>fateri</strong></span> 
     </span>
    </p>
   </div>
   <div class='ocr_carea' id='block_1_101' title="bbox 483 5250 2065 5324">
    <p class='ocr_par' dir='ltr' id='par_1_101' title="bbox 483 5250 2065 5324">
     <span class='ocr_line' id='line_1_101' title="bbox 483 5250 2065 5324; baseline 0.001 -16"><span class='ocrx_word' id='word_1_684' title='bbox 483 5258 706 5324; x_wconf 79' lang='lat' dir='ltr'><strong>oportet</strong></span> <span class='ocrx_word' id='word_1_685' title='bbox 761 5250 1024 5307; x_wconf 88' lang='lat' dir='ltr'><strong>delineari</strong></span> <span class='ocrx_word' id='word_1_686' title='bbox 1083 5264 1244 5319; x_wconf 88' lang='lat' dir='ltr'><strong>posse</strong></span> <span class='ocrx_word' id='word_1_687' title='bbox 1302 5261 1359 5306; x_wconf 92' lang='lat' dir='ltr'><strong>et</strong></span> <span class='ocrx_word' id='word_1_688' title='bbox 1431 5251 1748 5320; x_wconf 86' lang='lat' dir='ltr'><strong>assimilari;</strong></span> <span class='ocrx_word' id='word_1_689' title='bbox 1817 5254 1958 5323; x_wconf 88' lang='lat' dir='ltr'><strong>quod</strong></span> <span class='ocrx_word' id='word_1_690' title='bbox 2005 5266 2065 5309; x_wconf 89' lang='lat' dir='ltr'><strong>ut</strong></span> 
     </span>
    </p>
   </div>
   <div class='ocr_carea' id='block_1_102' title="bbox 483 5341 2061 5416">
    <p class='ocr_par' dir='ltr' id='par_1_102' title="bbox 483 5341 2061 5416">
     <span class='ocr_line' id='line_1_102' title="bbox 483 5341 2061 5416; baseline 0.001 -17"><span class='ocrx_word' id='word_1_691' title='bbox 483 5345 810 5416; x_wconf 69' lang='lat' dir='ltr'><strong>ﬁguremus,</strong></span> <span class='ocrx_word' id='word_1_692' title='bbox 847 5357 952 5398; x_wconf 89' lang='lat' dir='ltr'><strong>non</strong></span> <span class='ocrx_word' id='word_1_693' title='bbox 980 5350 1064 5397; x_wconf 86' lang='lat' dir='ltr'><strong>est</strong></span> <span class='ocrx_word' id='word_1_694' title='bbox 1094 5341 1248 5395; x_wconf 88' lang='lat' dir='ltr'><strong>nobis</strong></span> <span class='ocrx_word' id='word_1_695' title='bbox 1279 5357 1414 5411; x_wconf 90' lang='lat' dir='ltr'><strong>opus</strong></span> <span class='ocrx_word' id='word_1_696' title='bbox 1447 5343 1724 5398; x_wconf 85' lang='lat' dir='ltr'><strong>mandato.</strong></span> <span class='ocrx_word' id='word_1_697' title='bbox 1765 5343 1881 5399; x_wconf 79' lang='lat' dir='ltr'><strong>Non</strong></span> <span class='ocrx_word' id='word_1_698' title='bbox 1917 5346 2061 5400; x_wconf 88' lang='lat' dir='ltr'><strong>enim</strong></span> 
     </span>
    </p>
   </div>
   <div class='ocr_carea' id='block_1_103' title="bbox 486 5432 2060 5506">
    <p class='ocr_par' dir='ltr' id='par_1_103' title="bbox 486 5432 2060 5506">
     <span class='ocr_line' id='line_1_103' title="bbox 486 5432 2060 5506; baseline -0.001 -14"><span class='ocrx_word' id='word_1_699' title='bbox 486 5438 712 5492; x_wconf 82' lang='lat' dir='ltr'><strong>esthoc</strong></span> <span class='ocrx_word' id='word_1_700' title='bbox 751 5436 804 5490; x_wconf 91' lang='lat' dir='ltr'><strong>in</strong></span> <span class='ocrx_word' id='word_1_701' title='bbox 831 5449 982 5490; x_wconf 92' lang='lat' dir='ltr'><strong>more</strong></span> <span class='ocrx_word' id='word_1_702' title='bbox 1010 5432 1273 5497; x_wconf 88' lang='lat' dir='ltr'><strong>ﬁdelium,</strong></span> <span class='ocrx_word' id='word_1_703' title='bbox 1307 5442 1365 5486; x_wconf 85' lang='lat' dir='ltr'><strong>ut</strong></span> <span class='ocrx_word' id='word_1_704' title='bbox 1412 5432 1550 5487; x_wconf 88' lang='lat' dir='ltr'><strong>nihil</strong></span> <span class='ocrx_word' id='word_1_705' title='bbox 1595 5435 1696 5490; x_wconf 91' lang='lat' dir='ltr'><strong>nisi</strong></span> <span class='ocrx_word' id='word_1_706' title='bbox 1739 5437 2060 5506; x_wconf 87' lang='lat' dir='ltr'><strong>imperatum</strong></span> 
     </span>
    </p>
   </div>
   <div class='ocr_carea' id='block_1_104' title="bbox 485 5522 2059 5597">
    <p class='ocr_par' dir='ltr' id='par_1_104' title="bbox 485 5522 2059 5597">
     <span class='ocr_line' id='line_1_104' title="bbox 485 5522 2059 5597; baseline 0 -14"><span class='ocrx_word' id='word_1_707' title='bbox 485 5528 716 5584; x_wconf 67' lang='lat' dir='ltr'><strong>faciant.</strong></span> <span class='ocrx_word' id='word_1_708' title='bbox 737 5525 924 5583; x_wconf 86' lang='lat' dir='ltr'><strong>Solent</strong></span> <span class='ocrx_word' id='word_1_709' title='bbox 955 5523 1136 5597; x_wconf 87' lang='lat' dir='ltr'><strong>potius</strong></span> <span class='ocrx_word' id='word_1_710' title='bbox 1161 5522 1415 5577; x_wconf 87' lang='lat' dir='ltr'><strong>nonnulla</strong></span> <span class='ocrx_word' id='word_1_711' title='bbox 1441 5533 1633 5593; x_wconf 88' lang='lat' dir='ltr'><strong>sponte</strong></span> <span class='ocrx_word' id='word_1_712' title='bbox 1657 5525 1757 5596; x_wconf 91' lang='lat' dir='ltr'><strong>ipsi</strong></span> <span class='ocrx_word' id='word_1_713' title='bbox 1789 5528 2059 5594; x_wconf 86' lang='lat' dir='ltr'><strong>conferre,</strong></span> 
     </span>
    </p>
   </div>
   <div class='ocr_carea' id='block_1_105' title="bbox 557 5701 1427 5773">
    <p class='ocr_par' dir='ltr' id='par_1_105' title="bbox 557 5701 1427 5773">
     <span class='ocr_line' id='line_1_105' title="bbox 557 5701 1427 5773; baseline -0.005 -13"><span class='ocrx_word' id='word_1_714' title='bbox 557 5702 603 5734; x_wconf 85' lang='grc'><strong>⁶¹</strong></span> <span class='ocrx_word' id='word_1_715' title='bbox 635 5702 797 5760; x_wconf 76' lang='lat' dir='ltr'><strong>Joan.</strong></span> <span class='ocrx_word' id='word_1_716' title='bbox 833 5718 922 5770; x_wconf 73' lang='lat' dir='ltr'><strong>xx,</strong></span> <span class='ocrx_word' id='word_1_717' title='bbox 965 5702 1060 5773; x_wconf 74' lang='lat'><strong>18;</strong></span> <span class='ocrx_word' id='word_1_718' title='bbox 1094 5701 1216 5758; x_wconf 76' lang='lat' dir='ltr'><strong>Act.</strong></span> <span class='ocrx_word' id='word_1_719' title='bbox 1244 5717 1300 5767; x_wconf 73' lang='grc' dir='ltr'>ι,</span> <span class='ocrx_word' id='word_1_720' title='bbox 1337 5701 1427 5757; x_wconf 61' lang='lat' dir='ltr'><strong>il.</strong></span> 
     </span>
    </p>
   </div>
   <div class='ocr_carea' id='block_1_106' title="bbox 2167 4527 3749 4602">
    <p class='ocr_par' dir='ltr' id='par_1_106' title="bbox 2167 4527 3749 4602">
     <span class='ocr_line' id='line_1_106' title="bbox 2167 4527 3749 4602; baseline -0.014 0"><span class='ocrx_word' id='word_1_721' title='bbox 2167 4535 2273 4602; x_wconf 72' lang='grc' dir='ltr'><strong>φῆς</strong></span> <span class='ocrx_word' id='word_1_722' title='bbox 2319 4531 2564 4602; x_wconf 79' lang='grc' dir='ltr'>ὑπούσης</span> <span class='ocrx_word' id='word_1_723' title='bbox 2625 4530 2701 4593; x_wconf 78' lang='grc' dir='ltr'><strong>ὡς</strong></span> <span class='ocrx_word' id='word_1_724' title='bbox 2748 4530 2986 4600; x_wconf 75' lang='grc' dir='ltr'>ἥκιστα·</span> <span class='ocrx_word' id='word_1_725' title='bbox 3033 4527 3305 4598; x_wconf 82' lang='grc' dir='ltr'>πρδςδτι</span> <span class='ocrx_word' id='word_1_726' title='bbox 3350 4529 3460 4598; x_wconf 89' lang='grc' dir='ltr'><strong>γάρ</strong></span> <span class='ocrx_word' id='word_1_727' title='bbox 3511 4546 3594 4591; x_wconf 84' lang='grc' dir='ltr'><strong>τις</strong></span> <span class='ocrx_word' id='word_1_728' title='bbox 3649 4532 3749 4581; x_wconf 78' lang='grc' dir='ltr'><strong>καὶ</strong></span> 
     </span>
    </p>
   </div>
   <div class='ocr_carea' id='block_1_107' title="bbox 2165 4619 3748 4692">
    <p class='ocr_par' dir='ltr' id='par_1_107' title="bbox 2165 4619 3748 4692">
     <span class='ocr_line' id='line_1_107' title="bbox 2165 4619 3748 4692; baseline -0.001 -16"><span class='ocrx_word' id='word_1_729' title='bbox 2165 4623 2480 4692; x_wconf 78' lang='grc' dir='ltr'>ἀποϐλέψας</span> <span class='ocrx_word' id='word_1_730' title='bbox 2541 4621 2896 4692; x_wconf 86' lang='grc' dir='ltr'>παράδειγμα</span> <span class='ocrx_word' id='word_1_731' title='bbox 2953 4619 3275 4690; x_wconf 65' lang='grc' dir='ltr'>ὁμοιώσεως</span> <span class='ocrx_word' id='word_1_732' title='bbox 3339 4619 3436 4673; x_wconf 84' lang='grc' dir='ltr'><strong>νῦν</strong></span> <span class='ocrx_word' id='word_1_733' title='bbox 3500 4620 3558 4673; x_wconf 83' lang='grc' dir='ltr'>δὲ</span> <span class='ocrx_word' id='word_1_734' title='bbox 3607 4620 3748 4674; x_wconf 73' lang='grc' dir='ltr'>Θεὸν</span> 
     </span>
    </p>
   </div>
   <div class='ocr_carea' id='block_1_108' title="bbox 2171 4708 3750 4783">
    <p class='ocr_par' dir='ltr' id='par_1_108' title="bbox 2171 4708 3750 4783">
     <span class='ocr_line' id='line_1_108' title="bbox 2171 4708 3750 4783; baseline 0 -19"><span class='ocrx_word' id='word_1_735' title='bbox 2171 4712 2575 4783; x_wconf 85' lang='grc' dir='ltr'>σωματωθέντα</span> <span class='ocrx_word' id='word_1_736' title='bbox 2624 4710 2830 4780; x_wconf 88' lang='grc' dir='ltr'>κυρίως</span> <span class='ocrx_word' id='word_1_737' title='bbox 2877 4709 2974 4762; x_wconf 71' lang='grc' dir='ltr'><strong>καὶ⁵</strong></span> <span class='ocrx_word' id='word_1_738' title='bbox 3019 4708 3240 4778; x_wconf 82' lang='grc' dir='ltr'>ἀληθῶς</span> <span class='ocrx_word' id='word_1_739' title='bbox 3282 4709 3553 4778; x_wconf 79' lang='grc' dir='ltr'>ἔγνωμεν,</span> <span class='ocrx_word' id='word_1_740' title='bbox 3607 4713 3750 4781; x_wconf 82' lang='grc' dir='ltr'>πρό-</span> 
     </span>
    </p>
   </div>
   <div class='ocr_carea' id='block_1_109' title="bbox 2168 4800 3746 4872">
    <p class='ocr_par' dir='ltr' id='par_1_109' title="bbox 2168 4800 3746 4872">
     <span class='ocr_line' id='line_1_109' title="bbox 2168 4800 3746 4872; baseline -0.003 -14"><span class='ocrx_word' id='word_1_741' title='bbox 2168 4822 2347 4858; x_wconf 88' lang='grc' dir='ltr'>κειται</span> <span class='ocrx_word' id='word_1_742' title='bbox 2380 4806 2492 4867; x_wconf 89' lang='grc' dir='ltr'>τοῖς</span> <span class='ocrx_word' id='word_1_743' title='bbox 2543 4803 2790 4856; x_wconf 81' lang='grc' dir='ltr'>εὐσεϐεῖν</span> <span class='ocrx_word' id='word_1_744' title='bbox 2836 4801 3082 4855; x_wconf 73' lang='grc' dir='ltr'>ἐθέλουσι</span> <span class='ocrx_word' id='word_1_745' title='bbox 3117 4800 3300 4872; x_wconf 81' lang='grc' dir='ltr'>μορφὴ</span> <span class='ocrx_word' id='word_1_746' title='bbox 3330 4802 3414 4864; x_wconf 89' lang='grc' dir='ltr'><strong>εἰς</strong></span> <span class='ocrx_word' id='word_1_747' title='bbox 3455 4801 3746 4872; x_wconf 87' lang='grc' dir='ltr'>ὁμοίωσιν,</span> 
     </span>
    </p>
   </div>
   <div class='ocr_carea' id='block_1_110' title="bbox 2169 4879 3751 4967">
    <p class='ocr_par' dir='ltr' id='par_1_110' title="bbox 2169 4879 3751 4967">
     <span class='ocr_line' id='line_1_110' title="bbox 2169 4879 3751 4967; baseline -0.001 -19"><span class='ocrx_word' id='word_1_748' title='bbox 2169 4897 2235 4967; x_wconf 77' lang='grc' dir='ltr'>ἣν</span> <span class='ocrx_word' id='word_1_749' title='bbox 2297 4893 2668 4966; x_wconf 82' lang='grc' dir='ltr'>προσείληφεν</span> <span class='ocrx_word' id='word_1_750' title='bbox 2696 4894 2726 4946; x_wconf 92' lang='grc' dir='ltr'><strong>ὁ</strong></span> <span class='ocrx_word' id='word_1_751' title='bbox 2771 4892 2870 4962; x_wconf 83' lang='grc' dir='ltr'>τὴν</span> <span class='ocrx_word' id='word_1_752' title='bbox 2912 4890 3006 4946; x_wconf 92' lang='grc' dir='ltr'><strong>τοῦ</strong></span> <span class='ocrx_word' id='word_1_753' title='bbox 3048 4879 3237 4946; x_wconf 86' lang='grc' dir='ltr'>δούλου</span> <span class='ocrx_word' id='word_1_754' title='bbox 3265 4891 3452 4945; x_wconf 87' lang='grc' dir='ltr'>εἰκόνα</span> <span class='ocrx_word' id='word_1_755' title='bbox 3503 4893 3751 4963; x_wconf 85' lang='grc' dir='ltr'>μορφοὺ-</span> 
     </span>
    </p>
   </div>
   <div class='ocr_carea' id='block_1_111' title="bbox 2172 4980 3749 5058">
    <p class='ocr_par' dir='ltr' id='par_1_111' title="bbox 2172 4980 3749 5058">
     <span class='ocr_line' id='line_1_111' title="bbox 2172 4980 3749 5058; baseline -0.004 -18"><span class='ocrx_word' id='word_1_756' title='bbox 2172 5003 2368 5058; x_wconf 71' lang='grc' dir='ltr'>μενος*</span> <span class='ocrx_word' id='word_1_757' title='bbox 2420 4986 2470 5038; x_wconf 90' lang='grc' dir='ltr'><strong>εἰ</strong></span> <span class='ocrx_word' id='word_1_758' title='bbox 2522 4987 2632 5055; x_wconf 84' lang='grc' dir='ltr'>γὰρ</span> <span class='ocrx_word' id='word_1_759' title='bbox 2680 4984 2743 5038; x_wconf 83' lang='grc' dir='ltr'><strong>τὺ</strong></span> <span class='ocrx_word' id='word_1_760' title='bbox 2790 4982 3022 5036; x_wconf 86' lang='grc' dir='ltr'>ἀθέατον</span> <span class='ocrx_word' id='word_1_761' title='bbox 3059 4983 3154 5036; x_wconf 74' lang='grc' dir='ltr'><strong>καὶ</strong></span> <span class='ocrx_word' id='word_1_762' title='bbox 3195 4981 3445 5052; x_wconf 77' lang='grc' dir='ltr'>ἄμορφον</span> <span class='ocrx_word' id='word_1_763' title='bbox 3475 4980 3555 5051; x_wconf 85' lang='grc' dir='ltr'>τῷ</span> <span class='ocrx_word' id='word_1_764' title='bbox 3601 4982 3749 5044; x_wconf 83' lang='grc' dir='ltr'>ὁντι,</span> 
     </span>
    </p>
   </div>
   <div class='ocr_carea' id='block_1_112' title="bbox 2168 5073 3752 5149">
    <p class='ocr_par' dir='ltr' id='par_1_112' title="bbox 2168 5073 3752 5149">
     <span class='ocr_line' id='line_1_112' title="bbox 2168 5073 3752 5149; baseline -0.002 -19"><span class='ocrx_word' id='word_1_765' title='bbox 2168 5078 2244 5142; x_wconf 80' lang='grc' dir='ltr'><strong>ὡς</strong></span> <span class='ocrx_word' id='word_1_766' title='bbox 2272 5078 2514 5149; x_wconf 73' lang='grc' dir='ltr'>ἄληπτον</span> <span class='ocrx_word' id='word_1_767' title='bbox 2555 5075 2810 5144; x_wconf 83' lang='grc' dir='ltr'>ἀνόμοιόν</span> <span class='ocrx_word' id='word_1_768' title='bbox 2851 5091 2910 5128; x_wconf 91' lang='grc' dir='ltr'><strong>τε</strong></span> <span class='ocrx_word' id='word_1_769' title='bbox 2945 5073 3043 5128; x_wconf 81' lang='grc' dir='ltr'>καὶ</span> <span class='ocrx_word' id='word_1_770' title='bbox 3082 5073 3388 5144; x_wconf 80' lang='grc' dir='ltr'>ἀγραπτον,</span> <span class='ocrx_word' id='word_1_771' title='bbox 3435 5073 3654 5143; x_wconf 84' lang='grc' dir='ltr'>ἀνάγκη</span> <span class='ocrx_word' id='word_1_772' title='bbox 3688 5074 3752 5127; x_wconf 76' lang='grc' dir='ltr'>τὸ</span> 
     </span>
    </p>
   </div>
   <div class='ocr_carea' id='block_1_113' title="bbox 2175 5163 3753 5240">
    <p class='ocr_par' dir='ltr' id='par_1_113' title="bbox 2175 5163 3753 5240">
     <span class='ocr_line' id='line_1_113' title="bbox 2175 5163 3753 5240; baseline -0.004 -17"><span class='ocrx_word' id='word_1_773' title='bbox 2175 5168 2461 5240; x_wconf 72' lang='grc' dir='ltr'>μορφωθὲν</span> <span class='ocrx_word' id='word_1_774' title='bbox 2493 5185 2552 5220; x_wconf 89' lang='grc' dir='ltr'><strong>τε</strong></span> <span class='ocrx_word' id='word_1_775' title='bbox 2583 5169 2679 5221; x_wconf 76' lang='grc' dir='ltr'>καὶ</span> <span class='ocrx_word' id='word_1_776' title='bbox 2716 5166 2929 5231; x_wconf 82' lang='grc' dir='ltr'>θεαθὲν,</span> <span class='ocrx_word' id='word_1_777' title='bbox 2961 5167 3038 5228; x_wconf 84' lang='grc' dir='ltr'>ὡς</span> <span class='ocrx_word' id='word_1_778' title='bbox 3077 5164 3427 5235; x_wconf 77' lang='grc' dir='ltr'>καταληφθὲν</span> <span class='ocrx_word' id='word_1_779' title='bbox 3465 5163 3753 5236; x_wconf 78' lang='grc' dir='ltr'>ὁμολογεῖ-</span> 
     </span>
    </p>
   </div>
   <div class='ocr_carea' id='block_1_114' title="bbox 2171 5257 3756 5332">
    <p class='ocr_par' dir='ltr' id='par_1_114' title="bbox 2171 5257 3756 5332">
     <span class='ocr_line' id='line_1_114' title="bbox 2171 5257 3756 5332; baseline -0.003 -18"><span class='ocrx_word' id='word_1_780' title='bbox 2171 5261 2295 5315; x_wconf 88' lang='grc' dir='ltr'>σθαι</span> <span class='ocrx_word' id='word_1_781' title='bbox 2324 5260 2572 5332; x_wconf 84' lang='grc' dir='ltr'>γραπτὸν</span> <span class='ocrx_word' id='word_1_782' title='bbox 2593 5260 2688 5313; x_wconf 76' lang='grc' dir='ltr'><strong>καὶ</strong></span> <span class='ocrx_word' id='word_1_783' title='bbox 2711 5259 3090 5328; x_wconf 86' lang='grc' dir='ltr'>ὁμοιούμενον,</span> <span class='ocrx_word' id='word_1_784' title='bbox 3121 5257 3149 5310; x_wconf 89' lang='grc' dir='ltr'><strong>ὂ</strong></span> <span class='ocrx_word' id='word_1_785' title='bbox 3173 5257 3461 5321; x_wconf 74' lang='grc' dir='ltr'>εἰκονίζεςν</span> <span class='ocrx_word' id='word_1_786' title='bbox 3483 5257 3591 5310; x_wconf 66' lang='grc' dir='ltr'>οὐκ</span> <span class='ocrx_word' id='word_1_787' title='bbox 3614 5259 3756 5310; x_wconf 88' lang='grc' dir='ltr'>ἀνα-</span> 
     </span>
    </p>
   </div>
   <div class='ocr_carea' id='block_1_115' title="bbox 2168 5347 3752 5420">
    <p class='ocr_par' dir='ltr' id='par_1_115' title="bbox 2168 5347 3752 5420">
     <span class='ocr_line' id='line_1_115' title="bbox 2168 5347 3752 5420; baseline -0.001 -19"><span class='ocrx_word' id='word_1_788' title='bbox 2168 5351 2400 5420; x_wconf 78' lang='grc' dir='ltr'>μένομεν</span> <span class='ocrx_word' id='word_1_789' title='bbox 2431 5349 2728 5420; x_wconf 78' lang='grc' dir='ltr'>πρόσταξιν</span> <span class='ocrx_word' id='word_1_790' title='bbox 2749 5364 2763 5380; x_wconf 76' lang='grc' dir='ltr'><strong>ο</strong></span> <span class='ocrx_word' id='word_1_791' title='bbox 2801 5349 2862 5402; x_wconf 86' lang='grc' dir='ltr'><strong>ού</strong></span> <span class='ocrx_word' id='word_1_792' title='bbox 2931 5348 3042 5416; x_wconf 84' lang='grc' dir='ltr'><strong>γάρ</strong></span> <span class='ocrx_word' id='word_1_793' title='bbox 3069 5349 3183 5400; x_wconf 85' lang='grc' dir='ltr'>ὲστι</span> <span class='ocrx_word' id='word_1_794' title='bbox 3211 5347 3372 5400; x_wconf 86' lang='grc' dir='ltr'>τοῦτο</span> <span class='ocrx_word' id='word_1_795' title='bbox 3401 5350 3516 5411; x_wconf 89' lang='grc' dir='ltr'>τοῖς</span> <span class='ocrx_word' id='word_1_796' title='bbox 3536 5354 3752 5412; x_wconf 77' lang='grc' dir='ltr'>πιστοῖς</span> 
     </span>
    </p>
   </div>
   <div class='ocr_carea' id='block_1_116' title="bbox 2169 5438 3752 5510">
    <p class='ocr_par' dir='ltr' id='par_1_116' title="bbox 2169 5438 3752 5510">
     <span class='ocr_line' id='line_1_116' title="bbox 2169 5438 3752 5510; baseline -0.001 -18"><span class='ocrx_word' id='word_1_797' title='bbox 2169 5442 2321 5505; x_wconf 82' lang='grc' dir='ltr'>ἰδιον,</span> <span class='ocrx_word' id='word_1_798' title='bbox 2354 5442 2533 5494; x_wconf 81' lang='grc' dir='ltr'>πάντα</span> <span class='ocrx_word' id='word_1_799' title='bbox 2572 5443 2636 5494; x_wconf 83' lang='grc' dir='ltr'>ὲκ</span> <span class='ocrx_word' id='word_1_800' title='bbox 2666 5442 3091 5510; x_wconf 83' lang='grc' dir='ltr'>προστάγματος</span> <span class='ocrx_word' id='word_1_801' title='bbox 3144 5439 3436 5510; x_wconf 87' lang='grc' dir='ltr'>πράττειν·</span> <span class='ocrx_word' id='word_1_802' title='bbox 3489 5438 3608 5492; x_wconf 73' lang='grc' dir='ltr'>ἐστι</span> <span class='ocrx_word' id='word_1_803' title='bbox 3640 5440 3752 5510; x_wconf 78' lang='grc' dir='ltr'>γὰρ</span> 
     </span>
    </p>
   </div>
   <div class='ocr_carea' id='block_1_117' title="bbox 2169 5529 3752 5603">
    <p class='ocr_par' dir='ltr' id='par_1_117' title="bbox 2169 5529 3752 5603">
     <span class='ocr_line' id='line_1_117' title="bbox 2169 5529 3752 5603; baseline -0.001 -20"><span class='ocrx_word' id='word_1_804' title='bbox 2169 5529 2204 5583; x_wconf 80' lang='grc' dir='ltr'><strong>ἀ</strong></span> <span class='ocrx_word' id='word_1_805' title='bbox 2242 5531 2335 5584; x_wconf 65' lang='grc' dir='ltr'>καὶ</span> <span class='ocrx_word' id='word_1_806' title='bbox 2381 5530 2510 5603; x_wconf 78' lang='grc' dir='ltr'>παρ’</span> <span class='ocrx_word' id='word_1_807' title='bbox 2556 5533 2774 5595; x_wconf 78' lang='grc' dir='ltr'>ἑαυτοῖς</span> <span class='ocrx_word' id='word_1_808' title='bbox 2817 5529 3216 5600; x_wconf 83' lang='grc' dir='ltr'>συνεισφέρειν,</span> <span class='ocrx_word' id='word_1_809' title='bbox 3247 5529 3348 5583; x_wconf 78' lang='grc' dir='ltr'>ὅσα</span> <span class='ocrx_word' id='word_1_810' title='bbox 3386 5531 3502 5594; x_wconf 82' lang='grc' dir='ltr'>τοῖς</span> <span class='ocrx_word' id='word_1_811' title='bbox 3548 5529 3752 5602; x_wconf 79' lang='grc' dir='ltr'>θερμο-</span> 
     </span>
    </p>
   </div>
  </div>
