4032 6208
262 291 365 359 ιδι

948 288 1573 354 ANTIRRHETICUS
1611 286 1707 350 III
1769 289 1939 352 ADV.
1977 288 2573 354 CONSTANTINUM
2608 290 2823 357 COPR.

3414 292 3521 358 462

258 403 452 473 τέροις
498 401 772 474 προσήκει
829 400 1071 474 μάλιστα.
1130 403 1229 457 καὶ
1279 399 1724 471 σπουδαιοτέροις
1769 400 1850 463 είς

1953 414 2077 469 quae
2106 402 2364 456 nimirum
2390 403 2628 457 maxime
2653 403 2844 457 decent
2863 400 3219 458 ferventiores
3241 408 3295 458 et
3318 403 3521 457 studio-

260 492 548 563 φιλοθεῖαν
572 510 632 547 τε
660 494 755 547 καὶ
786 494 1073 547 εὐσέϐειαν
1093 511 1107 525 σ
1133 491 1254 547 ἐπεὶ
1286 492 1453 547 πόθεν
1474 491 1534 545 τὸ
1567 492 1759 546 πιστὸν
1791 492 1849 547 ὲν

259 588 450 652 αὐτοῖς
473 586 809 662 deﬁceret;

217 724 227 745 ν
334 698 452 771 [ιβ’.
506 701 569 754 El.
622 700 681 754 δὲ
730 701 826 754 καὶ
876 699 1043 770 νόμον
1093 717 1179 764 τις
1230 698 1547 771 ἐπιζητοίη,
1578 697 1677 752 τοῦ
1706 697 1850 768 λόγῳ

217 778 222 783 ’
264 790 605 861 προστάξαι,
634 790 698 843 τὸ
749 789 900 862 ἔργῳ
956 790 1253 861 κατάρξαι,
1320 790 1459 861 πρὸς
1501 790 1850 857 ἀξιοπιστίαν

257 879 680 951 ἀσφαλέστερον
700 896 714 909 ·
756 880 850 932 καὶ
894 882 1007 942 τοῖς
1040 879 1287 943 εὐλαϐῶς
1314 880 1444 951 περὶ
1475 880 1542 933 τὰ
1576 880 1699 934 θεῖα
1730 879 1849 932 δια-

260 973 548 1042 κειμένοις
595 972 698 1025 οὐκ
745 972 1189 1042 ἀπιστηθήσεται
1228 973 1290 1025 τὸ
1333 971 1659 1042 λεγόμενονο
1703 973 1849 1026 ίστόο

263 1078 437 1133 ρηται
474 1062 592 1133 γὰρ
613 1062 691 1124 ὡς
711 1060 965 1131 Αῦγαρος
998 1062 1027 1114 ὁ
1056 1061 1169 1115 τῶν
1210 1062 1513 1133 Ἐδεσηνῶν
1555 1062 1847 1134 βασιλεὺς,

259 1152 334 1205 τά
395 1152 556 1219 παρά
594 1151 833 1223 Χριστοῦ
870 1153 1134 1221 γινόμενα
1160 1151 1727 1224 ,θαυματουργήματα
1759 1153 1851 1206 ὲκ-

259 1243 669 1315 πληττόμενος,
702 1242 855 1314 πόθῳ
893 1260 953 1296 τε
983 1241 1167 1313 πολλῷ
1200 1242 1623 1313 καθελκόμενος,
1658 1244 1755 1297 καὶ
1787 1244 1847 1296 ὲν

255 1336 445 1389 εικόνι
492 1334 654 1388 αὐτὸν
689 1334 851 1405 μόνον
874 1332 1194 1397 θεάσασθαι,
1234 1334 1558 1387 ἀποστέλλει
1585 1334 1706 1387 τινὰ
1739 1335 1848 1399 ζω-

254 1425 505 1493 γράφον,
526 1422 670 1476 ὥστε
697 1424 760 1476 τὸ
783 1418 924 1487 εἶδος
952 1425 1133 1478 ἐκεῖνο
1158 1423 1219 1477 τὸ
1248 1424 1392 1478 θεῖον
1416 1423 1845 1496 διαχαράξαντα,

256 1516 399 1586 παρ’
434 1515 600 1568 αὐτὸν
644 1515 895 1585 κομίζειν
931 1516 1010 1579 ὡς
1059 1516 1323 1586 τάχισταθ
1373 1514 1469 1569 τοῦ
1510 1515 1569 1568 δὲ
1618 1517 1849 1588 διαμαρ⁴

253 1606 453 1669 τόντος
509 1605 605 1659 τοῦ
663 1605 892 1673 σκοποῦ,
946 1606 1039 1660 διὰ
1089 1606 1188 1678 τὴν
1241 1606 1692 1677 ὑπερϐάλλουσαν
1750 1608 1846 1662 τοῦ

257 1697 567 1768 προσώπου
607 1697 773 1767 χάριν
811 1714 874 1751 τε
915 1699 1011 1751 καὶ
1043 1697 1428 1769 λαμπρότητα,
1459 1698 1621 1763 αὐτὸς
1658 1699 1738 1770 τῷ
1766 1702 1847 1753 ol-

256 1755 403 1859 κείω
437 1755 719 1860 «praedi-nm
743 1789 936 1860 ὀθόνην
959 1755 1848 1863 ὲπιθελς,’ὲναπομάττει-τὸ.ἑαυο
1877 1755 1920 1811 Β

256 1881 360 1935 τοῦ
381 1878 641 1952 ὁμοίωμα
659 1919 676 1946 ,
726 1881 822 1935 uel.
849 1881 1178 1935 ἀποστέλλει
1202 1882 1282 1952 τῷ
1320 1882 1519 1954 ἐρῶντι
1548 1883 1613 1939 τὸ
1644 1882 1849 1937 ποθού-

261 1990 458 2043 μενον.

337 2086 457 2156 μγ’.
502 2087 812 2159 ἰστόρηται
858 2086 918 2140 δὲ
955 2087 1050 2140 καὶ
1110 2086 1271 2141 τοῦτο
1290 2128 1305 2154 ,
1339 2087 1424 2142 δτι
1472 2086 1570 2142 τοῦ
1627 2086 1850 2142 πάντων

259 2179 429 2249 ἡμῶν
455 2178 712 2250 Σωτῆρος
737 2178 974 2248 Χριστοῦ
1008 2179 1066 2231 ὲν
1092 2177 1343 2250 Βηθλεὲμ
1367 2179 1671 2250 τεχθέντος,
1698 2180 1727 2233 ὁ
1755 2176 1850 2233 τοῦ

261 2269 497 2341 Περσῶν
540 2268 730 2333 ἔθνους
768 2269 1075 2339 τηνικαῦτα
1105 2269 1478 2341 ἡγεμονεύων,
1524 2270 1701 2342 εὐφυῆ
1727 2287 1853 2325 τινα

258 2360 566 2432 ζωγράφον
619 2362 800 2413 ἐκεῖσε
852 2360 1163 2431 ἐξέπεμψεν
1188 2400 1206 2426 ,
1264 2362 1415 2425 ὅστις
1462 2361 1566 2433 τήν
1640 2377 1699 2415 τε
1754 2361 1851 2416 τοῦ

256 2453 560 2523 τεχθέντος
607 2454 707 2506 καὶ
742 2453 842 2523 τῆς
892 2451 1165 2523 τεκούσης
1194 2452 1379 2506 εἰκόνα
1414 2453 1747 2523 διαγράψας,
1776 2454 1853 2518 ὡς

257 2545 432 2598 αὐτὸν
460 2545 690 2614 ἢγαγεν.
726 2541 932 2598 Εἰδέτω
950 2543 1149 2615 καρδία
1178 2543 1444 2606 άπιστοςι
1473 2543 1610 2597 Οὐδὲ
1636 2544 1855 2615 Πέρσας

257 2634 631 2706 παραδέξεται
674 2634 947 2705 τοσαύτην
984 2634 1372 2704 στειλαμένους
1421 2633 1563 2699 ὁδὸν,
1593 2634 1744 2707 δῶρα
1775 2634 1854 2706 τῷ

258 2726 525 2797 τεχθέντι
551 2725 765 2797 βασιλεῖ
792 2720 880 2780 οἷα
904 2726 1533 2807 προσῆκεκομίσοντας,
1566 2727 1673 2781 ὐπὸ
1696 2729 1855 2783 ἀστέ-

261 2836 359 2891 ρος
390 2836 453 2872 τε
492 2818 919 2889 ὀδηγουμένους,
943 2819 1041 2874 καὶ
1067 2820 1208 2891 ὅπερ
1232 2818 1311 2891 τῷ
1338 2818 1453 2873 δντι
1482 2820 1732 2891 περιδεὲς
1759 2822 1856 2876 καὶ

260 2914 345 2976 είς
378 2907 667 2983 προῦπτον
713 2911 985 2982 δμϐάλλον
1017 2910 1282 2975 κίνδυνον,
1306 2910 1528 2982 βασιλέα
1558 2911 1855 2983 κηρύσσειν

261 3003 548 3075 λαμπρῶς
585 3003 680 3057 τὸν
712 3003 1047 3073 γεννηθέντα
1065 3043 1081 3068 ,
1114 3003 1209 3057 ἐπὶ
1235 3002 1337 3072 τῆς
1362 3002 1677 3074 ἀλλοδαπῆς
1697 3021 1856 3074 γενο-

1954 495 2128 549 siores
2147 494 2313 548 divini
2339 494 2541 548 amoris
2567 503 2727 564 atque
2754 494 2987 565 pietatis.
3020 492 3187 549 Secus
3214 492 3360 548 enim
3379 507 3521 564 ,quoo

1952 583 2115 637 modo
2146 583 2384 651 ipsorum
2418 583 2651 640 ﬁdelitas
2689 585 3022 653 appareret?

2023 690 2113 746 42.
2156 692 2311 758 Quod
2353 693 2399 748 si
2438 694 2562 763 quis
2594 693 2757 749 etiam
2809 694 2981 766 legem
3016 697 3375 752 demonstrari
3415 696 3519 754 sibi

1951 771 2212 854 postulet,
2264 796 2412 841 certe
2464 802 2628 857 opere
2666 786 2903 852 efﬁcere,
2949 789 3176 845 validius
3240 791 3306 845 ad
3360 789 3519 846 ﬁdem

1952 875 2256 931 faciendam
2283 887 2389 940 est,
2418 892 2576 947 quam
2596 879 2778 934 verbis
2795 879 3107 950 praecipere.
3128 878 3249 935 Jam
3273 895 3402 936 vero
3430 880 3519 948 iis,

1951 968 2042 1036 qui
2077 968 2165 1037 pie
2201 968 2267 1022 ad
2300 984 2389 1023 res
2419 969 2649 1024 divinas‘
2676 970 3018 1037 incumbunt,
3044 972 3096 1026 id
3142 972 3285 1041 quod
3314 971 3519 1027 dicturi

1950 1072 2140 1113 sumus
2173 1074 2279 1113 non
2319 1060 2425 1115 erit
2473 1061 2809 1117 incredibile.
2864 1061 3130 1117 Narratur
3154 1063 3298 1119 enim
3335 1064 3516 1130 Λυκα-

1950 1165 2072 1205 rum
2096 1151 2496 1208 Edessenorum
2530 1168 2737 1224 regem,
2770 1158 2914 1210 edita
2945 1172 2972 1207 a
3001 1154 3220 1209 Christo
3266 1146 3514 1225 prodigia

1951 1242 2295 1307 admiratum,
2340 1243 2508 1299 multo
2550 1259 2735 1301 amore
2779 1247 2941 1316 120
2974 1246 3284 1317 impulsum,
3313 1256 3373 1303 ut
3410 1249 3517 1302 sal.

1950 1340 2056 1387 tem
2086 1333 2138 1387 in
2172 1333 2404 1405 imagine
2425 1349 2547 1390 eum
2572 1345 2864 1405 spectaret,
2893 1338 3150 1406 pictorem
3176 1337 3391 1392 misisse
3420 1339 3512 1408 qui

1948 1426 2151 1480 vultum
2182 1426 2331 1480 illum
2350 1427 2586 1481 divinum
2620 1428 2885 1497 pingeret,
2904 1437 3067 1498 atque
3086 1428 3153 1482 ad
3175 1443 3233 1483 se
3255 1428 3519 1484 citissime

1948 1517 2443 1589 aﬂ‘erretJJumque
2469 1520 2644 1589 pictor
2674 1535 2841 1588 scapo
2864 1535 2962 1574 suo
2984 1536 3089 1576 non
3122 1529 3267 1576 esset
3293 1521 3518 1591 potitus,

1948 1620 2169 1680 propter
2200 1611 2458 1665 eximiam
2488 1611 2667 1666 vultus
2698 1620 3037 1666 venustatem
3074 1622 3238 1681 atque
3272 1613 3523 1682 splendo-

1951 1715 2088 1766 rem,
2120 1701 2271 1756 aiunt
2313 1700 2593 1756 Christum
2649 1699 2810 1757 faciei
2857 1717 2970 1757 sua:
3019 1702 3189 1757 linteo
3234 1704 3519 1773 applicito,

1949 1787 2240 1859 imaginem
2270 1790 2545 1858 propriam
2573 1789 2991 1860 deprompsisse,
3026 1805 3252 1862 remque
3280 1801 3519 1863 optatam

1949 1879 2019 1935 ad
2049 1891 2352 1936 amatorem
2383 1896 2567 1952 regem
2610 1882 2977 1939 tranSmisisse
2995 1882 3131 1954 (59).

2019 2078 2110 2135 45.
2139 2078 2404 2136 Narratur
2431 2096 2675 2153 Insuper,
2704 2083 2997 2141 universali
3018 2096 3205 2142 nostro
3229 2083 3520 2142 Servatore

1949 2172 2168 2230 Christo
2190 2172 2482 2231 Bethlecmi
2500 2185 2646 2242 nato,
2667 2176 2812 2232 illum
2831 2178 2922 2248 qui
2943 2179 3118 2248 gentis
3141 2178 3371 2236 Persicae
3395 2190 3521 2235 tunc

1950 2278 2163 2338 sceptra
2184 2268 2422 2336 tenebat,
2439 2271 2713 2341 egregium
2737 2272 2864 2327 illuc
2882 2273 3201 2328 smaudasse
3225 2274 3520 2344 pictorem,

1952 2359 2044 2428 qui
2071 2360 2180 2413 nati
2203 2361 2353 2430 pueri
2378 2375 2443 2415 ac
2459 2362 2648 2417 matris
2667 2361 2955 2432 imaginem
2973 2363 3327 2430 describeret,
3358 2374 3523 2435 atque

1952 2450 2021 2503 ad
2051 2464 2111 2504 se
2133 2452 2442 2507 adduceret.
2464 2453 2770 2521 Agnoscant
2790 2454 2894 2508 hoc
2914 2453 3077 2509 corda
3112 2453 3386 2511 incredula
3408 2458 3422 2510 l
3446 2456 3525 2512 Ne

1954 2540 2149 2597 Persas
2180 2542 2395 2612 quidem
2453 2544 2555 2598 sibi
2590 2546 2983 2614 persuadebunt
3017 2554 3225 2601 tantum
3254 2547 3358 2604 iter
3404 2563 3527 2605 sus-

1954 2634 2183 2703 cepisse,
2208 2635 2347 2689 dona
2388 2644 2515 2691 nato
2543 2637 2654 2707 regi
2682 2647 2842 2709 prout
2870 2653 2966 2706 par
2979 2647 3097 2693 erat
3121 2638 3345 2704 laturos,
3368 2640 3524 2697 stella

1955 2724 2224 2791 ducente;
2252 2727 2505 2796 quodque
2530 2741 2721 2783 revera
2750 2728 3164 2785 formidolosum
3190 2740 3327 2797 erat,
3368 2740 3424 2786 et
3467 2732 3523 2786 in

1958 2815 2307 2871 manifestum
2357 2818 2684 2887 conjiciebat
2736 2815 3052 2886 discrimen:
3115 2837 3295 2889 regem
3342 2821 3522 2893 palam

1956 2909 2250 2977 praedicare
2298 2922 2483 2965 natum
2538 2910 2590 2967 in
2659 2919 2801 2967 terra
2865 2914 2966 2969 sibi
3028 2915 3337 2985 peregrina.
3369 2914 3524 2982 Quod

1957 3001 2004 3057 si
2053 3016 2161 3056 non
2193 3001 2377 3057 omnia
2422 3002 2478 3057 in
2523 3005 2833 3074 evangelica
2867 3005 3092 3061 historia
3143 3015 3267 3062 sunt
3298 3006 3522 3078 scripta,

260 3102 511 3172 μένους·
568 3101 617 3152 εἰ
664 3097 722 3151 δὲ
770 3097 833 3150 οὐ
883 3097 1065 3153 πάντα
1110 3096 1533 3167 ἀναγέγραπται
1577 3096 1723 3151 κατά
1752 3097 1850 3169 τὴν

1957 3106 2064 3147 non
2106 3092 2308 3147 idcirco
2357 3092 2539 3148 omnia
2584 3102 2712 3148 sunt
2757 3094 3113 3151 incredibilia.
3165 3094 3299 3150 Nam
3350 3111 3527 3165 neque

260 3191 641 3263 εὐαγγελικὴν
669 3189 935 3260 ίοτορίαν,
961 3189 1024 3243 οὐ
1049 3189 1232 3243 πάντα
1254 3188 1409 3259 παρὰ
1431 3187 1596 3242 τοῦτο
1621 3190 1849 3244 amota:

256 3288 391 3342 οὐδὲ
414 3286 528 3357 γὰρ
555 3285 625 3338 τὰ
646 3283 797 3339 ἀλλαο
816 3284 1020 3353 σημεῖα
1055 3281 1093 3336 ἃ
1123 3280 1383 3364 ἐποίησεν
1414 3281 1444 3333 ὁ
1489 3280 1699 3352 Ἰησοῦς
1726 3281 1855 3337 ἀθε-

262 3378 486 3450 τητιον,
518 3376 691 3431 πολλά
718 3391 783 3443 γε
811 3374 944 3428 ὄντα
964 3414 981 3441 ,
1021 3372 1099 3437 ὡς
1138 3372 1278 3444 μηδὲ
1308 3374 1508 3443 χωρεῖν
1534 3372 1626 3426 τὸν
1649 3372 1853 3442 κόσμον

264 3471 439 3526 καθὲν
469 3469 818 3540 γραφόμενα,
846 3465 1033 3539 ἐπειδὴ
1061 3466 1162 3520 οὐκ
1188 3465 1627 3536 ἀναγέγραπται,
1660 3464 1843 3534 φησὶν,

260 3567 295 3618 ὁ
319 3564 505 3634 μέγας
550 3559 945 3631 εὐαγγελιστὴς
1002 3558 1255 3629 Ἰωάννης
1275 3573 1292 3588 ·
1321 3557 1453 3628 περὶ
1482 3556 1584 3628 μὲν
1626 3551 1720 3609 οὖν
1748 3554 1852 3625 τῆς

263 3653 509 3725 ἀοράτου
543 3653 641 3706 καὶ
674 3650 1013 3719 ὑπερουσίου
1056 3650 1153 3703 καὶ⁵
1195 3648 1440 3721 ἀλήπτου
1474 3647 1711 3717 φύσεως,
1752 3646 1852 3700 καὶ

262 3748 335 3817 ἢν
363 3734 590 3815 ὁμοιοῦν
612 3742 885 3799 ἀδύνατον
933 3740 1175 3808 λέγεται,
1209 3740 1291 3794 ὃτι
1327 3739 1477 3793 οὔτε
1502 3737 1715 3808 φωνὴν
1740 3739 1849 3792 αὑ-

259 3836 376 3892 τοῦ
409 3837 738 3903 ἀκηκόατε,
779 3833 919 3887 οὔτε
945 3828 1105 3898 side;
1146 3830 1334 3887 αὑτοῦ
1369 3830 1690 3900 ἑωράκατε*
1718 3830 1845 3897 καὶ,

264 3929 422 3982 Θεὸν
464 3927 666 3992 οὐδεὶς
694 3908 918 3993 ἑώρακε
943 3922 1209 3988 πώποτε,
1237 3923 1377 3978 οὔτε
1405 3940 1496 3987 τις
1525 3922 1850 3993 ἀνθρώπων

260 4016 454 4083 εἶδεν,
482 4019 620 4072 οὔτε
653 4016 802 4071 ιδεῖν
829 4014 1080 4070 δύναται
1101 4029 1116 4044 ·
1160 4013 1248 4068 διά
1280 4013 1345 4067 τὸ
1378 4013 1552 4078 οὓτως
1579 4013 1725 4084 ἔχειν
1745 4013 1847 4067 αὐ-

260 4111 391 4179 τὴν,
445 4093 543 4159 καὶ
582 4105 658 4177 μὴ
691 4103 923 4177 ὁρᾶσθαι
974 4104 1110 4175 μηδὲ
1141 4102 1459 4168 ἀκούεσθαι,
1494 4102 1612 4156 ἀλλ’
1643 4102 1847 4174 ὶξῃρῆ.

261 4200 395 4252 σθαι
423 4196 631 4267 ταύτην
653 4195 748 4249 καὶ
769 4194 945 4258 εἴδους
974 4194 1178 4257 παντὸς
1199 4195 1295 4248 καὶ
1320 4193 1601 4263 φθόγγωνο
1630 4194 1724 4247 καὶ
1747 4194 1847 4264 μέν

258 4307 329 4359 γε
371 4288 474 4343 καὶ
518 4288 604 4341 δτι
642 4286 706 4341 οὐ
742 4284 994 4340 πεινάσει
1028 4284 1150 4338 οὐδὲ
1175 4285 1464 4339 κοπιάσει·
1500 4284 1653 4339 οὐδὲ
1676 4284 1848 4338 ἔστιν

256 4379 578 4446 ἐξεύρεσις
604 4376 716 4444 τῆς
747 4375 1099 4445 φρονήσεως
1144 4373 1352 4429 αὑτοῦ.
1385 4376 1524 4441 Περὶ
1560 4374 1617 4429 δι
1642 4374 1743 4444 τῆς
1786 4376 1846 4428 ὲν

1955 3182 2060 3239 alia
2103 3184 2369 3253 prodigia,
2425 3198 2548 3253 quae
2617 3183 2775 3239 .lesus
2816 3184 3004 3251 edidit,
3066 3196 3196 3242 sunt
3253 3188 3549 3258 neganda,

1954 3288 2077 3328 cum
2115 3282 2193 3329 tot
2236 3273 2460 3339 fuerint,
2491 3284 2638 3330 utne
2666 3276 2901 3331 mundus
2938 3277 3153 3346 quidem
3185 3292 3249 3333 ea
3273 3289 3518 3347 caperet,

1954 3380 2265 3433 quanquam
2304 3379 2410 3420 non
2432 3373 2559 3420 sunt
2579 3366 2800 3435 scripta,
2838 3375 2895 3419 ut
2928 3382 3156 3438 magnus
3189 3369 3264 3422 ait
3291 3382 3524 3439 evange-

1956 3453 2074 3506 lista
2102 3451 2419 3509 Joannes".
2455 3454 2534 3509 De
2572 3453 2829 3510 invisibili
2856 3469 2987 3527 ergo
3018 3467 3073 3511 et
3088 3459 3522 3526 supersubstan-

1955 3545 2067 3599 tiali
2097 3553 2153 3600 et
2170 3544 2697 3615 incomprehensibili
2720 3554 2934 3612 natura,
2961 3558 3017 3604 et
3044 3548 3199 3618 cujus
3227 3549 3519 3618 imaginem

1954 3634 2135 3692 facere
2191 3636 2526 3707 impossibile
2554 3647 2657 3707 est,
2690 3639 2892 3694 dicitur
2923 3658 2938 3695 :
2976 3638 3160 3709 Neque
3206 3658 3379 3696 uocent
3405 3640 3521 3712 ejus
3618 3670 3631 3683 ο

1951 3725 2202 3791 audistis,
2253 3741 2416 3797 neque
2463 3728 2686 3797 speciem
2719 3728 2835 3797 ejus
2864 3730 3168 3798 uidistis”;
3204 3738 3259 3785 et
3291 3747 3305 3785 :
3353 3731 3520 3785 Deum

1951 3833 2101 3874 nemo
2133 3819 2261 3873 uidit
2284 3835 2539 3888 unquam,
2574 3837 2736 3893 neque
2766 3820 2906 3878 ullus
2938 3823 3205 3879 hominum
3251 3826 3398 3881 scivit
3424 3836 3520 3880 aut

1950 3911 2086 3965 scire
2141 3920 2311 3979 potest
2331 3912 2378 3945 “
2423 3913 2549 3983 quia
2615 3928 2809 3986 nempe
2862 3913 3048 3971 Deitas
3092 3916 3166 3971 ita
3231 3933 3292 3973 se
3335 3917 3521 3980 habet.

1951 4011 2010 4055 ut
2051 4014 2226 4071 neque
2267 4001 2536 4069 audiatur,
2572 4004 2669 4059 sed
2701 4004 2850 4059 omni
2909 4017 3213 4078 conspectu’
3261 4023 3325 4064 ac
3388 4024 3522 4065 sonu

1949 4090 2252 4158 eximatur;
2332 4108 2510 4162 neque
2581 4095 2709 4149 item
2762 4096 2966 4151 esuriet
3045 4113 3279 4166 unquam
3345 4114 3522 4167 neque

1948 4182 2127 4237 sitiet:
2157 4182 2270 4237 Nec
2293 4193 2368 4237 est
2394 4185 2722 4254 investigatio
2742 4188 3017 4252 sapientia
3035 4189 3150 4258 ejus
3166 4190 3233 4244 ”.
3263 4191 3335 4245 De
3354 4187 3518 4244 Verbi

1950 4284 2129 4329 autem
2161 4275 2212 4329 in
2244 4290 2410 4331 carne
2442 4276 2827 4345 apparitione:
2861 4276 2986 4332 Nisi
3030 4279 3307 4347 venissem,
3343 4291 3390 4335 et
3430 4298 3519 4335 eas

1950 4365 2218 4422 allocutus
2277 4384 2466 4433 essent,
2514 4377 2788 4437 peceatum
2854 4386 2960 4423 non
3003 4373 3273 4427 haberent.
3314 4373 3384 4428 Et
3436 4376 3519 4429 ei.

259 4472 440 4541 σαρκὶ
466 4467 791 4537 θεοφανείας
833 4465 930 4519 τοῦ
955 4466 1155 4533 Λόγου,
1178 4464 1260 4518 ὅτι
1316 4467 1386 4519 El
1413 4464 1500 4534 μὴ
1525 4460 1716 4535 ἦλθον
1742 4465 1842 4521 καὶ

1950 4455 2163 4523 derunt,
2205 4467 2257 4512 et
2305 4462 2527 4512 oderunt
2574 4475 2672 4523 me,
2714 4460 2971 4527 simulque
3025 4461 3175 4515 illum
3231 4464 3322 4533 qui
3372 4467 3517 4518 misit

255 4557 546 4625 ἐλάλησα
591 4555 817 4622 αὐτοῖς,
867 4554 1162 4624 ἁμαρτίαν
1200 4555 1312 4609 οὐκ
1355 4550 1553 4623 εἶχον·
1605 4555 1703 4608 καὶ
1759 4556 1840 4608 ὅτι

269 4648 615 4717 Ἑωράκασι
642 4646 740 4701 καὶ
762 4645 1136 4716 μεμισήκασι
1163 4646 1263 4699 καὶ
1296 4643 1403 4714 ἐμὲ
1437 4644 1533 4698 καὶ
1564 4642 1672 4697 τὸν
1698 4646 1844 4713 ,μέμυ

256 4738 467 4809 ﬁ'artd
523 4755 624 4811 με,
696 4738 744 4793 τί
803 4737 860 4791 δὲ
914 4736 966 4789 oi
1013 4735 1292 4790 θεσπέσιοι
1328 4733 1591 4806 μαθηταὶ,
1640 4733 1839 4802 φασίν;

258 4830 392 4884 Ὅτι
431 4829 499 4882 '0
532 4825 610 4899 ἦν
631 4827 733 4882 ἀπ’
760 4825 976 4895 ἀρχῆς.
1010 4824 1045 4878 ὃ
1065 4823 1405 4894 ἑωράκαμεν
1431 4823 1528 4877 καὶ
1559 4826 1621 4877 at
1648 4823 1843 4893 χεῖρες

254 4919 437 4989 ἡμῶν
484 4917 896 4987 ἐψηλάφησαν
944 4917 1080 4984 περὶ
1129 4915 1234 4970 τοῦ
1274 4916 1470 4985 Λόγου
1520 4913 1631 4983 τῆς
1669 4912 1840 4983 ζωῆς.

260 5010 375 5066 Καὶ
426 5010 513 5064 ὅτι
568 5006 949 5078 Ἑωράκαμεν
1003 5007 1112 5061 τὸν
1167 5006 1410 5075 Κύριον,
1437 5006 1654 5071 οἵτινες
1693 5022 1842 5059 συν-

257 5103 568 5173 εφάγομεν
608 5088 712 5155 καὶ
756 5100 1129 5167 συνεπίομεν
1177 5097 1371 5163 αὐτῷ,
1404 5098 1434 5150 ὃ
1482 5096 1620 5167 μετὰ
1651 5095 1748 5167 τὴν
1777 5097 1843 5150 ἐκ

260 5194 482 5266 νεκρῶν
513 5191 818 5247 ἀναϐίωσιν
846 5192 1073 5261 γέγονεν
1092 5192 1113 5219 ί
1155 5188 1293 5245 ἀλλά
1320 5189 1415 5243 καὶ
1456 5188 1720 5241 ἐκοπίασε
1750 5188 1846 5240 καὶ

1949 4548 2112 4601 me".
2144 4546 2281 4614 Quid
2328 4558 2508 4604 autem
2547 4549 2657 4604 divi
2682 4551 2930 4620 discipuli
2983 4553 3178 4608 aiunt?
3222 4553 3377 4619 Quod
3411 4555 3516 4624 [uit

1898 4666 1903 4675 ι
1950 4638 2016 4693 ab
2048 4639 2223 4705 initio,
2250 4642 2390 4711 quod
2422 4643 2665 4709 vidimus,
2693 4653 2740 4698 et
2785 4661 2973 4699 manus
3003 4657 3193 4701 nostra!
3229 4657 3519 4703 contrecta-

1950 4740 2155 4795 verunt,
2185 4731 2250 4785 de
2292 4729 2455 4786 Verbo
2512 4733 2711 4789 vim".
2780 4732 2848 4787 Et
2910 4733 3145 4791 Vidimus
3209 4737 3516 4802 Dominum,

1949 4824 2039 4892 qui
2095 4840 2202 4879 una
2246 4827 2676 4880 manducaeimus
2724 4836 2775 4880 et
2841 4825 3145 4896 bibimus”,
3204 4830 3348 4901 quod
3397 4844 3520 4900 post

1952 4914 2096 4969 illius
2145 4929 2174 4968 a
2217 4916 2447 4970 mortuis
2496 4916 2947 4971 resurrectionem
2995 4920 3242 4990 contigit.
3291 4920 3399 4976 Sed
3464 4932 3522 4977 et

1949 5004 2232 5069 laboravit,
2262 5021 2330 5060 ex
2358 5005 2476 5072 lege
2500 5007 2770 5074 corporis,
2803 5016 2857 5062 et
2880 5009 3095 5067 esuriit.
3126 5021 3181 5065 et
3198 5012 3391 5068 sitivit.
3413 5010 3517 5066 Et:

1952 5096 2101 5152 Misit
2156 5096 2291 5151 Deus
2349 5096 2550 5152 Filium
2582 5114 2735 5152 suum
2769 5098 2971 5168 factum
3015 5116 3082 5155 ea:
3119 5100 3335 5158 muliere
3352 5104 3418 5159 ”.
3454 5103 3522 5157 Et

1951 5187 2096 5243 Deus
2122 5188 2373 5257 apparuit
2417 5188 2470 5242 in
2505 5203 2693 5255 carne,
2722 5200 2776 5244 et
2797 5205 2990 5260 passus
3020 5202 3104 5247 est
3130 5193 3183 5246 in
3218 5209 3279 5248 ea
3305 5208 3517 5247 assum-

331 5375 382 5407 ”
410 5371 572 5429 Joan.
606 5388 722 5437 nt,
753 5371 844 5427 25.
921 5371 969 5405 ”
1007 5371 1164 5425 Joan.
1199 5384 1253 5429 v.
1285 5368 1374 5424 37.
1452 5367 1499 5401 ”
1526 5369 1546 5424 l
1570 5367 1802 5434 Tinm't,
1836 5366 1918 5421 l6.
2003 5362 2174 5421 "isa.
2197 5384 2282 5433 XL,
2320 5366 2415 5423 28.
2510 5368 2730 5426 "Joan.
2756 5386 2847 5437 xv,
2871 5371 2962 5437 22,
2982 5371 3072 5429 ει.
3150 5372 3195 5404 "
3226 5370 3245 5425 Ι
3278 5368 3436 5426 Joan.
3473 5388 3513 5438 ι,

260 5443 317 5498 1.
396 5446 445 5477 ’⁸
474 5444 596 5498 Act.
625 5459 682 5507 ι,
721 5442 812 5496 ιι.
889 5441 935 5474 ⁹¹
958 5441 1079 5497 Gal.
1120 5456 1194 5504 tv,
1221 5441 1274 5493 4.

330 5621 452 5694 (59)
478 5619 555 5695 De
583 5620 785 5695 Christi
818 5620 1051 5695 imagine
1084 5618 1152 5673 ad
1185 5618 1483 5695 Abgargm
1527 5616 1689 5674 missa
1729 5615 1962 5673 diximus
1988 5618 2053 5672 ad
2085 5617 2329 5674 Antirrh.
2396 5619 2436 5688 Ι,
2497 5619 2586 5690 56,
2632 5634 2687 5691 p.
2738 5620 2828 5689 56,
2867 5621 2961 5689 '57,
2999 5620 3052 5676 in
3089 5621 3218 5678 adn.
3278 5620 3517 5695 Legatur

253 5686 487 5763 insuper
522 5686 789 5748 Baronius
823 5692 889 5749 ad
923 5686 1022 5747 Cit.
1061 5704 1153 5744 an.
1184 5686 1359 5752 51.1..
1395 5686 1480 5742 Ol.
