4032 6208
275 343 397 412 465

963 401 972 406 -
1033 349 1590 414 ’ίΤΙΒΡιΗΕΤΙΕΗὸ
1629 351 1726 413 III
1761 353 1931 414 ADV.
1973 353 2567 416 CONSTANTINUM
2606 353 2846 420 COPR..

3443 357 3555 422 466·

285 463 576 536 φωμάτων
611 464 817 528 σκοπὸς
845 464 946 536 οὐχ
983 466 1161 530 οὕτως
1199 465 1346 536 ἔχει’
1390 466 1586 535 πόθενς
1637 467 1778 522 ἀλλὰ
1799 467 1870 522 δι’

1991 470 2390 540 trcbetyporum
2437 481 2751 526 sanctorum
2801 471 3082 539 refricem,
3128 485 3228 528 ceu
3261 489 3414 528 sacra
3445 491 3577 529 lilia,

259 557 424 610 .at'rsb
453 555 519 608 τὸ
554 553 690 623 ἅγια
720 549 888 619 εἶναι,
919 555 1017 610 καὶ
1049 556 1130 620 εἰς
1157 557 1382 627 μνήμην
1403 556 1516 612 τῶν
1539 557 1870 628 άρχετύπων

255 651 544 719 ,προϊέναι
594 647 792 716 άγίων,
840 649 918 711 ὡς
971 647 1095 719 ιερὰ
1142 651 1255 712 τοῖς
1287 649 1454 720 ίεροίς
1508 665 1870 720 συμπροσκυ-

285 741 538 806 νοῦνται,
573 740 670 794 καὶ
711 740 774 794 οὐ
809 741 909 794 σὺν
941 740 1128 804 αὐτοῖς
1177 741 1362 810 μόνον,
1409 740 1544 796 ἀλλὰ
1571 741 1678 795 καὶ*
1714 741 1872 806 sxto;

261 833 400 888 -τῶν
432 832 610 900 ἁγίων
639 831 806 884 οίκων
841 830 1249 902 τιμηθήσονται
1269 849 1283 864 ·
1315 833 1380 889 σὺ
1411 832 1470 885 δὲ
1496 832 1592 886 τοῦ
1623 833 1723 904 μὲν
1746 834 1870 889 ὄνου

283 926 385 979 καὶ
412 923 512 977 τοῦ
541 924 704 987 κυνὸς
735 923 831 977 καὶ
853 922 951 977 τοῦ
984 924 1172 995 χοίρου
1203 925 1262 978 ὲν
1287 923 1368 994 τῷ
1390 923 1522 994 ἱερῷ
1548 926 1874 997 προσκυνῶν

281 1012 388 1075 τὰς
415 1011 656 1075 εἰκόνας,
687 1012 752 1064 οὐ
781 1011 1180 1083 δυσχεραίνεις,
1205 1012 1305 1084 τὴν
1335 1013 1394 1067 δὲ
1421 1013 1660 1084 Χριστοῦ
1687 1015 1874 1078 εἰκόνα

282 1103 448 1172 αὐτῷ
491 1103 626 1175 ἰερῷ
673 1107 1085 1174 καταπιμπρῶν
1110 1104 1358 1177 γέγηθας
1374 1123 1392 1174 ;
1417 1107 1517 1160 καὶ
1544 1105 1607 1160 οὐ
1628 1107 1875 1178 φρίττεις

283 1193 524 1248 τοιαῦτα
569 1193 809 1264 τολμῶν,
867 1195 1084 1260 δεικνὺς
1137 1197 1322 1269 μάτην
1378 1196 1593 1268 σεαυτῷ
1628 1197 1691 1252 τδ
1734 1197 1873 1268 Χρι-

285 1285 548 1353 στιανὸς
597 1286 925 1358 ἐπιγράφων
970 1289 1173 1358 ὀνομα;
1207 1289 1260 1342 τί
1304 1285 1398 1344 οὖν
1427 1291 1637 1344 εἰποιεν
1683 1291 1732 1344 οἰ
1775 1291 1876 1360 τὴν

286 1377 541 1431 διάνοιαν
587 1378 984 1450 λελωὸημένοι,
1033 1381 1132 1434 καὶ
1181 1380 1282 1451 τὴν
1327 1379 1525 1452 νοερὰν
1588 1380 1874 1454 ἐνέργειαν

289 1470 722 1540 πεπηρωμένοι,
753 1473 884 1543 περὶ
908 1471 1018 1524 τῶν
1059 1471 1118 1526 ὲν
1141 1474 1262 1536 ταῖς
1287 1474 1462 1543 ἱεραῖς
1489 1473 1735 1542 κιγκλίσι
1779 1473 1876 1532 καὶ

288 1563 416 1622 ταῖς
442 1561 816 1632 καλουμέναις
837 1563 1088 1628 σωλέαις,
1114 1563 1224 1618 τῶν
1250 1580 1313 1617 τε
1341 1566 1400 1618 ἐν
1427 1567 1540 1628 τοῖς
1591 1564 1735 1619 κίοσι
1771 1565 1876 1619 καὶ

291 1651 544 1706 πυλῶσιν
577 1655 783 1719 αὐτοῖς,
814 1654 926 1708 τῶν
951 1671 1012 1708 τε
1039 1655 1146 1726 πρὸ
1173 1655 1268 1709 τοῦ
1296 1654 1446 1708 θείου
1477 1655 1872 1727 θυσιαστηρίου

291 1744 642 1816 ἰδρυμένωνς
670 1741 779 1816 ἄρα
805 1745 1021 1816 κόσμου
1038 1747 1136 1800 καὶ
1157 1747 1492 1818 εὐπρεπείας
1516 1747 1680 1818 χάριν
1701 1747 1876 1802 ταῦτα

1977 575 2101 614 cum
2149 561 2322 620 sacris
2351 560 2679 626 adorantur;
2719 575 2894 632 neque
2939 568 3066 618 cum
3117 563 3249 632 ipsis
3300 573 3542 618 tantum-

1979 652 2162 718 modo,
2196 666 2386 707 verum
2429 653 2602 708 etiam
2625 662 2782 708 extra
2831 664 3053 708 sanctas
3085 655 3232 709 :edes
3263 655 3315 708 in
3345 656 3552 709 honore

1977 752 2158 799 erunt.
2189 742 2270 798 Tu
2299 757 2432 800 vero
2461 743 2601 799 asini
2627 753 2682 799 et
2711 743 2864 800 canis
2887 751 2943 800 et
2971 746 3086 800 suis
3113 745 3170 800 in
3197 746 3398 814 templo
3422 747 3549 801 ado-

1981 847 2110 888 rans
2162 834 2447 904 imagines,
2503 850 2608 890 non
2658 837 3050 900 stomacharis;
3103 835 3308 892 Christi
3369 849 3576 894 antem-

1979 925 2272 996 imaginem
2297 939 2402 979 una
2422 939 2544 980 cum
2571 925 2770 996 templo
2799 929 3128 983 comburere
3151 927 3359 998 gestis?
3380 943 3555 998 neque

1980 1018 2124 1074 hanc
2175 1019 2461 1075 audaciam
2507 1019 2930 1098 perhorrescis,
2963 1033 3068 1087 qua
3109 1020 3458 1074 demonstras
3505 1029 3557 1073 te

1981 1125 2178 1166 nomen
2219 1111 2316 1166 tibi
2342 1109 2640 1166 Christiani
2673 1110 2876 1166 frustra
2909 1108 3229 1180 imponere?
3263 1110 3402 1176 Quid
3425 1125 3559 1180 ergo

1981 1199 2165 1256 dicent
2189 1201 2243 1256 hi
2281 1211 2468 1256 mente.
2502 1201 2670 1272 capti,
2701 1210 2757 1256 et
2786 1201 3138 1257 intellectuali
3171 1201 3428 1256 facultate
3459 1218 3555 1255 or-

1981 1290 2116 1358 bati,
2170 1293 2240 1347 de
2279 1295 2459 1348 sacris
2493 1293 2768 1348 caelaturis
2815 1291 2870 1346 in
2915 1292 3194 1357 cancellis,
3239 1302 3295 1348 et
3329 1291 3400 1346 iis
3437 1307 3560 1362 qua:

1981 1389 2208 1436 vocatur
2238 1382 2400 1437 solea:
2425 1372 2564 1454 (δι),
2593 1393 2649 1438 et
2681 1383 2736 1437 in
2764 1382 3038 1438 columnis
3071 1398 3134 1438 ac
3164 1382 3375 1439 foribus
3401 1383 3554 1453 ipsis,

1980 1481 2038 1528 et
2065 1473 2301 1542 denique
2341 1483 2468 1530 ante
2494 1461 2738 1529 divinum
2781 1473 2959 1529 altare
3006 1473 3234 1544 positis?
3267 1472 3405 1528 Num
3441 1476 3558 1529 hac

1981 1571 2206 1620 ornatus
2237 1573 2294 1618 et
2326 1578 2540 1633 pompae
2568 1577 2734 1618 causa
2782 1562 3080 1619 Christiani
3121 1561 3585 1626 fabricaverunt”

1983 1669 2054 1710 an
2081 1655 2263 1724 potius
2287 1655 2509 1726 propria
2557 1655 2794 1726 pr0priis
2831 1653 3124 1724 aptantes?
3153 1653 3308 1724 gnari
3349 1653 3560 1709 scilicet

1983 1745 2099 1801 loca
2133 1747 2248 1802 haec
2276 1761 2398 1802 esse
2439 1746 2799 1811 adorationis,
2834 1747 3065 1815 ideoque
3107 1754 3168 1798 ut
3193 1745 3568 1799 adorarentur.

287 1837 342 1888 οι
373 1837 698 1905 Χριστιανοὶ
732 1837 1116 1909 ὲτεκτήναντο,
1148 1837 1182 1908 ἢ
1209 1840 1278 1893 τὰ
1301 1841 1480 1893 οἰκεῖα
1507 1841 1623 1903 τοῖς
1651 1839 1874 1902 οἰκείοις

1991 1852 2095 1892 masc
2122 1837 2196 1892 ibi
2227 1837 2684 1908 conﬁgurarunt?
2738 1831 2742 1835 ’

291 1925 971 1996 ἐφαρμόζοντεςςείδότες
998 1929 1083 1982 ὅτι
1113 1931 1162 1984 οἰ
1189 1929 1348 1984 τόποι
1375 1925 1524 1986 οὗτοι
1581 1929 2011 2004 προσκυνήσεώς
2070 1931 2180 1984 εἰσι
2234 1929 2413 1996 τόποι,
2445 1930 2542 1985 καὶ
2605 1929 2703 1984 τοῦ
2735 1927 3161 2001 προσκυνεῖσθαι
3204 1929 3394 1981 ἕνεκεν
3419 1924 3560 1980 τοῦς-

288 2034 411 2080 τοις
433 2016 851 2074 ινετυπώσαντο
875 2032 893 2084 ;

375 2135 498 2199 μς¹.
541 2129 704 2184 Ἀλλὰ
732 2131 827 2185 καὶ
863 2130 1089 2196 δικαίως
1126 2133 1274 2204 μάλα
1300 2134 1330 2187 ό
1360 2135 1700 2206 προφητικὸς
1719 2115 1890 2204 λόγος

295 2219 399 2292 τὴν
418 2221 634 2275 τούτων
663 2223 1094 2294 παραφροσύνην
1131 2227 1226 2279 καὶ
1262 2225 1362 2298 τὴν
1391 2226 1694 2292 παράνοιαν
1745 2243 1880 2298 προ-

295 2311 484 2366 λαϐὼν
529 2313 909 2384 ὲστηλίτευσεν
932 2354 947 2378 ,
977 2315 1060 2368 ὅτι
1097 2315 1364 2370 Ἔδωκεν
1407 2315 1611 2382 αὐτοῖς
1643 2319 1678 2382 ό
1713 2318 1876 2384 Θεὸς,

297 2402 656 2472 ὀφθαλμοὺς
713 2404 820 2459 τοῦ
865 2404 952 2474 μὴ
1000 2405 1280 2472 βλέπειν,
1335 2407 1434 2472 καὶ
1487 2402 1607 2462 ὦτα
1643 2409 1751 2463 τοῦ
1797 2395 1880 2478 μὴ

297 2493 570 2560 ἀκούειν,
595 2497 698 2549 ἵνα
711 2495 1054 2564 ,βλέποντες
1075 2497 1159 2568 μὴ
1180 2497 1481 2565 βλέπωσι,
1505 2500 1605 2554 καί
1631 2500 1884 2558 (inodor-

299 2603 405 2652 τες
437 2586 525 2656 μὴ
575 2587 854 2643 συνιῶσι.
907 2589 1017 2642 Καὶ
1077 2587 1418 2660 Ἐπαχύνθη
1447 2587 1648 2645 αὐτῶν
1673 2593 1714 2660 ἡ
1757 2588 1883 2654 διά-

303 2693 466 2741 rata,
515 2677 617 2731 καί
669 2679 1124 2746 ἐσκοτίσθησαν
1155 2681 1255 2735 καί
1287 2681 1721 2750 ἐμωράνθησαν
1760 2681 1887 2748 τοῖς

301 2767 746 2838 διαλογισμοῖς.
834 2770 1254 2842 Ἐξερευνῶντες
1326 2771 1738 2844 ἐξερευνήσας,
1811 2767 1886 2826 ὦν

301 2859 432 2914 οὔτε
464 2859 665 2931 ἔρευνα
690 2859 827 2914 οὔτε
874 2862 1177 2932 ἀμφιϐολία
1222 2845 1759 2934 παράΧριστιανοϊς
1797 2863 1890 2932 γέ-

300 2967 436 3018 γονε
481 2949 738 3006 πώποτε·
771 2959 866 3006 καὶ
898 2943 1074 3016 eiurat;
1103 2953 1367 3024 ἐναργοῦς
1407 2955 1760 3031 ὑπαρχούσης
1794 2955 1888 3008 καὶ

300 3043 812 3114 δεδημοσιευμένης
854 3043 956 3114 τῆς
1001 3043 1261 3114 ἀληθείας
1305 3045 1458 3116 πάσῃ
1485 3028 1686 3116 mea
1713 3028 1882 3117 ἡλίῳ,

199 3137 212 3149 ’
301 3139 424 3200 τοῖς
447 3133 674 3199 οἰκείοις
711 3135 1014 3206 ὀφθαλμοῖς
1042 3135 1136 3189 καὶ
1182 3137 1251 3206 τῇ
1281 3136 1546 3211 ἐναργείᾳ
1574 3136 1713 3208 αὐτῇ
1744 3137 1885 3192 ἀπο-

1995 2183 2001 2189 .
2054 2133 2146 2190 46.
2179 2134 2278 2195 Pol
2307 2135 2616 2200 rectissime
2639 2135 2995 2208 propheticus
3023 2149 3202 2190 sermo
3233 2135 3430 2188 horum
3463 2131 3570 2187 de;

1985 2225 2170 2289 lirium
2197 2235 2360 2296 atque
2389 2225 2655 2280 insaniam
2685 2225 2894 2296 jamdiu
2918 2223 3272 2294 vituperavit.
3304 2221 3457 2274 Dedit
3483 2221 3560 2280 eis

1987 2317 2127 2372 Deus
2161 2300 2340 2372 oculos
2371 2317 2440 2370 ad
2473 2333 2577 2370 non
2607 2315 2912 2382 videndum,
2947 2323 2998 2368 et
3042 2329 3197 2368 aures
3227 2313 3297 2366 ad
3328 2328 3429 2366 non
3458 2327 3563 2364 att-

1990 2408 2270 2473 diendum;
2305 2417 2360 2461 ut
2389 2407 2624 2460 videntes
2658 2422 2762 2460 non
2795 2407 3031 2470 videant,
3063 2412 3111 2458 et
3139 2403 3418 2457 audientes
3459 2416 3576 2454 non—

1991 2499 2296 2568 intelligant
2347 2498 2388 2554 ⁸.
2445 2497 2563 2552 Et:
2602 2495 2912 2550 Incrassata
2984 2504 3064 2549 est
3123 2493 3337 2546 illorum
3375 2505 3562 2566 mens,

1993 2591 2260 2646 obscurati
2287 2599 2412 2644 sunt
2458 2597 2506 2642 et
2553 2587 2812 2658 infamati
2840 2588 2895 2641 in
2935 2583 3340 2657 cogitationibus
3381 2580 3494 2636 suis
3518 2579 3562 2632 ’.

1993 2683 2372 2756 Disqnirentes
2403 2683 2714 2752 disquirunt
2739 2695 2832 2758 ea,
2855 2693 3088 2750 quorum
3118 2689 3296 2745 neque
3329 2671 3584 2744 quaestio

1995 2790 2172 2846 neque
2222 2774 2556 2844 ambiguitas
2605 2773 2747 2842 apud
2795 2771 3144 2831 Christianos
3181 2781 3416 2836 unquam
3444 2762 3576 2818 iuit-

1993 2849 2132 2926 Cum
2171 2865 2311 2922 adeo
2361 2867 2433 2921 sit
2473 2865 2758 2936 perspicua
2807 2871 2864 2919 et
2894 2862 3152 2918 universo
3177 2861 3310 2916 orbe
3352 2855 3568 2928 pervnl-

1995 2965 2120 3032 gata
2163 2957 2394 3026 veritas,
2449 2954 2603 3026 stulti
2634 2953 2688 3010 hi
2721 2953 2959 3024 propriis
2997 2951 3171 3007 oculis
3209 2949 3424 3020 ipsique
3449 2945 3564 3001 evi-

1993 3047 2194 3102 dentiae
2220 3053 2543 3118 repugnant,
2575 3043 3183 3112 demonstrationesque
3212 3055 3391 3098 rerum
3431 3037 3568 3108 ipsis

1993 3123 2413 3208 conspicuarum
2461 3145 2520 3193 et
2568 3137 2640 3192 ob
2688 3135 2880 3198 oculos
2936 3137 3235 3206 positarum
3293 3139 3586 3206 quaerunt..

307 3229 582 3298 μάχονται
613 3229 661 3281 oi
695 3227 914 3304 άνόητοι
934 3266 950 3289 ,
985 3227 1079 3280 καὶ
1113 3227 1418 3292 ἀποδείξεις
1463 3227 1572 3280 τῶν
1617 3227 1885 3300 βλεπομέ-

1991 3228 2133 3302 ldem
2163 3238 2388 3302 agentes
2413 3245 2477 3286 ac
2503 3229 2550 3286 si
2584 3230 2708 3304 quis
2737 3229 2909 3288 solem.
2937 3228 3128 3282 videns
3155 3226 3274 3282 eois
3319 3231 3586 3278 recenter-

303 3335 418 3372 νων
446 3317 579 3388 παρ’
604 3301 928 3386 αὐτοῖςκαὶ
961 3319 1054 3370 ὑπ’
1082 3317 1206 3389 ὄψιν
1234 3319 1491 3390 ἠγμένων
1523 3317 1843 3389 ἐπιζητοῦσι
1861 3333 1878 3352 ο

305 3408 513 3463 ταυτόν
549 3425 604 3462 τι
649 3406 960 3474 ποιοῦντες,
995 3407 1184 3478 ὥσπερ
1233 3409 1282 3462 εἰ
1319 3407 1412 3463 τὸν
1448 3409 1602 3480 ἥλιον
1633 3391 1883 3476 καθορῶν

307 3517 394 3564 τις
425 3500 552 3570 ἄρτι
601 3499 711 3553 τῶν
765 3499 920 3570 ἑῴων
961 3500 1249 3570 τερμάτων
1299 3497 1744 3571 ἀναθρώσκοντα,
1793 3501 1888 3562 καὶ

306 3589 422 3642 τῶν
473 3587 720 3659 ἡλιακῶν
772 3588 1009 3643 ἀκτίνων
1049 3589 1325 3660 πανταχοῦ
1367 3588 1480 3654 .τὰς
1531 3589 1691 3660 βολάς
1723 3606 1889 3644 κατα-

311 3680 643 3753 σπείραντα,
688 3680 973 3754 διαποροίη
1019 3681 1096 3745 ὡς
1140 3681 1250 3752 ἄρα
1273 3681 1460 3754 ἡμέρα
1508 3685 1812 3736 ἐνισταίτοο
1851 3681 1886 3753 ἢ

307 3772 592 3828 θάλασσάν
639 3790 726 3836 τις
772 3772 1223 3844 ναυτιλλόμενος,
1261 3774 1296 3846 ἢ
1347 3775 1594 3846 ποταμὸν
1627 3773 1895 3846 περαιοΰε

310 3882 500 3934 μενος.
529 3866 674 3919 κατὰ
695 3865 822 3928 τοὺς
848 3864 1109 3928 διάπλους
1141 3864 1414 3932 ἀπόδειξιν
1443 3865 1754 3936 ὲπιζητοίη,
1792 3865 1887 3931 καὶ

306 3956 740 4028 ὃιαμφισόητοίη
760 3973 778 3988 ο
821 3959 871 4010 εἰ
902 3958 1012 4027 ἄρα
1047 3956 1198 4010 ἐστὶν
1235 3955 1382 4028 ὕδωρ
1414 3958 1474 4010 ἐν
1515 3957 1763 4030 θαλάσσῃ
1795 3957 1890 4010 καὶ⁹

307 4047 579 4120 ποταμῷθ
609 4050 705 4102 καὶ
727 4048 764 4102 ἃ
787 4049 898 4102 οὐδ’
923 4049 991 4103 ἂν
1020 4049 1069 4102 οί
1096 4047 1191 4114 τοῦ
1217 4048 1396 4118 φωτὸς
1426 4047 1620 4102 τούτου
1649 4047 1888 4120 πάμπαν

305 4142 532 4209 ἄπειροι
571 4140 1044 4211 διαμφισάλλοιεν,
1083 4139 1204 4194 οὐδὲ
1226 4140 1278 4192 οἰ
1303 4140 1444 4209 ἄγαν
1476 4139 1541 4192 ὲκ
1571 4138 1888 4210 κραιπάλης

308 4230 760 4302 καρηϐαροῦντες
781 4232 876 4290 καὶ
896 4231 1352 4304 κατενηνεγμένοι
1374 4229 1619 4296 πάθοιενο
1633 4229 1891 4294 πολλάκις

309 4324 410 4375 καὶ
427 4320 496 4374 τὰ
521 4321 734 4375 ἑστῶτα
754 4323 851 4376 καὶ
873 4321 1139 4394 μηδαμῶς
1167 4319 1462 4392 κινούμενα
1482 4321 1542 4373 ὲν
1575 4319 1760 4391 κύκλῳ
1789 4337 1892 4374 πε-

312 4413 636 4482 ριδινεῖσθαι
667 4415 938 4485 οἰόμενοι·
968 4409 1115 4470 οὗτοι
1142 4413 1620 4486 ὲκμεμεθυσμένοι
1645 4414 1722 4485 τῷ
1765 4415 1892 4483 οίνῳ

312 4503 416 4572 τῆς
441 4505 725 4572 ἀπιστίας,
767 4505 862 4560 καὶ
895 4505 1275 4578 κεκαρωμένοι
1303 4503 1608 4576 τὴνιψυχὴν
1639 4493 1754 4568 τοῖς
1781 4503 1892 4557 ὑλι-

311 4599 434 4660 κοῖς
460 4589 552 4649 οἶα
571 4597 976 4668 κατασυρέντες
1006 4596 1230 4663 πάθεσι,
1250 4595 1346 4650 καὶ
1369 4599 1492 4661 ταῖς
1551 4595 1932 4668 περικοσμίοις

1996 3321 2194 3378 ﬁnibus
2241 3321 2601 3388 exorientem,
2629 3331 2684 3378 et
2711 3320 2976 3376 solarium
3012 3319 3290 3378 radiorum
3319 3326 3568 3385 quaqua-

1995 3425 2184 3468 versus
2223 3412 2404 3484 jactus
2453 3421 2826 3484 spargentem,
2875 3408 3152 3466 dubitaret
3205 3407 3383 3462 adhuc
3435 3420 3570 3460 num

1994 3503 2112 3558 dies
2137 3503 2378 3560 adesset.
2419 3505 2528 3558 Aut
2559 3516 2709 3558 mare
2735 3501 3007 3571 quispiam
3035 3497 3318 3568 navigans,
3351 3493 3434 3549 vel
3465 3492 3568 3548 ilu-

1995 3609 2120 3650 men
2172 3605 2433 3660 tranans,
2495 3591 2859 3650 demonstrari
2922 3590 3031 3646 sibi
3089 3586 3562 3644 transmissionem

1995 3701 2149 3741 snam
2192 3685 2517 3756 postularet,
2565 3684 2960 3754 dubitaretque
3005 3696 3130 3736 num
3165 3693 3307 3748 aqua
3337 3679 3392 3733 in
3428 3676 3596 3732 maria

1996 3792 2062 3842 ac
2091 3777 2314 3833 ﬂumine
2338 3785 2505 3837 esset.
2539 3775 2752 3844 Etcum
2785 3789 2853 3830 ne
2883 3773 3132 3828 homines
3159 3771 3379 3842 quidem
3408 3782 3568 3838 pror-

1997 3883 2092 3935 sus
2135 3867 2271 3924 lucis
2313 3877 2568 3938 expertes
2609 3868 2676 3922 de
2705 3865 2793 3922 his
2823 3865 2982 3936 122
3043 3863 3348 3930 ambigam,
3395 3873 3594 3930 neque-

1998 3957 2219 4028 crapula
2249 3957 2429 4012 obruti
2454 3966 2513 4024 et
2537 3955 2748 4025 abrepti
2793 3951 2935 4010 hanc
2965 3942 3232 4007 insaniam
3268 3948 3567 4020 patiantur,

1997 4046 2092 4116 qui
2122 4055 2302 4102 tamen
2328 4060 2469 4116 saepe
2487 4060 2575 4101 res
2597 4053 2807 4100 stantes
2832 4051 2890 4098 et
2916 4039 3243 4104 immobiles,
3271 4036 3592 4106 circumagi--

1997 4145 2218 4209 putant,
2273 4135 2328 4192 bi
2376 4139 2506 4191 vino
2559 4133 2957 4206 incredulitatis
3005 4129 3165 4196 ebrii,
3217 4129 3568 4202 animamque

2001 4229 2232 4301 gravati,
2262 4225 2642 4282 materialibus
2679 4223 2847 4279 veluti
2887 4222 3125 4277 devincti
3174 4219 3592 4293 cupiditatibus.

2003 4319 2386 4387 tnundanoque
2415 4325 2472 4372 et
2499 4314 2681 4370 fallaci
2727 4311 2976 4384 gloriola:
3018 4310 3144 4366 fuco
3177 4318 3232 4364 et
3259 4308 3569 4363 carnalibus

2001 4408 2371 4480 voluptatibus
2415 4406 2701 4477 captivati,
2729 4404 2965 4476 pessima
2993 4415 3226 4474 quaeque
3255 4409 3311 4456 et
3343 4399 3568 4476 calami?

2003 4509 2120 4556 tosa
2152 4501 2531 4570 experiuntur.

2003 4593 2098 4649 καὶ
2144 4591 2452 4663 ἀππηλαῖς
2490 4589 2670 4658 δόξαις
2719 4586 2816 4642 καὶ
2867 4585 3160 4658 σαρκικαῖς
3215 4579 3568 4654 ἡδυπαθείαις

311 4687 870 4760 αἰχμαλωτιζόμενοι,
892 4687 961 4742 τά
983 4688 1204 4742 πάντων
1225 4687 1558 4743 πεπόνθασιν
1581 4685 1812 4741 ἀθλιώτε
1821 4705 1890 4759 ρα
1925 4687 2022 4742 καὶ
2050 4686 2432 4758 χαλεπώτερα.
2541 4740 2549 4746 ,
3098 4751 3101 4753 _

391 4779 498 4850 μξ’.
539 4779 665 4832 Ἐτι
704 4779 904 4850 μικρὸν
931 4781 1047 4842 τοῖς
1095 4779 1411 4849 εἰρημένοις
1457 4779 1788 4851 προσθέντες
1817 4781 1885 4842 εἰς

2072 4779 2164 4834 47.
2199 4776 2258 4834 Si
2288 4792 2464 4847 pauca
2505 4775 2682 4832 adhuc
2711 4774 2778 4828 ad
2808 4771 2968 4840 hujus
3003 4767 3274 4824 sermonis
3307 4765 3570 4838 disquisi-

310 4869 416 4941 τὴν
447 4868 544 4923 τοῦ
575 4869 739 4938 λόγου
775 4870 1045 4936 ἐξέτασιν,
1077 4870 1340 4940 γνοίημεν
1369 4869 1425 4924 εί
1461 4887 1528 4941 γε
1572 4869 1684 4942 ἄρα
1728 4886 1898 4941 προσ-

319 4961 572 5031 ηκόντως
603 4961 788 5025 αὐτοῖς
817 4961 880 5014 τὸ
909 4961 1006 5015 τοῦ
1032 4959 1468 5032 Χριστιανισμοῦ
1497 4960 1899 5032 ἐπιφημίζεται

312 5053 516 5122 δνομαο
549 5053 846 5124 ίσμεν¹γάρ
874 5051 1114 5116 ἅπαντες
1142 5053 1226 5106 ὅτι
1250 5051 1440 5123 ὥσπερ
1467 5052 1502 5124 ἡ
1523 5050 1620 5104 τοῦ
1653 5051 1895 5122 Χριστοῦ

315 5143 484 5197 εἰκὼν
522 5147 590 5198 ἐκ
631 5144 977 5216 παραγωγῆς
998 5183 1013 5209 ,
1059 5143 1154 5198 τοῦ
1184 5143 1422 5215 Χριστοῦ
1449 5141 1512 5198 τό
1543 5160 1603 5197 τε
1628 5138 1772 5207 εἶδος
1805 5145 1896 5198 κέ-

318 5250 553 5303 κτηται.
615 5234 709 5287 καί¹
755 5234 856 5305 τὴν
896 5233 1272 5306 προσηγορίαν
1322 5234 1494 5305 αὐτὴν
1546 5233 1906 5306 ἐπιφέρεται,

317 5325 463 5380 οὕτω
516 5325 582 5398 δὴ
649 5327 744 5380 καὶ
783 5327 818 5400 γό
870 5327 1235 5400 Χριστιανὸς.
1283 5326 1360 5390 ὼς
1415 5327 1481 5380 ὲκ
1535 5325 1896 5396 πρωτοτύπου

319 5417 587 5487 ὀνόματος
622 5415 720 5470 τοῦ
759 5399 1020 5489 Σῖριστοῦ,
1047 5419 1146 5488 τήν
1182 5434 1243 5471 τε
1274 5418 1468 5488 κλῆσιν
1497 5416 1658 5488 ἔλαχε
1689 5417 1897 5472 καὶτὸν

397 5593 421 5631 ⁸
449 5593 556 5651 isa.
578 5610 656 5660 vt,
685 5593 742 5661 9,
775 5591 862 5648 Ιθ.
934 5593 955 5623 ¹
990 5589 1204 5654 Rom.t,
1233 5584 1323 5640 2!.

1999 4869 2203 4925 tionem
2233 4870 2518 4936 addemus,
2553 4866 2690 4922 satis
2732 4864 2920 4934 utique
2952 4874 3347 4932 cognoscemus
3379 4872 3449 4913 an
3486 4857 3570 4931 his

1997 4961 2386 5023 convenienter
2413 4957 2848 5014 Christianorum
2880 4951 3170 5024 appellatio
3209 4949 3562 5006 attribuatur.

1999 5049 2209 5120 Quippe
2236 5062 2428 5104 omnes
2486 5047 2714 5109 scimus,
2751 5045 2898 5114 quod
2944 5043 3106 5098 sicuti
3150 5040 3360 5096 Citriin
3395 5039 3574 5106 imago

1998 5155 2097 5210 per
2125 5139 2544 5201 derivationem,
2575 5147 2688 5190 tum
2718 5134 2923 5191 Christi
2959 5133 3198 5204 speciem
3245 5139 3414 5195 tenet,
3458 5140 3577 5184 tum

2004 5241 2060 5287 et
2085 5231 2255 5300 ipsam
2277 5229 2694 5300 appellationem
2717 5227 2888 5298 gerit,
2911 5227 2992 5282 sic
3013 5226 3178 5280 etiam
3203 5221 3570 5283 Christianus,

2007 5331 2263 5385 tanquam
2305 5335 2371 5376 ex
2405 5328 2690 5400 protolypo
2725 5318 2927 5374 Christi
2975 5317 3214 5380 nomine,
3245 5323 3300 5368 et
3327 5307 3566 5380 appella-

2009 5415 2210 5482 tionem
2239 5415 2470 5469 sortitur
2501 5422 2555 5468 et
2583 5425 2782 5479 mores,
2825 5409 2916 5484 qui
2943 5423 3066 5467 eum
3099 5404 3438 5476 distinguere
3473 5411 3582 5454 seu.

397 5751 510 5824 (6i)
549 5753 622 5808 De
667 5749 813 5807 solea
861 5749 1060 5808 veteris
1109 5746 1362 5806 Ecclesiae
1407 5754 1583 5804 exstat
1616 5745 1882 5802 eruditum
1922 5743 2118 5803 Leonis
2156 5742 2336 5800 Allatii
2373 5741 2712 5814 opusculum.
