4032 6208
475 338 584 405 467

1504 347 1566 408 s.
1602 331 2021 410 NICEPHo'm
2057 348 2562 410 mmmam:
2591 349 2702 409 CP.

3623 354 3739 421 468

478 455 729 522 drti‘nire,
754 471 854 528 per
883 458 1243 517 imitationem
1273 459 1509 530 vitaeque
1542 475 1737 532 genus,
1776 474 2041 535 quatenus

2143 464 2369 533 τρόπον,
2404 438 2621 518 καθ’ὁν
2660 460 2728 536 δὴ
2769 430 3204 536 χαρακτηρίζειν
3240 466 3404 521 αὐτὸν
3441 468 3533 523 διὰ
3560 474 3740 542 μιμηο

478 548 596 602 ﬁeri
624 558 821 618 potest,
841 550 1072 620 “debent.
1104 552 1182 606 Ex
1210 567 1320 607 uno
1351 553 1534 622 itaque
1563 567 1660 608 ceu
1689 555 1961 624 principio
1984 571 2049 612 ac

390 650 407 661 ’
478 639 683 702 radice,
711 639 930 695 Christo
954 640 1183 707 scilicet,
1207 646 1581 711 procedentes,
1608 645 2047 701 communionem

475 729 912 799 relationemque
959 740 1201 785 mutuam
1231 745 1562 789 conservant
1594 753 1608 788 :
1646 742 1701 792 et
1731 751 2070 807 quanquam-

475 820 779 875 substantia
812 822 1079 891 modoque
1104 823 1404 881 exsistendi
1442 825 1660 883 diﬂ‘erre
1688 829 1830 884 inter
1856 842 1916 883 se
1946 842 2046 882 no-

475 918 735 971 scuntur,
766 909 1122 967 nihilominus
1172 914 1366 971 eodem
1416 918 1639 973 nomine
1690 928 1938 984 utuntur,
1991 928 2047 974 et

475 998 782 1053 communis
821 999 876 1054 in
908 1012 1141 1073 utraque
1181 1019 1241 1061 re
1269 1008 1601 1074 praedicatur
1645 1009 1849 1064 Christi
1880 1010 2046 1065 deno-

473 1088 723 1143 minatio.
774 1088 831 1143 Si
877 1105 1009 1162 ergo
1053 1093 1178 1149 talis
1210 1099 1542 1165 communio,
1594 1100 1843 1169 idemque
1873 1115 2046 1156 nexus

473 1178 544 1229 ab
566 1177 652 1232 bis
676 1181 943 1234 retinetur
960 1199 1087 1253 erga
1118 1185 1537 1255 homogeneum,
1569 1199 1735 1258 atque
1762 1190 1829 1244 ad
1855 1190 2046 1245 homo-

472 1284 693 1340 nymum
728 1286 827 1340 par
856 1272 1032 1328 honor
1067 1276 1358 1343 redundat,
1411 1293 1545 1334 sane
1588 1278 1676 1334 his
1714 1280 2046 1334 attribuatur

473 1357 771 1417 Christiani
796 1376 1013 1419 nomen.
1041 1365 1136 1420 Sin
1160 1366 1245 1421 his
1269 1381 1495 1436 prorsus
1512 1372 1786 1426 contraria
1815 1369 2040 1434 faciunt,

475 1460 641 1522 atque
671 1456 818 1509 omni
851 1457 1117 1513 dedecore
1143 1469 1198 1514 et
1227 1461 1525 1531 ignominia
1552 1462 1795 1517 obruunt
1822 1461 2043 1517 Christo

473 1556 629 1612 teque
656 1559 722 1600 ac
759 1546 862 1601 sibi
901 1562 1187 1604 commune
1223 1565 1419 1606 nomen
1452 1560 1506 1607 et
1533 1562 1776 1606 mutuam
1823 1551 2046 1607 relatio-

474 1648 622 1779 nelm,
650 1651 751 1781 cgr
786 1639 837 1693 hi
865 1637 1302 1698 Christianorum
1345 1643 1766 1714 appellationem
1810 1642 2044 1715 particl-

474 1736 542 1781 na
585 1733 681 1781 unt

473 1733 681 1791 pabunt

546 1990 636 2046 48.
671 1988 825 2058 Quod
859 2001 1040 2049 autem
1079 1992 1240 2061 hujus
1268 1996 1347 2051 rei
1378 2010 1544 2052 causa
1594 1995 1873 2068 archetypi
1908 2011 2044 2067 quo-

475 2097 583 2150 que
632 2082 931 2140 destructio
961 2085 1029 2146 ab
1056 2086 1187 2156 ipsis
1231 2089 1346 2154 ﬁat,
1396 2088 1670 2144 ratiocinii
1716 2089 1938 2158 sequela
1990 2096 2047 2144 et

473 2189 657 2229 rerum
691 2190 813 2245 quae
852 2188 1149 2233 cernuntur
1190 2179 1423 2235 intentio
1477 2179 1687 2236 faciunt
1717 2179 2042 2251 intelligere.

474 2266 743 2322 Distrahit
780 2268 925 2322 enim
957 2269 1169 2324 illorum
1198 2269 1667 2340 conjunctionem,
1704 2269 2045 2340 nominisque

474 2360 937 2427 communionem,
971 2361 1292 2433 homogenei
1323 2370 1379 2418 et
1407 2362 1724 2434 homonymi
1754 2360 2043 2431 abnegatio

471 2457 530 2503 et
568 2449 823 2519 abjectio.
860 2450 1051 2507 Simile
1086 2453 1215 2523 quid
1241 2454 1548 2525 patiuntur,
1576 2468 1640 2509 ac
1667 2453 1712 2509 si
1738 2453 1805 2508 de
1833 2452 2043 2509 duobus

472 2540 659 2609 pueris
693 2539 1110 2609 disquireretur,
1130 2544 1336 2597 ‘utrum
1361 2558 1426 2599 ex
1459 2544 1646 2599 eodem
1682 2552 1867 2599 essent
1892 2553 2044 2612 patre

472 2629 774 2700 progeniti;
807 2647 1036 2702 quorum
1072 2632 1163 2689 ille
1192 2634 1283 2704 qui
1320 2635 1611 2690 incolumia
1655 2636 1918 2690 retineret
1943 2650 2042 2704 pa-

475 2733 631 2776 terna
708 2721 1075 2791 lineamenta,
1130 2732 1187 2780 et
1245 2725 1591 2781 indelebilem
1638 2734 1852 2796 gereret
1921 2738 2042 2778 cum

473 2816 728 2884 gignente
778 2814 1223 2884 similitudinem,
1270 2817 1466 2871 merito
1520 2831 1652 2872 sane
1700 2824 2045 2886 reputaretur

472 2905 970 2971 germanissimus:
1000 2908 1139 2961 alter
1183 2921 1315 2962 vero
1354 2907 1490 2963 nihil
1535 2908 1728 2962 horum
1778 2907 2041 2971 retinens,

470 2995 827 3066 probabiliter
857 2997 1057 3055 nothus
1083 2997 1424 3066 judicaretur
1453 3008 1508 3054 et
1536 3007 1853 3054 extraneos.
1877 2994 2041 3051 Nothi

473 3100 605 3151 ergo
624 3095 679 3140 et
701 3086 756 3139 hi
783 3086 1075 3142 Christiani
1091 3086 1215 3156 jure
1237 3088 1547 3154 credentur,
1566 3097 1620 3143 et
1640 3086 1840 3143 Christi
1869 3086 2042 3143 hatre—

474 3178 646 3233 ditate
678 3188 844 3249 atque
870 3180 996 3235 ovili
1032 3178 1268 3249 expulsi.
1315 3179 1543 3236 Frustra
1569 3180 1713 3237 enim
1744 3179 1848 3235 sibi
1878 3194 2037 3234 arro-

474 3279 604 3340 gant
634 3269 780 3326 nullo
804 3272 964 3326 modo
993 3272 1059 3327 ad
1087 3272 1236 3342 ipsos
1263 3272 1540 3344 pertinens
1571 3288 1766 3329 nomen
1797 3290 1811 3326 :
1844 3272 1941 3328 sed
1968 3271 2036 3327 ad

475 3362 795 3419 mconomia:
844 3362 1048 3419 Christi
1096 3364 1552 3431 destructionem,
1608 3363 1694 3420 vel
1748 3365 1927 3434 potius
1974 3364 2042 3419 ad

475 3474 696 3513 suarum
745 3458 1051 3517 animarum
1102 3458 1363 3526 exitium,
1405 3459 1710 3530 speciosum
1745 3460 2042 3515 incircum-

437 3596 453 3621 δ
474 3550 665 3621 scripti
698 3549 964 3621 objiciunt
1000 3549 1349 3607 vocabulum.

554 3823 639 3880 49.
675 3823 812 3891 Quid
843 3837 970 3893 ergo
999 3824 1178 3880 dicent
1219 3824 1287 3879 de
1321 3822 1445 3878 aliis
1480 3821 1656 3879 sacris
1702 3821 2043 3894 ﬁgurationi-

471 3914 598 3980 hns,
628 3928 821 3984 nempe
855 3924 912 3970 et
935 3914 1107 3984 ipsius
1138 3914 1498 3970 sanctissima:
1533 3914 1772 3984 Virginis
1799 3913 1894 3969 Dei
1922 3913 2039 3968 Ma-

474 4007 596 4073 tris,
628 4015 681 4060 et
718 4013 1038 4061 cmterorum
1086 4014 1423 4071 sanctorum,
1456 4005 1547 4074 qui
1582 4005 1728 4060 omni
1772 4021 1887 4062 aevo
1931 4006 2040 4060 Deo

470 4094 832 4166 placuerunt?
858 4094 997 4150 Num
1041 4095 1204 4150 etiam
1251 4095 1342 4150 hic
1370 4094 1862 4166 incircumscriptio
1893 4099 2037 4167 ipso-

468 4203 590 4244 rum
641 4186 922 4244 obstabit?
977 4185 1059 4242 vel
1103 4200 1168 4241 ex
1201 4184 1404 4242 deitate
1433 4196 1490 4242 et
1519 4187 1857 4242 humanitate
1906 4202 2041 4242 con-

470 4288 678 4335 stantes
738 4278 885 4348 ipsos
953 4277 1251 4333 delinient?
1309 4276 1426 4333 Non
1481 4278 1609 4333 licet
1653 4279 1741 4333 hic
1791 4278 2038 4349 profecto

470 4373 650 4426 dicere
710 4369 966 4425 deitatem
1036 4384 1141 4423 una
1209 4368 1620 4437 circumscribi,
1676 4370 1758 4425 vel
1817 4386 2035 4426 carnem

2066 3133 2114 3195 C

2151 571 2291 618 σεως
2331 555 2427 609 καὶ
2463 554 2742 619 πολιτείας
2782 554 2860 619 ὡς
2895 550 3008 609 οἷόν
3055 557 3120 609 τέ
3166 558 3317 611 ἔστιν
3354 557 3735 616 ἐνδείκνυται*

2146 645 2223 709 ὡς
2264 648 2330 700 ἑκ
2374 647 2504 716 μιᾶς
2556 642 2652 700 οὖν
2694 646 2870 715 ἀρχῆς
2915 646 3211 718 ἀμφότερα
3251 646 3588 720 ὁρμώμενα,
3638 654 3741 707 καὶ⁵

2144 730 2260 790 οἷον
2307 735 2466 807 ῥίζης
2516 737 2617 806 τῆς
2664 736 2835 806 αὐτῆς
2890 735 3153 805 προϊόντα
3185 737 3283 791 τοῦ
3316 739 3580 807 Χριστοῦ,
3615 760 3741 795 κοι-

2146 824 2343 878 νωνίαν
2374 840 2435 876 τε
2463 824 2557 877 καὶ
2584 823 2770 893 σχέσιν
2796 822 2897 894 τὴν
2927 825 3068 893 πρὸς
3114 824 3326 895 ἄλληλα
3356 827 3698 892 διασώζουσι
3719 848 3737 863 ·

2146 914 2252 969 κᾶν
2275 917 2342 985 τῇ
2378 914 2537 986 οὐσίᾳ
2563 916 2664 968 καὶ
2692 914 2772 983 τῷ
2813 915 3003 986 τρόπῳ
3038 916 3140 986 τῆς
3167 915 3457 987 ὑπάρξεως
3477 957 3492 981 ,
3526 919 3588 972 τὸ
3615 920 3744 973 διὰ-

2146 1020 2312 1074 φορον
2342 1006 2400 1057 ἐν
2426 1006 2612 1067 αὐτοῖς
2648 1005 3005 1076 ἐμφαίνηται,
3031 1007 3184 1076 ὅμως
3227 1006 3273 1058 δ’
3300 1004 3395 1059 οὖν
3423 1008 3521 1061 τοῦ
3560 1010 3740 1063 αὐτοῦ

2148 1094 2408 1165 μετέσχον
2435 1096 2724 1167 ὀνόματος,
2749 1100 2847 1150 καὶ
2871 1096 3182 1167 ὁμωνύμως
3219 1098 3308 1151 ἐπ’
3334 1101 3543 1170 ἀμφοῖν
3569 1102 3603 1170 ή
3634 1102 3740 1155 τοῦ

2145 1186 2387 1257 Χριστοῦ
2441 1189 2831 1258 κατηγορεῖται
2892 1189 3274 1259 προσηγορία·
3339 1191 3389 1242 εί
3442 1192 3629 1244 τοίνυν
3705 1195 3741 1263 ὴ

2143 1276 2366 1347 τοιαύτη
2400 1277 2657 1330 κοινωνία
2684 1278 2778 1331 καὶ
2809 1280 2838 1331 ὁ
2879 1278 3045 1341 αὐτὸς
3089 1279 3282 1348 είρμδς
3314 1281 3468 1350 παρά
3513 1282 3743 1347 τούτοις

2146 1365 2493 1435 πεφύλακται
2541 1368 2681 1438 πρὸς
2731 1367 2792 1420 τὸ
2839 1367 3184 1438 ὁμόστοιχον,
3252 1370 3350 1422 καὶ
3408 1370 3442 1439 ἡ
3476 1370 3615 1440 πρὸς
3673 1372 3743 1425 τὸ

2146 1456 2435 1528 ὁμώνυμον
2480 1458 2616 1527 τιμὴ
2671 1458 3066 1527 ἑκνενέμηται,
3129 1458 3594 1529 κατακληρούσθω
3629 1462 3743 1513 καὶ

2148 1546 2238 1600 ἐπ’
2267 1545 2453 1610 αὐτοῖς
2497 1547 2561 1600 τὸ
2589 1546 2918 1617 Χριστιανοῦ
2969 1547 3175 1617 ὄνομαο
3209 1551 3259 1600 εί
3300 1548 3361 1601 δὲ
3393 1551 3744 1614 ἀπεναντξας

2146 1637 2353 1692 τούτων
2379 1637 2559 1692 πάντα
2603 1638 2939 1709 πράττουσι,
2986 1640 3084 1692 καὶ⁵
3127 1638 3312 1710 πάσης
3359 1641 3587 1711 ἀτιμίας
3631 1642 3743 1694 καὶ

2146 1727 2363 1792 ἀδοξίας
2413 1726 2794 1798 ἀποπληροῦσι
2842 1727 2915 1782 τά
2959 1745 3019 1781 τε
3076 1728 3458 1797 Χριστοῦ,καὶ
3508 1732 3744 1794 ἑαυτοῖς

2075 1811 2415 1889 Βόμὼνυμά
2454 1834 2514 1872 τε
2565 1819 2661 1872 καὶ
2699 1819 2759 1871 ὲν
2809 1818 2991 1887 σχέσει
3036 1822 3106 1890 τῇ
3139 1820 3276 1891 αὐτῇ
3334 1819 3739 1891 θεωρούμενα,

2147 1907 2269 1972 πῶς
2297 1908 2363 1963 ἀν
2387 1909 2543 1963 αὐτοὶ
2570 1907 2673 1978 τῆς
2702 1908 3052 1979 Χριστιανῶν
3084 1909 3374 1980 μεθέξουσι
3401 1911 3654 1981 κλήσεως
3677 1930 3696 1977 ;

2220 2005 2333 2070 μη’.
2372 1998 2495 2051 Ὅτι
2537 1998 2594 2051 δὲ
2618 1998 2708 2051 διὰ
2744 1999 2906 2052 τοῦτο
2941 1999 3037 2052 καὶ
3082 2000 3117 2071 ἡ
3146 2000 3284 2071 πρὸς
3309 2000 3372 2053 τὸ
3412 2001 3741 2070 ἀρχέτυπον

2145 2090 2331 2153 αὐτοῖς
2386 2088 2645 2160 ἀθέτησις
2693 2088 2936 2157 γίνεται,
2998 2090 3061 2142 τὸ
3092 2089 3187 2142 τοῦ
3220 2089 3381 2159 λόγου
3426 2091 3739 2145 ἀκόλουθον

2146 2182 2299 2235 καὶὸ
2333 2179 2445 2234 τῶν
2480 2180 2825 2252 φαινομένων
2870 2180 3074 2243 σκοπὸς
3125 2180 3331 2235 ἐννοεῖν
3383 2180 3567 2235 δίδωσι
3589 2196 3605 2212 ⁸
3642 2182 3741 2236 δι-

2151 2273 2332 2344 ίστησι
2349 2271 2460 2343 γὰρ
2488 2270 2668 2325 αὐτῶν
2691 2271 2792 2341 τὴν
2815 2270 3131 2343 οἰκειότητα
3163 2272 3263 2343 τὴν
3292 2272 3429 2343 πρὸς
3458 2272 3595 2326 αὐτὸ
3627 2274 3741 2327 καὶ

2143 2364 2244 2435 τὴν
2288 2365 2389 2433 τῆς
2440 2361 2688 2433 κλήσεως
2734 2362 3043 2426 κοινωνίαν,
3075 2364 3109 2433 ἡ
3141 2362 3235 2417 τοῦ
3285 2362 3573 2434 συστοίχου
3628 2367 3740 2419 καὶ

2142 2451 2438 2523 ὁμωνύμου
2486 2451 2819 2524 παραίτησις
2860 2456 2957 2508 καὶ
3004 2454 3386 2520 ὲξουδένωσις·
3422 2456 3736 2528 παραπλήο

2146 2560 2261 2597 σιον
2299 2543 2410 2614 γάρ
2444 2561 2499 2596 τι
2526 2543 2881 2609 πεπόνθασιν,
2910 2543 2987 2607 ὡς
3009 2546 3058 2598 εί
3092 2544 3188 2597 καὶ
3216 2544 3311 2599 δύο
3355 2545 3504 2610 τινὲς
3534 2546 3737 2610 παῖδες

2144 2632 2507 2699 έξετάζοιντο,
2535 2634 2584 2686 εί
2632 2633 2753 2696 ἑνὸς
2781 2634 2876 2687 καὶ
2907 2632 3002 2686 τοῦ
3056 2634 3223 2688 αὐτοῦ
3268 2637 3735 2706 προστετυχήκα·

2144 2739 2252 2777 σιν⁹
2277 2716 2353 2777 ὧν
2376 2725 2405 2777 6
2423 2724 2520 2794 μὲν
2536 2723 2721 2794 ἔτερος
2747 2725 2952 2789 ἀσινεῖς
2971 2725 3099 2790 τοὺς
3128 2725 3416 2798 πατρῴους
3436 2725 3738 2790 διασώζων

2142 2816 2533 2885 χαρακτῆρας,
2582 2816 2676 2868 καὶ
2721 2815 3191 2887 ἀπαραχάρακτον
3241 2816 3424 2887 φέρων
3461 2816 3558 2869 τοῦ
3612 2817 3735 2887 φύ·

2146 2922 2338 2968 σαντος
2362 2905 2462 2975 τὴν
2491 2905 2813 2975 ἐμφέρειαν,
2858 2907 3085 2969 εἰκότως
3115 2906 3181 2961 ἂν
3207 2907 3494 2979 νομισθείη
3523 2909 3554 2961 ὁ
3588 2925 3738 2979 γνη-

2146 2995 2436 3061 σιώτατοςο
2477 2998 2505 3050 ὁ
2525 2996 2571 3050 δ’
2601 2991 2665 3050 αὖ
2699 2996 2886 3067 ἔτερος
2923 2998 3091 3069 μηδὲν
3118 2998 3325 3053 τούτων
3354 2999 3733 3069 ἑπαγόμενος,

2144 3085 2385 3154 εὐλόγως
2431 3086 2497 3140 ἂν
2528 3085 2682 3150 νόθος
2731 3086 2950 3156 κριθείη
2995 3086 3092 3140 καὶ
3136 3085 3399 3155 έκφυλος’
3452 3086 3599 3141 νόθοι
3625 3085 3732 3143 οὖν

2143 3178 2239 3231 καὶ
2267 3175 2422 3231 αὐτοὶ
2450 3176 2769 3247 Χριστιανοὶ
2793 3177 2852 3229 ὲν
2879 3176 3007 3249 δίκῃ
3030 3176 3476 3248 νομισθήσονται,
3501 3178 3599 3233 καὶ
3618 3179 3733 3249 τῆς

2141 3265 2381 3339 Χριστοῦ
2447 3266 2814 3338 κληρονομίας
2881 3268 2978 3320 καὶ
3039 3267 3278 3339 ποίμνης
3343 3267 3725 3338 ὲκκήρυκτοιο

2145 3362 2323 3432 μάτην
2365 3359 2475 3430 γάρ
2528 3358 2979 3431 μεταποιοῦνται,
3024 3360 3179 3414 οὐδὲν
3223 3361 3406 3419 αὐτοῖς
3436 3360 3723 3433 προσῆκον

2141 3451 2266 3523 ἥδη,
2309 3451 2401 3504 τοῦ
2440 3450 2733 3522 ὀνόματος·
2780 3451 2897 3505 ἀλλ’
2931 3453 3012 3516 είς
3044 3450 3146 3521 μὲν
3189 3450 3451 3521 ἀθέτησιν
3478 3451 3578 3521 τῆς
3620 3451 3722 3506 τοῦ

2141 3540 2379 3611 Χριστοῦ
2410 3541 2754 3612 οἰκονομίας,
2787 3541 2990 3611 μᾶλλον
3018 3541 3075 3595 δὲ
3104 3543 3188 3605 εἰς
3215 3540 3440 3613 ὄλεθρον
3474 3542 3586 3595 τῶν
3615 3541 3721 3611 ψυ-

2143 3633 2255 3705 χῶν
2288 3632 2491 3699 αὐτῶν,
2544 3633 2749 3706 σκῆψις
2775 3636 2810 3706 ἡ
2839 3633 2935 3689 τοῦ
2978 3633 3400 3708 ἀπεριγράπτου
3428 3637 3720 3707 πρόκειται

2142 3724 2317 3794 φωνή.

2214 3814 2322 3887 μθ’.
2354 3817 2420 3870 Τί
2450 3814 2544 3871 οὖν
2588 3814 2999 3885 ἀποφανοῦνται
3042 3813 3173 3886 περὶ
3205 3813 3313 3867 τῶν
3344 3813 3523 3868 ἄλλων
3554 3814 3720 3884 ιερῶν

2141 3909 2574 3980 ὲκτυπωμάτων,
2624 3908 2795 3978 αὐτῆς
2841 3924 2901 3960 τε
2949 3909 3049 3978 τῆς
3097 3906 3383 3973 πανάγνου
3430 3905 3719 3976 Παρθένου

2140 4001 2237 4055 καὶ
2274 3990 2641 4071 Θεομήτορος,
2690 3998 2786 4051 καὶ⁵
2836 3996 2944 4049 τῶν
2984 3996 3161 4051 ἄλλων
3217 3994 3395 4063 ἁγίων
3454 3994 3566 4047 τῶν
3615 3993 3717 4046 ἀπ’

2140 4090 2337 4153 αἰῶνος
2361 4089 2439 4160 τῷ
2472 4088 2590 4159 Θεῷ
2622 4085 3155 4159 εὐαρεπησάντωνς
3193 4086 3329 4156 μήτι
3376 4100 3441 4154 γε
3471 4082 3583 4154 ἀρα
3615 4083 3716 4137 καὶ

2139 4182 2367 4236 ἐνταῦθα
2400 4183 2461 4236 τὸ
2486 4182 2900 4255 ἀπερίγραπτον
2930 4180 3112 4235 αὐτῶν
3144 4173 3547 4252 προστήσεταις
3583 4178 3617 4249 ἢ
3650 4177 3718 4230 ἑκ

2140 4272 2394 4343 θεότητος
2423 4274 2517 4327 καὶ
2550 4272 2974 4343 ἀνθρωπότητος
3014 4269 3358 4333 ὑποστάντας
3398 4269 3600 4330 αὐτοὺς
3630 4283 3720 4319 νο-

2142 4365 2533 4437 μοθετήσουσιν
2560 4382 2573 4431 ;
2615 4365 2713 4418 οὐκ
2741 4364 2890 4417 ἐστιν
2913 4357 3016 4417 ὧδε
3047 4364 3221 4416 εἰπεῖν
3253 4361 3719 4433 συμπεριγράφε-

468 4461 722 4527 distrahi,
753 4470 809 4516 et
840 4460 1055 4514 unicam
1083 4460 1252 4514 dividi
1279 4475 1605 4530 personam;
1638 4471 1694 4516 et
1725 4461 2033 4530 conjuncta,

2143 4458 2265 4513 σθαι
2286 4458 2382 4528 τὴν
2413 4458 2665 4539 θεότητα,
2716 4455 2749 4528 ἢ
2779 4456 2878 4527 τὴν
2908 4457 3087 4528 σάρκα
3129 4454 3458 4518 διίστασθαι,
3489 4453 3587 4506 καὶ
3615 4452 3717 4523 τὴν

469 4553 737 4626 pingendo
762 4551 1369 4607 autcircnmscribendo
1389 4551 1635 4606 dissolvi.
1667 4552 1746 4607 Ad
1773 4553 1907 4607 alias
1939 4553 2037 4622 igi-

470 4658 560 4703 tur
628 4644 1041 4702 adinventiones
1100 4651 1156 4697 et
1221 4643 1556 4712 prodigiosos
1641 4643 2037 4701 ludiﬁcationcs

469 4737 901 4793 commiscendas
924 4735 1181 4805 loquaces
1202 4733 1255 4788 hi
1284 4743 1598 4804 peccatores
1627 4744 2034 4791 convertentur.

470 4825 618 4881 Nihil
650 4825 793 4881 enim
825 4825 911 4881 his
952 4822 1125 4894 magis
1165 4831 1381 4892 gratum
1423 4830 1508 4877 est
1533 4831 1588 4878 et
1618 4824 1670 4876 in
1706 4837 1859 4879 more
1892 4825 2037 4894 posi-

472 4925 609 4980 tum,
645 4930 805 4985 quam
834 4921 893 4968 ut
923 4915 989 4969 ad
1022 4913 1288 4971 absurdos
1317 4912 1585 4983 cogitatus
1614 4914 1917 4984 impiosque
1939 4915 2033 4970 de-

469 5007 674 5065 clinent
694 5023 710 5074 ;
728 5014 783 5062 et
805 5004 1065 5076 quidquid
1091 5004 1446 5075 improbabile
1465 5014 1550 5061 est
1566 5019 1629 5061 ac
1651 5005 1758 5061 Deo
1780 5005 2027 5062 invisum.

471 5107 768 5157 sectentur.

540 5281 631 5339 50.
668 5278 927 5350 Quanam
958 5289 1139 5336 autem
1161 5289 1245 5337 est
1274 5282 1499 5338 istorum
1526 5280 1631 5336 hac
1651 5281 1706 5336 in
1735 5295 1795 5337 re
1820 5279 2040 5350 Opinio?

469 5374 607 5443 Quia
640 5373 948 5430 nullatenus
993 5374 1135 5442 quod
1166 5372 1297 5428 utile
1342 5382 1426 5428 est
1460 5387 1790 5444 cognoscere
1831 5372 2034 5440 valent,

471 5479 648 5536 neque
666 5464 831 5520 ullam
863 5465 1132 5519 rationem
1155 5464 1488 5531 excogitare,
1512 5477 1631 5532 qua:
1648 5476 1758 5517 sum
1781 5461 2041 5531 improbi-

475 5555 568 5610 tati
599 5569 663 5611 ac
704 5554 971 5610 maleﬁcio
1019 5553 1411 5624 patrocinetur,
1454 5553 1520 5607 ad
1547 5552 1831 5608 arbitrium
1882 5567 2038 5608 suum

473 5653 639 5714 atque
676 5646 744 5701 ad
788 5645 1021 5718 propriae
1072 5645 1308 5701 vesaniae
1358 5645 1631 5716 ingenium
1681 5643 2036 5713 confugiunt,

474 5733 764 5805 dicuntque
790 5755 802 5791 :
831 5756 850 5789 ι
889 5736 1154 5804 Quoniam
1176 5738 1378 5798 Christi
1410 5737 1586 5797 cultus
1616 5737 1930 5795 cxsutllatus
1958 5747 2041 5798 est

1760 5862 1839 5871 ....-
1884 5863 1912 5870 ...
1944 5866 1957 5870 α

2143 4552 2272 4624 μίαν
2297 4550 2589 4623 διῃρῆσθαι
2618 4550 2942 4613 ὑπόστασιν,
2976 4550 3071 4602 καὶ
3098 4549 3167 4601 τὰ
3196 4547 3458 4618 ἡνωμένα
3505 4547 3572 4599 ἐκ
3617 4547 3719 4615 τῆς

2139 4642 2357 4713 γραφῆς
2379 4641 2412 4713 ἢ
2441 4640 2793 4712 περιγραφῆς
2809 4640 3145 4695 διαλύεσθαι.
3187 4639 3305 4708 Ἐφ’
3335 4639 3531 4709 ἑτέρας
3555 4637 3715 4705 εὐρε-

2142 4732 2382 4801 σιλογιας
2408 4733 2504 4786 καὶ
2543 4732 2867 4795 ἀλλοκότους
2920 4730 3233 4802 ὲρεσχελίας
3263 4731 3312 4782 οί
3343 4730 3717 4798 ἀμαρτοεπεῖν

2139 4824 2357 4888 εἰδότες,
2388 4823 2869 4894 ὲκπεπορισμένας
2897 4823 3086 4886 αὐτοῖς
3114 4820 3477 4890 τετράψονται
3497 4834 3512 4848 ⁸
3561 4819 3717 4871 οὐδὲν

2138 4914 2249 4985 γὰρ
2273 4913 2415 4968 οὕτω
2465 4913 2619 4983 φίλον
2674 4914 2859 4976 αὐτοῖς
2906 4912 3003 4965 καὶ
3034 4911 3481 4983 προχειρότατον,
3518 4909 3595 4972 ὡς
3635 4910 3717 4972 εἰς

2139 5000 2406 5063 ὲκτόπους
2440 5000 2650 5064 ἐννοίας
2708 5001 2806 5055 καὶ
2860 5000 3155 5069 ἀθεμίτους
3206 4998 3565 5069 ἀποίχεσθαι,
3619 4997 3718 5051 καὶ

2139 5091 2277 5161 πρὸς
2332 5092 2441 5144 πᾶν
2480 5092 2657 5145 ὁτιοῦν
2714 5091 2825 5145 τῶν
2872 5090 3148 5161 ἀδοκίμων
3198 5091 3294 5144 καὶ
3324 5089 3444 5160 Θεῷ
3472 5089 3548 5161 μὴ
3583 5090 3718 5160 ἀρε-

2141 5183 2377 5237 σκόντων
2412 5183 2763 5256 ἐκφέρεσθαι.
3234 5245 3247 5262 η

2210 5276 2276 5335 ν’,
2322 5276 2514 5330 ὐποία
2536 5275 2593 5329 δὲ
2632 5277 2667 5347 ἡ
2708 5276 2839 5346 περὶ
2886 5273 3092 5329 τούτων
3141 5275 3273 5343 παρ’
3307 5276 3492 5337 αὐτοῖς
3524 5273 3720 5344 διάλη-

2139 5368 2272 5439 duc;
2313 5367 2531 5438 Ἐπειδὴ
2568 5365 2867 5437 οὐδαμόθεν
2900 5365 2960 5419 τὸ
2991 5366 3304 5420 λυσιτελοῦν
3358 5365 3592 5419 συνιδεῖν
3626 5366 3718 5419 δε-

2139 5461 2416 5532 δύνηνται,
2433 5460 2467 5530 ἢ
2492 5460 2770 5514 ὁντιναοῦν
2796 5457 2955 5527 λόγον
2975 5456 3484 5530 ὲκμηχανήσασθαι.
3503 5459 3606 5528 τῆς
3632 5458 3715 5509 ol-

2141 5554 2295 5617 κείας
2328 5551 2633 5624 μοχθηρίας
2660 5552 2757 5606 καὶ
2800 5549 3139 5622 κακουργίας
3188 5550 3492 5621 συνήγορον
3522 5548 3620 5601 ἐπὶ
3651 5547 3715 5601 τὸ

2142 5645 2461 5715 αὐτόνομον,
2487 5643 2582 5697 καὶ
2627 5642 2727 5712 τῆς
2756 5641 2979 5710 ἀλογίας
2999 5640 3179 5695 αὐτῶν
3205 5639 3443 5714 χωροῦσι
3465 5639 3527 5693 τὸ
3555 5639 3712 5692 latui-

2144 5754 2326 5806 τατον,
2381 5735 2473 5790 καί
2530 5750 2694 5806 φασιν
2743 5735 2829 5789 ὅτι
2879 5752 2899 5788 ι
2953 5733 3178 5805 Ἐπειδὴ
3226 5732 3294 5789 τά
3334 5731 3430 5787 τοῦ
3469 5727 3711 5803 Χριστοῦ

2024 5850 2183 5872 ιαμβι-*δ’
2208 5859 2215 5862 ν
