3856 6204
183 308 286 376 ιιῑθ

857 315 1481 383 ᾸΝΤῙΒΗΗΕΤΙΟΗΞ
1521 322 1613 382 IlI
1651 324 1763 382 AD‘

1871 322 2444 400 CONSTANTINUM
2484 268 2727 388 (ΣΟΡΒ.Ι

3337 315 3448 381 ι’ἱθ

182 429 500 498 διέῤῥιπται
525 429 621 484 καὶ
666 429 1072 497 διαπέπτωκεν,
1133 433 1429 486 ἀκόλουθον
1452 433 1518 487 ἂν
1553 435 1639 503 εἴη
1674 432 1763 486 καὶ

1871 445 1924 488 et
1953 436 2175 500 excidit,
2207 445 2631 491 consentaneum
2661 440 2762 497 est,
2790 429 3196 486 venerationem
3215 444 3445 500 «quoque

182 519 362 573 ταῦτα
411 521 478 592 δὴ
508 523 578 576 τά
621 523 736 576 τῶν
779 523 952 591 ἁγίων
998 525 1450 596 συνοιχήσεσθαι,
1505 525 1598 578 καὶ
1633 523 1768 594 μηδὲ

184 611 414 682 μνήμης
445 611 505 664 τὸ
524 611 714 666 λοιπὸν
751 613 1021 682 ἠξιῶσθαι
1068 615 1312 669 πώποτε.
1353 634 1372 666 ι
1439 615 1643 684 Καιρὸς
1675 613 1769 669 νῦν

178 701 363 754 είπείν
391 715 404 729 ·
443 719 462 752 ι
502 700 563 754 Et
595 700 688 756 τὸν
732 703 1124 774 οἰκοδεσπότην
1168 703 1503 768 Βεελζεδοὺλ
1550 703 1767 757 ἀπεκά-

180 792 375 856 λεσαν,
434 792 587 864 πόσῳ
644 793 848 864 μᾶλλον
907 796 1035 858 τοὺς
1098 789 1412 859 οίκειακοίἰς
1469 794 1686 859 αύτοῦ;
1744 813 1762 847 ι

179 884 432 939 τοιαῦτα
461 884 573 956 γάρ
614 886 664 938 oi
695 884 790 938 νῦν
836 887 1084 941 Ἰουδαῖοι
1112 891 1226 951 τοῖς
1251 888 1422 942 πάλαι
1461 889 1560 952 τὰς
1592 887 1770 958 γλώσ-

179 993 287 1040 σας
320 977 664 1042 δανείσαντες
700 979 1098 1047 ἀποφαίνονται
1131 997 1145 1011 θ
1176 982 1224 1033 εἰ
1247 980 1356 1051 γὰρ
1397 981 1466 1033 τά
1517 980 1758 1051 Χριστοῦ

173 1064 336 1118 οὕτω
356 1065 636 1139 διέθηκαν,
662 1067 716 1120 τί
754 1069 856 1122 οὐκ
900 1068 967 1122 ἂν
1023 1069 1166 1124 κατὰ
1199 1071 1310 1123 τῶν
1367 1071 1540 1139 ἀγίων
1600 1071 1766 1124 αὑτοῦ

179 1157 428 1226 πονηρὸν
476 1157 701 1230 δράσειν
743 1157 1012 1228 ἔμελλονς
1051 1160 1236 1227 ’Δξιον
1273 1162 1374 1231 μὲν
1420 1162 1494 1226 ὡς
1550 1163 1768 1233 ἀληθῶς

177 1247 288 1314 τῆς
319 1247 541 1300 ἐκείνων
588 1249 964 1319 παρανομίας,
1022 1251 1116 1303 καὶ
1149 1252 1248 1321 τῆς
1303 1252 1383 1314 είς
1413 1251 1540 1316 τοὺς
1575 1254 1767 1322 ἁγίους

178 1336 394 1408 τόλμης
425 1355 483 1391 τε
516 1339 611 1392 καὶ
633 1338 972 1410 θρασύτητος
992 1355 1005 1368 ⁸
1039 1341 1221 1395 αὐτῶν
1243 1341 1302 1395 δὲ
1321 1343 1428 1395 τῶν
1451 1343 1625 1411 ἁγίων
1669 1345 1766 1415 τῆς

179 1429 264 1489 είς
302 1428 536 1496 Χριστὸν
571 1429 782 1497 ἀφάτου
810 1431 1033 1500 ἀγάπης
1071 1433 1372 1501 τεκμήριον
1401 1432 1762 1500 ἱκανώτατον,

179 1518 312 1571 καθ’
365 1519 432 1589 ἦν
477 1520 626 1590 αὐτῷ
666 1521 1072 1592 ἀνεκράθησαν,
1130 1521 1327 1576 οὔποτε
1363 1525 1761 1596 χωριζόμενοι·

179 1611 279 1664 καὶ
316 1612 424 1682 γὰρ
455 1607 548 1666 οὖν
592 1613 686 1667 καὶ
713 1613 854 1667 κατᾶ
885 1613 984 1684 τὴν
1021 1613 1208 1667 ἐνθάδε
1242 1615 1426 1685 βιοτὴν
1457 1617 1762 1687 περιόντες,

181 1703 468 1774 μάρτυρες
485 1703 595 1758 τῶν
619 1703 982 1775 παθημάτων,
1007 1705 1101 1758 καὶ
1123 1707 1368 1760 κοινωνώ⁸
1381 1709 1474 1761 τοῦ
1497 1709 1762 1772 ζωοποιοῦ

1872 535 2183 581 sanctorum
2248 526 2409 580 simul
2459 525 2744 588 desinere,
2793 537 2969 592 neque
3013 521 3126 591 jam
3192 521 3446 591 deinceps

1872 618 2146 674 mentione
2177 618 2394 688 dignam
2427 617 2624 687 putari.
2675 615 2893 684 ι-Αιηιιί
2932 629 3075 669 nunc
3121 623 3333 683 tempus
3361 621 3447 668 cst
3530 665 3538 672 .

1870 705 2083 760 dicendi
2118 723 2132 760 :
2171 723 2192 758 ι
2221 706 2276 759 Si
2312 704 2762 776 patremfamilias
2781 703 2937 772 123
2973 703 3258 758 Beelzean
3280 718 3446 759 voca-

1869 806 2084 862 verunt,
2137 795 2342 867 quanto
2388 798 2558 866 magis
2595 797 2926 851 domesticos
2973 795 3089 865 ejus
3135 793 3286 864 (6‘2)?
3319 793 3446 850 Haac
3515 788 3520 792 ’

1868 887 2014 941 cnim
2049 888 2292 942 hodierni
2309 886 2505 952 Judaei,
2537 887 2745 956 linguas
2767 901 2895 940 suas
2917 901 2944 940 ιι
2965 884 3156 953 priscis
3185 893 3441 938 mututh

1870 989 1951 1033 tes
2001 979 2211 1035 dicunt.
2264 979 2399 1034 Nam
2449 979 2491 1034 si
2533 994 2617 1034 res
2666 977 2867 1033 Christi
2923 979 2996 1031 ita
3041 966 3441 1036 tractaverunt,

1868 1072 1997 1140 quid
2021 1073 2238 1127 malitiae
2269 1073 2529 1127 adversus
2559 1081 2779 1126 sanctos
2805 1069 2924 1137 ejus
2955 1083 3056 1122 non
3085 1066 3460 1138 exproment?-

1869 1161 2008 1219 Vere
2045 1165 2147 1220 hoc
2177 1165 2394 1232 dignum
2424 1173 2507 1219 est
2543 1163 2755 1218 illorum
2792 1161 3098 1226 iniquitate,
3135 1160 3267 1216 etin
3313 1173 3439 1214 san-

1867 1268 1983 1311 cl05
2007 1259 2231 1312 audacia
2251 1273 2313 1313 ac
2343 1259 2697 1328 protervitate
2723 1274 2736 1310 :
2760 1255 2921 1310 simul
2946 1264 3126 1310 tamen
3155 1263 3237 1308 est
3260 1253 3440 1308 chari-

1869 1349 1995 1404 tatis
2039 1363 2263 1403 summa:
2301 1357 2611 1403 sanctorum
2656 1363 2783 1415 erga
2839 1345 3113 1401 Christum
3172 1344 3434 1400 indicium

1865 1439 2418 1508 opportunissimum,
2474 1454 2577 1508 qua
2629 1437 2840 1492 scilicet
2879 1439 2927 1490 ei
2977 1443 3104 1490 sunt
3158 1434 3437 1497 devincti.

1867 1543 2138 1598 nunquam
2169 1528 2353 1582 divisi.
2383 1527 2594 1581 Etenim
2624 1526 2748 1579 dum
2787 1525 2839 1576 in
2875 1528 2975 1578 hac
3009 1525 3113 1576 vita
3143 1523 3440 1592 degerent,

1867 1628 2033 1674 testes
2068 1619 2380 1687 passionum
2414 1617 2644 1682 Christi,
2675 1617 2916 1684 sociique
2946 1615 3172 1670 vivifica:
3195 1617 3312 1684 ejus
3340 1630 3441 1669 ne-

1866 1709 1944 1764 cis
1977 1708 2217 1776 fuerunt,
2255 1720 2478 1778 peccato
2517 1724 2692 1779 usque
2721 1707 2786 1762 ad
2815 1719 3044 1760 mortem
3093 1707 3433 1760 resistentes.

179 1794 352 1849 αὐτοῦ
384 1795 618 1852 θανάτου
641 1799 918 1879 γεγόνασι,
965 1802 1158 1873 μέχρις
1195 1803 1425 1872 αἵματος
1468 1803 1763 1858 ἀντικατα-

1871 1799 1935 1852 Ει
1967 1814 2112 1854 nunc
2148 1799 2312 1854 etiam
2355 1804 2587 1856 terrenis
2634 1800 2796 1856 rebus
2838 1799 3098 1867 exempti,
3143 1798 3434 1868 participes

179 1888 418 1951 στάντες
447 1889 584 1960 πρὸς
620 1890 719 1960 τὴν
754 1891 1055 1963 ἁμαρτίαν.
1093 1893 1203 1946 Καὶ
1227 1892 1323 1946 νῦν
1373 1893 1432 1947 δὲ
1487 1893 1595 1947 τῶν
1638 1895 1764 1965 τῇδε

177 1981 613 2050 ἀπαλλαγέντες,
675 1983 895 2053 μέτοχοι
944 1985 1210 2055 ὤφθησαν
1242 1987 1337 2040 τοῦ
1400 1988 1763 2057 ἐφεστηκότος

177 2073 310 2140 ἀρτι
332 2072 475 2125 κατά
505 2072 746 2142 Χριστοῦ
802 2074 1046 2146 διωγμοῦ
1100 2077 1193 2130 καὶ
1230 2077 1333 2146 τῆς
1369 2075 1583 2148 ὓσρεως
1608 2092 1622 2106 ·
1659 2077 1764 2147 ἤδη

177 2164 295 2232 γὰρ
326 2165 420 2216 καὶ
456 2164 762 2235 τηνικαῦτα
808 2167 1060 2238 σώμασιν
1111 2167 1294 2232 αὐτοῖς
1329 2167 1467 2238 ὑπὲρ
1516 2167 1609 2221 τοῦ
1658 2185 1766 2222 πα-

179 2254 369 2317 θόντος
399 2254 470 2306 δι’
499 2257 648 2326 ἡμᾶς
707 2257 943 2327 σώματι,
1001 2258 1396 2327 διηγωνίσαντο
1428 2259 1522 2312 καὶ⁹
1574 2258 1760 2328 ὴνδρί-

182 2361 380 2400 σαντο·
410 2347 470 2400 δν
495 2348 639 2418 ὑπὲρ
677 2349 778 2420 τῆς
804 2349 994 2419 κοινῆς
1025 2349 1244 2404 πάντων
1286 2350 1444 2420 ἡμῶν
1487 2350 1764 2422 σωτηρίας

180 2437 379 2508 ἀνέτλη
439 2438 671 2493 θάνατον
723 2440 1122 2511 μιμησάμενοι.
1166 2441 1277 2496 Καὶ
1300 2436 1458 2504 αὖθις
1487 2441 1651 2511 ὃμοια
1677 2443 1764 2510 ἐφ’

179 2531 393 2598 ὁμοίοις
424 2531 730 2602 πάσχουσιν
763 2548 778 2563 ο
826 2533 1092 2600 ἀνάλογον
1125 2531 1237 2602 γάρ
1283 2534 1396 2594 τοῖς
1428 2531 1763 2603 ἀρχετύποις

179 2621 251 2673 τὰ
283 2623 576 2690 ἐκμαγεῖα,
601 2623 669 2675 τά
696 2621 798 2692 τῆς
839 2623 1028 2692 κοινῆς
1054 2622 1280 2692 ἀτιμίας
1328 2623 1424 2675 καὶ
1473 2622 1764 2693 παροινίας

182 2713 610 2784 συνδιαφέρουσι
635 2730 648 2744 ο
702 2716 795 2767 καὶ
854 2715 1018 2767 πάλιν
1053 2713 1496 2784 συμπάσχουσιν,
1536 2713 1626 2767 ἵνα
1666 2713 1762 2768 καὶ

183 2803 618 2869 συνδοξασθῶσιν
644 2801 836 2868 αὖθις’
873 2806 970 2860 καὶ
1011 2805 1176 2859 πάλιν
1232 2805 1499 2877 τιμῶνται
1533 2808 1598 2876 τῇ
1644 2821 1761 2858 κοι-

180 2892 348 2964 νωνία
369 2894 473 2962 τῆς
502 2893 750 2964 ἀτιμίας.
775 2895 885 2949 Καὶ
912 2895 1000 2950 ἵνα
1021 2897 1088 2966 τῇ
1123 2897 1312 2966 μνήμῃ
1329 2895 1438 2948 τῶν
1468 2894 1762 2966 μαρτύρων

183 2985 548 3055 συνησθέντες
597 2988 663 3042 oi
729 2987 1136 3059 φιλομάρτυρες
1194 2987 1760 3058 ἑγκαλλωπισώμεθα,

1869 1889 1967 1945 visi
1996 1900 2124 1945 sunt
2152 1892 2437 1947 concitatae
2467 1907 2637 1961 nuper
2668 1892 2930 1946 adversus
2955 1890 3228 1946 Christum
3253 1904 3436 1959 perser

1866 1980 2101 2035 cutionis
2135 1988 2191 2035 et
2216 1982 2578 2037 contumelia).
2610 1981 2748 2038 Ecce
2777 1982 2922 2037 enim
2953 1989 3006 2035 et
3037 1991 3174 2036 tunc
3192 1981 3435 2050 corpori-

1867 2076 1969 2131 bus
1997 2075 2132 2142 suis,
2159 2091 2257 2146 pro
2280 2091 2344 2131 eo
2372 2076 2466 2146 qui
2500 2077 2553 2130 in
2583 2090 2811 2145 corpore
2834 2089 3028 2143 passus
3056 2083 3162 2138 est,
3191 2073 3439 2128 decertao

1869 2177 1994 2224 runt
2025 2167 2348 2238 fortiterque
2373 2183 2432 2224 se
2454 2179 2771 2238 gesserunt;
2802 2179 2855 2221 et
2883 2183 3026 2221 nunc
3061 2181 3250 2220 rursus
3283 2165 3435 2234 paria

1865 2259 1984 2330 pari
2021 2259 2090 2315 de
2121 2274 2287 2314 causa
2341 2259 2618 2329 patientur
2678 2254 2815 2327 (63).
2873 2254 3118 2326 Namque
3173 2253 3438 2322 imagines

1867 2366 2050 2420 parem
2077 2365 2143 2406 ac
2178 2352 2476 2422 archetypa
2511 2348 2860 2420 ignominiam
2887 2345 3188 2417 perferunt,
3221 2360 3438 2401 rursus.

1865 2457 1973 2512 que
1999 2441 2421 2512 compatiuntur,
2451 2450 2509 2496 ut
2533 2442 2714 2496 denuo
2737 2439 3248 2510 conglorifiecutur;
3276 2446 3442 2506 atque

1865 2535 2062 2590 lterum
2096 2533 2435 2588 honorantur
2481 2532 2792 2602 ignominiaa
2819 2530 3219 2586 communione.
3256 2530 3438 2598 Atque

1867 2636 1926 2680 ut
1954 2637 2250 2697 martyrum
2289 2625 2548 2680 memoria
2573 2622 2866 2679 exbilarati
2890 2637 2990 2677 nos
3018 2622 3438 2691 philomartyres

1865 2717 2180 2786 gloriemur,
2222 2709 2618 2786 aliquantuluin
2653 2716 2707 2770 in
2742 2717 2845 2770 hoc
2882 2727 3132 2769 sermone
3165 2710 3434 2766 demorari

1865 2805 1996 2862 libet
2025 2823 2037 2858 :
2067 2805 2230 2860 veluti
2257 2805 2504 2859 homines
2525 2804 2805 2873 spectandi
2826 2812 2881 2857 et
2904 2801 3153 2856 audiendi
3183 2799 3434 2862 studiosi,

1865 2912 1986 2951 cum
2004 2895 2261 2967 jucundis
2280 2895 2724 2966 gratissimisque
2745 2895 3088 2950 oblectamur
3117 2889 3442 2960 spectaculis

1865 2995 1960 3041 aut
1998 2985 2220 3042 musicis
2265 2985 2435 3051 sonis,
2476 2987 2619 3041 haud
2659 2986 2728 3040 ab
2763 2987 2830 3041 iis
2857 2984 3016 3039 facile
3062 2981 3436 3044 discesserint,

185 3076 354 3148 βραχύ
378 3092 433 3129 τι
462 3078 596 3148 περὶ
621 3078 718 3131 τὸν
739 3078 898 3147 λόγον
923 3079 1442 3150 προσδιατρίψωμεν
1462 3093 1478 3108 ⁵
1509 3078 1760 3150 καθάπερ

1871 3077 2077 3133 etiamsi
2115 3077 2384 3133 interdum
2420 3079 2730 3134 necessaria
2754 3076 2968 3147 negotia
2991 3074 3279 3129 omittenda
3307 3075 3436 3129 sint.

182 3172 230 3222 οί
251 3168 646 3240 φιλοθεάμονες
694 3187 756 3223 τε
802 3171 898 3224 καὶ
924 3170 1360 3241 φιλακροάμονές
1396 3185 1458 3223 τε
1511 3169 1606 3224 ἐπὶ
1651 3169 1760 3223 τῶν

1871 3167 2060 3224 Solent
2087 3169 2240 3224 enim
2262 3182 2324 3223 ea
2358 3183 2480 3238 qua:
2510 3169 2650 3224 visui
2677 3168 2990 3236 audituique
3024 3165 3274 3234 pabulum
3306 3181 3442 3234 pra:-

187 3263 432 3333 τερπνῶν
465 3262 558 3320 καὶ
594 3261 824 3334 ἡδίστων
861 3263 1048 3327 αὐτοῖς
1103 3261 1394 3333 θεαμάτων
1435 3262 1534 3316 καὶ
1592 3263 1760 3316 ἀκου-

191 3356 430 3422 σμάτων,
468 3347 546 3407 ὧν
571 3355 672 3407 οὐκ
703 3353 772 3407 ἂν
799 3355 1002 3426 ῥᾳδίως
1023 3354 1374 3425 ἀπόσχοιντο,
1405 3353 1519 3407 ἔσθ’
1547 3354 1636 3407 ὅτε
1665 3354 1762 3407 καὶ

1867 3259 2019 3324 bent,
2053 3268 2358 3314 amatorum
2387 3274 2581 3315 sensus
2613 3263 2913 3324 attrahere,
2943 3273 3191 3330 aegreque
3221 3271 3442 3325 separa-

1865 3350 2030 3412 bilem
2060 3364 2216 3406 usum
2244 3351 2327 3406 sui
2355 3351 2596 3406 ellicere.

190 3446 290 3498 τῶν
345 3445 666 3514 ἀναγκαίων
705 3444 887 3500 αὐτῶν
941 3445 1456 3517 καταφρονήσαντες
1483 3460 1497 3474 ο
1541 3443 1756 3514 φιλοῦσι
1797 3443 1906 3513 γάρ
1935 3459 2053 3504 πως
2077 3441 2146 3494 τὰ
2174 3441 2275 3510 τὴν
2300 3441 2423 3511 ὄψιν
2491 3442 2586 3494 καὶ
2661 3440 2834 3511 ἀκοὴν
2884 3439 3169 3501 ἑστιῶντα,
3201 3438 3298 3500 τὰς
3333 3438 3446 3494 τῶν

192 3537 436 3606 δρώντων
463 3538 746 3608 αἰσθήσεις
788 3538 1134 3605 ἐφέλκεσθαι,
1171 3539 1631 3593 δυσαπόσπαστον
1658 3537 1758 3608 τὴν
1796 3537 1926 3608 περὶ
1949 3536 2089 3591 αὐτὰ
2113 3535 2330 3608 ὁμιλίαν
2363 3535 2729 3607 ἐργαζόμενα.

256 3671 356 3727 να’.
390 3664 555 3726 Οὗτοι
579 3672 758 3725 τοίνυν
785 3673 836 3725 οἱ
860 3672 1006 3740 ἅγιοι
1040 3670 1279 3742 Χριστοῦ
1320 3670 1560 3743 μιμηταὶ
1605 3669 1764 3739 γενό-

197 3779 364 3829 μενοι,
391 3761 487 3814 καὶ
513 3763 582 3832 τῇ
608 3763 688 3824 είς
716 3760 956 3830 Χριστὸν
988 3761 1180 3834 ἀγάπῃ
1208 3761 1310 3831 τὴν
1334 3759 1514 3832 ψυχὴν
1555 3775 1764 3830 τετρω-

199 3855 362 3920 μένοι,
393 3855 489 3905 καὶ
503 3855 622 3906 κατ’
653 3854 798 3924 ῐχνος
828 3852 996 3907 αὑτοῦ
1027 3854 1151 3906 ὅσον
1177 3852 1398 3922 ἐφικτὸν
1418 3849 1756 3922 ἀνθρώποις,

1933 3669 2022 3724 5L
2057 3667 2122 3723 ili
2149 3682 2280 3738 ergo
2302 3669 2472 3723 sancti
2501 3667 2703 3723 Christi
2730 3667 2856 3722 facti
2885 3666 3210 3731 imitatores,
3237 3675 3290 3720 et
3311 3680 3442 3734 erga

1863 3761 2138 3818 Christum
2197 3761 2465 3816 cbaritate
2519 3761 2734 3830 penitus
2774 3759 3083 3823 vulnerati,
3120 3766 3174 3813 et
3213 3757 3448 3826 vestigia.

1863 3853 1979 3922 ejus
2010 3860 2280 3922 quatenus
2330 3851 2532 3906 homini
2586 3852 2843 3919 possibile
2891 3860 3004 3914 est,
3057 3849 3306 3920 persequi
3351 3863 3445 3918 ge-

201 3945 330 3995 ἰέναι
373 3943 840 4015 προθυμούμενοι,
893 3944 1075 3997 πίστει
1125 3959 1186 3997 τε
1233 3942 1619 4014 ὲρηρεισμένοι
1669 3941 1763 3994 καὶ

1871 3945 2112 4010 Stientes,
2161 3944 2265 3998 fide
2311 3943 2445 4008 nisi,
2485 3953 2539 3996 et
2570 3943 2780 3995 [inuam
2815 3958 2968 4011 spem
3005 3944 3326 4002 retinentes,
3365 3955 3428 3993 ac

198 4034 292 4100 τὴν
307 4032 497 4086 ἐλπίδα
517 4035 844 4104 κεκτημένοι
865 4033 1194 4104 ἀπλάνητον,
1213 4035 1308 4086 καὶ
1329 4031 1437 4085 τῶν
1461 4031 1763 4102 μελλόντων

1874 4033 2052 4086 futura
2085 4043 2337 4102 tanquam
2383 4035 2665 4102 praesentia
2691 4041 2994 4101 captantes,
3020 4041 3231 4086 terrena
3256 4031 3440 4085 o:unia

199 4126 270 4182 ὡς
284 4126 559 4196 παρόντων
572 4127 673 4197 ἤδη
696 4126 1134 4197 ἀντειλημμένοι,
1160 4125 1266 4178 τῶν
1285 4125 1374 4177 ἐπὶ
1401 4124 1491 4193 γῆς
1511 4124 1763 4178 ἁπάντων

1875 4137 1972 4177 ceu
2001 4122 2202 4176 caduca
2226 4131 2280 4177 et
2312 4124 2678 4191 corruptibilia
2711 4131 3185 4190 contempserunt;
3220 4120 3431 4172 divitia-

202 4215 273 4278 ὡς
292 4217 568 4287 ἐπικήρων
593 4219 688 4270 καὶ
709 4217 964 4288 φθαρτῶν
991 4217 1405 4287 κατεφρόνησαν
1423 4233 1437 4247 ·
1467 4217 1763 4286 χρημάτων

1877 4231 1996 4269 rum
2033 4229 2246 4284 quoque
2268 4225 2323 4270 et
2353 4217 2590 4284 ipsorum
2625 4231 2912 4284 corporum
2950 4215 3282 4283 negligentes
3317 4211 3437 4266 fue-

205 4323 259 4357 τε
282 4303 346 4360 αὖ
377 4312 470 4362 καὶ
490 4308 759 4379 σωμάτων
781 4309 960 4362 αὐτῶν
988 4309 1294 4378 ὑπερόπται
1320 4307 1580 4377 γεγόνασι
1614 4324 1626 4338 ο
1667 4307 1763 4360 τῶν

1879 4314 2022 4370 runt,
2067 4305 2192 4374 quia
2225 4319 2310 4360 res
2345 4305 2596 4360 ctelestcs
2627 4320 2692 4358 ac
2716 4305 3064 4360 sublimiores
3091 4302 3437 4372 appetebant,

209 4400 533 4464 ἐπουρανίων
567 4403 676 4473 γάρ
727 4402 822 4456 καὶ
870 4401 1219 4472 ὑψηλοτέρων
1263 4399 1563 4470 ὲγλίχοντο,
1613 4399 1763 4452 πολι-

1871 4397 2335 4452 conversationem
2384 4397 2435 4450 in
2479 4395 2638 4452 caelis
2694 4397 2956 4464 agendam
3003 4402 3279 4465 optantes.
3319 4393 3442 4447 Ideo

210 4490 347 4541 τείαν
372 4491 620 4562 οὐράνιον
647 4493 1026 4562 ἀσπασάμενοι
1046 4509 1060 4521 ·
1084 4489 1165 4544 διὸ
1190 4491 1367 4544 πάντα
1398 4488 1644 4542 σκύϐαλα
1672 4489 1764 4542 διὰ

213 4584 301 4652 τὴν
321 4586 398 4648 εἰς
423 4585 514 4638 τὸν
549 4587 828 4639 κτίσαντα
882 4587 1124 4654 ἀγάπην,
1171 4571 1312 4638 κατά
1335 4583 1426 4637 τὸν
1467 4581 1762 4665 μαρτύρων

215 4672 422 4745 ἔξαρχον
445 4678 710 4747 ἥγηνται·
739 4677 882 4730 οὕτω
924 4677 1016 4730 τὸν
1064 4675 1296 4748 σταυρὸν
1340 4675 1629 4746 ἀράμενοι,
1670 4674 1766 4726 καί

215 4764 303 4832 τὴν
331 4767 629 4822 πανοπλίαν
663 4767 1028 4830 ἀναλαϐόντες
1061 4767 1154 4821 τοῦ
1190 4763 1524 4834 πνεύματος,
1547 4763 1624 4834 τῷ
1657 4762 1762 4815 θώ-

221 4856 334 4921 pax!
357 4874 410 4910 τε
442 4862 538 4930 τῆς
589 4859 828 4921 πίστεως
879 4859 1242 4928 φραξάμενοι,
1299 4854 1520 4910 καὶτοῦ
1570 4853 1764 4925 θυρεοῦ

219 4945 306 5013 τῆς
334 4947 540 5012 ἐλπίδος
565 4949 911 5020 δραξάμενοι,
947 4948 1039 5002 καὶ
1073 4948 1173 5018 τὴν
1206 4945 1642 5016 περικεφαλαίαν
1667 4943 1762 4997 τοῦ

225 5041 471 5110 σωτηρίου
505 5041 929 5111 περιϐαλόμενοι
959 5057 972 5070 ο
1000 5039 1075 5102 ὡς
1107 5038 1172 5110 δὴ
1194 5038 1292 5110 τὴν
1323 5036 1380 5102 ἐξ
1412 5037 1578 5106 ὕψους
1607 5033 1767 5088 δύνα-

288 5239 307 5269 ⁸
343 5241 532 5312 Philip.
569 5259 654 5306 ιιι.
687 5243 740 5298 8.

290 5439 393 5505 (62)
424 5437 616 5506 Incipit
642 5439 764 5491 hinc
789 5439 927 5507 apud
962 5438 1319 5506 Nicephorum
1351 5437 1588 5493 laudatio
1613 5453 1759 5492 mar-

231 5515 409 5588 tyr-um,
456 5523 575 5588 qua:
613 5509 819 5588 utiliter
855 5508 1162 5588 conferetur
1180 5508 1448 5588 “camilla
1493 5509 1759 5588 Constan-

231 5575 318 5630 tini
357 5575 559 5632 diaconi
605 5592 635 5630 a
685 5578 1029 5658 nobis_edita
1067 5579 1119 5631 in
1174 5576 1359 5658 Spicil.
1402 5575 1632 5658 {iam}.
1680 5576 1755 5643 X,

233 5661 474 5726 quamque
515 5661 631 5727 pne.
656 5647 1106 5727 oculisnhabuisse
1148 5649 1358 5727 videtur
1403 5646 1776 5727 Nicephorius,-

234 5715 667 5786 presertim’quia
717 5718 768 5770 in
816 5715 1029 5772 Nicaena
1079 5719 1317 5786 synodo,
1367 5717 1450 5773 cui
1494 5715 1760 5788 Nicepho-

1869 4496 2067 4541 cuncta
2117 4502 2216 4542 ceu
2262 4498 2506 4544 stercora
2550 4503 2660 4557 prae
2703 4485 2976 4540 Creatoris
3017 4499 3237 4547 amore,
3288 4483 3466 4554 juxta.

1870 4589 2167 4650 martyrum
2229 4591 2582 4646 summatem,
2641 4580 3048 4632 arbitrabantur
3100 4577 3141 4632 ³.
3193 4577 3287 4631 Sic
3335 4575 3436 4630 sibi

1868 4688 2084 4727 crucem
2126 4672 2394 4738 tollentes,
2423 4683 2478 4726 et
2505 4682 2838 4726 armaturam
2875 4671 2996 4725 fidei
3038 4671 3341 4739 capientes,
3375 4678 3432 4722 et

1871 4762 1993 4816 fidei
2026 4761 2188 4816 lorica
2227 4763 2437 4837 muniti,
2470 4772 2786 4830 scutumque
2816 4760 2936 4814 fidei
2964 4759 3310 4828 arripientes,
3339 4776 3436 4828 ga-

1871 4851 2005 4904 leam
2039 4866 2252 4920 quoque
2305 4851 2594 4906 salutarem
2649 4850 2752 4905 sibi
2789 4851 3279 4918 circumponentes,
3320 4859 3442 4903 tan-

1871 4955 2032 5008 quam
2059 4955 2126 4995 ex
2151 4940 2258 4994 alto
2288 4940 2432 4994 vires
2472 4939 2856 5010 suscipientes,
2886 4939 3088 4995 Christi
3123 4940 3434 5009 passionem

1871 5032 2219 5098 inundantes,
2275 5032 2484 5088 fortiter
2552 5033 2926 5100 decertantes,
2997 5035 3184 5091 invicti
3239 5033 3440 5088 milites

1868 5453 1967 5493 rus
1990 5454 2204 5510 quoque
2238 5439 2500 5503 interfuit,
2526 5455 2705 5495 sermo
2730 5441 2818 5494 ille
2843 5435 3177 5492 Constantini
3201 5432 3430 5510 citatur.

1941 5501 2302 5582 (63)Ai"aremi
2337 5501 2770 5582 sententiamde
2819 5516 3118 5582 martyrum
3171 5501 3433 5582 reliquiis,
3471 5563 3474 5566 Α

1868 5571 2003 5644 quas
2036 5571 2306 5634 Saraceni
2367 5578 2768 5633 Thessalonica:
2821 5571 3198 5644 violaverant,
3247 5571 3440 5644 scribit

1871 5637 2122 5719 Nieolaus
2170 5651 2478 5719 patriarcha
2501 5650 2560 5719 in
2596 5660 2842 5702 sermone
2877 5658 2976 5700 Suo
3006 5643 3145 5713 apud
3191 5655 3286 5698 nos
3315 5637 3439 5710 Spi-

1868 5717 1960 5774 cil.
2005 5729 2042 5774 t.
2076 5719 2143 5786 Χ,
2171 5717 2331 5776 Praef.
2368 5735 2418 5788 ιι.
2448 5717 2535 5770 27.
