4032 6208
431 327 536 395 ιιι

1457 324 1518 388 S.
1559 323 1976 386 NICEPHORI
2016 320 2522 382 PATRIARCHE
2559 320 2668 382 ΟΡ.

3507 270 3514 276 ’
3591 317 3705 384 ns

441 439 620 508 magni
651 438 796 511 regis
825 447 999 495 semet
1023 434 1382 494 ostenderunt
1397 443 1451 488 et
1469 431 1684 487 athletae
1709 431 2014 502 generosis-

2124 447 2212 502 μιν
2239 427 2549 500 δεξάμενοι,
2583 431 2680 484 καὶ
2711 429 2781 484 τὰ
2834 431 2986 502 πάθη
3038 428 3279 503 Χριστοῦ
3328 426 3708 500 ζηλώσαντες,

437 536 584 590 simi.
635 535 730 591 Sic
783 530 1048 589 adversus
1095 543 1341 586 errorem
1411 537 1616 597 trapaza
1675 535 2007 590 erexerunt,

433 639 761 694 omnemque
785 623 1089 680 machinam
1119 619 1328 675 inimici
1358 625 1759 688 expugnarunt,
1785 625 2013 672 cunctas

439 717 558 786 eius
602 716 746 770 vires
785 712 1168 775 dissolverant,
1213 709 1395 765 omnia
1438 709 1544 764 tela
1579 707 1820 776 ejusdem
1855 707 2012 776 ignea

333 875 340 881 θ
441 804 854 869 exstinxerunt,
895 803 1314 859 etdominatum
1363 800 1538 870 valide
1586 801 2012 870 destruxerunt:

439 903 666 952 cunctas
712 895 1087 951 ministrorum
1141 893 1342 950 diaboli
1392 891 1704 948 molitiones
1741 904 1808 946 ac
1839 889 2016 943 minas

423 987 804 1057 'despnerunt,
869 987 1168 1056 quamlibet
1235 985 1478 1054 ipsorum
1535 983 1801 1038 saevitiam
1853 991 2016 1050 atque

443 1077 690 1132 fraudem
725 1077 1001 1146 aspernati
1029 1087 1175 1140 sunt,
1213 1073 1427 1129 fortiter
1457 1057 1796 1140 viriliterque
1827 1071 2018 1124 admo-

443 1170 573 1223 dum
603 1167 820 1224 illorum
865 1168 1119 1224 artiﬁciis
1164 1165 1518 1222 obstiterunt.
1553 1162 1694 1218 Vere
1724 1162 1934 1216 firmam
1965 1168 2020 1217 et

443 1245 832 1315 indeclinatam
875 1273 1001 1326 erga
1035 1257 1207 1314 Deum
1254 1255 1587 1312 voluntatem
1639 1254 1924 1322 gerebant,
1963 1259 2022 1306 et

444 1349 680 1407 inﬂictos
706 1351 981 1406 cruciatus
1009 1348 1154 1407 velut
1183 1347 1239 1402 in
1269 1345 1462 1402 alienis
1486 1342 1808 1414 corporibus
1835 1340 2020 1411 perfe-

446 1452 664 1507 rentes,
717 1456 785 1496 ac
837 1450 1044 1496 natura;
1096 1436 1498 1509 quodammodo
1556 1433 1748 1498 obliti,
1807 1432 2022 1488 labores

446 1536 784 1600 tolerabant;
811 1532 1027 1603 pietatis
1050 1529 1283 1587 stadium
1305 1539 1496 1585 contra
1513 1525 1855 1598 poiytbeismi
1878 1538 2026 1580 erro-

445 1624 562 1682 rem
594 1626 966 1689 decurrentes,
1001 1623 1054 1678 in
1083 1622 1260 1694 ignem
1292 1619 1460 1676 veluti
1488 1632 1666 1674 rorem
1698 1615 2020 1682 insilientes,

2112 521 2384 584 εύσθενῶς
2418 523 2842 593 ἀριστεύοντες,
2901 523 3160 594 ἀήττητοι
3215 521 3552 592 στρατιῶται
3603 523 3706 576 τοῦ

2117 611 2359 684 μεγάλου
2405 611 2672 683 βασιλέως
2719 614 3149 685 ἀνεδείχθησαν,
3181 614 3278 668 καὶ
3310 613 3544 670 ἀθληταὶ
3571 631 3710 684 γεν-

2113 703 2388 758 ναιότατοι
2411 721 2426 733 ’
2458 703 2604 757 οὕτω
2623 704 2767 758 κατά
2787 706 2890 776 τῆς
2915 706 3130 775 πλάνης
3158 705 3402 773 ἔστησαν
3431 705 3712 775 τρόπαια,

2117 794 2208 849 καὶ
2234 795 2414 848 πᾶσαν
2467 794 2567 864 μὲν
2611 795 2866 865 μηχανὴν
2919 795 3015 848 τοῦ
3058 794 3258 866 ἐχθροῦ
3302 793 3707 866 ἐξεπόρθησαν,

2117 887 2298 940 πᾶσαν
2328 885 2387 938 δὲ
2414 884 2580 940 αὐτοῦ
2609 887 2710 958 τὴν
2734 886 2970 957 δύναμιν
3011 885 3480 950 καταλελύκεσαν,
3517 887 3714 940 πάντα

2116 975 2188 1030 τὰ
2239 975 2614 1046 πεπυρωμένα
2651 975 2782 1046 βέλη
2842 975 3016 1030 αὐτοῦ
3077 973 3454 1042 κατέσϐεσαν,
3493 976 3595 1030 καὶ
3641 976 3713 1028 ab

2118 1066 2320 1135 κράτος
2347 1065 2594 1119 καθεῖλον
2627 1067 2894 1130 νεανικῶς
2912 1081 2928 1097 ⁸
2979 1065 3164 1130 πάσας
3185 1066 3244 1120 δὲ
3264 1065 3378 1119 τῶν
3406 1065 3717 1136 ὑπηρετῶν

2116 1155 2212 1208 τοῦ
2247 1154 2488 1226 πονηροῦ
2515 1156 2615 1220 τάς
2657 1157 2908 1221 ἐπινοίας
2938 1158 3036 1210 καὶ
3075 1157 3316 1220 ἀπειλὰς
3359 1155 3668 1210 διέπτυσαν
3693 1170 3714 1186 ο

2119 1247 2302 1318 πάσης
2331 1247 2514 1302 αὐτῶν
2554 1248 2847 1320 ὡμότητός
2877 1265 2940 1301 τε
2968 1248 3066 1302 καὶ
3109 1247 3383 1320 ἐπηρείας
3427 1248 3725 1318 κατεφρό-’

2120 1356 2311 1411 νησαν,
2345 1339 2611 1406 γενναίως
2635 1342 2734 1394 καὶ
2761 1340 3034 1411 ἀνδρικῶς
3063 1340 3204 1409 ἄγαν
3233 1341 3368 1412 πρὸς
3391 1341 3574 1404 πάσας
3602 1340 3718 1404 τὰς

2123 1429 2406 1502 μεθοδείας
2451 1429 2642 1485 αὐτῶν
2679 1431 3199 1504 ἀντικαθιστάμενοι
3224 1449 3241 1464 ο
3289 1432 3508 1504 ἑδραῖον
3553 1428 3722 1503 εἶχον

2119 1523 2290 1588 δντως
2320 1523 2458 1594 πρὸς
2485 1523 2618 1580 Θεὸν
2667 1527 2762 1580 καὶ
2797 1525 3023 1592 enim;
3049 1527 3110 1580 τὸ
3141 1527 3419 1598 φρόνημα,
3473 1528 3570 1580 καὶ
3604 1527 3723 1590 τὰς

2122 1616 2470 1688 ὲπαγομένας
2504 1617 2694 1682 αίκίας
2720 1617 2794 1682 ὡς
2810 1617 2898 1672 ἐπ’
2925 1618 3236 1691 ἀλλοτρίοις
3257 1621 3474 1690 σώμασι
3499 1619 3724 1686 διαγω-

447 1717 996 1773 horrendissimarum
1039 1713 1282 1769 ferarum
1330 1713 1522 1768 dentes
1553 1717 1610 1765 et
1642 1708 1848 1764 rabiem
1880 1707 2021 1762 haud

2126 1707 2416 1778 νιζόμενοι,
2445 1707 2541 1762 καὶ
2562 1708 2756 1780 ῶσπερ
2779 1709 2882 1780 τῆς
2911 1709 3128 1780 φύσεως
3157 1710 3546 1778 ἐκλαθόμενοι,
3575 1709 3723 1774 τοὺς

447 1819 782 1875 metuentes,
835 1807 966 1864 ferri
1019 1807 1236 1874 aciem,
1277 1812 1334 1860 et
1376 1802 1702 1874 ungularum
1749 1799 2018 1865 acumina,

2127 1777 2320 1862 πόνους
2346 1798 2642 1870 διήνεγκαν
2665 1814 2680 1829 ⁸
2711 1777 2776 1854 τὸ
2827 1777 3046 1855 στάδιον
3095 1801 3198 1872 τῆς
3235 1777 3520 1864 εὐσεϐείας
3561 1801 3724 1855 κατ-ἀ

445 1903 693 1958 carnium
735 1901 1077 1957 concisiones
1100 1907 1196 1954 aut
1225 1896 1618 1961 lacerationes,
1653 1893 1852 1948 animis
1878 1891 2021 1948 haud

447 1987 825 2054 concidebant,
861 1987 1110 2058 supplicii
1154 1983 1539 2042 instrumentis
1587 1991 1780 2052 sponte
1802 1989 1862 2036 ut
1884 1981 2022 2036 deli-

445 2078 548 2134 ciis
583 2077 966 2144 occurrebant,
1013 2085 1206 2134 cuncta
1255 2074 1417 2147 124
1445 2074 1797 2138 sustinentes,
1841 2073 2022 2128 omnia

444 2171 776 2236 tolerantes,
821 2184 985 2224 unum
1058 2177 1411 2239 spectantes,
1459 2175 1624 2236 atque
1667 2166 1734 2220 ad
1777 2164 2022 2220 brevium

452 2275 702 2333 supernas
756 2260 1057 2317 vocationis
1118 2260 1482 2326 festinantes,
1524 2257 1668 2313 haud
1725 2256 2022 2326 condignas

447 2353 732 2421 passiones
760 2351 923 2423 hujus
953 2350 1212 2421 temporis
1240 2349 1309 2406 ad
1339 2348 1576 2404 futuram
1609 2361 1729 2417 quae
1758 2344 2021 2402 revelabi-

449 2454 539 2498 tur
566 2443 789 2514 gloriam
819 2443 1220 2500 existimantes.
1249 2440 1356 2496 Sed
1382 2441 1466 2496 his
1485 2439 1738 2495 omnibus
1767 2437 2024 2494 resisten-

443 2545 550 2602 tes,
577 2545 631 2591 et
659 2543 833 2590 morte
865 2544 1145 2604 superata,
1174 2549 1273 2604 pro
1307 2533 1411 2588 (ide
1433 2531 1776 2603 ‘pugnantes,
1828 2539 2022 2601 tyran-

446 2637 642 2682 norum
674 2627 839 2681 minis
891 2626 1205 2696 superiores
1250 2625 1354 2680 visi
1394 2632 1557 2688 sunt;
1615 2622 1741 2693 quia
1801 2619 2022 2677 nomine

448 2716 663 2772 Domini
698 2717 1118 2782 roborabantur,
1159 2714 1303 2787 quod
1331 2729 1517 2770 coram
1568 2712 1824 2784 gentibus
1881 2711 2022 2780 regi-

444 2810 667 2880 busque
683 2811 994 2880 portabant.

2116 1890 2216 1962 τῆς
2243 1886 2504 1944 πολυθέου
2531 1889 2742 1963 πλάνης
2763 1890 3105 1958 ὲξανύοντες,
3130 1892 3269 1964 πρὸς
3292 1893 3354 1946 τὸ
3377 1893 3490 1964 πῦρ
3514 1891 3726 1964 ὥσπερ

2119 1983 2200 2046 είς
2228 1981 2420 2056 δρόσον
2449 1983 2825 2056 ἐναλλόμενοι,
2857 1983 3042 2056 θηρῶν
3077 1972 3482 2056 φῶερωὲἆτων
3526 1984 3721 2057 μύλας

2119 2073 2216 2127 καὶ
2246 2072 2454 2144 θυμοὺς
2481 2074 2544 2127 οὐ
2567 2073 2964 2144 δειμαίνοντες,
2993 2075 3181 2146 ἀκμὴν
3207 2075 3428 2146 σιδήρου
3455 2077 3550 2130 καὶ
3579 2073 3718 2130 M-

2120 2179 2230 2233 χων
2278 2162 2568 2234 ὀξύτητας,
2600 2165 2822 2236 σαρκῶν
2867 2167 3220 2237 τεμνομένων
3278 2158 3374 2220 καὶ
3425 2167 3720 2237 ξεομένων

2125 2252 2506 2325 ⁴ιξςρειδηκότες,
2543 2255 2646 2308 οὐκ
2678 2255 3040 2326 ὲτεθῄπεσαν,
3065 2257 3160 2310 ἐπὶ
3185 2256 3254 2310 τὰ
3278 2256 3487 2328 ὀργανα
3522 2255 3584 2309 δὲ
3607 2258 3723 2327 τῆς

2127 2344 2399 2417 τιμωρίας
2481 2344 2802 2416 αὐθαίρετοι
2863 2345 3056 2418 ῶσπερ
3130 2349 3226 2402 ἐπὶ
3281 2347 3500 2418 τρυφὴν
3519 2352 3722 2422 ᾔεσαν,

2131 2437 2308 2490 πάντα
2337 2437 2646 2505 στέγοντες,
2678 2437 2854 2492 πάντα
2879 2438 3161 2509 φέροντες,
3193 2438 3328 2509 πρὸς
3382 2437 3443 2492 ἓν
3468 2439 3724 2491 ἀποσκο-

2129 2521 2379 2586 ποῦντες,
2443 2524 2540 2577 καὶ
2595 2523 2732 2595 πρὸς
2777 2525 2840 2579 τὺ
2873 2525 3134 2597 βραϐεῖον
3154 2528 3253 2598 τῆς
3305 2528 3422 2582 ἀνω
3460 2527 3724 2598 κλήσεως

2127 2613 2500 2685 ἐπειγόμενοι,
2535 2615 2638 2670 οὐκ
2668 2617 2796 2682 ἄξια
2835 2619 2905 2672 τά
2946 2619 3250 2691 παθήματα
3281 2620 3378 2674 τοῦ
3429 2619 3716 2692 παρόντος

2129 2708 2322 2779 καιροῦ
2358 2709 2496 2781 πρὸς
2546 2709 2648 2782 τὴν
2690 2711 2993 2782 μέλλουσαν
3023 2713 3511 2768 ἀποκαλύπτεσθαι
3547 2709 3724 2776 δόξαν

2127 2799 2422 2870 ἡγούμενοι
2438 2815 2452 2830 ⁸
2479 2799 2619 2855 ἀλλά
2646 2801 2855 2857 τούτων
2877 2803 3136 2858 ἀπάντων
3159 2804 3727 2874 κατατολμήσαντες,
3751 2812 3762 2821 ·

447 2903 546 2963 καὶ
563 2901 798 2956 θανάτου
822 2901 1107 2974 κρείττους
1129 2899 1438 2971 γενόμενοι,
1465 2894 1904 2970 ὐπεραθλοῦντες
1928 2893 2028 2963 τῆς
2065 2891 2326 2956 πίστεως,
2357 2889 2467 2944 τῶν
2499 2891 2740 2946 ἀπειλῶν
2799 2893 2910 2948 τῶν
2956 2893 3238 2964 τυράννων
3304 2895 3726 2968 καθυπέρτεροι

447 2995 711 3068 ὤφθησαν
731 3015 744 3029 ο
763 2994 888 3076 ἐπεὶ
917 2996 977 3050 ὲν
993 2995 1072 3066 τῷ
1093 2992 1188 3048 τοῦ
1217 2993 1354 3048 Θεοῦ
1378 2991 1603 3063 ὀνόματι
1630 2987 2016 3060 ὲκρατύνοντο,
2054 2983 2194 3054 ὅπερ
2219 2980 2454 3037 ἐνώπιον
2491 2983 2666 3039 ἐθνῶν
2700 2985 2798 3040 καὶ
2828 2985 3096 3056 βασιλέων
3121 2987 3458 3044 ἐϐάστασαν.

520 3172 597 3227 lta
637 3170 910 3226 cruciatus
950 3170 1169 3225 fortiter
1217 3167 1540 3232 tolerantes,
1587 3163 1827 3234 majores
1877 3162 2023 3216 vires

449 3263 766 3330 sumebant;
808 3263 878 3316 ita
926 3260 1398 3332 persecutionibus
1427 3273 1493 3314 ac
1523 3256 1781 3328 periculis
1835 3268 2027 3312 corro-

401 3339 406 3344 ’
448 3355 804 3409 borabautur.
860 3353 998 3408 lliuc
1047 3351 1436 3408 tentationibus
1472 3363 1540 3405 ac
1579 3345 2026 3403 tribulationibus

449 3447 620 3515 magis
684 3446 973 3514 vigebant,
1041 3444 1354 3500 nullatenus
1417 3441 1580 3497 minis
1635 3436 2026 3506 intentatisque

449 3537 751 3592 terroribus
779 3536 1096 3603 tcrrefacti;
1127 3544 1537 3606 persecuturum
1573 3531 1778 3586 rabiem
1809 3525 2025 3600 egregie

447 3628 828 3694 rctumlebant,
861 3629 1036 3698 capita
1071 3627 1362 3698 impiorum
1404 3623 1784 3686 concidebant,
1828 3633 2023 3688 super-

447 3719 632 3774 cilium
679 3720 962 3773 atheornm
1015 3717 1410 3788 deprimebant,
1465 3707 1879 3770 luribundorum
1909 3719 2023 3764 tor-

447 3819 626 3860 menta
677 3821 772 3862 ceu
824 3809 1111 3862 thesauros
1152 3807 1422 3878 pretiosos
1460 3804 1845 3866 admittentes,
1888 3798 2024 3854 deli-

446 3897 656 3950 ciarum
711 3897 892 3964 p0tius
957 3911 1120 3966 quam
1183 3909 1357 3966 poeme
1422 3893 1542 3948 loco
1591 3893 1876 3948 habentes.
1932 3888 2025 3944 Sic

445 3988 650 4042 erroris
708 3988 1074 4044 destructores
1141 3997 1464 4050 evaserunt,
1528 3991 1922 4055 angustamque
1969 3988 2026 4036 et

449 4081 732 4138 niulestam
794 4081 935 4134 viam
999 4089 1266 4143 terentes,
1317 4075 1649 4132 multitudini
1721 4073 1920 4129 inviam
1971 4082 2029 4128 et

446 4175 740 4234 desertam,
773 4173 842 4226 ad
875 4170 1166 4241 spatiosum
1199 4183 1263 4224 ac
1295 4166 1689 4231 beatissimam,
1731 4179 1852 4235 quae
1889 4163 2024 4234 ipsis

445 4274 568 4322 crat
623 4264 934 4335 assignate,
1001 4259 1208 4330 requiei
1277 4260 1462 4316 sedem
1517 4265 1906 4329 pervenerunt.
1954 4255 2022 4311 ﬂi

445 4356 728 4413 victoriosi
769 4363 1058 4425 martyres,
1087 4353 1138 4408 iu
1165 4351 1502 4406 cruciatuum
1535 4349 1754 4405 camino
1783 4345 2020 4410 excocti,

2199 3165 2356 3220 Οὖτω
2379 3168 2499 3230 ταῖς
2529 3165 2788 3237 βασάνοις
2811 3169 3300 3240 ἐγκαρτεροῦντες,
3322 3169 3417 3224 ἐπὶ
3433 3169 3497 3224 τδ
3515 3171 3722 3242 ῥωμα-

2127 3255 2294 3312 λεώτε
2305 3273 2396 3329 ρον
2429 3259 2933 3330 μετερῤυθμίζοντο
2955 3279 2970 3294 ·
3011 3261 3158 3316 οὕτω
3177 3264 3292 3326 τοῖς
3316 3262 3584 3334 διωγμοῖς
3607 3265 3722 3320 καὶ

2126 3348 2395 3410 κινδύνοις
2430 3337 2775 3422 ερρώννυντο
2797 3367 2811 3382 ο
2859 3351 3118 3406 ἐντεῦθεν
3147 3351 3574 3423 ινεδυναμοιὶντο
3593 3357 3724 3420 τοῖς

2125 3443 2456 3512 πειρασμοῖς
2497 3443 2592 3496 καὶ
2616 3446 2738 3506 ταῖς
2774 3442 3042 3513 θλίψεσιν,
3075 3443 3230 3498 οὐδὲν
3283 3443 3392 3498 τῶν
3443 3443 3718 3498 ἀπειλουο

2130 3534 2307 3604 μένων
2333 3533 2366 3605 ἢ
2399 3536 2840 3607 προσαγομένων
2883 3536 3075 3590 δεινῶν
3094 3535 3519 3606 κατεπτηχότες
3548 3553 3566 3568 ·
3614 3536 3718 3602 ἑξ-

2126 3626 2365 3699 ἠλεγξαν
2390 3630 2492 3701 τὴν
2511 3630 2620 3684 τῶν
2634 3631 2940 3686 διωκόντων
2971 3632 3171 3704 μανίαν
3195 3632 3590 3704 εὐτολμότατα,
3613 3633 3716 3687 καὶ

2129 3720 2376 3790 κεφαλάς
2403 3719 2624 3794 ἀνόμων
2643 3707 2919 3794 διέκοψαν,
2941 3726 3036 3778 καὶ
3059 3725 3158 3796 τὴν
3187 3725 3361 3796 ὀφρὺν
3384 3725 3493 3778 τῶν
3528 3723 3719 3779 ἀθέων

2125 3802 2500 3878 κατέσπασαν,
2525 3813 2655 3876 τοὺς
2675 3812 2782 3866 τῶν
2799 3812 3084 3885 δυσμενῶν
3101 3814 3393 3884 αἰκισμοὺς
3404 3813 3481 3878 ὡς
3510 3813 3716 3884 θησαυ-

2131 3903 2257 3976 ροὺς
2277 3903 2608 3988 πολυτίμους
2627 3903 2931 3976 δεχόμενοι,
2965 3905 3178 3978 τρυφὴν
3202 3903 3448 3977 μᾶλλονῆ
3477 3903 3711 3959 κόλασιν

2124 3995 2348 4060 τούτους
2361 3995 2720 4068 λογιζόμενοι.
2745 3994 2903 4052 Οὕτω
2918 3995 3014 4070 τῆς
3031 3998 3240 4070 πλάνης
3261 3996 3589 4070 καθαιρέται
3613 4013 3712 4065 γε-

2125 4085 2339 4154 γόνασι,
2368 4087 2464 4140 καὶ
2481 4082 2579 4159 τὴν
2608 4087 2802 4160 στενὴν
2841 4088 2938 4141 καὶ
2964 4087 3334 4160 τεθλιμμένην
3362 4085 3547 4160 τρίϐον
3577 4087 3708 4141 ἐλά-

2128 4193 2344 4242 σαντες,
2371 4177 2472 4248 τὴν
2495 4177 2712 4242 πολλοῖς
2739 4171 2938 4250 ἀστιϐῆ
2960 4181 3057 4234 καί
3077 4173 3408 4249 ἀνέμϐατον,
3433 4179 3572 4250 πρὸς
3602 4179 3708 4250 τὴν

2125 4267 2438 4339 εὐρύχωρον
2452 4270 2545 4324 καὶ
2562 4269 2767 4324 πανολϐ
2774 4269 2882 4336 ίαν,
2899 4259 2934 4342 ἢ
2948 4271 3130 4334 αὐτοῖς
3145 4269 3595 4342 ἀπεκεκλήρωτο,
3610 4287 3706 4324 κα·

2125 4360 2382 4415 ταλύουσι
2397 4361 2570 4432 λῆξιν.
2589 4355 2750 4418 Οὗτοι
2763 4365 2814 4416 οἱ
2831 4364 3131 4419 καλλίνικοι
3147 4364 3424 4435 μάρτυρες
3438 4365 3497 4416 ὲν
3510 4365 3580 4434 τῇ
3595 4363 3704 4417 τῶν

448 4461 611 4522 atque
645 4459 705 4504 ut
728 4463 919 4503 aurum
945 4448 1230 4517 probatum
1260 4441 1524 4512 comperti
1543 4457 1608 4496 ac
1637 4437 2020 4510 splendiftcati,

2128 4449 2378 4521 βασάνων
2401 4451 2746 4522 πυρωθέντες
2770 4454 3009 4525 καμίνῳ,
3027 4455 3122 4508 καὶ
3141 4453 3217 4516 ῶς
3232 4454 3459 4525 χρυσίον
3477 4451 3704 4524 δόκιμον

446 4543 562 4598 sole
596 4549 724 4597 sunt
769 4537 1053 4603 clariores,
1083 4546 1136 4593 et
1165 4535 1347 4592 sidera
1398 4534 1602 4604 fulgore
1636 4539 1919 4600 superant.
1954 4527 2021 4585 Hi

2124 4539 2444 4614 εὐρεθέντες
2473 4543 2568 4598 καὶ
2583 4543 3058 4614 λαμπρυνθέντες,
3099 4545 3243 4617 ὑπὲρ
3269 4545 3420 4616 ἥλιον
3450 4543 3706 4616 λάμπου-

445 4636 518 4690 ob
565 4633 768 4689 Christi
817 4627 1218 4686 confessionem
1273 4625 1658 4688 consummati,
1731 4621 2024 4678 rationales

445 4727 825 4796 perfectasque
858 4722 1111 4778 victimas
1147 4719 1196 4774 ei
1225 4727 1399 4775 semet
1433 4717 1804 4787 praebuerunt,
1841 4721 1898 4768 et
1929 4725 2022 4768 sa-

447 4816 710 4872 crificium
759 4814 867 4869 Deo
915 4811 1286 4884 gratissimum
1337 4823 1404 4863 ac
1439 4805 1918 4876 iucundissimum,
1967 4808 2025 4857 et

447 4905 835 4975 acceptabilem
877 4903 1276 4974 perlitationem
1311 4901 1557 4969 beneque
1585 4896 1820 4952 olentem
1851 4893 2022 4950 odore

445 4995 693 5066 spiritus,
725 4993 782 5054 in
809 4993 1182 5047 holocaustum
1215 4990 1552 5048 obtulerunt.
1588 4984 1794 5042 Horum
1827 4983 2025 5040 alacri-

443 5097 558 5145 tate
595 5087 695 5157 ipsi
727 5084 900 5156 angeli
925 5083 1349 5154 obstupuerunt;
1377 5084 1570 5138 horum
1607 5079 1908 5136 certamina
1931 5092 2022 5132 su-

444 5179 847 5251 permundiales
875 5177 1110 5233 virtutes
1154 5178 1436 5232 admirata:
1467 5185 1814 5243 summopere
1857 5178 2020 5237 sunt;

445 5271 573 5340 quia
601 5268 818 5343 mortali
855 5267 908 5322 iu
941 5279 1170 5335 corpore
1213 5265 1514 5320 invisibiles
1563 5265 1750 5320 hostes
1780 5261 2022 5318 debella-

444 5371 596 5426 runt,
629 5371 684 5416 et
717 5363 786 5416 de
832 5358 1160 5416 adversariis
1200 5357 1316 5412 suis
1360 5355 1644 5410 victoriam
1694 5354 2017 5420 retulerunt,

447 5453 812 5510 invisibilibus
851 5446 1154 5522 proﬂigatis
1199 5450 1541 5519 agminibus,
1583 5458 1781 5520 tropaea
1839 5447 2022 5520 splen-

445 5546 571 5602 dida
617 5557 803 5604 contra
873 5551 1238 5616 repugnantes
1300 5549 1631 5598 statuerunt.
1679 5537 1776 5596 llis
1821 5537 2022 5610 gaudet

447 5637 595 5692 Deus
617 5647 673 5694 et
699 5637 1061 5709 glorificatur;
1101 5635 1275 5708 angeli
1309 5649 1526 5706 quoque
1553 5633 1608 5688 in
1641 5631 1794 5690 cmlis
1820 5643 2014 5703 gratu-

450 5727 633 5782 lantur
681 5743 897 5800 unaque
941 5729 1233 5797 natantur;
1271 5737 1464 5786 contra
1497 5726 1741 5784 diabolus
1773 5739 1877 5782 nec
1910 5739 2017 5782 non

2125 4646 2230 4698 σιν,
2262 4633 2402 4705 ὑπὲρ
2426 4634 2665 4706 ἀστέρας
2698 4635 3036 4705 αὐγάζουσιν
3059 4652 3074 4667 ·
3109 4631 3259 4692 οὗτοι
3289 4641 3356 4710 τῇ
3379 4637 3522 4692 κατά
3559 4637 3700 4706 Χρι-

2125 4725 2252 4779 στὸν
2311 4723 2577 4798 ὁμολογίᾳ
2633 4727 3022 4800 τελειούμενοι,
3082 4729 3303 4800 θύματα
3353 4730 3553 4796 λογικά
3606 4729 3707 4782 καὶ

2121 4817 2304 4872 τέλεια
2322 4816 2472 4889 αὐτῷ
2495 4807 2900 4890 ἀνεδείχθησαν,
2930 4819 3025 4874 καὶ
3055 4819 3216 4876 θυσία
3240 4821 3322 4890 τῷ
3351 4820 3472 4890 Θεῷ
3522 4819 3705 4890 φιλαι-

2123 4905 2263 4978 τάτη
2309 4907 2404 4961 καὶ
2440 4905 2776 4978 εὐάρεστος,
2833 4910 2930 4963 καὶ
2983 4909 3174 4963 δεκτδν
3225 4909 3572 4982 καλλιέρημα
3611 4907 3703 4962 εὐ-

2122 4999 2354 5065 ωιάζον
2376 4999 2477 5070 τὴν
2495 4999 2674 5070 ὀσμὴν
2708 5000 2804 5054 τοῦ
2839 5000 3175 5072 πνεύματος,
3207 4999 3289 5067 είς
3313 5001 3699 5074 ὁλοκάρπωσιν

2124 5091 2576 5163 προσηνέχθησαν
2602 5109 2616 5122 ·
2676 5091 2886 5146 τούτων
2923 5093 3023 5165 τὴν
3055 5094 3377 5165 παρρησίαν
3400 5093 3498 5148 καὶ
3535 5092 3678 5162 ins

2121 5181 2204 5238 λοι
2232 5181 2661 5252 κατεπλάγησαν
2686 5198 2702 5212 ο
2734 5182 2942 5237 τούτων
2981 5183 3108 5248 τούς
3136 5183 3338 5248 ἄθλους
3361 5184 3418 5239 ai
3462 5185 3704 5256 ὑπερκό-

2125 5291 2275 5344 σμιοι
2305 5272 2567 5346 δυνάμεις
2611 5273 3084 5345 ύπερηγάσθησαν
3111 5291 3126 5308 ο
3161 5276 3245 5328 ὅτι
3271 5291 3336 5344 γε
3371 5275 3432 5329 ὲν
3477 5274 3702 5347 σώματι

2123 5362 2307 5436 θνητῷ
2332 5365 2458 5427 τοὺς
2493 5363 2764 5432 ἀοράτους
2791 5364 3079 5435 δυσμενεῖς
3097 5365 3519 5438 ’ὲτροπώσαντο
3543 5407 3559 5431 ,
3606 5366 3702 5420 καὶ

2121 5453 2221 5526 τὴν
2245 5455 2369 5508 κατ’
2391 5453 2604 5525 ἐχθρῶν
2629 5453 2788 5522 νίκην
2808 5455 3036 5526 ἤραντο,
3061 5457 3164 5522 τὰς
3189 5452 3532 5530 παρατάξεις
3564 5455 3700 5510 καθ-

2122 5545 2335 5611 ελόντες
2389 5547 2488 5610 τάς
2527 5543 2817 5618 άοράτους,
2850 5549 2947 5602 καὶ
2991 5550 3231 5620 τρόπαια
3283 5551 3514 5622 λαμπρά
3557 5549 3702 5604 κατά

2120 5639 2230 5693 τῶν
2267 5637 2581 5694 ἀντιπάλων
2629 5639 2960 5710 στησάμενοι
2979 5656 2993 5670 ⁸
3030 5642 3089 5696 έν
3137 5643 3353 5708 τούτοις
3403 5641 3537 5705 Θεὸς
3599 5641 3704 5712 μὲν

2122 5730 2472 5804 εὐφραίνεται
2501 5731 2600 5786 καὶ
2647 5730 2952 5803 δοξάζεται,
2983 5733 3209 5805 ἄγγελοι
3249 5735 3306 5790 δὲ
3343 5737 3398 5788 ὲν
3443 5735 3702 5806 οὐρανοῖς
