4032 6208
432 281 542 350 475

374 5083 397 5123 Ι

1457 289 1519 349 S.
1559 286 1978 349 NICEPHORI
2013 281 2516 347 PATRIARCHIE
2552 280 2660 342 CP.

3582 271 3693 337 ιτσ
3750 238 3761 246 ’

437 390 697 463 pientium
739 389 839 447 visi
883 399 1010 448 sunt
1060 391 1221 457 mori,
1254 400 1311 447 et
1337 400 1584 462 reputata
1617 401 1701 448 est
1724 390 2003 447 calamitas

2110 386 2318 460 γαροῦν
2347 388 2408 440 at
2435 384 2555 440 τῶν
2579 383 2769 453 ἁγίων
2809 380 3004 451 ψυχαί
3058 382 3133 436 ἐν
3166 380 3319 450 χειρί
3358 381 3514 436 Θεοῦ
3545 385 3692 447 εισι,

436 485 615 538 exitus
664 482 908 552 illorum;
939 492 996 539 et
1025 499 1056 538 a
1091 484 1247 540 nobis
1277 483 1572 551 discessus,
1605 483 1901 550 contritio;
1932 483 2009 538 illi

439 574 791 629 nihilominus
839 585 968 629 sunt
997 574 1051 630 in
1085 588 1237 643 pace.
1287 571 1404 630 Non
1441 575 1586 630 enim
1617 575 1815 630 mortui
1860 583 2005 641 sunt,

438 668 530 719 sed
570 667 772 730 vivunt,
803 673 859 719 et
889 679 1116 719 somnus
1148 664 1331 733 potius
1359 680 1525 736 quam
1557 681 1707 722 mors
1729 676 1835 734 est,
1863 681 2009 723 mors

442 758 652 811 illorum
688 756 962 825 pretiosa;
999 758 1141 812 haud
1176 766 1321 828 terra
1357 759 1573 825 infossi,
1604 761 1698 816 sed
1732 761 1786 815 in
1810 761 2006 816 ccelum

440 845 617 898 volatu
646 845 770 899 elati
800 843 937 916 (64).
973 841 1189 902 Eienim
1226 863 1296 903 ex
1324 847 1664 917 corruptibili
1697 848 2009 919 cadueaque

438 936 544 988 vita
571 933 840 1002 translati,
867 935 918 990 in
939 935 1102 992 aliam
1127 940 1461 994 transierunt
1492 939 1790 995 senectutis
1811 953 2007 1009 exper-

437 1037 543 1080 tem
589 1035 644 1081 ct
687 1028 1092 1092 sempiternam.
1158 1029 1522 1097 Quamobrem
1571 1031 1625 1085 in
1677 1030 2008 1101 quotidianis

435 1108 664 1171 i-nnticis
713 1119 937 1185 nostris,
986 1119 1136 1175 circa
1193 1119 1323 1174 illud
1373 1119 1760 1175 acroteleution
1808 1118 2007 1174 cantici

436 1206 574 1273 quod
603 1206 804 1277 hynmo
827 1209 1153 1277 surcinitur,
1183 1224 1482 1280 congruum
1507 1210 1635 1279 quid
1668 1208 2008 1277 modulantes

434 1313 534 1351 ceu
569 1299 636 1351 ad
668 1297 908 1354 viventes
934 1299 986 1353 in
1014 1298 1123 1354 Deo
1156 1310 1379 1355 sanctos
1410 1315 1425 1352 :
1451 1298 1773 1365 Benedicite,
1789 1300 2009 1369 spiritus

433 1397 480 1439 et
514 1389 706 1442 animm
726 1388 1021 1457 juuorum,
1047 1387 1297 1455 Domino,
1326 1389 1573 1454 dicimus,
1602 1398 1659 1443 et
1684 1404 1803 1459 quae
1824 1389 1895 1445 ibi
1918 1405 2007 1446 se-

434 1486 695 1545 quuntut‘.
724 1478 885 1548 Atqui
915 1478 990 1533 illi
1017 1480 1290 1535 canticum
1319 1478 1532 1535 Domini
1568 1480 1713 1536 haud
1749 1488 2008 1536 canerent

437 1568 490 1620 in
524 1577 669 1622 terra
709 1568 909 1635 aliena,
943 1576 999 1624 et
1025 1584 1056 1624 a
1087 1577 1276 1625 nostro
1309 1584 1467 1626 sacro
1501 1571 1668 1625 choro
1697 1569 2008 1641 longissime

2110 479 2204 533 καὶ
2231 478 2293 531 ού
2325 478 2400 548 μή
2432 491 2564 528 ποτε
2587 473 2772 527 αὐτῶν
2809 472 3019 543 ἅψηται
3066 471 3329 542 βάσανος,
3369 471 3476 526 κᾶν
3499 471 3696 537 ἔδοξαν

2109 571 2169 625 ὲν
2194 567 2496 639 ὀφθαλμοῖς
2524 565 2757 619 τουτωνὶ
2785 563 2895 618 τῶν
2938 563 3199 635 ἀφρόνων
3247 562 3531 630 τεθνάναι,
3593 564 3700 618 καὶ

2109 659 2365 729 ἐλογίσθη
2391 658 2640 720 κάκωσις
2672 657 2706 726 ἡ
2743 654 2921 722 ἔξοδος
2952 653 3159 718 αὐτῶν,
3190 654 3287 708 καὶ
3323 655 3358 726 ἡ
3398 653 3495 723 ἀφ’
3528 653 3698 725 ἡμῶν

2110 749 2305 823 πορεία
2322 748 2657 819 σύντριμμαο
2679 746 2731 800 οἱ
2750 747 2809 800 δέ
2835 748 2975 801 είσιν
2996 747 3055 801 ὲν
3071 746 3289 818 είρήνῖγ
3313 745 3374 800 οὑ
3392 746 3699 816 τεθνήκασι

2108 842 2239 915 γὰρ,
2265 840 2403 895 ἀλλὰ
2416 841 2574 906 ζῶσι,
2592 840 2689 894 καὶ
2717 839 2884 903 ῦπνος
2906 838 3107 910 μᾶλλον
3124 838 3307 909 τίμιος
3326 838 3359 910 ἢ
3383 838 3636 901 θάνατος,
3663 838 3704 890 ό

2109 934 2341 997 θάνατος
2369 931 2551 986 αὐτῶν
2579 930 2732 985 ἐστιν
2756 948 2772 964 ο
2811 930 2914 984 ούκ
2946 932 3029 994 είς
3055 931 3161 1002 γῆν
3199 930 3526 996 ὑποδύντες,
3571 927 3699 983 ἀλλ’

2108 1029 2190 1091 είς
2221 1025 2488 1097 οὐρανοὺς
2528 1023 2893 1088 ἀναπτάντες.
2931 1022 3057 1077 Τῶν
3096 1023 3208 1095 γὰρ
3242 1022 3505 1094 φθαρτῶν
3556 1039 3702 1093 μετ-

2108 1117 2438 1179 αναστάντες
2464 1115 2559 1169 καὶ
2597 1115 2906 1187 ἐπικήρων,
2957 1115 3046 1184 ἐφ’
3085 1115 3285 1186 ἑτέραν
3334 1113 3519 1185 βιοτὴν
3556 1131 3702 1185 μετ-

2107 1210 2368 1278 ετάξαντο
2396 1208 2496 1280 τὴν
2526 1207 2720 1279 ἀγήρω
2745 1224 2808 1262 τε
2858 1208 2955 1261 καὶ
2998 1207 3323 1280 μακραίωνα
3347 1224 3361 1239 ο
3408 1206 3602 1277 διόπερ
3631 1207 3701 1260 ἔν

2106 1304 2219 1366 τοῖς
2241 1300 2513 1373 ὁσημέραι
2545 1301 2678 1372 παρ’
2710 1301 2843 1371 ἡμῖν
2881 1298 3189 1372 ᾀδομένοις,
3250 1299 3374 1353 κατ’
3414 1300 3598 1352 ἐκεῖνο
3623 1296 3699 1369 δὴ

2105 1391 2169 1446 τδ
2187 1389 2604 1462 ἁκροτελεύτιον
2632 1388 2730 1443 τοῦ
2771 1390 3043 1460 ὲφυμνίου
3094 1386 3315 1459 μέλους,
3359 1386 3699 1458 ὲναρμόνιόν

2104 1498 2158 1536 τι
2181 1481 2476 1553 μέλποντες
2508 1475 2598 1533 οἷα
2630 1479 2769 1550 πρὸς
2796 1475 3008 1542 ζῶντας
3036 1479 3095 1531 ὲν
3137 1476 3261 1547 Θεῷ
3296 1476 3427 1539 τοὺς
3469 1475 3697 1542 ἁγίους,

2106 1572 2447 1642 Εὐλογεῖτε,
2469 1572 2780 1641 πνεύματα
2800 1569 2901 1624 καὶ
2924 1568 3120 1639 ψυχαί
3144 1569 3414 1633 δικαίων,
3442 1569 3550 1621 τὸν
3568 1566 3699 1621 Κύ-

435 1658 727 1722 ahsentes,
781 1659 826 1714 si
874 1669 1026 1716 certe
1085 1662 1258 1717 sancti
1324 1662 1393 1716 ab
1449 1662 1530 1717 eis
1588 1661 1787 1717 mortui
1851 1673 2003 1731 puta-

2101 1681 2265 1732 ριον.
2296 1664 2552 1735 λὲγομεν,
2586 1663 2686 1717 καὶ
2736 1661 2805 1716 τὰ
2859 1662 3077 1725 τούτοις
3124 1662 3392 1732 ἑπόμενα.
3451 1660 3700 1713 Ἐκεῖνοι

436 1759 643 1806 rentur.

364 1808 369 1813 ⁷
434 1838 739 1911 ἀλλοτρίας,
760 1842 854 1896 καὶ
881 1842 982 1913 τῆς
1020 1842 1148 1898 καθ’
1178 1844 1326 1914 ἡμᾶς
1358 1843 1515 1913 ίερᾶς
1549 1841 1878 1914 όμηγύρεως
1905 1843 1981 1906 ὡς
2052 1808 2394 1918 πᾶρρωτάτω
2416 1808 2768 1917 ’ἱστάμενοιί
2806 1808 2968 1915 εἴπερ
3035 1808 3221 1907 αὐτοῖς
3283 1808 3607 1903 τεθνεῶτες⁷
3635 1808 3721 1890 6i.

434 1931 580 1999 ἅγιοι
609 1932 986 2005 ἐλογίσθησαν.

504 2020 595 2076 52.
632 2021 738 2078 Sed
788 2024 875 2079 illa
927 2026 1145 2094 quidem
1180 2027 1361 2097 priora
1390 2025 1628 2080 fuerunt.
1663 2023 1824 2089 Nunc
1869 2039 2001 2081 vero

431 2114 487 2168 in
538 2115 653 2170 suis
699 2117 872 2172 sacris
906 2118 1259 2190 -imaginibus
1302 2118 1522 2173 easdem
1573 2132 1711 2187 quas
1757 2117 2005 2173 Christus

431 2206 841 2273 persecutiones
872 2208 1243 2280 participant,
1284 2209 1635 2278 ejusdemque
1663 2209 2005 2279 passionibus

429 2296 841 2353 conformantur
862 2340 878 2367 ,
912 2302 984 2355 Ita
1022 2310 1080 2355 ut
1114 2315 1213 2371 pro
1244 2300 1441 2371 duplici
1483 2300 1737 2371 passione
1763 2309 1818 2357 et
1860 2299 2000 2370 inju-

432 2387 535 2454 ria,
565 2389 870 2457 dnplicibus
889 2392 1054 2446 etiam
1081 2393 1318 2461 praemiis
1340 2392 1451 2449 sint
1471 2394 1767 2449 coronandi
1793 2409 1812 2448 :
1837 2393 2003 2448 vicis-

430 2480 643 2550 simque
677 2481 840 2536 simul
871 2481 1318 2552 glorificabuntur
1349 2484 1620 2549 secundo,
1659 2491 1770 2538 tum
1806 2484 1860 2538 in
1892 2484 2001 2538 vita

431 2570 641 2626 scilicet
676 2581 974 2642 martyres,
1016 2582 1127 2627 tum
1157 2574 1320 2630 etiam
1367 2586 1636 2647 martyres
1663 2574 1716 2629 in
1753 2574 2002 2646 imagini-

430 2663 552 2718 bns.
582 2656 877 2734 Propterea
904 2681 1006 2721 nos
1032 2666 1269 2723 scientes
1298 2683 1395 2724 eos
1425 2670 1516 2724 Dei
1549 2667 1851 2725 familiares
1878 2683 2003 2724 esse
2034 2694 2045 2705 ~

431 2763 498 2803 ac
544 2751 787 2805 asseclas
818 2752 920 2824 (iis
965 2754 1110 2808 enim
1151 2755 1393 2810 omnium
1441 2758 1581 2811 Dens
1636 2759 1774 2812 dixit
1813 2774 1828 2813 :
1878 2757 2002 2812 1am

430 2853 534 2892 non
557 2840 677 2895 dico
702 2858 790 2895 vos
819 2859 1015 2909 servos,
1045 2845 1135 2898 sed
1161 2845 1363 2900 amicos
1384 2846 1406 2878 '
1431 2864 1446 2913 ;
1477 2855 1554 2912 et,
1580 2847 1731 2902 Dedit
1755 2849 1830 2903 eis
1856 2859 2007 2917 pote-

2028 1749 2071 1804 B
2098 1754 2209 1824 γὰρ
2256 1755 2358 1809 οὑκ
2408 1744 2602 1825 ἄν’τὴν
2658 1753 2801 1825 ᾠδὴν
2838 1752 3049 1823 Κυρίου
3107 1751 3304 1823 ᾆσαιεν
3353 1752 3432 1813 ὡς
3454 1751 3551 1803 ἐπὶ
3581 1749 3699 1819 γῆς

2170 2019 2269 2090 νβ’.
2315 2019 2456 2075 Ἀλλ’
2487 2020 2677 2074 ἐκεῖνα
2721 2016 2823 2088 μὲν
2871 2016 3162 2088 πρότερον.
3210 2016 3320 2070 Καὶ
3350 2015 3447 2069 νῦν
3495 2018 3555 2072 δὲ
3584 2015 3715 2076 διὰ³

2103 2113 2268 2185 μέσου
2291 2112 2403 2166 τῶν
2425 2110 2590 2184 ἱερῶν
2623 2108 3062 2179 ἀπεικασμὰτων
3113 2106 3317 2173 αὐτῶν,
3348 2110 3460 2172 τοῖς
3491 2109 3695 2175 αὐτοῖς

2098 2204 2178 2277 τῷ
2202 2204 2426 2278 Χριστῷ
2456 2204 2901 2275 συμμετέχοντες
2921 2201 3246 2259 κοινωνοῦσι
3274 2203 3544 2273 διωγμοῖς
3574 2206 3687 2260 καὶ

2101 2294 2215 2354 τοῖς
2262 2291 2462 2346 πάθεσι
2516 2290 3028 2363 συμμορφούμενοι,
3063 2290 3142 2356 ὡς
3181 2291 3278 2345 in!
3311 2291 3521 2357 διπλοῖς
3565 2297 3695 2359 τοϊς

2102 2382 2391 2454 παθήμασι
2441 2382 2539 2438 καὶ
2568 2382 2822 2446 ὀνείδεσι,
2855 2381 3067 2445 διπλοῖς
3105 2382 3201 2437 καὶ⁸
3241 2383 3358 2447 τοῖς
3400 2383 3699 2455 βραϐείοις

2104 2470 2519 2542 στεφθήσονται.
2563 2472 2673 2526 Καὶ
2697 2467 2857 2536 αὖθις
2909 2471 3436 2545 συνδοξασθήσονται
3463 2475 3527 2529 τὸ
3558 2475 3693 2530 δεύ-

2104 2575 2283 2629 τερον,
2311 2559 2406 2613 καὶ
2433 2562 2492 2614 ὲν
2521 2559 2658 2624 ζῶσι
2706 2560 3008 2632 μάρτυρες,
3036 2562 3131 2615 καὶ
3155 2562 3215 2617 ἑν
3264 2563 3440 2618 εἰκόσι
3466 2564 3691 2637 μάρτυς-

2108 2668 2223 2722 ρες,
2262 2638 2541 2722 τοιγάρτοι
2568 2652 2666 2706 καὶ
2701 2652 2778 2716 ὡς
2812 2653 3051 2719 οἰκείους
3073 2653 3211 2708 Θεοῦ
3254 2655 3353 2711 καὶ
3400 2655 3683 2729 θεράπον-

2103 2758 2202 2805 τας
2233 2741 2435 2805 εἰδότες
2462 2758 2477 2772 ·
2533 2742 2674 2814 πρὸς
2711 2743 2910 2808 αὐτοὺς
2939 2744 3050 2815 γὰρ
3087 2746 3117 2807 ό
3146 2745 3258 2801 τῶν
3291 2746 3431 2802 ὅλων
3484 2748 3709 2820 εἴρηκε

2104 2832 2237 2896 Θεός
2259 2846 2275 2862 ⁸
2304 2831 2512 2886 Οὐκέτι
2543 2832 2700 2903 ὑμᾶς
2721 2833 2887 2890 κα.ιῶ
2914 2834 3202 2903 δούλους,
3233 2837 3398 2893 ἀλλὰ
3433 2840 3689 2908 φίλους.

429 2938 615 2986 atatem
643 2933 787 3002 ﬁlios
824 2934 921 2989 Dei
959 2937 1080 3005 ﬁeri
1114 2937 1226 3007 ‘°),
1258 2937 1594 2993 admiremur
1627 2939 1840 2994 illorum
1875 2956 2003 3011 erga

2108 2925 2239 2987 Καὶ,
2272 2925 2535 2980 Ἔδωκεν
2560 2926 2768 2993 αὐτοῖς
2799 2926 3093 2991 ἐξουσίαν
3115 2927 3299 2981 τέκνα
3334 2929 3483 2984 Θεοῦ
3511 2931 3690 3000 τενό-

431 3020 598 3075 Deum
637 3024 962 3079 churitatem
998 3041 1063 3082 ac
1100 3027 1288 3092 fidem,
1320 3038 1376 3083 et
1422 3029 1670 3099 supernis
1699 3029 2000 3087 honoribus

428 3113 771 3170 cumulemus
806 3135 823 3172 :
871 3118 1068 3187 templa
1119 3119 1331 3174 illorum
1362 3135 1657 3188 ornemus,
1699 3124 2001 3179 certamina

429 3203 768 3260 celebremus
789 3246 804 3272 ,
834 3221 1019 3263 sacras
1063 3210 1321 3281 reliquias
1351 3225 1706 3278 veneremur,
1748 3221 2002 3283 augustas

432 3294 645 3350 illorum
678 3297 945 3367 imagines
988 3301 1135 3356 cultu
1167 3317 1565 3374 prosequamur
1606 3322 1623 3360 :
1659 3306 2001 3376 quandoqui-

430 3388 552 3441 dem
602 3403 729 3444 vere
761 3391 937 3445 honor
968 3392 1222 3463 imaginis
1268 3396 1335 3450 ad
1384 3404 1726 3466 prototypum
1768 3398 1998 3463 transit;

429 3488 484 3533 ct
512 3479 684 3535 honor
732 3481 985 3538 fidelibus
1014 3486 1297 3541 conservis
1327 3486 1583 3552 tributus,
1618 3486 1875 3540 indicium
1918 3497 2003 3542 est

430 3579 627 3627 nostrae
667 3576 794 3642 erga
851 3589 1197 3631 communem
1237 3576 1522 3632 Dominum
1580 3577 2001 3642 benevolentizc,

429 3672 489 3717 nt
522 3665 675 3718 aiunt
717 3664 973 3721 Ecclesia:
1012 3667 1281 3736 magistri.
1317 3666 1453 3723 Hinc
1497 3668 1655 3722 nobis
1688 3668 1841 3721 firma
1882 3683 2003 3736 spes

431 3752 692 3822 fidesque,
725 3755 1212 3811 sanctificationem
1243 3757 1591 3827 impetrandi,
1622 3765 2000 3826 peccatorum-

428 3858 537 3913 que
594 3845 1006 3911 remissionem,
1074 3862 1139 3901 ac
1193 3847 1563 3903 molestiarum
1625 3847 2000 3917 depulsionem

430 3937 805 3992 nanciscemli.
846 3937 985 3993 Hinc
1014 3939 1261 3996 videmus
1288 3939 1481 4007 expelli
1509 3942 1812 4004 daemones,
1854 3955 2001 3994 mor-

429 4028 529 4083 bos
588 4029 796 4097 sanari,
846 4030 1190 4086 infirmitates
1242 4030 1421 4101 fugari
1468 4032 1710 4085 omnium
1754 4031 1844 4102 qui
1878 4047 2000 4086 cum

430 4119 534 4175 fide
566 4121 867 4185 accedunt,
907 4122 1023 4177 sive
1056 4123 1329 4193 spiritales
1364 4124 1480 4178 sive
1535 4135 1826 4192 corporeas
1848 4160 1864 4185 ,
1923 4122 2002 4177 si-

426 4211 643 4280 quidem
681 4212 830 4267 dedit
863 4212 998 4282 ipsis
1047 4214 1290 4269 omnium
1327 4215 1638 4269 dominator
1677 4222 1998 4283 potestatem

2030 2988 2077 3049 ο
2106 3019 2246 3070 σθαι
2269 3017 2714 3090 χύπεραγάμεθα
2742 2988 2860 3088 μὲν-
2887 3018 2990 3088 τῆς
3014 3020 3095 3083 είς
3142 3018 3278 3072 Θεὸν
3319 2988 3543 3092 ἀγάπης
3588 3026 3693 3077 καὶ

2103 3105 2594 3171 πίστεωςιαὺτοὺς,
2626 3105 2999 3176 στεφανοῦμεν
3046 3108 3103 3162 δὲ
3135 3110 3258 3171 ταῖς
3296 3110 3564 3165 ἀνωτάτω
3590 3129 3691 3166 τι-

2107 3197 2261 3266 μαῖς·
2294 3196 2625 3267 γεραίρομεν
2661 3196 2841 3250 αὐτῶν
2884 3198 3013 3262 τοὺς
3036 3199 3222 3265 ναοὺς,
3270 3199 3523 3271 τιμῶμεν
3550 3202 3696 3268 τοὺς

2102 3285 2315 3351 ἄθλους,
2365 3288 2786 3360 προσκυνοῦμεν
2830 3288 2901 3343 τὰ
2934 3288 3054 3362 ἱερὰ
3092 3289 3345 3362 λείψανα,
3385 3309 3686 3349 κατασπα-

2103 3379 2308 3449 ζόμεθα
2339 3378 2517 3434 αὐτῶν
2567 3380 2636 3434 τὰ
2669 3380 2832 3450 τίμια
2878 3378 3276 3453 εἰκονισματα·
3330 3386 3523 3457 ἐπειδὴ
3557 3390 3685 3455 ταῖς

2103 3471 2447 3545 ἀληθείαιςή
2488 3472 2589 3545 τῆς
2627 3473 2837 3537 εἰκόνος
2881 3472 3017 3545 τιμὴ
3073 3476 3171 3529 ἐπὶ
3216 3475 3278 3529 τὸ
3320 3477 3686 3548 πρωτότυπον

2102 3564 2390 3628 διαὸαίνει,
2420 3565 2518 3618 καὶ
2573 3566 2607 3634 ή
2654 3564 2793 3636 πρὸς
2830 3566 2955 3630 τοὺς
2995 3564 3350 3637 εὐγνώμονας
3405 3569 3515 3623 τῶν
3548 3573 3688 3641 δμο-

2101 3654 2302 3708 δούλων
2328 3654 2464 3728 τιμὴ
2497 3653 2776 3726 ἀπόδειξιν
2806 3655 2919 3726 ἔχει
2948 3659 3048 3728 τῆς
3070 3659 3212 3730 πρὸς
3235 3659 3327 3713 τὸν
3376 3660 3558 3715 κοινὸν
3582 3664 3685 3716 Δι-

2105 3748 2308 3816 σπότην
2340 3744 2575 3811 εὐνοίας,
2608 3747 2773 3816 φασὶν
2803 3748 2855 3801 οἱ
2892 3747 2995 3818 τῆς
3035 3750 3370 3821 Ἐκκλησίας
3411 3752 3685 3809 διδάσκα-

2103 3834 2225 3887 λοι·
2295 3834 2547 3889 ἐντεῦθεν
2622 3838 2756 3906 ἡμῖν
2818 3839 3159 3904 ἀδιστάκτως
3241 3842 3526 3907 ὲλπίζεται
3586 3847 3684 3898 καὶ

2103 3927 2441 3993 πιστεύεται,
2464 3928 2735 3999 ἁγιασμόν
2754 3946 2815 3983 τε
2836 3931 3247 4001 προσγίνεσθαι,
3271 3935 3366 3989 καὶ
3389 3936 3683 4006 ἁμαρτιῶν

2104 4017 2473 4090 συγχώρησιν,
2510 4021 2604 4074 καὶ
2661 4020 2818 4075 λύσιν
2863 4023 3141 4094 εὑρίσκειν
3184 4025 3297 4078 τῶν
3351 4026 3635 4098 δυσχερῶν
3662 4044 3679 4058 ·

2103 4110 2335 4164 ἐνταῦθα
2381 4112 2598 4183 ὁρῶμεν
2638 4113 2715 4177 ὡς
2771 4113 3030 4184 δαίμονες
3093 4117 3526 4181 ἀπελαύνονται,
3586 4120 3682 4173 καὶ

2103 4203 2247 4259 νόσοι
2273 4203 2693 4275 θεραπεύονται,
2723 4208 2820 4259 καὶ
2850 4205 3030 4259 πάντα
3055 4206 3384 4277 δραπετεύει
3414 4209 3484 4261 τὰ
3532 4208 3683 4278 πάοη

426 4302 671 4358 calcamli
696 4319 859 4374 supra
884 4313 1161 4387 serpentes
1180 4316 1234 4360 et
1259 4306 1526 4377 scorpios,
1552 4316 1605 4360 et
1626 4321 1788 4376 super
1807 4319 1997 4360 omnes

2101 4295 2209 4350 τῶν
2242 4296 2425 4350 πίστει
2464 4297 2822 4369 προσιόντων,
2854 4298 2955 4352 ὅσα
2975 4315 3037 4351 τε
3091 4299 3267 4369 ψυχῆς
3293 4300 3385 4353 καὶ
3438 4300 3543 4353 ὅσα
3574 4300 3682 4352 σω⁹

426 4393 633 4448 inimici
661 4393 824 4457 vires,
854 4409 954 4448 nec
978 4410 1085 4448 non
1119 4396 1366 4449 morbum
1395 4394 1695 4465 quemlibet
1721 4393 2003 4464 aegritudi-

425 4496 659 4551 nemque
697 4484 922 4538 sanandi
948 4484 1012 4538 “.
1044 4483 1163 4550 Quo
1215 4485 1304 4547 fit,
1356 4492 1438 4547 ut,
1485 4484 1685 4539 virtute
1721 4499 1751 4537 a
1792 4482 1997 4552 Spiritu

425 4583 668 4643 accepta,
694 4575 975 4630 miraculis
1009 4585 1172 4645 atque
1202 4576 1499 4631 virtutibus
1521 4576 1831 4630 clarescant
1860 4575 1997 4646 (65),

424 4668 612 4733 gratiae
637 4667 838 4722 fontem
866 4667 919 4721 in
940 4677 1113 4721 semet
1136 4666 1421 4736 gestantes
1437 4667 1763 4722 sanitatibus
1786 4668 1999 4722 abunde

424 4758 490 4812 ad
519 4772 709 4812 omnes
734 4759 1142 4813 scaturientem.
1180 4758 1318 4824 Quid
1349 4757 1513 4827 igitur
1544 4758 1612 4811 ad
1646 4758 1760 4812 hac
1792 4756 1992 4823 dicitis,

423 4864 459 4901 ο
489 4849 651 4919 126
701 4858 1015 4905 sanctorum
1049 4851 1297 4906 inimici?
1340 4850 1565 4920 Dignine
1606 4860 1736 4904 sunt
1784 4864 1991 4914 neCne,

424 4950 646 5009 propter
696 4940 812 4995 haec
861 4942 1067 5011 majora
1114 4944 1263 4998 omni
1301 4944 1631 5012 cogitatione
1676 4952 1839 5010 atque
1868 4957 1996 4996 ora-

390 5068 397 5101 ί
425 5035 573 5087 tione
601 5031 903 5087 certamina
926 5072 941 5096 ,
973 5048 1092 5101 quae
1133 5035 1386 5091 humana:
1416 5046 1624 5090 natura:
1656 5035 1800 5088 vires
1829 5046 1990 5088 exce-

421 5126 552 5179 dere
606 5123 842 5186 scimus,
890 5123 1061 5195 digni,
1094 5127 1337 5196 inquam,
1364 5142 1432 5183 ne
1470 5136 1598 5181 sunt
1639 5126 1893 5180 honorari
1937 5133 1993 5180 et

421 5215 757 5287 glorificari?
784 5218 1083 5287 praesertim
1116 5219 1244 5286 quia
1282 5229 1337 5273 et
1359 5220 1427 5274 de
1455 5220 1588 5289 ipsis
1619 5228 1836 5273 exstant
1862 5233 1990 5286 pro-

491 5374 513 5407 ’
535 5373 693 5431 Joan.
724 5391 812 5442 xv,
848 5375 935 5431 l5.
1012 5375 1057 5408 ¹⁰
1084 5374 1238 5431 Joan.
1268 5391 1307 5441 ι,
1345 5374 1430 5430 12.
1511 5375 1552 5408 ¹¹
1588 5373 1719 5428 Luc.
1743 5389 1797 5433 κ.
1831 5374 1919 5439 l9,
1950 5372 2042 5428 20.

492 5511 606 5580 (64)
639 5511 778 5582 Ergo
820 5526 926 5566 non
954 5507 1619 5582 exspectatonnivcrsalis
1653 5509 1841 5578 indicii
1882 5508 1987 5575 die,

421 5588 486 5633 ut
517 5580 844 5636 recentiores
871 5581 1200 5637 schismatici
1232 5580 1500 5633 dictitant.

499 5648 611 5717 (65)
650 5649 727 5704 En
755 5650 957 5707 (it-arca:
991 5666 1205 5725 quoque
1243 5650 1529 5717 Ecclesiae,
1561 5649 1879 5718 patriarcha:
1908 5648 1987 5703 sui

2103 4403 2274 4458 ματος
2299 4401 2313 4415 ·
2342 4386 2577 4458 ἐπείπερ
2602 4386 2836 4441 δέδωκεν
2866 4388 3052 4452 αὐτοῖς
3079 4389 3107 4440 ὁ
3134 4388 3240 4441 τῶν
3261 4389 3523 4443 ἁπάντων
3547 4407 3683 4442 κατ-

2094 4478 2427 4547 εξουσιάζων
2467 4480 2568 4550 τὴν
2628 4476 2881 4546 ἐξουσίαν
2925 4480 3121 4531 πατεῖν
3153 4478 3345 4531 ἐπάνω
3373 4477 3554 4547 ὄφεων
3588 4481 3684 4530 καὶ

2097 4571 2372 4643 σκορπίων
2401 4571 2496 4624 καὶ
2517 4570 2610 4624 ἐπὶ
2638 4570 2820 4623 πᾶσαν
2842 4568 2942 4640 τὴν
2973 4569 3206 4639 δύναμιν
3229 4568 3323 4621 τοῦ
3341 4568 3564 4639 ἐχθροῦ,
3587 4570 3684 4621 καὶ

2095 4665 2278 4717 πᾶσαν
2293 4663 2447 4717 νόσον
2478 4660 2806 4731 θεραπεύειν
2829 4662 2925 4715 καὶ
2942 4662 3123 4714 πᾶσαν
3147 4660 3445 4730 μαλακίαν.
3466 4662 3563 4713 Διὸ
3581 4662 3682 4731 τὴν

2098 4752 2382 4823 ἐνέργειαν
2407 4751 2667 4816 λαϐόντες
2705 4752 2799 4806 τοῦ
2828 4752 3169 4824 Πνεύματος,
3213 4754 3273 4805 ὲν
3304 4751 3552 4822 θαύμασι
3587 4754 3683 4805 καὶ

2098 4844 2365 4915 δυνάμεσι
2415 4842 2809 4915 διαλάμπουσι,
2841 4843 2942 4915 τὴν
2995 4842 3180 4914 πηγὴν
3232 4845 3291 4897 ἐν
3335 4845 3553 4906 ἑαυτοῖς
3580 4843 3683 4909 τῆς

2100 4938 2322 5008 χάριτος
2390 4936 2650 5006 φέροντες
2718 4935 3025 5008 βλύζουσαν
3093 4936 3228 4989 πᾶσι
3305 4934 3547 5004 δαψιλῶς
3610 4940 3682 4989 τὰ

2101 5031 2329 5105 ἰάματα.
2392 5030 2458 5083 Τί
2500 5024 2593 5083 οῦν
2644 5029 2783 5101 πρὸς
2840 5027 3012 5083 ταῦτά
3036 5044 3199 5097 φατε,
3249 5028 3299 5081 οἱ
3342 5026 3451 5080 τῶν
3505 5027 3682 5095 ἁγίων

2099 5122 2327 5193 ὲχθροί;
2366 5121 2545 5187 Ἀξιοι
2575 5121 2664 5175 διὰ
2684 5120 2905 5185 τούτους
2943 5120 3008 5193 δὴ
3049 5121 3178 5182 τοὺς
3236 5119 3377 5191 ὑπὲρ
3419 5118 3546 5172 νοῦν
3584 5119 3682 5172 καὶ

2099 5215 2256 5283 λόγον
2289 5213 2530 5284 ἀγῶνας,
2563 5216 2659 5268 καὶ⁵
2691 5213 2786 5279 οὓς
2812 5216 3062 5283 κρεῖττον
3092 5213 3124 5285 ἢ
3152 5212 3295 5267 κατὰ
3326 5212 3427 5283 τὴν
3457 5210 3678 5282 ἀνθρω-

2097 5507 2384 5576 Nicephort
2418 5522 2536 5571 ore.
2569 5508 2970 5565 confessionem
3004 5510 3069 5563 de
3100 5506 3376 5564 miraculis
3411 5504 3675 5561 intercesn

2098 5578 2252 5631 sione
2282 5587 2590 5704 sancitorum
2614 5620 2628 5647 ,
2661 5580 2961 5648 praascrtim
2996 5580 3065 5635 ob
3096 5578 3373 5635 hominum
3405 5576 3673 5643 salutem,

2098 5655 2299 5704 natrari
2331 5662 2391 5704 so
2416 5657 2526 5703 ius.

2096 5655 2299 5716 patrari
2331 5655 2526 5704 solitis.
2608 5708 2613 5711 _
