3856 6204
196 325 280 391 477
824 331 1453 398 ANTIRRHE'I‘ICUS
1492 337 1607 399 III.
1647 341 1817 404 ADV.
1858 342 2447 405 CONS'I‘ANTINUM
2489 344 2703 405 COPR.
3308 341 3414 406 473

200 436 334 489 κείαν
367 433 520 503 φύσιν
567 434 938 508 γινώσκομεν,
976 441 1244 511 τιμᾶσθαί
1283 460 1345 498 τε
1382 445 1477 499 καὶ
1509 445 1732 513 δοξάζε-

1867 452 2150 511 nissiones.
2201 451 2374 506 multo
2405 460 2531 506 ante
2573 451 2716 506 haud
2746 449 3014 505 fallaciter
3042 449 3198 505 editae
3231 469 3245 505 :
3287 451 3416 505 Clo-

198 528 333 592 σθαι,
358 528 429 589 ὡς
460 528 527 607 {xv
550 529 646 580 καὶ
680 528 738 580 αί
784 532 916 599 περὶ
957 533 1158 609 αὐτοὺς
1200 535 1549 603 ἐπαγγελίαι,
1590 536 1740 607 πόρ-

1867 542 2106 609 ’ἱβεαηιεε
2138 559 2219 596 me
2249 581 2265 605 .
2315 542 2513 612 inquit,
2540 541 2850 613 gloriﬁcabo
2872 580 2887 603 ,
2920 556 3082 595 verax
3132 542 3414 594 oraculum

198 618 345 689 ρωθεν
377 618 875 689 προῦποσχεθεϊσαι
921 622 984 674 τὸ
1033 622 1267 692 ἀψευδὲς
1323 624 1499 696 ἔχοιεν
1525 643 1540 657 ο
1592 627 1739 694 Τοὺς

1867 629 1922 683 iit
1942 630 2007 683 “.
2046 630 2164 696 Quo
2190 630 2265 697 id,
2297 630 2540 699 inquam,
2567 630 2765 684 modo?
2791 628 2999 698 Nempe
3025 629 3185 683 aliter
3200 643 3419 698 quoque

195 707 602 779 ὃοξᾱζοντάςμε
620 712 754 782 γὰρ.
788 714 946 783 φησι,
977 712 1242 781 δοξάσω,
1269 718 1297 769 ό
1325 716 1534 789 ἀληθὴς
1558 716 1736 789 ἔφησε

1867 720 2098 775 ιιιηίιιιίε
2143 720 2577 790 sublimibusqne
2616 721 2881 776 encomiis
2918 730 3083 790 atque
3120 721 3414 788 operibus,

196 801 355 868 λόγος·
384 801 506 853 τίνα
532 804 779 872 τρόπον;
817 805 913 857 καὶ
977 805 1047 858 δι’
1105 806 1298 878 ἔτερόν
1325 824 1414 876 γε,
1447 808 1524 871 ὡς
1586 808 1739 861 πλεί-

1867 810 2042 879 lignus
2094 812 2175 865 eis
2224 811 2442 865 laudum
2498 813 2668 867 honor
2714 823 2764 866 et
2824 813 2994 881 gloria
3049 812 3415 882 impenditur;

197 909 316 946 στων
341 892 430 946 καὶ
474 893 616 962 ἄγαν
658 894 881 966 ὑψηλῶν
929 897 1026 950 καὶ
1068 898 1244 967 λόγων
1296 898 1393 952 καὶ
1424 898 1627 970 ἔργων,
1676 899 1739 952 τδ

1867 914 2021 969 teque
2052 908 2232 954 tamen
2268 903 2445 956 secius
2475 917 2572 971 per
2618 917 2805 957 sacras
2851 904 3146 972 imagines,
3189 902 3243 956 id
3275 902 3421 971 quod

195 984 459 1055 ἀξιόχρεων
488 985 599 1039 τῶν
625 986 866 1041 ἐπαίνων
908 990 1005 1041 val.
1034 990 1135 1060 τῆς
1162 989 1322 1060 δόξης
1370 991 1556 1053 αὐτοῖς
1595 1007 1742 1061 παρ-

1867 1003 1944 1044 I08
1996 989 2232 1060 religiosi
2287 1006 2352 1046 ac
2411 992 2828 1061 philomartyres
2883 994 3041 1046 valde
3100 993 3415 1061 satagimus.

197 1074 438 1130 ιστώντων
460 1095 475 1107 ’
510 1078 572 1130 οὐ
626 1079 736 1149 μὴν
767 1073 931 1149 ἧττόν
954 1097 1041 1148 γε,
1071 1081 1169 1134 καὶ
1191 1081 1399 1134 τούτων
1427 1082 1491 1153 δὴ
1517 1080 1626 1134 τῶν
1661 1082 1739 1133 ἱε-

1867 1076 2197 1133 Veneramini
2238 1095 2369 1150 ergo
2410 1081 2731 1146 certamina,
2766 1082 3032 1135 honorate
3074 1079 3421 1142 memoriam,

198 1165 443 1235 ροτυπιῶν
467 1165 678 1231 ἕνεκεν,
706 1169 845 1239 ὅπερ
881 1171 1016 1239 ἡμῖν
1049 1169 1411 1233 σπουδάζεται
1440 1173 1550 1235 τοῖς
1577 1172 1737 1225 εὗσε-

1867 1166 2080 1222 :elebria
2115 1168 2203 1223 illa
2243 1169 2490 1223 facinora
2532 1171 2870 1225 admirantes
2906 1179 3230 1238 martyrum,
3281 1182 3422 1237 quos

195 1256 295 1311 δέσι
323 1259 410 1311 καὶ
438 1258 841 1330 φιλομάρτυσιν
864 1278 879 1293 ο
909 1261 1149 1315 αἰδεῖσθε
1173 1263 1379 1317 τούτων
1397 1263 1527 1326 τοὺς
1543 1262 1739 1328 ἄθλους

1867 1257 1979 1313 'era:
2010 1273 2225 1328 quoque
2255 1262 2612 1327 ernbuerunt,
2640 1263 2836 1331 quibus
2872 1262 3012 1333 ignis
3043 1275 3187 1332 saepe
3215 1261 3421 1326 cessit,

196 1348 275 1400 καὶ
298 1349 487 1416 τιμᾶτε
507 1346 605 1418 τὴν
635 1349 882 1419 μνήμην,
928 1348 1029 1412 τὰς
1067 1348 1347 1419 ἀοιδίμους
1376 1348 1591 1411 ὲκείνας
1624 1349 1744 1417 ἀρι-

199 1435 356 1498 στείας
384 1436 984 1508 ὑπερεκπληττόμενοι,
1033 1437 1129 1501 οὒς
1166 1438 1263 1491 καὶ
1310 1438 1475 1509 θῆρες
1509 1437 1741 1509 ᾐδέσθη-

198 1544 298 1594 σειν,
327 1529 417 1582 καὶ
445 1528 510 1582 τὸ
544 1529 659 1600 πῦρ
698 1529 958 1594 πολλάκις
1003 1529 1360 1599 καταπλαγὲν
1390 1528 1738 1599 ὑπεχώρησε,

198 1618 274 1670 καὶ
316 1620 531 1691 σίδηρος
565 1621 962 1693 περιθραύεταί
1007 1640 1067 1676 τε
1126 1623 1222 1677 καὶ
1274 1619 1695 1691 ἀπαμϐλύνεται
1723 1656 1740 1683 ,

1851 1348 2368 1424 ferrumjufractum
2393 1361 2477 1406 est
2505 1361 2561 1406 et
2590 1353 2867 1417 obtusum,
2901 1352 3144 1423 poenales
3191 1353 3423 1417 dirupta:

1851 1448 1978 1494 sunt
2011 1441 2303 1507 machinae;
2355 1451 2411 1496 et
2456 1456 2616 1496 sensu
2662 1442 3064 1511 quodammodo
3118 1450 3261 1495 tacta
3312 1438 3427 1493 ele-

1854 1537 2057 1596 menta,
2103 1540 2402 1600 martyrum
2442 1545 2570 1599 erga
2602 1546 2944 1585 communem
2979 1531 3266 1586 Dominum
3297 1529 3427 1585 cha-

1854 1621 2069 1673 ritatetn
2091 1663 2105 1685 ,
2131 1636 2228 1675 ceu
2256 1636 2519 1676 conserva
2543 1623 2777 1677 reverita
2803 1632 2951 1677 sunt.

198 1712 275 1765 καὶ
299 1712 361 1765 τά
404 1713 746 1785 κολαστήρια
797 1714 1164 1785 περιάγνυται
1209 1714 1745 1786 μηχανουργήματα,
1787 1714 2027 1783 στοιχεῖα
2094 1713 2153 1767 δὲ
2216 1713 2408 1788 ὥσπερ
2455 1716 2514 1768 ἐν
2544 1714 2793 1786 αἰσθήσει
2840 1714 3125 1785 γινόμενα,
3152 1712 3254 1783 τὴν
3292 1710 3428 1784 πρὸς

196 1803 271 1854 τὸν
303 1803 476 1857 κοινὸν
513 1804 795 1875 Δεσπότην
846 1803 1273 1875 εὐγνωμοσύνην
1325 1798 1414 1858 οἷα
1467 1804 1734 1875 ὀμόδουλα
1770 1803 2171 1877 δεδυσιῖηηται.

255 1897 344 1960 vf.
377 1892 453 1945 "II
481 1890 641 1945 τοῦτο
688 1892 790 1961 μὲν
820 1893 950 1963 ὑμῖν
978 1893 1039 1946 ού
1069 1893 1245 1957 δοκεῖ;
1295 1892 1646 1962 βδελύττεσθε
1689 1894 1751 1949 δὲ

1921 1893 2013 1949 55.
2056 1895 2138 1949 An
2195 1910 2323 1950 vero
2356 1895 2515 1951 aliter
2551 1910 2645 1950 vos
2683 1894 3053 1950 exiStimatis?
3084 1894 3429 1951 Aversaminl

199 1982 396 2046 tigrin:
413 1982 595 2050 ἁγίων
634 1983 960 2055 πρεσδείας,
1006 1984 1373 2039 διασκάπτετε
1413 1984 1471 2037 δὲ
1510 1984 1614 2048 τὰς
1644 1984 1753 2040 τῶν

200 2075 334 2130 θείων
356 2076 770 2150 θυσιαστηρίων
802 2079 954 2150 ἱερὰς
983 2076 1285 2151 τραπέζας,
1312 2080 1402 2134 ἴνα
1428 2080 1530 2148 τῆς
1556 2080 1756 2149 φλογὸς

198 2170 290 2222 τῶν
313 2168 588 2239 λειψάνων
618 2170 823 2238 αὐτῶν,
863 2171 1124 2243 καθάπερ
1155 2172 1184 2224 ὁ
1237 2170 1555 2237 διδάσκαλος
1601 2171 1757 2242 ύμῶν

200 2262 459 2334 Μαμωνᾶς
490 2261 687 2333 έδρασέ
719 2280 779 2315 τε
811 2263 908 2316 καὶ
931 2262 1192 2329 ἐδίδαξεν,
1229 2263 1612 2335 ὲμφορηθῆτε;
1646 2261 1756 2316 Καὶ

200 2355 579 2427 καταχραίνετε
629 2355 813 2413 αὐτῶν
859 2355 987 2420 τοὺς
1031 2355 1364 2426 σεδασμίους
1403 2355 1609 2421 οἴκους,
1664 2355 1759 2409 καὶ

200 2447 358 2516 πάσης
395 2447 672 2510 δυσωδίας
708 2448 804 2501 καὶ
856 2447 1254 2520 αἰσχρουργίας
1288 2447 1755 2519 ἀποπληροῦντες,

200 2537 591 2608 καταμολύνετε
617 2538 713 2593 καὶ
735 2537 1029 2609 βεδηλοῦτε
1053 2540 1123 2593 τὰ
1152 2539 1305 2608 ἆγια,
1324 2539 1440 2612 ἃμα
1454 2542 1567 2603 τοῖς
1593 2540 1760 2611 ίεροίς

199 2629 356 2683 αὐτῶν
381 2632 776 2703 ὲκτυπὼμασι,
830 2631 899 2685 δι’
940 2625 1017 2686 ὧν
1073 2632 1135 2685 αῐ
1161 2649 1220 2685 τε
1271 2633 1548 2704 ἀριστεῖαι
1581 2633 1677 2686 καὶ
1706 2631 1759 2684 oi

198 2721 414 2794 ἀοίδιμοι
448 2719 604 2777 ἆθλοι
628 2723 833 2787 αὐτῶν,
861 2722 1053 2796 ὥσπερ
1084 2726 1209 2788 ταῖς
1237 2723 1462 2794 βίϐλοις,
1488 2722 1631 2777 οὕτω
1655 2726 1760 2778 κάν

198 2815 305 2878 ταῖς
339 2813 671 2883 ἐκκλησίαις
701 2814 928 2878 καὶτοῖς
959 2813 1181 2881 πίναξιν
1220 2813 1601 2885 ὲμπρέποντες
1629 2813 1762 2867 ἀνά·

197 2919 415 2973 γραπτοι
448 2904 851 2977 παραδέδονται
882 2921 896 2935 ·
923 2902 1067 2960 ὥστε
1104 2905 1233 2967 τοὺς
1286 2901 1758 2973 άναθεωροῦντας,

199 2997 317 3066 πρὶς
340 2997 512 3068 ζῆλον
538 2995 641 3067 τῆς
678 2996 1020 3068 θεομιμήτου
1047 2995 1228 3049 αὐτῶν
1271 2994 1556 3057 πολιτείας
1607 2993 1759 3047 διαν·

200 3086 463 3144 ίστασθαι·
484 3090 583 3142 καὶ
604 3089 717 3143 τῶν
744 3089 950 3160 βίϐλων
969 3090 1149 3144 αὐτῶν
1164 3106 1317 3153 τινας
1336 3087 1417 3159 τῷ
1437 3086 1575 3158 πυρὶ
1591 3092 1765 3165 παραέ

196 3179 437 3247 διδόντες,
476 3182 629 3235 κόνιν
661 3182 758 3236 καὶ
780 3182 990 3254 τέφραν
1019 3181 1301 3246 ἀποδεῖξαι
1340 3178 1759 3249 διηγωνίσασθε,

1859 1998 2037 2043 autem
2091 1998 2408 2044 sanctorum
2471 2003 2699 2057 preces,
2746 1986 3013 2042 sutfoditis
3072 1996 3429 2058 augustorum

1859 2079 2114 2133 altarium
2149 2094 2336 2135 sacras
2376 2093 2618 2144 mensas,
2651 2088 2708 2134 ut
2739 2078 2956 2132 ﬂamma
2979 2093 3046 2132 ex
3076 2079 3271 2132 horum
3303 2077 3433 2132 reli-

1858 2170 2002 2241 quiis
2026 2171 2290 2236 ardente,
2327 2169 2489 2225 sicuti
2538 2177 2719 2224 vester
2762 2166 3039 2221 Mamonas
3082 2165 3212 2221 fecit
3239 2181 3305 2221 ac
3332 2167 3433 2220 do-

1859 2264 2001 2330 cuit,
2069 2262 2464 2333 perfruamini‘.’
2512 2264 2579 2318 Et
2635 2261 2973 2317 venerabiles
3038 2261 3230 2315 horum
3288 2260 3431 2316 aedes

1859 2354 2234 2423 conspurcatis
2254 2394 2270 2420 ,
2296 2353 2556 2423 omnique
2585 2352 2758 2407 fetore
2787 2365 2851 2406 ac
2883 2350 3213 2420 turpitudine
3240 2348 3430 2419 opple-

1861 2444 1951 2508 tis,
1995 2453 2182 2499 sancta
2223 2442 2465 2514 polluitis
2497 2451 2554 2498 et
2579 2440 2882 2512 profanatis
2921 2455 3043 2493 cum
3090 2439 3307 2493 illorum
3341 2452 3433 2493 sa-

1860 2535 1970 2590 cris
1991 2533 2286 2599 caelaturis,
2308 2533 2507 2603 quibus
2533 2542 2831 2602 martyrum
2857 2544 2945 2584 res
2968 2528 3224 2599 przeclare
3243 2540 3432 2598 gesta‘,

1860 2636 1915 2681 et
1945 2625 2182 2682 celebria
2209 2625 2529 2691 certamina,
2561 2637 2657 2678 ceu
2700 2620 2759 2675 fit
2787 2622 2839 2674 in
2870 2619 3027 2674 libris
3070 2620 3142 2674 ita
3176 2619 3229 2673 iu
3254 2617 3435 2674 eccle-

1861 2717 1961 2773 siis
2013 2731 2077 2793 ac
2130 2715 2332 2771 tabulis
2365 2713 2649 2784 splendide
2697 2712 2843 2781 picta
2894 2710 3255 2765 exhibentur.
3294 2708 3435 2774 Quin

1861 2808 1999 2864 adeo
2046 2807 2202 2862 libris
2250 2805 2417 2861 etiam
2463 2803 2670 2874 aliquot
2713 2803 2842 2858 talia
2875 2800 3282 2859 continentibus
3321 2799 3435 2867 igni

1865 2899 2100 2963 traditis,
2135 2894 2375 2953 cinerem
2406 2894 2757 2965 favillamque
2798 2895 2898 2951 hos
2922 2891 3231 2949 alliciendos
3271 2906 3436 2946 cura-

1865 2992 2002 3054 stis,
2041 2998 2102 3044 ut
2133 2988 2215 3044 sic
2246 2988 2411 3043 etiam
2461 2994 2773 3043 sanctorum
2822 2984 3141 3042 memoriam
3193 2982 3439 3037 funditus

1863 3080 2177 3139 aboleretis.
2199 3079 2319 3136 lam
2354 3094 2482 3134 vero
2518 3080 2611 3149 qui
2647 3079 2721 3133 ita
2754 3078 3016 3133 adversus
3040 3084 3259 3132 sanctos
3292 3075 3440 3129 inso-

1863 3178 2074 3233 lescunt
2101 3172 2379 3244 (proutex
2419 3184 2477 3224 re
2518 3169 2797 3239 praesenti,
2830 3168 3061 3237 quisque
3090 3166 3260 3227 volet,
3293 3164 3439 3217 allir-

198 3268 275 3323 ἴνα
299 3272 392 3323 καὶ
423 3271 520 3326 διὰ
540 3270 751 3326 τούτων
776 3271 877 3342 τὴν
908 3272 1135 3343 μνήμην
1193 3269 1376 3325 αὐτῶν
1407 3269 1590 3323 τέλεον
1621 3269 1757 3322 ἀπο·

1867 3266 2119 3324 ntationis
2175 3263 2460 3318 veritatem
2494 3261 2801 3330 comperire
2849 3257 3114 3328 poterit),
3161 3255 3289 3326 quid
3334 3267 3438 3308 non

199 3360 412 3433 σϐέσητε
442 3378 460 3392 ·
488 3363 541 3415 oi
564 3360 711 3416 οὕτω
732 3362 843 3415 τῶν
871 3362 1046 3431 ἁγίων
1095 3359 1657 3429 κατανεανιευόμενοι,
1688 3357 1766 3421 ὡς

196 3453 252 3507 ἐκ
273 3453 379 3508 τῶν
400 3454 697 3524 παρόντων
727 3454 799 3508 τὰ
843 3453 940 3506 τοῦ
985 3452 1223 3524 ἀληθοῦς
1263 3449 1644 3525 τεκμήρασθαι
1684 3449 1766 3520 τῷ

198 3542 509 3615 βουλομένῳ
533 3545 702 3598 παντὶ
722 3545 820 3598 καὶ
836 3543 1068 3598 συνιδεῖν
1088 3541 1266 3608 ἔξεστι
1293 3560 1308 3574 ·
1335 3541 1388 3595 τί
1414 3542 1515 3595 οὐκ
1541 3538 1767 3613 ἔμελλον

193 3634 294 3687 τῶν
321 3635 522 3691 δεινῶν
550 3635 647 3690 καὶ
675 3635 928 3690 ἐκτόπων
964 3636 1045 3699 είς
1073 3634 1273 3698 αὐτοὺς
1320 3632 1564 3705 δράσειν,
1607 3632 1767 3702 εἰπερ

195 3727 363 3791 αὐτοῖς
394 3728 768 3799 συνήκμασαν
790 3726 914 3781 καθ’
943 3726 1004 3780 ὃν
1031 3726 1224 3797 χρόνον
1249 3726 1310 3780 ὲν
1354 3725 1483 3797 τῇδε
1535 3726 1602 3794 τῇ
1651 3723 1764 3794 ζωῇ

1867 3365 2027 3415 erant.
2051 3352 2228 3411 acturi
2258 3353 2587 3407 horrendum
2628 3361 2790 3419 atque
2820 3348 3137 3429 incredibile
3174 3348 3439 3402 adversus

1866 3456 2110 3510 sanctos,
2139 3444 2188 3499 si
2231 3443 2368 3497 forte
2399 3441 2452 3495 in
2486 3455 2549 3496 ea
2586 3449 2833 3509 tempora
2871 3438 3215 3501 incidissent,
3246 3436 3443 3505 quibus

1869 3540 1945 3594 illi
1994 3532 2287 3590 vixerunt?
2327 3530 2517 3587 Nonne
2573 3539 2722 3585 tanto
2765 3527 2951 3599 pejora
2986 3525 3347 3597 praesentibus
3386 3534 3443 3580 et

1869 3629 2072 3687 diriora
2103 3627 2385 3688 fecissent,
2428 3631 2633 3693 quanto
2667 3622 2839 3692 major
2873 3621 3064 3677 horum
3098 3634 3225 3691 erga
3256 3632 3437 3673 veram

1871 3720 2187 3792 religionem
2221 3714 2532 3772 adversatio
2570 3714 2862 3769 cernitur?

195 3822 492 3888 ὲδιότευον;
521 3795 635 3894 δρα
662 3820 784 3891 οὐχί
818 3819 929 3875 τῶν
956 3795 1243 3889 παρόντων
1269 3795 1453 3871 πολλῶ
1503 3815 1675 3888 χείρω
1703 3830 1765 3867 τε
1800 3814 1894 3867 καί
1958 3808 2341 3882 χαλεπώτερα,
2369 3805 2480 3877 ὅσῳ
2514 3803 2611 3858 καὶ
2674 3800 2878 3875 μείζων
2911 3801 3151 3873 αὐτοῖςή
3177 3800 3316 3871 ὑπὲρ
3338 3795 3443 3869 τῆς

194 3914 469 3977 εὐσεϐείας
490 3911 743 3974 ἔνστασις
772 3910 1132 3977 διεδείκνυτο;

259 4006 351 4061 νδ’.
395 4003 546 4059 Ἀλλ’
574 4002 1012 4057 ύποπλάττονται
1042 4002 1142 4070 μὲν
1163 3999 1264 4052 οὐκ
1294 3997 1514 4052 ἀσεϐεῖν
1534 3997 1614 4060 εἰς
1640 3995 1769 4059 τοὺς

195 4100 371 4163 ναοὺς,
426 4094 892 4166 παραλογίςονται
943 4094 1002 4146 δὲ
1044 4092 1291 4156 ἑαυτοὺς,
1347 4091 1623 4158 λέγοντες,
1684 4089 1768 4142 ὅτι

1918 3993 2008 4049 55.
2043 3992 2150 4049 Sed
2181 3992 2327 4049 enim
2369 3989 2633 4046 simulant
2673 3999 2731 4041 se
2768 3988 3035 4041 adversus
3061 3985 3263 4065 templa
3298 3986 3444 4042 irrc-

1870 4086 2062 4157 ligiose
2109 4100 2214 4139 non
2260 4096 2449 4153 agere;
2481 4080 2577 4136 sed
2617 4078 2717 4148 ipsi
2753 4078 2858 4133 sibi
2882 4077 3063 4132 fucum
3106 4075 3311 4130 faciunt
3354 4078 3445 4130 die

203 4188 406 4257 ι’Δγιοί
422 4188 563 4240 εἰσιν
580 4179 752 4250 οὗτοι,
766 4183 856 4237 διὰ
869 4180 968 4247 τὰς
986 4180 1319 4250 τελουμένας
1336 4179 1545 4243 θυσίας,
1563 4176 1761 4256 καὶτὰς

1870 4184 2061 4233 centes
2094 4192 2107 4228 :
2146 4193 2164 4226 ι
2202 4175 2311 4229 Ista
2346 4173 2563 4243 quidem
2596 4178 2783 4225 sancta
2815 4182 2957 4233 esse,
2985 4169 3055 4224 ob
3088 4168 3198 4222 illic
3224 4177 3444 4238 peracta

196 4280 343 4349 ἱεράς
360 4278 533 4349 εὐχάς
561 4277 661 4331 καὶ
682 4275 1026 4346 ἐπικλήσεις,
1042 4275 1144 4337 τὰς
1171 4271 1398 4326 ἐπὶτῶν
1426 4268 1761 4339 έδραιώσεων

1871 4264 2162 4329 sacriﬁcia,
2190 4273 2245 4318 et
2275 4277 2459 4318 sacras
2490 4274 2679 4331 preces
2702 4268 2864 4328 atque
2891 4259 3288 4323 invocationes,
3324 4275 3445 4328 qua:

197 4348 365 4426 αύτῶν
392 4348 871 4443 ἱερολογουμένας.
910 4387 930 4420 ι
957 4365 1090 4421 Εῐτα
1118 4367 1237 4430 πῶς
1267 4366 1368 4420 οὐκ
1396 4363 1646 4416 ἅσύνετοι
1675 4360 1761 4415 και

1876 4358 1930 4412 in
1975 4370 2161 4411 eorum
2197 4352 2604 4408 fundationibus
2643 4351 2800 4406 fiunt.
2837 4368 2855 4401 ι
2891 4349 3057 4419 Atqui
3095 4348 3282 4418 quidni
3320 4358 3447 4404 sunt

196 4441 539 4536 ἀπόπληκτοι
570 4463 828 4533 πάμπαν,
862 4461 925 4513 οὐ
967 4460 1240 4522 συνιέντες
1275 4458 1351 4522 ὡς
1379 4457 1501 4511 καθ’
1530 4455 1650 4509 ὅλον
1676 4454 1761 4508 τὸν

1875 4446 2008 4502 fatui
2044 4445 2333 4514 stolidique
2358 4443 2604 4509 omnino,
2642 4457 2767 4498 cum
2805 4456 2911 4496 non
2954 4441 3261 4511 intelligant
3315 4457 3445 4494 suu-

198 4556 320 4609 ναὸν
342 4530 441 4609 τοῦ
473 4530 754 4626 άγιασμοῦ
783 4553 1037 4624 διαφοιτᾷ
1062 4552 1241 4623 χάρις,
1277 4549 1373 4604 καὶ
1401 4552 1436 4621 ἡ
1479 4548 1574 4602 τοῦ
1608 4548 1761 4617 ἁγίου

1876 4536 2227 4597 ctilicationis
2252 4536 2482 4606 gratiam
2515 4534 2800 4602 sanctique
2828 4531 3064 4602 Spiritus
3098 4530 3445 4601 praesentiam

199 4647 470 4716 παρουσία
498 4619 849 4714 Πνεύματος;
880 4619 941 4696 ού
1119 4619 1185 4696 ἔκ
1229 4619 1433 4712 μέτρου
1476 4638 1679 4693 δίδοται
1708 4637 1761 4691 τὸ

1874 4631 1943 4685 ad
1973 4639 2143 4684 totum
2178 4627 2432 4698 templum
2468 4624 2776 4697 pertinere?
2804 4638 2977 4693 neque
3006 4624 3150 4676 enim
3190 4624 3257 4676 ad
3298 4636 3450 4676 men-

201 4735 435 4807 Πνεῦμα’
467 4735 592 4789 οὐδὲ
611 4735 674 4787 τὸ
694 4734 796 4805 μὲν
823 4733 916 4787 τοῦ
944 4733 1073 4786 ναοῦ
1103 4731 1267 4803 μέρος
1287 4731 1385 4802 τὴν
1405 4732 1566 4801 χάριν
1596 4745 1763 4800 προσ-

198 4828 409 4894 άγεται,
443 4828 510 4880 τὸ
552 4827 612 4881 δὲ
643 4826 849 4896 ταύτης
883 4824 1324 4895 άπολιμπὰνεται
1349 4838 1364 4852 ⁸
1400 4823 1434 4894 ἢ
1492 4822 1603 4893 γὰρ
1649 4820 1770 4883 ὅλας

202 4916 343 4987 ἱερός
371 4919 544 4971 τεκαὶ
572 4917 751 4985 ἅγιος,
782 4916 818 4988 ἢ
862 4915 982 4979 ὅλος
1010 4918 1212 4985 ἐναγής
1234 4931 1291 4968 τε
1323 4914 1418 4967 καὶ
1438 4911 1767 4981 ἀκάθαρτος.

211 5006 367 5061 Ἀλλὰ
410 5007 475 5060 σύ
507 5024 595 5076 γε,
644 5002 692 5061 ὦ
721 5005 1206 5078 φιλαπερίγραπτε
1265 5005 1362 5058 καὶ
1399 5004 1769 5075 μισόμαρτυς,

201 5100 555 5171 περιγράφων
573 5099 665 5153 τὸν
694 5100 985 5170 ἁγιασμὸν,
1030 5098 1089 5152 τὸ
1122 5099 1231 5151 πᾶν
1262 5096 1584 5168 ἀποστερεῖς
1606 5095 1771 5164 ἀνοή-

202 5206 328 5257 τως,
358 5185 406 5258 ᾧ
444 5191 506 5245 τὸ
533 5191 718 5258 πλέον,
770 5194 819 5245 εί
846 5192 952 5264 χρὴ
1003 5189 1528 5263 παρῤησιασάμενον
1574 5188 1772 5250 εἰπεῖν,

204 5286 516 5353 πρόσεστιν,
549 5285 952 5357 ὑφαιρούμενος
974 5301 989 5317 ·
1039 5285 1228 5356 ἐπειδὴ
1271 5282 1445 5337 ταῦτα
1468 5270 1772 5342 καῖάλλως

210 5374 493 5445 μετέχουσι
549 5377 772 5449 χάριτος
800 5391 817 5407 ·
850 5375 1040 5447 ὥσπερ
1082 5374 1190 5445 γὰρ
1233 5374 1286 5427 οί
1345 5373 1463 5428 ναοὶ
1508 5370 1608 5442 τὴν
1662 5369 1773 5422 τῶν

207 5463 377 5531 ἁγίων
423 5467 742 5538 ἐπωνυμίαν
790 5467 1057 5537 δέχονται,
1114 5464 1262 5519 οὓτω
1310 5464 1408 5518 καὶ
1451 5463 1520 5517 τὰ
1568 5460 1775 5516 τούτων

205 5553 661 5631 ἁπεικονίσματα,
686 5559 785 5633 τὴν
817 5558 1009 5630 κλῆσιν
1048 5558 1230 5612 αὐτῶν
1275 5556 1362 5612 διὰ
1410 5557 1506 5627 τῆς
1543 5557 1775 5625 ἐπιγρα-

284 5714 332 5746 ¹⁸
368 5714 543 5790 lReg.
577 5733 637 5783 ll,
659 5716 751 5773 30.
830 5716 875 5750 “
900 5713 1054 5772 Joan.
1083 5731 1168 5783 ιιι,
1203 5714 1291 5768 55.

1876 4736 2058 4779 suram
2092 4720 2256 4775 datur
2291 4718 2525 4787 Spiritus
2543 4718 2621 4783 “;
2654 4731 2829 4785 neque
2858 4708 2983 4784 pars
3007 4713 3226 4782 quidem
3260 4713 3447 4782 templi

1874 4815 2051 4887 gratia
2099 4812 2378 4877 imbuitur,
2411 4824 2535 4881 pars
2578 4818 2755 4864 autem
2785 4807 2884 4861 hac
2917 4807 3256 4862 destituitur.
3308 4805 3443 4860 Nam

1874 4909 1961 4961 vel
1997 4914 2167 4959 totum
2219 4918 2434 4959 sacrum
2467 4910 2550 4956 est
2603 4909 2659 4954 et
2697 4908 2982 4965 sanctum,
3030 4899 3114 4954 vel
3163 4898 3448 4969 profanmn

1878 5008 2050 5056 totum
2082 5005 2247 5066 atque
2272 4994 2555 5063 pollutum.
2586 4994 2656 5047 At
2681 5000 2757 5055 tu.
2797 4990 2890 5061 qui
2918 4990 3448 5061 incircumscriptum

1881 5106 2053 5156 amas,
2099 5098 2155 5144 et
2203 5096 2474 5156 martyres
2501 5084 2627 5140 odio
2660 5084 2850 5150 habes,
2896 5085 3022 5139 dum
3056 5068 3453 5137 sanctiﬁcat'io-
3504 5116 3507 5121 -

1880 5196 2006 5237 nem
2043 5177 2473 5242 circumscribis,
2509 5190 2624 5230 rem
2667 5183 2835 5230 totam
2880 5174 3210 5245 insipienter
3243 5170 3449 5231 aufers,

1880 5273 2007 5342 quia
2059 5271 2145 5326 cui
2196 5269 2319 5339 plus
2370 5269 2549 5333 inest,
2606 5267 2652 5322 si
2683 5265 3024 5322 conﬁdenter
3053 5264 3237 5318 dicere
3283 5259 3448 5320 licet,

1880 5363 2195 5430 subtrahis;
2253 5361 2511 5432 quoniam
2563 5359 2679 5414 haec
2728 5357 2948 5412 aliunde
2999 5353 3163 5407 etiam
3214 5346 3450 5417 gratiam

1863 5455 2235 5527 participant.
2276 5450 2413 5524 Nam
2447 5452 2589 5508 sicut
2619 5448 2816 5519 templa
2855 5461 2883 5501 a
2915 5440 3124 5500 sanctis
3161 5437 3324 5493 rebus
3357 5451 3455 5506 ap-

1883 5546 2230 5618 pellationem
2272 5543 2565 5614 accipiunt,
2596 5540 2669 5595 ita
2700 5547 2755 5595 ct
2797 5543 3109 5592 sanctorum
3155 5527 3453 5587 simulacra
