4032 6208
332 313 339 320 ο
399 270 506 340 479

1436 277 1495 337 S.
1536 273 1952 340 NICEPHORI
1988 275 2495 345 PATRIARCHIE
2529 283 2638 347 ΟΡ.

3558 289 3665 355 480

401 397 601 438 nomen
644 387 836 442 horum
887 385 1210 456 inscriptum
1241 393 1479 456 gerunt,
1512 396 1675 455 atque
1713 386 1815 441 hoc
1844 402 1969 441 san-

2096 386 2181 456 ?ﬁc
2201 388 2451 459 φέρουσι,
2483 392 2771 467 καὶταύτῃ
2797 395 3118 465 ἀγιάζονται
3142 415 3159 431 ο
3192 399 3243 453 εἰ
3258 399 3323 470 δὴ
3348 399 3543 463 πιστός
3571 376 3661 453 σοι

401 474 747 541 ειίῐὶοιιιιιιιιις
781 477 825 531 si
856 485 1002 532 certe
1028 476 1304 533 credibilis
1340 476 1436 530 tibi
1460 477 1791 547 minimeque
1822 493 1977 533 men-

390 565 507 618 dax
542 568 701 621 testis
744 576 829 622 est
860 568 1132 635 Christus,
1165 568 1257 637 qui
1300 567 1411 622 vim
1451 568 1688 623 nominis
1717 571 1978 639 gratiam-

405 671 511 725 que
560 657 803 710 det-larat
861 658 1052 711 dicens
1108 674 1127 713 :
1175 656 1245 712 In
1288 660 1497 714 nomine
1553 677 1669 715 meo
1716 662 1983 718 demonia

403 747 616 816 cjieient
636 748 702 801 ⁸⁸.
733 747 794 801 Et
819 764 942 816 quae
972 748 1044 803 ibi
1074 752 1360 819 sequentia
1377 752 1604 810 scimus.
1636 751 1743 808 Et:
1770 754 1876 819 Qui
1899 772 1985 809 re-

407 837 531 901 cipit
590 840 901 906 prophetam
954 840 1005 892 in
1072 841 1281 894 nomine
1337 843 1641 912 propheta,
1693 846 1985 900 mercedem

407 930 669 993 propheta:
710 929 949 996 accipiet.
994 928 1061 984 Et
1090 932 1189 1005 qui
1225 932 1411 1001 recipit
1444 935 1652 1004 justum
1686 936 1742 990 in
1770 936 1987 991 nomine

405 1014 565 1082 iusti,
604 1017 892 1071 mercedem
927 1018 1058 1085 iusti
1097 1021 1315 1089 accipiet
1336 1022 1404 1075 ⁸⁸.
1431 1021 1533 1085 Qui
1564 1037 1696 1091 ergo
1733 1024 1800 1078 ad
1836 1039 1985 1079 mar-

411 1105 549 1174 tyris
581 1107 837 1176 templum
878 1111 1137 1177 accurrit,
1170 1113 1238 1167 ad
1270 1113 1560 1181 imaginem
1591 1114 1799 1184 pariter
1825 1129 1989 1171 seces

412 1197 514 1251 «lit.
551 1198 796 1268 Utraque
820 1200 1034 1266 opiﬁcis
1062 1212 1188 1256 sunt
1212 1213 1266 1257 et
1306 1204 1464 1273 127
1493 1205 1555 1267 in
1592 1206 1987 1276 ambobusgra-

416 1288 487 1340 tia
520 1290 730 1343 eadem.
771 1288 997 1360 insuper
1040 1306 1171 1346 vero
1213 1293 1304 1363 qui
1349 1294 1606 1364 religiose
1658 1297 1987 1364 accesseﬂt,

414 1379 898 1434 sanctiﬁcationem
924 1381 993 1434 oh
1034 1381 1193 1436 [idem
1230 1382 1504 1451 propriam
1540 1382 1754 1453 (66—67)
1798 1399 1989 1440 conse-

414 1480 630 1537 quetur.
665 1469 721 1525 Si
753 1485 883 1542 ergo
912 1481 1101 1527 saneta
1130 1482 1258 1527 sunt
1291 1474 1488 1543 templa
1536 1489 1602 1529 ac
1636 1477 1943 1531 veneranda
1970 1516 1987 1539 .

426 1564 651 1615 necesse
736 1571 819 1615 est
877 1562 1053 1618 sancti
1112 1577 1329 1632 quoque
1388 1563 1626 1620 hominis
1697 1566 1989 1636 imaginem

417 1664 660 1710 sanctam
700 1669 820 1709 esse
860 1669 924 1708 ac
957 1655 1355 1720 venerabilem;
1394 1655 1639 1725 nihilque
1684 1656 1774 1712 hic
1806 1657 1990 1727 profa-

2078 479 2109 531 ὁ
2133 479 2367 548 Χριστὸς
2389 483 2485 536 καὶ
2513 484 2914 553 ἀψευδέστατος
2939 488 3176 559 μάρτυς,
3207 490 3310 561 τὴν
3332 492 3399 544 ἐκ
3419 490 3519 544 τοῦ
3547 491 3668 544 ὀνό-

2084 585 2253 638 ματος
2286 572 2440 643 ἰσχὺν
2466 575 2741 648 καὶχάριν
2770 578 3074 649 διασαφῶν.
3118 579 3224 635 Ἐν
3274 578 3356 647 τῷ
3407 582 3659 651 ὀνόματί

2074 679 2216 731 μου.
2228 663 2421 733 λέγων,
2438 666 2716 736 δαιμόνια
2732 670 3080 727 ἐκϐαλοῦσι.
3094 672 3207 728 Καὶ
3222 671 3259 726 ἀ
3274 673 3487 735 τούτοις
3503 674 3556 727 is
3564 690 3667 743 μεν

2083 754 2345 825 ἑπόμενα.
2377 756 2486 813 Καὶ
2517 760 2551 811 ό
2585 757 2910 829 δεχόμενος
2954 762 3274 831 προφήτην
3308 763 3381 816 ἐν
3417 763 3679 833 ὀνόματι

2082 841 2415 915 προφήτου,
2432 850 2659 918 μισθὸν
2671 853 2985 921 προφήτου
3006 852 3290 922 λήψεται.
3313 854 3427 909 Kal
3449 858 3485 910 δ
3498 855 3679 923 δεχό-

2080 951 2266 1004 μενος
2286 936 2524 993 δίκαιον
2544 944 2633 1007 εις
2651 940 2842 1009 ὄνομα
2866 943 3127 1009 δικαίου,
3165 945 3388 1014 μισθὸν
3432 946 3680 1001 δικαίου

2086 1025 2365 1095 λήψεται.
2384 1027 2442 1081 Ὀ
2461 1030 2641 1086 τοίνυν
2658 1030 2736 1101 τῷ
2750 1032 2865 1103 ναῷ
2880 1035 3234 1107 προστρέχων
3249 1035 3342 1090 τοῦ
3366 1037 3682 1108 μάρτυρος,

2087 1114 2182 1167 καὶ
2211 1117 2275 1185 τῇ
2306 1117 2477 1171 εἰκόνι
2511 1118 2774 1184 ὡσαύτως
2798 1122 3049 1192 πρόσεισι
3075 1139 3089 1152 ⁸
3124 1124 3330 1195 κτίσμα
3370 1126 3468 1180 καὶ
3493 1126 3679 1180 ταῦτα

2088 1208 2342 1274 κάκεῖνα,
2375 1209 2471 1262 καὶ
2499 1210 2587 1263 ἐπ’
2613 1212 2816 1281 ἀμφοῖν
2841 1215 2873 1284 ἡ
2902 1215 3116 1286 χάριςή
3152 1215 3290 1287 αὒτή
3311 1233 3332 1255 ·
3361 1217 3525 1272 πλέον
3557 1218 3616 1272 δὲ
3646 1220 3683 1272 ὁ

2088 1297 2301 1361 πιστῶς
2321 1300 2565 1371 προσιὼν
2593 1301 2703 1367 ἕξει
2758 1306 2901 1359 κατά
2951 1306 3054 1377 τὴν
3091 1309 3302 1363 οἰκείαν
3358 1310 3545 1365 πίστιν
3611 1311 3681 1365 τὺ

2088 1387 2435 1455 ἀγιάζεσθαι.
2458 1392 2629 1465 Εἴπερ
2655 1391 2747 1449 οὖν
2769 1397 2820 1449 οἱ
2844 1401 2966 1451 ναοὶ
2986 1398 3156 1473 ἅγιοι,
3176 1401 3274 1453 καὶ
3300 1400 3371 1454 τὰ
3393 1401 3453 1455 ἑν
3487 1402 3682 1466 αὐτοῖς

2090 1477 2272 1532 πάντα
2294 1479 2429 1549 ἆγια
2451 1483 2548 1537 καὶ
2577 1483 2871 1556 σεϐάσμια,
2896 1486 3112 1559 ἀνάγκη
3146 1488 3241 1543 καὶ
3264 1489 3357 1543 τὸν
3379 1489 3477 1544 τοῦ
3505 1491 3680 1557 ἁγίου

2090 1571 2423 1643 χαρακτῆρα
2461 1574 2617 1642 ἅγιον
2670 1571 2814 1630 εἶναι
2856 1580 2954 1631 καὶ
2990 1579 3315 1650 σεϐάσμιον,
3363 1582 3461 1636 καὶ
3513 1583 3684 1636 οὐδὲν

2091 1658 2328 1714 ἐνταῦθα
2354 1662 2548 1731 ἐναγὲς
2578 1667 2673 1719 καὶ
2701 1666 3016 1740 ἀκάθαρτον
3033 1686 3050 1702 ο
3087 1672 3137 1723 si
3165 1670 3224 1723 δὲ
3253 1671 3430 1726 ταῦτα
3479 1670 3682 1735 καλεῖς

420 1759 547 1796 num
577 1758 696 1798 esse
723 1754 818 1799 aut
843 1745 1129 1814 pollutum.
1154 1744 1308 1812 Quod
1339 1745 1385 1800 si
1414 1747 1515 1801 has
1541 1746 1798 1817 profanas
1829 1748 1992 1813 dicis,

2096 1748 2288 1821 ἐναγῆ,
2316 1730 2512 1807 οὐκοῦν
2543 1757 2636 1809 καὶ
2693 1758 2751 1810 αι
2816 1730 3137 1831 Ἐκκληοιαι
3191 1763 3408 1830 ἐναγεῖς
3439 1778 3456 1818 .'
3490 1730 3685 1826 κοινὸς

417 1833 664 1904 proiecto
690 1836 855 1892 etiam
900 1836 1153 1892 ecclesiae
1177 1834 1423 1907 profante
1447 1846 1573 1893 sunt
1602 1856 1617 1893 :
1645 1851 1990 1894 communem

417 1929 565 1982 enim
593 1937 648 1981 et
684 1942 781 1997 per
826 1929 1011 1983 omnia
1041 1928 1291 1985 diffusam
1324 1938 1547 1985 constat
1589 1943 1713 1985 esse
1747 1931 1993 1986 sanctiti-

418 2019 716 2073 catiouem.
744 2018 996 2088 Alioquin
1043 2010 1370 2089 imaginibus
1410 2020 1514 2075 alia
1537 2035 1674 2089 opus
1696 2030 1843 2078 esset
1864 2037 1994 2077 san-

418 2108 786 2175 ctiﬁcatione,
821 2109 1164 2177 (inundatione,
1196 2113 1492 2184 precibus,
1539 2113 1798 2170 encaeniis
1838 2113 1993 2182 aliis;

421 2201 758 2270 alteriusque
835 2203 1128 2258 adventum
1206 2203 1447 2273 Spiritus
1510 2204 1991 2273 pmstolabuntur.

420 2292 575 2359 Quod
604 2295 647 2349 si
683 2302 738 2349 tu
773 2309 871 2363 per
903 2310 1068 2349 unam
1110 2310 1260 2361 rem,
1295 2296 1523 2352 alteram
1558 2296 1718 2352 simul
1756 2299 1994 2365 evertis,

423 2383 768 2439 manifestum
796 2396 849 2439 te
870 2386 1114 2441 ostendis
1140 2397 1456 2441 sanctarum
1479 2401 1665 2442 rerum
1690 2388 1993 2452 inimicum.

420 2484 477 2528 el
510 2476 727 2544 quidem
770 2476 1195 2533 furiosissimum
1238 2479 1449 2533 hostem
1496 2487 1661 2549 atque
1694 2480 1995 2536 acerbissi-

423 2584 594 2632 mum,
630 2569 755 2638 quia
792 2568 1161 2625 molestissimi
1211 2570 1309 2625 tibi
1351 2579 1481 2626 sunt
1519 2572 1694 2626 sancti
1743 2573 1907 2627 etiam
1941 2574 1993 2628 in

423 2659 657 2728 imagine
685 2659 938 2727 spectati.
983 2659 1272 2730 Propterea
1306 2670 1361 2714 tu
1397 2660 1636 2728 subruis,
1670 2664 1994 2732 prosternis,

422 2751 625 2819 spolias
655 2752 851 2821 templa
873 2794 889 2817 ,
917 2753 1044 2822 quia
1073 2762 1260 2814 sancta
1299 2760 1451 2809 sunt.
1482 2752 1675 2810 Nonne
1704 2755 1777 2810 ita
1820 2764 1912 2810 tuo
1945 2766 1998 2812 te

425 2844 739 2898 testimonio
773 2858 989 2899 osorem
1037 2844 1365 2914 hostemque
1401 2854 1719 2900 sanctorum
1759 2848 2000 2918 probas}

426 2937 779 2991 Demonstras
826 2936 1013 3002 enim,
1043 2936 1256 2999 etiamsi
1303 2936 1513 3003 nolles,
1551 2953 1823 2994 summam
1876 2954 2000 2996 esse

2096 1841 2208 1914 γὰρ
2230 1844 2337 1897 ’καὶ
2362 1844 2451 1899 διὰ
2476 1848 2699 1902 πάντων
2733 1851 2937 1920 φοιτῶν
3002 1853 3274 1907 δέδεικται
3303 1856 3334 1907 ὁ
3376 1854 3683 1923 ἁγιασμός.

2095 1938 2393 2008 Δεήσονται
2418 1940 2609 1995 λοιπὸν
2629 1944 2724 1996 καὶ
2754 1945 2945 2016 ἐτέρου
2972 1948 3277 2021 ἀγιασμοῠ,
3333 1948 3695 2020 ἑδραιὼσεών

2093 2030 2273 2084 τεκαὶ
2300 2030 2476 2101 εὐχῶν
2505 2033 2603 2086 καὶ
2640 2035 3017 2107 ἐγκαινισμῶν
3067 2039 3297 2111 ἑτέρων,
3358 2040 3455 2094 καὶ
3507 2040 3687 2095 ἄλλον

2094 2119 2443 2192 ἰπιςροίτησιν
2475 2123 2785 2189 ἐκδέξονται
2837 2127 3195 2199 Πνεῦματος’
3246 2132 3296 2183 ει
3324 2130 3385 2184 δὲ
3417 2130 3511 2185 διὰ
3571 2130 3678 2184 τοῦ

2095 2213 2216 2278 ἑνὸς
2254 2215 2348 2267 καὶ
2374 2214 2435 2267 τὸ
2463 2215 2654 2287 ἕτερον
2684 2219 3109 2291 καταστρέφεις,
3155 2221 3395 2292 φανερὸν
3449 2223 3690 2275 σεαυτὸν

2094 2306 2464 2378 κατέστησας,
2489 2309 2572 2362 ὅτι
2600 2310 2796 2381 ἐχθρὸς
2831 2306 2883 2364 εἶ
2908 2311 3019 2364 τῶν
3037 2313 3233 2381 ἁγίων,
3266 2314 3361 2368 καὶ
3407 2314 3625 2385 ἐχθρῶν
3655 2317 3689 2369 ὁ

2095 2397 2534 2468 δυσμενέστατος
2586 2402 2685 2455 καὶ
2725 2403 3080 2476 πικρότατος,
3122 2404 3315 2476 ἐπειδὴ
3375 2405 3686 2478 βαρύτατος

2099 2489 2181 2542 σοι
2212 2491 2352 2544 εἰσιν
2391 2493 2443 2545 oi
2486 2493 2634 2562 ἅγιοι
2684 2495 2779 2549 καὶ
2814 2498 2872 2551 ιν
2904 2496 3074 2550 εικόνι
3111 2496 3437 2568 βλεπόμενοι
3462 2513 3477 2527 ’
3538 2499 3681 2553 ἀλλά

2073 2579 2187 2636 ,διὰ
2215 2579 2375 2634 τοῦτο
2410 2584 2747 2656 ἀνορύττιις,
2807 2585 2897 2640 διὰ
2941 2586 3104 2641 τοῦτο
3136 2587 3527 2653 καταϐάλλεις,
3587 2587 3684 2642 διὰ

2096 2672 2256 2727 τοῦτο
2278 2675 2640 2746 ἅποκοσμεῖς,
2666 2674 2770 2732 ’ὅτι
2817 2678 2964 2748 ἅγιοι
2994 2681 3138 2734 εἰσιν
3170 2682 3220 2734 οἱ
3272 2680 3393 2733 ναοί
3413 2697 3430 2712 ·
3462 2681 3496 2751 ἦ
3550 2681 3683 2751 οὐχὶ

2100 2766 2329 2819 σεαυτοῦ
2367 2771 2818 2839 καταμαρτυρεῖς
2856 2770 2969 2823 τῶν
3009 2771 3186 2839 ἁγίων
3229 2767 3371 2827 εἶναι
3428 2772 3683 2843 δυσμενῆ

2099 2857 2194 2910 καὶ
2216 2857 2510 2926 πολέμιον;
2544 2858 2818 2924 Δεικνύεις
2849 2860 2961 2933 γὰρ
2989 2862 3084 2916 καὶ
3112 2861 3186 2932 μὴ
3220 2862 3566 2933 βουλόμενος,
3596 2863 3685 2916 ὅτι

2085 2947 2333 3020 τοσαύτη
2360 2951 2394 3019 ή
2431 2950 2618 3020 σχέσις
2646 2952 2744 3006 καὶ
2760 2953 3036 3017 οἰκείωσις
3051 2953 3259 3007 τούτων
3279 2954 3418 3026 πρὸς
3446 2953 3682 3024 ἄλληλα,

424 3029 615 3082 horum
649 3029 793 3084 inter
820 3041 879 3081 se
904 3027 1224 3083 relationem
1251 3036 1307 3084 et
1336 3030 1817 3107 necessitudinem,
1849 3032 1990 3087 sacri

2098 3040 2194 3095 τοῦ
2220 3058 2282 3094 τε
2317 3040 2466 3113 ἱεροῦ
2496 3042 2671 3105 οῐκου,
2703 3044 2870 3115 φημὶ,
2908 3046 3004 3098 καὶ
3032 3044 3144 3099 τῶν
3161 3044 3325 3100 θείων
3358 3047 3683 3116 εἰκονισμά-

428 3135 621 3186 nempe
658 3120 840 3187 templi
871 3126 929 3173 et
954 3127 1307 3190 augustarum
1341 3119 1664 3190 imaginum,
1695 3121 1824 3190 quia
1854 3136 1994 3177 nunc

2102 3147 2233 3195 των,
2261 3131 2343 3184 ὅτι
2369 3130 2464 3186 καὶ
2500 3131 3001 3205 συγκαθαιροῦνται
3026 3133 3284 3205 ἀλλήλοις
3329 3136 3423 3189 καὶ
3451 3135 3689 3188 συνδιω-

425 3212 588 3268 simul
637 3212 993 3268 destruantur
1022 3220 1085 3265 et
1124 3211 1558 3282 persecutionem
1594 3214 1995 3283 experiuntur;

424 3306 578 3361 velut
610 3315 768 3359 antea
797 3320 828 3360 a
857 3303 1184 3373 Christianis
1210 3302 1471 3359 fabricata
1508 3306 1625 3362 hac
1648 3307 1855 3376 pariter
1878 3307 1999 3364 fue-

429 3405 553 3451 rant
579 3406 633 3451 et
665 3397 953 3451 honorata.

497 3510 588 3565 55.
637 3509 932 3580 Postquam
977 3509 1164 3579 itaque
1209 3517 1377 3565 temet
1426 3507 1648 3566 Christo
1691 3520 1748 3566 et
1792 3514 2003 3570 sanctis

429 3602 852 3657 iul'ensissimum
885 3601 1198 3668 ostendisti,
1227 3603 1475 3673 sequitur
1499 3613 1558 3658 ut
1582 3604 1732 3675 paria
1762 3606 1826 3661 de
1851 3621 2002 3677 sym-

430 3698 567 3750 bolis
598 3711 816 3765 quoquc
839 3695 1146 3750 caelestium
1176 3704 1232 3750 et
1260 3695 1706 3765 incorporearum
1734 3698 1999 3752 virtutum

430 3787 639 3840 sentias
666 3794 830 3853 atque
859 3786 1124 3854 loquaris.
1155 3783 1291 3839 Nam
1319 3785 1524 3841 Christi
1554 3785 1716 3842 rebus
1748 3788 2000 3857 sublatis,

428 3877 544 3932 haec
571 3890 786 3945 quoque
808 3874 971 3930 simul
998 3873 1199 3928 auferri
1222 3876 1539 3942 destruique
1560 3889 1858 3945 congruum
1882 3885 2001 3942 est;

432 3979 490 4020 ut
546 3969 672 4021 hinc
723 3967 886 4021 etiam
943 3964 1232 4019 Marcionis
1289 3962 1627 4034 Manetisque
1679 3965 2004 4022 infidelitate

428 4073 592 4131 atque
639 4059 912 4114 atheismo
955 4057 1206 4113 laborare
1244 4061 1563 4128 coarguaris
1589 4099 1604 4123 ,
1636 4056 2002 4130 Veteremque

428 4167 483 4211 et
512 4154 715 4209 Novam
745 4152 1083 4221 Scripturam
1114 4150 1347 4207 ludibrio
1368 4152 1610 4221 risuique
1634 4152 1858 4218 habere,
1883 4153 2001 4224 plc-

430 4262 597 4317 raque
624 4262 690 4302 ex
716 4246 802 4301 his
830 4245 1014 4300 delere
1039 4252 1095 4300 et
1116 4244 1406 4316 expellere,
1438 4243 1747 4314 loquentem
1776 4245 1830 4300 in
1870 4246 2002 4315 ipsis

429 4339 598 4394 Deum
648 4337 1096 4408 reprehendere:
1146 4346 1203 4393 et
1244 4336 1289 4392 si
1315 4335 1450 4391 nihil
1495 4335 1663 4402 aliud,
1696 4345 1844 4392 certe
1881 4337 2002 4392 illos

2102 3239 2307 3287 κονται,
2348 3223 2604 3295 καθάπερ
2657 3224 2752 3280 καὶ
2794 3224 2854 3278 τδ
2908 3226 3040 3297 πρὶν
3109 3226 3265 3297 παρά
3323 3226 3687 3298 Χριστιανοῖς

2104 3314 2649 3388 συγκαταρτιζόμενα
2674 3315 2774 3386 ἥδη
2810 3315 2908 3369 καὶ
2932 3311 3250 3383 ἑδοξάζοντο
3274 3316 3409 3388 ἅμα.

2173 3511 2268 3567 νε’.
2316 3511 2588 3583 Ὀπηνίκα
2616 3511 2712 3566 οὖν
2745 3512 2936 3584 ὤφθης
2957 3512 3199 3585 Χριστοῦ
3235 3513 3334 3568 καὶ
3361 3512 3472 3567 τῶν
3505 3513 3691 3583 ἁγίων

2101 3603 2132 3656 ὁ
2160 3603 2431 3674 ἔχθιστος,
2463 3605 2761 3659 ἀκόλουθον
2788 3605 2965 3659 ταῦτα
3000 3607 3097 3659 καὶ
3128 3607 3260 3678 περὶ
3314 3605 3424 3658 τῶν
3478 3605 3691 3677 συμϐό-

2101 3693 2210 3747 λων
2239 3694 2347 3747 τῶν
2366 3694 2638 3766 οὐρανίων
2663 3697 2760 3750 καὶ
2795 3697 3107 3767 ἀσωμάτων
3134 3699 3356 3768 φρονεῖν
3376 3698 3470 3750 καὶ
3501 3696 3690 3765 λέγειν

2101 3784 2386 3857 δυνάμεων
2409 3801 2425 3817 ο
2449 3787 2532 3840 ὃτι
2560 3787 2751 3859 ἐπειδὴ
2782 3787 2851 3841 τά
2884 3787 2979 3841 τοῦ
3014 3787 3255 3860 Χριστοῦ
3292 3789 3685 3851 καταλέλυται,

2104 3877 2200 3929 καὶ
2228 3877 2404 3930 ταῦτα
2433 3878 2948 3946 συγκαταλελύσθαι
2991 3880 3087 3935 καὶ
3119 3861 3688 3950 συγκατασεσλῆσθαι.

2102 3966 2251 4031 ἄξιον
2276 3984 2290 3998 ο
2321 3968 2407 4021 ῐνα
2441 3969 2775 4041 κατάφωρος
2803 3971 2941 4043 γένῃ
2982 3969 3262 4024 κάνταῦθα
3291 3970 3395 4040 τὴν
3418 3970 3687 4042 Μαρκίω-

2102 4072 2191 4120 νος
2216 4059 2308 4110 καὶ
2361 4058 2641 4123 Μάνεντος
2669 4061 2842 4115 νοσῶν
2873 4061 3137 4116 ἀπιστίαν
3168 4063 3263 4115 καὶ
3312 4061 3530 4125 ἀθεῖαν,
3564 4061 3684 4115 Πα-

2101 4146 2259 4202 λαιάν
2283 4167 2342 4203 τε
2376 4152 2471 4203 καὶ
2517 4151 2665 4205 Νέαν
2714 4151 2937 4225 Γραφὴν
2974 4153 3433 4225 καταμωμεῖσθαί
3477 4169 3537 4205 τε
3592 4151 3688 4204 καὶ

2102 4241 2493 4296 ἀποσκώπτειν
2521 4243 2703 4309 εἰδὼς,
2753 4244 2970 4298 ἀθετεῖν
3001 4262 3063 4298 τε
3109 4244 3318 4299 τούτων
3368 4243 3544 4298 πολλά
3587 4244 3685 4296 καὶ

2106 4337 2590 4410 ἀποσκορακεζειν,
2614 4339 2712 4395 και⁵
2732 4340 2824 4394 τὸν
2853 4340 2911 4393 ὲν
2964 4341 3162 4404 αὐταῖς
3203 4340 3517 4411 λαλήσαντα
3551 4338 3688 4393 Θεὸν

429 4406 801 4494 Cherubinos,
831 4428 923 4498 qui
956 4442 1090 4483 auro
1123 4435 1261 4497 puro
1290 4425 1478 4482 ductili
1510 4426 1728 4481 formati
1758 4425 1994 4491 fuerunt,

2104 4406 2441 4502 δυσφημεῖν*
2484 4432 2580 4485 καὶ
2631 4431 2685 4485 εἰ
2744 4431 2821 4504 μή
2876 4449 2931 4486 τι
2986 4432 3138 4491 ἄλλο.
3188 4431 3257 4485 τά
3307 4406 3373 4500 γε
3418 4429 3690 4500 χερουόὶμ

393 4532 396 4535 λ
432 4519 542 4572 ι)υο
576 4520 818 4574 omnium
859 4519 1089 4575 Domino
1130 4519 1386 4589 iubente,
1424 4518 1734 4590 Moysisque
1773 4519 1999 4574 oraculo

428 4610 686 4676 conﬂati,
722 4621 885 4682 atque
927 4611 1073 4667 baud
1112 4611 1295 4668 minus
1355 4610 1667 4681 apostolicis
1710 4612 1893 4666 verbis
1928 4611 1997 4678 ⁸⁷,

430 4701 704 4769 honorati,
737 4702 1016 4759 latreutici
1045 4703 1226 4760 cultus
1254 4718 1379 4758 cum
1417 4702 1632 4758 caeteris
1651 4702 2005 4773 justillcatio-

403 4800 548 4856 'nes,
591 4808 688 4848 ceu
738 4794 979 4866 symbolo
1023 4796 1187 4866 hujus
1237 4794 1581 4867 regulaeque,
1620 4795 1883 4863 vocitati;
1940 4796 2006 4852 de

430 4884 627 4952 quibus
657 4886 821 4941 latius
852 4888 978 4943 alibi
1012 4904 1229 4960 quoque
1260 4903 1291 4945 a
1320 4888 1477 4945 nobis
1508 4885 1610 4943 fuit
1642 4888 2002 4959 disputatum.

2108 4524 2312 4590 ἐκεῖνα,
2338 4521 2375 4577 ἀ
2402 4522 2467 4595 δὴ
2506 4524 2716 4596 χρυσίῳ
2746 4523 2974 4596 καθαρῷ
3002 4522 3288 4597 διήλασταί
3320 4540 3380 4576 τε
3429 4521 3527 4575 καὶ
3585 4536 3689 4572 πε-

2107 4615 2348 4685 ποίηται,
2374 4615 2511 4669 Θεοῦ
2545 4616 2646 4686 μὲν
2668 4616 2764 4670 τοῦ
2794 4616 3014 4670 πάντων
3045 4614 3405 4679 δεσπόζοντος
3446 4627 3687 4685 προστε-

2105 4706 2354 4777 ταχότος,
2375 4706 2621 4772 Μωσέως
2649 4707 2706 4761 δὲ
2733 4707 2994 4779 θεοκλυτὴ
3005 4724 3198 4771 σαντος
3218 4704 3685 4776 συμπηγνύμενα.

2103 4796 2470 4869 δεδοξασμένα
2496 4799 2595 4869 μὲν
2618 4800 2715 4853 καὶ
2749 4800 3023 4870 σεϐάσμια
3045 4803 3140 4853 κα)⁸
3165 4799 3335 4869 ’Δγια
3365 4797 3563 4866 ἁγίων,
3589 4794 3689 4848 καὶ

2106 4888 2409 4959 τηνικαῦτα
2436 4892 2532 4943 καὶ
2562 4889 2694 4944 ὄντα
2724 4892 2821 4945 καὶ
2854 4890 3400 4963 προσαγορευόμενα,
3429 4886 3583 4940 οὐδὲν
3627 4885 3688 4937 δὲ

428 4976 614 5051 ἦττον,
648 4979 742 5033 καὶ
764 4978 916 5051 παρά
935 4979 1013 5052 τῷ
1033 4980 1381 5053 ἀποστολικῷ
1402 4980 1546 5053 λόγῳ
1573 4978 1884 5051 τιμώμενα,
1945 4981 2041 5034 καὶ
2073 4979 2419 5055 δικαιώματα
2478 4980 2736 5054 λατρείας
2769 4983 2911 5054 μετά
2933 4983 3043 5036 τῶν
3072 4982 3249 5037 ἄλλων
3306 4979 3402 5035 καὶ
3437 4978 3515 5041 ὡς
3549 4977 3688 5048 σύμ-

379 5044 397 5128 l
431 5044 562 5127 έολα
598 5072 693 5127 καὶ¹
744 5044 937 5145 θεσμοὶ
982 5044 1192 5145 ταύτης
1226 5044 1740 5147 κατονομαξόμενα,
1771 5044 1904 5147 περὶ
1931 5066 2008 5128 ὢν
2045 5044 2382 5146 πλατύτερον
2398 5075 2493 5129 καὶ
2516 5044 2818 5146 ἐν’ὲτέροις
2838 5075 2970 5146 ἡμῖν
2995 5073 3328 5144 διείληπται.

497 5192 589 5248 56.
624 5190 782 5248 Nunc
814 5180 1030 5248 demum
1069 5194 1175 5250 hoc
1208 5194 1304 5250 tibi
1336 5195 1514 5249 adhuc
1545 5193 1818 5264 adjectum
1858 5193 2008 5250 sum-

429 5288 556 5342 ciat.
606 5285 845 5357 Nempe,
890 5287 1032 5358 quod
1081 5285 1287 5345 Judaeis
1327 5288 1591 5360 ingratior
1622 5297 1678 5344 et
1722 5297 2007 5344 contuma-

500 5445 544 5477 "
570 5445 734 5501 Marc.
762 5461 869 5510 xw,
908 5445 989 5500 l7.
1067 5444 1113 5477 “
1138 5444 1328 5499 Matth.
1377 5459 1431 5509 κ,
1467 5444 1556 5509 41,

498 5598 709 5668 (66-67)
752 5600 944 5666 nocte;
993 5614 1118 5654 nam
1153 5612 1330 5669 neque
1378 5613 1407 5651 a
1450 5598 1623 5652 sacris
1672 5597 1993 5669 imaginibus

431 5665 607 5739 neque
625 5684 653 5723 a
688 5665 897 5738 tetnplis
918 5670 1133 5740 proprie
1156 5665 1579 5734 salictilicaniur,
1601 5669 1694 5723 sed
1726 5682 1755 5721 a
1790 5665 1999 5735 religio-

2182 5192 2291 5259 νς’.
2323 5193 2437 5249 Νῦν
2465 5194 2520 5248 δὲ
2541 5192 2702 5248 τοῦτο
2731 5195 2891 5265 μόνον
2921 5191 3217 5264 προστεθὲν
3241 5190 3549 5263 ἀποχρήσει
3569 5207 3654 5243 σοι
3674 5206 3688 5220 ·

2111 5289 2194 5342 ὅτι
2224 5286 2417 5359 ἐπειδὴ
2462 5290 2557 5341 καὶ
2618 5286 2892 5341 Ἰουδαίων
2949 5281 3003 5340 εἴ
3047 5284 3528 5359 ἀτνωμονέστερος
3592 5281 3691 5334 καὶ

1749 5444 1790 5475 ⁸⁷
1831 5440 1997 5499 llebr.
2028 5428 2201 5530 ἰτηδ.

2106 5596 2181 5720 sils
2217 5597 2417 5719 nostris
2450 5598 2681 5665 actibus,
2713 5611 2782 5654 ex
2811 5596 3000 5653 intimo
3031 5596 3210 5653 animo
3240 5594 3325 5668 pie
3356 5596 3682 5663 sincercque

2111 5682 2141 5720 e
2166 5680 2230 5720 ιρι
2262 5681 2324 5720 ιε.
3578 5711 3589 5716 -

2111 5680 2324 5721 81101115.
3578 5711 3589 5716 -
