3856 6204
202 301 288 372 481

873 290 1504 357 ANTIRRHETICUS
1540 289 1634 350 III
1673 288 1842 350 ADV.
1876 285 2471 350 CONSTANTINUM
2507 286 2722 350 COPR.

3304 282 3416 350 482

203 417 584 486 ἁπειθέστερος,
606 411 677 465 τὰ
698 410 819 465 θεῖα
847 409 1250 482 προστάγματα
1275 403 1614 460 καταπατῶν
1651 403 1745 456 καὶ

1861 401 1968 455 sior
2010 415 2132 455 cum
2165 400 2242 454 sis
2269 439 2286 464 ,
2325 399 2508 453 divina
2551 404 2820 468 praecepta
2849 393 3080 466 pedibus
3112 397 3333 453 trahens
3361 409 3420 454 et

202 515 264 574 ὡς
288 507 496 562 παιδιὰν
513 501 888 574 λογιζόμενος,
920 497 1250 568 Χριστιανόν
1283 511 1344 548 σε
1377 493 1671 564 γινώσκειν
1711 492 1746 564 ἢ

201 602 362 657 καλεῖν
393 598 452 650 ού
490 593 736 664 θεμιτόν.
785 589 894 654 Οὓς
930 589 1038 660 γὰρ
1071 590 1208 658 μήτε
1239 585 1573 657 ἀποστολικὴ
1599 585 1748 638 διδαρ

201 692 375 748 milia.
405 687 653 750 πέπεικε,
702 685 842 755 μήτε
863 679 1174 752 νομοθετῶν
1211 679 1306 733 καὶ
1333 677 1630 750 προφητῶν
1661 677 1750 730 θε-

202 778 688 855 σμοὶὲπηγᾶγοντο,
709 775 845 846 μήτε
862 771 1027 826 αὐτοῦ
1049 769 1188 824 Θεοῦ
1210 769 1540 842 προστάξεις
1570 769 1749 824 ἐκδει-

205 871 416 948 ματοῦσι
457 869 554 933 καὶ
600 865 935 936 ἐντάλματα,
973 863 1092 927 πῶς
1150 861 1225 948 ἂν
1266 863 1366 933 τῆς
1404 859 1748 930 Χριστιανῶν

205 947 378 1036 μοίρας
413 976 499 1022 τις
539 955 905 1026 ύπολήψοιτο;
949 953 1015 1006 Ei
1049 952 1149 1024 μὲν
1183 947 1275 1006 οὖν
1325 950 1610 1020 ἐξεγένετό
1639 966 1748 1005 τινι

201 1051 508 1126 Χριστιανόν
535 1063 596 1100 σε
626 1047 816 1125 πεῖσαι
844 1043 1124 1114 γενέσθαι,
1145 1043 1300 1096 οὐδὲν
1328 1041 1394 1096 ἂν
1426 1041 1617 1111 ἐδέησε
1654 1037 1748 1094 τοῦ

198 1145 313 1213 περὶ
341 1141 566 1195 εἰκόνων
595 1136 841 1208 Χριστοῦ
901 1136 998 1189 καὶ
1026 1130 1138 1188 τῶν
1175 1133 1344 1202 ἁγίων
1385 1132 1546 1201 λόγου
1581 1149 1596 1163 ·
1631 1131 1752 1186 ἐπί-

200 1249 409 1296 στευσας
445 1231 555 1302 γὰρ
583 1230 670 1294 ἂν,
705 1229 789 1282 δτι
823 1226 922 1281 καὶ¹
949 1225 1242 1297 ἑσαρκώθη
1269 1225 1368 1280 καὶ
1407 1223 1746 1296 ὲσωματώθη

196 1331 224 1381 ό
239 1327 320 1380 τοῦ
346 1323 482 1378 Θεοῦ
521 1322 716 1391 Λόγος,
742 1319 837 1374 καὶ⁸
861 1317 1285 1390 ὲνηνθρώπησεν
1303 1321 1360 1372 ὲν
1384 1318 1633 1390 ἀληθείᾳ,
1657 1317 1752 1372 καὶ

199 1418 253 1470 ού
273 1417 487 1487 δοκήσει
526 1414 622 1469 καί
650 1409 926 1482 φαντασίᾳ
954 1425 970 1441 ο
1003 1409 1278 1480 ἑκήρυξας
1301 1410 1346 1463 δ’
1371 1409 1438 1464 ἂν
1461 1410 1556 1464 καὶ
1594 1426 1752 1478 περι-

199 1507 420 1579 γραπτδν
471 1503 640 1560 αὐτοῦ
669 1502 732 1555 τὸ
765 1500 946 1572 σῶμα,
977 1499 1074 1554 καὶ
1103 1499 1332 1571 οὐδεμία
1364 1517 1448 1554 σοι
1485 1501 1614 1571 περὶ
1641 1500 1751 1554 τῶν

199 1601 285 1668 τῆς
327 1599 564 1659 πίστεως
623 1593 784 1665 ἡμῶν
847 1592 1012 1663 ἱερῶν
1066 1591 1350 1662 συμϐόλων
1401 1591 1748 1661 ἀμφιϐολία·

202 1690 318 1746 ἀλλὰ
340 1689 488 1758 λόγῳ
526 1687 626 1757 μὲν
659 1686 754 1739 καὶ⁵
790 1684 878 1736 ἐπ’
915 1684 1070 1754 ἄκρῳ
1092 1683 1362 1754 γλώττης,
1388 1683 1451 1736 τὸ
1479 1683 1574 1737 τοῦ
1611 1684 1751 1754 Χρι-

203 1782 395 1836 στιανοῦ
434 1777 652 1849 σεαυτῷ
696 1775 1086 1846 περιπλάττων
1135 1773 1526 1846 ἐπιχρώννύεις
1555 1774 1748 1844 ὅνομα,

201 1875 325 1946 ἔργῳ
351 1872 406 1926 δὲ
434 1872 524 1924 ὅτι
561 1868 882 1922 παντάπασι
911 1867 1010 1936 τὴν
1033 1866 1128 1920 τοῦ
1163 1865 1405 1938 Χριστοῦ
1435 1865 1753 1936 οἰκονομίαν

201 1963 473 2033 timuiita,
503 1962 575 2015 τὰ
600 1957 690 2014 διὰ
719 1957 828 2012 τῶν
857 1956 1060 2028 χειρῶν
1083 1974 1177 2010 σου
1203 1957 1554 2028 πραττόμενα
1581 1973 1754 2027 μεγα-

197 2054 424 2124 ito-adivro;
461 2053 740 2124 μαρτυρεῖ
765 2065 780 2081 ·
812 2052 946 2122 ἡμῖν
991 2049 1049 2102 δὲ
1096 2049 1192 2102 καὶ
1219 2049 1388 2102 πᾶσιν
1417 2047 1750 2122 ἀνθρώποις,

195 2143 266 2210 οἷς
310 2149 337 2198 ὁ
394 2145 570 2216 φόϐος
625 2143 834 2212 Κυρίου
897 2141 1332 2211 ὲμπεφύτευται,
1369 2141 1466 2194 καὶ
1515 2140 1584 2193 τὰ
1635 2139 1755 2192 θεῖα

199 2239 355 2292 σέϐειν
382 2245 485 2292 καὶ
509 2236 679 2306 τιμᾷν
713 2233 1080 2305 μεμαθηκόσι,
1120 2234 1217 2287 καὶ
1271 2234 1336 2286 ὲκ
1366 2232 1482 2286 τῶν
1527 2233 1755 2286 Μωσαῖ-

199 2331 294 2384 κῶν
335 2327 830 2399 Συγγραμμάτων,
883 2322 1086 2394 μᾶλλον
1132 2321 1190 2375 δὲ
1235 2320 1345 2375 τῶν
1383 2319 1756 2374 θεοπνεύστων

200 2425 461 2494 ῥημάτων,
499 2419 743 2492 ἐμφανὲς
783 2416 1127 2476 καθίσταται,
1164 2415 1248 2468 ὅτι
1279 2413 1373 2466 καὶ
1404 2413 1456 2466 oi
1493 2413 1638 2480 ἅγιοι
1665 2410 1760 2480 ἅγ-

201 2515 332 2584 γελοι
365 2515 685 2586 γράφονται
724 2511 820 2566 καὶ
853 2507 1210 2572 είκονίζονται
1231 2521 1247 2538 °
1275 2505 1372 2559 καὶ
1416 2504 1506 2558 διὰ
1539 2503 1650 2556 τῶν
1676 2503 1759 2556 εί-

197 2605 350 2658 κόνων
388 2601 581 2656 αὐτῶν
605 2600 682 2662 ὡς
712 2597 876 2670 ἱερῶν
904 2597 1037 2660 Θεὸς
1063 2594 1448 2666 ἐμφανίζεται.
1503 2590 1762 2646 Ἐκεῖθεν

196 2695 310 2764 γὰρ,
353 2694 550 2764 φησὶν,
585 2687 1014 2761 τνωσθήσομαί
1043 2701 1167 2743 σοι.
1247 2685 1341 2740 Διδ
1378 2683 1758 2756 προσκυνηταί

197 2791 289 2840 εἱσι
316 2787 408 2840 καὶ
437 2785 597 2854 ἅγιαι
628 2801 643 2814 ο
676 2784 725 2836 εί
753 2782 809 2836 δὲ
861 2782 919 2836 αἱ
951 2781 1252 2854 ὑπέρταται
1281 2778 1462 2832 οὐσίαι
1509 2777 1600 2831 και
1638 2774 1759 2846 Θεῷ

195 2877 597 2948 πλησιάζουσαι
644 2873 1025 2938 εἰκονίζονται,
1081 2871 1240 2944 δῆλον
1267 2869 1345 2932 ώς
1383 2869 1481 2924 καὶ
1530 2869 1588 2922 αἱ
1626 2867 1760 2921 ὕπο-

197 2972 479 3042 ϐεϐηκυίαι
499 2969 765 3039 δυνάμεις
787 2963 1279 3034 είκονισθήσονται,
1309 2963 1404 3015 καὶ
1445 2960 1596 3032 παρά
1619 2961 1662 3013 Χ
1672 2976 1758 3032 ρι-

1851 490 2089 546 ludibrio
2153 491 2396 552 habens,
2454 489 2822 544 Christianum
2880 497 2934 542 te
2985 501 3284 558 agnoscere
3327 498 3423 542 aut.

1837 583 2130 652 appellare
2179 599 2283 636 non
2315 579 2646 646 licet.'Quos
2682 581 2826 634 enim
2860 592 3035 648 neque
3062 579 3420 648 apostolicum

1835 671 2224 742 'tnagisterium
2264 672 2639 741 persuadendo
2682 670 2887 736 vincit,
2935 684 3111 739 neque
3152 669 3424 740 legislatu-

1851 779 1972 818 rum
2027 778 2092 817 ac
2139 763 2525 832 prophetarum
2585 763 2802 818 decreta
2848 772 3196 830 permovent,
3248 779 3426 834 neque

1853 853 2026 925 ipsius
2057 854 2148 909 Dei
2187 855 2484 909 constituta
2519 863 2575 907 et
2601 854 2852 908 mandata
2887 862 3112 919 terrent,
3143 869 3243 908 cur
3267 857 3422 924 quis-

1851 959 2016 1013 quam
2052 945 2104 998 in
2137 943 2574 998 Christianorum
2609 942 2852 1012 partibus
2881 957 2977 997 eos
3027 957 3148 998 esse
3177 942 3422 1012 iudicet?

1852 1035 1910 1090 Si
1955 1049 2087 1105 ergo
2119 1035 2414 1098 accideret,
2445 1043 2504 1088 ut
2541 1033 2858 1103 tibialiquis
2899 1033 3268 1088 Christianum
3307 1035 3422 1090 lieri

1837 1125 2151 1190 suaderet,
2180 1124 2315 1179 nihil
2349 1138 2481 1179 sane
2505 1124 2554 1180 ei
2587 1139 2722 1194 opus
2749 1131 2835 1178 est
2873 1125 2939 1178 de
2966 1123 3172 1179 Christi
3202 1136 3422 1180 sancto-

1853 1229 2090 1284 rumque
2119 1209 2448 1284 imaginibus
2475 1211 2644 1282 loqui.
2681 1211 2875 1267 Credis
2900 1212 3046 1266 enim
3082 1213 3422 1267 iucarnatum

1853 1321 1974 1362 esse
2003 1317 2059 1362 et
2101 1315 2452 1376 corporatura
2491 1305 2585 1360 Del
2637 1301 2911 1369 Verbum,
2957 1317 3192 1373 vereque
3233 1306 3426 1358 huma-

1853 1408 2065 1459 natum.
2093 1407 2146 1453 et
2165 1413 2272 1452 non
2299 1407 2628 1468 apparenter
2652 1395 3200 1464 atquephantastice.
3230 1394 3424 1449 Dixisti

1853 1493 2018 1547 etiam
2075 1489 2554 1556 circumscriptum
2611 1501 2734 1541 esse
2785 1500 2983 1554 corpus
3041 1485 3196 1554 ejus,
3251 1498 3426 1554 neque

1855 1583 2024 1638 ullum
2061 1583 2158 1639 tibi
2189 1591 2272 1638 est
2321 1583 2388 1637 de
2417 1590 2616 1636 nostra:
2662 1579 2786 1634 ﬁdei
2817 1579 2992 1634 sacris
3036 1578 3300 1648 symbolis
3328 1579 3428 1632 du-

1855 1675 2026 1728 bium.
2063 1672 2425 1727 Nihilominus
2455 1669 2681 1724 summis
2718 1676 2924 1720 tantum
2970 1665 3130 1722 labiis
3153 1676 3211 1722 et
3240 1667 3429 1724 verbo-

1857 1773 2013 1821 tenus
2061 1761 2364 1820 Christiani
2405 1761 2500 1816 tibi
2543 1757 2864 1814 simulanter
2896 1759 3146 1828 appingis
3187 1771 3424 1823 nomen.

1853 1871 2016 1926 opere
2081 1865 2262 1910 autem
2319 1855 2437 1924 ipso
2493 1851 2698 1908 Christi
2769 1851 3206 1906 incarnationem
3272 1865 3315 1926 a7
3376 1861 3428 1908 te

1854 1925 2082 2016 prorsus
2109 1945 2319 2016 negari,
2351 1943 2493 1999 facta
2520 1953 2608 1998 tua
2631 1941 2942 1998 vehementi
2968 1957 3103 1996 voce
3134 1925 3426 1999 testantur.

1854 2035 2024 2093 Nobis
2053 2050 2185 2090 vero
2229 2034 2548 2104 cunctisque
2591 2033 2938 2099 hominibus,
2971 2033 3170 2101 quibus
3217 2033 3427 2088 Domini

1857 2125 2024 2180 timor
2049 2133 2134 2179 est
2171 2123 2392 2189 insitus,
2421 2123 2622 2192 quique
2655 2137 2744 2176 res
2781 2122 2995 2176 divinas
3033 2119 3213 2175 colere
3246 2131 3300 2175 et
3335 2121 3431 2176 ho-

1857 2233 2054 2274 norare
2084 2200 2228 2270 docti
2253 2229 2462 2278 sumus,
2495 2229 2561 2270 ex
2585 2213 2835 2268 Mosaicis
2863 2227 3080 2282 quoque
3103 2210 3424 2279 Scripturis,

1855 2310 1942 2366 vel
1986 2299 2167 2380 potius
2194 2323 2264 2362 ex
2305 2305 2584 2376 inspiratis
2613 2321 2644 2359 a
2673 2305 2782 2360 Deo
2812 2304 3056 2360 oraculis
3089 2314 3426 2374 compertum

1859 2413 1945 2457 est
1983 2411 2206 2456 sanctos
2241 2411 2459 2470 quoque
2487 2395 2706 2466 angelos
2737 2395 2888 2464 pingi
2919 2402 2976 2448 et
3007 2393 3228 2463 ﬁgurari
3253 2410 3268 2460 ;
3303 2409 3428 2462 per-

1858 2507 1964 2560 que
2016 2493 2208 2545 itorum
2266 2501 2454 2544 sacras
2505 2485 2768 2556 imagines
2831 2485 2996 2538 Deum
3065 2483 3425 2540 manifestari.

1858 2582 2022 2638 Illinc
2054 2581 2230 2645 enim,
2277 2578 2482 2650 inquit,
2519 2577 2848 2632 innotescunt
2885 2575 2981 2629 tibi
3014 2574 3080 2631 ⁸⁸.
3119 2573 3262 2630 Sunt
3299 2591 3432 2645 ergo

1861 2673 1944 2728 hat
1969 2672 2292 2727 veneranda:
2331 2685 2395 2726 ac
2441 2678 2663 2725 sanetae.
2695 2667 2814 2722 Jam
2864 2667 2907 2721 si
2942 2665 3222 2722 altissimae
3267 2667 3431 2736 128

1859 2762 2181 2820 substantia.-
2224 2769 2281 2817 et
2313 2760 2424 2815 Deo
2449 2759 2710 2832 proxima:
2738 2758 3063 2825 ﬁgurantur,
3084 2755 3428 2826 exploratum

1859 2861 1945 2910 est
1991 2853 2284 2907 inferiores
2325 2863 2544 2920 quoque
2595 2849 2869 2918 potentias
2923 2847 3040 2902 lore
3076 2846 3428 2916 ﬁgurandas,

1863 2955 2026 3014 atque
2078 2959 2108 2998 a
2157 2942 2485 2999 Christianis
2535 2955 2633 2997 ceu
2667 2955 2854 2996 sacras
2886 2939 3233 2995 honorandus
3277 2948 3334 2992 et
3374 2939 3428 2992 iu

197 3033 417 3127 στιανοίς
447 3062 528 3125 ὡς
573 3033 697 3132 ιερὰ
732 3058 830 3113 καὶ
861 3033 1230 3128 τιμηθήσεται
1257 3053 1355 3108 καὶ
1383 3050 1759 3125 προσκυνηθῆ-

1863 3037 2092 3110 picturis
2121 3036 2385 3107 obsequio
2411 3033 2690 3091 colendas.

196 3175 333 3212 σεται
362 3154 722 3229 γραφόμενα.
1535 3211 1537 3213 ι

254 3249 349 3314 νζ’.
386 3247 617 3318 Ἐπειδὴ
656 3246 713 3299 δὲ
741 3241 894 3298 οὐδὲν
927 3241 1038 3294 τῶν
1085 3239 1316 3294 ἀνοσίων
1365 3238 1462 3293 καὶ
1509 3238 1760 3294 ἐκτόπων

197 3343 364 3406 αὐτοῖς
409 3339 878 3414 παραλέλειπται,
929 3333 959 3386 ὃ
1013 3333 1089 3405 μὴ
1139 3333 1280 3387 κατὰ
1319 3333 1420 3402 τῆς
1464 3331 1761 3401 καθολικῆς

209 3433 534 3505 Ἐκκλησίας
590 3427 1014 3500 ἐκμελετῶντες,
1088 3423 1510 3495 πεφλυαρήκασί
1559 3439 1620 3476 τε
1671 3423 1764 3476 καὶ

198 3523 629 3592 κατεπράξαντοο
671 3518 768 3572 καὶ
793 3517 904 3588 γὰρ
941 3511 1202 3577 καθάπαξ
1246 3511 1338 3565 ἐπὶ
1377 3512 1444 3582 τῇ
1489 3509 1664 3582 λύσσῃ
1694 3509 1762 3580 τῇ

197 3615 508 3684 Μανιχαῖκῇ
552 3609 878 3673 ἑαλωκότες,
905 3605 1006 3668 τὰς
1059 3603 1293 3674 μανικὰς
1319 3599 1764 3672 ἀπαμϐλίσκουσι

194 3703 286 3775 τῆς
305 3703 546 3776 καρδίας
579 3700 810 3763 ὠδῖναςο
841 3695 939 3751 καὶ
965 3693 1154 3766 ὥσπερ
1187 3693 1512 3766 μεμηνότες,
1545 3691 1648 3753 τὰς
1664 3689 1764 3760 τῆς

197 3796 454 3865 ἀληθείας
483 3793 703 3857 εἰκόνας
731 3791 828 3846 καὶ
855 3789 964 3844 τῶν
983 3786 1203 3857 ἀληθῶν
1221 3785 1322 3856 τὴν
1352 3785 1582 3857 μνήμην
1627 3783 1765 3852 ἡμῖν

195 3885 594 3953 όιασωζούσας,
618 3885 672 3938 oi
705 3883 800 3938 τοῦ
823 3880 1056 3952 ψεύδους
1094 3876 1458 3940 ὑπασπισταὶ,
1487 3871 1766 3944 ψευδωνύ-

200 3994 328 4047 μους
359 3973 766 4046 κατονομάζειν
793 3973 854 4026 οὐ
871 3968 1340 4040 καταπεφρίκασι,
1385 3968 1498 4030 τοῖς
1531 3965 1768 4036 ἀρχετύ-

196 4083 315 4130 ποις
341 4067 405 4121 ’ὼ
425 4065 632 4136 ψεῦδος
647 4063 1016 4125 ἀνάπτοντες,
1059 4058 1162 4112 οὐκ
1194 4055 1302 4110 ἀπὸ
1348 4053 1554 4108 σκοποῦ
1583 4053 1766 4124 ᾠήθη-

203 4175 298 4228 μεν
322 4158 392 4212 τὰ
425 4157 524 4212 νῦν
579 4147 967 4224 ὑποδραμόντα
992 4151 1107 4212 τοῖς
1162 4145 1545 4218 προεκτεθεῖσι
1595 4160 1768 4215 προσ-

199 4247 404 4303 θεῖναιο
439 4244 712 4308 εύσθενῶς
740 4243 850 4314 γὰρ
894 4241 1043 4299 ὅπως
1083 4237 1428 4307 ἐξελεγχθείη
1473 4234 1650 4288 αὐτῶν
1697 4233 1768 4288 τὰ

197 4339 292 4408 τῆς
316 4337 592 4400 ἀπονοίας
605 4337 705 4390 καὶ
729 4331 1068 4402 κακουργίας
1090 4328 1422 4398 συλλήψεται
1441 4343 1455 4359 ο
1486 4327 1536 4380 oi
1556 4327 1666 4396 γὰρ
1687 4325 1768 4395 τῷ

201 4429 336 4502 ἁγίῳ
359 4427 761 4500 διαμαχόμενοι
794 4421 1102 4493 Πνεύματι,
1135 4419 1234 4473 καὶ
1273 4417 1413 4490 πρὸς
1449 4419 1632 4471 πᾶσαν
1665 4417 1767 4486 ὕψ-

201 4521 428 4594 ητορίαν
449 4517 882 4590 ἀπαγορεύουσι,
899 4511 1342 4583 συγκατασϐέσαι
1361 4510 1454 4565 διὰ
1462 4511 1653 4565 τούτου
1662 4513 1764 4583 τήν

203 4629 260 4669 τε
294 4616 536 4686 Χριστοῦ
594 4613 816 4684 μνήμην
851 4609 948 4663 καὶ
991 4606 1102 4661 τῶν
1157 4606 1329 4675 ἁγίων
1381 4605 1764 4678 πραγματευόο

208 4724 375 4776 μενοι,
406 4709 512 4762 κάν
544 4703 721 4774 τούτῳ
764 4703 888 4764 ταῖς
935 4697 1316 4760 θεοπνεύστοις
1358 4699 1562 4767 φωναῖς
1607 4697 1762 4751 ἀντι-

207 4797 700 4870 παραταττόμενοι.

271 4891 379 4955 νηθ.
413 4885 606 4948 Ὅπως
633 4884 742 4954 γὰρ
773 4877 1101 4949 παλαιγενὲς
1127 4875 1388 4947 τοῦνομα,
1414 4875 1510 4929 καὶ
1552 4875 1652 4946 τῆς
1675 4875 1769 4929 ἁν-

205 4973 429 5045 θρώπου
480 4975 754 5044 γενέσεως
796 4972 970 5036 αὐτῆς
1031 4968 1428 5040 πρεσϐύτερον,
1472 4967 1672 5038 μᾶλλον
1715 4968 1773 5022 δὲ

204 5067 299 5120 καὶ
331 5069 416 5131 είς
439 5067 539 5140 τὴν
566 5066 852 5138 ἀνθρώπου
879 5062 1098 5134 ποίησιν
1137 5061 1213 5126 ώς
1235 5059 1542 5134 ⁴ἡγούμενον
1595 5075 1776 5131 παρα-

206 5157 646 5229 λαμϐανόμενον,
701 5157 968 5228 μάθοιμεν
1016 5155 1082 5210 ἂν
1135 5153 1322 5223 σαφῶς
1385 5150 1658 5206 ἐντεῦθεν.
1707 5151 1774 5204 Τί

203 5267 373 5320 φησιν
393 5252 426 5304 ό
463 5251 572 5304 τῶν
594 5249 738 5304 ὅλων
748 5249 912 5321 Θεόςς
934 5245 1284 5316 Ποιήσωμεν
1303 5243 1617 5313 ἄνθρωπον
1645 5242 1774 5296 κατ’

203 5341 413 5396 clauim
427 5342 521 5396 xui
543 5342 832 5410 ὁμοίωσιν
856 5337 1152 5408 ἡμετέραν
1170 5351 1184 5366 °
1215 5335 1408 5406 πρώτη
1435 5333 1595 5406 ῥῆσις
1614 5333 1772 5402 θεοῦ,

271 5478 319 5512 ⁸³
349 5477 524 5535 Exod.
551 5495 680 5543 xxv,
713 5457 806 5532 22.
882 5477 926 5508 "
953 5473 1089 5530 Gen.
1119 5489 1160 5540 ι,
1189 5473 1283 5528 26.

279 5608 394 5680 (68)
419 5607 850 5680 Reprehenditur
880 5605 989 5680 hoc
1027 5603 1510 5680 argttnzentnmab
1545 5581 1766 5680 auctore

210 5672 470 5764 librorum
498 5672 888 5737 'Carolinorum
938 5677 1032 5734 lib.
1076 5672 1115 5743 ι,
1163 5674 1214 5739 7;
1249 5673 1345 5728 sed
1377 5672 1686 5729 defenditur
1713 5681 1769 5729 et

1933 3217 2022 3275 57.
2060 3217 2168 3273 Sed
2217 3217 2354 3273 nihil
2385 3217 2610 3287 impium
2654 3217 3018 3273 absurdumve
3053 3215 3122 3271 ab
3162 3215 3247 3271 his
3290 3229 3431 3286 prae-

1862 3313 2174 3368 termissum
2208 3309 2315 3364 fuit
2334 3349 2348 3372 .
2378 3308 2522 3378 quod
2553 3309 2794 3364 studiose
2819 3309 3080 3364 adversus
3105 3307 3427 3364 catholicam

1863 3401 2165 3456 Ecclesiam
2205 3415 2309 3455 non
2343 3400 2453 3454 sint
2479 3399 2656 3454 moiiti
2683 3407 2778 3452 aut
2806 3400 3014 3467 nugati.
3049 3395 3187 3452 Nam
3217 3413 3282 3452 ex
3325 3408 3434 3466 quo

1864 3491 2158 3546 Maniclma
2195 3491 2348 3544 rabie
2397 3498 2524 3544 sunt
2567 3489 2830 3558 “correpti,
2867 3488 3146 3543 maniacos
3199 3485 3430 3540 fundunt

1863 3568 2068 3636 cordis.
2097 3581 2357 3645 abortus;
2390 3587 2442 3632 et
2489 3579 2643 3647 quasi
2687 3575 2982 3648 lymphati,
3015 3575 3264 3630 veritatis
3295 3575 3432 3628 ima-

1863 3675 2016 3744 gines
2033 3711 2052 3736 ,
2081 3672 2134 3726 id
2157 3680 2262 3738 est,
2288 3685 2410 3740 qua:
2431 3684 2686 3725 verarum
2719 3680 2896 3724 rerum
2927 3666 3246 3724 memoriam
3272 3667 3433 3722 nobis

1862 3771 2188 3822 conservant
2211 3803 2227 3827 ,
2261 3764 2314 3818 hi
2354 3761 2611 3818 falsitatis
2647 3758 2991 3823 defensores,
3034 3759 3434 3830 pseudonymas

1863 3853 2136 3923 appellare
2164 3867 2273 3908 non
2309 3862 2580 3917 verentur,-
2603 3848 2912 3918 archetypis
2933 3847 3226 3903 falsitatem
3278 3847 3433 3902 aiiin-

1862 3947 2086 4010 gentes;
2115 3939 2260 3995 haud
2290 3938 2530 3994 alienum
2562 3935 2840 4009 proposito
2873 3946 3070 3992 nostro
3094 3937 3439 3990 arbitramur

1863 4046 1984 4100 qum
2017 4045 2164 4086 nunc
2191 4029 2360 4084 menti
2388 4037 2716 4085 succurrant
2745 4027 3072 4096 supradictis
3097 4024 3434 4096 adiungere;

1852 4138 2196 4195 magnopere
2222 4123 2367 4178 enim
2409 4123 2526 4178 haec
2556 4121 2914 4192 coarguenda:
2955 4120 3172 4173 illorum
3211 4119 3438 4174 insaniae

1868 4215 2196 4284 tnalitizeque
2249 4215 2574 4283 proderunt.
2617 4209 2754 4265 Nam
2797 4210 2890 4278 qui
2937 4210 3123 4264 divino
3169 4208 3438 4263 resistunt

1861 4306 2129 4376 Spiritui,
2179 4304 2476 4376 quamlibet
2519 4303 2684 4358 etiam
2727 4301 2994 4363 orationis
3045 4299 3436 4355 sublimitatem

1793 4389 2151 4460 Dabnuunt,
2203 4394 2410 4452 Christi
2471 4409 2536 4449 ac
2587 4403 2902 4449 sanctorum
2955 4389 3276 4446 memoriam
3336 4392 3438 4444 hoc

1869 4491 2120 4546 instituto
2159 4501 2261 4542 suo
2305 4495 2566 4542 conantes
2602 4484 2972 4554 exstinguere,
3032 4481 3112 4538 sic
3143 4481 3308 4536 ctiam
3355 4481 3439 4534 in-

1864 4579 2088 4652 spiratis
2121 4578 2341 4636 vocibus
2370 4577 2828 4635 contradicentes.

1945 4873 2036 4929 58.
2089 4873 2241 4938 Quod
2283 4872 2526 4942 priscum
2577 4871 2650 4926 sit
2708 4869 2812 4926 hoc
2847 4867 3207 4932 vocabulum,
3239 4877 3294 4924 ct
3327 4868 3441 4939 ipsa

1875 4963 2113 5018 hominis
2147 4963 2426 5018 creatione
2455 4959 2754 5030 antiquius,
2788 4961 2896 5016 imo
2923 4975 3054 5016 vero
3087 4971 3142 5016 et
3177 4963 3231 5017 in
3271 4963 3446 5018 homi-

1874 5055 1960 5109 nis
2002 5054 2279 5109 creatione
2327 5062 2581 5122 tauqnam
2616 5051 2694 5107 rei
2752 5053 2914 5108 iudex
2956 5054 3280 5120 adhibitum,
3317 5071 3445 5125 per-

1876 5145 2062 5216 spicue
2113 5161 2179 5200 ex
2210 5145 2563 5214 sequentibus
2609 5145 2889 5202 discimus.
2935 5145 3078 5212 Quid
3127 5147 3270 5202 enim
3307 5147 3445 5200 dixit

1875 5237 2118 5292 omnium
2171 5235 2352 5296 Deus?
2403 5233 2695 5291 Faciamus
2742 5237 3001 5294 hominem
3042 5239 3112 5290 ad
3159 5235 3443 5304 imaginem

1875 5338 1922 5384 et
1975 5327 2374 5384 similitudinem
2431 5329 2734 5384 nostram"
2769 5329 2904 5403 (68).
2957 5329 3135 5384 Prima
3180 5329 3294 5382 hzec
3344 5326 3444 5384 fuit

1873 5603 2196 5678 explanatur
2222 5602 2290 5678 ab
2319 5603 2557 5678 Adriano
2593 5603 2694 5659 PP.
2740 5603 2792 5659 in
2823 5601 3044 5674 cpistola
3076 5601 3279 5660 celebri
3313 5583 3440 5678 apo;

1875 5672 2098 5744 logeiica
2128 5673 2192 5728 ad
2225 5671 2474 5729 Carolum
2506 5675 2638 5743 imp.
