4032 6208
444 238 550 304 ιιε

1461 241 1522 300 S.
1569 237 1986 301 NICEPHORI
2021 238 2526 302 PATRIARCHAS
2562 240 2668 304 ΟΡ.

3020 153 3083 162 ---

3587 242 3697 307 484

448 347 542 404 Dei
595 345 798 404 locutio
857 355 1102 402 nostram
1165 345 1398 402 volentis
1449 355 1702 400 naturam
1755 346 2007 400 condere.

2117 347 2216 417 τὴν
2247 347 2369 402 καθ’
2412 349 2566 418 ἡμᾶς
2595 346 2901 418 ὑποστῆσαι
2933 346 3260 418 βουλομένου
3313 346 3478 418 φύσιν
3502 365 3516 380 ⁶
3575 346 3699 404 εἶτα

449 439 655 494 Deinde
679 447 800 508 post
823 437 970 506 prius
995 437 1198 492 dictum
1233 455 1249 492 :
1285 435 1352 488 Et
1384 436 1507 506 fecit
1545 435 1686 490 Deus
1725 437 2014 502 hominem,

449 529 518 584 ad
563 529 844 598 imaginem
897 526 992 581 Dei
1030 527 1155 595 fecit
1196 526 1366 582 illum.
1413 527 1482 580 Et
1529 527 1723 582 deinde
1772 547 1784 584 :
1828 525 2018 580 Genui:

358 600 401 636 λ’
451 617 684 672 Adamn:
728 615 983 679 Set/mm,
1015 616 1085 669 ad
1133 617 1412 686 imaginem
1441 626 1488 671 et
1527 617 1746 684 speciem
1781 634 1932 672 suam
1947 617 2014 672 ⁷⁰.

385 687 399 772 ξ
448 708 624 778 Atque
657 716 738 775 ut,
771 707 894 760 aliis
923 705 1332 776 praetermissis,
1363 721 1427 762 ea
1455 723 1575 777 quae
1607 707 1766 778 longo
1799 708 2016 778 quidem

392 781 399 806 ³
449 799 692 867 tempore
729 797 960 862 distant,
989 797 1084 852 sed
1121 805 1302 851 tamen
1340 796 1489 866 justo
1523 797 1786 853 vocabulo
1827 813 2019 854 sensu-

445 901 553 957 que
581 895 910 958 congruunt,
948 887 1000 941 in
1043 888 1279 944 medium
1317 887 1632 957 all'eramus,
1673 888 1896 944 Paulum
1940 891 2020 945 lo-

447 985 704 1048 quentem
760 977 1044 1033 audiamus
1099 998 1114 1034 :
1168 979 1314 1034 Sicut
1365 980 1686 1048 portavimus
1734 981 2018 1050 imaginem

447 1071 670 1136 terreni,
712 1070 789 1124 ita
832 1071 1055 1124 micatis
1098 1087 1302 1141 quoque
1333 1082 1599 1142 portemus
1640 1073 1922 1142 imaginem
1946 1071 2016 1126 τί.

447 1159 652 1230 Utique
702 1161 838 1216 satis
882 1161 998 1216 haec
1040 1176 1160 1217 esse
1205 1162 1426 1232 judico.
1468 1177 1641 1234 neque
1680 1164 1838 1218 nobis
1880 1177 2019 1232 opus

447 1265 570 1308 esse
617 1251 862 1320 longiore
918 1268 1172 1310 sermone
1239 1254 1307 1310 ad
1345 1254 1422 1308 rei
1467 1254 1761 1324 propositae
1797 1255 2020 1309 demon-

447 1344 790 1398 strationem.
807 1344 938 1410 Quae
962 1345 1106 1400 enim
1131 1344 1302 1412 major
1329 1347 1625 1402 auctoritas
1637 1361 1798 1416 quam
1820 1344 2021 1416 Moysis

447 1441 505 1488 et
531 1431 717 1488 Pauli?
742 1432 938 1489 Dicant
966 1448 1096 1504 ergo
1133 1434 1291 1490 nobis
1321 1434 1374 1488 hi
1399 1435 1494 1505 qui
1521 1435 1695 1504 ipsum
1733 1435 1836 1490 hoc
1858 1447 2022 1488 voca-

449 1522 636 1578 bulum
683 1527 963 1589 abnuunt,
992 1537 1160 1592 seque
1200 1525 1270 1578 ab
1302 1524 1536 1594 imagine
1562 1524 1658 1578 Dei
1706 1523 2022 1592 longissime

449 1613 809 1679 submovent,
845 1623 1009 1682 atque
1048 1616 1116 1670 ab
1161 1614 1280 1683 ejus
1325 1615 1516 1686 gratiae
1559 1615 2010 1686 participatione,

449 1707 496 1760 si
547 1707 766 1772 omnia,
813 1723 933 1778 quae
978 1709 1082 1764 hoc
1134 1710 1352 1764 nomine
1402 1719 1662 1775 utuntur,
1713 1709 2018 1766 veneranda

448 1805 577 1853 sunt
605 1807 660 1852 et
687 1797 1028 1853 honorabilia
1047 1838 1064 1865 ,
1103 1811 1325 1870 propter
1351 1814 1539 1854 eorum
1569 1789 1712 1854 unde
1742 1798 2020 1854 deducun-

451 1897 538 1943 tur
565 1888 915 1958 dignitatem,
949 1905 1048 1944 cur
1071 1889 1182 1960 jam
1218 1890 1420 1947 Christi
1458 1899 1516 1946 et
1540 1898 1852 1945 sanctorum
1883 1890 2018 1944 ima-

445 1977 662 2046 ginibus
697 1979 1048 2049 ignominiam
1099 1995 1508 2052 quaquaversus
1549 1991 1607 2038 et
1647 1992 2016 2054 contemptum

445 2071 778 2140 aspergunt?
817 2073 993 2140 Atque
1046 2080 1106 2127 ut
1160 2086 1228 2127 ex
1283 2073 1690 2128 sublimioribus
1735 2082 1900 2144 atque
1949 2075 2018 2128 ab

447 2159 566 2229 ipsa
635 2161 902 2232 theologia
951 2164 1253 2218 orationem
1311 2165 1536 2230 ordiar,
1593 2165 1760 2221 Filius
1809 2165 1904 2222 Dei
1954 2179 2020 2222 ac

447 2250 594 2307 Deus
636 2261 845 2320 noster,
878 2269 1000 2310 cum
1031 2253 1196 2311 Patre
1239 2269 1338 2312 suo
1376 2255 1522 2314 Deus
1565 2257 1771 2328 pariter
1801 2257 2014 2324 dictus,

445 2355 702 2416 tanquam
761 2347 879 2418 ejus
935 2348 1112 2420 imago
1173 2350 1474 2408 honoratur
1529 2361 1726 2422 praeter
1781 2363 2014 2410 cmteras

442 2435 688 2506 ejusdem
718 2437 1130 2508 appellationes,
1166 2451 1222 2496 et
1250 2440 1588 2512 gloriﬁcatur
1619 2461 1634 2498 :
1667 2444 1774 2510 Qui
1797 2455 1895 2510 est,
1933 2445 2016 2501 iu-

443 2528 563 2598 quit
585 2526 788 2584 Paulus
807 2529 875 2596 ⁷³,
903 2531 1078 2601 imago
1103 2531 1202 2588 Dei
1233 2533 1508 2590 invisibilis
1537 2534 1674 2606 (69).
1707 2537 1884 2606 Atque
1913 2539 2016 2594 hoc

443 2618 785 2690 potissimum
831 2622 1096 2678 vocabulo
1159 2624 1459 2694 gloriantur
1503 2627 1738 2696 theologi
1781 2637 1836 2683 et
1885 2643 2016 2698 gau-

441 2711 594 2768 dent.
645 2709 756 2766 Sed
813 2727 1024 2780 nonne,
1087 2726 1307 2785 propter
1359 2717 1613 2788 imaginis
1652 2718 2012 2785 vocabulum,

443 2801 639 2859 Filium
665 2817 890 2874 quoque
921 2803 1109 2860 hostes
1149 2803 1246 2860 Dei
1291 2821 1322 2860 a
1353 2816 1577 2874 paterna
1604 2807 1774 2880 gloria
1808 2819 1866 2864 et
1895 2810 2016 2864 uni-

444 2904 558 2950 tate
616 2904 826 2949 naturaa
871 2893 1296 2951 abalienabunt?
1355 2897 1595 2965 Deinde,
1641 2909 1698 2954 et
1754 2911 2013 2972 angustus

2049 1631 2154 1736 θ’)

2120 437 2262 510 μετὰ
2276 439 2346 492 τὰ
2381 439 2671 510 εἰρημένα,
2702 439 2808 494 Καὶ
2830 441 3122 508 ἐποίησεν
3159 443 3193 494 ό
3245 441 3388 506 Θεὸς
3439 441 3546 495 τὸν
3590 441 3700 495 ἇν-

2117 533 2382 598 θρωπον⁶
2421 531 2549 585 κατ’
2571 533 2777 586 εἰκόνα
2821 531 2971 586 Θεοῦ
2999 531 3294 598 ἐποίησεν
3336 532 3557 586 αὐτόν·
3597 531 3702 586 καὶ

2117 621 2176 673 ὲν
2203 623 2318 684 τοῖς
2350 621 2490 692 μετὰ
2515 621 2688 676 ταῦτα
2711 639 2726 654 ο
2773 621 3128 690 Ἐγέννησεν
3174 621 3348 692 Ἀδὰμ
3391 622 3500 677 τόν
3545 623 3698 692 Σὴθ,

2117 714 2270 769 κατὰ
2295 712 2410 782 τὴν
2434 715 2640 768 εἰκόνα
2667 715 2766 768 καί
2791 715 2943 770 κατὰ
2973 714 3088 784 τὴν
3133 713 3300 770 ἰδέαν
3329 714 3538 770 αὐτοῦ.
3574 715 3699 770 Ἵνα

2115 803 2174 858 δὲ
2207 803 2372 858 τᾶλλα
2421 806 2708 872 παρέντες,
2767 807 2834 860 τὰ
2861 806 2940 878 τῷ
2983 807 3182 879 μακρῷ
3225 807 3326 878 μὲν
3362 807 3695 878 διεστηκότα

2117 895 2320 967 χρόνῳ,
2343 896 2514 968 τῷδὲ
2559 897 2706 969 ὀρθῷ
2750 897 3075 969 συνημμένα
3102 899 3248 968 λόγῳ
3301 900 3397 954 καὶ
3446 901 3571 963 ταῖς
3605 901 3698 952 ἐν-

2117 986 2312 1054 νοίαις,
2345 990 2426 1054 εἰς
2459 989 2622 1059 μέσον
2664 989 2912 1062 θείημεν,
2954 986 3044 1046 οἷα
3077 991 3230 1062 παρὰ
3269 992 3484 1046 Παύλου
3539 991 3697 1059 λέγε-

2116 1099 2208 1136 ται
2254 1081 2602 1153 ἀκουσόμεθα
2625 1096 2640 1113 ⁶
2683 1083 2818 1153 φησί
2862 1082 2994 1154 γὰρ,
3029 1083 3115 1136 ὅτι
3143 1083 3375 1152 Ὠσπερ
3405 1083 3697 1153 ἐφορέσα-

2111 1171 2363 1244 perth
2391 1175 2598 1228 εἰκόνα
2626 1173 2733 1228 τοῦ
2764 1173 2996 1243 χοϊκοῦ,
3037 1173 3389 1244 φορέσωμεὸρ
3435 1174 3536 1228 καὶ
3575 1174 3696 1240 τὴν

2116 1266 2322 1320 εἰκόνα
2341 1265 2446 1320 τοῦ
2466 1264 2849 1332 ἐπουρανίου.
2887 1264 3028 1318 Ἀλλ’
3052 1265 3302 1336 ἀποχρῆν
3323 1261 3478 1336 οἶμαι
3505 1267 3691 1329 ταυτὶ,

2119 1356 2214 1410 καὶ
2244 1355 2306 1409 οὐ
2337 1355 2554 1426 δεήσειν
2579 1355 2936 1426 μακροτέρων
2959 1357 3092 1426 ἡμῖν
3119 1355 3298 1424 λόγων
3329 1358 3409 1418 εἰς
3441 1357 3538 1426 τὴν
3581 1357 3694 1411 τῶν

2119 1447 2501 1520 προκειμένων
2529 1447 2838 1514 ἀπόδειξινο
2871 1447 2925 1500 τι
2960 1446 3069 1518 γὰρ
3095 1448 3342 1511 Μωσέως
3399 1448 3432 1520 ἢ
3471 1448 3692 1502 Παύλου

2119 1538 2570 1610 ἀξιολογώτερον;
2597 1537 2960 1608 Φραζέτωσαν
2980 1534 3073 1592 οὖν
3103 1540 3236 1608 ἡμῖν
3253 1539 3302 1592 οἰ
3334 1540 3429 1592 καὶ
3451 1537 3696 1608 τοῦνομα

2161 1631 2439 1702 ρνημένοι,
2469 1631 2564 1684 καλ⁸
2595 1630 2689 1684 τοῦ
2709 1629 2850 1684 εἶναι
2879 1629 3000 1683 κατ’
3039 1630 3227 1684 εἰκόνα
3252 1629 3390 1684 Θεοῦ
3419 1630 3491 1694 ὡς
3553 1632 3697 1701 πορε-

2122 1723 2352 1796 ῥωτάτω
2379 1722 2856 1794 ἀποπεμπόμενοι,
2873 1721 3088 1791 καὶτῆς
3119 1721 3372 1780 ἐντεῦθεν
3397 1724 3696 1802 ἀμέθεκτοι

2118 1816 2340 1886 χάριτος
2361 1831 2376 1848 ο
2401 1817 2450 1868 εἰ
2479 1815 2664 1869 πάντα
2687 1815 2758 1867 τὰ
2787 1815 2886 1883 τῆς
2918 1813 3292 1885 προσηγορίας
3315 1813 3520 1886 ταύτης
3563 1831 3700 1883 μετ-

2117 1911 2415 1982 εσχηκότα,
2455 1909 2614 1982 τίμια
2669 1913 2764 1966 καὶ
2793 1910 3000 1978 ἔνδοξα,
3052 1912 3117 1964 ὲκ
3158 1911 3260 1978 τῆς
3289 1901 3369 1964 ὧν
3399 1909 3698 1979 παρήχθηο

2120 2021 2220 2057 σαν
2277 2003 2438 2074 δόξης
2482 2003 2642 2057 τοῦτο
2690 2003 3058 2072 ὲνεγκάμενα,
3102 2001 3154 2056 τί
3187 2003 3391 2071 δήποτε
3430 2005 3554 2066 ταῖς
3593 2003 3694 2055 τοῦ

2117 2093 2357 2165 Χριστοῦ
2390 2095 2482 2148 καὶ
2511 2093 2618 2146 τῶν
2649 2092 2820 2162 ἁγίων
2849 2093 3078 2159 εἰκόσιν,
3115 2095 3182 2148 ὲκ
3207 2096 3424 2149 πάντων
3456 2097 3520 2148 τὸ
3565 2095 3693 2150 ἄδο-

2117 2185 2207 2252 ξον
2227 2186 2318 2239 καὶ
2334 2185 3160 2256 ἁπόπτυστον,ἁπορρίπτουσι;
3203 2188 3316 2242 Καὶ
3345 2188 3433 2242 ἵνα
3467 2192 3532 2244 ἑκ
3581 2190 3694 2243 τῶν

2118 2275 2468 2348 ὑψηλοτέρων
2489 2276 2584 2330 καὶ
2611 2276 2712 2347 τῆς
2736 2275 3018 2346 θεολογίας
3051 2277 3222 2346 αὐτῆς
3252 2276 3349 2332 τοῦ
3372 2279 3532 2348 λόγου
3560 2297 3697 2333 κατ-

2117 2369 2397 2440 ἄρξωμαι,
2428 2369 2457 2421 6
2490 2367 2612 2432 Υἰὸς
2648 2367 2741 2421 τοῦ
2781 2367 2918 2420 Θεοῦ
2949 2368 3044 2422 καὶ
3063 2366 3196 2432 Θεὸς
3228 2368 3386 2439 ἡμῶν
3407 2369 3487 2440 τῷ
3515 2371 3696 2440 Πατρὶ

2118 2458 2666 2530 συνθεολογούμενος,
2709 2457 2787 2522 ὡς
2844 2459 3011 2512 εἰκὼν
3048 2459 3214 2512 αὐτοῦ
3265 2463 3491 2530 τιμᾶται
3552 2463 3696 2532 μετέι

2114 2548 2228 2607 τῶν
2253 2533 2872 2620 ἄλλωνπροσηγοριῶν,
2923 2550 3022 2602 καὶ
3061 2547 3366 2615 δοξάζεται.
3424 2551 3533 2617 “Oc
3578 2551 3690 2622 γάρ

2113 2627 2266 2703 ἐστὶ,
2297 2640 2488 2710 φησιν,
2539 2639 2718 2694 εἰκὼν
2759 2640 2866 2695 τοῦ
2901 2640 3050 2696 Θεοῦ
3095 2642 3203 2696 τοῦ
3255 2643 3516 2712 ἀοράτου
3541 2661 3556 2676 ·
3595 2646 3696 2698 καὶ

2113 2731 2286 2804 ταύτῃ
2319 2731 2523 2803 μᾶλλον
2571 2731 2622 2784 οἰ
2672 2730 2914 2801 θεολόγοι
2956 2733 3378 2804 ὲνσεμνύνονται
3428 2738 3498 2806 τῇ
3531 2739 3690 2806 φωνῇ

2113 2825 2206 2878 καὶ
2236 2821 2646 2894 συγχαίρουσιν.
2689 2821 2852 2876 Ἀλλὰ
2886 2823 3100 2894 μήποτε
3138 2825 3229 2880 διὰ
3254 2826 3316 2880 τὸ
3344 2827 3444 2898 τῆς
3474 2829 3692 2894 εἰκόνος

2111 2913 2302 2984 ὄνομα,
2339 2912 2435 2966 καὶ
2469 2911 2562 2966 τὸν
2591 2912 2722 2967 Υἰδν
2767 2913 2816 2966 οἰ
2845 2913 3104 2986 θεομάχοι
3146 2915 3250 2986 τῆς
3283 2917 3567 2989 Πατρικῆς
3597 2919 3691 2972 δό-

442 2982 691 3056 angelos.
727 2984 905 3054 imago
945 2983 1039 3040 Dei
1076 2997 1180 3052 est,
1229 2991 1509 3076 speculum
1545 3005 1765 3058 purum,
1813 2992 2007 3047 imma-

2117 2982 2217 3074 ξης
2244 3003 2339 3058 καὶ
2369 3004 2650 3074 συμφυΐας
2680 2982 3170 3076 ἀλλοτριιῖξσουσινς
3205 2982 3416 3062 ἔπειτα-
3439 3009 3494 3064 δὲ
3521 2982 3621 3065 καὶ
3661 3014 3692 3065 6

443 3071 708 3138 culatum,
743 3073 1204 3144 "timidissimum.
1231 3075 1444 3134 Idcirco
1482 3080 1820 3137 honorabilis
1846 3097 2012 3154 ange-

443 3160 558 3227 lus;
583 3163 821 3234 itemque
851 3165 1034 3231 immo,
1065 3175 1252 3236 utpote
1279 3169 1354 3222 ad
1371 3170 1668 3242 imaginem
1685 3171 1782 3228 Dei
1813 3171 2010 3240 iactus,

441 3263 498 3309 et
523 3252 618 3310 Dei
653 3255 831 3326 imago
875 3257 1196 3326 appellatus.
1239 3259 1532 3330 Propterea
1577 3263 1630 3318 in
1666 3263 1873 3320 honore
1912 3265 2018 3320 ἰτα-

441 3343 622 3412 betur,
675 3343 908 3414 ideoque
947 3347 1110 3400 etiam
1153 3347 1326 3404 libero
1357 3337 1584 3407 arbitrio
1623 3353 1824 3423 pollet.
1854 3363 1910 3410 et
1939 3355 2008 3411 ab

440 3434 563 3490 aliis
614 3434 795 3491 diﬂ‘ert
839 3437 1201 3504 animalibus,
1267 3436 1326 3496 et
1366 3443 1620 3498 omnibus
1668 3443 2004 3500 dominatur.

439 3524 572 3580 Nam
597 3537 870 3596 quatenus
899 3537 1109 3584 tantum
1136 3540 1382 3588 creatura
1415 3541 1502 3588 est
1531 3542 1588 3590 et
1613 3535 1838 3601 animal,
1871 3535 2006 3590 nihil

437 3632 471 3672 a
515 3620 728 3674 caneris
764 3618 961 3676 dillert.
1009 3620 1225 3692 Alioqui
1276 3637 1346 3678 ne
1389 3625 1741 3695 conspicuum
1783 3626 2004 3696 quidem

437 3707 614 3764 oculis
661 3716 779 3772 est,
819 3709 948 3777 quid
993 3711 1208 3767 dicatur
1247 3713 1301 3768 in
1347 3713 1566 3772 homine
1607 3719 1676 3772 ad
1711 3717 2002 3788 imaginem

440 3797 533 3852 Dei
558 3815 573 3864 ;
609 3798 724 3852 sive
753 3799 914 3870 129
949 3811 1186 3860 mentem
1211 3803 1334 3873 quis
1360 3815 1553 3876 putare
1581 3808 1712 3862 velit
1749 3819 1801 3864 et
1833 3810 2001 3867 animi

433 3889 544 3943 vim
605 3890 890 3944 rectricem
947 3905 1014 3946 ac
1071 3894 1478 3961 dominantem,
1519 3899 1636 3952 sive
1687 3899 1834 3954 aliud
1874 3901 2000 3970 quid

431 3978 487 4036 in
543 3979 762 4036 homine
824 3983 1112 4054 cogitabile
1173 3985 1323 4057 (70);
1391 3987 1660 4057 siquidem
1721 4007 1790 4048 ne
1842 3994 2001 4064 hujus

435 4071 649 4145 quidem
720 4073 1072 4146 archetypum
1131 4077 1185 4132 in
1251 4093 1488 4136 numero
1551 4083 1847 4140 visibilium
1913 4102 2000 4144 re-

428 4179 550 4220 rum
577 4173 684 4219 εει.
1085 4191 1090 4198 ·

495 4257 584 4313 59.
617 4256 887 4312 Praeterea
927 4260 1100 4316 nostri
1145 4276 1362 4334 quoque
1389 4267 1722 4336 sacerdotes,
1745 4269 1871 4340 quia
1899 4286 1995 4326 su-

2115 3095 2258 3160 θεῖος
2285 3096 2538 3166 ἄγγελος,
2569 3097 2734 3151 εἰκών
2759 3099 2876 3150 ἐστι
2895 3097 2988 3152 τοῦ
3019 3098 3179 3164 Θεοῦ,
3207 3099 3470 3174 ἔσοπτρον
3489 3105 3692 3174 ἀκραι-

2113 3187 2264 3257 φνὲς,
2292 3186 2652 3258 ἁκηλίδωτον,
2679 3187 3065 3243 διειδέστατον.
3086 3189 3178 3244 Διδ
3193 3192 3372 3260 τίμιος
3403 3195 3432 3247 6
3455 3193 3692 3262 ἄγγελες

2111 3277 2212 3332 ni
2231 3279 2262 3332 6
2281 3277 2566 3349 ἄνθρωπος
2601 3277 2724 3332 κατ’
2749 3279 2934 3333 εἰκόνα
2981 3279 3118 3334 Θέοῦ
3148 3285 3541 3355 γεγενημένος,
3590 3290 3690 3340 καὶ

2109 3365 2275 3423 εἰκὼν
2319 3367 2460 3422 Θεοῦ
2504 3367 2797 3439 λεγόμενος
2824 3386 2839 3401 ·
2893 3369 2984 3424 διὰ
3039 3371 3202 3424 τοῦτο
3247 3374 3540 3446 τετίμηται
3588 3378 3689 3431 καὶ

2106 3457 2282 3529 ταύτῃ
2325 3457 2656 3530 χρηματίζει
2701 3459 2764 3514 τδ
2797 3460 3170 3528 αὗτεωαιον,
3218 3465 3314 3519 καὶ
3365 3468 3476 3520 τῶν
3504 3467 3686 3523 ἄλλων

2105 3547 2379 3621 διαφέρων
2416 3549 2596 3618 ζώων,
2623 3551 2766 3606 κατὰ
2790 3551 3008 3608 πάντων
3029 3555 3092 3608 τὸ
3127 3560 3358 3628 κρατεῖν
3379 3558 3494 3632 ἔχει
3519 3579 3532 3592 ο
3559 3562 3686 3616 ἐπεὶ

2105 3639 2244 3694 καθὸ
2271 3640 2482 3713 κτίσμα
2503 3643 2598 3696 καί
2621 3642 2810 3708 ἁπλῶς
2847 3643 3010 3709 ζῶον,
3047 3646 3254 3704 τούτων
3304 3650 3460 3705 οὐδὲν
3495 3652 3686 3726 M-

2107 3750 2231 3804 νοχε
2254 3747 2274 3769 ο
2317 3733 2496 3789 καίτοι
2535 3733 2658 3788 οὐδὲ
2702 3737 2900 3807 ὁρᾶται
2951 3736 3014 3791 τὸ
3053 3740 3198 3794 κατὰ
3240 3740 3332 3796 τὸν
3386 3743 3682 3816 ἄνθρωπον

2103 3823 2225 3878 κατ’
2259 3822 2443 3876 εἰκόνα
2473 3821 2767 3895 λεγόμενον
2795 3839 2811 3856 ο
2843 3825 2955 3879 εἰτε
3000 3825 3092 3879 τὸν
3132 3828 3261 3882 νοῦν
3302 3831 3444 3887 εἰποι
3482 3851 3570 3898 τις
3619 3835 3681 3888 τό

2100 3931 2161 3966 τε
2193 3915 2526 3985 ἡγεμονικὸν
2563 3915 2662 3970 καὶ
2707 3917 2962 3990 ἀρχικὸν,
2989 3920 3101 3974 εἴτε
3131 3938 3184 3975 τι
3239 3921 3368 3976 ἄλλο
3405 3925 3512 3977 τῶν
3548 3929 3675 3998 περί

2101 4006 2265 4061 αὑτὸν
2311 4007 2642 4090 νοουμένων,
2711 4011 3016 4084 ἐπειδήπερ
3082 4013 3205 4068 οὐδὲ
3261 4014 3325 4069 τὸ
3360 4018 3673 4088 ἀρχέτυπον

2099 4095 2293 4151 τούτου
2327 4097 2437 4152 τῶν
2470 4099 2768 4171 ὁρωμένων
2787 4101 2956 4157 ἐστίν.

2169 4271 2268 4326 νθν.
2307 4274 2428 4328 Ἔτι
2457 4275 2552 4328 καί
2579 4276 2629 4328 οἰ
2660 4277 2782 4331 καθ’
2811 4279 2962 4350 ἡμᾶς
3009 4284 3198 4354 ἰερεῖς,
3234 4289 3360 4342 ἐπεὶ
3403 4290 3515 4344 τῶν
3559 4294 3672 4348 ἄνω

423 4349 884 4420 permundialium
953 4353 1207 4408 ordinum
1246 4357 1481 4424 speciem
1526 4335 1874 4431 exprimunt;
1911 4375 1994 4419 et-

2110 4363 2411 4436 Βιακόσμων
2449 4365 2543 4422 καὶ
2573 4367 2783 4433 τάξεων
2809 4335 3669 4453 ἇὲτοέυτὲοὲἔξὲὴ-νᾝιέῖέειζᾷῗ

423 4441 570 4496 enim
601 4441 702 4496 hos
733 4451 1129 4512 repraesentant
1163 4455 1272 4500 tum
1304 4447 1358 4501 in
1393 4450 1570 4504 sacris
1603 4451 1856 4524 Iiturgiis,
1878 4465 1989 4509 tum

347 4585 352 4590 .
423 4531 478 4587 in
509 4531 633 4587 aliis
665 4533 860 4590 duinis
894 4551 1033 4606 quas
1079 4537 1355 4594 celebrant
1409 4539 1811 4614 hymnologiis;
1864 4562 1990 4616 pro-

425 4632 614 4694 pterea
648 4624 996 4682 honorabiles
1024 4627 1296 4684 habentur
1331 4645 1362 4684 a
1401 4645 1528 4686 vere
1556 4633 1660 4703 piis
1685 4644 1846 4705 atque
1875 4653 1989 4690 mo-

419 4715 610 4770 destis.
649 4714 718 4771 Et
747 4717 954 4788 reliqua
995 4719 1255 4776 Ecclesiae
1281 4723 1556 4782 ordinatio
1589 4741 1655 4782 ac
1685 4727 1982 4798 dispositio,

418 4803 826 4872 caelestisaulaa
861 4808 1096 4864 imitatio
1129 4819 1214 4866 est
1259 4825 1325 4867 ac
1373 4813 1567 4884 ﬁgura.
1603 4813 1737 4871 ltem
1782 4815 1986 4888 Moysis

419 4899 754 4969 legislatoris
791 4901 1221 4973 tabernaculum,
1249 4916 1306 4962 et
1329 4917 1526 4964 cuncta
1559 4908 1669 4965 illic
1701 4919 1981 4977 contenta,

415 4991 718 5046 caelestium
750 4990 1090 5063 aliarumque
1109 5005 1418 5054 creatarum
1437 5013 1618 5054 rerum
1644 5000 1984 5060 resonantias

413 5079 677 5150 quasdam
721 5095 786 5136 ac
825 5081 1213 5142 similitudines
1255 5103 1365 5158 pra:
1415 5104 1478 5146 se
1533 5089 1814 5158 ferebant,
1841 5092 1986 5150 sicut

411 5172 484 5229 ab
509 5186 576 5228 eo
603 5173 926 5246 dispositum
957 5173 1160 5233 fuerat.

367 5337 376 5356 ⁸
478 5353 527 5387 ⁷⁸
545 5353 683 5411 Gen.
712 5371 767 5422 ν,
792 5356 850 5412 3.
925 5359 966 5392 '"
1003 5359 1021 5415 1
1057 5359 1186 5417 Cor.
1212 5377 1302 5430 xv,
1329 5365 1418 5421 49.
1495 5367 1540 5399 ’³
1568 5364 1613 5423 ll
1629 5368 1754 5425 Cor.
1791 5385 1866 5438 tv,
1895 5371 1950 5428 ι.

477 5467 997 5560 ςϐθὶριιξηιεόιξετιο
1026 5476 1456 5560 additamentum
1487 5483 1793 5560 invisibilis,
1811 5489 1983 5560 ἀορά-

407 5542 876 5629 ,ﬂqttodhnon'
899 5547 1039 5629 apud
1071 5544 1436 5629 ﬂicejihorum
1469 5553 1664 5622 solum,
1702 5542 1798 5613 sed
1838 5542 1980 5629 apud

409 5607 610 5678 aliquot
634 5612 794 5666 etiam
830 5607 1044 5672 codices
1073 5607 1289 5689 legitur.

2097 4455 2441 4546 εἰκονίζουσι
2463 4457 2574 4528 γὰρ
2596 4459 2796 4523 αὐτοὺς
2828 4463 2971 4518 κατά
2989 4481 3049 4518 τε
3087 4467 3190 4532 τὰς
3234 4471 3386 4541 ἰερὰς
3417 4472 3672 4546 λειτουρ-

2095 4545 2245 4614 γίας,
2272 4547 2367 4600 καὶ
2389 4545 2490 4611 τὰς
2514 4546 2684 4613 ἄλλας
2723 4551 2875 4616 θείας
2902 4553 3230 4626 ὑμνολογίας
3276 4560 3374 4624 τὰς
3412 4566 3545 4635 παρ’
3573 4545 3674 4619 αὖ-

2093 4637 2204 4689 τῶν
2238 4637 2568 4708 τελουμένας
2589 4653 2603 4670 °
2638 4640 2726 4695 διὰ
2768 4642 2926 4697 τοῦτο
2951 4646 3126 4716 τίμιοι
3174 4651 3328 4722 παρὰ
3369 4653 3478 4708 τῶν
3512 4657 3676 4710 εὐσε-

2094 4727 2209 4780 6εἰν
2235 4727 2456 4822 εἰδότων
2495 4733 2590 4784 καὶ
2643 4735 3066 4805 σωφρονούντων
3093 4755 3107 4772 ⁸
3160 4747 3256 4798 καὶ
3287 4746 3320 4816 ἡ
3375 4745 3542 4820 λοιπὴ
3570 4752 3672 4822 τῆς

2103 4817 2429 4889 Ἐκκλησίας
2451 4821 2816 4896 διακόσμησις
2847 4829 2942 4882 καὶ
2964 4831 3215 4900 εὐταξία,
3248 4837 3359 4892 τῶν
3395 4817 3671 4910 οὐρανίων

2089 4910 2227 4963 εἰσὶν
2279 4911 2696 4983 ἀπομιμήματα
2754 4921 2850 4972 καὶ
2895 4922 3239 4994 τυπώματαο
3295 4929 3387 4982 καὶ
3437 4933 3471 5001 ἡ
3524 4939 3670 4989 κατὰ

2090 5001 2296 5096 Μωσέα
2335 5003 2393 5096 δε
2441 5005 2615 5096 σκηνὴ
2662 5009 2755 5062 τὸν
2787 5011 3108 5084 νομοθέτην,
3161 5018 3258 5072 καὶ
3299 5019 3371 5074 τὰ
3411 5021 3472 5074 ὲν
3523 5024 3665 5096 αὐτῇ

2089 5093 2292 5156 πάντα,
2323 5094 2436 5149 τῶν
2466 5095 2738 5168 οὐρανίων
2792 5101 2886 5154 καὶ
2916 5104 3018 5174 τῆς
3065 5104 3235 5178 ἄλλης
3279 5110 3513 5177 κτίσεως
3553 5093 3666 5168 ἀπ..

2089 5183 2357 5277 ηχήματά
2379 5201 2502 5240 τινα
2535 5187 2632 5241 καὶ
2664 5189 2984 5262 ὁμοιώματα
3000 5193 3188 5268 ἔφερε,
3213 5200 3468 5274 καθάπερ
3501 5205 3662 5277 αὖτῷ

2089 5274 2459 5332 διατέτακται.

2153 5496 2267 5582 (70)
2290 5495 2502 5582 vitiosis
2531 5501 2900 5582 pantacuzcni
2928 5521 3142 5580 quoque
3171 5507 3479 5580 opinionem
3511 5509 3661 5582 apud

2079 5581 2214 5634 nos,
2245 5583 2300 5637 p.
2332 5568 2434 5624 100
2484 5571 2608 5627 adu.
2643 5572 2732 5629 5|.
