3856 6204
157 288 240 352 £85

824 284 1452 348 ANTIRRHETICUS
1495 285 1589 346 lIl
1626 284 1797 348 ADV.
1834 281 2427 345 CONSTANTINUM
2466 281 2682 343 COPR.

3280 278 3385 346 486

212 400 272 465 ξ’.
304 398 441 469 Ἤδη
468 397 527 451 δὲ
554 397 649 451 καὶ
683 399 741 450 al
769 379 1118 471 ἱεραὶβίὸλοι
1147 393 1333 465 αὗται,
1370 403 1579 465 εἰκόνες
1603 401 1711 453 εἰσὶ

1883 400 1972 455 60.
2001 401 2142 467 Quin
2174 402 2308 455 adeo
2342 400 2483 456 sacri
2515 400 2616 469 ipsi
2652 399 2773 453 libri
2794 441 2808 465 ,
2847 397 3124 454 hominum
3165 399 3255 465 qui
3292 413 3386 453 eos

157 492 248 547 τῶν
284 489 454 559 λόγων
484 489 595 542 τῶν
624 492 1095 562 συγγεγραφότων
1121 509 1135 523 ·
1168 492 1237 547 δι’
1273 494 1456 549 αὐτῶν
1482 494 1591 564 7&9
1615 492 1711 548 καὶ

159 582 219 654 μὴ
246 583 513 653 παρόντες
554 583 644 636 ἀεὶ
701 582 1056 651 φθέγγονται,
1105 585 1201 638 καὶ
1250 586 1393 639 κατά
1454 584 1710 639 τοσοῦτον

156 677 321 737 αὐτοῖς
347 674 677 744 ᾡκείωνται,
694 672 770 736 ὡς
791 673 883 726 καί
905 672 1014 726 τῶν
1039 675 1399 746 γεγραφότων
1415 674 1597 728 αὐτῶν
1616 666 1713 744 φέὲ-

157 785 256 839 μιν
283 768 366 821 ἐπ’
394 764 609 828 εὐθείας
630 765 699 818 τὰ
720 765 985 836 ὀνόματα·
1010 768 1159 822 οὕτω
1186 767 1295 838 γὰρ
1314 767 1414 843 τὴν
1444 766 1596 839 ίερὰν
1615 766 1709 820 τοῦ

161 854 467 910 ’Δποστὸλου
503 853 706 925 βίϐλον,
737 855 1065 909 Ἀπόστολον
1084 858 1457 928 ὀνομάζομενο
1492 858 1589 910 καὶ
1609 859 1711 927 τὴν

150 950 227 1005 τοῦ
246 950 557 1019 Προφήτου,
580 954 867 1020 προφήτην
881 948 1145 1014 ὡσαύτως
1164 950 1332 1004 καλοῦ
1342 968 1442 1021 μεν
1461 963 1476 980 ⁸
1499 950 1597 1004 καὶ
1613 950 1712 1022 τὴν

99 1038 111 1072 ⁴
148 1042 224 1094 τοῦ
236 1040 625 1108 εὐαγγελιστοῦ
647 1041 866 1110 ὁμοίως.
894 1042 1004 1095 Καὶ
1023 1044 1152 1104 τοὺς
1183 1043 1361 1114 ἱεροὺς
1385 1043 1587 1106 οἴκους,
1610 1043 1711 1097 οὐκ

148 1136 195 1186 ἐν
221 1134 406 1201 σχέσει
436 1131 667 1184 πάντοτε
697 1131 931 1203 λέγομεν
958 1132 1035 1196 ὼς
1062 1133 1237 1199 τοῦδε,
1275 1135 1412 1188 ἀλλὰ
1438 1135 1500 1188 τὸ
1527 1134 1711 1190 πλεῖον

147 1223 378 1293 ἀσχέτως
411 1223 557 1276 τόνδε
587 1223 871 1295 φράζομεν
890 1224 1199 1295 ὁμωνύμως
1230 1225 1315 1296 τῷ
1337 1226 1711 1296 ἐπικεκλημέ-

150 1333 236 1385 sip,
273 1314 361 1368 διὰ
392 1313 489 1385 τὴν
518 1315 620 1384 τῆς
666 1315 1055 1386 προσηγορίας
1084 1318 1371 1371 κοινωνίαν
1412 1335 1473 1371 τε
1499 1318 1594 1371 καὶ
1632 1319 1712 1371 οί-

159 1407 410 1475 κειὸτητα
436 1422 450 1436 ·
488 1405 633 1459 οὕτω
676 1406 742 1475 δὴ
787 1406 883 1460 καὶ
924 1406 1032 1460 τῶν
1071 1408 1165 1461 ἐπὶ
1211 1410 1317 1479 γῆς
1365 1408 1712 1479 κρατούντων

148 1499 369 1560 εἰκόνες,
392 1500 503 1560 τοῖς
529 1498 794 1568 ὑπηκόοις
816 1498 996 1568 τίμιαι
1027 1500 1178 1571 παρά
1197 1499 1475 1559 τοσοῦτον,
1510 1502 1591 1554 ὅτι
1618 1502 1711 1553 καὶ

147 1592 292 1661 παρὰ
310 1589 543 1661 Χριστοῦ
573 1594 740 1661 τιμῆς
769 1591 802 1661 ἡ
827 1591 1111 1663 Καίσαρος
1134 1591 1363 1661 ἠξίωται
1385 1592 1550 1645 είκών
1574 1608 1587 1621 ·
1613 1591 1713 1646 καὶ

146 1682 292 1734 οὐδὲν
316 1681 382 1734 ἀν
403 1678 550 1751 εὖροι
572 1698 657 1744 τις
684 1681 714 1734 ό
756 1682 891 1752 πρός
913 1701 966 1736 τι
1012 1682 1430 1754 προηγούμενον
1460 1682 1707 1753 φέρεται,

146 1773 171 1825 ὃ
200 1774 277 1844 μὴ
316 1773 382 1826 δι’
416 1773 548 1827 αὐτὸ
576 1775 755 1827 ἐκεῖνο
787 1772 885 1845 τὴν
909 1775 1122 1829 ἐκείνου
1152 1776 1320 1846 τιμὴν
1345 1776 1705 1845 προσάγεται,

148 1860 223 1919 οἷα
247 1866 313 1935 δὴ
344 1865 444 1933 τὴν
474 1865 687 1918 ἐκείνου
713 1864 1012 1935 ἐμφανίζον
1058 1866 1378 1935 διάγνωσιν.
1409 1868 1472 1920 El
1528 1866 1709 1919 τοίνυν

151 1958 322 2011 πάντα
338 1956 509 2009 ταῦτα
528 1957 599 2009 δι’
617 1958 802 2009 ἐκεῖνα
823 1957 1000 2028 τίμια,
1018 1958 1162 2019 τίνος
1191 1958 1379 2012 ἕνεκεν
1408 1959 1473 2011 ἔκ
1488 1957 1709 2011 πάντων

148 2050 203 2102 τὰ
227 2048 539 2119 κρείττονος
566 2047 789 2101 πάντων
823 2049 1198 2119 μετεσχηκότα
1220 2048 1401 2119 δόξης,
1425 2066 1501 2103 πα
1511 2049 1578 2120 ρά
1599 2049 1710 2104 τῶν

147 2141 539 2212 Χριστομάχων
564 2140 839 2210 ἠτίμωται
859 2142 954 2194 καὶ
977 2141 1373 2213 καθύϐρισται;
1403 2142 1515 2196 Καὶ
1539 2144 1569 2196 ὁ
1612 2143 1710 2214 μὲν

151 2234 275 2297 Υἱὸς
314 2234 390 2297 ὡς
432 2232 600 2287 εἰκὼν
636 2233 731 2287 τοῦ
770 2235 982 2306 Πατρὸς
1007 2235 1322 2300 δοξάζεταιο
1366 2235 1571 2299 εἰκόνες
1599 2235 1711 2305 7&9

147 2312 447 2398 ἀμφότερα,
469 2326 565 2380 καὶ
588 2322 671 2389 εἷς
695 2328 725 2379 ὁ
752 2327 840 2379 ἐπ’
858 2326 1049 2398 αὐταῖς
1065 2326 1244 2394 λόγος,
1259 2327 1362 2381 κᾶν
1382 2329 1448 2397 τῇ
1463 2327 1625 2399 οὐσίᾳ
1650 2327 1712 2380 τὸ

147 2418 389 2489 διάφορον
411 2417 611 2487 ἔχωσιν
629 2433 643 2446 ·
665 2416 694 2470 ό
718 2417 774 2470 δὲ
798 2416 1030 2487 μάλιστα
1050 2417 1231 2470 αὐτῶν
1246 2417 1308 2470 τὸ
1332 2417 1561 2488 μανικὸν
1588 2435 1713 2489 στη-

146 2513 336 2567 λιτεύει
362 2514 459 2566 καὶ.
486 2511 871 2581 ἀναίσχυντον,
898 2510 1057 2563 τοῦτο
1079 2511 1192 2573 τοῖς
1209 2509 1528 2578 λεγομένοις
1545 2526 1714 2580 προσ-

145 2604 453 2672 τεθήσεταν
474 2602 636 2671 ἴσμεν
652 2601 762 2670 7&9
793 2599 1033 2663 ᾶπαντες
1066 2597 1258 2652 ὃτικαὶ
1283 2597 1480 2667 φαῦλοι
1496 2598 1710 2670 ἄνδρες,

144 2695 204 2747 τὰ
225 2693 337 2746 τῶν
352 2691 579 2762 φαύλων
604 2689 699 2743 καὶ
717 2690 950 2745 ἀνοσίων
969 2689 1348 2760 τετιμηκότες,
1372 2689 1468 2745 καί⁸
1496 2686 1715 2753 είκόνας

144 2785 322 2847 αὐτοῖς
351 2783 434 2845 είς
459 2782 685 2851 μνήμην
714 2778 978 2833 ἀνέθεσαν
1000 2796 1015 2811 ·
1044 2776 1134 2834 οἷα
1161 2779 1226 2850 δὴ
1257 2781 1352 2834 κού⁸
1375 2780 1471 2834 τοῦ
1507 2781 1712 2852 τρόπου

145 2874 314 2928 αὐτῶν
340 2873 585 2944 ζηλωταὶ
605 2871 915 2940 γενόμενοι.
943 2872 1038 2925 καὶ
1061 2869 1171 2925 τῶν
1191 2871 1441 2943 πράξεων
1461 2871 1711 2944 ἐρασταὶ,

145 2966 233 3019 καὶ
257 2963 334 3026 ὡς
363 2964 587 3016 οίκείων
622 2961 719 3015 καὶ
748 2959 1071 3031 ὁμοτρόπων
1096 2960 1451 3032 περιέποντες
1479 2961 1715 3015 διετέλει-

1813 492 2150 564 scripserunt
2184 493 2446 562 imagines
2470 502 2617 546 sunt.
2648 491 2753 546 Per
2781 491 2883 546 hos
2905 490 3127 561 quippe,
3164 490 3381 544 illorum

1813 595 2065 642 auctores
2108 600 2418 655 quanquam
2472 584 2730 640 absentes
2762 594 3024 654 perpetuo
3054 583 3384 654 loquuntur;

1814 686 2080 745 tantaque
2122 675 2535 731 necessitudine
2560 689 2656 729 eos
2690 676 3000 742 attingunt,
3043 684 3103 729 ut
3137 673 3387 729 scriben-

1811 770 1946 824 tium
1986 769 2226 839 ipsorum
2262 768 2463 823 diserte
2492 781 2688 822 nomen
2725 777 2936 837 gerant.
2986 767 3079 822 Sic
3125 768 3268 821 enim
3301 782 3360 820 sa

1813 876 1966 915 crum
2007 859 2247 930 Apostoli
2281 859 2476 915 librum
2504 900 2521 926 ,
2556 860 2873 928 Apostolum
2911 860 3278 930 appellamus;
3331 868 3388 912 ct

1813 952 2100 1022 Prophetas
2130 952 2351 1017 librum,
2400 951 2655 1007 similiter
2709 952 3035 1020 Prophetam
3081 966 3382 1014 vocamus,

1814 1045 2045 1115 parique
2088 1044 2248 1099 modo
2276 1042 2640 1113 Evangelistze
2671 1043 2892 1098 librum.
2949 1042 3116 1097 Sacra
3169 1058 3388 1112 quoque

1815 1128 2186 1204 t‘emplahaud
2233 1134 2458 1189 omnino
2491 1151 2613 1190 cum
2648 1135 2917 1190 relatione
2948 1136 3015 1189 ad
3041 1136 3276 1204 aliquem
3304 1136 3388 1189 di~

1814 1226 2011 1292 cimus,
2044 1227 2138 1282 sed
2172 1226 2494 1297 plerumque
2529 1227 2780 1281 absolute
2821 1227 2975 1293 hujus
3012 1227 3222 1280 titulum
3254 1228 3390 1281 dici-

1814 1333 1936 1372 mus
1981 1318 2368 1388 homonymum
2399 1317 2448 1372 ei
2501 1318 2590 1371 cui
2635 1317 2891 1384 templum
2926 1324 3008 1371 est
3060 1317 3384 1376 dedicatum.

1813 1418 2036 1479 propter
2075 1408 2455 1477 appellationis
2488 1409 2934 1462 communionem
2982 1419 3038 1462 et
3085 1410 3388 1463 necessitu-

1816 1501 2019 1556 dinem.
2052 1497 2145 1554 Sic
2172 1499 2337 1555 etiam
2368 1508 2714 1554 terrenorum
2747 1500 3053 1569 principum
3094 1501 3386 1569 imagines,

1817 1600 2102 1659 tantopere
2137 1600 2265 1645 sunt
2307 1590 2542 1644 subditis
2583 1590 2941 1655 honorandae,
2983 1591 3111 1659 quia
3144 1601 3197 1644 et
3232 1590 3391 1645 Chri-

1813 1691 1929 1738 stus
1951 1680 2183 1736 Ctesaris
2205 1680 2494 1751 imaginem
2521 1681 2727 1735 honore
2747 1682 2995 1751 dignatus
3024 1691 3127 1736 est.
3150 1681 3392 1750 Denique

1816 1775 2017 1831 nullam
2061 1776 2349 1845 quisquam
2392 1790 2505 1829 rem
2537 1776 2837 1843 comperiet
2863 1814 2879 1839 ,
2918 1790 3054 1845 qute-
3087 1776 3153 1830 ad
3187 1776 3391 1846 aliquid

1816 1878 1879 1924 ut
1919 1869 1987 1924 ad
2023 1866 2327 1937 principale
2374 1865 2638 1930 refertur,
2690 1880 2810 1933 quae
2856 1866 2928 1921 ob
2973 1866 3025 1921 id
3072 1866 3244 1937 ipsum
3283 1881 3388 1920 non

1816 1968 2196 2030 promereatur
2227 1957 2514 2022 honorem,
2542 1957 2669 2026 quia
2702 1955 2847 2011 illius
2873 1956 3188 2025 principalis
3214 1957 3391 2012 idcam

1815 2050 2025 2121 objicit.
2058 2048 2114 2103 Si
2140 2064 2272 2117 ergo
2294 2049 2412 2104 haec.
2441 2050 2667 2104 omnino
2690 2048 2890 2103 dictam
2916 2048 2986 2104 ob
3017 2062 3234 2103 causam
3266 2059 3393 2103 sunt

1817 2143 2157 2199 honorabilia
2186 2181 2202 2207 ,
2234 2156 2334 2196 cur
2371 2142 2474 2194 ista
2505 2154 2625 2209 quae
2675 2152 2873 2211 prmter
2920 2151 3115 2196 caetera
3158 2141 3390 2211 gloriosa

1817 2241 1965 2299 sunt,
1999 2248 2030 2288 a
2064 2231 2269 2287 Christi
2309 2230 2559 2286 hostibus
2595 2230 2889 2301 ignominia
2934 2230 3241 2301 injuriaque
3278 2231 3394 2286 alli-

1816 2324 2073 2381 ciuntur?
2090 2324 2154 2378 Et
2173 2322 2344 2379 Filius
2365 2322 2583 2392 quidem
2609 2320 2853 2378 utPatris
2869 2322 3048 2393 imago
3069 2324 3389 2379 honoratur.

1817 2415 1979 2486 Atqui
2009 2413 2273 2484 imagines
2303 2421 2550 2482 utraeque
2579 2418 2729 2475 sunt,
2765 2412 3015 2483 idemque
3042 2414 3110 2469 de
3143 2416 3394 2484 utrisque

1820 2504 1879 2560 fit
1909 2518 2120 2567 sermo,
2148 2517 2459 2573 quanquam
2488 2500 2797 2557 substantia
2823 2500 3101 2557 diﬂ‘erunt.
3124 2507 3239 2573 Age
3265 2519 3394 2559 vero

1820 2594 1962 2666 quod
1992 2593 2266 2664 praecipue
2300 2592 2580 2648 vesaniam
2614 2590 2847 2646 istorum
2889 2591 3395 2662 impudentiamque

1818 2685 2113 2757 objurgat,
2171 2684 2477 2740 addendum
2549 2684 2829 2755 praedictis
2893 2693 3166 2754 superest.
3242 2685 3394 2741 Satis

1819 2790 2012 2834 omnes
2042 2775 2295 2832 novimus
2321 2814 2337 2840 ,
2372 2790 2569 2844 pravos
2609 2775 2776 2830 etiam
2814 2775 3065 2831 homines
3094 2791 3392 2846 pravorum

1819 2879 1875 2926 et
1910 2869 2253 2938 impurorum
2293 2869 2574 2923 hominum
2617 2882 2706 2924 res
2734 2869 2943 2923 honore
2981 2869 3235 2939 pro’sequi
3263 2870 3396 2925 soli-

1825 2972 1930 3028 tos,
1964 2969 2019 3016 et
2051 2958 2320 3031 imagines
2368 2960 2581 3016 illorum
2617 2960 2897 3016 memoria:
2936 2960 3237 3031 dedicare;
3265 2962 3395 3033 quia

147 3072 259 3119 σιν,
293 3054 406 3107 εῐτε
430 3051 627 3123 ἀγνοίᾳ
660 3049 755 3105 τοῦ
807 3051 1137 3122 κρείττονος,
1190 3054 1303 3107 εἴτε
1350 3052 1561 3124 αἱρέσει
1620 3051 1714 3105 τοῦ

1823 3072 2018 3129 nempe
2044 3070 2222 3113 mores
2252 3053 2468 3109 illorum
2486 3053 2832 3120 aetatulantnr,
2856 3064 2908 3108 et
2931 3061 3081 3124 gesta
3111 3054 3396 3123 adamant,

147 3144 570 3218 χείρονος.Ἀλλά
581 3144 712 3214 παρ’
729 3141 976 3213 Ἕλλησι,
997 3143 1153 3212 φασὶ,
1182 3144 1278 3197 καὶ
1301 3142 1592 3214 Ἑλλήνων,
1619 3144 1715 3196 καὶ

1823 3149 2012 3219 eisque
2043 3163 2144 3204 ceu
2184 3146 2291 3202 sibi
2323 3143 2696 3200 familiaribus
2742 3144 2979 3214 vitaeque
3011 3145 3401 3202 consentaneis

144 3239 295 3293 τοῦτο
336 3241 443 3309 τῆς
491 3236 723 3291 ἐκείνων
797 3235 1203 3306 ἐμϐροντησίας
1255 3238 1354 3291 καὶ
1413 3238 1715 3307 παρανοίας

1823 3242 2078 3303 student,
2115 3238 2232 3293 sive
2276 3235 2524 3292 melioris
2554 3236 2631 3291 rei
2661 3237 2964 3306 ignorantia
2995 3278 3011 3303 ,
3047 3237 3164 3293 sive
3192 3236 3398 3308 pejoris

146 3326 289 3392 ἀξιον
307 3344 322 3356 -
351 3323 468 3398 ἀρα
483 3325 594 3396 γάρ
617 3326 719 3379 οὐκ
743 3324 852 3379 ἔδει
884 3327 980 3379 καὶ
1002 3327 1364 3396 Χριστιανοὺς
1384 3328 1457 3381 τὰ
1476 3325 1715 3398 Χριστοῦ

1823 3331 2114 3386 electione.
2145 3329 2254 3384 Sed
2284 3329 2424 3393 haec,
2453 3327 2730 3396 inquiunt,
2754 3327 2971 3381 ethnica
3008 3338 3136 3383 sunt
3165 3340 3222 3384 et
3248 3331 3390 3399 apud

151 3419 488 3489 σεδάσματος
527 3416 731 3480 παντὸς
760 3415 967 3483 ἀξιοῦν,
1002 3418 1097 3472 καὶ
1143 3418 1215 3472 τά
1241 3418 1352 3473 τῶν
1387 3419 1557 3489 ἁγίων
1579 3420 1717 3472 ἀκο-

1825 3421 2075 3478 ctbnicos
2119 3420 2277 3485 nunt,
2310 3433 2486 3489 eaque
2511 3418 2726 3474 illorum
2760 3418 3064 3474 stoliditate
3101 3428 3157 3474 et
3186 3420 3402 3477 insania

152 3513 431 3582 σεμνύνειν
465 3526 532 3564 τε
582 3509 679 3563 καὶ
728 3508 1113 3578 ἀσπάζεσθαις
1151 3510 1344 3583 ὥσπερ
1375 3511 1485 3583 γὰρ
1531 3513 1587 3564 αί
1610 3511 1718 3565 τῶν

1828 3515 1988 3583 digna
2019 3521 2168 3568 sunt.
2202 3511 2368 3581 Atqui
2403 3525 2506 3581 ego
2537 3512 2651 3575 aio,
2701 3525 2881 3565 nonne
2911 3520 3189 3580 oporteret
3234 3513 3401 3566 etiam

150 3602 347 3671 ἐναγῶν
379 3601 603 3672 μνῆμαι
648 3598 939 3669 βδελυκταί
964 3601 1071 3655 είσι
1094 3602 1193 3657 καὶ
1215 3602 1543 3675 ἀκάθαρτοι,
1578 3602 1718 3656 οὔτω

1827 3604 2196 3667 Christianos,
2222 3616 2561 3673 qutecunque
2588 3603 2654 3655 ad
2678 3599 2958 3656 Christum
2989 3603 3227 3657 attinent
3253 3603 3401 3657 omni

151 3694 237 3746 ul.
258 3694 317 3746 ai
340 3692 452 3746 τῶν
476 3692 655 3759 ἁγίων
680 3693 961 3746 ἀσπασταὶ
987 3693 1082 3747 καὶ
1105 3694 1386 3766 ἐράσμιοι.

1831 3695 1974 3750 cultu
2001 3693 2253 3766 dignari,
2285 3694 2524 3763 itemque
2557 3706 2645 3748 res
2684 3701 3006 3748 sanctorum
3055 3691 3406 3764 magniﬁcam

150 3786 866 3860 exampleui?Sicutenim
890 3788 1178 3860 impiorum
1204 3801 1555 3847 monumenta
1590 3791 1956 3848 abominanda
2008 3798 2137 3847 sunt
2200 3788 2502 3861 etpolluta,
2531 3787 2605 3843 ita
2658 3797 2975 3845 sanctorum
3027 3788 3404 3860 amplectenda

150 3894 306 3953 atque
342 3884 626 3940 amabilia.

216 3976 315 4041 ξω.
345 3976 445 4041 Τίς
470 3975 582 4047 γὰρ
614 3976 678 4030 οὐ
709 3976 1024 4047 συμφήσειε
1072 3978 1182 4032 τῶν
1208 3978 1335 4033 νοῦν
1371 3979 1627 4050 ἑχόντων,
1649 3979 1730 4033 ὅτι

156 4074 203 4125 τί
234 4073 341 4127 τῶν
388 4072 615 4142 φαύλων
654 4071 985 4144 ἀρχετύποιν
1035 4073 1216 4144 φαῦλα
1256 4076 1326 4130 τά
1348 4062 1728 4146 εἰκονίσματα,

153 4164 214 4228 ἐξ
240 4165 486 4235 ἀνάγκης
508 4164 607 4218 καὶ
634 4163 705 4218 τά
728 4163 839 4216 τῶν
884 4163 1051 4235 ἱερῶν
1075 4165 1170 4219 καὶ
1201 4166 1373 4234 ἁγίων
1402 4165 1731 4236 ἀρχετύπων

154 4256 274 4325 ἱερά
325 4273 386 4310 τε
436 4258 533 4311 καὶ
587 4258 722 4326 ἆγια
775 4257 845 4312 τὰ
888 4258 1320 4330 ἀπεικάσματας
1353 4253 1439 4324 είς
1476 4260 1585 4333 γὰρ
1641 4261 1729 4313 ἐπ’

152 4349 353 4416 ἀμφοῖν
377 4351 408 4402 ό
434 4349 618 4418 λόγος,
648 4348 790 4403 καθὸ
816 4350 1026 4415 εἰκόνες
1047 4366 1062 4380 ·
1094 4351 1146 4403 εί
1172 4350 1266 4404 καὶ
1306 4350 1482 4415 ἄλλως
1502 4351 1572 4405 τὰ
1624 4352 1720 4405 ἀπ’

1899 3971 1990 4027 6|.
2010 3971 2142 4040 Quis
2162 3970 2308 4026 enim
2327 3970 2548 4028 sobrius
2568 3986 2677 4027 non
2702 3972 2994 4038 concedet,
3017 3973 3160 4043 quod
3180 3974 3224 4029 si
3243 3975 3400 4039 maiae

1827 4063 2002 4132 frugis
2037 4064 2461 4135 archetyporum
2508 4064 2667 4119 malae
2707 4075 2838 4120 sunt
2873 4066 3139 4135 imagines
3167 4105 3183 4132 ,
3216 4080 3408 4122 neces-

1829 4158 1978 4214 sario
2005 4166 2487 4212 sacrosanctorum
2511 4170 2729 4226 quoque
2766 4156 3187 4228 archetyporum
3212 4172 3406 4214 sacro-

1826 4261 2032 4308 sanctaa
2055 4249 2321 4320 imagines
2341 4249 2511 4304 sunt?
2535 4249 2679 4305 Idem
2703 4251 2848 4305 enim
2870 4251 2937 4304 de
2960 4251 3209 4321 utrisque
3223 4265 3406 4307 sermo

1830 4342 1972 4397 valet
1996 4381 2011 4409 ,
2041 4349 2311 4412 quatenus
2337 4341 2603 4411 imagines
2628 4348 2786 4405 sunt;
2815 4341 3031 4395 etiamsi
3060 4356 3180 4410 quae
3222 4342 3289 4397 iis
3320 4343 3404 4397 in-

152 4439 329 4493 αὐτῶν
359 4442 631 4511 νοούμενα
698 4441 795 4495 καὶ
818 4441 1147 4514 δηλούμενα,
1205 4442 1408 4514 πολλὴν
1471 4442 1718 4513 ἐμφαίνει

1833 4433 2154 4504 telliguntur
2200 4446 2267 4489 ac
2311 4433 2660 4496 denotamur,
2712 4432 2939 4486 multam
2997 4433 3403 4505 immanemque

154 4533 254 4584 καὶ
299 4532 644 4605 ἀσυγκρίτως
678 4533 780 4603 τὴν
833 4533 1100 4603 διαφοράν
1128 4551 1142 4566 ·
1173 4534 1309 4588 ἀλλά
1336 4534 1495 4605 δῆλον
1534 4534 1611 4597 ὡς
1659 4533 1729 4588 τά

158 4621 254 4674 τοῦ
278 4624 518 4695 Χριστοῦ
561 4623 754 4678 τέλεον
784 4624 1140 4697 ὴθετηκότες,
1170 4626 1263 4679 καὶ
1301 4624 1412 4677 τῶν
1439 4624 1729 4696 μακαρίων

158 4713 379 4768 ἐκείνων
405 4714 622 4787 ἀνδρῶν
657 4714 750 4768 τὸν
782 4716 897 4786 βίον
936 4716 1033 4770 καὶ
1075 4715 1176 4780 τάς
1203 4717 1428 4787 ἀρετὰς,
1455 4716 1526 4771 τά
1546 4734 1605 4770 τε
1633 4718 1729 4770 ἀν-

160 4800 558 4873 δραγαθήματα
594 4802 1026 4874 βδελυττόμενοι,
1063 4804 1157 4857 καὶ
1184 4805 1278 4857 ἐπὶ
1326 4805 1464 4878 μόνῃ
1495 4808 1561 4876 τῇ
1595 4806 1731 4877 μνή-

163 4905 243 4961 μη
274 4892 452 4947 αὐτῶν
492 4893 906 4965 δυσχεραίνουσί
926 4911 985 4947 τε
1016 4895 1115 4948 καὶ
1154 4894 1412 4965 ἄχθονται
1431 4911 1447 4926 ’
1480 4897 1606 4949 ἐπεὶ
1631 4897 1727 4949 καὶ

166 4983 277 5057 πᾶν
299 4982 500 5050 ἀγαθὸν
526 4985 762 5052 φευκτὸν
791 4982 1074 5054 ἡγοῦνται,
1101 4984 1198 5039 καὶ
1227 4986 1335 5038 πᾶν
1356 4984 1562 5055 φαῦλον
1582 4987 1730 5056 αἱρε-

162 5069 280 5131 τόν,
315 5073 408 5125 καὶ
461 5072 756 5143 βαρύτατοι
794 5073 977 5132 αὐτοῖς
1006 5074 1145 5126 εἰσιν
1167 5074 1217 5126 οί
1259 5073 1402 5141 ἀγιοι
1446 5074 1542 5127 καὶ
1563 5075 1621 5126 ὲν
1647 5075 1729 5126 εί-

165 5159 287 5210 κόηι
321 5160 656 5233 βλεπόμενοι.
686 5163 751 5215 Ὠ
771 5162 870 5233 τῆς
887 5162 1257 5234 ἀναλγησίαςί
1279 5162 1325 5217 ὣ
1346 5165 1444 5236 τῆς
1469 5163 1729 5236 ἀναισθη·

169 5247 329 5310 sing!
360 5255 465 5306 πᾶν
498 5253 649 5318 ἔθνος
676 5254 744 5307 τά
773 5255 841 5323 τῇ
880 5253 1149 5325 θρησκείᾳ
1175 5255 1521 5325 προσήκοντα
1558 5271 1729 5327 προσ-

170 5340 405 5408 ηκόντως
433 5348 567 5417 τιμᾷ
613 5344 708 5399 καὶ
754 5344 1036 5415 περιέπει,
1060 5344 1261 5414 νόμους
1288 5362 1350 5398 τε
1384 5347 1477 5398 καὶ
1507 5346 1603 5417 ἔθη
1636 5347 1731 5401 καὶ

170 5429 273 5494 ds
298 5434 494 5491 ἄνωθεν
543 5438 727 5501 αὐτοῖς
767 5436 1214 5507 παραδεδομένας
1246 5439 1304 5490 ἐν
1330 5436 1409 5507 τῷ
1452 5438 1552 5509 βίῳ
1588 5439 1731 5510 μυή-

175 5536 303 5589 σεις,
352 5527 780 5602 ἀπαρατρὼτους
850 5528 1138 5599 διατηρεῖ·
1203 5528 1352 5599 μόνοι
1402 5529 1460 5582 δὲ
1512 5531 1730 5585 πάντων

172 5610 490 5689 Χριστιανοὶ,
516 5624 621 5695 τῆς
650 5620 722 5675 δι’
755 5615 825 5694 ἧς
850 5618 1176 5692 σεσώσμεθα
1205 5620 1300 5675 τοῦ
1330 5621 1492 5689 λόγου
1527 5639 1731 5690 συγκαο

171 5704 455 5781 πεύσεως,
486 5715 553 5770 τά
584 5712 840 5786 σύμῦολά
861 5728 919 5766 τε
955 5714 1047 5768 καὶ
1075 5713 1446 5787 ὑπομνήματα
1474 5714 1729 5787 ἀνοηταί-

1832 4523 2200 4580 differentiam
2236 4523 2459 4579 habent.
2503 4520 2612 4579 Sed
2652 4523 2994 4579 notissimum
3022 4533 3131 4590 est,
3166 4525 3266 4582 hos
3311 4529 3404 4597 qui

1829 4615 2053 4672 Christo
2105 4616 2325 4685 penitus
2366 4603 2788 4671 vare‘dixerunt
2813 4657 2829 4682 ,
2862 4617 3151 4673 beatorum
3188 4634 3406 4689 quoque

1830 4704 2050 4760 illorum
2067 4706 2308 4761 virorum
2349 4706 2514 4760 vitam
2539 4706 2880 4777 virtutesque
2901 4716 2955 4762 et
2976 4706 3134 4762 fortia
3161 4707 3406 4765 facinora

1830 4795 2128 4859 detestari,
2169 4812 2233 4853 ac
2259 4797 2344 4853 vel
2375 4798 2489 4852 sola
2529 4797 2765 4866 ipsorum
2797 4799 3058 4853 memoria
3092 4804 3406 4872 eanperari

1831 4898 1889 4943 et
1914 4889 2061 4959 angi.
2095 4887 2230 4942 Nam
2271 4887 2539 4958 quidquid
2569 4889 2725 4943 bona:
2758 4887 2929 4958 frugis
2961 4900 3087 4955 est,
3120 4894 3400 4947 vitandum

1835 4989 2092 5048 censent,
2131 4981 2330 5035 malum
2360 4980 2522 5050 130
2550 4992 2739 5034 contra
2764 4980 3096 5052 eligendum,
3132 4986 3406 5042 molestis-

1836 5071 2068 5142 simique
2105 5073 2235 5142 ipsis
2256 5073 2428 5128 sancti
2456 5081 2584 5126 sunt
2616 5073 2781 5127 etiam
2813 5074 2864 5128 in
2891 5076 3126 5146 imagine
3153 5080 3405 5147 spectati.

1831 5164 1877 5221 0
1900 5164 2286 5221 stoliditatem!
2330 5177 2365 5219 ο
2390 5165 2702 5231 stuporem!
2758 5166 3146 5239 Unusquisque
3175 5170 3408 5239 populus

1832 5271 1921 5312 res
1970 5270 2130 5311 sacro
2181 5255 2352 5311 cultui
2383 5271 2651 5328 congruas
2687 5271 3052 5330 congruenter
3089 5262 3316 5316 honorat
3355 5275 3409 5316 et

1832 5348 2004 5412 colit,
2041 5348 2222 5419 leges,
2273 5347 2410 5403 ritus
2439 5387 2455 5413 ,
2491 5351 2720 5405 traditas
2753 5350 2886 5421 ipsis
2932 5351 3233 5421 antiquitus
3286 5352 3410 5407 vita:

1834 5439 2057 5507 agenda
2100 5438 2381 5495 doctrinas
2423 5440 2710 5497 inviolatas
2744 5442 3083 5498 custodiunt.
3131 5440 3246 5497 Soli
3293 5457 3412 5497 om-

1836 5530 1983 5584 nium
2013 5528 2308 5585 Christiani
2344 5532 2563 5599 divinae,
2591 5549 2696 5605 qna
2724 5533 2856 5589 salvi
2877 5548 3086 5597 sumus,
3125 5532 3409 5605 indulgen-

1837 5622 1924 5676 tiae
1958 5622 2207 5692 symbola
2237 5617 2672 5679 etmonumenta
2704 5623 2870 5679 stulte
2892 5625 3235 5696 tlespicinnt;
3270 5644 3408 5698 quos

1835 5725 2105 5772 ouorteret
2145 5715 2517 5773 vehementius
2555 5717 2668 5772 bmc
2697 5716 2898 5787 colere,
2933 5733 3094 5791 quam
3124 5735 3219 5777 sua
3250 5733 3408 5781 cane-
