4032 6208
446 220 553 286 487
1472 212 1535 272 S.
1574 207 1990 271 NICEPHORI
2025 202 2531 268 PATRIARCHIE
2567 201 2678 266 CP.
3604 197 3715 265 188

449 350 577 400 ros;
608 330 734 404 quia
757 339 814 386 et
833 342 979 384 verte
999 324 1253 383 utilitatis
1274 321 1522 378 notitiam
1551 336 1652 377 nos
1676 336 1786 391 Prae
1810 320 2024 375 caeteris
2052 371 2056 381 ,

2161 319 2686 397 οντεςδιαπτύουσιν
2706 332 2721 347 ⁸
2753 314 2847 379 οὓς
2877 310 2987 368 ἔδει
3017 313 3179 368 πλέον
3202 314 3378 371 ταῦτα
3403 314 3715 389 γεραίρειν,

457 424 713 483 omnibus
756 422 1049 495 pleniorem
1083 417 1395 481 hausimus;
1445 413 1644 484 quippe
1677 414 1768 484 qui
1804 425 1867 468 et
1907 428 2030 470 esse

2161 411 2268 481 ιτά
2322 409 2533 464 ἑαυτῶν
2590 406 2995 479 ἑτέρουςοὲπεὶ
3049 406 3145 459 καὶ
3189 405 3292 477 τὴν
3341 406 3551 473 γνῶσιν
3605 408 3722 460 τῶν

460 520 657 586 Deum,
690 526 745 573 et
772 516 1015 572 omnium
1046 526 1225 566 rerum
1257 522 1480 563 causam
1511 521 1635 563 esse
1659 506 2029 562 continentem

457 621 514 669 et
535 609 994 667 conservatricem
1019 602 1311 658 credimus.
1343 598 1483 665 Hoc,
1511 599 1758 669 inquam,
1786 599 1888 653 nisi
1904 597 2032 654 faci-

420 680 431 727 ί
466 720 625 766 mus,
675 715 855 756 nonne
904 711 1177 753 summum
1234 693 1532 766 impietatis
1571 702 1736 761 atque
1777 690 2029 747 atbeismi

458 794 670 849 culmen
697 790 973 846 tenemus!

531 971 623 1027 62.
659 971 888 1040 Dignum
915 967 1122 1038 iudico,
1152 965 1352 1021 idoneo
1376 976 1520 1018 nunc
1548 970 1813 1031 tempore,
1849 959 2034 1015 dicere

466 1064 637 1120 etiam
666 1062 938 1132 quodnam
971 1061 1026 1114 bi
1061 1059 1338 1114 hominum
1368 1070 1539 1126 genus
1578 1055 1720 1118 sint,
1755 1064 1811 1109 et
1842 1053 2032 1122 cuius-

467 1172 592 1211 nam
631 1157 758 1208 vitae
788 1168 852 1208 ac
884 1166 1093 1207 morum
1121 1168 1137 1217 ;
1182 1165 1246 1205 ac
1274 1148 1442 1203 veluti
1474 1147 1721 1216 catalogo
1762 1160 2035 1217 exponere

473 1247 653 1304 studia
683 1261 870 1300 eorum
904 1252 961 1299 et
998 1242 1419 1311 occupationes;
1467 1253 1697 1309 quorum
1728 1252 1795 1291 ex
1840 1237 1951 1291 vita
1981 1244 2037 1290 et

469 1337 696 1407 reliquis
744 1334 1042 1399 institutis,
1090 1334 1343 1402 dogmata
1386 1344 1603 1399 quoque
1634 1328 2036 1392 iuclarescent;

469 1443 707 1497 namque
731 1442 795 1481 ex
827 1426 1008 1480 fructu
1044 1424 1208 1478 arbor
1237 1430 1619 1493 cognoscetur.
1647 1418 1811 1489 Ergo,
1840 1425 1901 1473 ut
1921 1432 2040 1473 cer-

466 1522 686 1584 nimus,
730 1517 982 1588 plerique
1014 1516 1206 1569 ltorutn
1242 1513 1387 1575 nulla
1441 1512 1671 1566 scientia
1700 1518 1798 1564 aut
1820 1508 2037 1563 institu-

477 1612 629 1665 tione
652 1609 845 1663 imbuti
871 1618 1022 1672 suut,
1055 1614 1218 1674 atque
1252 1604 1367 1673 ipsa
1397 1601 1790 1657 elementorum
1822 1599 2036 1653 nomina

2131 502 2542 573 συμφερόντων,
2570 499 2680 552 τῶν
2703 497 2881 553 ἄλλων
2901 498 3160 551 ἁπάντων
3187 494 3353 549 πλέον
3384 496 3722 567 είλήφαμεν,

2131 591 2323 662 ὥσπερ
2368 592 2501 660 ἡμῖν
2534 589 2630 642 καὶ
2680 588 2762 641 ὅτι
2817 586 2933 640 ἔστι
2973 584 3130 647 Θεὸς,
3161 586 3259 638 καὶ
3291 583 3515 639 πάντων
3566 586 3725 638 αἰτία

2135 682 2428 751 συνεκτική
2480 697 2542 733 τε
2585 679 2682 733 καὶ
2719 676 3061 749 φρουρητικὴ
3103 675 3471 729 πεπίστευται
3495 692 3508 704 ⁸
3546 676 3728 730 ταῦτα

2133 780 2296 842 ποίας
2359 778 2707 849 παρανομίας
2788 776 2885 830 καὶ
2964 776 3155 839 ἀθεῖας
3236 774 3547 845 ὑπερϐολὴν
3622 773 3726 841 οὐχ

2137 871 2426 942 ύπεραίρει
2445 873 2459 924 l

2206 962 2306 1033 ξβ’.
2372 962 2555 1026 Ἄξιον
2591 960 2650 1015 δὲ
2688 955 2843 1029 οἶμαι
2885 958 3174 1021 ἐνστάντος
3213 953 3411 1025 καιροῦ
3439 953 3733 1008 καὶτοῦτο

2133 1055 2332 1117 εἰπεῖν,
2361 1053 2505 1116 τίνες
2546 1069 2607 1105 τε
2652 1045 2801 1104 οὗτοί
2847 1052 2978 1114 είσι,
3011 1053 3105 1103 καί
3144 1048 3245 1119 τῆς
3283 1048 3444 1110 ποίας
3488 1047 3731 1115 ἀγωγῆς

2135 1148 2233 1197 καὶ
2281 1142 2545 1213 βιώσεως,
2577 1141 2676 1195 καὶ
2715 1140 2792 1204 ὡς
2824 1142 2885 1193 ὲν
2923 1139 3211 1209 καταλόγῳ
3254 1138 3360 1191 τινί
3404 1139 3472 1190 τὰ
3511 1137 3732 1190 τούτων

2136 1232 2477 1305 ἀνακηρύξαι
2502 1232 2833 1305 φρονήματά
2866 1249 2927 1285 τε
2952 1232 3048 1285 καὶ
3073 1229 3489 1301 ἐπιτηδεύματα
3510 1245 3526 1261 ⁸
3559 1222 3637 1283 ὧν
3661 1230 3732 1282 ὲκ

2133 1326 2230 1379 τοῦ
2268 1324 2472 1395 τρόπου
2511 1323 2726 1378 καὶτοῦ
2758 1322 2873 1394 βίου
2904 1322 3000 1376 καὶ
3026 1323 3124 1392 τῆς
3147 1321 3315 1389 ἄλλης
3350 1321 3729 1391 ἀναστροφῆς.

2138 1417 2233 1471 καὶ
2262 1416 2330 1470 τὰ
2352 1413 2447 1469 τοῦ
2475 1415 2743 1485 δόγματος
2786 1412 3011 1484 ἐμφανῆ
3043 1413 3453 1483 καταστήσεται
3485 1429 3501 1444 ⁸
3526 1414 3593 1465 ἐκ
3619 1412 3736 1483 γὰρ

2135 1511 2232 1565 τοῦ
2285 1511 2501 1582 καρποῦ
2558 1511 2622 1565 τὸ
2657 1510 2875 1581 δένδρον
2907 1507 3309 1577 γνωσθήσεται.
3366 1509 3458 1571 Ὠς
3506 1506 3738 1578 δρῶμεν

2139 1605 2249 1675 γὰρ
2289 1605 2339 1657 ot
2377 1602 2599 1666 πλείους
2643 1602 2826 1656 αὐτῶν
2875 1599 3132 1669 γνώσεως
3174 1600 3208 1670 ἢ
3259 1599 3599 1662 παιδεύσεως
3631 1599 3743 1668 τῆς

468 1704 746 1773 ignorant,
772 1700 881 1754 imo
907 1698 1072 1753 etiam
1102 1709 1289 1751 earum
1313 1708 1495 1749 rerum
1521 1692 1793 1746 studiosos
1814 1689 2044 1744 subsan-

2161 1694 2394 1750 inwaoﬁv
2423 1697 2626 1766 ἥκιστα
2659 1692 3138 1764 μεταποιούμενοι,
3175 1692 3273 1744 καὶ
3303 1690 3414 1744 τῶν
3447 1692 3743 1759 στοιχείων

472 1804 610 1849 nant
647 1803 811 1861 atque
850 1788 1173 1858 obiurgant,
1224 1800 1345 1840 nam
1390 1783 1726 1852 disciplinam
1761 1791 1917 1850 atque
1953 1797 2046 1834 sa-

2144 1784 2328 1837 αὐτῶν
2380 1784 2482 1847 τὰς
2542 1783 2842 1852 ὀνομασίας
2891 1780 3250 1850 ἠγνοηκότες,
3300 1779 3402 1849 ήδη
3456 1779 3556 1832 καὶ
3604 1778 3745 1842 τοὺς

452 1879 727 1954 'pientiam
743 1882 889 1950 impii
913 1880 1195 1949 despicient
1220 1916 1237 1944 ,
1260 1877 1336 1931 uti
1367 1876 1633 1944 scriptum
1658 1880 1746 1929 est
1769 1873 1838 1926 ⁷³.
1864 1872 2048 1927 [ludes

2161 1871 2544 1942 ἀντεχομένους
2568 1870 2967 1942 μυκτηρίζουσι
2984 1870 3079 1923 καὶ
3097 1868 3384 1933 κακίζουσι
3405 1884 3422 1900 ⁸
3448 1867 3747 1922 Παιδείαν
3824 1870 3842 1883 ⁸

473 1990 607 2043 ergo
646 1990 770 2028 cum
821 1973 931 2026 sint
966 1981 1022 2024 et
1070 1969 1282 2039 ignari,
1322 1968 1755 2035 intemperanter
1807 1964 2047 2019 inconti-

2161 1964 2259 2033 γὰρ
2292 1962 2391 2017 καί
2444 1965 2671 2032 σοφίαν
2715 1962 2956 2028 ἀσεϐεῖς
3000 1960 3501 2026 ἐξουθενήσουσι,
3529 1962 3746 2032 γέγρα-

476 2075 783 2131 nenterque
812 2062 866 2116 in
901 2060 1046 2114 omni
1078 2059 1189 2112 vita
1220 2058 1432 2126 degunt
1464 2072 1479 2110 :
1516 2055 1831 2124 nullumque
1860 2052 2052 2122 nequi-

2161 2073 2284 2109 πται
2324 2072 2341 2088 ⁸
2380 2054 2614 2125 ἀμαθεῖς
2653 2054 2711 2110 δὲ
2754 2055 2907 2118 ὄντες
2954 2056 3050 2109 καὶ
3095 2054 3437 2120 ἀπαίδευτοι,
3470 2053 3746 2126 ἀκολασίᾳ

479 2158 569 2211 tiae
618 2168 798 2224 genus
846 2160 1138 2213 recusant,
1193 2150 1393 2204 suimet
1447 2158 1753 2212 amatores,
1811 2145 2052 2215 pecuniae

2161 2148 2247 2201 καὶ
2284 2148 2493 2218 ἀσωτίᾳ
2525 2146 2678 2217 παρά
2720 2145 2902 2200 πάντα
2942 2146 3034 2199 τὸν
3070 2146 3185 2214 βίον
3215 2147 3421 2209 συζῶσι
3454 2165 3468 2177 ⁸
3500 2148 3600 2201 καὶ
3636 2149 3746 2202 οὐκ

486 2247 694 2317 cupidi,
720 2245 865 2309 vani,
890 2242 1130 2312 superbi,
1170 2238 1468 2310 blasphemi
1505 2237 1639 2321 (Ἠ),
1670 2246 2056 2302 contumaces,

2161 2239 2298 2293 ἐστιν
2315 2240 2344 2292 ὃ
2364 2239 2441 2309 μὴ
2460 2240 2569 2293 τῶν
2594 2239 2817 2309 φαύλων
2846 2241 3031 2302 αὐτοῖς
3052 2239 3269 2309 αἱρετόν
3290 2240 3433 2301 ἐστιν,
3457 2240 3744 2307 φίλαυτοι,

478 2338 700 2409 ingrati,
735 2334 974 2405 profani,
1003 2333 1122 2387 sine
1161 2330 1447 2386 allectione
1477 2346 1544 2385 ac
1589 2329 1817 2417 laedere,
1849 2328 2055 2382 calum-

2161 2333 2488 2406 φιλάργυροι
2508 2373 2523 2399 ,
2578 2333 2838 2397 ἀλαζόνες
2860 2375 2876 2399 ,
2938 2333 3285 2404 ὑπερήφανοι
3313 2371 3329 2395 ,
3379 2331 3697 2403 βλάσφημοι
3724 2371 3745 2396 ,

478 2429 766 2492 niatores,
818 2424 1259 2486 incontinentes,
1311 2420 1479 2488 stevi,
1525 2421 1703 2474 omnis
1760 2420 1915 2474 bona:
1974 2417 2054 2472 rei

2161 2427 2425 2490 ἀπειθεῖς,
2466 2426 2777 2498 ἀχάριστοι,
2831 2425 3063 2489 ἀνόσιοι,
3118 2426 3405 2495 ἄστοργοι,
3455 2424 3787 2498 ἀσπονδοιν-

480 2534 694 2586 osores,
719 2515 983 2587 protervi,
1004 2525 1342 2585 arrogantes,
1372 2514 1665 2584 voluptatis
1693 2516 1870 2584 potius
1893 2527 2053 2583 quam

2161 2516 2417 2582 διάϐολοι,
2468 2496 2754 2587 ἀκρατεῖς,
2786 2514 3078 2585 ἀνήμεροι,
3120 2514 3484 2583 ἀφιλάγαθοι,
3530 2496 3750 2585 προπε-
3816 2541 3820 2545 <

480 2612 574 2668 Dei
600 2619 896 2665 amatores.
928 2606 1034 2662 Sed
1057 2622 1221 2677 parva
1251 2614 1379 2660 sunt
1406 2606 1543 2671 haec,
1575 2606 1791 2660 etiamsi
1819 2604 2056 2660 maxime

2161 2612 2291 2675 τεῖς,
2320 2610 2720 2681 τετυφωμένοι,
2742 2609 3016 2681 φιλήδονοι
3038 2607 3240 2679 μᾶλλον
3255 2608 3288 2677 ἢ
3304 2607 3548 2683 φιλόθεοι
3564 2625 3579 2638 ⁸
3596 2607 3750 2665 ἀλλὰ

483 2702 958 2775 reprehensibilia,
985 2701 1130 2768 apud
1159 2715 1280 2754 eum
1308 2700 1399 2769 qui
1426 2698 1729 2769 ltnjnsmodi
1750 2699 2055 2766 catalogum

2162 2701 2341 2773 μικρά
2371 2702 2568 2770 ταῦτα,
2605 2702 2789 2757 καίτοι
2818 2701 3054 2772 μέγιστα
3081 2702 3163 2764 είς
3195 2700 3560 2771 κατηγορίαν,
3585 2700 3752 2770 παρὰ

481 2794 831 2851 scribendum
878 2791 1130 2860 suscipit.
1164 2790 1370 2844 Addam
1403 2789 1565 2842 etiam
1593 2830 1609 2854 ,
1646 2788 1746 2843 bos
1773 2802 1895 2843 esse
1925 2796 2056 2843 eon-

2161 2796 2235 2867 τῷ
2280 2797 2585 2868 γεγραφότι
2639 2795 2868 2849 τουτωνὶ⁸
2902 2794 2997 2848 τὸν
3050 2794 3355 2868 κατάλογον
3389 2809 3405 2826 ⁸
3442 2793 3753 2864 προσθείην

482 2809 831 2851 θετωοιιιιικιι
878 2809 1130 2860 δυεειριι.
1164 2809 1370 2844 ΛιΙυἈΙΙΙ
1403 2809 1565 2842 οιιιιιη
1593 2830 1609 2854 ,
1646 2809 1746 2843 "08
1773 2809 1895 2843 esse
1925 2809 2058 2843 COII-
2156 2814 2235 2867 τῳ
2280 2809 2585 2868 γεγραφοτι
2639 2809 2868 2849 τουτωνὶ
2902 2809 2997 2848 τον
3050 2809 3225 2848 καταλ
3257 2809 3303 2862 γι

482 2887 773 2942 viciatores
797 2924 813 2951 ,
841 2882 1322 2946 immisericordiae,
1355 2880 1633 2949 iuratores
1667 2880 1893 2950 passim,
1933 2896 2058 2952 per-
2156 2889 2203 2943 δ’
2236 2887 2302 2943 ειν
2332 2888 2415 2943 ὅτι
2450 2888 2548 2941 καὶ
2583 2886 2815 2952 λοίδοροι
2861 2885 2957 2939 καὶ
2997 2809 3303 2952 ἀνελεήμῖν

479 2980 537 3052 in
548 2994 655 3044 ros,
686 2976 1005 3047 sacrilegos,
1034 2974 1394 3045 pompaticos,
1417 2988 1570 3027 vanae
1591 2973 1778 3045 gloria:
1803 2975 2054 3043 cupidos,

2161 2980 2429 3049 ἐπίορκοι,
2454 2977 2742 3049 ἱερόσυλοι,
2761 2975 3106 3047 φιλόκοσμοι,
3129 2975 3420 3045 φιλόδοξοι,
3448 2976 3747 3047 πρόσυλοι,

488 3069 722 3124 terrenis
748 3067 909 3122 rebus
931 3066 1199 3128 addictos,
1220 3064 1400 3119 anima
1419 3081 1480 3120 ac
1498 3077 1677 3129 mente
1696 3066 2053 3135 ellcminatos,

2162 3072 2433 3142 ἐμπαθεῖς
2483 3070 2583 3140 τὴν
2641 3068 2821 3139 ψυχὴν
2869 3069 2966 3122 καὶ
3022 3068 3124 3139 τὴν
3165 3068 3430 3134 διάνοιαν,
3463 3069 3751 3138 πάροινοι,

486 3161 756 3226 ebriosos,
785 3158 1053 3233 stupidos,
1092 3158 1344 3223 stolidos,
1380 3171 1633 3224 vesanos,
1670 3159 1920 3215 carnales
1940 3175 2056 3215 om-

2163 3160 2544 3234 παραπλῆγες,
2607 3162 2982 3231 παράφρονες.
3031 3160 3285 3229 ἀνόητοι,
3331 3164 3643 3229 σωματικοὶ⁵
3681 3162 3755 3216 τὸ

2156 2889 2203 2943 δ’
2236 2887 2302 2943 ἀν
2332 2888 2415 2943 ὃτι
2450 2888 2548 2941 καὶ
2583 2886 2815 2958 λοίδοροι
2861 2885 2957 2939 καὶ
2997 2884 3387 2955 ἀνελεήμονας,
3419 2884 3750 2957 πολύορκοι,
3835 2934 3840 2939 .

492 3256 626 3311 nino
667 3253 819 3309 etad
852 3252 1036 3307 intima
1060 3266 1286 3320 quaeque
1318 3265 1518 3321 pronos
1551 3268 1565 3304 :
1593 3253 1792 3305 mundo
1821 3261 2059 3306 et-mun-

490 3346 646 3403 dauis
674 3346 836 3400 rebus
858 3344 1139 3400 devinctos
1160 3380 1178 3407 ,
1212 3343 1386 3397 ventri
1419 3351 1629 3396 tantum
1657 3343 2017 3398 iuservientes
2038 3381 2056 3404 .

489 3448 547 3493 et
602 3438 842 3492 omnium
888 3435 955 3489 ad
1009 3443 1252 3489 ventrem
1303 3433 1693 3503 pertinentium
1746 3434 2057 3501 studiosos,

491 3539 675 3599 utpote
716 3525 1006 3597 pecudales
1037 3536 1092 3581 et
1125 3525 1530 3580 irrationalium
1565 3525 1863 3581 bestiarum
1893 3527 2057 3580 vitam

491 3621 835 3677 tctnnlantes.
870 3618 1011 3674 Sunt
1036 3628 1300 3689 praterea
1331 3628 1519 3689 turpes
1540 3618 1595 3673 in
1631 3618 1975 3684 occursibus,
2005 3619 2061 3673 in

492 3727 749 3770 sermone
780 3722 965 3768 autem
1002 3722 1059 3767 et
1086 3713 1505 3767 conversatione
1530 3712 1805 3782 turpiores
1836 3728 1851 3766 :
1880 3711 2061 3767 verbis

495 3818 785 3872 pugnaces,
821 3803 1100 3868 iracundi,
1126 3803 1481 3869 contentiosi,
1508 3801 1707 3873 iurgiis
1734 3803 2058 3874 gaudentes,

494 3902 551 3950 et
591 3892 767 3950 aliena
790 3896 911 3962 iura
948 3894 1286 3949 invadentes.
1315 3892 1483 3950 iidem
1529 3893 1823 3950 tribunalia
1855 3901 2061 3960 terunt,

494 3989 994 4046 controversiarum
1062 3989 1349 4058 liliumque
1421 3989 1691 4055 studiosi;
1750 3988 2061 4045 libellorum

496 4089 749 4135 auctores
773 4079 1086 4148 iniquorum
1106 4119 1121 4145 ,
1150 4080 1347 4150 quibus
1372 4080 1636 4137 adversus
1664 4081 1972 4148 proximum
1994 4079 2065 4135 ab

2165 3256 2274 3308 πᾶν
2306 3254 2404 3307 καὶ
2427 3253 2595 3323 ξκάτω
2631 3252 2878 3315 νεύοντες
2908 3269 2922 3283 ⁸
2955 3251 3144 3322 κόσμῳ
3191 3267 3249 3305 τε
3289 3253 3383 3306 καὶ
3415 3255 3529 3316 τοῖς
3557 3254 3617 3305 ἐν
3666 3253 3752 3322 τῷ

2165 3348 2359 3419 κόσμῳ
2392 3346 2719 3418 ἡττώμενοι,
2751 3347 2847 3399 καὶ
2868 3348 2935 3416 τῇ
2961 3345 3165 3416 γαστρὶ
3200 3345 3337 3416 μόνη
3368 3344 3749 3416 δουλούμενοι,

2166 3438 2260 3490 καὶ
2291 3438 2393 3490 ὅσα
2428 3437 2559 3507 περὶ
2605 3438 2705 3507 τὴν
2755 3436 2999 3506 γαστέρα
3041 3433 3459 3501 σπουδάζοντες,
3489 3429 3578 3487 οἶα
3613 3452 3755 3505 κτη-

2156 3530 2352 3593 ινώδεις
2377 3529 2471 3582 καὶ
2491 3529 2584 3582 τὸν
2628 3528 2737 3582 τῶν
2764 3528 2981 3596 ἀλόγων
3022 3528 3179 3592 ζώων
3216 3527 3339 3598 ,βίον
3371 3527 3749 3598 ζηλώσαντες.

2165 3622 2394 3692 Δίσχροὶ
2448 3621 2578 3691 περὶ
2622 3619 2722 3690 τὴν
2759 3619 3020 3684 ἔντευξιν,
3069 3620 3165 3674 καὶ
3214 3622 3313 3691 τὴν
3374 3622 3599 3691 ὁμιλίαν
3656 3624 3756 3677 καὶ

2168 3712 2459 3766 συνουσίαν
2508 3712 2851 3785 αίσχρότεροι
2883 3725 2899 3741 ⁸
2952 3714 3045 3765 καὶ
3100 3712 3194 3765 τὸν
3250 3712 3413 3781 λόγον
3465 3714 3708 3784 μάχιμοι
3735 3756 3755 3780 ,

2166 3802 2399 3875 ὀργίλοι,
2445 3803 2763 3873 φιλόνεικοι,
2822 3804 3023 3874 μάχαις
3081 3803 3387 3874 χαίροντες,
3440 3809 3536 3858 καὶ¹
3570 3806 3759 3871 δίκαις

2169 3896 2480 3967 ἀλλοτρίαις
2530 3895 2954 3965 ἐπεμϐαίνοντες
2984 3910 2999 3924 ⁸
3030 3894 3099 3949 τὰ
3140 3895 3472 3967 δικαστήρια
3517 3913 3756 3967 περιπο-

2170 3986 2411 4050 λούντες,
2458 3984 2753 4057 φιλέριδες,
2803 3985 3066 4056 φιλόδικοι
3094 4000 3109 4014 ⁸
3148 3984 3554 4059 γραμματείοις
3608 3987 3759 4057 φαύ-

2170 4077 2323 4145 λοις,
2381 4080 2440 4133 ὲν
2499 4072 2580 4143 οἷς
2629 4078 2737 4132 τῶν
2785 4078 3016 4149 πλησίον
3060 4080 3119 4132 al
3167 4079 3412 4134 διαϐολαὶ
3450 4081 3603 4151 παρὰ
3645 4081 3759 4135 τῶν

498 4172 763 4241 improbis
791 4178 1079 4227 struuntur
1112 4171 1438 4235 calumniae;
1473 4156 1682 4227 metunt
1721 4171 1813 4227 ubi
1844 4186 1950 4227 non
1976 4185 2056 4225 se-

2174 4168 2393 4238 φαύλων
2449 4169 2812 4235 συντίθενται,
2834 4167 3121 4238 χαίροντες
3154 4186 3169 4200 ⁸
3202 4170 3516 4241 θερίζοντες
3554 4165 3618 4225 οὗ
3679 4174 3757 4241 μὴ

495 4273 726 4329 verunt,
764 4271 1097 4334 congregant
1125 4262 1215 4317 ubi
1252 4277 1355 4317 non
1396 4270 1761 4332 sparserunt,
1789 4262 2056 4332 quodlibet

2175 4260 2473 4332 ἐσπειραν,
2499 4261 2595 4316 καὶ
2621 4261 2943 4329 συνάγοντιυ
2975 4252 3038 4315 οὗ
3064 4260 3140 4333 μὴ
3168 4261 3529 4333 ὲσκόρπισαν,
3573 4266 3758 4319 πᾶσαν

496 4356 873 4424 evangelicum
905 4354 1219 4417 mandatum
1242 4354 1482 4420 abolent,
1499 4368 1713 4411 omnem
1743 4352 2056 4410 canonicam

2176 4351 2542 4423 εὐαγγελικὴν
2581 4350 2801 4423 ἐντολὴν
2849 4350 3200 4417 ἀθετοῦντες,
3232 4353 3419 4423 πάσης
3461 4357 3760 4427 κανονικῆς

498 4446 823 4515 civilemque
847 4446 1292 4501 constitutionem
1312 4444 1610 4515 negligunt,
1627 4457 1789 4501 omne
1802 4445 2067 4515 spiritalis

498 4539 624 4593 vitae
653 4554 826 4606 genus
848 4541 1100 4592 abnuunt
1137 4551 1204 4591 ac
1244 4538 1592 4606 vituperant,
1620 4552 1785 4594 omne
1812 4537 2073 4593 ecclesia-

498 4632 693 4687 sticum
740 4634 1111 4703 magisterium
1142 4629 1565 4700 reprehendunt,
1599 4640 1826 4685 cunctas
1846 4637 2074 4699 aposto-

499 4723 674 4778 lorum
732 4721 1066 4792 Patrumqne
1122 4736 1284 4776 voces
1340 4729 1504 4789 atque
1541 4719 1937 4777 admonitiones
1977 4721 2075 4776 de-

499 4823 744 4884 spuunt;
780 4829 1077 4885 sacrosque
1108 4812 1306 4869 Libros
1338 4820 1556 4871 nostros
1589 4826 1690 4869 ceu
1741 4826 2069 4883 magnopere

571 4969 618 5002 ⁷³
636 4967 795 5023 Prov.
820 4983 858 5034 t,
880 4968 955 5029 29
1021 5025 1029 5031 ,

571 5126 1133 5198 (71)Cantacuzenus
1161 5127 1214 5181 in
1254 5125 1487 5191 Cantic.,
1521 5134 1580 5181 ut
1611 5140 1772 5181 unam
1813 5127 1893 5181 vel
1926 5126 2076 5198 alte-

496 5196 613 5252 ram
639 5197 817 5252 adhuc
835 5212 899 5251 ex
926 5213 992 5251 eo
1014 5200 1390 5266 auctoritatem
1416 5199 1714 5264 proferant:
1739 5199 1892 5250 Πᾶσα
1913 5196 2079 5266 βλασ-

500 5268 683 5339 φημία
711 5268 811 5338 τὴν
846 5264 1154 5339 φιλοδοξίαν
1193 5266 1367 5339 ἀρχῂν
1391 5267 1629 5339 ἔσχηκεν
1650 5283 1665 5298 ⁸
1701 5268 1833 5339 ὅπου
1865 5264 1929 5335 γε
1981 5268 2077 5339 καὶ

498 5335 529 5392 δ
550 5335 1081 5409 πρῶτοςγενόμενος
1105 5335 1255 5409 παρά
1284 5335 1418 5409 Θεοῦ
1440 5335 1750 5409 ἀνθρωπος,
1779 5338 1890 5409 ῐσος
1914 5336 2080 5409 ἀκοῦέ

501 5404 609 5461 σαί
641 5404 1074 5478 καταδεξάμενος
1123 5404 1377 5478 γενέσθαι
1428 5404 1585 5476 Θεῷ,
1638 5407 1740 5478 καὶ
1792 5407 2074 5478 ταύτῃλτῇ

503 5474 927 5549 συγκαταθέσει’
954 5478 1090 5549 πρὸς
1123 5474 1216 5530 τὸν
1244 5474 1529 5549 fremet;
1563 5474 2074 5549 βεϐλασφημηκὼς,

389 5580 397 5589 ο
502 5545 670 5629 αὐτὴν
691 5549 806 5629 ξτὴν
836 5545 1139 5629 φιλοδοξίαν
1163 5586 1178 5611 ,
1207 5545 1271 5629 τὸ
1298 5545 1555 5629 γενέσθαι
1576 5545 1875 5629 ίσοςΘέῷ,
1899 5545 2076 5629 ἀρχὴν

503 5616 637 5687 ἔσχε
658 5616 1166 5690 τῆςπαραὸἁσειος·
1199 5617 1383 5671 Omnis
1417 5616 1744 5686 blasphemia
1776 5616 2074 5688 a'superbia

2172 4446 2269 4498 καὶ
2300 4444 2528 4515 ἐννόμου
2551 4444 2914 4516 θεσμοθεσίας
2940 4445 3347 4526 ὑπερορῶντες,
3374 4449 3559 4501 πᾶσαν
3586 4466 3760 4503 πνευ-

2180 4535 2414 4607 ματικὴν
2436 4536 2716 4591 πολιτείαν
2733 4538 3153 4611 διακρουόμενοι
3168 4538 3264 4592 καὶ
3281 4540 3758 4607 κατονειδίζοντες,

2181 4630 2365 4683 πᾶσαν
2426 4630 2893 4703 ὲκκλησιαστικὴν
2968 4631 3324 4685 διδασκαλίαν
3384 4631 3758 4704 διασύροντες,

2185 4720 2367 4774 πᾶσαν
2395 4719 2761 4792 smmum
2793 4722 2892 4775 καὶ
2918 4722 3201 4794 [ἰατρικὴν
3226 4722 3412 4794 φωνὴν
3448 4728 3545 4776 καὶ
3574 4724 3763 4778 νουθεο

2181 4813 2303 4869 σίαν
2348 4813 2704 4880 διαπτύοντες
2725 4830 2740 4845 ⁸
2789 4818 2891 4881 τάς
2922 4833 2983 4870 τε
3027 4817 3181 4889 ἱερὰς
3216 4817 3379 4888 ἡμῶν
3416 4817 3658 4889 βίϐλους,
3688 4819 3764 4882 ὡς

2184 5130 2394 5182 initium
2451 5131 2696 5195 sumpsit.
2744 5128 2989 5201 Namque
3022 5142 3071 5185 et
3120 5132 3321 5201 primus
3366 5134 3518 5188 homo
3564 5152 3594 5187 η
3658 5135 3766 5190 Deo

2184 5211 2412 5261 creatus,
2443 5216 2558 5273 eum
2614 5201 2846 5253 audisset
2890 5217 3040 5266 posse
3076 5219 3131 5256 se
3186 5220 3364 5270 parem
3403 5206 3508 5257 Deo
3541 5206 3685 5273 ﬁeri,
3715 5217 3764 5260 et

2184 5273 2284 5322 Imc
2314 5272 2652 5337 persuasione
2678 5281 2943 5337 permotus
2972 5276 3224 5328 adversus
3258 5272 3587 5329 Altissimttm
3619 5275 3763 5328 blas-

2181 5339 2405 5407 phemia:
2444 5355 2588 5391 reum
2640 5355 2696 5392 se
2739 5340 2979 5406 fecisset,
3012 5342 3344 5408 superbiam,
3374 5345 3428 5398 id
3461 5354 3539 5399 est
3566 5346 3677 5401 Deo
3710 5362 3764 5400 se

2182 5409 2491 5483 exa'qaamji
2513 5409 2871 5473 anibisionem,
2902 5414 3337 5481 transgressionis
3368 5431 3478 5470 sua:
3504 5417 3759 5483 originem

2182 5476 2703 5554 (inbuit.__H-.t:reseon
2728 5490 2877 5554 certe
2896 5476 3135 5554 omnium
3149 5495 3391 5554 munirent
3418 5499 3541 5538 esse
3573 5476 3751 5554 s'uper-

2181 5548 2508 5626 biam,Adicit
2530 5550 2680 5626 apud
2712 5549 3098 5626 nosCyrillus,
3136 5551 3212 5607 De
3243 5552 3530 5622 Trinitate,
3552 5548 3678 5626 cap.
3708 5557 3758 5618 i,

2182 5633 2302 5673 cum
2334 5619 2636 5689 Augustino
2669 5617 2719 5672 in
2750 5617 2889 5675 Adii.
