4032 6208
1074 308 1705 398 ΑΝτιιιιιιιΕΤΙιῖιιδ
1742 336 1837 397 III
1876 337 1934 396 Ai

2036 385 2045 398 .
2087 337 2683 403 CONSTANTINUM
2724 341 2935 402 corn.
3024 318 3029 319 ί
3366 353 3376 369 ·
3526 344 3628 408 tat

369 331 483 396 493
550 301 561 309 ’

384 439 786 511 Ἰερουσαλήμ
814 460 828 474 ο
855 442 952 496 καὶ
981 443 1381 513 ambiamus"
1423 445 1640 513 ἀρτων,
1685 445 1787 501 καὶ
1820 446 1934 522 ἐγε-

2055 449 2239 503 bellum
2274 452 2536 517 patiemur
2561 491 2577 511 ,
2626 452 2864 520 tuba-que
2918 453 3143 507 sonitum
3192 470 3294 508 non
3332 456 3623 523 audiemus,

368 533 594 600 νόμεθα
624 535 900 602 χρηστοὶ,
940 536 1041 589 καὶ
1094 535 1249 589 κακὰ
1295 538 1405 590 οὐκ
1436 537 1676 606 δίδομεν
1700 554 1713 569 ’
1747 538 1847 591 καὶ
1868 538 1934 604 ὡς

2055 555 2147 591 nec
2188 542 2342 605 panis
2396 540 2673 609 penuriam
2722 542 3039 606 sentiemus,
3098 552 3145 596 et
3189 543 3303 598 illic
3358 546 3627 617 habitabi-

363 621 724 693 διελίπομεν
781 625 1107 695 θυμιῶντες
1143 626 1219 696 τῇ
1246 628 1599 700 βασιλίσσῃ
1627 628 1734 683 τοῦ
1772 630 1949 696 οὐρα-
2054 644 2168 682 mus
2195 629 2261 682 "'.

362 715 505 777 νοῦ.
536 716 960 787 ήλαττώθιιμεν
983 718 1226 784 πάντες,
1257 720 1355 773 καὶ
1386 720 1456 773 ἐν
1474 721 1742 790 ῥομφαίᾳ
1774 720 1962 774 καὶέν
1997 719 2150 788 λιμῷ
2180 720 2573 789 ἐξελίπομενσ
2644 722 2731 776 ἔτι
2756 723 2906 792 πρὸς
2953 725 3184 792 τούτοις
3218 728 3290 782 οὐ
3350 727 3436 798 μὴ
3490 732 3630 785 καθ-

364 808 599 878 ίσωμεν
628 810 700 863 ἐν
738 809 817 878 τῇ
876 810 954 880 γῇ
991 815 1179 882 ταύτῃ
1244 813 1395 882 πρὸς
1456 813 1525 869 τὸ
1570 813 1659 884 μὴ
1701 814 1958 869 ἀκοῦσαι
1996 812 2204 883 φωνῆς
2267 816 2508 882 Κυρίου,
2533 815 2622 868 ὅτι
2653 819 2740 882 εις
2776 817 2894 887 γῆν
2948 821 3251 890 Αἰγύπτου
3279 824 3629 878 είσελευσό·

358 904 563 969 psam,
600 902 698 956 καί
724 905 797 957 οὐ
836 903 924 971 μὴ
983 904 1203 974 ἴδωμεν
1255 908 1545 976 πόλεμον,
1605 906 1703 961 καὶ
1743 905 1951 975 φωνῆς
1988 905 2325 976 σάλπιγγος
2392 909 2465 963 οὐ
2498 908 2584 977 μὴ
2646 910 3020 981 ἀκούσωμεν,
3081 913 3179 968 καὶ
3211 915 3282 969 ἐν
3321 915 3519 984 ἄρτοις
3554 920 3628 972 οὑ

358 993 451 1062 μὴ
487 992 870 1062 πεινάσωμεν
896 995 993 1049 καὶ
1014 995 1143 1050 ἐκεῖ
1172 998 1525 1067 οίκήσομεν.

440 1105 537 1171 ξδ’.
570 1105 811 1160 Τοιαῦτα
832 1107 897 1177 δὴ
960 1108 1055 1161 καὶ
1107 1109 1180 1162 τὰ
1238 1110 1451 1173 τούτοις
1491 1108 1853 1181 παραπλήσια
1888 1110 1934 1162 ἐ)

2120 1105 2209 1161 64.
2259 1105 2383 1163 Haec
2424 1117 2479 1163 et
2526 1108 2610 1165 his
2641 1110 2839 1167 similia
2869 1128 2936 1168 ex
2973 1115 3116 1170 man
3144 1118 3326 1173 cordis
3371 1119 3626 1177 thesauro

362 1195 464 1248 τοῦ
500 1196 743 1266 πονηροῦ
771 1198 1050 1269 θησαυροῦ
1078 1198 1181 1268 τῆς
1226 1200 1456 1271 καρδίας
1486 1200 1927 1271 ἀπερευγόμενοι

2046 1204 2398 1262 eructantes,
2463 1208 2672 1253 rectum
2731 1210 2975 1256 nostrum
3034 1214 3090 1257 et
3148 1205 3625 1276 irreprehensibile

368 1285 863 1357 xarazpluapoﬁotv
903 1289 1062 1360 ήμῶν
1097 1291 1198 1359 τῆς
1250 1290 1423 1362 ὀρθῆς
1465 1291 1561 1344 καὶ
1620 1289 1934 1360 ἀδιαὸλήτοι

2048 1285 2238 1354 dogma
2274 1286 2524 1352 irrident,
2555 1290 2825 1361 simulque
2848 1293 2958 1348 Deo
2982 1294 3203 1351 odibilis
3231 1297 3490 1356 Mamonte
3519 1301 3626 1359 ilde

365 1376 530 1447 δόξης
554 1393 569 1408 ’
639 1379 1060 1449 φιλοτιμοῦνται
1102 1383 1160 1436 δὲ
1192 1384 1289 1436 ἐπὶ
1323 1385 1390 1453 τῇ
1419 1374 1515 1436 τοῦ
1550 1384 1807 1453 Μαμωνᾶ
1840 1381 1932 1436 θεο

2057 1376 2394 1446 gloriantur:
2447 1380 2764 1438 felicitatem
2817 1385 3088 1454 iactantes
3144 1403 3268 1444 esse
3321 1393 3622 1462 nequitiam

367 1472 564 1537 στυγεί
600 1470 785 1524 πίστει
806 1487 819 1500 ο
861 1473 1168 1544 εὐημερίαν
1196 1474 1294 1544 τὴν
1328 1476 1541 1529 ἐκείνου
1563 1475 1934 1546 ἀνοσιουργίαι

2052 1467 2170 1536 ejus
2193 1507 2209 1533 ,
2240 1479 2425 1539 utpote
2453 1486 2521 1526 ex
2555 1472 2659 1528 hac
2694 1476 2832 1531 bene
2863 1478 3054 1533 nutriti
3085 1517 3101 1544 ,
3137 1488 3193 1534 et
3226 1481 3625 1540 abundantiore

371 1559 750 1628 ἑπαυχοῦντες
771 1578 788 1596 ο
821 1562 1014 1634 ῶσπερ
1045 1565 1103 1618 ὲν
1140 1565 1312 1636 ταύτῃ
1347 1566 1821 1637 ὲνευθηνούμενοι,
1858 1569 1934 1620 κα¹

2051 1561 2204 1629 copia
2238 1572 2348 1616 tum
2383 1565 2621 1619 triticum
2654 1577 2761 1621 tum
2791 1571 3102 1625 necessaria
3129 1572 3232 1626 alia
3260 1575 3623 1648 redituentes;

364 1649 592 1722 ἀριθμῷ
626 1652 833 1707 πλείονι
887 1654 983 1708 τόν
1013 1671 1073 1707 τε
1106 1658 1254 1710 σῖτον
1293 1657 1389 1710 καὶ
1424 1656 1593 1711 τᾶλλα
1621 1659 1792 1712 ὁπόσα
1838 1658 1934 1712 τῶι

2050 1665 2229 1721 neque
2271 1653 2325 1707 id
2356 1666 2636 1726 acceptum
2684 1659 2948 1714 bonorum
2982 1664 3226 1719 omnium
3271 1671 3481 1723 auctori
3513 1669 3621 1725 Deo

367 1741 699 1813 ἐπιτηδείων
727 1744 1092 1817 ἐξωνούμενοι
1122 1764 1139 1779 ο
1173 1747 1275 1801 οὐκ
1308 1749 1403 1802 ἐπὶ
1442 1748 1521 1819 τῷ
1558 1749 1682 1821 Θεῷ
1702 1749 1781 1821 τῷ
1809 1752 1934 1804 πάν-

2055 1742 2372 1808 referentes,
2407 1761 2584 1816 neque
2618 1749 2737 1804 vita:
2769 1761 2969 1807 nostrae
2998 1755 3264 1822 provisori
3296 1767 3349 1812 et
3377 1762 3618 1817 curatori

366 1849 479 1886 των
512 1833 736 1902 ἀγαθῶν
790 1836 1133 1908 παρεκτικῷ,
1166 1839 1261 1893 καλ⁸
1295 1841 1393 1910 τῆς
1433 1840 1557 1894 καθ’
1611 1842 1766 1912 ήμᾶς
1801 1841 1934 1913 ζωῆς

2050 1833 2278 1902 gratiam
2312 1836 2623 1893 reddentes.
2671 1841 2894 1899 Deﬁciet
2926 1860 3023 1900 nos
3058 1854 3270 1916 tempus
3298 1861 3462 1920 atque
3487 1867 3616 1907 ora-

365 1928 645 1997 προνοητῇ
682 1927 777 1981 καὶ
808 1928 1070 1998 κηδεμόνι
1121 1930 1222 1999 τὴν
1251 1931 1414 2002 χάριν
1454 1932 1828 1996 ἀνατιθέντες.
1870 1933 1934 1988 Τί

2051 1924 2128 1979 tio
2166 1925 2212 1980 si
2245 1926 2370 1982 talia
2402 1943 2817 2002 persequemur.
2844 1934 2978 1991 Nam
3016 1954 3136 2009 qum
3173 1941 3372 2012 linguae
3400 1955 3622 2012 possent

362 2018 477 2086 χρὴ
499 2016 570 2069 τὰ
591 2017 764 2072 πολλά
788 2017 999 2086 λέγειν;
1019 2020 1294 2091 ἐπιλείψει
1310 2022 1419 2093 γὰρ
1440 2025 1694 2094 ἡμᾶςκαὶ
1709 2025 1738 2077 ὁ
1754 2026 1949 2096 χρόνος

364 2107 464 2161 καὶ
489 2109 518 2160 ό
546 2107 708 2176 λόγος
726 2109 903 2165 ταῦτα
923 2111 1223 2179 διεξιόντας
1245 2129 1262 2146 ο
1295 2115 1461 2170 πόσαι
1487 2116 1597 2189 γὰρ
1620 2117 1687 2170 ἂν
1703 2117 1947 2187 γλῶσσαι

360 2197 465 2267 τὴν
508 2198 721 2254 τούτων
763 2200 1071 2272 ἐξήρκεσαν
1104 2203 1348 2268 ἐξειπεῖν
1372 2206 1710 2277 δυστροπίαν
1759 2226 1819 2262 τε
1851 2210 1947 2263 καὶ

363 2289 706 2358 κακοήθειαν
732 2308 747 2358 ;
776 2290 896 2356 ἐξὸν
923 2292 981 2346 ἒν
997 2294 1121 2349 ἀντὶ
1142 2294 1364 2350 πάντων
1389 2298 1566 2351 εἰπεῖν
1597 2299 1694 2352 καὶ
1739 2300 1801 2353 τὸ
1838 2301 1946 2354 πᾶν

360 2381 738 2452 παραστῆσαι,
787 2383 869 2436 δτι
926 2402 946 2435 ι
1017 2385 1226 2439 Κακῶν
1274 2387 1614 2443 διδασκάλων
1673 2391 1823 2445 κακά
1874 2392 1945 2447 τὰ

363 2472 694 2543 μαθήματα,
726 2475 927 2545 μᾶλλον
964 2475 1021 2530 δὲ
1049 2477 1305 2549 πονηρῶν
1346 2482 1685 2551 σπερμάτων
1723 2484 1941 2555 πονηρά

357 2561 436 2615 τὰ
483 2562 771 2632 γεώργια’
823 2583 843 2617 ι
903 2565 941 2619 ἃ
993 2558 1112 2640 γὰρ’
1144 2570 1345 2633 αὐτοὺς
1389 2570 1418 2622 ὀ
1454 2570 1547 2624 τοῦ
1606 2572 1942 2643 Εὑαγγελίου

318 2672 321 2673 ν
359 2651 671 2720 ἀντίθετος,
694 2655 907 2727 καὶτῆς
936 2657 1218 2721 εὐσεσείας
1239 2658 1436 2730 ἐχθρὸς
1468 2661 1563 2715 καὶ
1601 2662 1938 2735 ἀποστάτης,

358 2742 392 2794 ὁ
418 2746 662 2813 dmpsit;
701 2746 810 2800 τῶν
840 2747 1098 2813 ζιζανίων
1140 2748 1408 2823 ἐμύησεν.
1441 2752 1499 2805 ὲν
1537 2754 1651 2816 τοῖς
1690 2755 1940 2826 ἀπορρή-

357 2849 480 2898 τοις
499 2836 714 2889 ὲκείνου
736 2839 829 2892 καὶ⁹
850 2840 1086 2903 ἀνοσίοις
1103 2841 1523 2911 τελισκομένους
1543 2843 1937 2913 τελεστηρίοις,

356 2923 540 3004 ταῦτα
595 2928 691 2979 καὶ
753 2929 1044 3000 φρονοῦσιν
1072 2946 1086 2962 ·
1148 2932 1242 2985 ἐπὶ
1318 2932 1530 2996 τούτοις
1580 2935 1631 2987 οἱ
1688 2934 1939 3006 δύστηνοι

359 2998 688 3087 στέργουσιν
774 2998 1168 3093 ὲτναυξηθέντες
1242 3023 1338 3079 καὶ
1409 2998 1935 3098 τελεσφορηθέντες’

2048 2015 2245 2070 borum
2279 2021 2694 2087 perversitatem
2739 2024 3111 2097 malitiamque
3136 2034 3441 2088 enarrare?
3471 2035 3619 2090 Satis

2047 2116 2131 2161 est
2160 2122 2323 2162 unum
2356 2110 2530 2165 instar
2559 2115 2801 2169 omnium
2841 2117 2909 2171 ad
2941 2119 3247 2176 universam
3289 2137 3399 2177 rem
3434 2126 3616 2181 ιΙοιΙει-

2048 2196 2273 2251 randam
2303 2199 2488 2255 dicere
2520 2222 2533 2256 :
2563 2219 2582 2253 ι
2620 2202 2880 2259 Malorqu
2908 2207 3190 2264 doctorum
3226 2212 3383 2268 mala:
3410 2214 3618 2273 doctri-

2047 2299 2129 2339 nae
2152 2300 2166 2350 ;
2193 2284 2275 2339 vel
2308 2286 2573 2343 malorum
2605 2292 2873 2347 seminum
2907 2295 3046 2349 mala
3071 2311 3246 2368 seges.
3286 2319 3306 2353 ι
3341 2299 3475 2357 Nam
3499 2321 3619 2375 qua:

2046 2375 2171 2432 illos
2204 2376 2483 2449 Evangelii
2513 2382 2865 2439 adversarius
2892 2426 2907 2451 ,
2944 2402 3090 2443 verse
3135 2391 3414 2461 religionis
3445 2394 3618 2453 hostis

2043 2475 2099 2521 et
2128 2480 2374 2538 apostata
2398 2511 2413 2537 ,
2446 2472 2782 2528 zizaniorum
2810 2485 2981 2546 sator,
3015 2479 3066 2533 in
3100 2484 3315 2540 areanis
3353 2489 3466 2541 suis
3495 2501 3615 2543 sce-

2044 2558 2306 2631 lestisque
2325 2562 2723 2621 initiationibus
2736 2569 2937 2635 docuit,
2954 2572 3067 2628 hace
3091 2584 3272 2631 mente
3290 2578 3547 2650 retinent,
3564 2582 3616 2638 in

2043 2652 2129 2706 his
2180 2652 2432 2709 laetantur
2488 2657 2671 2713 miseri
2723 2674 2783 2714 se
2830 2673 3226 2723 consectaneos
3284 2671 3613 2731 adolevisse.

2041 2743 2268 2800 Acerba:
2308 2746 2658 2816 exitiosaaque
2706 2752 2876 2820 spinae
2917 2765 3109 2811 contra
3136 2755 3468 2816 ‘Ecclesiam
3522 2766 3612 2821 Dei

2041 2846 2471 2902 succreverunt,
2506 2852 2703 2908 purum
2738 2843 3123 2916 sincerumque
3176 2850 3392 2919 pietatis
3425 2869 3613 2912 semen

2040 2926 2391 2984 suil‘oeantes.
2424 2929 2575 2987 Hanc
2599 2936 2744 2988 enim
2777 2934 2847 2990 ob
2883 2952 3103 2993 causam
3128 2956 3225 2998 eos
3247 2943 3493 3003 diabolus
3519 2965 3616 3003 ex.

2039 3021 2228 3075 citavit
2255 3023 2536 3091 subulcos,
2569 3025 2867 3096 Opilioues,
2896 3030 3192 3099 bubulcos,
3225 3035 3392 3105 harae,
3431 3040 3613 3096 stabu-

358 3108 563 3179 πικραὶ
607 3110 702 3163 καὶ
743 3111 1028 3181 λοιμώδεις
1079 3113 1315 3168 ἄκανθαι
1347 3118 1413 3187 τῇ
1476 3116 1776 3189 Ἐκκλησία
1831 3117 1928 3172 τοῦ

2038 3112 2251 3182 lorum,
2278 3116 2564 3184 caprilium
2591 3159 2607 3184 ,
2642 3128 2696 3174 et
2731 3119 3024 3190 cujuslibet
3053 3125 3211 3195 hujus
3251 3128 3408 3202 133
3440 3147 3609 3201 gene-

356 3199 501 3253 Θεοῦ
546 3201 1008 3273 παραπεφύκασι,
1046 3202 1140 3259 τὸν
1182 3204 1425 3277 καθαρὸν
1455 3207 1553 3261 καὶ
1598 3208 1784 3273 ἀδολον
1835 3212 1937 3282 τῆς

357 3286 651 3353 εὐσεϐείας
722 3291 1255 3364 καταλυμαινόμενοι
1306 3296 1553 3366 σπόρον*
1604 3299 1692 3367 ἐφ’
1741 3293 1786 3366 ᾧ
1825 3301 1935 3372 γὰρ

358 3375 563 3440 αὐτοὺς
618 3379 978 3451 συοφορσοὺς,
1037 3383 1342 3453 μηλοδότας
1378 3402 1439 3439 τε
1488 3388 1584 3441 καὶ
1619 3388 1931 3460 βοονόμους,

358 3469 462 3539 τῆς
513 3469 805 3535 συοόοσίας
856 3475 951 3526 καὶ
994 3473 1106 3528 τῶν
1145 3475 1478 3544 βοοστασίων
1511 3480 1606 3531 καὶ
1639 3479 1927 3544 αίπολίων,

360 3556 461 3613 καὶ
497 3559 601 3631 τῆς
633 3560 804 3633 ἀλλης
854 3560 1184 3636 συνήγειρεν
1222 3566 1449 3636 ἀλογίας
1493 3567 1590 3622 καὶ
1620 3569 1928 3641 ἀκοσμίας·

355 3650 503 3706 ὥστε
554 3654 757 3717 αὐτοὺς
809 3654 1107 3726 κηνὼδεις
1151 3673 1215 3725 γε
1264 3657 1427 3723 ὄντας
1490 3661 1585 3714 καὶ
1640 3662 1933 3732 ἀγροικίας

362 3742 572 3806 ἱκανῶς
624 3744 877 3815 ἔχοντας,
931 3746 1027 3799 καὶ
1078 3744 1231 3810 θείας
1277 3747 1480 3819 ήκιστα
1524 3751 1931 3821 μετεσχηκότας

353 3831 643 3901 γνώσεως,
687 3835 1065 3906 ὑπηρετήσειν
1087 3836 1256 3891 αὐτοῦ
1286 3840 1397 3902 τοῖς
1427 3838 1610 3902 ἀθέοις
1638 3842 1732 3895 καὶ
1757 3858 1927 3913 πονη-

354 3925 476 3993 ροῖς
499 3924 899 3995 ἐπιτηδεύμασι
923 3926 1021 3980 καὶ
1047 3925 1371 3998 θελήμασιν.
1399 3929 1457 3981 ἐν
1489 3929 1664 3998 τούτῳ
1693 3931 1842 4001 αὑτῷ
1868 3932 1928 3984 τὸ

351 4017 632 4085 χρήσιμον
658 4018 1042 4088 ἀπηνέγκαντο
1060 4019 1276 4082 ·ὃπλοις
1292 4019 1401 4090 γὰρ
1434 4021 1618 4085 αὐτοῖς
1635 4022 1729 4075 καὶ
1756 4023 1927 4093 ὀργά·-

350 4122 469 4168 νοις
499 4108 797 4179 ἐχρήσατο,
825 4110 886 4161 οὑ
912 4108 1222 4180 βαρϐάρους
1239 4110 1648 4181 τροπώσασθαι,
1672 4113 1774 4166 οὐκ
1798 4112 1924 4184 ἔθνη

351 4197 749 4267 χειρώσασθαι,
781 4201 841 4253 οὐ
857 4199 1040 4271 χώραν
1057 4201 1155 4273 τὴν
1178 4201 1448 4271 πολεμίαν
1474 4200 1752 4274 ύπόφορον
1769 4205 1927 4275 ποιή-

354 4287 579 4352 σασθαι,
606 4289 709 4343 οὐκ
724 4289 854 4343 ἀλλο
880 4290 1033 4345 οὐδὲν
1060 4295 1201 4345 κατά
1225 4292 1335 4346 τῶν
1355 4293 1676 4348 ἀντιπάλων
1704 4310 1921 4365 κατωρ-

352 4378 590 4435 θωκέναι
610 4399 625 4413 ·
648 4381 786 4435 ἀλλά
821 4384 931 4436 πᾶν
959 4383 1020 4436 τὸ
1054 4384 1294 4449 εὐσεὸὲς,
1319 4386 1443 4439 καθ’
1468 4379 1545 4439 ὦν
1605 4386 1808 4450 αὐτοὺς
1837 4386 1924 4451 ἐξ·

2037 3206 2115 3261 ris
2144 3205 2389 3262 colluviei
2415 3211 2971 3280 atqueimmunditim,
2996 3226 3050 3270 ut
3077 3217 3130 3272 hi
3162 3220 3367 3278 scilicet
3389 3225 3609 3282 belluini

2033 3298 2439 3369 plurimumque
2492 3303 2746 3360 ruditatis
2792 3305 3093 3373 habentes,
3155 3309 3361 3383 Deique
3412 3319 3606 3373 uetitia

2034 3390 2268 3444 maxime
2293 3391 2475 3458 alieni,
2512 3396 2691 3461 pravis
2716 3396 2835 3466 ejus
2863 3407 2917 3454 et
2957 3395 3282 3473 irreligiosis
3319 3409 3515 3463 studiis
3543 3425 3607 3464 ac

2034 3477 2402 3535 voluntatibus
2437 3483 2837 3551 subservirent,
2870 3487 2922 3541 in
2967 3490 3069 3544 hoc
3111 3491 3159 3546 ei
3214 3495 3605 3562 gratificantes.

2032 3565 2209 3623 lustar
2235 3571 2441 3642 quippe
2464 3587 2740 3630 armorqu
2780 3585 2834 3630 et
2867 3577 3357 3638 instrumentorum
3389 3585 3474 3641 his
3505 3588 3603 3642 ho-

2032 3660 2268 3718 minibus
2311 3664 2516 3719 abusus
2565 3674 2680 3731 est,
2725 3682 2831 3723 nou
2874 3669 2941 3725 ad
2994 3671 3257 3730 barbaros
3303 3675 3604 3747 fugandos.

2030 3763 2221 3821 gentes
2247 3754 2576 3821 domandas,
2604 3758 2885 3826 regionem
2924 3760 3173 3819 hOStilem
3204 3767 3304 3821 sub
3341 3767 3605 3824 tributum

2030 3845 2399 3915 redigendum,
2425 3846 2639 3904 aliudve
2659 3850 2954 3921 quidquam
2980 3854 3241 3913 adversus
3263 3857 3446 3915 hostes
3469 3861 3605 3917 bene

2028 3936 2324 4002 gerendum
2345 3975 2359 4000 ,
2391 3936 2486 3991 sed
2513 3938 2579 3991 ad
2610 3939 2869 4006 pietatem
2898 3955 3112 3998 omnem
3144 3983 3160 4009 ,
3213 3956 3405 4002 contra
3438 3963 3601 4018 quam

2027 4023 2150 4078 illos
2176 4027 2409 4082 armavit
2438 4068 2452 4093 ,
2496 4032 2913 4100 expugnandam
2959 4049 2977 4087 :
3003 4043 3084 4100 ut,
3115 4044 3369 4107 tauquam
3400 4040 3600 4096 arietes

2027 4116 2261 4171 murales
2292 4118 2606 4185 admovens,
2637 4120 2841 4176 Christi
2876 4123 3170 4182 Eeclesiam
3204 4142 3303 4198 per
3345 4144 3439 4185 eos
3468 4147 3603 4201 qua-

2030 4214 2199 4269 teret,
2235 4215 2288 4260 et
2324 4209 2566 4277 symbola
2606 4224 2671 4264 ac
2701 4224 3049 4268 monumenta
3091 4216 3351 4272 salutaris
3385 4217 3599 4274 Domini

2025 4296 2446 4363 incarnationis,
2481 4300 2645 4369 impie
2678 4311 2728 4357 et
2765 4303 2969 4360 furiose
2997 4307 3289 4364 admodum
3320 4310 3600 4366 subverte-

2028 4398 2127 4445 ret.
2176 4387 2470 4459 Propterea
2515 4393 2835 4463 templorum
2884 4397 3263 4467 spoliationem
3311 4415 3375 4457 ac
3407 4402 3594 4471 profa-

349 4468 555 4524 ὥπλισε
580 4473 1041 4544 παραστήσασθαι
1059 4474 1179 4528 ’καὶ
1202 4474 1450 4545 καθάπερ
1474 4477 1719 4547 μηχανὰς
1742 4477 1924 4531 ἑλεπό-

2036 4457 2305 4535 nationem
2352 4457 2638 4538 Mamonas
2667 4500 2833 4541 ausus
2876 4457 2993 4554 est,
3033 4498 3089 4544 et
3130 4457 3435 4546 habitacula
3482 4493 3592 4548 da:-

349 4560 466 4622 λεις
487 4562 831 4631 ἐπαγόμενος
879 4562 978 4633 τὴν
1014 4563 1252 4632 Χριστοῦ
1292 4564 1619 4635 Ἐκκλησίαν
1643 4565 1708 4618 δι’
1743 4567 1923 4620 αὐτῶν

2036 4587 2247 4626 menum
2288 4587 2354 4627 ex
2396 4576 2740 4632 monasteriis
2771 4577 2989 4646 eil‘ecit;
3020 4581 3233 4637 stabula
3271 4590 3431 4653 atque
3455 4592 3597 4640 ster-

347 4652 724 4723 ὲκπορθῆσαι,
759 4654 829 4706 τά
873 4670 932 4706 τε
965 4653 1211 4723 σύμϐολα
1265 4658 1359 4709 καὶ
1403 4658 1774 4727 ὑπομνήματα
1823 4658 1923 4727 τῆς

2036 4664 2249 4732 quilinia
2281 4665 2332 4741 in
2373 4666 2616 4722 ecclesiis
2650 4667 2741 4723 Dei
2775 4671 2993 4736 statuit;
3029 4688 3257 4741 quorum
3293 4652 3593 4730 facinorum

349 4744 628 4814 σωτηρίου
669 4744 837 4797 αὐτοῦ
867 4746 1203 4816 οἰκονομίας.
1239 4747 1416 4811 ἀθέως
1454 4748 1549 4801 καὶ
1582 4749 1722 4816 ἄγαν
1759 4765 1918 4818 μανι-

2036 4768 2157 4823 pars
2184 4765 2373 4811 nostro
2406 4757 2582 4813 adhuc
2617 4768 2858 4831 tempore
2890 4764 3147 4830 perdurat
3173 4764 3421 4820 visibilis.
3452 4766 3595 4822 Non-

344 4835 461 4898 κῶς
507 4836 1023 4907 καταστρέψασθαι⁸
1087 4836 1290 4892 τούτων
1353 4839 1561 4904 ἕνεκεν,
1646 4838 1919 4910 ἱεροσυλία

2036 4842 2170 4896 nulla
2208 4843 2445 4915 denique
2479 4861 2635 4902 sacra
2679 4850 2795 4903 loca
2844 4851 3008 4904 etiam
3044 4867 3178 4908 auro
3227 4865 3433 4910 contra‘
3461 4871 3593 4911 ven-

344 4927 545 4998 ικείνῳ
576 4928 905 4999 τετόλμηται
946 4929 1042 4982 καὶ
1077 4929 1184 4982 τῶν
1218 4928 1378 4984 θείων
1402 4930 1547 4987 ναῶν
1570 4931 1873 5002 βεϐήλωσις
1901 4947 1915 4963 ·

2036 4932 2193 4999 didit;
2230 4934 2391 5004 idque
2413 4951 2741 5006 magnopere
2772 4940 3009 4996 clamant
3036 4942 3178 4999 Flori
3211 4952 3266 5000 et
3294 4944 3590 5002 Callistrati

343 5020 645 5089 οίκητήρια
696 5021 804 5092 γάρ
853 5023 1037 5077 αὐτῶν
1075 5023 1143 5078 τὰ
1185 5025 1522 5096 μοναστήρια
1578 5022 1914 5093 πεποίηκενσ

2036 5026 2289 5095 ιρροιιιιιιι
2319 5029 2653 5084 monasteria
2686 5031 2824 5101 (7i).

345 5111 686 5167 ίπποστάσια
725 5113 782 5168 δὲ
823 5115 917 5168 καὶ
984 5114 1275 5184 κοπρῶνας
1319 5115 1418 5178 τὰς
1452 5112 1747 5186 ἐκκλησίας
1810 5112 1906 5168 τοῦ
1945 5113 2081 5168 Θεοῦ
2141 5118 2517 5189 κατεστήσατο
2546 5135 2560 5149 ·
2613 5113 2689 5178 ὧν
2752 5122 2820 5177 τά
2892 5128 3307 5201 περιττώματα,
3360 5130 3456 5181 καὶ
3504 5127 3589 5195 ἐφ’

344 5206 502 5276 ήμῶν
536 5207 719 5260 αὐτῶν
739 5208 1029 5280 διήρκεσεν
1053 5211 1505 5280 ὲπιχρονίσαντα’
1525 5208 1641 5263 εστι
1671 5208 1730 5264 δὲ
1756 5208 1793 5264 ἃ.
1813 5211 1906 5265 καὶ
1943 5211 2168 5282 χρυσίου
2232 5211 2462 5267 ἀπέδοτο
2494 5218 2735 5285 σεμνεία,
2770 5219 2864 5272 καὶ
2923 5218 3087 5290 βοῶσι
3121 5223 3263 5293 μέγα
3285 5221 3351 5273 τά
3383 5217 3589 5272 ὲπώνυυ

347 5314 426 5370 μα
448 5298 672 5371 Φλώρου
713 5300 809 5354 καὶ
832 5300 1242 5374 Καλλιστράτου
1280 5302 1643 5373 μοναστήρια.

417 5454 466 5487 ’⁸
494 5453 697 5512 Jerem.
730 5460 873 5523 χιιι,
909 5456 1095 5513 lii—l9.

420 5634 531 5715 (7})
578 5631 780 5693 Horum
831 5634 1281 5692 monasteriorum
1322 5632 1510 5689 notitia
1580 5641 1663 5688 est
1700 5633 1753 5687 in
1799 5631 2252 5704 Constantinopoli
2320 5635 2661 5703 Christiana,
2712 5637 2806 5692 lib.
2860 5654 2931 5702 IV,
2998 5637 3087 5694 ed.
3133 5638 3304 5694 Paris.
3342 5653 3395 5711 p.
3444 5639 3565 5715 ιδδ,

345 5714 397 5760 et
435 5705 552 5762 156.
598 5738 605 5741 τ
