4032 6208
376 347 484 413 195

1400 344 1479 417 8.,
1504 342 1920 405 NICEPHORI
1957 340 2460 409 PATRIARCHJE
2498 340 2607 404 ΟΡ.

3536 330 3705 435 496,

444 470 537 527 65.
599 468 752 536 Quod
813 481 942 523 vero
997 475 1323 535 magnopere
1378 461 1642 516 Mamertae
1707 470 1949 529 tempora

2127 458 2217 525 ξε’.
2253 461 2375 513 Ὀτι
2396 460 2453 513 δὲ
2488 459 2666 530 μάτην
2688 454 2782 512 ἐπὶ
2804 460 2917 522 τοῖς
2934 458 3158 530 ,χρόνοις
3188 455 3401 514 ἐκείνου
3433 458 3642 530 ἐγκαλο

374 565 625 634 iactant,
659 564 761 617 hoc
794 562 959 615 ctiam
1008 557 1222 611 illorum
1254 553 1486 609 stultitia
1531 562 1588 607 et
1618 552 1955 607 absurditate

380 658 604 729 dignum
634 664 737 710 est.
772 652 1007 706 Plurima
1037 648 1181 703 enim
1214 650 1283 701 ab
1322 645 1600 701 historicis
1631 654 1954 699 oretenusve

380 747 741 803 narrantibus
786 742 977 797 audire
1028 749 1138 806 est;
1171 746 1381 793 suntet
1421 736 1586 806 aliqui
1629 735 1808 791 adhuc
1863 749 1955 790 su-

378 841 659 908 perstites,
702 834 769 889 ad
814 833 932 887 haec
965 829 1310 901 praedicanda
1365 828 1600 894 servati;
1656 841 1725 882 ex
1759 825 1957 895 quibus

382 931 600 985 discere
659 939 949 997 possumus
999 922 1178 993 qualia
1232 929 1287 976 et
1338 928 1541 991 quanta
1580 928 1708 975 tunc
1742 933 1819 973 es
1875 918 1955 972 ira

381 1021 565 1075 divina
614 1016 944 1088 contigerint
999 1015 1161 1069 mala.
1214 1011 1292 1067 Ex
1344 1026 1453 1082 quo
1509 1010 1786 1066 Mamonas
1833 1008 1954 1063 lidei

385 1124 586 1169 nostra
625 1108 896 1165 molestus
922 1121 1046 1163 esse
1093 1104 1281 1174 coepit,
1326 1113 1381 1158 et
1407 1102 1547 1157 bene
1594 1099 1955 1168 compositum

380 1201 750 1259 Ecclesiarnm
785 1207 986 1254 statum
1032 1208 1376 1265 oppugnare,
1414 1202 1667 1260 tanquam
1699 1189 1959 1244 divinitus

383 1293 599 1347 inflictae
635 1290 803 1361 plagae
846 1296 899 1343 et
933 1286 1355 1356 castigationes,
1408 1282 1583 1336 morbi
1642 1277 1956 1350 gravissimi

381 1397 435 1440 et
472 1381 730 1455 flagella;
785 1393 1015 1449 quorum
1065 1373 1442 1438 multitudine,
1476 1381 1532 1426 et
1585 1369 1957 1425 calamitatum

386 1476 759 1547 magnitudine
807 1468 1083 1541 perterriti
1153 1464 1397 1521 nonnulli
1450 1471 1577 1518 tunc
1630 1471 1956 1532 praesentes,

386 1576 714 1637 opportune,
742 1572 920 1631 utpar
946 1557 1337 1623 eral,historizc
1357 1555 1572 1610 tradere
1591 1553 1809 1623 dignum
1836 1568 1959 1607 cen-

385 1662 611 1712 suerunt
660 1665 859 1721 genera
891 1661 1109 1718 quoque
1139 1645 1402 1700 malorum
1432 1659 1551 1713 qua:
1593 1642 1801 1713 experti
1833 1650 1960 1696 sunt

390 1743 699 1815 hujusmodi
749 1741 885 1814 (75).
933 1738 1257 1795 Pestilentes
1296 1745 1498 1792 mortes
1536 1751 1657 1806 quae
1709 1734 1956 1790 homines

385 1837 788 1903 corripuerunt,
823 1844 980 1885 nemo
1009 1838 1188 1900 potest
1207 1842 1552 1890 enumerare.
1583 1836 1958 1897 quantumque

389 1941 675 1981 numerum
712 1922 953 1992 depasta;
1000 1922 1147 1987 sint;
1192 1922 1389 1990 quibus
1435 1934 1497 1975 se
1542 1918 1869 1974 subtrahens
1914 1917 1961 1972 is

387 2019 480 2086 qui
511 2030 677 2071 causa
714 2014 927 2069 illarum
955 2021 1093 2078 erat,
1136 2010 1332 2082 procul
1365 2011 1511 2081 regia
1542 2009 1703 2075 urbe,
1733 2024 1961 2064 casuum

388 2106 846 2163 iuternecivorum
883 2115 1052 2168 metu,
1080 2104 1402 2176 plerumque
1424 2103 1674 2171 degebat.
1718 2100 1962 2172 Namque

387 2200 530 2268 apud
575 2197 947 2254 Nicomediam
980 2196 1217 2265 ejusque
1251 2194 1511 2250 suburhia
1559 2194 1959 2260 diversabatur,

387 2292 500 2346 imo
526 2291 692 2346 etiam
724 2289 884 2359 longe
916 2287 1165 2343 ulterius.
1200 2286 1275 2340 De
1298 2284 1645 2340 multitudine
1665 2292 1844 2340 autem
1871 2284 1960 2339 in-

390 2380 542 2435 finita
575 2380 977 2444 defunctorum,
1009 2393 1104 2449 per
1131 2376 1349 2433 litteras
1384 2377 1419 2431 ii
1461 2376 1657 2446 quibus
1688 2375 1839 2430 urbis
1864 2389 1962 2429 ne-

391 2471 535 2543 gotia
569 2470 858 2524 commissa
896 2468 1135 2534 fuerant,
1169 2466 1320 2521 illum
1352 2467 1655 2543 edocebant
1676 2505 1692 2530 ,
1725 2464 1961 2520 millibus

390 2563 640 2633 plurimis
671 2561 916 2631 quotidie
942 2560 1274 2626 numeratis,
1314 2558 1390 2614 ita
1446 2569 1505 2614 ut
1556 2559 1806 2629 sepulcra
1841 2573 1964 2615 cor-

390 2653 612 2725 poribus
656 2654 849 2707 tierent
888 2658 1146 2722 angusta,
1192 2660 1247 2704 et
1299 2662 1566 2719 aquarum
1617 2662 1835 2718 quoque
1877 2664 1963 2704 re-

390 2742 669 2815 ceptacula
709 2742 794 2797 his
836 2740 1211 2812 opplerentur,
1243 2749 1299 2794 et
1325 2738 1573 2807 quisquis
1607 2738 1748 2794 alius
1795 2739 1961 2818 cada-

389 2837 610 2890 veribus
667 2830 996 2902 recipiendis
1038 2829 1190 2885 locus
1245 2836 1365 2883 erat
1416 2827 1675 2896 idoneus;
1729 2843 1961 2898 quorum

390 2939 518 2995 pars
545 2939 614 2979 ne
662 2921 914 2992 sepulcro
967 2919 1187 2988 quidem
1234 2915 1611 2982 tradebantur,
1660 2919 1754 2973 sed
1804 2925 1966 2987 prout

391 3032 450 3071 se
502 3029 588 3071 res
631 3014 792 3068 dabat
844 3009 1261 3077 abjiciebantur,
1309 3006 1581 3077 justisque
1642 3004 1964 3060 funebribus

2056 552 2387 616 λωπίζονται
2412 591 2425 615 ,
2462 552 2558 605 καὶ
2601 551 2760 605 τοῦτο
2785 551 2882 622 τῆς
2919 550 3148 606 ἐκείνων
3182 552 3507 624 ἀϐελτερίας
3547 554 3644 608 καὶ

2055 643 2279 712 ἀλογίας
2322 642 2473 707 ἀξιον
2499 658 2513 672 ⁸
2562 642 2791 696 πλεῖστα
2829 643 2940 714 γὰρ
2990 645 3086 698 καὶ
3136 640 3499 714 ἱστορούντων
3545 645 3645 699 καὶ

2056 733 2325 803 λεγόντων
2353 733 2502 786 ἐστιν
2526 732 2745 787 ἀκούειν
2766 748 2779 761 ·
2809 734 2917 787 είσὶ
2949 733 3060 805 γὰρ
3082 735 3178 788 καὶ
3205 734 3304 788 νῦν
3337 733 3417 789 ἐτι
3439 734 3520 806 τῷ
3541 734 3645 808 βίῳ

2058 825 2531 895 περιλειπόμενοι,
2570 827 2665 880 καὶ
2712 820 2803 879 οἷα
2838 828 3083 897 κήρυκες
3108 826 3315 881 τούτων
3347 828 3644 900 διατηρού-

2062 933 2238 987 μενοι.
2268 915 2348 968 Δι’
2376 909 2452 968 ὧν
2484 915 2672 984 μαθεῖν
2700 918 2814 980 τοῖς
2844 916 3188 987 βουλομένοις
3219 918 3510 989 πάρεστιν,
3540 920 3645 974 ὅσα

2056 1007 2152 1061 καὶ
2192 1000 2280 1059 οἷα
2317 1005 2385 1058 τά
2427 1006 2493 1057 ἐκ
2524 1005 2624 1076 τῆς
2665 1005 2818 1069 θείας
2856 1008 3026 1077 ὀργῆς
3067 1008 3304 1063 ἐπέλαδε
3337 1010 3647 1079 τηνικαῦτα

2055 1095 2206 1150 δεινά
2231 1111 2244 1124 ·
2278 1092 2339 1165 ἐξ
2376 1090 2439 1148 οὗ
2477 1097 2546 1149 τὰ
2572 1098 2670 1166 τῆς
2700 1096 2824 1149 καθ’
2862 1099 3010 1168 ἡμᾶς
3041 1099 3277 1161 πίστεως
3312 1098 3647 1172 καθυϐρίζει

2060 1186 2185 1240 σθαι
2227 1181 2432 1257 ἦρκται
2456 1223 2472 1250 ,
2524 1185 2758 1239 καὶτῶν
2795 1187 3134 1258 Ἐκκλησιῶν
3172 1189 3568 1260 ἐκπορθεῖσθαι
3611 1192 3647 1261 ή

2059 1276 2374 1340 εὐστάθεια,
2411 1270 2524 1330 οἷαι
2559 1272 2810 1347 θεήλατοι
2849 1279 3083 1349 πληγαὶ,
3117 1280 3212 1334 καὶ
3252 1280 3518 1347 παιδεῖαι,
3550 1284 3648 1334 καὶ

2060 1367 2207 1437 πάθη
2242 1367 2520 1439 βαρύτατα
2549 1369 2645 1421 καὶ
2693 1369 2911 1439 μήνιδες
2934 1384 2947 1398 ⁸
2982 1363 3058 1423 ὧν
3087 1369 3166 1440 τῷ
3207 1370 3403 1441 πλήθει
3437 1373 3533 1427 καὶ
3568 1371 3648 1443 τῷ

2063 1458 2283 1530 μεγέθει
2337 1458 2446 1510 τῶν
2510 1460 2805 1529 συμφορῶν
2856 1461 3436 1533 ὐπερεκπληττόμενοι
3462 1502 3480 1530 ,
3533 1464 3649 1517 τῶν

2059 1549 2178 1602 τότε
2209 1550 2493 1620 παρόντων
2523 1551 2697 1615 τινὲς,
2731 1552 3006 1623 εὐκαίρως
3040 1555 3141 1608 καῖ
3166 1557 3247 1618 είς
3275 1555 3407 1609 δέον·
3426 1557 3649 1628 χρώμε-

2060 1655 2177 1705 νοι,
2230 1638 2441 1715 ίστορίᾳ
2502 1640 2837 1711 παραδοῦναι
2885 1643 3034 1709 ἄξιον
3090 1644 3393 1717 ᾠήθησαν,
3430 1649 3526 1701 καὶ
3577 1648 3649 1703 τὰ

2061 1728 2179 1801 είδη
2212 1729 2321 1783 τῶν
2362 1730 2549 1785 κακῶν
2593 1735 2674 1797 είς
2699 1737 2894 1804 πεῖραν
2924 1736 3170 1807 ἀγόμενα
3195 1737 3423 1793 τοιαῦτα
3442 1755 3457 1770 ο
3488 1742 3517 1794 ὁ
3547 1740 3651 1811 μὲν

2061 1822 2314 1893 λοιμικὸς
2362 1822 2590 1889 θάνατος
2618 1825 2679 1889 ὃς
2721 1830 2834 1891 τοῖς
2883 1828 3197 1898 ἀνθρώποις
3236 1831 3606 1903 ἐπεπορεύετο
3630 1871 3647 1897 ,

2059 1910 2169 1964 οὐδ’
2200 1912 2266 1966 ἀν
2311 1931 2395 1976 τις
2440 1911 2910 1985 ἐξαριθμήσαιτο,
2944 1920 3028 1982 εις
3066 1920 3195 1973 ὅσον
3228 1920 3432 1991 πλῆθος
3462 1923 3651 1977 αὐτῶν

2060 2003 2434 2075 ἐπενείματο,
2493 2006 2554 2071 ἐξ
2605 2000 2668 2060 οὐ
2717 2008 2783 2080 δὴ
2837 2011 2935 2073 καὶ
2992 2010 3214 2083 διαδρὰς
3254 2015 3285 2067 ό
3328 2014 3429 2085 τῆς
3473 2016 3651 2086 ὀργῆς

2060 2093 2258 2159 αίτιος,
2285 2093 2389 2165 τῆς
2420 2093 2781 2169 βασιλεούσης
2821 2100 3107 2172 πόρρωθεν
3134 2102 3211 2167 ὼς
3237 2103 3307 2158 τά
3331 2104 3503 2158 πολλά
3538 2105 3649 2159 δέει

2058 2183 2169 2236 τῶν
2194 2184 2605 2255 συμδαινόντων
2638 2189 2896 2260 ηὐλίζετο
2921 2207 2936 2220 ·
2965 2192 3095 2263 περί
3119 2210 3179 2247 τε
3205 2195 3315 2265 γὰρ
3347 2196 3446 2266 τὴν
3475 2196 3649 2249 Νικοσ-

2061 2273 2274 2344 μηδέων
2304 2276 2399 2330 καὶ
2430 2276 2497 2331 τά
2528 2278 2587 2332 ἐν
2621 2279 2807 2351 ἐκείνῃ
2855 2283 3159 2353 προάστεια
3178 2324 3194 2349 ,
3223 2285 3322 2348 τάς
3359 2286 3650 2358 διατριϐὰς

2060 2365 2298 2419 ἐποιεῖτο
2317 2407 2333 2431 ,
2373 2367 2469 2421 καὶ
2501 2368 2709 2424 τούτων
2740 2371 3001 2427 ἐπέκεινα
3025 2373 3210 2446 πολλῷ
3237 2390 3250 2403 ·
3291 2375 3392 2447 τὴν
3416 2377 3473 2430 δὲ
3503 2378 3649 2447 πλη-

2061 2452 2158 2508 θὺν
2177 2454 2275 2526 τὴν
2313 2457 2581 2528 ἀπείρονα
2607 2458 2715 2513 τῶν
2745 2459 3146 2533 ἐξοδευομένων
3175 2464 3475 2536 γράμμασι
3495 2467 3649 2539 χρώ-

2061 2563 2255 2617 μενοι,
2284 2549 2335 2601 οἱ
2365 2550 2436 2603 τά
2459 2552 2605 2606 κατὰ
2635 2551 2735 2625 τὴν
2771 2553 2928 2608 πόλιν
2951 2556 3425 2630 ἐπιτετραμμένοι
3460 2562 3647 2630 πράγ-

2064 2656 2232 2708 ματα,
2260 2642 2422 2696 αὐτὸν
2449 2644 2796 2701 ἀνεδίδασκον
2819 2688 2834 2713 ,
2882 2647 3140 2719 χιλιάδων
3178 2649 3256 2713 ὡς
3283 2650 3558 2707 πλείστων
3586 2654 3651 2706 τὸ

2062 2729 2148 2799 ἐφ’
2176 2730 2362 2803 ἡμέρᾳ
2382 2732 2830 2806 ἀριθμουμένων,
2853 2736 2930 2802 ὡς
2950 2737 3195 2802 καὶτοὺς
3223 2738 3430 2806 τάφους
3453 2755 3645 2792 στενο-

2062 2823 2359 2899 χωρεῖσθαι
2391 2828 2506 2891 τοῖς
2527 2827 2746 2898 σώμασι
2775 2846 2789 2861 ’
2819 2830 2915 2883 καὶ
2941 2830 3012 2883 τὰ
3033 2831 3142 2885 τῶν
3167 2830 3377 2885 ὑδάτων
3393 2832 3652 2902 ὲκδοχεῖα

2064 2913 2393 2988 ὐπερπλήρη
2424 2918 2690 2987 γίνεσθαι,
2721 2921 2815 2975 καὶ
2841 2922 2894 2974 εί
2914 2938 2970 2975 τι
2999 2921 3133 2977 ἄλλο
3156 2923 3358 2995 χωρίον
3397 2924 3535 2995 πρὸς
3562 2941 3652 2977 νε·-

2065 3007 2200 3078 κροῦ
2249 3007 2503 3080 σώματος
2545 3011 2817 3083 ὑποδοχὴν
2859 3013 3308 3086 παρετύγχανεν·
3344 3008 3422 3069 ὧν
3468 3016 3651 3079 ἐνίους

394 3105 847 3163 destituebantur.
890 3098 1006 3154 Non
1052 3098 1198 3154 enim
1229 3096 1416 3153 videre
1446 3105 1567 3152 erat
1614 3111 1781 3150 unum
1815 3112 1963 3151 mor-

2071 3100 2209 3171 μηδὲ
2267 3102 2425 3173 τάφῳ
2466 3104 2893 3175 παραδίδοσθαι,
2933 3107 3048 3161 ἀλλ’
3079 3108 3154 3171 ὡς
3198 3107 3266 3161 ἂν
3290 3108 3443 3178 τύχοι
3476 3109 3653 3180 ἀπορ-

394 3211 547 3252 tuum
590 3196 642 3249 in
676 3191 956 3260 sandapila
990 3190 1299 3254 deductum,
1352 3187 1449 3245 sed
1507 3197 1617 3242 tres
1659 3187 1745 3255 vel
1796 3188 1962 3242 etiam

2069 3193 2384 3263 ῥιπτεῖσθαι
2408 3234 2423 3260 ,
2471 3197 2567 3250 καὶ
2601 3198 2701 3269 τὴν
2747 3200 2837 3253 ἐπ’
2864 3200 3067 3264 αὐτοὺς
3104 3202 3260 3255 ὁσίαν
3304 3200 3649 3255 ἐπιλείπεινο

392 3290 653 3360 quinque,
681 3295 735 3339 et
756 3292 1020 3353 quotquot
1044 3296 1076 3336 a
1100 3280 1301 3351 bajulis
1320 3279 1452 3336 ferri
1480 3288 1729 3350 poterant
1754 3293 1771 3332 :
1805 3279 1966 3347 quod-

395 3395 500 3452 que
527 3382 763 3433 maxime
790 3375 1124 3444 inSperatum
1170 3380 1289 3429 erat
1320 3381 1374 3427 et
1417 3379 1624 3426 terrore
1654 3369 1889 3440 plenum,
1928 3368 1966 3424 ii

396 3473 487 3543 qui
519 3477 855 3525 mortuorum
903 3464 1234 3535 sepulturam
1269 3463 1556 3524 curabant,
1589 3460 1969 3530 praecedebant

398 3564 518 3617 illos
571 3560 638 3616 ad
690 3557 990 3620 tumulum,
1032 3564 1257 3626 repente
1306 3555 1417 3609 vita
1456 3554 1654 3620 erepti,
1701 3560 1757 3607 et
1809 3550 1969 3623 quasi

399 3657 627 3711 invicem
657 3650 936 3709 moriendo
970 3648 1380 3720 praevenientes.
1405 3646 1561 3702 Adde
1589 3647 1672 3702 bis
1705 3654 1965 3711 terrores,

397 3755 455 3801 et
486 3738 1099 3811 horrcndaprodigiosa
1137 3738 1544 3808 phantasmata,
1586 3734 1841 3790 humanis
1873 3749 1969 3789 au-

400 3835 603 3890 ditibus
636 3830 1016 3898 mentibusque
1060 3842 1200 3882 nova
1233 3839 1288 3883 et
1318 3827 1611 3896 incognita,
1659 3840 1779 3895 quae
1806 3833 1966 3881 noctu

400 3926 606 3993 diuque
637 3920 954 3975 visebantur
974 3928 1139 3986 atque
1164 3917 1525 3971 audiebantur
1552 3915 1726 3985 palam
1751 3914 1966 3983 multis;

399 4024 453 4069 ct
488 4011 803 4084 phantasias
834 4018 995 4078 atque
1027 4021 1256 4062 sonores
1289 4021 1452 4075 supra
1489 4006 1668 4075 capita
1701 4021 1971 4076 apparen-

401 4116 484 4159 tes
522 4111 573 4157 et
628 4100 855 4157 exitium
908 4097 1358 4160 iutermiuantes;
1416 4096 1634 4148 nomina
1680 4100 1843 4149 etlam
1872 4097 1973 4151 ali-

399 4194 615 4263 quando
652 4200 705 4246 et
730 4204 992 4245 numerus
1020 4202 1145 4242 mox
1177 4187 1564 4241 moriturorum
1590 4186 1969 4242 audiebantur.

399 4286 467 4341 Et
497 4289 609 4341 haec
637 4282 854 4352 quidem
880 4295 1039 4349 supra
1067 4289 1290 4333 terram.
1317 4276 1424 4332 Sed
1456 4277 1631 4331 adhuc
1658 4277 1743 4331 his
1763 4277 1972 4348 pejora,

399 4392 519 4447 quae
551 4383 711 4429 antea
767 4372 866 4426 sub
902 4380 1120 4447 terram
1165 4384 1327 4439 quam
1364 4368 1509 4423 circa
1548 4377 1744 4423 terram
1795 4368 1970 4425 fuere.

2065 3284 2127 3337 οὐ
2155 3284 2265 3356 γάρ
2288 3281 2357 3357 ἦν
2390 3288 2588 3359 νεκρὸν
2612 3289 2710 3343 ἕνα
2742 3290 2870 3344 ῑδεῖν
2901 3293 2995 3346 ἐπὶ
3025 3294 3325 3363 σκίμποδος
3354 3296 3650 3364 ἀγόμενον,

2066 3377 2215 3445 τρεῖς
2239 3375 2296 3428 δὲ
2322 3375 2354 3447 ἢ
2393 3377 2555 3431 πέντε
2586 3379 2772 3450 τυχὸν,
2805 3383 2900 3436 καὶ
2921 3383 3083 3447 ὅσους
3117 3384 3184 3438 ἂν
3206 3388 3257 3438 oi
3280 3385 3649 3456 ἀχθοφοροῦν-

2065 3481 2159 3528 τες
2202 3466 2519 3536 ἐκκομίζειν
2558 3469 2861 3540 ὴδύναντου
2897 3473 2927 3526 ὃ
2969 3474 3026 3527 δὲ
3073 3476 3518 3547 παραδοξότατον
3556 3478 3655 3531 καὶ

2069 3554 2252 3625 πάσης
2273 3556 2442 3627 γέμον
2468 3560 2807 3631 ἐκπλήξεως,
2831 3561 2942 3615 ἐσθ’
2963 3565 3053 3616 ὅτε
3075 3567 3125 3618 oi
3150 3566 3245 3619 ἐπὶ
3272 3571 3340 3638 τῇ
3366 3571 3515 3639 ταφῇ
3543 3569 3655 3621 τῶν

2069 3645 2520 3718 προτεθνηκότων
2580 3652 2981 3717 σπουδάζοντες
3033 3656 3178 3708 κατά
3228 3656 3356 3719 τούς
3405 3658 3656 3725 τάφους,

2069 3737 2314 3802 ἐκείνους
2341 3740 2687 3813 προέφθανον
2711 3760 2725 3775 ⁸
2753 3744 2928 3810 οὕτως
2957 3745 3154 3818 ἀθρόον
3180 3748 3652 3819 ἀναρπαζόμενοι,

2070 3829 2167 3882 καὶ
2188 3828 2378 3901 ὥσπερ
2407 3831 2655 3903 ἀλλήλοις
2684 3834 2762 3906 τῷ
2791 3835 3007 3907 θανάτῳ
3031 3840 3612 3911 προσεπεμὸαίνοντες
3637 3859 3653 3873 ’

2070 3920 2167 3975 καὶ
2194 3920 2265 3973 τὰ
2301 3922 2359 3975 ἐν
2386 3921 2599 3988 τούτοις
2626 3924 2858 3996 δείματα
2875 3970 2891 3994 ,
2919 3927 2996 3992 ὡς
3023 3930 3242 3996 ἐξαίσιά
3269 3950 3329 3986 τε
3363 3936 3459 3987 καὶ
3485 3952 3657 4006 τερα-

2074 4009 2215 4082 τώδη
2256 4015 2661 4085 φαντάσματα,
2717 4020 2815 4071 καὶ
2871 4020 3248 4091 ἀνθρωπείαις
3308 4025 3502 4090 ἀκοαῖς
3559 4029 3658 4082 καὶ

2071 4102 2336 4168 διανοίαις
2378 4105 2508 4172 ξένα
2552 4108 2649 4161 καὶ
2689 4109 3057 4181 ἀδιάγνωστα,
3092 4114 3129 4168 ἃ
3163 4115 3271 4170 καὶ
3307 4114 3531 4189 νύκτωρ
3561 4121 3659 4172 καὶ

2077 4191 2195 4262 μεθ’
2242 4193 2458 4266 ἡμέραν
2496 4196 2709 4268 ἑωρᾶτὸ
2741 4215 2800 4251 τε
2840 4200 2933 4255 καὶ
2978 4200 3215 4271 ἠκούετο
3253 4203 3334 4266 είς
3373 4199 3657 4275 προῦπτον

2073 4285 2187 4347 τοῖς
2217 4284 2465 4349 πολλοίς’
2510 4289 2827 4357 φαντασιῶν
2871 4308 2932 4344 τε
2971 4293 3066 4346 καὶ
3109 4293 3478 4365 ἀκουσμάτων
3512 4295 3658 4369 ύπέρ

2075 4375 2321 4469 κεφαλῆς
2354 4377 2809 4469 ἐπιφαινομένων
2858 4382 2956 4436 καὶ
3002 4384 3375 4469 ἀπειλούντων
3408 4386 3505 4440 τὸν
3538 4387 3660 4440 δλε-

401 4444 517 4520 Son
552 4466 695 4518 enim
726 4463 840 4531 jam
891 4444 1097 4513 diutius
1146 4468 1495 4539 pecpatorum
1543 4459 1965 4529 magnitudinem

2076 4464 2237 4537 θρον,
2277 4444 2375 4520 καὶ
2405 4444 2775 4542 προσηγορίαι
2814 4473 2877 4544 δή
2914 4454 3100 4537 τινες,
3138 4476 3233 4529 καὶ
3271 4478 3509 4549 ἀριθμὸς
3548 4480 3661 4532 τῶν

402 4559 562 4613 tellus
597 4557 823 4610 ferebat.
854 4552 1126 4619 Quantum
1155 4551 1256 4605 fuit
1286 4561 1445 4606 terrae
1487 4560 1752 4615 motuum,
1788 4553 1973 4607 tremi-

398 4656 549 4702 tuoin
569 4643 742 4716 ,134
765 4654 819 4698 et
859 4641 1276 4696 concussionnm
1312 4642 1609 4709 negotium,
1641 4641 1970 4697 horrendum

404 4754 630 4808 prorsus
664 4746 718 4791 et
756 4746 995 4790 mentem
1029 4733 1444 4802 orationemque
1493 4734 1782 4787 humanam
1816 4750 1975 4790 exce-

401 4829 571 4883 dens!
610 4826 945 4881 Videbantur
975 4824 1122 4879 enim
1160 4823 1368 4878 telluris
1409 4825 1559 4893 quati
1592 4824 1973 4891 fundamenta,

401 4933 577 4987 eaque
620 4916 934 4971 cardinibus
970 4930 1237 4970 concussa
1283 4918 1452 4969 everti
1498 4924 1555 4970 et
1586 4915 1836 4982 distrahi,
1875 4932 1975 4973 nec

397 5010 509 5078 jam
546 5007 730 5062 sedem
769 5021 920 5060 suam
969 5019 1276 5074 nexumque
1306 5012 1515 5060 tenere.
1560 5004 1672 5070 Qua
1721 5020 1886 5075 super
1918 5021 1975 5061 re

407 5100 588 5157 verbis
629 5099 959 5169 parcendum
1013 5112 1245 5163 censeo;
1281 5112 1514 5167 namque
1543 5099 1782 5169 ipsorum
1829 5113 1978 5153 sum-

403 5202 719 5264 pluosorutn
746 5188 1123 5254 aediﬁciorum,
1138 5199 1192 5244 et
1214 5190 1460 5243 villarum
1481 5191 1977 5258 ornatissimarnm,

405 5285 534 5338 tuba
580 5280 780 5348 veluti,
833 5279 1071 5333 clamant
1124 5279 1327 5344 ruintc,
1366 5294 1486 5348 quae
1542 5280 1839 5335 incolarum
1880 5298 1980 5352 op-

405 5388 717 5444 pressorum
770 5370 927 5425 factae
972 5379 1100 5425 sunt
1147 5370 1443 5439 sepulturas
1474 5393 1487 5426 ι
1521 5372 1636 5427 haec
1662 5374 1804 5428 enim
1850 5375 1978 5428 sub-

404 5482 561 5522 versa
613 5477 773 5521 terra;
814 5472 961 5518 motu
1015 5461 1243 5517 aedilicia
1278 5459 1516 5519 fecit/eis
1558 5464 1805 5535 sepulcra
1843 5465 1976 5521 ultio

474 5639 589 5707 (75)
620 5638 833 5708 Reapse
860 5636 1219 5703 calamitates,
1259 5637 1691 5708 nominatimque
1720 5641 1980 5708 pestilen-

404 5705 510 5763 tias
555 5705 655 5762 sub
701 5705 1043 5778 Cbprouymo
1098 5708 1422 5773 szevieutes,
1475 5705 1675 5779 passim
1723 5705 1975 5769 historici

2077 4560 2201 4614 ὅσον
2249 4560 2404 4616 οὔπω
2460 4564 2879 4636 τεθνηξομένων
2923 4569 3253 4638 ἐξηκούετοο
3308 4573 3404 4626 καὶ
3445 4572 3515 4625 τά
3560 4574 3661 4645 μὲν

2078 4650 2221 4721 ὑπὲρ
2260 4650 2365 4721 γῆν
2397 4653 2622 4707 τοιαῦτα
2667 4657 2764 4710 καὶ
2807 4657 3015 4713 τούτων
3055 4659 3135 4714 ἔτι
3183 4661 3439 4732 χείρονα,
3482 4663 3554 4716 τά
3601 4662 3661 4715 δὲ

2038 4770 2043 4776 -
2079 4742 2209 4813 πρὶν
2245 4742 2349 4796 ὑπὸ
2379 4744 2483 4813 γῆν
2521 4746 2555 4816 ἥ
2599 4748 2727 4816 περὶ
2757 4750 2860 4819 γῆν
2883 4764 2897 4779 ·
2938 4752 2999 4804 οὐ
3051 4753 3162 4824 γὰρ
3197 4753 3279 4808 ἔτι
3307 4754 3418 4808 τῶν
3454 4755 3663 4825 ἀσεϐη-

2082 4835 2267 4903 μάτων
2285 4835 2348 4888 τὸ
2379 4837 2608 4906 μέγεθος
2640 4837 2835 4912 ἔφερεν
2857 4844 3017 4895 ὁποῖα
3042 4844 3150 4896 τῶν
3174 4846 3276 4915 μὲν
3298 4846 3541 4916 σεισμῶν
3568 4847 3662 4900 καὶ

2080 4923 2345 4995 βρασμῶν
2378 4928 2474 4980 καὶ
2510 4930 2904 5002 ἀνατιναγμῶν
2933 4933 2996 4987 τὸ
3030 4935 3218 5005 χρῆμα
3244 4976 3260 5001 ,
3313 4936 3390 5000 ὡς
3422 4936 3662 5001 ἐξαίσιον

2082 5014 2177 5066 καὶ
2206 5013 2332 5068 νοῦν
2364 5017 2460 5069 καὶ
2494 5016 2650 5087 λόγον
2681 5020 2982 5093 ὐπεραίρον
3013 5022 3359 5093 ἀνθρώπειον
3378 5042 3392 5056 '
3426 5027 3665 5095 ὑπεφαί-

2080 5120 2202 5158 νετο
2238 5106 2349 5178 γὰρ
2380 5107 2551 5178 αὐτῆς
2581 5112 3035 5168 κατακλονεῖσθαι
3072 5118 3140 5170 τὰ
3174 5115 3426 5187 θεμέλια,
3465 5119 3562 5173 καὶ
3595 5121 3664 5175 ὲκ

2078 5196 2356 5268 πυθμένος
2397 5201 2808 5274 ἀνατετράφθαι
2840 5206 3302 5279 ἀναϐρασσόμενα
3335 5212 3430 5265 καὶ
3456 5212 3667 5267 διιστά-

2082 5305 2221 5359 μενα
2243 5328 2259 5355 ,
2296 5291 2392 5344 καὶ
2422 5290 2617 5365 ὥσπερ
2667 5296 2979 5367 ἀρνούμενα
3011 5299 3113 5371 τὴν
3147 5301 3362 5356 ἑαυτῶν
3399 5302 3565 5374 ἕδραν
3605 5322 3665 5358 τε

2084 5380 2178 5432 καὶ
2209 5381 2531 5451 συνέχειανο
2558 5376 2605 5451 ᾧ
2638 5385 2763 5439 ούδέ
2802 5387 2976 5457 λόγων
3001 5385 3157 5459 οἶμαι
3192 5390 3411 5462 δεήσειν
3435 5406 3450 5420 '
3482 5392 3667 5445 αὐτῶν
3750 5400 3761 5411 '

2083 5472 2192 5544 γὰρ
2237 5474 2345 5528 τῶν
2378 5474 2688 5532 πολυτελῶν
2736 5479 3054 5550 οἰκημάτων
3079 5520 3093 5545 ,
3136 5481 3234 5535 καὶ
3275 5481 3383 5536 τῶν
3402 5484 3667 5553 κτήσεων

2086 5643 2374 5725 Byzantini
2410 5658 2521 5725 tum
2545 5651 2674 5725 editi
2709 5660 2819 5706 tum
2856 5653 3042 5725 inediti
3074 5665 3296 5709 narrant
3353 5653 3413 5709 Et
3443 5656 3662 5725 quidem

2088 5725 2273 5774 uester
2306 5720 2420 5787 ipse
2448 5719 2783 5791 Nicephorius
2817 5725 2868 5779 in
2907 5724 3184 5781 Brevnarto
3232 5719 3495 5783 historico
3566 5764 3571 5768 ι
