4032 6208
384 277 493 344 497

1097 289 1726 355 ANTIRRHETICUS
1763 292 1856 355 III
1894 296 2063 359 on.
2104 250 2695 360 CONSTANTINUM
2732 295 2945 359 corn.

3546 292 3657 356 £93

383 397 500 450 τῶν
539 397 1079 472 κεκαλλωπισμένων
1108 404 1361 471 σαλπίζει
1396 407 1541 477 μέγα
1580 407 1649 462 τὰ
1677 407 1968 479 πτώματα,

2086 412 2277 469 livina.
2306 413 2486 482 Atque
2529 413 2643 468 haec
2674 407 3031 482 potissimum'
3063 407 3363 467 calamitas
3400 409 3651 466 incubuit

381 488 425 543 ἃ.
451 488 563 542 τῶν
594 490 918 551 ὑποδύντων
940 495 1037 547 καὶ
1067 498 1456 567 πεπιεσμένων
1495 499 1717 566 ἐγένετο
1744 499 1977 555 πολυάν-

380 579 513 650 δρια
532 598 548 613 -
581 581 789 652 τάφους
816 584 929 655 γὰρ
952 586 1132 640 αὐτῶν
1163 591 1196 659 ὴ
1235 588 1519 676 θεόκριτος
1545 588 1669 661 δίκη
1704 593 1975 647 ἐπικατασ

2082 504 2231 559 circa
2262 504 2428 559 colles
2456 513 2511 559 et
2537 505 2840 558 eminentes
2868 503 3047 567 locos,
3083 516 3204 573 qua
3244 518 3388 559 nunc
3432 519 3652 574 quoque

2085 592 2227 646 circa
2271 592 2473 663 regiam
2512 592 2697 647 urbem
2727 590 2917 647 rudera
2942 591 3148 660 iacent.

382 674 677 730 σεισθέντα
708 676 780 730 τά
822 677 1117 748 δομήματα
1150 674 1433 753 ἐσχεδίασε
1455 701 1468 716 ·
1499 684 1596 739 καὶ
1626 684 1790 739 τοῦτο
1860 687 1996 741 πολὺ
2039 682 2277 755 μάλιστα
2316 684 2380 740 τὸ
2417 686 2589 751 πάθος
2629 686 2945 757 κατέσκηψε
3027 688 3173 741 κατὰ
3212 687 3310 751 τὰς
3339 686 3531 757 λοφιάς
3562 688 3657 740 καὶ

380 766 455 818 τά
486 765 861 837 ὑπερκείμενα
885 769 1084 839 χωρία,
1120 768 1156 824 ἃ
1177 771 1240 841 δὴ
1269 772 1413 826 κατὰ
1439 776 1499 826 τὸ
1532 770 1802 844 βασίλειον
1831 774 1967 829 ἄστυ
2008 775 2171 847 μέχρι
2200 771 2439 847 σήμερον
2466 777 2684 847 ἐρείπια
2715 777 3029 847 βέϐληνται.

462 856 570 923 ξςθ.
611 860 684 912 Ού
725 859 832 930 μὴν
859 860 981 914 οὐδὲ
1014 861 1086 915 τὰ
1114 863 1173 927 ἐξ
1205 861 1368 935 ἀέρος
1408 865 1640 937 δείματα
1670 870 1971 940 ἐπηρεμεῖν

385 948 421 1019 ἢ
455 951 824 1021 ἐφησυχάζειν
871 952 1235 1025 ὑϐριζομένου
1279 955 1374 1011 τοῦ
1408 959 1644 1015 Κτίστου
1686 963 1969 1033 ἠνείχετοο

384 1038 570 1093 ἐδόκει
610 1040 721 1112 γάρ
748 1045 864 1106 τοῖς
912 1043 975 1096 τὸ
1012 1045 1268 1115 τηνικάδε
1317 1045 1648 1119 ἀνθρώποις,
1685 1051 1814 1114 τοὺς
1847 1051 1968 1105 κατ’

384 1131 621 1198 οὐρανὸν
663 1132 901 1204 ἀστέρας
952 1135 1046 1188 ἐπὶ
1090 1138 1195 1207 γῆς
1240 1138 1498 1210 ἐρῤίφθαι
1541 1140 1788 1205 ἅπαντας
1833 1143 1971 1211 ῥαγ-

387 1220 591 1288 δαίως,
641 1224 785 1278 οὑτω
815 1226 910 1280 καὶ
957 1228 1326 1298 συνεχέστατα
1371 1229 1467 1285 τοῦ
1502 1231 1689 1301 ἀερίου
1732 1231 1972 1299 πάθους,

387 1314 496 1368 ἀνά
532 1314 634 1386 τῆς
664 1316 996 1387 οἰκουμένης
1025 1315 1182 1388 οἶμαι
1228 1321 1299 1373 τὰ
1341 1320 1555 1394 πέρατα
1589 1322 1787 1393 ἀθρόον
1817 1324 1976 1376 ἐκκε-

389 1407 628 1477 χυμένου
655 1424 671 1440 ο
694 1408 830 1478 ἐμοῦ
860 1409 971 1480 γὰρ
1008 1411 1101 1464 καὶ
1130 1411 1272 1465 κατὰ
1292 1414 1489 1467 ταυτὸν
1513 1413 1568 1467 οἵ
1592 1431 1651 1467 τε
1671 1415 1770 1484 τὴν
1802 1414 1978 1486 Ἐῴαν

388 1499 446 1551 οἴ
472 1515 533 1551 τε
558 1497 660 1570 τὴν
694 1499 990 1572 Ἑσπερίαν
1025 1502 1366 1574 διειληφότες
1400 1507 1642 1570 ἅπαντες
1667 1504 1851 1575 λῆξιν,
1883 1507 1980 1561 καὶ

389 1587 571 1644 ταῦτα
605 1590 877 1661 χειμῶνος
907 1592 1028 1666 ὥρᾳ
1047 1596 1143 1649 καὶ
1165 1596 1362 1660 νυκτὸς
1387 1597 1780 1668 ἐπιγενομένης
1804 1598 1982 1668 ἑωρά-

2147 868 2234 924 66.
2274 868 2378 925 Sed
2427 885 2601 940 neque
2633 870 2775 925 aeris
2806 879 3075 935 terrores,
3109 869 3375 925 Creatore
3408 871 3615 929 oﬂenso
3636 912 3656 939 ,

2077 962 2363 1031 quiescere
2393 975 2459 1016 ac
2478 961 2641 1015 silere
2668 969 2938 1030 poterant.
2973 959 3315 1015 Videbantur
3344 960 3490 1015 enim
3520 970 3650 1019 tunc

2079 1051 2391 1108 hominibus
2433 1052 2499 1107 de
2553 1052 2693 1108 coelo
2735 1051 2915 1107 sidera
2957 1051 3008 1106 in
3045 1061 3243 1107 terram
3283 1067 3406 1106 cum
3449 1052 3654 1122 impetu

2078 1144 2260 1201 omnia
2292 1158 2483 1223 ruere,
2542 1144 2614 1198 ita
2656 1143 3006 1198 continenter
3034 1157 3194 1197 aerea
3247 1143 3657 1212 perturbatione

2083 1250 2179 1305 per
2210 1235 2449 1290 universi
2496 1236 2645 1291 orbis
2680 1235 2944 1290 terminos
2989 1236 3171 1290 subito
3223 1234 3419 1290 diﬂ‘usa
3452 1254 3467 1292 :
3498 1237 3657 1292 simul

2082 1325 2228 1380 enim
2291 1326 2591 1396 eodemque
2638 1334 2880 1395 temporc
2937 1335 3049 1379 tum
3103 1325 3486 1391 Orientalium,
3543 1337 3656 1383 tum

2084 1416 2502 1486 llespericarum
2534 1417 2812 1488 regionum
2847 1417 3055 1483 incolae,
3090 1425 3146 1471 et
3177 1417 3355 1472 hieme
3387 1426 3446 1473 et
3469 1428 3655 1484 noctu,

2085 1507 2201 1563 haec
2231 1508 2350 1563 ﬁeri
2394 1508 2674 1562 videbant.
2718 1506 2828 1562 Nec
2881 1521 3013 1561 vero
3044 1506 3360 1576 quisquam,
3405 1517 3568 1577 prout
3600 1509 3658 1564 bi

2082 1601 2329 1672 praeclari
2361 1600 2567 1654 iaciunt
2587 1640 2600 1665 ,
2632 1600 2876 1654 coelestia
2909 1600 3049 1664 haec,
3073 1600 3362 1671 nebulosus
3391 1600 3657 1670 quosdam

392 1696 564 1773 κεσαν
584 1683 729 1773 ’καὶ
766 1685 840 1756 μή
872 1702 956 1749 τις
998 1688 1132 1757 ἡμῖν
1171 1688 1409 1743 ἐνταῦθα
1439 1689 1582 1743 κατὰ
1611 1691 1738 1754 τοὺς
1768 1689 1978 1756 δεινοὺς

2086 1694 2393 1763 densosque
2416 1706 2646 1762 vapores
2677 1691 2847 1747 fuisse
2873 1691 3115 1761 objiciat,
3142 1692 3338 1760 quibus
3371 1692 3517 1747 circa
3550 1699 3661 1747 ter-

390 1770 465 1823 τά
490 1772 770 1843 μετέωρα,
804 1775 1114 1841 καπνώδεις
1138 1778 1289 1842 τινάς
1320 1779 1716 1850 ἀναθυμιάσεις
1745 1782 1840 1834 καὶ
1870 1799 1977 1834 πα-

390 1861 551 1931 χείας
586 1864 1036 1937 ἀντιπαρατιθεὶς
1089 1869 1442 1939 προϐαλέσθω
1465 1909 1481 1935 ,
1534 1870 1626 1940 ὑφ’
1661 1864 1736 1925 ὧν
1761 1872 1790 1925 ὁ
1817 1872 1978 1944 περί-

390 1971 548 2023 γειος
592 1944 1090 2029 ὑποπιμπλάμενος
1141 1958 1280 2030 ἀὴρ,
1311 1954 1431 2014 εἷτα
1459 1960 1600 2015 κατά
1629 1963 1728 2030 τὴν
1768 1961 1979 2018 οἰκείαν

392 2049 575 2119 φοράν
601 2048 770 2118 ὑψόσε
790 2049 1151 2123 διαιρόμενος,
1177 2052 1273 2105 καὶ
1295 2053 1376 2116 είς
1413 2053 1506 2106 τὸν
1535 2032 1776 2124 α’ίθέριον
1809 2054 1979 2125 ὑπερ-

394 2142 726 2211 εκχεόμενος
772 2142 954 2215 χῶρον
973 2125 995 2210 ’,
1054 2142 1163 2197 ὑπό
1205 2160 1265 2197 τε
1298 2144 1399 2216 τῆς
1442 2144 1763 2209 ἐκκαύσεως
1813 2162 1982 2216 μετα-

393 2230 631 2300 ϐάλλων,
662 2235 790 2296 τοὺς
838 2233 1170 2306 λεγομένους
1210 2235 1449 2307 ἀστέρας
1492 2236 1845 2308 διᾴττοντας,
1880 2236 1981 2301 τάς

389 2340 455 2378 τε
485 2325 714 2394 φλόγας,
746 2327 996 2390 καὶτοὺς
1027 2326 1221 2392 δαλοὺς
1261 2329 1637 2400 καλουμένους
1669 2330 1979 2401 συνίστησι,

390 2414 648 2483 κομήτας
692 2431 753 2467 τε
789 2411 900 2478 αὖ,
941 2416 1036 2468 καὶ
1082 2415 1411 2484 πωγωνίας,
1458 2417 1555 2470 καὶ
1602 2418 1702 2471 ὅσα
1753 2418 1983 2474 τοιαῦτα

392 2500 721 2572 ὑποφαίνειν
752 2502 965 2573 πέφυκε
1001 2505 1294 2576 σχήματα·
1322 2505 1440 2560 ἀλλ’
1476 2501 1535 2560 εὖ
1570 2507 1706 2563 ῐστω
1738 2508 1815 2572 ὡς
1856 2526 1981 2563 και-

391 2592 622 2663 νοτομία
651 2593 772 2647 τότε
804 2594 936 2666 περὶ
969 2595 1039 2649 τὰ
1073 2598 1317 2667 στοιχεῖα
1341 2597 1666 2669 γεγένηται*
1691 2600 1762 2655 τά
1785 2617 1849 2654 τε
1872 2602 1983 2672 γὰρ

394 2684 579 2756 μέτρα
608 2685 706 2737 καὶ
731 2684 829 2757 τὴν
849 2686 1067 2740 ἑαυτῶν
1088 2687 1245 2754 τάξιν
1275 2687 1573 2759 ἐκϐέϐηκε,
1598 2690 1659 2746 τὸ
1690 2692 1820 2764 περὶ
1845 2692 1985 2748 αύτά

390 2775 574 2840 πάθος
610 2776 1034 2848 ἐνδεικνύμενα,
1067 2777 1174 2832 καί
1195 2794 1314 2842 πως
1357 2779 1559 2852 ἑαυτὴν
1594 2782 1637 2852 ἡ
1669 2781 1848 2847 κτίσις
1890 2802 1985 2856 pa-

395 2869 585 2938 μετται
611 2912 627 2934 ,
660 2868 738 2933 ὡς
790 2868 858 2924 ἂν
898 2870 1035 2940 μηδὲ
1086 2868 1324 2925 ἐνταῦθα
1367 2870 1465 2924 τοῦ
1521 2872 1721 2927 παθεῖν
1767 2875 1985 2928 ἀπολεί-

393 2976 577 3026 ποιτο,
614 2960 651 3031 ἢ
679 2960 777 3015 καὶ
803 2959 947 3014 κατά
970 2960 1035 3014 τὸ
1065 2960 1237 3025 πάθος
1267 2958 1510 3033 Χριστοῦ
1540 2962 1600 3015 τὸ
1625 2963 1714 3018 διά
1742 2964 1982 3036 σταυροῦ

2085 1789 2201 1840 ram
2226 1799 2320 1840 aer
2342 1784 2595 1848 refertus,
2622 1784 2815 1839 deinde
2841 1798 2940 1837 suo
2967 1783 3185 1852 proprio
3209 1797 3374 1837 cursu
3408 1783 3460 1837 in
3488 1782 3656 1837 altum
3756 1778 3763 1785 ’

2085 1876 2285 1945 elatus,
2333 1884 2391 1932 et
2439 1875 2496 1931 in
2554 1873 3107 1945 aetherislpermistus
3168 1875 3423 1945 regione,
3478 1874 3661 1931 calore

2084 1979 2366 2038 concepto,
2416 1966 2501 2020 ita
2526 1965 2670 2021 dicta
2700 1974 2845 2018 astra
2889 1964 3250 2019 discurrentia
3297 1962 3563 2028 elIeccrit,
3603 1973 3661 2018 et

2086 2056 2295 2113 faculas
2344 2065 2395 2111 et
2423 2055 2641 2110 titiones
2685 2052 3016 2123 appellatos,
3061 2061 3307 2106 cometas
3335 2065 3572 2131 quoque,
3605 2060 3661 2105 et

2087 2148 2346 2204 barbatos
2412 2145 2683 2216 globulos,
2716 2152 2769 2198 et
2818 2157 3153 2212 quacunque
3203 2141 3304 2196 alia
3355 2141 3660 2211 huiusmodi

2087 2238 2266 2295 solent
2327 2236 2681 2306 phzeuomena
2741 2245 3038 2301 apparere;
3113 2230 3209 2285 sed
3278 2230 3448 2301 probe
3523 2229 3663 2285 sciat

2088 2344 2287 2384 novum
2321 2340 2510 2382 revera
2562 2324 2765 2392 aliquid
2801 2332 2929 2377 tunc
2964 2323 3016 2375 iu
3046 2320 3327 2376 elementis
3359 2319 3661 2379 exstitisse.

2087 2400 2299 2477 Etenim
2334 2418 2553 2474 modulo
2598 2416 2759 2472 solito
2805 2425 2970 2485 atque
3020 2413 3215 2469 ordine
3269 2421 3677 2478 excesserunt,

2088 2509 2331 2566 dolorem
2377 2521 2533 2563 suum
2577 2506 2646 2561 ob
2680 2518 2773 2560 eas
2821 2519 2909 2559 res
2941 2501 3307 2559 ostendentia.
3337 2499 3518 2570 Seque
3543 2502 3662 2570 ipsa

2089 2598 2490 2671 quodammodo
2518 2604 2711 2651 natura
2741 2594 3076 2659 imitabatur,
3104 2601 3163 2648 ut
3193 2607 3264 2648 ne
3301 2602 3411 2646 tum
3438 2592 3659 2661 quidem

2089 2691 2200 2763 pati
2232 2690 2547 2752 omitteret,
2594 2701 2715 2757 quae
2760 2684 2979 2741 Christo
3018 2684 3314 2740 salutarem
3347 2683 3660 2754 passionem

2092 2783 2146 2837 in
2174 2794 2335 2837 cruce
2382 2779 2641 2844 obeunte,
2675 2775 2922 2833 Creatori
2951 2791 3049 2831 suo
3080 2790 3145 2830 ac
3175 2774 3404 2831 Domino
3430 2772 3664 2843 patienti

2091 2885 2375 2939 compassa
2408 2867 2618 2934 fuerat;
2663 2881 2773 2937 quo
2816 2874 3061 2935 tempore
3093 2864 3381 2919 luminaria
3417 2862 3659 2919 cmlestia

2093 2958 2326 3014 invicem
2375 2964 2811 3023 concurrerunt,
2853 2955 3199 3023 tenebraaque
3228 2954 3459 3011 insolitas
3485 2963 3538 3007 et
3581 2952 3667 3006 in-

390 3050 457 3104 τδ
484 3052 760 3123 σωτήριον
779 3092 796 3119 ,
830 3051 1138 3123 τῷΚτίστῃ
1159 3052 1255 3106 καὶ
1279 3052 1525 3124 Δεσπότῃ
1553 3054 1861 3126 συνέπασχε
1882 3056 1980 3112 πά·

2095 3050 2462 3118 tempestivae,
2507 3047 2685 3103 diurni
2725 3045 2948 3101 luminis
2983 3045 3181 3101 seriem
3227 3046 3677 3116 interruperunt,

395 3155 586 3210 σχοντι
614 3181 630 3205 ,
664 3141 828 3213 ἡνίκα
858 3140 1151 3212 φωστῆρες
1185 3140 1503 3212 παραδόξως
1568 3144 1824 3215 ἀλλήλοις
1856 3162 1983 3200 συν-

393 3230 646 3304 έτρεχον,
670 3233 767 3288 καὶ
798 3233 990 3298 σκότος
1018 3232 1168 3298 ξένον
1198 3233 1293 3286 καὶ
1315 3231 1519 3303 ἄωρον,
1552 3233 1615 3286 τὸ
1641 3234 1865 3304 συνεχὲς
1889 3233 1985 3289 τοῦ

397 3324 583 3393 φωτδς
615 3325 716 3397 τῆς
752 3325 974 3396 ἡμέρας
1008 3323 1301 3389 διέκοπτε,
1352 3324 1448 3377 xal
1479 3322 1679 3394 πέτραι
1721 3323 1983 3396 διερρήγ-

2088 3150 2146 3199 et
2195 3149 2362 3212 petra:
2408 3138 2595 3196 scissae
2639 3146 2798 3206 sunt,
2851 3146 2907 3192 et
2939 3135 3209 3205 patefacta
3266 3135 3551 3206 sepulcra,
3607 3143 3666 3189 et

2092 3232 2292 3291 mortui
2323 3231 2641 3288 revixerunt
2663 3270 2680 3298 ,
2710 3239 2766 3284 et
2796 3239 3065 3299 qu0tquot
3094 3228 3200 3283 alia
3253 3236 3383 3284 tunc
3419 3225 3665 3298 contige-

2091 3331 2241 3392 τυιιῐ,
2268 3330 2470 3378 statum
2495 3336 2652 3377 suum
2683 3329 2934 3375 creatura
2966 3327 3238 3374 ηονοηιε..

394 3431 577 3481 vum,
606 3414 703 3468 καὶ
737 3413 903 3482 τάφοι
926 3411 1226 3484 ἠνοίγοντο,
1257 3416 1352 3468 καὶ
1386 3411 1572 3484 νεκροὶ
1600 3409 1971 3480 ἐξανίσταντο,
2011 3411 2109 3468 καὶ
2142 3412 2315 3488 τᾶλλα
2381 3412 2486 3468 ὅσα
2523 3410 2807 3466 συνέϐαινε
2842 3408 3349 3482 καινοτομουμένης
3408 3409 3510 3479 τῆς
3541 3407 3665 3463 κτίὲ

398 3523 558 3561 σεως.

465 3524 504 3560 ω
541 3545 558 3560 .
1402 3544 1407 3547 -

465 3523 710 3650 Τζιαῦτα
757 3596 1009 3687 ἔγνωμεν
1058 3598 1154 3653 καὶ
1207 3600 1377 3679 πάλαι
1427 3601 1570 3656 κατά
1611 3600 1723 3656 τῶν
1767 3600 1989 3656 ἀσεϐῶν

395 3688 777 3758 άπειλούμενα
822 3688 920 3742 καλ⁸
958 3688 1292 3760 τελούμενα,
1336 3691 1578 3763 ὁπηνίκα
1623 3692 1693 3746 τὰ
1743 3693 1985 3763 στοιχεῖα

395 3779 668 3852 ὑπερόρια
707 3780 941 3848 γίνοιτο,
1000 3782 1116 3844 τοῖς
1163 3779 1332 3845 θείοις
1395 3782 1815 3853 ὑπηρετούμενα
1861 3781 1983 3836 νεύ-

2116 3619 2120 3623 ·
2160 3596 2287 3654 Haec
2315 3596 2520 3656 scimus
2543 3594 2673 3652 olim
2706 3608 2923 3666 quoque
2952 3593 3132 3662 impiis
3161 3594 3327 3649 Deum
3355 3594 3663 3651 commina-

2089 3696 2203 3744 tum
2226 3727 2243 3755 ,
2275 3696 2330 3744 et
2362 3700 2551 3756 reapse
2584 3686 2670 3742 bis
2703 3686 2940 3756 impacta
2990 3684 3181 3749 fuisse,
3212 3698 3337 3739 cum
3388 3682 3667 3742 elementa

2088 3780 2224 3836 lines
2247 3794 2376 3837 suos
2400 3786 2776 3844 excesserunt,
2806 3776 3006 3832 divinis
3029 3775 3385 3844 obsequentia
3414 3778 3668 3835 nutibus.

399 3884 606 3939 μασινσ
662 3868 960 3940 ἀπιστήσει
1005 3867 1051 3922 δ’
1098 3868 1298 3933 οὐδεὶς,
1338 3870 1375 3942 ἢ
1415 3870 1564 3936 ὅστις
1622 3872 1723 3939 τὴν
1757 3872 1980 3941 ἄγνοιαν

2086 3869 2368 3927 Discredet
2416 3879 2598 3925 autem
2653 3883 2833 3947 nemo,
2874 3868 2975 3923 nisi
3009 3868 3149 3923 forte
3198 3866 3294 3922 Dei
3322 3868 3668 3938 iudiciorum

393 3958 507 4011 τῶν
553 3956 650 4011 τοῦ
702 3957 838 4012 Θεοῦ
882 3958 1174 4029 κριμάτων
1228 3959 1626 4032 ὴρῤώστηκεν·
1688 3963 1819 4033 ἡμῖν
1868 3962 1979 4034 γάρ

2086 3959 2394 4031 ignorantia
2421 3958 2654 4014 laborat.
2684 3958 2801 4013 Nos
2829 3957 3045 4028 quidem
3073 3958 3373 4027 Scripturis
3411 3973 3441 4012 a
3473 3969 3669 4015 sancto

396 4048 655 4102 πειστέον
709 4051 828 4113 τοῖς
863 4051 1280 4121 γεγραμμένοις
1315 4051 1469 4122 παρὰ
1503 4051 1597 4105 τοῦ
1640 4052 1979 4122 Πνεύματος,

2089 4050 2298 4122 Spiritu
2330 4051 2550 4107 dictatis
2596 4058 2813 4120 oportet
2843 4050 3088 4105 credere.
3123 4048 3288 4118 [mpii
3318 4048 3673 4117 replabuntur-

394 4140 481 4194 ὅτι
522 4140 789 4206 ’Δσεὸεἳς
840 4141 1303 4211 πλησθήσονται
1339 4141 1559 4198 κακῶν.
1603 4143 1713 4196 Καί
1734 4157 1748 4173 ’
1777 4143 1980 4213 Ἀμαρ-

2088 4141 2240 4196 malis
2257 4142 2324 4197 ".
2366 4141 2432 4195 Et
2472 4141 2796 4196 :PeccanIes
2829 4149 3205 4209 persequentur
3256 4138 3402 4191 mala
3425 4138 3493 4196 ".
3545 4138 3612 4194 Et
3641 4158 3669 4196 ι

395 4230 691 4297 τάνοηας
719 4231 991 4296 διώξεται
1043 4233 1221 4287 κακά.
1251 4234 1398 4300 Kal,
1452 4234 1551 4288 Ἑν
1581 4236 1761 4302 κακίᾳ
1793 4235 1980 4292 αὑτοῦ

2087 4231 2291 4302 Impius
2332 4232 2388 4285 in
2418 4231 2628 4285 malitia
2665 4247 2763 4285 sua
2795 4230 2984 4299 peribit
3002 4230 3070 4284 ⁷⁸.
3108 4228 3177 4283 Et
3204 4245 3219 4282 :
3254 4227 3572 4283 Reservatur
3591 4232 3676 4286 ad.

394 4321 705 4377 ἀπολεῖται
735 4326 769 4377 ὁ
797 4324 1045 4392 ἀσεϐής.
1076 4324 1186 4378 Καί
1207 4341 1221 4356 ο
1255 4325 1642 4380 Φυλάσσεται
1683 4330 1717 4381 ὁ
1754 4327 1980 4396 ἀσεϐὴς

2088 4324 2226 4378 diem
2263 4323 2459 4377 malam
2475 4323 2543 4377 τ’.
2569 4323 2634 4377 Et
2673 4341 2687 4378 :
2723 4322 2793 4377 In
2838 4323 3023 4376 sinum
3061 4329 3433 4376 convertentur
3470 4332 3669 4377 cuncta

396 4414 488 4478 είς
532 4412 762 4482 ἡμέραν
816 4414 1032 4482 κακήν.
1071 4415 1216 4469 Καί·
1244 4418 1349 4484 Ely
1395 4417 1629 4472 κόλπον
1677 4419 1980 4488 ἐπέρχεται

2090 4414 2284 4485 iniquis
2303 4414 2372 4468 ⁸⁸.
2403 4412 2588 4468 Palam
2635 4422 2721 4469 est
2764 4423 2955 4469 contra
2990 4411 3530 4468 Sodomitasdivinaa
3567 4415 3668 4469 iraa

398 4505 597 4561 πάντα
626 4507 753 4573 τοῖς
797 4508 1054 4575 ἀδίκοις.
1106 4510 1220 4564 Kal
1263 4510 1551 4582 πρόκειταί
1579 4527 1644 4580 γε
1674 4513 1708 4582 ἡ
1752 4496 1980 4583 Σοδομικ

2089 4507 2482 4563 demonstratio
2507 4507 3019 4577 etcorreptio,tcum
3047 4506 3203 4575 ignea
3233 4504 3413 4575 pluvia
3437 4506 3663 4563 descen-

396 4597 511 4651 τῶν
529 4639 545 4665 ,
571 4598 674 4667 τῆς
700 4598 852 4663 θείας
879 4602 1053 4673 ὀργῆς
1079 4601 1279 4673 δεῖγμα
1319 4603 1419 4657 καὶ
1450 4602 1750 4672 παίδευμα,
1791 4604 1879 4672 ἐφ’
1911 4603 1980 4675 ην

2087 4598 2260 4664 dens,
2297 4599 2485 4654 omnia
2533 4599 2772 4668 regionis
2831 4598 2948 4667 eius
3001 4596 3308 4653 circulatim
3361 4597 3679 4668 depascens.

397 4689 462 4742 τὸ
487 4689 825 4744 καταϐάσιον
846 4690 957 4762 πῦρ
984 4692 1400 4764 κατομϐρῆσαν,
1429 4693 1497 4747 τὰ
1518 4693 1735 4765 ἐκείνης
1765 4693 1983 4748 ἅπαντα

402 4780 463 4832 έν
503 4778 693 4850 κύκλῳ
734 4780 1222 4852 καταϐοσκόμενον
1256 4784 1649 4855 ἀπετέφρωσεν
1673 4824 1689 4849 ,
1727 4778 1810 4847 οἷς
1844 4782 1980 4854 ὁμοῦ

401 4870 639 4923 καὶτῶν
674 4871 891 4944 ὁμόρων
949 4874 1105 4937 τινὰς
1147 4877 1211 4928 ἐκ
1259 4874 1477 4947 βάθρων
1518 4874 1698 4929 αὐτῶν
1738 4890 1982 4945 συγκατ-

400 4961 623 5034 εδήδοκε
657 4965 864 5032 πόλεις,
882 4957 958 5019 ὧν
996 4965 1167 5019 είσέτι
1204 4967 1296 5020 καὶ
1325 4966 1420 5021 νῦν
1446 4967 1521 5032 ῶς
1548 4983 1681 5038 φασι
1705 4968 1985 5039 τεκμήρια

398 5051 726 5117 διασώζεται
752 5070 767 5086 ’
800 5057 893 5109 καὶ
921 5055 1125 5111 τούτων
1153 5073 1220 5126 γε
1258 5057 1524 5129 πρότερον
1562 5060 1600 5131 ἡ
1632 5058 1979 5130 γεγενημένη

397 5143 476 5215 τῷ
512 5145 706 5217 κόσμῳ
747 5146 807 5212 ἐξ
843 5148 1055 5202 ὑδάτων
1087 5148 1393 5214 ὲπίκλυσις,
1423 5150 1549 5204 καθ’
1582 5151 1651 5221 ἢν
1685 5150 1715 5202 ὁ
1748 5148 1979 5213 ὑετίζων

400 5232 634 5300 ἐξαίσια,
667 5234 899 5289 ἄπλετον
921 5237 1076 5307 ἠφίει
1106 5237 1248 5291 κατά
1273 5237 1384 5293 τῶν
1404 5240 1805 5310 ἡμαρτηκότων
1824 5281 1839 5304 ,
1866 5238 1984 5292 τῶν

398 5323 568 5391 ξένων
598 5325 824 5380 ἐκείνων
854 5327 951 5381 καὶ
984 5329 1308 5399 παραδόξων
1335 5328 1560 5400 ὄμϐρων
1585 5330 1684 5402 τὴν
1713 5332 1939 5400 ἔκχυσιν
1962 5347 1976 5363 ·

400 5416 490 5471 ὅτε
520 5416 772 5471 κάτωθεν
819 5419 917 5489 μὲν
960 5420 1017 5474 αί
1062 5420 1236 5490 πηγαὶ
1264 5421 1365 5491 τῆς
1398 5420 1641 5476 ἀϐύσσου
1682 5423 1979 5493 περιερρή-

399 5522 631 5575 γνυντο,
676 5507 914 5579 ὑπερθεν
958 5511 1016 5565 δέ
1056 5510 1164 5563 τῶν
1206 5510 1455 5583 οὐρανῶν
1497 5514 1545 5566 οί
1598 5514 1979 5585 καταρράκται

2087 4691 2295 4759 redegit
2324 4690 2377 4745 in
2407 4691 2681 4756 cinerem;
2704 4690 3028 4761 quibuscum
3055 4690 3413 4746 ﬁnitimorum
3439 4706 3661 4761 quoque
3732 4736 3737 4739 .

2088 4781 2375 4838 nonnullas
2429 4782 2593 4837 urbes
2647 4781 2789 4853 ignis
2843 4782 3177 4851 absumpsit,
3226 4797 3460 4852 quarum
3514 4798 3675 4839 nunc.

2088 4874 2288 4938 adhuc,
2324 4880 2384 4929 ut
2408 4875 2582 4940 aiunt,
2630 4872 2829 4927 indicia
2862 4881 3181 4941 supersunt.
3217 4873 3360 4941 Quin
3407 4884 3464 4930 et
3494 4885 3680 4931 antea.

2086 4979 2349 5035 aquarum
2377 4964 2636 5019 diluvium
2681 4963 2882 5018 mundo
2913 4975 3354 5033 supervenerat;
3376 4982 3485 5037 quo
3518 4977 3658 5021 tem?

2080 5070 2212 5127 pore
2255 5054 2492 5125 pluviale
2537 5055 2656 5109 sine
2695 5054 2802 5109 line
2846 5054 3069 5120 coelum,
3111 5056 3432 5111 immensam
3490 5072 3673 5127 supra.

2082 5156 2399 5215 peccatores
2423 5144 2760 5200 insolitarutn
2783 5153 2945 5214 atque
2964 5146 3362 5202 incredibilium
3389 5164 3663 5218 aquarum

2083 5237 2293 5307 copiam
2346 5235 2579 5292 effudit:
2616 5251 2740 5291 cum
2783 5235 2996 5292 inferne
3046 5239 3230 5308 abyssi
3283 5240 3463 5293 fontes
3525 5249 3656 5292 sunt

2084 5327 2282 5397 dirupti
2306 5368 2322 5393 ,
2367 5340 2600 5396 superne
2666 5335 2849 5383 autem
2888 5328 3012 5384 coeli
3049 5338 3336 5383 cataracta:
3370 5327 3655 5397 patefactae

2085 5429 2250 5485 sunt,
2312 5419 2584 5475 universis
2631 5421 2857 5475 omnino
2900 5419 3278 5488 pereuntibus,
3330 5428 3385 5473 et
3436 5419 3659 5472 cunctis

2087 5521 2244 5568 terra:
2273 5510 2647 5567 cacuminibus
2682 5510 2893 5567 obrutis
2921 5527 2934 5563 :
2974 5523 3112 5564 unus
3146 5516 3325 5563 autem
3353 5508 3536 5578 justus
3570 5509 3657 5567 vir.

471 5661 517 5694 "
552 5661 718 5718 Prov.
750 5677 849 5729 ut,
872 5662 963 5717 2|.
1039 5664 1080 5697 ⁷⁷
1114 5665 1275 5719 Prov.
1310 5679 1429 5732 xm,
1454 5663 1543 5718 2|.
1621 5666 1664 5697 ⁷⁸
1695 5664 1853 5721 l’rov.
1888 5681 1975 5719 xw

2086 5676 2109 5722 ;.
2185 5665 2233 5699 "
2272 5666 2435 5723 Prov.
2465 5680 2575 5734 XVI,
2607 5667 2691 5722 ιθ.
2768 5665 2818 5699 ⁸⁸
2842 5664 3001 5719 Prov.
3037 5677 3150 5733 χνι,
3184 5663 3391 5734 55,61:
