4032 6208
381 222 487 284 499

1341 215 1352 230 “
1404 231 1463 291 s.
1500 227 1914 291 NICEPIIORI
1949 232 2456 296 PATRIARCH/E
2493 237 2606 298 cp.

3520 253 3625 316 500

378 345 500 384 tum
547 329 734 386 liberis
763 341 926 402 atque
958 335 1272 392 mulieribus
1296 352 1418 389 arca
1462 335 1636 406 lignea
1667 351 1829 404 supra
1859 337 1925 392 de

2051 335 2376 410 διῴγνυντο,
2408 341 2580 413 ἄρδην
2607 342 2867 401 ἁπάντων
2897 347 3325 422 ἀπολλυμένων,
3365 357 3464 411 καὶ
3487 375 3626 414 παν-

374 421 517 478 latus
551 421 839 480 incolumis
868 424 992 492 fuit,
1031 426 1168 482 alter
1199 427 1360 483 veluti
1397 427 1658 494 Adamus,
1697 427 1810 482 Deo
1837 429 1942 482 mi-

375 523 631 580 serante,
679 531 747 572 ne
781 518 1095 573 universum
1145 519 1374 572 interra
1421 517 1716 572 humanum
1772 533 1944 588 genus

375 607 656 662 deficeret.
691 608 827 676 Quia
877 609 1040 678 igitur
1090 609 1231 664 haud
1282 607 1432 676 juxta
1485 620 1692 664 natura:
1724 625 1942 664 cursum

376 695 466 751 illa
499 708 820 762 evenerunt,
870 714 974 754 non
1026 699 1169 754 enim
1203 698 1338 755 fines
1376 714 1504 754 suos
1544 699 1790 754 coelestia
1821 713 1940 754 ser-

373 798 602 853 varunt,
658 790 790 844 nihil
830 791 1001 845 vetuit
1043 791 1174 861 quin
1227 799 1414 861 postea
1463 791 1514 845 in
1549 798 1748 846 terram
1802 790 1942 859 ignis

373 878 662 950 sulfurque
733 895 764 935 a
832 879 1062 937 Domino
1112 881 1353 952 plueret.
1413 881 1702 952 subitoque
1756 881 1940 935 omnia

371 979 754 1026 exurerentur.
811 969 1008 1041 Utique
1039 973 1353 1026 imminebat
1386 971 1670 1027 manifeste
1713 972 1807 1026 ira:
1841 969 1942 1024 ful-

373 1074 520 1120 men.
553 1061 656 1116 nisi
708 1061 799 1116 Dei
857 1072 980 1118 nota
1011 1065 1382 1133 praevaluisset
1420 1061 1577 1134 135
1616 1061 1900 1118 clementia
1925 1101 1939 1127 ,

370 1163 494 1218 quae
527 1151 869 1220 peccantium
900 1167 1115 1224 poenam
1150 1154 1266 1209 sine
1301 1155 1466 1208 dubio
1507 1153 1751 1215 distulit,
1793 1153 1941 1220 Ipso-

370 1254 489 1294 rum
523 1241 898 1310 poenitentiam
947 1253 1297 1314 exspectans.
1343 1243 1449 1299 Sed
1493 1243 1640 1298 enim
1677 1242 1807 1296 mihi
1837 1243 1940 1296 ho-

370 1329 562 1385 dierna
610 1342 831 1401 peccata
856 1333 1064 1403 majora
1097 1335 1268 1390 multo
1298 1335 1569 1390 videntur.
1601 1333 1738 1400 Quia
1775 1331 1938 1404 prisci

371 1416 448 1472 illi
477 1417 740 1474 adversus
771 1431 1087 1478 creaturam
1130 1425 1494 1486 insanierunt,
1527 1421 1580 1478 hi
1613 1431 1802 1477 contra
1837 1422 1939 1476 Do-

369 1509 575 1564 minum
628 1519 892 1568 creaturae
945 1515 1149 1570 rabiem
1190 1529 1344 1570 suam
1400 1513 1787 1569 contumeliose
1839 1526 1940 1566 ex-

370 1612 788 1668 prompserunt;
822 1602 1004 1671 primo
1050 1601 1268 1672 quidem
1321 1604 1560 1658 divinum
1600 1618 1798 1674 corpus
1828 1617 1941 1660 ex-

2051 429 2142 494 τὸς
2163 431 2447 502 οἰχομένου
2485 432 2578 487 τοῦ
2605 435 2748 507 ὑπὲρ
2774 437 2878 509 γῆν
2898 439 3354 516 ἐπαναστήματος
3371 463 3388 477 ο
3415 447 3627 516 δίκαιος

2049 518 2107 573 δέ
2144 520 2304 591 μόνος
2354 521 2494 594 ἀνὴρ
2527 525 2718 580 παισὶν
2769 527 2890 594 ἅμα
2927 530 3024 584 καὶ
3065 533 3347 602 γυναιξὶν,
3385 537 3446 592 ἐν
3483 538 3629 613 ξύλῳ

2051 607 2190 680 ὑπὲρ
2241 609 2451 664 ὑδάτων
2496 613 2796 684 φερόμενος
2827 615 3154 686 διεσώζετο,
3197 618 3290 678 οἷά
3316 643 3402 691 τις
3453 607 3628 702 ’Δδάμ

2049 701 2406 771 χρηματίζων
2441 701 2716 777 δεύτερος,
2745 709 2884 762 Θεοῦ
2925 715 3418 787 κατοικτείροντος,
3449 721 3528 786 ῶς
3558 701 3627 778 ἂν

2051 790 2127 860 μη
2175 791 2410 860 πάμπαν
2442 793 2700 850 ἀπολίποι
2749 797 2812 852 rb
2855 799 3019 868 γένος
3065 804 3132 858 ἐκ
3163 805 3267 876 γῆς
3306 808 3624 880 τδιάνθρώ-

2047 895 2223 934 πειον.
2270 881 2422 936 Ἐπεὶ
2471 880 2565 938 οὖν
2602 885 2664 938 ού
2711 887 2856 941 κατὰ
2898 889 3115 958 φύσεως
3157 894 3482 952 ἀκολουθίαν
3522 903 3626 954 κά-

2047 972 2202 1024 κεῖνα
2231 972 2536 1042 ἐπράττετο
2571 977 2666 1046 (ού
2695 977 2804 1046 γὰρ
2837 979 3008 1050 δήπου
3041 984 3170 1048 τοὺς
3197 987 3436 1052 οἰκείους
3463 992 3624 1062 ὅρους

2045 1061 2316 1132 τετήρηκε
2333 1063 2398 1116 τά
2425 1067 2738 1138 μετάρσια),
2763 1068 2916 1122 οὐδὲν
2946 1070 3152 1126 ἐκώλυε
3181 1075 3278 1130 καὶ
3300 1071 3457 1142 αὖθις
3481 1061 3628 1154 κατά

2045 1149 2152 1220 γῆς
2183 1150 2374 1220 βρέξαι
2401 1153 2606 1224 Κύριον
2632 1155 2745 1226 πῦρ
2775 1159 2869 1212 καὶ
2899 1157 3042 1214 θεῖον
3067 1163 3220 1234 παρά
3246 1167 3455 1237 Κυρίου
3525 1173 3626 1226 καὶ

2045 1239 2240 1310 ἀθρόον
2278 1242 2343 1295 ἂν
2385 1243 2746 1315 ἀπῃθάλωσεν
2785 1247 3005 1302 ἅπαντα
3028 1267 3043 1281 ·
3081 1253 3175 1307 καὶ
3206 1255 3316 1327 γὰρ
3345 1259 3624 1326 ἠπειλεῖτο

2047 1330 2235 1400 σαφῶς
2261 1331 2364 1402 τῆς
2395 1333 2568 1404 ὀργῆς
2612 1334 2674 1388 τὸ
2716 1341 3099 1411 πρηστήρων,
3147 1346 3197 1398 εί
3235 1346 3310 1418 μὴ
3337 1347 3431 1402 τοῦ
3480 1351 3621 1404 Θεοῦ

2043 1422 2327 1494 νενίκηκεν
2361 1425 2622 1494 ἐμφανῶς
2657 1425 2720 1480 τὸ
2764 1428 3180 1501 φιλάνθρωπον,
3215 1431 3274 1500 ὃς
3311 1436 3410 1509 τὴν
3445 1457 3618 1511 τιμωι-

2047 1510 2168 1582 ρίαν
2197 1511 2312 1582 τὴν
2361 1515 2504 1567 κατά
2533 1514 2644 1570 τῶν
2692 1517 3044 1587 ἀνομούντων
3087 1525 3341 1594 ἐναργῶς
3389 1510 3622 1584 ἀνεϐάλ-

2041 1598 2194 1666 λετο,
2251 1602 2685 1672 ἀπεκδεχόμενος
2718 1605 2898 1658 αὐτῶν
2945 1607 3044 1679 τὴν
3095 1612 3403 1680 μετάνοιαν.
3457 1617 3623 1680 Ἀλλά

369 1693 676 1746 cruciantes
699 1693 986 1764 crucisque
1007 1696 1217 1750 acerba:
1241 1695 1358 1750 neci
1379 1694 1716 1764 addicentes,
1747 1695 1935 1748 deinde

2044 1705 2136 1760 μοι
2177 1689 2330 1744 δοκεῖ
2375 1691 2559 1762 πολλῷ
2601 1691 2775 1764 μείζω
2813 1695 3052 1751 ἐνταῦθα
3090 1699 3160 1754 τά
3200 1702 3616 1776 ἁμαρτήματα,

370 1779 638 1838 adversus
665 1781 906 1849 ejusdem
957 1786 1201 1854 corporis
1233 1799 1420 1842 sacras
1455 1786 1713 1856 imagines
1741 1785 1940 1840 debac-

368 1871 621 1928 chautes.
680 1874 1044 1942 Quamobrem
1106 1881 1248 1935 haud
1303 1895 1362 1936 se
1413 1881 1699 1937 continere
1751 1880 1940 1950 quieta

367 1963 640 2021 elementa
672 1977 969 2036 potuerunt
1017 1971 1284 2029 Creatore
1327 1989 1428 2030 suo
1457 1972 1684 2040 offenso,
1712 1972 1940 2054 sed‘do-

368 2053 538 2110 lorem
592 2057 866 2116 insolitum
927 2063 998 2120 ob
1053 2079 1174 2119 eam
1227 2065 1522 2120 novitatem
1571 2079 1732 2136 passa
1788 2071 1937 2119 sunt.

367 2143 644 2204 Mittamus
683 2149 869 2208 dicere
899 2163 1030 2224 quot
1063 2156 1240 2211 civilia
1284 2156 1421 2212 bella
1459 2157 1543 2210 ha:
1577 2169 1756 2211 rerum
1789 2155 1937 2208 vices

367 2233 628 2294 adversus
653 2237 994 2300 Christianos
1020 2247 1370 2314 concitarint,
1393 2263 1514 2320 quae
1546 2247 1764 2318 longum
1790 2252 1937 2302 esset

365 2331 420 2378 et
447 2327 897 2394 operosissimum
931 2345 1214 2388 enarrare.
1321 2346 1326 2351 '

2041 1779 2273 1853 ἐπείπερ
2302 1782 2504 1836 ἐκεῖνοι
2535 1783 2636 1853 μὲν
2683 1786 2764 1848 είς
2805 1785 2906 1855 τὴν
2941 1789 3124 1844 κτίσιν
3169 1795 3477 1864 μεμηνότες
3515 1814 3621 1854 are.-

2042 1873 2441 1943 παρῳνήκασιν
2459 1915 2474 1941 ,
2505 1869 2652 1929 οὗτοι
2681 1876 2740 1930 δέ
2771 1878 2913 1932 κατά
2942 1879 3036 1934 τοῦ
3066 1883 3339 1938 Δεσπότου
3365 1887 3464 1956 τῆς
3495 1889 3618 1942 κτίο

2044 1979 2181 2026 σεως
2207 1962 2596 2036 λελυττηκότες
2623 1965 2940 2040 ἐξύϐρισαν,
2967 1972 3236 2046 πρότερον
3260 1976 3358 2046 μὲν
3387 1978 3447 2031 τδ
3472 1977 3620 2033 θεῖον

2043 2053 2206 2125 σῶμα
2249 2056 2586 2126 αἰκιζόμενοι
2630 2059 2725 2112 καὶ
2777 2061 2999 2134 σταυρῷ
3045 2065 3259 2138 πικρῶς
3314 2069 3620 2126 καταδικά-

2043 2145 2262 2211 ζοντες,
2293 2146 2485 2202 ἔπειτα
2522 2147 2578 2202 δὲ
2605 2151 2684 2212 είς
2712 2152 2840 2216 τοὺς
2881 2153 2978 2207 τοῦ
3021 2154 3274 2226 σώματος
3306 2159 3485 2230 ἱεροὺς
3515 2162 3622 2232 ἐμ-

2041 2233 2428 2306 παροινοῦντες
2467 2235 2706 2302 τύπους’
2755 2238 2837 2292 διδ
2897 2243 3000 2296 οὐκ
3044 2243 3232 2299 ἐσθενε
3265 2246 3334 2300 τὰ
3377 2253 3619 2320 στοιχεῖα

2039 2317 2127 2396 eq)"
2158 2327 2368 2382 ἐαυτῶν
2393 2333 2730 2402 κατηρεμεϊν
2761 2334 3120 2408 ὑϐριζομένου
3144 2339 3241 2394 τοῦ
3277 2317 3582 2408 κτίσαντος
3601 2383 3620 2410 ,

365 2415 540 2481 πάθος
573 2419 631 2474 δὲ
677 2424 807 2494 περὶ
851 2424 992 2478 αὐτὰ
1035 2422 1512 2496 καινοτομούμενα
1555 2426 1821 2496 ὑφίστατο
1871 2421 1932 2476 τὸ
1967 2417 2309 2491 παράδοξον·
2341 2419 2520 2492 ἐῶμεν
2585 2423 2768 2492 λέγειν
2801 2427 2949 2492 οἴους
3014 2430 3288 2503 πολέμους
3315 2435 3620 2505 ἐμφυλίους

363 2505 624 2579 δτρόπος
676 2507 830 2578 οὗτος
876 2515 1020 2570 κατά
1061 2517 1404 2588 Χριστιανῶν
1448 2517 1807 2591 ἀνερρίπισε,
1842 2513 1938 2569 καὶ
1973 2507 2142 2566 τᾶλλα
2170 2509 2206 2564 ἃ
2233 2513 2416 2579 λέγειν
2484 2514 2696 2586 μακρὸν
2721 2516 2788 2570 ἃν
2818 2515 2904 2588 είη
2937 2518 3033 2573 καὶ
3095 2521 3526 2592 ἐργωδέστατον.

435 2601 526 2655 67.
563 2601 670 2658 Sed
717 2605 870 2662 valde
909 2608 1184 2666 exsultant
1229 2611 1284 2666 hi
1337 2611 1563 2666 helluini
1613 2626 1680 2666 ac
1725 2607 1930 2672 stolidi,

365 2690 522 2758 quasi
577 2694 860 2764 prosperis
910 2699 1256 2757 successibus
1307 2699 1593 2766 ﬂorentes,
1649 2709 1705 2756 et
1747 2713 1937 2770 super-

364 2778 540 2836 biunt.
571 2782 644 2837 At
677 2785 822 2840 enim
855 2801 976 2856 qua:
1013 2788 1196 2860 lingua
1250 2799 1552 2862 temporum
1589 2793 1802 2847 illorum
1838 2805 1932 2858 pe-

367 2875 608 2941 nuriam,
633 2885 690 2934 et
711 2891 779 2934 ex
803 2880 1026 2948 penuria
1055 2881 1394 2939 calamitates
1419 2883 1626 2954 tragice
1656 2882 1936 2938 narrabit?

365 2959 491 3018 Fuit
546 2965 690 3018 enim
743 2981 936 3036 reapse
985 2968 1156 3026 fames
1207 2972 1452 3028 omnium
1505 2971 1829 3068 gravissima
1879 2982 2006 3068 etc

366 3054 757 3124 acerbissima,
806 3072 929 3126 qua:
975 3075 1151 3131 neque
1191 3071 1460 3132 praesente
1505 3055 1606 3118 hac
1643 3062 1756 3133 jam
1798 3062 1936 3116 inci-

364 3143 572 3212 piente,
617 3161 792 3216 neque
835 3149 1071 3220 antiquis
1097 3152 1238 3220 apud
1277 3152 1566 3207 historicos
1597 3153 1934 3218 memoratis,

367 3235 547 3291 minor
583 3237 824 3307 exstitit;
863 3249 1028 3311 atque
1057 3241 1204 3300 illam
1245 3259 1368 3314 quae
1411 3243 1936 3318 Hierosolymitanos

365 3325 620 3384 obsessos
656 3330 952 3399 corripuit,
986 3347 1152 3403 prope
1173 3335 1498 3406 exaequavit.
1531 3335 1664 3392 Nam
1697 3346 1751 3392 et
1784 3337 1895 3390 illic
1917 3375 1935 3404 ,

365 3421 426 3468 ut
472 3428 726 3482 narrant,
769 3419 914 3476 fame
957 3437 1162 3492 pressa:
1210 3426 1642 3497 excruciataeque
1693 3425 1937 3484 infelices

363 3515 571 3562 matres
619 3518 806 3578 partus
840 3513 1044 3582 proprii
1089 3528 1285 3571 carnes
1333 3517 1720 3572 miserabiliter
1747 3530 1936 3588 gusta-

362 3607 529 3664 runt,
557 3608 749 3655 natura
796 3603 881 3658 sui
911 3606 1300 3676 propemodum
1327 3608 1519 3666 oblita.
1562 3609 1625 3666 Et
1659 3611 1800 3676 apud
1836 3627 1936 3668 nos

362 3688 552 3744 eadem
595 3692 910 3748 calamitate
978 3695 1186 3753 adacta:
1244 3700 1454 3756 ventris
1507 3702 1590 3756 sui
1637 3699 1782 3758 fetus
1814 3718 1936 3756 mu-

362 3775 526 3832 lieres
563 3793 884 3836 terumnosae
927 3785 1262 3854 vendentes,
1295 3789 1475 3843 cibum
1508 3791 1610 3846 sibi
1643 3807 1708 3846 ex
1761 3793 1936 3846 visce-

362 3881 484 3921 rum
533 3883 754 3925 suorum
807 3872 1166 3932 distractione
1223 3880 1512 3933 curabant.
1565 3881 1736 3936 Aiunt
1784 3885 1931 3943 enim

360 3959 450 4014 vix
511 3961 904 4033 quinquaginta
949 3965 1134 4021 aureis
1183 3967 1353 4024 tritici
1411 3971 1651 4026 modium
1703 3975 1931 4040 penuria

358 4059 639 4120 premente
667 4052 838 4107 coemi
879 4055 1142 4124 potuisse.
1190 4058 1257 4113 Et
1282 4059 1396 4116 illic
1427 4047 1647 4131 quidem
1695 4063 1929 4120 hostium

364 4139 626 4204 incursio,
659 4139 931 4199 diuturnae
961 4143 1261 4203 obsidionis
1280 4151 1512 4218 spatium
1536 4192 1552 4218 ,
1605 4153 1757 4210 urbis
1799 4170 1932 4210 con-

357 4227 564 4293 cluslo,
618 4238 877 4300 tanquam
921 4238 1058 4302 reti,
1091 4239 1157 4293 ab
1195 4243 1435 4296 exercitu
1475 4253 1678 4315 captaa,
1708 4245 1929 4302 calami-

2110 2601 2210 2669 εζν.
2277 2603 2440 2657 Ἀλλά
2483 2605 2627 2677 μέγα
2678 2609 3057 2680 κομπάζουσιν
3098 2614 3149 2666 οί
3194 2615 3488 2688 κτηνὼδεις
3522 2621 3622 2676 καὶ

2041 2691 2212 2757 ὅντως
2245 2693 2496 2766 ἀνόητοι,
2551 2697 2628 2762 ὼς
2664 2699 2730 2770 δὴ
2768 2703 2889 2766 ταῖς
2932 2701 3259 2776 εὐημερίαις
3294 2709 3621 2783 ἐνευθηνού-

2045 2800 2216 2855 μενοι,
2251 2789 2348 2840 καὶ
2401 2785 2790 2858 βρενθύονται·
2839 2792 2967 2847 ποία
3012 2794 3240 2863 γλῶσσα
3295 2801 3424 2865 τοὺς
3463 2820 3619 2874 τηνι-

2041 2875 2219 2931 καῦτα
2268 2877 2484 2949 λιμοὺς,
2538 2880 2633 2935 καλ⁵
2677 2882 2894 2966 τάς-ἐκ
2925 2887 3052 2958 ,τῶν
3101 2887 3280 2960 λιμῶν
3325 2895 3618 2966 συμφοράς

2035 2964 2502 3039 ἐκτραγῳδήσειες
2535 2971 2724 3040 Διμῶν
2750 2963 2859 3044 γὰρ
2899 2970 2968 3047 ἦν
3003 2977 3032 3030 ύ
3061 2977 3367 3045 δεινότατος
3401 2963 3617 3038 καὶ-πι-

2037 3056 2302 3126 κρότατος
2319 3097 2334 3122 ,
2368 3055 2491 3112 οὔτε
2528 3059 2623 3114 τοῦ
2650 3060 2746 3115 νῦν
2774 3063 3028 3119 ἐντεῦθεν
3052 3067 3426 3140 ἐναρξαμένου
3445 3115 3460 3137 ,
3483 3073 3612 3130 οὕτε

2035 3144 2146 3199 τῶν
2182 3147 2352 3202 πάλαι
2395 3153 2891 3224 μνημονευομένων
2932 3155 2966 3228 ἢ
3015 3157 3414 3233 ἱστορουμένων
3452 3165 3616 3220 ἐλατ-

2033 3235 2331 3308 τούμενος,
2365 3239 2462 3293 καὶ⁵
2499 3242 2702 3314 μικροῦ
2733 3243 2810 3316 τῷ
2846 3245 2988 3300 κατά
3018 3247 3116 3320 τὴν
3163 3249 3615 3324 Ἱεροσολυμιτῶν

2036 3331 2408 3402 συνενεχθέντι
2436 3333 2570 3388 ποτε
2597 3337 3003 3410 παρισούμενος
3023 3357 3036 3372 ·
3067 3342 3230 3396 κάκεῖ
3256 3344 3358 3414 μὲν
3381 3345 3512 3416 γὰρ,
3535 3349 3614 3412 ὡς

2035 3418 2488 3490 ἀναγέγραπται,
2535 3423 2614 3493 τῷ
2655 3425 2798 3496 λιμῷ
2836 3426 3162 3501 πιεζόμεναι
3209 3433 3306 3486 καὶ⁵
3357 3435 3614 3504 στροσού⁹
3663 3501 3683 3506 _

2038 3511 2196 3579 μεναι
2229 3511 2478 3582 μητέρων
2507 3514 2564 3567 αἱ
2600 3513 2890 3587 δύστηνοι,
2925 3520 3094 3588 γονῆς
3141 3523 3351 3588 οἰκείας
3385 3527 3614 3596 σαρκῶν

2035 3599 2286 3666 ἐλεεινῶς
2315 3603 2712 3673 ἀπεγεύσαντο,
2745 3607 3152 3683 ἐκλελησμριης
3179 3613 3378 3685 ἐαυτὴν
3417 3615 3615 3691 ῶσπερ

2032 3689 2134 3760 τῆς
2165 3690 2386 3760 φύσεως
2405 3710 2420 3725 ο
2451 3695 2731 3752 κάνταῦθα
2762 3701 2829 3769 τῇ
2865 3699 3002 3772 αὐτῇ
3047 3689 3477 3775 πρεσλούμεναι
3510 3709 3615 3777 μά-

2035 3797 2210 3850 στιγι,
2251 3783 2318 3838 τὰ
2356 3784 2554 3854 ἔκγονα
2591 3788 2937 3866 τῆς-κοιλίας
2967 3795 3230 3861 γυναῖκες
3258 3796 3616 3867 ἀπεμπολοῦ-
3665 3823 3670 3827 ·

2035 3888 2124 3926 σαι
2167 3872 2371 3939 ἄθλιαι,
2401 3879 2608 3948 τροφὴν
2650 3879 2787 3934 ίδίαν
2827 3881 2934 3936 τῶν
2971 3885 3295 3956 σπλάγχνων
3325 3887 3613 3944 ἐποιοῦντο

2029 3962 2130 4034 τὴν
2154 3964 2548 4038 ἀλλοτρίωσιν⁹
2590 3972 2727 4040 φασὶ
2773 3973 2884 4047 γὰρ
2941 3975 3096 4047 μόλις
3130 3979 3222 4032 καὶ
3276 3983 3356 4044 εἰς
3401 3983 3609 4054 πεντή-

2031 4069 2196 4106 κοντα
2239 4056 2476 4127 χρυσοῦς
2515 4058 2609 4112 τὸν
2634 4059 2728 4113 τοῦ
2778 4061 2930 4116 σίτου
2968 4062 3292 4130 ἐξωνεῖσθαι
3337 4069 3522 4138 μόδιον
3573 4073 3608 4140 ἡ

2029 4145 2234 4216 ἀπορία
2275 4149 2774 4220 συγκατηνάγκαζε
2798 4171 2812 4187 ο
2847 4155 3013 4209 κάκεῖ
3051 4157 3150 4228 μὲν
3177 4157 3286 4211 τῶν
3327 4158 3609 4230 πολεμίων

2027 4236 2061 4306 ἠ
2115 4235 2335 4306 ἔφοδος,
2381 4241 2478 4294 καὶ
2517 4241 2612 4295 τοῦ
2655 4245 2848 4315 χρόνου
2883 4246 2981 4318 τῆς
3023 4249 3436 4323 προσεδρείαςη
3463 4271 3611 4325 παρ-

359 4323 489 4378 tatis
516 4323 636 4393 ejus
671 4335 726 4380 et
755 4325 1202 4385 inenarrabilium
1241 4334 1505 4391 malorum
1539 4354 1720 4394 causa:
1747 4352 1922 4396 erant.

2037 4326 2193 4400 ολκη,
2226 4331 2321 4384 καὶ
2367 4332 2396 4385 ὁ
2435 4333 2801 4406 συγκλεισμδς
2851 4338 2952 4408 τῆς
3011 4339 3220 4405 πόλεως
3274 4343 3353 4406 ὡς
3389 4343 3495 4398 ὑπὸ
3523 4323 3607 4399 δι-

356 4415 512 4484 Apud
561 4431 662 4471 nos
715 4427 894 4472 autem
947 4434 1054 4474 non
1104 4419 1471 4481 Barbarorum
1520 4427 1782 4496 incursio,
1821 4447 1927 4487 non

357 4504 596 4560 hostium
631 4505 918 4574 adventus,
965 4525 1070 4564 non
1135 4511 1272 4568 valla
1323 4515 1391 4569 ab
1438 4517 1771 4576 adversariis
1822 4521 1932 4576 cir-

356 4594 656 4662 cumjecta,
693 4611 867 4667 neque
899 4597 1044 4654 aliud
1083 4603 1364 4670 quodlibet
1391 4607 1658 4675 exterius,
1700 4609 1794 4666 sed
1844 4611 1928 4664 of-

357 4687 510 4741 fensa
545 4687 700 4753 lldes,
745 4690 1034 4748 manifeste
1080 4693 1132 4748 id
1161 4693 1445 4758 alliciebat.
1493 4697 1627 4753 Nam
1660 4702 1752 4772 qui
1785 4702 1928 4770 apud

359 4792 458 4832 nos
489 4781 754 4850 regnabat
783 4791 1030 4852 apostata
1073 4796 1126 4841 et
1159 4795 1441 4858 tyrannus,
1477 4793 1670 4860 quovis
1704 4794 1925 4850 inimico

353 4880 450 4926 aut
493 4872 648 4930 hoste
698 4890 793 4944 per
839 4894 991 4934 suam
1029 4883 1358 4951 apostasiam
1410 4883 1672 4939 infensior
1715 4895 1835 4940 erat
1873 4895 1927 4940 et

353 4963 618 5031 asperior.
671 4963 778 5019 Sed
819 4965 896 5020 illi
931 4970 1149 5036 quidem
1190 4987 1412 5026 suorum
1449 4972 1718 5028 adversus
1751 4973 1908 5028 Chri-

353 5063 496 5110 stum
521 5053 822 5112 facinorum
848 5073 1037 5130 pmnas
1065 5063 1306 5132 luerunt;
1335 5072 1390 5119 et
1418 5065 1472 5120 lii
1505 5067 1674 5120 nostri
1704 5057 1957 5134 paribus~

351 5146 516 5202 malis
569 5147 766 5203 irretiti
815 5149 1081 5207 fuerunt:
1119 5167 1258 5208 unus
1317 5157 1513 5227 quippe
1557 5158 1809 5228 idemque
1855 5159 1922 5212 ab

353 5239 620 5295 ambobus
661 5238 901 5297 oﬂensus
947 5241 1147 5299 fuerat.
1183 5243 1310 5301 llazc
1357 5249 1554 5302 divinae
1585 5249 1808 5319 iustitiae
1842 5249 1921 5303 ira

353 5332 488 5396 fuit;
520 5331 662 5388 hanc
692 5332 784 5388 Dei
811 5332 1114 5391 olfensorcs
1143 5338 1446 5392 mercedem
1479 5339 1629 5395 illinc
1658 5340 1919 5394 referunt.

351 5421 484 5488 Quae
514 5422 648 5478 nihil
679 5423 1090 5482 considerantes
1121 5427 1322 5495 Christi
1360 5429 1544 5486 hostes
1564 5471 1580 5496 ,
1611 5433 1802 5487 uoluunt
1840 5433 1923 5486 iu-

352 5507 616 5578 telligere,
660 5514 804 5583 quod
855 5517 1001 5572 sicut
1044 5516 1174 5571 olim
1225 5516 1482 5575 Judaieus
1531 5523 1798 5591 populus,
1849 5523 1922 5578 oh

359 5598 624 5659 Mauassis
653 5603 964 5664 Iudaeorum
1000 5609 1144 5682 regis
1167 5611 1430 5672 adversus
1461 5612 1626 5668 Dcum
1659 5611 1914 5681 oﬂ‘ensas,

2033 4419 2198 4474 κτύου
2221 4423 2640 4496 περισχεθείσης
2669 4429 2784 4491 τοῖς
2806 4427 3168 4502 πλήθεσι,τῆς
3197 4436 3482 4504 συμφορᾶς
3510 4437 3606 4487 καὶ

2029 4507 2138 4570 τῶν
2175 4510 2366 4564 παθῶν
2396 4513 2506 4566 τῶν
2547 4514 2799 4587 άῤῥήτων
2835 4518 2894 4570 τὸ
2928 4519 3103 4574 αἴτιον
3128 4517 3230 4594 ἦν·
3262 4522 3501 4578 ἐνταῦθα
3546 4525 3605 4579 δὲ

2027 4599 2092 4652 ού
2140 4600 2433 4673 βαρϐάρων
2469 4603 2690 4674 ἔφοδος,
2732 4608 2794 4662 οὐ
2838 4604 3116 4680 πολεμίων
3167 4616 3494 4679 ἐπιστασία,
3539 4619 3605 4670 ού

2029 4690 2273 4762 χάρακες
2305 4694 2411 4748 ὑπὸ
2451 4695 2731 4766 δυσμενῶν
2762 4701 2821 4754 ἐν
2855 4699 3042 4773 κύκλῳ
3089 4705 3563 4775 περιπηγνύμενοι
3585 4747 3600 4770 ,

2027 4781 2150 4835 οὐδὲ
2187 4783 2320 4838 ἄλλο
2345 4785 2452 4839 τῶν
2493 4786 2692 4853 ἔξωθεν
2731 4791 2994 4846 ἐπιόντων
3042 4795 3228 4858 οὐδὲν,
3263 4796 3323 4850 τὸ
3353 4797 3412 4850 δὲ
3453 4801 3598 4854 κατὰ

2026 4874 2125 4944 τὴν
2155 4876 2340 4932 πίστιν
2387 4879 2628 4953 ἀδίκημα
2664 4875 2984 4955 περιφανῶς
3026 4887 3388 4944 διεδείκνυσιοο
3421 4893 3450 4944 ὁ
3490 4892 3602 4962 γὰρ

2027 4966 2378 5037 ἡγεμονεύων
2409 4971 2561 5036 ἐντὸς
2605 4975 2916 5048 ἀποστάτης
2949 4977 3045 5031 καὶ
3081 4977 3362 5051 τύραννος,
3395 4984 3600 5046 παντὸς

2023 5059 2223 5130 ἐχθροῦ
2259 5063 2353 5116 καὶ
2392 5064 2659 5134 πολεμίου
2697 5067 2784 5121 διά
2822 5067 2922 5140 τὴν
2959 5069 3301 5124 ἀποστασίαν
3336 5075 3364 5127 ὁ
3403 5075 3602 5146 δυσμε-

2025 5151 2284 5217 νέστατος
2332 5150 2400 5225 ἦν
2430 5156 2849 5226 χαλεπώτατος⁹
2887 5159 3028 5214 ἀλλά
3060 5163 3304 5218 κάκεῖνοι
3354 5166 3466 5218 τῶν
3516 5170 3599 5232 είς

2023 5243 2258 5311 Χριστὸν
2293 5245 2660 5318 τολμημάτων
2706 5250 2804 5314 τὰς
2841 5250 2998 5315 δίκας
3025 5253 3285 5319 ἐτίννυον,
3313 5256 3406 5308 καὶ
3447 5250 3598 5311 οὗτοι

2023 5337 2110 5406 ἐφ’
2137 5340 2346 5409 ὁμοίοις
2387 5345 2578 5408 κακοῖς
2618 5345 2865 5400 ἑάλωσαν
2890 5365 2904 5378 ·
2941 5343 3024 5413 εἷς
3055 5351 3164 5420 γὰρ
3204 5346 3273 5422 ἦν
3307 5353 3366 5405 ἐν
3415 5355 3598 5422 ἀμφο-

2022 5427 2202 5498 τέροις
2231 5431 2260 5482 ό
2294 5432 2684 5504 ύὸριζόμενος’
2720 5436 2948 5492 τοιαῦτα
2982 5438 3082 5508 μὲν
3106 5440 3174 5494 τὰ
3207 5442 3273 5495 ἐκ
3302 5443 3401 5514 τῆς
3439 5443 3596 5507 θείας

2021 5520 2178 5592 δίκης
2211 5525 2493 5596 μηνίματα
2513 5542 2529 5559 ο
2563 5526 2785 5582 τοιαῦτα
2827 5528 2884 5582 δέ
2911 5531 2960 5582 oi
2991 5532 3068 5594 είς
3103 5530 3236 5585 Θεὸν
3261 5533 3597 5604 άνομοῦντες

2023 5612 2092 5667 τὰ
2132 5613 2382 5686 ἐπίχειρα
2426 5618 2634 5674 ἐκεῖθεν
2662 5619 3010 5688 κομίζονται·
3051 5616 3128 5677 ὧν
3166 5623 3320 5678 οὐδὲν
3346 5623 3594 5681 ἀναθεω-
3651 5661 3656 5666 ς
