4032 6208
320 286 560 350 ~50!)

1486 287 1546 346 S.
1589 285 2006 346 NICEPBORI
2040 281 2545 346 PATRIARCH/E
2581 281 2692 343 (ΞΡ.

3594 272 3706 342 504

456 413 638 453 secum
685 411 911 469 operum
939 396 1125 453 'socios
1168 395 1461 460 abducunt,
1513 405 1567 451 et
1596 404 1871 465 tanquam-
1902 397 2020 450 exi-

2128 392 2795 466 συγκατακρημνίζονται,
2857 391 2956 446 καὶ
3003 391 3303 463 συνεργοὺς
3370 390 3704 461 ἐπάγονται,

460 490 675 546 tialibus
722 489 1095 546 instrumentis
1137 500 1354 543 suarum
1388 486 1650 542 adversus
1693 489 2028 543 orthodoxos

457 580 909 635 contumeliarum
958 589 1118 646 atque
1166 576 1484 646 iniuriarum
1540 586 1782 631 utuntur.
1818 576 2028 647 Quippe

460 669 585 724 doni
635 668 873 737 Spiritus
925 666 1232 721 unctionem
1284 664 1501 732 penitus
1553 665 1917 733 abnegantes,
1974 675 2028 720 et

459 774 669 815 sacram
722 757 1017 828 quamlibet
1080 756 1511 827 canonicamque
1563 757 1803 827 regulam
1866 759 2028 814 abro-

459 852 684 913 gantes,
740 852 903 914 atque
952 842 1334 900 ecclesiasticae
1384 846 1562 900 omnis
1623 846 2026 903 constitutionis

458 934 921 1006 ordinationisque
963 936 1150 1002 obliti,
1189 936 1439 991 civilibus
1472 937 1678 1007 legibus
1709 938 2027 1007 actibusque

458 1025 683 1094 vivunt,
715 1035 771 1082 et
815 1026 1104 1083 mundanis
1162 1027 1569 1097 magistratibus
1611 1037 1736 1082 sunt
1767 1028 2024 1092 obnoxii,

458 1126 513 1170 et
541 1118 685 1171 victu
708 1156 723 1181 ,
753 1118 993 1172 moribus
1013 1157 1029 1183 ,
1062 1118 1505 1181 conversatione,
1531 1115 1781 1186 iudiciis,
1819 1127 2028 1172 cunctis

459 1208 692 1277 denique
726 1208 849 1262 vitae
896 1207 1142 1271 actibus,
1194 1207 1281 1261 his
1325 1206 1701 1275 obtemperant
1742 1205 1811 1259 ab
1852 1205 2029 1274 iisque

458 1309 741 1367 reguntur.
786 1296 894 1352 Sed
943 1313 1050 1353 non
1099 1306 1182 1353 est
1218 1298 1332 1351 hate
1381 1295 1567 1351 Jacobi
1606 1295 1817 1365 portio,
1850 1310 2029 1366 neque

460 1388 762 1457 huiusmodi
807 1397 935 1442 sunt
976 1387 1404 1443 orthodoxorum
1437 1388 1689 1458 dogmata
1720 1402 1784 1443 ac
1808 1396 2028 1442 senten-

461 1484 593 1547 tiae,
646 1494 826 1550 neque
876 1479 982 1533 tale
1026 1479 1151 1535 vita:
1199 1480 1437 1547 ipsorum
1497 1480 1863 1550 propositum;
1918 1479 2029 1534 imo

460 1573 733 1627 contraria
779 1572 1036 1636 omnino,
1070 1586 1135 1626 ac
1167 1571 1242 1625 illi
1277 1571 1453 1627 solent
1491 1570 1815 1640 perditionis
1841 1584 2029 1636 opera-

463 1674 627 1727 tores,
658 1660 702 1715 si
734 1669 882 1718 certe
926 1660 1156 1715 invicem
1182 1660 1429 1715 conferre
1460 1659 1608 1725 licet,
1646 1660 1727 1714 via
1770 1668 2023 1731 pergunt.

2125 486 2221 539 καὶ
2242 485 2435 556 ὥσπερ
2468 486 2722 556 ὀργάνοις
2747 484 2847 554 τῆς
2872 484 3153 549 ἀπωλείας
3196 484 3379 546 αὐτῶν
3408 483 3557 537 κατά
3604 486 3709 554 τῆς

2122 574 2233 628 τῶν
2253 574 2623 629 εὐσεϐούντων
2647 575 2998 646 συγχρῶνται
3023 574 3237 645 ὕϐρεως
3258 575 3357 629 καὶ
3378 573 3704 637 κακώσεως·

2124 663 2315 736 ὥσπερ
2338 664 2447 736 γάρ
2480 665 2584 735 τῆς
2609 666 2820 737 δωρεᾶς
2869 664 2965 720 τοῦ
3013 666 3337 737 Πνεύματος
3363 664 3465 736 τὴν
3521 667 3709 735 χρίσιν

2123 757 2306 810 τέλεον
2337 756 2661 827 ἠρνημένοι,
2691 756 2791 810 καὶ
2838 758 3023 810 πᾶσαν
3073 757 3226 827 ίεράν
3258 758 3355 810 καὶ
3409 755 3709 823 κανονικὴν

2127 844 2484 915 θεσμοθεσίαν
2511 844 2865 915 ἠθετηκότες,
2898 846 2995 899 καὶ
3034 845 3243 915 πάσηςο
3268 846 3370 915 τῆς
3399 845 3708 916 ἐκκλησια-

2128 938 2317 1006 πικῆς
2348 935 2647 1005 εὐκοσμίας
2677 938 2772 990 καὶ
2816 936 3024 1002 τάξεως
3079 936 3518 1008 ἐπιλελησμένοι,
3555 935 3706 990 πολι-

2124 1025 2298 1085 τικοίς
2322 1023 2507 1092 νόμοις
2537 1024 2632 1077 καὶ
2678 1025 2973 1095 πράγμασι
3020 1025 3278 1095 χρῶνται,
3328 1027 3423 1079 καὶ
3472 1025 3709 1097 ἄρχουσι

2124 1116 2240 1177 τοῖς
2291 1116 2577 1184 κοσμικοῖς
2610 1115 3097 1179 ὑποπεπτώκασιν,
3148 1116 3241 1169 ἐπί
3275 1133 3337 1169 τε
3382 1115 3566 1188 διαίτῃ
3606 1114 3709 1168 καὶ

2128 1205 2229 1277 βίῳ
2257 1206 2353 1259 καὶ
2395 1206 2644 1278 πολιτείᾳ
2676 1208 2770 1261 καὶ
2801 1194 3088 1278 κρίμασιν,
3122 1210 3182 1261 ἐν
3234 1210 3371 1263 πᾶσι
3415 1210 3533 1271 τοῖς
3557 1207 3706 1261 κατά

2124 1297 2216 1350 τὸν
2243 1296 2358 1367 βίον
2386 1298 2772 1369 ἐγχειρήμασι,
2805 1299 3017 1362 τούτοις
3067 1300 3390 1362 ὑπείκοντες
3420 1300 3514 1352 καὶ
3570 1300 3704 1352 διοιο

2126 1386 2401 1459 κούμενοι.
2440 1387 2579 1441 Ἀλλ’
2607 1389 2703 1459 οὐχ
2748 1388 2885 1460 αὕτη
2911 1392 2946 1463 ἠ
2970 1392 3132 1460 μερὶς
3176 1389 3271 1443 τοῦ
3316 1389 3514 1443 Ἰακώϐ
3535 1404 3552 1417 ⁸
3578 1390 3704 1443 οὐδὲ

2124 1478 2355 1533 τοιαῦτα
2385 1476 2493 1532 τῶν
2525 1479 2779 1550 εὐσεϐείᾳ
2806 1480 3201 1551 κοσμουμένων
3232 1480 3300 1535 τὰ
3319 1481 3571 1551 δόγματα
3594 1481 3704 1534 καὶ

2127 1569 2451 1641 φρονήματα
2468 1587 2481 1601 ο
2500 1569 2625 1623 οὐδέ
2645 1570 2871 1642 τοιαύτη
2892 1572 3001 1626 τῶν
3018 1572 3493 1641 πεπολιτευμένων
3513 1573 3705 1635 αὐτοῐς

2125 1662 2392 1732 ήάῐρεσις
2412 1677 2425 1690 ·
2448 1661 2777 1725 ἀπεναντίας
2794 1663 2904 1735 γὰρ
2921 1662 3097 1717 ἅπασι
3120 1665 3233 1727 τοῖς
3253 1663 3385 1732 περὶ
3403 1662 3513 1717 τῶν
3530 1666 3706 1732 ἐργα-

432 1756 635 1822 'Atque
665 1763 723 1807 ut
764 1752 1073 1807 summatim
1105 1752 1303 1817 dicam,
1350 1751 1407 1806 bi
1435 1752 1768 1821 iniquitatem
1805 1765 2019 1805 omnem

2125 1751 2228 1805 τῶν
2249 1752 2349 1821 τῆς
2372 1752 2646 1815 ἀπωλείας
2667 1753 3237 1823 προκατειλεγμένοις,
3262 1752 3317 1804 εῐ
3345 1768 3409 1820 γε
3440 1752 3608 1822 ἐχρῆν
3637 1751 3706 1803 ἐκ

459 1845 725 1923 inierunt,
770 1843 1028 1897 virtutem
1060 1856 1275 1897 omnem
1310 1840 1591 1907 ambiunt,
1626 1838 1888 1911 quidquid
1932 1837 2029 1893 bo-

460 1949 588 1988 num
618 1944 700 1989 est
730 1934 1016 1999 honorant,
1047 1932 1260 2003 egregia
1293 1932 1471 1987 omnia
1506 1931 1781 1997 adamant,
1811 1945 2026 2006 omnem

459 2024 571 2085 Deo
619 2025 873 2096 placitam
904 2024 1375 2081 conversationem
1424 2032 1705 2079 sectantur
1735 2040 1749 2077 :
1781 2031 2026 2078 sanctam

458 2128 673 2179 omnem
728 2124 1040 2185 rectamque
1086 2115 1388 2171 doctrinam
1441 2100 2028 2186 recipiunt,quidquid

458 2207 525 2259 ad
555 2219 766 2261 sacram
795 2205 1091 2261 Ecclesiam
1123 2208 1322 2261 attinet
1348 2207 1590 2261 studiose
1619 2205 1901 2274 recolunt;
1932 2221 2028 2276 per

457 2312 580 2363 qua:
610 2296 721 2353 Deo
751 2297 1226 2368 appropinquant,
1274 2298 1570 2366 aeternique
1602 2298 1749 2367 regni
1784 2297 2027 2354 lia-redcs

459 2389 630 2452 llunt,
653 2388 970 2459 apgelorum
996 2397 1307 2453 consortes,
1342 2396 1652 2442 sanctorum
1688 2387 1934 2455 sodales;
1972 2388 2026 2442 in

459 2478 607 2533 οιοοί
652 2479 866 2533 demum
910 2493 1003 2542 re,
1032 2478 1174 2548 quod
1203 2478 1473 2533 laudabile
1514 2487 1597 2533 est
1638 2489 1694 2534 et
1723 2481 2024 2550 egregium,

460 2566 688 2625 faciunt.
713 2566 952 2634 Quorum
981 2566 1117 2621 nihil
1144 2566 1442 2621 adversarii
1465 2574 1708 2636 agentes,
1729 2565 2025 2634 ignominia

461 2657 767 2729 replentur,
803 2658 1108 2728 divinisque
1132 2657 1353 2728 iudiciis
1386 2657 1629 2714 damnati
1668 2657 1723 2713 in
1757 2666 2021 2712 aeternum

458 2755 642 2804 eruut.
1006 2762 1011 2766 ’

530 2946 619 3003 70.
656 2946 790 3015 Quia
823 2944 941 3018 (78)
979 2958 1107 3002 vero
1150 2958 1180 2999 a
1226 2942 1427 3000 Christi
1473 2941 1721 2998 hostibus
1765 2940 2025 2997 nonnulla

452 3038 755 3109 iactantur,
789 3051 911 3107 qua
957 3034 1227 3091 mendacii
1257 3048 1453 3104 parens
1495 3031 1607 3087 illis
1637 3031 1805 3098 amat,
1841 3031 2022 3102 agesis

459 3127 758 3199 cuiusmodi
785 3126 903 3182 haec
943 3139 1159 3196 quoque
1188 3126 1298 3179 sint
1322 3122 1748 3179 consideremus.
1773 3120 2025 3177 Glorian-

460 3229 549 3274 tur
570 3220 739 3284 enim,
774 3224 998 3288 propter
1032 3216 1235 3271 illatam
1263 3214 1486 3271 Christo
1516 3211 1877 3281 Ecclesiaeque
1897 3226 2027 3266 con-

460 3306 761 3372 tumeliam,
790 3307 1060 3362 diuturna:
1082 3305 1206 3360 vita)
1232 3304 1403 3375 spatia
1437 3317 1561 3358 cum
1586 3301 1837 3356 maximis
1868 3300 2027 3371 137

459 3397 830 3467 voluptatibus
857 3394 1123 3451 Mamona:
1146 3393 1313 3449 fuisse
1339 3407 1619 3458 concessa,
1668 3392 2028 3459 eumdemque

460 3491 739 3547 felicitatis
766 3489 980 3546 culmen
1009 3487 1273 3558 attigisse.
1306 3484 1412 3541 Sed
1438 3484 1772 3540 et'victorias
1801 3485 1869 3539 de
1892 3483 2027 3537 Bar-

456 3582 604 3638 baris
630 3590 685 3637 et
708 3581 925 3653 egregia
956 3579 1187 3650 plurima
1215 3578 1456 3634 facinora
1486 3576 1538 3631 ei
1573 3576 1881 3642 ascribunt,
1908 3590 2027 3644 qua:

456 3670 666 3725 sobrios
687 3668 937 3725 homines
966 3684 1034 3724 ne
1066 3666 1257 3723 audire
1285 3666 1503 3737 quidem
1534 3680 1748 3736 aequum
1778 3672 1883 3720 est.
1919 3663 2026 3720 Sed

455 3773 528 3813 ne
557 3758 699 3814 forte
737 3758 1005 3828 aliquibus
1038 3756 1458 3828 simplicioribus
1499 3754 1914 3824 rudioribusque
1963 3769 2025 3810 ea

458 3847 738 3903 mendacia
781 3846 957 3902 lraudi
988 3846 1117 3911 sint,
1160 3846 1503 3916 coarguenda
1543 3846 1751 3914 singula
1801 3848 1831 3899 Δ
1868 3844 2027 3900 nobis

455 3947 636 4004 erunt,
691 3948 751 3993 ut
799 3947 1132 4009 quantopere
1160 3938 1309 3994 stulti
1357 3953 1419 3993 se
1443 3938 1593 4008 ipsos
1637 3939 1894 3994 inanibus
1940 3938 2025 3993 his

455 4028 800 4086 sermonibus
840 4029 1208 4096 ludillcentur,
1255 4028 1581 4101 intelligant.
1630 4028 1800 4100 Igitur
1829 4038 2025 4085 cuncta

453 4122 604 4178 illius
631 4136 890 4193 perquam
937 4123 1114 4192 turpia
1158 4121 1347 4185 fuisse,
1382 4133 1615 4190 eumque
1651 4120 1782 4187 Deo,
1816 4118 2022 4189 angelis

456 4230 522 4270 ac
574 4211 844 4284 religiosis
900 4213 1208 4269 hominibus
1266 4211 1656 4267 exsecrabilem
1710 4210 2022 4275 exstitisse,

452 4305 679 4360 minime
700 4314 785 4359 est
810 4305 1125 4359 obscurum.
1159 4301 1295 4357 Nam
1327 4315 1449 4356 cum
1481 4300 1535 4356 in
1564 4301 1712 4355 omni
1758 4314 1818 4356 se
1844 4300 2023 4355 libidi-

2128 1843 2482 1913 παραθέσεως
2506 1842 2677 1896 ταῦτα
2693 1842 3009 1914 συμϐαλεῖν,
3040 1843 3151 1896 ίασι
3168 1859 3182 1872 ·
3205 1843 3300 1896 καὶ
3314 1842 3402 1895 ἵνα
3420 1838 3708 1894 συλλαϐὼν

2129 1933 2362 2001 είποιμι,
2396 1933 2580 1986 πᾶσαν
2605 1933 2703 2003 μὲν
2737 1933 2937 1987 κακίαν
2954 1932 3484 2003 καταμυσάττονται,
3519 1931 3708 1982 πᾶσαν

2127 2022 2185 2076 δὲ
2211 2022 2410 2093 ἀρετὴν
2432 2022 2762 2093 προτιμῶσι,
2799 2024 2906 2078 πᾶν
2935 2022 3144 2092 ἀγαθὸν
3172 2021 3513 2092 γεραίρουσι,
3554 2035 3705 2072 παν-

2126 2114 2218 2178 τὸς
2244 2114 2412 2168 καλοῦ
2444 2114 2670 2186 ἐρασταί
2699 2117 2829 2182 είσι,
2859 2117 3041 2170 πᾶσαν
3074 2115 3368 2186 θεάρεστον
3414 2112 3704 2166 πολιτείαν

2127 2208 2530 2279 ἀσπαζόμενοι,
2558 2209 2737 2262 πάντα
2782 2208 2941 2276 λόγον
2973 2208 3121 2261 ὅσιον
3151 2206 3248 2260 καὶ
3306 2203 3441 2275 εὐθῆ
3472 2201 3704 2274 προσει-

2130 2316 2301 2371 μενοι,
2332 2299 2511 2352 πάντα
2529 2300 2598 2353 τὰ
2619 2299 2721 2370 τῆς
2750 2300 2905 2370 ἱερᾶς
2932 2298 3261 2368 Ἐκκλησίας
3293 2296 3659 2364 περιέποντες
3681 2310 3696 2323 ⁸

2126 2388 2195 2444 δι’
2226 2382 2301 2444 ὧν
2323 2389 2603 2459 ἐγγίζουσι
2633 2389 2778 2461 Θεῷ,
2812 2390 2908 2443 καὶ
2955 2388 3238 2459 βασιλείας
3269 2388 3442 2441 ἀϊδίου
3496 2387 3705 2457 κληρο-

2125 2470 2279 2551 νόμοι
2315 2481 2763 2536 ἀναδείκνυνταιο
2799 2481 3049 2550 ἀγγέλων
3104 2479 3461 2550 συμμέτοχοι,
3519 2476 3699 2545 ἁγίων

2130 2571 2453 2643 συνάριθμοι
2481 2588 2494 2602 ·
2553 2574 2613 2626 ἐν
2668 2573 2840 2628 ἀπασι
2885 2574 2948 2626 τὸ
2998 2572 3317 2637 ἀξιέπαινον
3370 2570 3464 2624 καὶ
3516 2568 3705 2623 ἔνθεον

2130 2665 2566 2737 ἀποφερόμενον
2623 2659 2699 2721 ὧν
2756 2664 2911 2720 οὐδὲν
2967 2667 3165 2718 ἐκεῖνοι
3232 2662 3705 2735 περιπτυξάμενοι

2127 2756 2385 2827 αἰσχύνης
2419 2755 2837 2827 ἐμπίμπλανται
2860 2796 2875 2822 ,
2929 2755 3025 2809 καὶ
3090 2755 3339 2810 ὑπόδικοι
3360 2753 3497 2808 -τῶν
3533 2752 3704 2807 Θείων

2127 2848 2408 2919 κριμάτων
2436 2850 2517 2911 είς
2546 2848 2719 2902 αίῶνα
2741 2850 3087 2919 γενήσονται.

2194 2946 2256 2993 o'.
2308 2938 2525 3010 Ἐπειδὴ
2552 2938 2609 2992 δὲ
2639 2939 2734 2993 καί
2765 2955 2887 2993 τινα
2933 2938 3094 3011 παρά
3131 2939 3245 3001 τοῖς
3286 2935 3703 3008 Χριστομάχοις

2127 3028 2727 3103 περιθρυλλείται,ἀπερ
2767 3031 2953 3095 αὐτοῖς
3008 3033 3037 3085 ό
3078 3029 3175 3083 τοῦ
3215 3028 3449 3100 ψεύδους
3501 3027 3695 3098 πατὴρ

2128 3118 2474 3191 ἐμπνεύσειε,
2515 3120 2648 3191 φέρε
2679 3118 2776 3173 καὶ
2806 3117 2981 3172 ταῦτα
3015 3116 3467 3188 ἐπισκεψώμεθα.
3504 3117 3700 3169 Κατα-

2127 3210 2490 3283 κομψεύονται
2523 3210 2631 3282 γὰρ
2655 3209 2745 3264 διά
2764 3209 2863 3281 τὴν
2901 3210 2981 3273 είς
3014 3209 3252 3279 Χριστὸν
3284 3208 3378 3261 καὶ
3425 3206 3527 3277 τὴν
3568 3206 3704 3258 Ἑκ-

2126 3301 2357 3371 κλησίαν
2390 3300 2570 3373 ὕϐριν,
2628 3301 2853 3371 χρόνους
2894 3299 3198 3369 μηκίστους
3224 3296 3319 3352 καὶ
3370 3311 3698 3366 παρατετα-

2129 3392 2297 3463 μένην
2328 3390 2493 3463 ζωὴν,
2548 3391 2642 3445 καὶ
2675 3389 2787 3461 βίον
2848 3389 3064 3460 εὐπαθῆ
3118 3385 3570 3459 ἐκμεμετρῆσθαι
3620 3384 3704 3456 τῷ

2124 3483 2398 3554 Μαμωνᾷ,
2450 3483 2547 3536 καὶ
2596 3482 2897 3553 εὐημερίας
2948 3482 3029 3545 είς
3065 3480 3235 3552 ἀκρον
3278 3476 3491 3540 ἐλάσαι,
3537 3475 3703 3539 νίκας

2126 3572 2275 3643 αὐτῷ
2344 3573 2487 3627 κατά
2561 3572 2854 3644 βαρϐάρων
2913 3572 3011 3625 καὶ
3083 3568 3560 3641 ἀνδραγαθήματα
3622 3564 3702 3628 ὡς

2124 3666 2353 3721 πλείστα
2384 3667 2803 3737 ἐπιγράφοντες,
2855 3666 2893 3721 ἃ.
2941 3667 3057 3729 τοῖς
3090 3665 3190 3736 μέν
3240 3662 3520 3732 σώφροσιν
3569 3658 3700 3714 οὐδὲ

2126 3758 2206 3821 είς
2233 3757 2494 3827 ἀκρόασιν
2515 3756 2770 3829 ἔρχεσθαι
2798 3756 3007 3811 δίκαιον
3024 3773 3039 3788 ’
3061 3755 3137 3819 ὡς
3164 3754 3209 3808 δ’
3243 3754 3311 3810 ἀν
3338 3753 3452 3807 τῶν
3482 3751 3701 3809 ἀπλου-

2127 3848 2330 3918 στέρων
2346 3849 2379 3920 ἢ
2393 3848 2781 3920 ἀμαθεστέρων
2803 3849 2978 3915 τινάς,
2997 3850 3112 3912 τοῖς
3128 3850 3194 3902 ἐκ
3207 3847 3307 3918 τῆς
3322 3846 3542 3915 ἀπάτης
3562 3845 3702 3899 ἀνα-

2126 3939 2394 4010 πλασμοτς
2439 3939 2512 4011 μὴ
2558 3939 3021 4013 παραϐλάπτοιεν,
3070 3940 3280 3993 τούτων
3315 3936 3699 3999 διευθύνοντες

2124 4028 2349 4098 ἕκαστα,
2361 4033 2537 4095 κενοῖς
2552 4030 2728 4100 λόγοις
2744 4032 2973 4095 ἑαυτοὺς
2986 4030 3427 4102 φαινακίζοντας,
3446 4029 3572 4091 τούς
3592 4044 3699 4097 μα-

2122 4121 2450 4193 ταιόφρονας
2478 4124 2865 4195 ἀποφήνωμεν.
2892 4123 3016 4177 Ὅτι
3041 4124 3138 4194 μὲν
3161 4122 3272 4194 γὰρ
3301 4123 3330 4175 ό
3354 4120 3470 4191 βίος
3499 4118 3698 4187 ἐκείνῳ

2125 4211 2457 4283 πάναισχρος
2487 4210 2749 4282 γεγονὼς,
2768 4212 3056 4284 βδελυκτδν
3075 4214 3170 4266 καὶ
3180 4212 3298 4283 Θεῷ
3312 4211 3405 4265 καὶ
3418 4209 3696 4277 ἀγγέλοις,

2122 4303 2429 4377 ἀνθρώποις
2438 4323 2499 4360 τε
2514 4308 2625 4370 τοῖς
2645 4306 2931 4361 εὐσεϐοῦσι
2948 4306 3206 4376 καθίστη,
3228 4305 3330 4359 οὐκ
3351 4304 3696 4375 ἀσυμφανις·

452 4409 585 4449 num
640 4409 841 4467 genere
884 4394 1052 4449 miser
1110 4394 1199 4448 hic
1241 4394 1544 4459 volutaret,
1599 4392 1776 4462 iisque
1822 4407 2019 4463 corpus

2125 4398 2218 4450 ttat
2245 4396 2355 4467 γάρ
2406 4398 2485 4461 είς
2535 4396 2605 4451 τὰ
2644 4396 2845 4469 σαρκὸς
2897 4397 3045 4468 πάθη
3097 4394 3562 4466 κατασυρόμενος,
3596 4391 3697 4463 τὴν

452 4500 613 4541 suum
651 4494 708 4541 et
736 4485 973 4540 animam
1001 4491 1420 4553 conspurcaret,
1452 4497 1572 4553 quae
1598 4482 1852 4539 Barbaris
1884 4498 2019 4553 quo-

450 4591 557 4646 que
582 4586 637 4632 et
684 4574 920 4631 ethnicis
969 4574 1134 4628 vetita
1183 4582 1340 4639 sunt,
1398 4572 1555 4645 longe
1604 4573 1838 4643 pecudes
1872 4577 2017 4644 ipsas

450 4670 694 4725 lmditate
736 4667 1034 4738 superavit.
1082 4664 1261 4735 Atque
1305 4664 1420 4720 haec
1471 4679 1577 4719 non
1627 4666 1782 4733 pauci
1837 4669 1930 4737 qui
1964 4666 2014 4722 ei

449 4760 755 4815 administri
801 4759 1020 4813 luerunt
1064 4766 1121 4813 et
1172 4756 1348 4812 adhuc
1380 4755 1596 4821 vivunt,
1633 4757 1814 4811 testari
1863 4763 2017 4827 pote-

451 4859 615 4915 runt;
643 4865 745 4904 nec
779 4865 883 4904 non
916 4858 971 4904 et
1001 4849 1150 4903 varia
1184 4846 1428 4917 corporis
1458 4847 1795 4902 incommoda
1822 4850 2018 4919 quibus

454 4941 597 4995 idem
632 4940 738 4994 luit
783 4941 1071 4996 obnoxius.
1105 4938 1392 4995 Doloribus
1432 4937 1576 4993 enim
1613 4946 1776 5008 atque
1807 4940 2025 4997 crucia-

524 5094 639 5167 (78)
689 5092 1012 5167 Sapientem
1051 5092 1440 5167 sesquipaginge
1479 5100 1721 5167 tractum
1759 5092 1833 5146 ait
1860 5092 2019 5167 Peta-

452 5162 573 5220 vius
603 5162 662 5218 se
699 5165 751 5219 iu
783 5162 1058 5232 Parisiaco
1112 5162 1443 5232 l‘heOphanis
1484 5162 1673 5217 codice
1709 5162 2016 5232 invenisse,

453 5246 710 5305 tauquam
745 5248 810 5289 es
844 5229 1148 5305 Mcephoro
1186 5229 1529 5305 excerptum,
1558 5231 1938 5305 quodidcircq
1963 5235 2019 5289 in

366 5356 377 5361 -
450 5299 602 5363 calce
635 5305 815 5382 poﬂsuit
850 5299 1212 5382 Historiarum
1246 5299 1535 5382 lﬁ'icepho'r‘i
1565 5300 1619 5353 in
1653 5300 2026 5382 editioneuLu-

451 5367 650 5445 parca:
676 5371 981 5445 Caeteroqui
1014 5371 1101 5425 hic
1141 5379 1347 5445 tractus
1380 5367 1441 5445 i_n_
1475 5367 1821 5445 Theophanis
1852 5372 2025 5428 Chro-

454 5439 579 5500 ilico
620 5457 744 5514 non
778 5439 1005 5514 legitur_._
1046 5453 1222 5514 neque
1267 5439 1335 5493 ad
1388 5439 1444 5514 _id
1493 5439 1766 5514 pertinere
1811 5450 2021 5514 pote§l,

420 5567 427 5574 ,
454 5507 890 5584 quandoquidem
920 5507 1302 5584 _Tl_leophaues
1319 5578 1337 5584 _
1353 5507 1510 5575 plene
1543 5508 1784 5584 satisque
1806 5507 2022 5584 _'de_Co-

451 5578 720 5662 prouymo
750 5580 971 5662 proprio
1000 5580 1051 5634 in
1096 5578 1214 5662 loco
1252 5578 1472 5646 suisque
1502 5578 1681 5662 verbis
1712 5579 1863 5662 dixit.
1898 5578 2023 5635 Fuit

457 5646 638 5720 itaque
682 5646 783 5707 hoc
837 5646 1016 5723 potius
1058 5659 1415 5715 extravagans
1466 5646 1681 5716 aliquod
1742 5648 2019 5721 πάρεργον

2123 4487 2233 4543 τῶν
2257 4488 2469 4557 ἀλόγων
2524 4487 2681 4553 ζώων
2738 4488 3023 4560 παρήλασε
3066 4485 3399 4557 κτηνωδίανο
3430 4486 3544 4547 τοῖς
3591 4483 3701 4536 άπ-

2121 4579 2512 4650 ηγορευμένοις
2541 4580 2639 4633 καὶ
2669 4579 2963 4652 βαρϐάροις
3009 4580 3105 4633 καὶ
3122 4578 3372 4648 Ἕλλησι,
3405 4575 3502 4629 καί⁵
3536 4573 3702 4644 σῶμα

2123 4673 2223 4727 καὶ
2246 4672 2470 4743 ψυχὴνό
2498 4672 2733 4737 δείλαιος
2760 4673 3223 4745 ἐμμολυνόμενος.
3253 4670 3365 4725 Καὶ
3394 4667 3569 4723 ταῦτα
3591 4667 3697 4720 οὐκ

2123 4762 2387 4833 ὀλίγιστοι
2434 4766 2546 4819 τῶν
2606 4764 3313 4839 ὑπηρετησαμένωνλαύτῷ
3367 4762 3534 4833 μέχρι
3594 4758 3694 4813 τοῦ

2128 4853 2292 4925 δεῦρο
2318 4855 2604 4927 περιόντες
2633 4857 3150 4927 ἀπαγγελλέτωσαν,
3173 4855 3289 4927 μεθ’
3317 4848 3391 4909 ὧν
3411 4854 3506 4906 καὶ
3525 4851 3696 4906 τᾶλλα

2127 4941 2166 4998 ἀ
2210 4946 2342 5015 περὶ
2372 4944 2433 4998 τὸ
2491 4947 2655 5019 σῶμα
2711 4946 2863 5019 αὐτῷ
2908 4948 3162 5018 ἀπήντα⁶
3205 4945 3310 5015 ήδη
3344 4943 3456 5014 γὰρ
3509 4943 3698 5007 πόνοις

2125 5097 2326 5168 codicis
2354 5099 2637 5157 Parisiaci.
2671 5097 2780 5156 Nos
2802 5114 2932 5156 vero
2955 5103 3169 5156 demum
3203 5099 3567 5168 comperimus
3592 5096 3699 5152 hoc

2124 5166 2487 5236 fragmentum
2538 5169 2593 5224 in
2645 5172 2855 5226 duobus
2897 5170 3116 5224 ineditis
3159 5166 3436 5224 chronicis
3486 5168 3698 5229 Vatic.,

2126 5235 2345 5310 Georgii
2399 5239 2961 5310 nemperliamartoli,
3006 5256 3061 5310 p.
3110 5239 3249 5304 189,
3277 5249 3333 5294 et
3353 5237 3580 5310 Joannis
3598 5238 3703 5310 _Si-

2129 5308 2269 5370 culi,
2299 5322 2351 5376 p.
2408 5306 2542 5363 556':
2586 5309 2655 5365 Et
2697 5309 2872 5363 variat
2928 5306 3145 5376 quidem
3197 5306 3701 5376 mediocriterihuc

2125 5375 2439 5449 escerptum
2493 5377 2546 5432 in
2598 5379 2871 5449 praedictis
2913 5378 3197 5449 Chronicis
3229 5393 3259 5431 a
3303 5386 3489 5449 nostro
3539 5375 3702 5431 Nice-

2125 5445 2279 5512 phori
2327 5446 2492 5502 totius
2536 5445 2716 5515 operis
2764 5449 2989 5511 codice,
3025 5447 3113 5503 cui
3162 5457 3340 5501 tamen
3387 5445 3551 5500 unice
3600 5458 3699 5515 nos

2124 5515 2511 5587 adhaereudum
2566 5513 2908 5587 putavimus,
2960 5527 3144 5587 utpote
3194 5518 3409 5587 integro
3445 5524 3502 5571 et
3548 5513 3695 5570 nulla

2124 5584 2443 5656 cujusquam
2478 5584 2637 5643 manu
2668 5586 3010 5655 interpolato.
