4032 6208
346 269 456 335 {:05

1037 275 1667 344 ANTIRRHETICUS
1702 284 1796 345 III
1835 285 2008 352 ADV.
2047 289 2641 357 CONSTANTINUM
2678 296 2872 358 COPR

3489 293 3592 361 506

346 385 446 438 καὶ
475 385 772 480 ἀλγηδόσιν
803 385 1087 460 ἀρρήτοις,
1125 385 1215 445 οἷα
1233 393 1386 457 είκδς
1418 395 1546 458 τοὺς
1574 396 1928 469 ήλκωμένους

2035 403 2206 472 tibus,
2235 407 2326 476 qui
2355 408 2611 476 explicari
2661 409 2892 465 dicendo
2922 418 3194 480 nequeunt
3226 410 3592 464 excarnifica-

345 476 607 546 πάσχειν,
661 476 1009 550 βαλλόμενος,
1039 483 1296 552 πονήρως
1346 484 1444 538 καὶ
1499 480 1740 559 ἀνιαρῶς
1785 489 1926 558 ἀγαν

341 564 616 620 διέκειτο·
643 566 739 622 καί
767 584 892 624 τινα
921 569 1032 624 τῶν
1065 571 1246 641 μελῶν
1290 573 1398 626 ὑπὸ
1444 574 1554 628 τῶν
1603 577 1778 632 ἑλκῶν
1821 580 1928 632 ἀπ·-

341 654 644 726 ηχρείωτυ,
660 656 755 710 καί
777 672 894 720 rato;
922 659 1016 714 καὶ
1048 661 1293 730 σαρκίων
1317 663 1480 717 τινῶν
1495 667 1926 738 ἀπερῥυηκότων

344 745 536 817 αὐτῷ’
573 749 943 819 συνεχέστατα
977 751 1035 804 δὲ
1065 751 1171 805 ὑπὸ
1200 753 1313 808 τῶν
1357 756 1622 827 ὲριννύων
1669 759 1925 830 έκδειμα⁸

347 838 638 909 τούμενος.
709 841 927 910 πικρῶς
991 845 1086 899 καί⁵
1137 845 1388 910 ἐλεεινῶς
1441 847 1535 902 τὸν
1611 850 1927 920 νυκτερινὸν

345 930 544 999 χρόνον
566 931 800 1001 διήνυεν,
829 935 962 998 ίσως
979 937 1094 1008 τοῖς
1115 939 1500 1010 συγκειμένοις
1529 941 1923 1014 ὲφυστερίζων,

346 1021 830 1092 ἀντεπεξαγούσης
883 1025 985 1094 τῆς
1035 1027 1168 1098 παρ’
1209 1027 1376 1082 αὐτοῦ
1433 1031 1774 1102 διωκομένης
1831 1033 1926 1086 πί-

353 1126 548 1175 στεως.
590 1111 880 1182 Παρείσθω
892 1116 964 1167 τά
992 1113 1087 1168 νῦν
1111 1114 1294 1185 λέγειν
1318 1117 1383 1170 τὸ
1409 1120 1510 1188 τῆς
1527 1119 1738 1190 διαίτης
1763 1120 1928 1191 ἀηδές

349 1217 409 1255 τε
429 1202 528 1254 καὶ
559 1202 836 1274 αίσχιστον
855 1219 868 1234 ο
887 1205 1022 1276 ὅπερ
1042 1205 1154 1277 γὰρ
1179 1207 1244 1261 ἂν
1269 1209 1611 1280 προσάραιτο
1645 1209 1924 1282 βρώσεως,

352 1293 418 1346 ού
445 1292 636 1348 τέλεον
667 1297 1000 1364 καταποθὲν,
1051 1298 1206 1369 παρά
1248 1301 1374 1364 τοὺς
1425 1301 1656 1371 ἐμέτους
1697 1301 1927 1372 ἔφθανεν

357 1385 784 1456 ἑκκρινόμενον·
819 1387 880 1439 τὸ
903 1387 959 1442 δὲ
991 1389 1120 1460 περὶ
1151 1390 1278 1454 τοὺς
1299 1391 1776 1462 ύπηρετουμένους
1807 1395 1926 1446 ιτα-

356 1476 462 1544 μδν
480 1477 580 1530 καὶ
609 1477 875 1549 θηριῶδες
896 1479 990 1532 τοῦ
1023 1480 1252 1552 τρόπου,
1281 1482 1377 1536 καὶ
1401 1482 1500 1553 τῆς
1536 1483 1842 1555 ὑπηρεσίας
1865 1483 1928 1537 τὸ

350 1567 812 1637 δυσαχθέστατον,
842 1569 1000 1623 ὁποῖα
1033 1571 1100 1625 ἀν
1129 1589 1213 1636 τις
1251 1571 1397 1626 εἴποι
1425 1574 1495 1626 τὰ
1537 1573 1776 1644 φέροντα
1817 1573 1927 1628 σώ-

354 1674 542 1726 ματα;
596 1659 838 1724 Μάστιξι
885 1660 996 1732 γὰρ
1027 1662 1270 1734 ἑκάστης
1300 1663 1529 1728 πολλαῖς
1578 1665 1925 1730 καταξαίνων

352 1747 536 1801 αὐτῶν
568 1749 639 1804 τά
671 1749 819 1805 νῶτα
841 1753 936 1804 καὶ
962 1753 1059 1818 τὰς
1080 1751 1309 1820 ὠλένας,
1337 1755 1488 1808 οὐδὲν
1515 1755 1626 1821 τῶν
1659 1755 1928 1827 σαρκοϐό-
1959 1735 2001 1790 Β

354 1859 468 1915 ρων
492 1843 702 1915 θηρίων
735 1844 1253 1918 φιλανθρωπότερον
1279 1845 1571 1915 ἔπραττεν,
1604 1847 1844 1916 ἐκτομὰς
1871 1846 1928 1900 δὲ

356 1933 543 2004 μελῶν
581 1935 676 1989 καὶ
707 1935 1003 2007 ὀφθαλμῶν
1043 1937 1345 2009 πηρώσεις,
1381 1938 1475 1992 καὶ
1521 1937 1592 1992 τὰ
1631 1937 1773 1992 ἀλλα
1827 1939 1929 1992 ὅσα

351 2024 508 2080 δεινά
558 2026 920 2099 κολαστήρια,
977 2031 1076 2083 καὶ
1141 2030 1360 2099 σφαγὰς
1429 2031 1652 2095 ἀδίκους
1715 2031 1928 2102 ἀνδρῶν

354 2115 575 2181 ἀθώων,
607 2119 702 2172 καὶ
743 2122 868 2184 τοὺς
904 2120 992 2174 διὰ
1019 2120 1194 2192 πυρὸς
1240 2121 1607 2193 πικροτάτους
1637 2123 1926 2188 θανάτους,

353 2209 411 2264 τί
447 2209 555 2280 χρὴ
577 2211 674 2264 καὶ
701 2209 880 2279 λέγειν
903 2227 918 2276 ;
940 2205 1036 2276 Οἷς
1067 2211 1166 2280 μὲν
1195 2211 1530 2282 βασκαίνων,
1563 2213 1813 2286 ἀνδρείας
1836 2214 1931 2268 καὶ

351 2299 560 2371 ἀρετῆς
596 2297 656 2356 εὖ
691 2301 901 2374 ἔχουσιν
923 2319 938 2334 ·
971 2297 1055 2366 οἷς
1103 2304 1160 2358 δὲ
1212 2304 1308 2358 τοῦ
1359 2305 1675 2376 ἐκπρεποῦς
1714 2306 1808 2360 καὶ
1835 2307 1930 2358 ἐπὶ

352 2393 524 2446 ποσὸν
574 2395 948 2465 προηγμένοις
999 2397 1095 2449 ἐπὶ
1131 2397 1195 2452 τὸ
1250 2394 1598 2466 εὔχρηστον*
1645 2397 1776 2466 περὶ
1820 2395 1928 2467 γὰρ

351 2481 466 2536 τῶν
489 2482 590 2552 τῆς
608 2483 890 2547 εὐσεϐείας
921 2485 1130 2542 εἵνεκεν
1177 2486 1408 2540 τοιαῦτα
1437 2487 1533 2540 καὶ
1575 2486 1783 2542 τούτων
1813 2487 1929 2558 χεί-

355 2587 490 2640 ρονα
513 2573 851 2643 πασχόντων,
878 2575 1072 2646 ἐτέρας
1105 2575 1290 2646 δεήσει
1320 2576 1649 2647 συγγραφῆς
1679 2577 1773 2630 καὶ
1823 2575 1929 2648 τῆς

356 2662 671 2732 κρείττονος
697 2663 799 2733 (It).

429 2759 533 2806 οαν.
585 2748 722 2809 Elea
753 2753 891 2826 πρὸς
939 2753 1018 2826 τῷ
1056 2755 1201 2811 τέλει
1252 2756 1363 2812 τῶν
1401 2757 1588 2812 κακῶν
1616 2759 1928 2830 γενόμενος,

361 2843 462 2897 καὶ
486 2843 739 2914 πυρετῶν
762 2842 989 2914 ὀξύτησι
1019 2847 1112 2900 καὶ¹
1133 2845 1436 2914 φλογώσεσι
1459 2849 1932 2921 καταπιμπράμε-

363 2952 478 2999 νος,
507 2938 604 3006 τῆς
641 2935 998 3007 έκδεξομένης
1047 2936 1210 2991 αὐτὸν
1236 2938 1462 3008 γεέννης
1489 2939 1590 3010 τὴν
1627 2941 1804 3010 φλόγα
1829 2943 1932 3012 ὲμ-
1976 2929 1988 2954 ⁸

362 3024 550 3096 φανῶς
568 3023 949 3097 προορώμενος
967 3024 1401 3096 κατωπτρίζετο,
1417 3025 1510 3079 ml.
1529 3025 1624 3079 τοῦ
1652 3025 1931 3098 σκώληκος

357 3119 456 3173 τοῦ
487 3119 790 3190 ἀκοιμήτου
813 3118 881 3172 τὰ
903 3117 1183 3190 δήγματα,
1213 3117 1469 3172 σύντονόν
1494 3135 1551 3172 τε
1577 3120 1672 3173 καὶ
1691 3120 1934 3189 γεγωνὸς

360 3211 570 3266 ἐκϐοῶν
594 3211 1016 3282 ὲνδελεχέστατα
1039 3227 1052 3242 ⁸
1081 3211 1180 3281 τῆς
1197 3209 1426 3282 γεέννης
1448 3208 1621 3266 ταῦτα
1643 3209 1934 3283 προαύλιαο

363 3303 618 3360 ἐντεῦθεν
649 3305 822 3377 μικρά
839 3305 938 3375 τῆς
965 3303 1225 3368 ἀσεϐείας
1263 3303 1711 3374 συναισθόμενος,
1742 3307 1841 3376 τῆς
1873 3305 1938 3358 ὲκ

363 3396 467 3467 τῆς
494 3397 629 3469 παρ’
651 3395 812 3468 ήμῶν
843 3395 1080 3459 πίστεως
1135 3396 1308 3449 ἐδεῖτο
1367 3394 1688 3464 ἐπικουρίας
1713 3395 1808 3464 (i)'
1836 3395 1938 3447 ὲπ-

365 3487 567 3556 έτρεπέ
595 3503 658 3540 τε
705 3488 820 3551 τοῖς
846 3478 1255 3558 παρεπομένοις
1288 3485 1396 3539 τῶν
1437 3485 1656 3556 ίερέων,
1713 3485 1783 3539 τά
1823 3485 1934 3540 τῶν

364 3578 714 3651 Χριστιανῶν
751 3579 1071 3651 προσᾴδειν
1127 3578 1248 3648 ἱερά
1305 3577 1712 3648 μελῳδήματα·
1768 3577 1819 3628 οί
1876 3575 1936 3630 δὲ

364 3671 638 3744 πρόθυμοι
665 3667 1089 3732 ἀπσναίνεσθαι,
1125 3667 1200 3730 ὡς
1233 3667 1377 3737 μήτε
1403 3667 1604 3720 εἰδέναι
1633 3666 1776 3736 μήτε
1808 3660 1939 3738 ᾄσαι

364 3761 738 3826 πώποτε,εῐτε
764 3763 885 3824 ταῖς
917 3757 1202 3830 ἀληθείαις
1227 3755 1403 3821 οὕτως
1427 3756 1672 3828 ἔχοντες,
1709 3756 1818 3809 εἴτε
1839 3754 1938 3827 τὴν

362 3854 574 3908 ἑκείνου
595 3850 1064 3925 κατορρωδοῦντες
1077 3849 1336 3922 ὡμότητα
1352 3851 1444 3902 καὶ⁵
1459 3847 1798 3919 δυσμένειαν.
1815 3847 1940 3900 Τοι-

363 3947 560 4010 αύταις
592 3944 936 4018 εὐημερίαις,
957 3942 1238 4006 τοιαύταις
1271 3938 1586 4003 εὐπαθείαις
1606 3938 1942 4012 ἐναναπαυό-

368 4053 553 4110 μενος,
581 4037 670 4108 ὐφ’
699 4031 775 4090 ὧν
803 4037 868 4107 δὴ
913 4033 1296 4105 Διοκλητιανόν
1341 4049 1402 4086 τε
1461 4031 1555 4085 καὶ
1597 4030 1942 4102 Μαξιμιανὸν

367 4129 820 4192 συντελεσθέντας
856 4125 1153 4196 ἀκούομεν,
1195 4123 1338 4179 οὕτω
1380 4123 1548 4188 κακὸς
1620 4121 1804 4186 κακῶς
1849 4123 1944 4176 καὶ

367 4218 574 4282 ἀθλίως
600 4218 992 4289 ἀπολλύμενος,
1023 4215 1283 4270 καταλύει
1308 4215 1398 4270 τὸν
1429 4213 1542 4284 βίον
1563 4229 1576 4242 ·
1602 4212 1858 4285 τεθνήκει
1884 4213 1942 4267 δὲ

369 4309 724 4381 πλοῖζόμενος
755 4308 1004 4379 σημείοις
1044 4307 1186 4360 τισὶν
1245 4305 1399 4368 ὲκτὺς
1431 4303 1534 4374 τῆς
1565 4302 1832 4374 βασιλίδος
1859 4301 1942 4356 δι-

2027 501 2134 560 tus,
2185 496 2483 565 cuiusmodi
2519 497 2764 554 ulcerosa
2797 514 3024 569 corpora
3069 499 3273 569 perpeti
3304 509 3594 554 consenta-

2026 600 2186 640 neum
2211 597 2316 655 est,
2349 589 2490 644 male
2519 605 2930 660 aerumnoseqne
2951 601 3070 645 eral.
3089 590 3331 646 allectus.
3369 591 3586 644 Etenim

2026 678 2282 732 nonnulla
2315 681 2554 736 membra
2588 681 2859 755 ulceribus
2891 685 3053 738 adesa
3085 692 3261 746 erant,
3294 681 3594 738 dillluenti-

2025 769 2126 822 bus
2157 771 2400 825 carnium
2435 774 2700 842 partibus.
2735 775 2840 830 Sed
2867 783 2923 830 et
2967 787 3225 846 perpetuo
3267 775 3422 831 furiis
3469 792 3594 844 per-

2028 860 2278 926 territus,
2338 863 2566 920 moleste
2625 875 2949 921 nocturnum
3017 876 3226 936 tempus
3286 865 3593 940 misereque

2027 952 2379 1018 traducebat,
2421 954 2714 1010 deliberata
2747 957 2974 1012 fortasse
3013 958 3238 1012 consilia
3271 958 3587 1022 demorans,

2026 1043 2154 1098 dum
2208 1043 2258 1099 ei
2318 1055 2508 1100 vexata
2572 1047 2758 1117 religio
2818 1063 2884 1103 ex
2948 1049 3175 1104 adverso
3233 1049 3586 1104 consisteret.

2027 1133 2230 1190 Omitto
2261 1137 2434 1192 victus
2465 1137 2838 1194 insuavitatem
2869 1155 2932 1195 ac
2975 1141 3400 1210 turpitudinem:
3426 1141 3590 1208 quid-

2026 1227 2154 1298 quid
2187 1227 2330 1282 enim
2361 1229 2465 1285 cibi
2498 1245 2596 1300 per
2631 1231 2813 1287 fauces
2843 1231 3152 1300 traiecerat,
3183 1233 3238 1288 id
3271 1233 3454 1288 statim
3491 1247 3592 1288 vo-

2027 1317 2248 1373 mitibus
2293 1321 2639 1375 excernehat.
2677 1320 2919 1392 Namque
2951 1322 3094 1378 illam
3127 1325 3178 1377 in
3224 1321 3455 1377 faniulos
3490 1338 3596 1378 sae-

2028 1407 2215 1462 vitiam
2248 1422 2313 1464 ac
2359 1408 2653 1478 feritatem,
2684 1421 2847 1482 atque
2893 1412 2946 1466 in
2993 1413 3270 1482 exigendis
3315 1413 3594 1483 obsequiis

2027 1498 2408 1565 acerbitatem,
2470 1515 2716 1568 quamam
2789 1516 3046 1572 oppressa
3111 1517 3342 1572 corpora
3409 1495 3594 1556 dicere

2027 1587 2264 1656 queant?
2293 1586 2652 1644 Caedebantur
2678 1591 2919 1660 quotidie
2954 1591 3125 1660 plagis
3159 1593 3338 1646 multis
3373 1593 3590 1646 illorum

2031 1687 2178 1748 terga
2223 1679 2468 1748 ulna’que
2504 1697 2518 1734 :
2560 1695 2734 1750 neque
2777 1681 2909 1738 feris
2961 1683 3264 1738 carnivoris
3300 1683 3592 1738 humanius

2031 1769 2084 1824 in
2131 1783 2224 1826 eos
2254 1769 2439 1825 flebat.
2479 1769 2598 1826 Jam
2641 1773 3010 1828 membrorum
3054 1773 3595 1840 mutilationes,ocu—

2029 1857 2206 1912 lorum
2237 1859 2630 1915 excmcationes
2651 1901 2668 1926 ,
2698 1877 2762 1917 ac
2797 1861 3003 1931 reliqua
3035 1861 3085 1917 id
3126 1878 3296 1934 genus
3324 1864 3592 1919 horrenda

2029 1949 2311 2019 supplicia,
2339 1951 2658 2021 iniquasque
2680 1953 3075 2008 immerentium
3096 1953 3372 2008 hominum
3397 1957 3592 2019 caedes,

2029 2050 2084 2095 et
2131 2041 2512 2096 acerbissimas
2564 2042 2617 2096 in
2665 2043 2898 2098 flammis
2933 2053 3164 2108 mortes,
3211 2045 3340 2114 quid
3400 2047 3596 2100 attinet

2029 2130 2324 2186 enarrare?
2348 2147 2575 2201 quorum
2612 2133 2807 2200 partim
2852 2133 3155 2188 fortitudini
3186 2135 3478 2202 virtutique
3510 2135 3594 2188 in-

2030 2221 2265 2287 videbat,
2294 2223 2487 2292 partim
2519 2224 2703 2294 gloriae
2733 2239 2797 2280 ac
2833 2224 3149 2279 dexteritati
3182 2223 3318 2295 (79).
3347 2223 3592 2294 Namque

2032 2313 2068 2367 ii
2103 2314 2216 2382 qui,
2265 2315 2539 2386 religionis
2572 2332 2768 2382 causa,
2811 2317 2926 2372 haec
2960 2326 3017 2371 et
3047 2315 3228 2386 pejora
3262 2317 3406 2386 passi
3445 2325 3594 2383 sunt,

2031 2405 2194 2460 aliam
2223 2407 2514 2476 'postulant
2559 2414 2614 2463 et
2661 2409 2880 2480 quidem
2915 2409 3232 2481 ampliorem
3279 2409 3598 2480 descriptio-

2031 2511 2154 2550 nem
2185 2495 2321 2567 (80).

2028 2780 2053 2807 ι’
2103 2769 2194 2824 71.
2232 2769 2517 2828 Postremo
2581 2787 2704 2828 cum
2751 2775 3014 2828 scelerum
3038 2789 3258 2829 suorum
3303 2773 3594 2828 terminum

2033 2860 2319 2932 attigisset,
2341 2871 2622 2918 acutarum
2659 2861 2890 2919 febrium
2921 2865 3206 2920 ardoribus
3265 2873 3592 2929 exzestuans,

2034 2951 2290 3021 gehennae
2335 2950 2601 3016 ﬂammas,
2637 2967 2757 3022 quae
2806 2967 2864 3009 se
2901 2969 3022 3008 mox
3077 2963 3381 3023 exceptura.-
3419 2962 3594 3018 erant,

2039 3043 2356 3111 praevisione
2382 3044 2870 3112 contemplabatur,
2899 3059 2964 3100 ac
2988 3044 3265 3113 pervigilis
3290 3045 3434 3099 illius
3468 3059 3592 3097 ver-

2037 3134 2140 3188 mis
2179 3147 2394 3189 morsus
2433 3135 2834 3204 praesentiebat,
2883 3149 3075 3206 graves
3114 3137 3233 3190 sine
3270 3136 3458 3204 requie
3483 3135 3599 3189 cla-

2036 3239 2215 3281 mores
2245 3227 2442 3293 edens;
2478 3241 2599 3296 quae
2651 3237 2805 3281 erant
2838 3229 3112 3296 gehennae.
3138 3229 3384 3296 quaedam
3421 3227 3598 3281 initia.

2035 3314 2170 3370 Tum
2201 3317 2410 3371 demum
2441 3318 2733 3386 impietatis
2763 3333 2873 3373 suae
2900 3333 3062 3374 sensu
3085 3320 3360 3388 paulisper
3391 3327 3595 3382 tactus,

2035 3405 2312 3476 religionis
2343 3415 2538 3462 nostrae
2573 3407 2880 3478 adiumenta
2919 3409 3176 3476 petebat;
3210 3421 3261 3462 et
3287 3407 3602 3462 comitanti-

2041 3497 2140 3552 bus
2166 3513 2224 3553 se
2252 3496 2627 3552 sacerdotibus
2674 3513 2868 3552 sacros
2900 3496 3333 3553 Christianorum
3370 3497 3605 3568 hymnos

2039 3602 2236 3642 canere
2289 3587 2628 3643 mandabat:
2674 3587 2766 3656 qui
2815 3597 2994 3642 tamen
3047 3585 3196 3642 illico
3251 3591 3600 3651 recusabant,

2039 3690 2312 3746 nunquam
2348 3691 2408 3730 se
2430 3690 2627 3730 canere
2655 3675 2848 3730 solitos
2887 3675 3120 3738 aientes.
3167 3675 3282 3730 sive
3311 3689 3396 3728 res
3422 3673 3494 3728 ita
3543 3688 3606 3729 se

2040 3767 2283 3833 haberet,
2314 3768 2429 3823 slve
2481 3768 2606 3838 quia
2645 3768 2788 3823 illius
2829 3769 3284 3822 exhorrescerent
3310 3765 3603 3820 crudelita-

2042 3868 2150 3915 tem
2186 3869 2241 3914 et
2289 3859 2646 3916 iracundiam.
2702 3859 2759 3914 In
2796 3860 2882 3914 his
2910 3873 3040 3929 ergo
3069 3858 3343 3929 tantisque
3397 3857 3606 3912 deliciis

2041 3951 2390 4015 constitutus,
2443 3951 2640 4020 quibus
2674 3951 2839 4005 etiam
2895 3949 3285 4004 Diocletianum
3324 3965 3386 4004 ac
3434 3948 3606 4002 Maxi-

2043 4043 2286 4097 mianum
2343 4043 2667 4097 immortuos
2696 4041 3027 4111 accepimus,
3061 4041 3233 4096 malus
3273 4042 3435 4094 homo
3465 4040 3606 4094 male

2041 4140 2204 4201 atque
2251 4130 2544 4186 infeliciter
2575 4131 2812 4200 periens,
2859 4129 2982 4184 vita:
3033 4129 3194 4183 linem
3258 4139 3450 4182 nactus
3497 4135 3603 4182 est.

2041 4222 2284 4278 Mortuus
2311 4231 2396 4277 est
2431 4230 2612 4276 autem
2671 4221 2935 4291 navigans
2985 4219 3191 4286 aliquot
3228 4229 3384 4273 extra
3415 4219 3602 4272 urbem

2043 4329 2298 4384 passuum
2351 4311 2608 4379 millibus,
2641 4312 2767 4371 dum
2813 4327 2845 4367 e
2897 4310 3145 4366 Thraciae
3176 4311 3486 4380 regionibus
3517 4325 3633 4364 re--

369 4404 580 4473 έχουσι,
600 4401 708 4456 τῶν
724 4403 788 4456 έκ
807 4401 909 4469 τῆς
933 4401 1154 4472 Θρᾴκης
1175 4399 1389 4472 χωρίων
1411 4395 1768 4460 παλινοστῶν,
1783 4399 1839 4450 έν
1863 4389 1936 4458 οἷς

2050 4409 2373 4465 verteretur,
2423 4400 2477 4454 in
2534 4399 2880 4468 quibuscum
2923 4399 3167 4454 exercitu
3224 4399 3416 4452 fuerat.
3473 4395 3606 4450 Nam

371 4483 752 4564 ἐκστρατεύων
775 4493 1038 4563 ἐτύγχανε
1057 4507 1072 4522 ο
1097 4491 1168 4562 γῆ
1206 4490 1315 4560 γὰρ
1339 4492 1372 4560 ή
1400 4489 1618 4548 πάντων
1641 4487 1826 4560 μήτηρ
1847 4485 1942 4538 τὸν

376 4586 681 4658 μιαιφόνον,
723 4585 951 4656 αἴμασιν
998 4582 1170 4651 αὐτὴν
1209 4577 1407 4643 ἀθώοις
1443 4579 1799 4648 ὲκπλήσαντα
1847 4575 1946 4630 καὶ

381 4678 722 4749 μολύναντα,
783 4676 870 4746 ἐφ’
919 4676 1121 4744 ἑαυτῆς
1169 4671 1424 4743 θνήσκειν
1472 4670 1533 4722 οὐ
1590 4667 1942 4738 παρεδέξατο.

375 4769 541 4832 Ποίας
571 4763 666 4822 οὖν
689 4767 798 4837 ἀρα
823 4763 1159 4837 κατηγορίας
1182 4763 1279 4816 καὶ
1318 4759 1656 4831 ταλανισμοῢ
1699 4759 1800 4812 οὐκ
1831 4755 1942 4814 εἷεν

371 4858 534 4924 ἄξιοι,
565 4859 614 4912 ol
651 4859 862 4911 ἐκεῖνον
920 4852 1246 4927 μακαρίζειν
1277 4851 1520 4921 ἀνοήτως
1557 4850 1658 4904 οὐκ
1691 4847 1940 4920 αίσχυνό-

375 4964 529 5020 μενοι
557 4949 572 5002 l
614 4945 675 5000 Ὀ
701 4947 758 5001 δὲ
787 4947 888 5016 τῆς
945 4945 1094 5014 ζωῆς
1142 4941 1310 4996 αὐτοῦ
1343 4941 1452 5003 πᾶς
1507 4939 1694 5011 χρόνος
1733 4939 1834 4992 οὐκ
1862 4939 1943 5002 είς

375 5039 590 5111 μακρόν
626 5056 680 5092 τι
719 5039 861 5093 πάνυ
897 5038 1183 5107 διήλασεν·
1229 5037 1288 5088 οὐ
1323 5033 1535 5087 πλείοσι
1569 5032 1679 5104 γὰρ
1725 5031 1757 5102 ἢ
1801 5029 1944 5086 ὀκτὼ

371 5131 511 5201 πρὸς
547 5131 659 5192 τοῖς
687 5131 1028 5200 πεντήκοντα
1067 5125 1215 5186 ἔτεσι
1261 5124 1410 5195 βιοὺς
1429 5122 1518 5196 (j),
1553 5122 1702 5194 ψυχῇ
1743 5139 1804 5175 τε
1849 5121 1944 5175 καὶ

443 5311 524 5385 (Ιι)
557 5309 1115 5385 MorumACopronymi
1147 5319 1512 5385 portentosatn
1551 5311 1938 5385 impuritatem,

369 5379 610 5456 itemque
649 5379 1189 5456 szevitiam,_nat-rant
1218 5381 1436 5456 passim
1462 5379 1742 5450 Byzantini
1774 5381 1943 5436 hlSlO-

373 5450 689 5516 rictuque
723 5451 776 5504 in
811 5451 894 5504 his
916 5451 1196 5506 Cedrenus
1229 5461 1359 5506 tom.
1390 5450 1488 5504 cit.

447 5523 525 5598 (i)_
558 5519 744 5574 Dirum
784 5519 1113 5598 Copronymi
1163 5519 1373 5574 obitum
1399 5557 1415 5578 ,
1447 5531 1609 5598 anno
1631 5517 1840 5598 imperii
1872 5517 1943 5572 35

370 5588 728 5672 ejusdemque
767 5588 1045 5672 morientis
1093 5588 1687 5672 sera-mup‘wuite'ntiam
1714 5627 1728 5655 ,
1765 5588 1942 5660 legere

371 5657 503 5718 licet
523 5659 663 5732 apud
687 5657 1006 5726 Cedt'enum,
1037 5674 1089 5730 p.
1121 5657 1380 5714 467-468.

2047 4501 2192 4546 terra
2224 4491 2466 4546 omnium
2502 4499 2679 4544 mater
2728 4489 3056 4544 homicidam
3113 4489 3278 4551 hunc,
3315 4487 3405 4556 qui
3433 4488 3606 4557 ipsam

2044 4583 2291 4639 innocuis
2347 4583 2705 4652 sanguinibus
2779 4583 3138 4638 inundaverat
3198 4597 3262 4636 ac
3323 4580 3606 4650 polluerat,

2043 4670 2184 4740 apud
2212 4685 2270 4727 se
2293 4673 2426 4726 mori
2448 4687 2553 4726 non
2584 4682 2668 4727 est
2689 4687 2870 4743 passa.
2897 4673 3066 4739 Quam
3099 4682 3226 4727 sunt
3264 4687 3394 4742 ergo
3425 4687 3607 4741 repre-

2051 4763 2321 4818 hendendi
2349 4779 2415 4819 ac
2456 4758 2664 4830 miseri,
2687 4765 2776 4834 qui
2801 4765 3114 4834 insipienter
3139 4765 3286 4818 illum
3317 4764 3612 4834 praedicare

2043 4854 2260 4909 beatum
2293 4869 2397 4912 nou
2431 4857 2794 4911 erubescunt!
2831 4854 2898 4909 Et
2931 4855 3150 4924 quidem
3179 4857 3302 4912 vitae
3339 4856 3613 4926 ejttslem-

2044 4961 2144 5016 pus
2187 4962 2294 5002 non
2343 4949 2628 5002 admodum
2683 4948 2950 5018 prolixum
3005 4947 3143 5018 fuit;
3196 4961 3397 5006 etenim
3438 4965 3612 5006 annos

2047 5037 2190 5093 haud
2217 5037 2338 5107 plus
2366 5053 2496 5094 LVIII
2533 5048 2714 5106 natus,
2741 5041 2978 5094 animam
3005 5041 3166 5096 simul
3188 5053 3239 5097 et
3270 5058 3467 5113 corpus
3494 5060 3616 5113 per-

2045 5127 2220 5194 didit;
2259 5137 2313 5182 et
2345 5129 2444 5184 hos
2479 5130 2646 5200 ipsos,
2707 5131 2816 5186 Deo
2853 5132 3014 5203 138
3061 5137 3429 5204 permittente,
3463 5135 3608 5188 haud

2048 5381 2061 5394 ο
2119 5312 2184 5382 (j)
2224 5311 2486 5394 lini-tuus
2536 5309 2911 5384 Copronymus
2972 5329 3114 5368 anno
3157 5313 3331 5368 aetatis
3376 5326 3486 5366 sua:
3520 5309 3610 5372 58.

2048 5381 2262 5448 inmerii
2288 5381 2376 5436 55.
2758 5381 2770 5384 “

2102 5450 2244 5524 Δ(19)Δ
2278 5451 2365 5524 ρο
2421 5449 2608 5524 aulicis
2658 5453 2989 5524 proceribus
3025 5469 3052 5504 ιι
3106 5455 3445 5524 Copronymp
3497 5449 3613 5504 neci

2048 5519 2642 5583 addiclis'Nicephorus
2675 5523 2726 5576 in
2756 5520 3032 5576 Breviario
3068 5525 3134 5574 ad
3167 5519 3256 5574 an.
3285 5519 3411 5575 766.

2089 5589 2231 5666 ,(80)
2269 5589 2409 5646 ldctn
2446 5589 2778 5661 Nicephorus
2807 5607 2892 5659 οι).
2926 5591 3018 5646 cit.
3050 5595 3116 5646 ad
3151 5605 3236 5644 an.
3275 5588 3401 5646 765.
