  <div class='ocr_page' id='page_1' title='image "/cluster/home/n/w/nwhite01/storage/ocr_20150623/100/hvd.32044054111919/259.png"; bbox 0 0 4032 6208; ppageno 0'>
   <div class='ocr_carea' id='block_1_1' title="bbox 381 260 482 324">
    <p class='ocr_par' dir='ltr' id='par_1_1' title="bbox 381 260 482 324">
     <span class='ocr_line' id='line_1_1' title="bbox 381 260 482 324; baseline -0.02 0"><span class='ocrx_word' id='word_1_1' title='bbox 381 260 482 324; x_wconf 73' lang='lat'><strong>507</strong></span> 
     </span>
    </p>
   </div>
   <div class='ocr_carea' id='block_1_2' title="bbox 1401 268 2618 334">
    <p class='ocr_par' dir='ltr' id='par_1_2' title="bbox 1401 268 2618 334">
     <span class='ocr_line' id='line_1_2' title="bbox 1401 268 2618 334; baseline 0.005 -6"><span class='ocrx_word' id='word_1_2' title='bbox 1401 270 1463 329; x_wconf 94' lang='lat' dir='ltr'><strong>S.</strong></span> <span class='ocrx_word' id='word_1_3' title='bbox 1505 268 1930 330; x_wconf 79' lang='lat' dir='ltr'><strong>NICEPHORI</strong></span> <span class='ocrx_word' id='word_1_4' title='bbox 1961 271 2470 332; x_wconf 62' lang='lat' dir='ltr'><strong>PATRIARCﬂrE</strong></span> <span class='ocrx_word' id='word_1_5' title='bbox 2507 272 2618 334; x_wconf 73' lang='grc' dir='ltr'><strong>ΟΡ.</strong></span> 
     </span>
    </p>
   </div>
   <div class='ocr_carea' id='block_1_3' title="bbox 3547 275 3651 341">
    <p class='ocr_par' dir='ltr' id='par_1_3' title="bbox 3547 275 3651 341">
     <span class='ocr_line' id='line_1_3' title="bbox 3547 275 3651 341; baseline 0.019 -2"><span class='ocrx_word' id='word_1_6' title='bbox 3547 275 3651 341; x_wconf 77' lang='lat'><strong>508</strong></span> 
     </span>
    </p>
   </div>
   <div class='ocr_carea' id='block_1_4' title="bbox 383 375 1969 455">
    <p class='ocr_par' dir='ltr' id='par_1_4' title="bbox 383 375 1956 450">
     <span class='ocr_line' id='line_1_4' title="bbox 383 375 1956 450; baseline 0.004 -20"><span class='ocrx_word' id='word_1_7' title='bbox 383 375 617 430; x_wconf 68' lang='lat' dir='ltr'><strong>feliciter</strong></span> <span class='ocrx_word' id='word_1_8' title='bbox 635 375 838 445; x_wconf 79' lang='lat' dir='ltr'><strong>exegit,</strong></span> <span class='ocrx_word' id='word_1_9' title='bbox 863 376 988 446; x_wconf 93' lang='lat' dir='ltr'><strong>quia</strong></span> <span class='ocrx_word' id='word_1_10' title='bbox 1019 376 1218 431; x_wconf 75' lang='lat' dir='ltr'><strong>divinis</strong></span> <span class='ocrx_word' id='word_1_11' title='bbox 1247 377 1529 432; x_wconf 76' lang='lat' dir='ltr'><strong>beneﬁciis</strong></span> <span class='ocrx_word' id='word_1_12' title='bbox 1552 379 1653 432; x_wconf 87' lang='lat' dir='ltr'><strong>fuit</strong></span> <span class='ocrx_word' id='word_1_13' title='bbox 1682 381 1956 450; x_wconf 78' lang='lat' dir='ltr'><strong>indiguus.</strong></span> 
     </span>
    </p>
   </div>
   <div class='ocr_carea' id='block_1_5' title="bbox 2070 375 3651 455">
    <p class='ocr_par' dir='ltr' id='par_1_5' title="bbox 2070 377 3651 455">
     <span class='ocr_line' id='line_1_5' title="bbox 2070 377 3651 455; baseline -0.001 -20"><span class='ocrx_word' id='word_1_14' title='bbox 2070 381 2278 452; x_wconf 85' lang='grc' dir='ltr'><strong>σώματι</strong></span> <span class='ocrx_word' id='word_1_15' title='bbox 2309 381 2538 452; x_wconf 79' lang='grc' dir='ltr'><strong>τέθνηκε</strong></span> <span class='ocrx_word' id='word_1_16' title='bbox 2583 398 2601 415; x_wconf 76' lang='grc' dir='ltr'><strong>ο</strong></span> <span class='ocrx_word' id='word_1_17' title='bbox 2637 380 2734 435; x_wconf 68' lang='grc' dir='ltr'><strong>καὶ</strong></span> <span class='ocrx_word' id='word_1_18' title='bbox 2770 377 2914 436; x_wconf 82' lang='grc' dir='ltr'><strong>αύτά</strong></span> <span class='ocrx_word' id='word_1_19' title='bbox 2966 396 3032 449; x_wconf 79' lang='grc' dir='ltr'><strong>γε</strong></span> <span class='ocrx_word' id='word_1_20' title='bbox 3088 381 3266 435; x_wconf 76' lang='grc' dir='ltr'><strong>ταῦτα</strong></span> <span class='ocrx_word' id='word_1_21' title='bbox 3321 380 3462 436; x_wconf 79' lang='grc' dir='ltr'><strong>Θεοῦ</strong></span> <span class='ocrx_word' id='word_1_22' title='bbox 3513 401 3651 455; x_wconf 77' lang='grc' dir='ltr'><strong>συγ-</strong></span> 
     </span>
    </p>
   </div>
   <div class='ocr_carea' id='block_1_6' title="bbox 383 468 1957 544">
    <p class='ocr_par' dir='ltr' id='par_1_6' title="bbox 383 468 1957 544">
     <span class='ocr_line' id='line_1_6' title="bbox 383 468 1957 544; baseline 0.004 -21"><span class='ocrx_word' id='word_1_23' title='bbox 383 468 504 534; x_wconf 66' lang='grc' dir='ltr'><strong>γει,</strong></span> <span class='ocrx_word' id='word_1_24' title='bbox 542 477 599 522; x_wconf 86' lang='grc' dir='ltr'><strong>ιιι</strong></span> <span class='ocrx_word' id='word_1_25' title='bbox 630 469 804 539; x_wconf 76' lang='lat' dir='ltr'><strong>magis</strong></span> <span class='ocrx_word' id='word_1_26' title='bbox 851 470 1069 539; x_wconf 78' lang='lat' dir='ltr'><strong>proprie</strong></span> <span class='ocrx_word' id='word_1_27' title='bbox 1116 471 1385 532; x_wconf 89' lang='lat' dir='ltr'><strong>dicamus,</strong></span> <span class='ocrx_word' id='word_1_28' title='bbox 1444 470 1556 524; x_wconf 84' lang='lat' dir='ltr'><strong>Deo</strong></span> <span class='ocrx_word' id='word_1_29' title='bbox 1587 480 1799 542; x_wconf 88' lang='lat' dir='ltr'><strong>tempus</strong></span> <span class='ocrx_word' id='word_1_30' title='bbox 1829 490 1957 544; x_wconf 88' lang='lat' dir='ltr'><strong>pro-</strong></span> 
     </span>
    </p>
   </div>
   <div class='ocr_carea' id='block_1_7' title="bbox 385 561 1958 631">
    <p class='ocr_par' dir='ltr' id='par_1_7' title="bbox 385 561 1958 631">
     <span class='ocr_line' id='line_1_7' title="bbox 385 561 1958 631; baseline 0.003 -16"><span class='ocrx_word' id='word_1_31' title='bbox 385 563 618 626; x_wconf 83' lang='lat' dir='ltr'><strong>ferente,</strong></span> <span class='ocrx_word' id='word_1_32' title='bbox 643 561 900 631; x_wconf 77' lang='lat' dir='ltr'><strong>justeque</strong></span> <span class='ocrx_word' id='word_1_33' title='bbox 951 562 1294 625; x_wconf 88' lang='lat' dir='ltr'><strong>consulente,</strong></span> <span class='ocrx_word' id='word_1_34' title='bbox 1341 572 1401 616; x_wconf 80' lang='grc' dir='ltr'>ιιι</span> <span class='ocrx_word' id='word_1_35' title='bbox 1431 561 1518 616; x_wconf 92' lang='lat' dir='ltr'><strong>hic</strong></span> <span class='ocrx_word' id='word_1_36' title='bbox 1547 562 1709 617; x_wconf 82' lang='lat' dir='ltr'><strong>etiam</strong></span> <span class='ocrx_word' id='word_1_37' title='bbox 1734 580 1958 620; x_wconf 82' lang='lat' dir='ltr'><strong>suorum</strong></span> 
     </span>
    </p>
   </div>
   <div class='ocr_carea' id='block_1_8' title="bbox 387 653 1960 726">
    <p class='ocr_par' dir='ltr' id='par_1_8' title="bbox 387 653 1960 726">
     <span class='ocr_line' id='line_1_8' title="bbox 387 653 1960 726; baseline 0.004 -21"><span class='ocrx_word' id='word_1_38' title='bbox 387 653 686 708; x_wconf 86' lang='lat' dir='ltr'><strong>facinorqu</strong></span> <span class='ocrx_word' id='word_1_39' title='bbox 717 667 906 722; x_wconf 63' lang='lat' dir='ltr'><strong>[muas</strong></span> <span class='ocrx_word' id='word_1_40' title='bbox 951 654 1148 722; x_wconf 90' lang='lat' dir='ltr'><strong>partim</strong></span> <span class='ocrx_word' id='word_1_41' title='bbox 1206 654 1536 722; x_wconf 83' lang='lat' dir='ltr'><strong>degustaret,</strong></span> <span class='ocrx_word' id='word_1_42' title='bbox 1595 670 1828 726; x_wconf 79' lang='lat' dir='ltr'><strong>moxque</strong></span> <span class='ocrx_word' id='word_1_43' title='bbox 1853 671 1960 711; x_wconf 87' lang='lat' dir='ltr'><strong>non</strong></span> 
     </span>
    </p>
   </div>
   <div class='ocr_carea' id='block_1_9' title="bbox 386 745 1962 816">
    <p class='ocr_par' dir='ltr' id='par_1_9' title="bbox 386 745 1962 816">
     <span class='ocr_line' id='line_1_9' title="bbox 386 745 1962 816; baseline 0.002 -14"><span class='ocrx_word' id='word_1_44' title='bbox 386 751 506 802; x_wconf 86' lang='lat' dir='ltr'><strong>sine</strong></span> <span class='ocrx_word' id='word_1_45' title='bbox 539 748 796 816; x_wconf 75' lang='lat' dir='ltr'><strong>gravibus</strong></span> <span class='ocrx_word' id='word_1_46' title='bbox 825 745 1102 803; x_wconf 80' lang='lat' dir='ltr'><strong>doloribus</strong></span> <span class='ocrx_word' id='word_1_47' title='bbox 1138 749 1508 816; x_wconf 78' lang='lat' dir='ltr'><strong>turpissimam</strong></span> <span class='ocrx_word' id='word_1_48' title='bbox 1544 748 1710 802; x_wconf 87' lang='lat' dir='ltr'><strong>vitam</strong></span> <span class='ocrx_word' id='word_1_49' title='bbox 1738 751 1962 805; x_wconf 84' lang='lat' dir='ltr'><strong>abrum-</strong></span> 
     </span>
    </p>
   </div>
   <div class='ocr_carea' id='block_1_10' title="bbox 387 839 1961 914">
    <p class='ocr_par' dir='ltr' id='par_1_10' title="bbox 387 839 1961 914">
     <span class='ocr_line' id='line_1_10' title="bbox 387 839 1961 914; baseline 0.008 -28"><span class='ocrx_word' id='word_1_50' title='bbox 387 847 558 905; x_wconf 83' lang='lat' dir='ltr'><strong>peret,</strong></span> <span class='ocrx_word' id='word_1_51' title='bbox 613 847 802 905; x_wconf 83' lang='lat' dir='ltr'><strong>parata</strong></span> <span class='ocrx_word' id='word_1_52' title='bbox 861 839 964 893; x_wconf 93' lang='lat' dir='ltr'><strong>sibi</strong></span> <span class='ocrx_word' id='word_1_53' title='bbox 1016 856 1045 894; x_wconf 92' lang='lat' dir='ltr'><strong>a</strong></span> <span class='ocrx_word' id='word_1_54' title='bbox 1099 841 1278 896; x_wconf 88' lang='lat' dir='ltr'><strong>divina</strong></span> <span class='ocrx_word' id='word_1_55' title='bbox 1327 839 1536 899; x_wconf 75' lang='lat' dir='ltr'><strong>ultione</strong></span> <span class='ocrx_word' id='word_1_56' title='bbox 1597 844 1868 914; x_wconf 85' lang='lat' dir='ltr'><strong>supplicia</strong></span> <span class='ocrx_word' id='word_1_57' title='bbox 1908 843 1961 898; x_wconf 91' lang='lat' dir='ltr'><strong>in</strong></span> 
     </span>
    </p>
   </div>
   <div class='ocr_carea' id='block_1_11' title="bbox 387 930 1958 1006">
    <p class='ocr_par' dir='ltr' id='par_1_11' title="bbox 387 930 1958 1006">
     <span class='ocr_line' id='line_1_11' title="bbox 387 930 1958 1006; baseline 0.009 -30"><span class='ocrx_word' id='word_1_58' title='bbox 387 938 665 998; x_wconf 77' lang='lat' dir='ltr'><strong>posterum</strong></span> <span class='ocrx_word' id='word_1_59' title='bbox 697 930 1023 984; x_wconf 87' lang='lat' dir='ltr'><strong>immortalia</strong></span> <span class='ocrx_word' id='word_1_60' title='bbox 1053 943 1110 986; x_wconf 91' lang='lat' dir='ltr'><strong>et</strong></span> <span class='ocrx_word' id='word_1_61' title='bbox 1133 933 1248 987; x_wconf 90' lang='lat' dir='ltr'><strong>sine</strong></span> <span class='ocrx_word' id='word_1_62' title='bbox 1277 935 1384 990; x_wconf 84' lang='lat' dir='ltr'><strong>line</strong></span> <span class='ocrx_word' id='word_1_63' title='bbox 1419 936 1586 991; x_wconf 82' lang='lat' dir='ltr'><strong>miser</strong></span> <span class='ocrx_word' id='word_1_64' title='bbox 1620 946 1958 1006; x_wconf 81' lang='lat' dir='ltr'><strong>recepturus,</strong></span> 
     </span>
    </p>
   </div>
   <div class='ocr_carea' id='block_1_12' title="bbox 387 1021 1962 1098">
    <p class='ocr_par' dir='ltr' id='par_1_12' title="bbox 387 1021 1962 1098">
     <span class='ocr_line' id='line_1_12' title="bbox 387 1021 1962 1098; baseline 0.006 -24"><span class='ocrx_word' id='word_1_65' title='bbox 387 1021 698 1076; x_wconf 75' lang='lat' dir='ltr'><strong>acerbiores</strong></span> <span class='ocrx_word' id='word_1_66' title='bbox 727 1023 940 1078; x_wconf 81' lang='lat' dir='ltr'><strong>scilicet</strong></span> <span class='ocrx_word' id='word_1_67' title='bbox 988 1039 1052 1079; x_wconf 88' lang='lat' dir='ltr'><strong>ac</strong></span> <span class='ocrx_word' id='word_1_68' title='bbox 1085 1026 1477 1093; x_wconf 73' lang='lat' dir='ltr'><strong>diuturnior-es,</strong></span> <span class='ocrx_word' id='word_1_69' title='bbox 1513 1043 1635 1084; x_wconf 89' lang='lat' dir='ltr'><strong>cum</strong></span> <span class='ocrx_word' id='word_1_70' title='bbox 1665 1039 1819 1098; x_wconf 85' lang='lat' dir='ltr'><strong>patre</strong></span> <span class='ocrx_word' id='word_1_71' title='bbox 1859 1045 1962 1084; x_wconf 88' lang='lat' dir='ltr'><strong>suo</strong></span> 
     </span>
    </p>
   </div>
   <div class='ocr_carea' id='block_1_13' title="bbox 387 1115 1965 1198">
    <p class='ocr_par' dir='ltr' id='par_1_13' title="bbox 387 1115 1965 1198">
     <span class='ocr_line' id='line_1_13' title="bbox 387 1115 1965 1198; baseline 0.007 -35"><span class='ocrx_word' id='word_1_72' title='bbox 387 1127 667 1182; x_wconf 74' lang='lat' dir='ltr'><strong>pmnzeqne</strong></span> <span class='ocrx_word' id='word_1_73' title='bbox 705 1115 1008 1182; x_wconf 71' lang='lat' dir='ltr'><strong>cohaarede,</strong></span> <span class='ocrx_word' id='word_1_74' title='bbox 1043 1116 1095 1170; x_wconf 92' lang='lat' dir='ltr'><strong>in</strong></span> <span class='ocrx_word' id='word_1_75' title='bbox 1123 1117 1366 1185; x_wconf 87' lang='lat' dir='ltr'><strong>gehenna</strong></span> <span class='ocrx_word' id='word_1_76' title='bbox 1415 1121 1692 1174; x_wconf 84' lang='lat' dir='ltr'><strong>cruciatus</strong></span> <span class='ocrx_word' id='word_1_77' title='bbox 1743 1134 1965 1198; x_wconf 80' lang='lat' dir='ltr'><strong>perpes-</strong></span> 
     </span>
    </p>
   </div>
   <div class='ocr_carea' id='block_1_14' title="bbox 387 1218 567 1260">
    <p class='ocr_par' dir='ltr' id='par_1_14' title="bbox 387 1218 567 1260">
     <span class='ocr_line' id='line_1_14' title="bbox 387 1218 567 1260; baseline 0.028 -4"><span class='ocrx_word' id='word_1_78' title='bbox 387 1218 567 1260; x_wconf 72' lang='lat' dir='ltr'><strong>SUI’tIS-</strong></span> 
     </span>
    </p>
   </div>
   <div class='ocr_carea' id='block_1_15' title="bbox 463 1488 1960 1565">
    <p class='ocr_par' dir='ltr' id='par_1_15' title="bbox 463 1488 1960 1565">
     <span class='ocr_line' id='line_1_15' title="bbox 463 1488 1960 1565; baseline 0.008 -23"><span class='ocrx_word' id='word_1_79' title='bbox 463 1489 550 1545; x_wconf 67' lang='lat'><strong>72.</strong></span> <span class='ocrx_word' id='word_1_80' title='bbox 586 1488 734 1556; x_wconf 83' lang='lat' dir='ltr'><strong>Quas</strong></span> <span class='ocrx_word' id='word_1_81' title='bbox 761 1505 894 1547; x_wconf 86' lang='lat' dir='ltr'><strong>vero</strong></span> <span class='ocrx_word' id='word_1_82' title='bbox 917 1492 1235 1564; x_wconf 85' lang='lat' dir='ltr'><strong>confingunt</strong></span> <span class='ocrx_word' id='word_1_83' title='bbox 1282 1494 1398 1564; x_wconf 86' lang='lat' dir='ltr'><strong>ejus</strong></span> <span class='ocrx_word' id='word_1_84' title='bbox 1430 1497 1711 1565; x_wconf 79' lang='lat' dir='ltr'><strong>victorias,</strong></span> <span class='ocrx_word' id='word_1_85' title='bbox 1748 1514 1826 1556; x_wconf 77' lang='lat' dir='ltr'><strong>ea:</strong></span> <span class='ocrx_word' id='word_1_86' title='bbox 1857 1501 1960 1556; x_wconf 89' lang='lat' dir='ltr'><strong>hu-</strong></span> 
     </span>
    </p>
   </div>
   <div class='ocr_carea' id='block_1_16' title="bbox 385 1581 1960 1650">
    <p class='ocr_par' dir='ltr' id='par_1_16' title="bbox 385 1581 1960 1650">
     <span class='ocr_line' id='line_1_16' title="bbox 385 1581 1960 1650; baseline 0.01 -17"><span class='ocrx_word' id='word_1_87' title='bbox 385 1581 624 1650; x_wconf 89' lang='lat' dir='ltr'><strong>jusmodi</strong></span> <span class='ocrx_word' id='word_1_88' title='bbox 687 1594 834 1650; x_wconf 90' lang='lat' dir='ltr'><strong>sunt,</strong></span> <span class='ocrx_word' id='word_1_89' title='bbox 885 1595 940 1639; x_wconf 88' lang='lat' dir='ltr'><strong>et</strong></span> <span class='ocrx_word' id='word_1_90' title='bbox 994 1601 1154 1641; x_wconf 87' lang='lat' dir='ltr'><strong>unam</strong></span> <span class='ocrx_word' id='word_1_91' title='bbox 1187 1591 1518 1644; x_wconf 77' lang='lat' dir='ltr'><strong>e’maximis</strong></span> <span class='ocrx_word' id='word_1_92' title='bbox 1575 1605 1960 1649; x_wconf 89' lang='lat' dir='ltr'><strong>memoremus.</strong></span> 
     </span>
    </p>
   </div>
   <div class='ocr_carea' id='block_1_17' title="bbox 389 1658 1964 1750">
    <p class='ocr_par' dir='ltr' id='par_1_17' title="bbox 389 1658 1964 1750">
     <span class='ocr_line' id='line_1_17' title="bbox 389 1658 1964 1750; baseline 0.008 -22"><span class='ocrx_word' id='word_1_93' title='bbox 389 1675 682 1746; x_wconf 78' lang='lat' dir='ltr'><strong>Postquam</strong></span> <span class='ocrx_word' id='word_1_94' title='bbox 713 1658 1114 1746; x_wconf 68' lang='lat' dir='ltr'><strong>etpeditionem</strong></span> <span class='ocrx_word' id='word_1_95' title='bbox 1149 1682 1388 1750; x_wconf 84' lang='lat' dir='ltr'><strong>suscepit</strong></span> <span class='ocrx_word' id='word_1_96' title='bbox 1420 1683 1683 1740; x_wconf 86' lang='lat' dir='ltr'><strong>adversus</strong></span> <span class='ocrx_word' id='word_1_97' title='bbox 1704 1686 1964 1741; x_wconf 88' lang='lat' dir='ltr'><strong>occiden-</strong></span> 
     </span>
    </p>
   </div>
   <div class='ocr_carea' id='block_1_18' title="bbox 391 1766 1964 1844">
    <p class='ocr_par' dir='ltr' id='par_1_18' title="bbox 391 1766 1964 1844">
     <span class='ocr_line' id='line_1_18' title="bbox 391 1766 1964 1844; baseline 0.006 -23"><span class='ocrx_word' id='word_1_98' title='bbox 391 1767 553 1821; x_wconf 83' lang='lat' dir='ltr'><strong>talem</strong></span> <span class='ocrx_word' id='word_1_99' title='bbox 605 1767 761 1822; x_wconf 89' lang='lat' dir='ltr'><strong>noois</strong></span> <span class='ocrx_word' id='word_1_100' title='bbox 797 1766 1115 1839; x_wconf 89' lang='lat' dir='ltr'><strong>Scythicum</strong></span> <span class='ocrx_word' id='word_1_101' title='bbox 1168 1774 1422 1841; x_wconf 85' lang='lat' dir='ltr'><strong>pepnlum</strong></span> <span class='ocrx_word' id='word_1_102' title='bbox 1457 1774 1964 1844; x_wconf 69' lang='lat' dir='ltr'><strong>(81),_tlniversnm</strong></span> 
     </span>
    </p>
   </div>
   <div class='ocr_carea' id='block_1_19' title="bbox 385 1861 1964 1936">
    <p class='ocr_par' dir='ltr' id='par_1_19' title="bbox 385 1861 1964 1936">
     <span class='ocr_line' id='line_1_19' title="bbox 385 1861 1964 1936; baseline 0.008 -24"><span class='ocrx_word' id='word_1_103' title='bbox 385 1873 545 1912; x_wconf 81' lang='lat' dir='ltr'><strong>suout</strong></span> <span class='ocrx_word' id='word_1_104' title='bbox 583 1861 858 1914; x_wconf 77' lang='lat' dir='ltr'><strong>contraxit</strong></span> <span class='ocrx_word' id='word_1_105' title='bbox 889 1863 989 1915; x_wconf 85' lang='lat' dir='ltr'><strong>sub</strong></span> <span class='ocrx_word' id='word_1_106' title='bbox 1016 1861 1166 1930; x_wconf 82' lang='lat' dir='ltr'><strong>signa</strong></span> <span class='ocrx_word' id='word_1_107' title='bbox 1197 1864 1525 1928; x_wconf 79' lang='lat' dir='ltr'><strong>exercitum,</strong></span> <span class='ocrx_word' id='word_1_108' title='bbox 1559 1867 1964 1936; x_wconf 69' lang='lat' dir='ltr'><strong>commisque</strong></span> 
     </span>
    </p>
   </div>
   <div class='ocr_carea' id='block_1_20' title="bbox 387 1949 1964 2025">
    <p class='ocr_par' dir='ltr' id='par_1_20' title="bbox 387 1949 1964 2025">
     <span class='ocr_line' id='line_1_20' title="bbox 387 1949 1964 2025; baseline 0.008 -23"><span class='ocrx_word' id='word_1_109' title='bbox 387 1965 511 2002; x_wconf 89' lang='lat' dir='ltr'><strong>cum</strong></span> <span class='ocrx_word' id='word_1_110' title='bbox 555 1949 802 2005; x_wconf 79' lang='lat' dir='ltr'><strong>hostibus</strong></span> <span class='ocrx_word' id='word_1_111' title='bbox 834 1951 1044 2020; x_wconf 70' lang='lat' dir='ltr'><strong>pradio,</strong></span> <span class='ocrx_word' id='word_1_112' title='bbox 1070 1967 1231 2022; x_wconf 87' lang='lat' dir='ltr'><strong>quam</strong></span> <span class='ocrx_word' id='word_1_113' title='bbox 1261 1953 1387 2008; x_wconf 78' lang='lat' dir='ltr'><strong>felix</strong></span> <span class='ocrx_word' id='word_1_114' title='bbox 1416 1955 1578 2010; x_wconf 90' lang='lat' dir='ltr'><strong>fuerit</strong></span> <span class='ocrx_word' id='word_1_115' title='bbox 1610 1957 1731 2011; x_wconf 90' lang='lat' dir='ltr'><strong>belli</strong></span> <span class='ocrx_word' id='word_1_116' title='bbox 1763 1959 1964 2025; x_wconf 70' lang='lat' dir='ltr'><strong>exitus,</strong></span> 
     </span>
    </p>
   </div>
   <div class='ocr_carea' id='block_1_21' title="bbox 387 2039 1960 2116">
    <p class='ocr_par' dir='ltr' id='par_1_21' title="bbox 387 2039 1960 2116">
     <span class='ocr_line' id='line_1_21' title="bbox 387 2039 1960 2116; baseline 0.011 -27"><span class='ocrx_word' id='word_1_117' title='bbox 387 2039 601 2108; x_wconf 85' lang='lat' dir='ltr'><strong>publica</strong></span> <span class='ocrx_word' id='word_1_118' title='bbox 637 2051 761 2094; x_wconf 85' lang='lat' dir='ltr'><strong>sunt</strong></span> <span class='ocrx_word' id='word_1_119' title='bbox 805 2042 1139 2098; x_wconf 85' lang='lat' dir='ltr'><strong>testimonia.</strong></span> <span class='ocrx_word' id='word_1_120' title='bbox 1177 2044 1310 2100; x_wconf 79' lang='lat' dir='ltr'><strong>Nam</strong></span> <span class='ocrx_word' id='word_1_121' title='bbox 1336 2061 1507 2116; x_wconf 85' lang='lat' dir='ltr'><strong>usque</strong></span> <span class='ocrx_word' id='word_1_122' title='bbox 1547 2051 1615 2102; x_wconf 86' lang='lat' dir='ltr'><strong>ad</strong></span> <span class='ocrx_word' id='word_1_123' title='bbox 1652 2050 1791 2106; x_wconf 91' lang='lat' dir='ltr'><strong>hanc</strong></span> <span class='ocrx_word' id='word_1_124' title='bbox 1820 2051 1960 2107; x_wconf 91' lang='lat' dir='ltr'><strong>diem</strong></span> 
     </span>
    </p>
   </div>
   <div class='ocr_carea' id='block_1_22' title="bbox 387 2133 1968 2210">
    <p class='ocr_par' dir='ltr' id='par_1_22' title="bbox 387 2133 1968 2210">
     <span class='ocr_line' id='line_1_22' title="bbox 387 2133 1968 2210; baseline 0.008 -24"><span class='ocrx_word' id='word_1_125' title='bbox 387 2133 533 2186; x_wconf 90' lang='lat' dir='ltr'><strong>circa</strong></span> <span class='ocrx_word' id='word_1_126' title='bbox 562 2133 880 2188; x_wconf 85' lang='lat' dir='ltr'><strong>Anchialum</strong></span> <span class='ocrx_word' id='word_1_127' title='bbox 901 2134 1015 2205; x_wconf 68' lang='lat'><strong>(82)</strong></span> <span class='ocrx_word' id='word_1_128' title='bbox 1049 2136 1264 2203; x_wconf 87' lang='lat' dir='ltr'><strong>urbem,</strong></span> <span class='ocrx_word' id='word_1_129' title='bbox 1293 2137 1463 2192; x_wconf 88' lang='lat' dir='ltr'><strong>valles</strong></span> <span class='ocrx_word' id='word_1_130' title='bbox 1483 2141 1770 2210; x_wconf 83' lang='lat' dir='ltr'><strong>campique</strong></span> <span class='ocrx_word' id='word_1_131' title='bbox 1795 2143 1968 2200; x_wconf 85' lang='lat' dir='ltr'><strong>inter-</strong></span> 
     </span>
    </p>
   </div>
   <div class='ocr_carea' id='block_1_23' title="bbox 392 2225 1968 2306">
    <p class='ocr_par' dir='ltr' id='par_1_23' title="bbox 392 2225 1968 2306">
     <span class='ocr_line' id='line_1_23' title="bbox 392 2225 1968 2306; baseline 0.009 -28"><span class='ocrx_word' id='word_1_132' title='bbox 392 2225 656 2279; x_wconf 89' lang='lat' dir='ltr'><strong>fectorum</strong></span> <span class='ocrx_word' id='word_1_133' title='bbox 713 2229 952 2281; x_wconf 88' lang='lat' dir='ltr'><strong>membra</strong></span> <span class='ocrx_word' id='word_1_134' title='bbox 1023 2227 1425 2285; x_wconf 83' lang='lat' dir='ltr'><strong>demonstrant.</strong></span> <span class='ocrx_word' id='word_1_135' title='bbox 1496 2230 1629 2286; x_wconf 80' lang='lat' dir='ltr'><strong>Nam</strong></span> <span class='ocrx_word' id='word_1_136' title='bbox 1696 2231 1968 2306; x_wconf 83' lang='lat' dir='ltr'><strong>Scythicis</strong></span> 
     </span>
    </p>
   </div>
   <div class='ocr_carea' id='block_1_24' title="bbox 390 2315 1969 2387">
    <p class='ocr_par' dir='ltr' id='par_1_24' title="bbox 390 2315 1969 2387">
     <span class='ocr_line' id='line_1_24' title="bbox 390 2315 1969 2387; baseline 0.008 -19"><span class='ocrx_word' id='word_1_137' title='bbox 390 2315 584 2385; x_wconf 75' lang='lat' dir='ltr'><strong>gladiis</strong></span> <span class='ocrx_word' id='word_1_138' title='bbox 619 2327 848 2372; x_wconf 85' lang='lat' dir='ltr'><strong>cunctus</strong></span> <span class='ocrx_word' id='word_1_139' title='bbox 879 2333 1015 2387; x_wconf 86' lang='lat' dir='ltr'><strong>pene</strong></span> <span class='ocrx_word' id='word_1_140' title='bbox 1073 2319 1438 2376; x_wconf 77' lang='lat' dir='ltr'><strong>Romanorum</strong></span> <span class='ocrx_word' id='word_1_141' title='bbox 1469 2323 1742 2380; x_wconf 78' lang='lat' dir='ltr'><strong>exercitus</strong></span> <span class='ocrx_word' id='word_1_142' title='bbox 1778 2327 1969 2381; x_wconf 90' lang='lat' dir='ltr'><strong>conci-</strong></span> 
     </span>
    </p>
   </div>
   <div class='ocr_carea' id='block_1_25' title="bbox 389 2403 1968 2486">
    <p class='ocr_par' dir='ltr' id='par_1_25' title="bbox 389 2403 1968 2486">
     <span class='ocr_line' id='line_1_25' title="bbox 389 2403 1968 2486; baseline 0.009 -26"><span class='ocrx_word' id='word_1_143' title='bbox 389 2421 484 2460; x_wconf 89' lang='lat' dir='ltr'><strong>sus</strong></span> <span class='ocrx_word' id='word_1_144' title='bbox 511 2405 632 2460; x_wconf 89' lang='lat' dir='ltr'><strong>fuit.</strong></span> <span class='ocrx_word' id='word_1_145' title='bbox 687 2403 924 2486; x_wconf 82' lang='lat' dir='ltr'><strong>Quodsi</strong></span> <span class='ocrx_word' id='word_1_146' title='bbox 978 2409 1236 2477; x_wconf 76' lang='lat' dir='ltr'><strong>exiguum</strong></span> <span class='ocrx_word' id='word_1_147' title='bbox 1291 2412 1513 2481; x_wconf 82' lang='lat' dir='ltr'><strong>aliquod</strong></span> <span class='ocrx_word' id='word_1_148' title='bbox 1569 2429 1668 2470; x_wconf 90' lang='lat' dir='ltr'><strong>nec</strong></span> <span class='ocrx_word' id='word_1_149' title='bbox 1701 2417 1968 2486; x_wconf 77' lang='lat' dir='ltr'><strong>gravioris</strong></span> 
     </span>
    </p>
   </div>
   <div class='ocr_carea' id='block_1_26' title="bbox 327 2484 1969 2577">
    <p class='ocr_par' dir='ltr' id='par_1_26' title="bbox 327 2484 1969 2577">
     <span class='ocr_line' id='line_1_26' title="bbox 327 2484 1969 2577; baseline 0.013 -34"><span class='ocrx_word' id='word_1_150' title='bbox 327 2537 335 2543; x_wconf 90' lang='lat'><strong>.</strong></span> <span class='ocrx_word' id='word_1_151' title='bbox 393 2496 553 2563; x_wconf 81' lang='lat' dir='ltr'><strong>plane</strong></span> <span class='ocrx_word' id='word_1_152' title='bbox 587 2498 847 2554; x_wconf 84' lang='lat' dir='ltr'><strong>momenti</strong></span> <span class='ocrx_word' id='word_1_153' title='bbox 881 2484 1013 2568; x_wconf 84' lang='lat' dir='ltr'><strong>egit,</strong></span> <span class='ocrx_word' id='word_1_154' title='bbox 1048 2502 1098 2554; x_wconf 89' lang='lat' dir='ltr'><strong>id</strong></span> <span class='ocrx_word' id='word_1_155' title='bbox 1122 2501 1342 2570; x_wconf 86' lang='lat' dir='ltr'><strong>quidem</strong></span> <span class='ocrx_word' id='word_1_156' title='bbox 1385 2504 1615 2574; x_wconf 76' lang='lat' dir='ltr'><strong>legimus</strong></span> <span class='ocrx_word' id='word_1_157' title='bbox 1644 2484 1848 2577; x_wconf 32' lang='lat' dir='ltr'><strong>in&#39;ejns</strong></span> <span class='ocrx_word' id='word_1_158' title='bbox 1883 2509 1969 2564; x_wconf 82' lang='lat' dir='ltr'><strong>lit-</strong></span> 
     </span>
    </p>
   </div>
   <div class='ocr_carea' id='block_1_27' title="bbox 394 2589 1968 2670">
    <p class='ocr_par' dir='ltr' id='par_1_27' title="bbox 394 2589 1968 2670">
     <span class='ocr_line' id='line_1_27' title="bbox 394 2589 1968 2670; baseline 0.009 -26"><span class='ocrx_word' id='word_1_159' title='bbox 394 2589 524 2644; x_wconf 89' lang='lat' dir='ltr'><strong>teris</strong></span> <span class='ocrx_word' id='word_1_160' title='bbox 556 2589 623 2644; x_wconf 88' lang='lat' dir='ltr'><strong>ad</strong></span> <span class='ocrx_word' id='word_1_161' title='bbox 685 2590 847 2660; x_wconf 69' lang='lat' dir='ltr'><strong>regire</strong></span> <span class='ocrx_word' id='word_1_162' title='bbox 882 2592 1034 2647; x_wconf 79' lang='lat' dir='ltr'><strong>urbis</strong></span> <span class='ocrx_word' id='word_1_163' title='bbox 1091 2593 1296 2648; x_wconf 90' lang='lat' dir='ltr'><strong>incolas</strong></span> <span class='ocrx_word' id='word_1_164' title='bbox 1340 2597 1602 2666; x_wconf 84' lang='lat' dir='ltr'><strong>scriptis;</strong></span> <span class='ocrx_word' id='word_1_165' title='bbox 1651 2598 1724 2652; x_wconf 87' lang='lat' dir='ltr'><strong>in-</strong></span> <span class='ocrx_word' id='word_1_166' title='bbox 1769 2601 1968 2670; x_wconf 86' lang='lat' dir='ltr'><strong>quibus</strong></span> 
     </span>
    </p>
   </div>
   <div class='ocr_carea' id='block_1_28' title="bbox 393 2681 1966 2756">
    <p class='ocr_par' dir='ltr' id='par_1_28' title="bbox 393 2681 1966 2756">
     <span class='ocr_line' id='line_1_28' title="bbox 393 2681 1966 2756; baseline 0.009 -24"><span class='ocrx_word' id='word_1_167' title='bbox 393 2681 547 2735; x_wconf 88' lang='lat' dir='ltr'><strong>valde</strong></span> <span class='ocrx_word' id='word_1_168' title='bbox 573 2695 635 2735; x_wconf 91' lang='lat' dir='ltr'><strong>se</strong></span> <span class='ocrx_word' id='word_1_169' title='bbox 677 2681 850 2751; x_wconf 87' lang='lat' dir='ltr'><strong>jactat</strong></span> <span class='ocrx_word' id='word_1_170' title='bbox 888 2683 978 2736; x_wconf 89' lang='lat' dir='ltr'><strong>hic</strong></span> <span class='ocrx_word' id='word_1_171' title='bbox 1019 2685 1291 2740; x_wconf 85' lang='lat' dir='ltr'><strong>mendacii</strong></span> <span class='ocrx_word' id='word_1_172' title='bbox 1348 2687 1586 2742; x_wconf 83' lang='lat' dir='ltr'><strong>famulus</strong></span> <span class='ocrx_word' id='word_1_173' title='bbox 1633 2699 1690 2744; x_wconf 89' lang='lat' dir='ltr'><strong>et</strong></span> <span class='ocrx_word' id='word_1_174' title='bbox 1744 2691 1966 2756; x_wconf 87' lang='lat' dir='ltr'><strong>sodalis,</strong></span> 
     </span>
    </p>
   </div>
   <div class='ocr_carea' id='block_1_29' title="bbox 393 2772 1970 2849">
    <p class='ocr_par' dir='ltr' id='par_1_29' title="bbox 393 2772 1970 2849">
     <span class='ocr_line' id='line_1_29' title="bbox 393 2772 1970 2849; baseline 0.008 -23"><span class='ocrx_word' id='word_1_175' title='bbox 393 2772 620 2826; x_wconf 87' lang='lat' dir='ltr'><strong>multum</strong></span> <span class='ocrx_word' id='word_1_176' title='bbox 654 2787 870 2842; x_wconf 80' lang='lat' dir='ltr'><strong>quoque</strong></span> <span class='ocrx_word' id='word_1_177' title='bbox 904 2773 996 2827; x_wconf 91' lang='lat' dir='ltr'><strong>Dei</strong></span> <span class='ocrx_word' id='word_1_178' title='bbox 1048 2775 1235 2831; x_wconf 89' lang='lat' dir='ltr'><strong>odium</strong></span> <span class='ocrx_word' id='word_1_179' title='bbox 1280 2777 1510 2833; x_wconf 88' lang='lat' dir='ltr'><strong>intlnitis</strong></span> <span class='ocrx_word' id='word_1_180' title='bbox 1543 2779 1872 2849; x_wconf 87' lang='lat' dir='ltr'><strong>juramentis</strong></span> <span class='ocrx_word' id='word_1_181' title='bbox 1903 2783 1970 2838; x_wconf 91' lang='lat' dir='ltr'><strong>ad</strong></span> 
     </span>
    </p>
   </div>
   <div class='ocr_carea' id='block_1_30' title="bbox 393 2862 1968 2938">
    <p class='ocr_par' dir='ltr' id='par_1_30' title="bbox 393 2862 1968 2938">
     <span class='ocr_line' id='line_1_30' title="bbox 393 2862 1968 2938; baseline 0.006 -20"><span class='ocrx_word' id='word_1_182' title='bbox 393 2862 676 2919; x_wconf 87' lang='lat' dir='ltr'><strong>Creatoris</strong></span> <span class='ocrx_word' id='word_1_183' title='bbox 709 2865 1093 2920; x_wconf 86' lang='lat' dir='ltr'><strong>contumeliam</strong></span> <span class='ocrx_word' id='word_1_184' title='bbox 1151 2867 1404 2936; x_wconf 86' lang='lat' dir='ltr'><strong>prolatis,</strong></span> <span class='ocrx_word' id='word_1_185' title='bbox 1439 2883 1552 2938; x_wconf 66' lang='lat' dir='ltr'><strong>prae</strong></span> <span class='ocrx_word' id='word_1_186' title='bbox 1579 2886 1638 2925; x_wconf 90' lang='lat' dir='ltr'><strong>se</strong></span> <span class='ocrx_word' id='word_1_187' title='bbox 1674 2871 1809 2938; x_wconf 83' lang='lat' dir='ltr'><strong>fert;</strong></span> <span class='ocrx_word' id='word_1_188' title='bbox 1845 2887 1968 2928; x_wconf 89' lang='lat' dir='ltr'><strong>cum</strong></span> 
     </span>
    </p>
   </div>
   <div class='ocr_carea' id='block_1_31' title="bbox 394 2954 1972 3026">
    <p class='ocr_par' dir='ltr' id='par_1_31' title="bbox 394 2954 1972 3026">
     <span class='ocr_line' id='line_1_31' title="bbox 394 2954 1972 3026; baseline 0.01 -20"><span class='ocrx_word' id='word_1_189' title='bbox 394 2954 648 3009; x_wconf 77' lang='lat' dir='ltr'><strong>videlicet</strong></span> <span class='ocrx_word' id='word_1_190' title='bbox 677 2966 889 3026; x_wconf 77' lang='lat' dir='ltr'><strong>gentem</strong></span> <span class='ocrx_word' id='word_1_191' title='bbox 920 2956 1066 3012; x_wconf 86' lang='lat' dir='ltr'><strong>illam</strong></span> <span class='ocrx_word' id='word_1_192' title='bbox 1116 2958 1378 3015; x_wconf 81' lang='lat' dir='ltr'><strong>adversus</strong></span> <span class='ocrx_word' id='word_1_193' title='bbox 1432 2962 1599 3017; x_wconf 90' lang='lat' dir='ltr'><strong>duces</strong></span> <span class='ocrx_word' id='word_1_194' title='bbox 1632 2978 1762 3020; x_wconf 89' lang='lat' dir='ltr'><strong>suos</strong></span> <span class='ocrx_word' id='word_1_195' title='bbox 1796 2967 1972 3020; x_wconf 87' lang='lat' dir='ltr'><strong>rebel-</strong></span> 
     </span>
    </p>
   </div>
   <div class='ocr_carea' id='block_1_32' title="bbox 395 3043 2042 3138">
    <p class='ocr_par' dir='ltr' id='par_1_32' title="bbox 395 3043 2042 3138">
     <span class='ocr_line' id='line_1_32' title="bbox 395 3043 2042 3138; baseline 0.01 -41"><span class='ocrx_word' id='word_1_196' title='bbox 395 3043 596 3138; x_wconf 63' lang='lat' dir='ltr'><strong>lantem</strong></span> <span class='ocrx_word' id='word_1_197' title='bbox 654 3047 1012 3116; x_wconf 87' lang='lat' dir='ltr'><strong>deprehendit</strong></span> <span class='ocrx_word' id='word_1_198' title='bbox 1061 3049 1338 3122; x_wconf 88' lang='lat' dir='ltr'><strong>(namque</strong></span> <span class='ocrx_word' id='word_1_199' title='bbox 1378 3052 1482 3109; x_wconf 86' lang='lat' dir='ltr'><strong>hoc</strong></span> <span class='ocrx_word' id='word_1_200' title='bbox 1555 3069 1700 3126; x_wconf 67' lang='lat' dir='ltr'><strong>saepe</strong></span> <span class='ocrx_word' id='word_1_201' title='bbox 1763 3055 2042 3138; x_wconf 74' lang='lat' dir='ltr'><strong>faciuutc</strong></span> 
     </span>
    </p>
   </div>
   <div class='ocr_carea' id='block_1_33' title="bbox 393 3133 1968 3213">
    <p class='ocr_par' dir='ltr' id='par_1_33' title="bbox 393 3133 1968 3213">
     <span class='ocr_line' id='line_1_33' title="bbox 393 3133 1968 3213; baseline 0.01 -23"><span class='ocrx_word' id='word_1_202' title='bbox 393 3133 636 3206; x_wconf 72' lang='lat' dir='ltr'><strong>Scythae,</strong></span> <span class='ocrx_word' id='word_1_203' title='bbox 671 3147 856 3206; x_wconf 89' lang='lat' dir='ltr'><strong>utpote</strong></span> <span class='ocrx_word' id='word_1_204' title='bbox 878 3139 1166 3198; x_wconf 89' lang='lat' dir='ltr'><strong>barbarico</strong></span> <span class='ocrx_word' id='word_1_205' title='bbox 1201 3159 1352 3198; x_wconf 92' lang='lat' dir='ltr'><strong>more</strong></span> <span class='ocrx_word' id='word_1_206' title='bbox 1412 3145 1628 3213; x_wconf 91' lang='lat' dir='ltr'><strong>imbuti,</strong></span> <span class='ocrx_word' id='word_1_207' title='bbox 1655 3158 1714 3203; x_wconf 91' lang='lat' dir='ltr'><strong>et</strong></span> <span class='ocrx_word' id='word_1_208' title='bbox 1749 3151 1884 3205; x_wconf 89' lang='lat' dir='ltr'><strong>duas</strong></span> <span class='ocrx_word' id='word_1_209' title='bbox 1915 3151 1968 3206; x_wconf 91' lang='lat' dir='ltr'><strong>in</strong></span> 
     </span>
    </p>
   </div>
   <div class='ocr_carea' id='block_1_34' title="bbox 398 3227 1974 3299">
    <p class='ocr_par' dir='ltr' id='par_1_34' title="bbox 398 3227 1974 3299">
     <span class='ocr_line' id='line_1_34' title="bbox 398 3227 1974 3299; baseline 0.013 -23"><span class='ocrx_word' id='word_1_210' title='bbox 398 3239 581 3294; x_wconf 84' lang='lat' dir='ltr'><strong>partes</strong></span> <span class='ocrx_word' id='word_1_211' title='bbox 631 3227 950 3298; x_wconf 88' lang='lat' dir='ltr'><strong>plerumque</strong></span> <span class='ocrx_word' id='word_1_212' title='bbox 972 3231 1155 3299; x_wconf 81' lang='lat' dir='ltr'><strong>divisi,</strong></span> <span class='ocrx_word' id='word_1_213' title='bbox 1189 3232 1235 3288; x_wconf 92' lang='lat' dir='ltr'><strong>si</strong></span> <span class='ocrx_word' id='word_1_214' title='bbox 1271 3233 1410 3288; x_wconf 88' lang='lat' dir='ltr'><strong>forte</strong></span> <span class='ocrx_word' id='word_1_215' title='bbox 1451 3234 1572 3292; x_wconf 84' lang='lat' dir='ltr'><strong>illos</strong></span> <span class='ocrx_word' id='word_1_216' title='bbox 1605 3237 1974 3296; x_wconf 85' lang='lat' dir='ltr'><strong>voluntatibus</strong></span> 
     </span>
    </p>
   </div>
   <div class='ocr_carea' id='block_1_35' title="bbox 392 3317 1974 3396">
    <p class='ocr_par' dir='ltr' id='par_1_35' title="bbox 392 3317 1974 3396">
     <span class='ocr_line' id='line_1_35' title="bbox 392 3317 1974 3396; baseline 0.009 -24"><span class='ocrx_word' id='word_1_217' title='bbox 392 3317 511 3372; x_wconf 83' lang='lat' dir='ltr'><strong>suis</strong></span> <span class='ocrx_word' id='word_1_218' title='bbox 566 3317 900 3376; x_wconf 83' lang='lat' dir='ltr'><strong>obsistentes</strong></span> <span class='ocrx_word' id='word_1_219' title='bbox 942 3325 1363 3396; x_wconf 83' lang='lat' dir='ltr'><strong>cognoverint).</strong></span> <span class='ocrx_word' id='word_1_220' title='bbox 1419 3327 1550 3394; x_wconf 77' lang='lat' dir='ltr'><strong>Qua:</strong></span> <span class='ocrx_word' id='word_1_221' title='bbox 1605 3329 1801 3384; x_wconf 89' lang='lat' dir='ltr'><strong>seditio</strong></span> <span class='ocrx_word' id='word_1_222' title='bbox 1845 3341 1974 3388; x_wconf 89' lang='lat' dir='ltr'><strong>tunc</strong></span> 
     </span>
    </p>
   </div>
   <div class='ocr_carea' id='block_1_36' title="bbox 391 3409 1970 3486">
    <p class='ocr_par' dir='ltr' id='par_1_36' title="bbox 391 3409 1970 3486">
     <span class='ocr_line' id='line_1_36' title="bbox 391 3409 1970 3486; baseline 0.011 -25"><span class='ocrx_word' id='word_1_223' title='bbox 391 3409 594 3463; x_wconf 84' lang='lat' dir='ltr'><strong>accidit</strong></span> <span class='ocrx_word' id='word_1_224' title='bbox 647 3427 768 3466; x_wconf 86' lang='lat' dir='ltr'><strong>cum</strong></span> <span class='ocrx_word' id='word_1_225' title='bbox 827 3413 1082 3469; x_wconf 87' lang='lat' dir='ltr'><strong>dominus</strong></span> <span class='ocrx_word' id='word_1_226' title='bbox 1149 3415 1370 3472; x_wconf 90' lang='lat' dir='ltr'><strong>illorum</strong></span> <span class='ocrx_word' id='word_1_227' title='bbox 1424 3416 1684 3486; x_wconf 86' lang='lat' dir='ltr'><strong>Sabinus,</strong></span> <span class='ocrx_word' id='word_1_228' title='bbox 1739 3422 1820 3476; x_wconf 86' lang='lat' dir='ltr'><strong>ad-</strong></span> <span class='ocrx_word' id='word_1_229' title='bbox 1863 3421 1970 3478; x_wconf 79' lang='lat' dir='ltr'><strong>Ro-</strong></span> 
     </span>
    </p>
   </div>
   <div class='ocr_carea' id='block_1_37' title="bbox 395 3501 1972 3582">
    <p class='ocr_par' dir='ltr' id='par_1_37' title="bbox 395 3501 1972 3582">
     <span class='ocr_line' id='line_1_37' title="bbox 395 3501 1972 3582; baseline 0.01 -31"><span class='ocrx_word' id='word_1_230' title='bbox 395 3513 586 3554; x_wconf 79' lang='lat' dir='ltr'><strong>manos</strong></span> <span class='ocrx_word' id='word_1_231' title='bbox 620 3501 882 3570; x_wconf 79' lang='lat' dir='ltr'><strong>profugus</strong></span> <span class='ocrx_word' id='word_1_232' title='bbox 941 3504 1140 3561; x_wconf 86' lang='lat' dir='ltr'><strong>defecit</strong></span> <span class='ocrx_word' id='word_1_233' title='bbox 1167 3506 1302 3577; x_wconf 79' lang='lat'><strong>(83).</strong></span> <span class='ocrx_word' id='word_1_234' title='bbox 1363 3506 1518 3564; x_wconf 81' lang='lat' dir='ltr'><strong>Tunc</strong></span> <span class='ocrx_word' id='word_1_235' title='bbox 1567 3509 1732 3578; x_wconf 85' lang='lat' dir='ltr'><strong>igitur</strong></span> <span class='ocrx_word' id='word_1_236' title='bbox 1795 3513 1972 3582; x_wconf 83' lang='lat' dir='ltr'><strong>gentis</strong></span> 
     </span>
    </p>
   </div>
   <div class='ocr_carea' id='block_1_38' title="bbox 394 3591 1970 3663">
    <p class='ocr_par' dir='ltr' id='par_1_38' title="bbox 394 3591 1970 3663">
     <span class='ocr_line' id='line_1_38' title="bbox 394 3591 1970 3663; baseline 0.009 -17"><span class='ocrx_word' id='word_1_237' title='bbox 394 3591 555 3648; x_wconf 81' lang='lat' dir='ltr'><strong>civile</strong></span> <span class='ocrx_word' id='word_1_238' title='bbox 587 3592 876 3649; x_wconf 89' lang='lat' dir='ltr'><strong>dissidium</strong></span> <span class='ocrx_word' id='word_1_239' title='bbox 913 3604 967 3651; x_wconf 90' lang='lat' dir='ltr'><strong>et</strong></span> <span class='ocrx_word' id='word_1_240' title='bbox 1022 3596 1240 3663; x_wconf 89' lang='lat' dir='ltr'><strong>seditio,</strong></span> <span class='ocrx_word' id='word_1_241' title='bbox 1296 3599 1513 3655; x_wconf 82' lang='lat' dir='ltr'><strong>brevem</strong></span> <span class='ocrx_word' id='word_1_242' title='bbox 1565 3600 1830 3660; x_wconf 73' lang='lat' dir='ltr'><strong>Mamonm</strong></span> <span class='ocrx_word' id='word_1_243' title='bbox 1896 3607 1970 3663; x_wconf 89' lang='lat' dir='ltr'><strong>rei</strong></span> 
     </span>
    </p>
   </div>
   <div class='ocr_carea' id='block_1_39' title="bbox 395 3684 1976 3755">
    <p class='ocr_par' dir='ltr' id='par_1_39' title="bbox 395 3684 1976 3755">
     <span class='ocr_line' id='line_1_39' title="bbox 395 3684 1976 3755; baseline 0.009 -18"><span class='ocrx_word' id='word_1_244' title='bbox 395 3684 534 3739; x_wconf 84' lang='lat' dir='ltr'><strong>bene</strong></span> <span class='ocrx_word' id='word_1_245' title='bbox 603 3687 855 3755; x_wconf 68' lang='lat' dir='ltr'><strong>gerendae</strong></span> <span class='ocrx_word' id='word_1_246' title='bbox 924 3689 1267 3745; x_wconf 81' lang='lat' dir='ltr'><strong>occasionem</strong></span> <span class='ocrx_word' id='word_1_247' title='bbox 1329 3692 1499 3749; x_wconf 89' lang='lat' dir='ltr'><strong>dedit.</strong></span> <span class='ocrx_word' id='word_1_248' title='bbox 1567 3694 1788 3749; x_wconf 86' lang='lat' dir='ltr'><strong>Interim</strong></span> <span class='ocrx_word' id='word_1_249' title='bbox 1848 3712 1976 3751; x_wconf 83' lang='lat' dir='ltr'><strong>vero</strong></span> 
     </span>
    </p>
   </div>
   <div class='ocr_carea' id='block_1_40' title="bbox 391 3775 1977 3842">
    <p class='ocr_par' dir='ltr' id='par_1_40' title="bbox 391 3775 1977 3842">
     <span class='ocr_line' id='line_1_40' title="bbox 391 3775 1977 3842; baseline 0.006 -10"><span class='ocrx_word' id='word_1_250' title='bbox 391 3775 754 3834; x_wconf 87' lang='lat' dir='ltr'><strong>Orientalium</strong></span> <span class='ocrx_word' id='word_1_251' title='bbox 794 3780 1160 3836; x_wconf 86' lang='lat' dir='ltr'><strong>Barbarornm</strong></span> <span class='ocrx_word' id='word_1_252' title='bbox 1193 3783 1274 3837; x_wconf 89' lang='lat' dir='ltr'><strong>vel</strong></span> <span class='ocrx_word' id='word_1_253' title='bbox 1298 3785 1469 3838; x_wconf 89' lang='lat' dir='ltr'><strong>solam</strong></span> <span class='ocrx_word' id='word_1_254' title='bbox 1506 3787 1842 3840; x_wconf 84' lang='lat' dir='ltr'><strong>mentionem</strong></span> <span class='ocrx_word' id='word_1_255' title='bbox 1892 3802 1977 3842; x_wconf 91' lang='lat' dir='ltr'><strong>re-</strong></span> 
     </span>
    </p>
   </div>
   <div class='ocr_carea' id='block_1_41' title="bbox 398 3867 1974 3939">
    <p class='ocr_par' dir='ltr' id='par_1_41' title="bbox 398 3867 1974 3939">
     <span class='ocr_line' id='line_1_41' title="bbox 398 3867 1974 3939; baseline 0.006 -19"><span class='ocrx_word' id='word_1_256' title='bbox 398 3867 757 3935; x_wconf 84' lang='lat' dir='ltr'><strong>formidabat;</strong></span> <span class='ocrx_word' id='word_1_257' title='bbox 821 3871 896 3926; x_wconf 87' lang='lat' dir='ltr'><strong>ita</strong></span> <span class='ocrx_word' id='word_1_258' title='bbox 957 3882 1016 3926; x_wconf 92' lang='lat' dir='ltr'><strong>ut</strong></span> <span class='ocrx_word' id='word_1_259' title='bbox 1069 3873 1122 3926; x_wconf 92' lang='lat' dir='ltr'><strong>in</strong></span> <span class='ocrx_word' id='word_1_260' title='bbox 1178 3875 1446 3930; x_wconf 84' lang='lat' dir='ltr'><strong>concione</strong></span> <span class='ocrx_word' id='word_1_261' title='bbox 1497 3876 1724 3939; x_wconf 77' lang='lat' dir='ltr'><strong>dixerit,</strong></span> <span class='ocrx_word' id='word_1_262' title='bbox 1779 3891 1839 3930; x_wconf 92' lang='lat' dir='ltr'><strong>se</strong></span> <span class='ocrx_word' id='word_1_263' title='bbox 1871 3891 1974 3930; x_wconf 90' lang='lat' dir='ltr'><strong>non</strong></span> 
     </span>
    </p>
   </div>
   <div class='ocr_carea' id='block_1_42' title="bbox 395 3960 1976 4032">
    <p class='ocr_par' dir='ltr' id='par_1_42' title="bbox 395 3960 1976 4032">
     <span class='ocr_line' id='line_1_42' title="bbox 395 3960 1976 4032; baseline 0.008 -21"><span class='ocrx_word' id='word_1_264' title='bbox 395 3960 599 4014; x_wconf 85' lang='lat' dir='ltr'><strong>audere</strong></span> <span class='ocrx_word' id='word_1_265' title='bbox 651 3961 737 4015; x_wconf 87' lang='lat' dir='ltr'><strong>vel</strong></span> <span class='ocrx_word' id='word_1_266' title='bbox 795 3971 987 4016; x_wconf 90' lang='lat' dir='ltr'><strong>contra</strong></span> <span class='ocrx_word' id='word_1_267' title='bbox 1020 3965 1488 4032; x_wconf 85' lang='lat' dir='ltr'><strong>paucos&#39;illorum</strong></span> <span class='ocrx_word' id='word_1_268' title='bbox 1538 3982 1661 4021; x_wconf 91' lang='lat' dir='ltr'><strong>cum</strong></span> <span class='ocrx_word' id='word_1_269' title='bbox 1721 3968 1976 4024; x_wconf 84' lang='lat' dir='ltr'><strong>universo</strong></span> 
     </span>
    </p>
   </div>
   <div class='ocr_carea' id='block_1_43' title="bbox 2063 474 3651 551">
    <p class='ocr_par' dir='ltr' id='par_1_43' title="bbox 2063 474 3651 551">
     <span class='ocr_line' id='line_1_43' title="bbox 2063 474 3651 551; baseline 0.003 -24"><span class='ocrx_word' id='word_1_270' title='bbox 2063 476 2436 546; x_wconf 85' lang='grc' dir='ltr'><strong>χωρήσαντος,</strong></span> <span class='ocrx_word' id='word_1_271' title='bbox 2485 475 2588 528; x_wconf 83' lang='grc' dir='ltr'><strong>οὐκ</strong></span> <span class='ocrx_word' id='word_1_272' title='bbox 2636 474 3031 546; x_wconf 80' lang='grc' dir='ltr'><strong>σύδοκήσαντος</strong></span> <span class='ocrx_word' id='word_1_273' title='bbox 3061 490 3079 507; x_wconf 71' lang='grc' dir='ltr'><strong>ο</strong></span> <span class='ocrx_word' id='word_1_274' title='bbox 3126 475 3347 540; x_wconf 79' lang='grc' dir='ltr'><strong>ἀνάξιος</strong></span> <span class='ocrx_word' id='word_1_275' title='bbox 3390 477 3502 550; x_wconf 72' lang='grc' dir='ltr'><strong>γὰρ</strong></span> <span class='ocrx_word' id='word_1_276' title='bbox 3551 480 3651 551; x_wconf 79' lang='grc' dir='ltr'><strong>τῆς</strong></span> 
     </span>
    </p>
   </div>
   <div class='ocr_carea' id='block_1_44' title="bbox 2063 562 3652 634">
    <p class='ocr_par' dir='ltr' id='par_1_44' title="bbox 2063 562 3652 634">
     <span class='ocr_line' id='line_1_44' title="bbox 2063 562 3652 634; baseline 0.003 -18"><span class='ocrx_word' id='word_1_277' title='bbox 2063 563 2220 633; x_wconf 83' lang='grc' dir='ltr'><strong>παρὰ</strong></span> <span class='ocrx_word' id='word_1_278' title='bbox 2247 562 2382 616; x_wconf 81' lang='grc' dir='ltr'><strong>Θεοῦ</strong></span> <span class='ocrx_word' id='word_1_279' title='bbox 2414 562 2733 634; x_wconf 77' lang='grc' dir='ltr'><strong>εὐεργεσίας</strong></span> <span class='ocrx_word' id='word_1_280' title='bbox 2760 579 2774 593; x_wconf 89' lang='grc'><strong>·</strong></span> <span class='ocrx_word' id='word_1_281' title='bbox 2802 562 2834 634; x_wconf 79' lang='grc' dir='ltr'>ἢ</span> <span class='ocrx_word' id='word_1_282' title='bbox 2868 563 3099 620; x_wconf 84' lang='grc' dir='ltr'><strong>οίκειότε</strong></span> <span class='ocrx_word' id='word_1_283' title='bbox 3113 580 3204 633; x_wconf 82' lang='grc' dir='ltr'><strong>ρον</strong></span> <span class='ocrx_word' id='word_1_284' title='bbox 3246 565 3444 630; x_wconf 72' lang='grc' dir='ltr'><strong>εἰπεῖν,</strong></span> <span class='ocrx_word' id='word_1_285' title='bbox 3514 568 3652 622; x_wconf 69' lang='grc' dir='ltr'><strong>ἀνα.</strong></span> 
     </span>
    </p>
   </div>
   <div class='ocr_carea' id='block_1_45' title="bbox 2063 654 3652 726">
    <p class='ocr_par' dir='ltr' id='par_1_45' title="bbox 2063 654 3652 726">
     <span class='ocr_line' id='line_1_45' title="bbox 2063 654 3652 726; baseline 0.004 -17"><span class='ocrx_word' id='word_1_286' title='bbox 2063 654 2396 724; x_wconf 74' lang='grc' dir='ltr'><strong>ϐαλλομένου</strong></span> <span class='ocrx_word' id='word_1_287' title='bbox 2453 655 2546 708; x_wconf 82' lang='grc' dir='ltr'><strong>τὸν</strong></span> <span class='ocrx_word' id='word_1_288' title='bbox 2590 655 2783 726; x_wconf 85' lang='grc' dir='ltr'><strong>χρόνον</strong></span> <span class='ocrx_word' id='word_1_289' title='bbox 2835 655 2931 710; x_wconf 81' lang='grc' dir='ltr'><strong>καὶ</strong></span> <span class='ocrx_word' id='word_1_290' title='bbox 2985 655 3154 720; x_wconf 82' lang='grc' dir='ltr'><strong>ἀξίως</strong></span> <span class='ocrx_word' id='word_1_291' title='bbox 3183 656 3528 725; x_wconf 71' lang='grc' dir='ltr'><strong>δικάζοντος,</strong></span> <span class='ocrx_word' id='word_1_292' title='bbox 3564 660 3652 715; x_wconf 78' lang='grc' dir='ltr'><strong>ἵνα</strong></span> 
     </span>
    </p>
   </div>
   <div class='ocr_carea' id='block_1_46' title="bbox 2062 745 3643 819">
    <p class='ocr_par' dir='ltr' id='par_1_46' title="bbox 2062 745 3643 819">
     <span class='ocr_line' id='line_1_46' title="bbox 2062 745 3643 819; baseline 0.004 -19"><span class='ocrx_word' id='word_1_293' title='bbox 2062 745 2345 802; x_wconf 82' lang='grc' dir='ltr'><strong>κάνταῦθα</strong></span> <span class='ocrx_word' id='word_1_294' title='bbox 2396 745 2505 799; x_wconf 85' lang='grc' dir='ltr'><strong>τῶν</strong></span> <span class='ocrx_word' id='word_1_295' title='bbox 2548 747 2972 818; x_wconf 77' lang='grc' dir='ltr'><strong>τετολμημένων</strong></span> <span class='ocrx_word' id='word_1_296' title='bbox 3020 748 3148 801; x_wconf 81' lang='grc' dir='ltr'><strong>ὅσον</strong></span> <span class='ocrx_word' id='word_1_297' title='bbox 3218 749 3643 819; x_wconf 68' lang='grc' dir='ltr'><strong>ἀπογεύσασθαι</strong></span> 
     </span>
    </p>
   </div>
   <div class='ocr_carea' id='block_1_47' title="bbox 2063 836 3654 914">
    <p class='ocr_par' dir='ltr' id='par_1_47' title="bbox 2063 836 3654 914">
     <span class='ocr_line' id='line_1_47' title="bbox 2063 836 3654 914; baseline 0.003 -24"><span class='ocrx_word' id='word_1_298' title='bbox 2063 836 2221 900; x_wconf 83' lang='grc' dir='ltr'><strong>δίκας</strong></span> <span class='ocrx_word' id='word_1_299' title='bbox 2263 837 2752 907; x_wconf 76' lang='grc' dir='ltr'><strong>εἰσπραττόμενος,</strong></span> <span class='ocrx_word' id='word_1_300' title='bbox 2803 837 3024 908; x_wconf 80' lang='grc' dir='ltr'><strong>πικρῶς</strong></span> <span class='ocrx_word' id='word_1_301' title='bbox 3083 839 3179 891; x_wconf 72' lang='grc' dir='ltr'><strong>καὶ</strong></span> <span class='ocrx_word' id='word_1_302' title='bbox 3234 839 3515 911; x_wconf 74' lang='grc' dir='ltr'><strong>ὀδυνηρῶς</strong></span> <span class='ocrx_word' id='word_1_303' title='bbox 3551 843 3654 914; x_wconf 79' lang='grc' dir='ltr'><strong>τὴν</strong></span> 
     </span>
    </p>
   </div>
   <div class='ocr_carea' id='block_1_48' title="bbox 2064 927 3652 1004">
    <p class='ocr_par' dir='ltr' id='par_1_48' title="bbox 2064 927 3652 1004">
     <span class='ocr_line' id='line_1_48' title="bbox 2064 927 3652 1004; baseline 0.003 -22"><span class='ocrx_word' id='word_1_304' title='bbox 2064 928 2350 999; x_wconf 74' lang='grc' dir='ltr'><strong>αἰσχίστην</strong></span> <span class='ocrx_word' id='word_1_305' title='bbox 2374 927 2658 1000; x_wconf 55' lang='grc' dir='ltr'><strong>ἀπορρήξῃ</strong></span> <span class='ocrx_word' id='word_1_306' title='bbox 2686 927 2850 1000; x_wconf 77' lang='grc' dir='ltr'><strong>ζωὴν,</strong></span> <span class='ocrx_word' id='word_1_307' title='bbox 2880 928 2949 982; x_wconf 67' lang='grc' dir='ltr'><strong>τὰ</strong></span> <span class='ocrx_word' id='word_1_308' title='bbox 2975 928 3458 1002; x_wconf 79' lang='grc' dir='ltr'><strong>τεθησαυρισμένα</strong></span> <span class='ocrx_word' id='word_1_309' title='bbox 3494 933 3652 1004; x_wconf 85' lang='grc' dir='ltr'><strong>αύτῷ</strong></span> 
     </span>
    </p>
   </div>
   <div class='ocr_carea' id='block_1_49' title="bbox 2065 1019 3647 1092">
    <p class='ocr_par' dir='ltr' id='par_1_49' title="bbox 2065 1019 3647 1092">
     <span class='ocr_line' id='line_1_49' title="bbox 2065 1019 3647 1092; baseline 0.003 -20"><span class='ocrx_word' id='word_1_310' title='bbox 2065 1019 2218 1088; x_wconf 79' lang='grc' dir='ltr'><strong>παρὰ</strong></span> <span class='ocrx_word' id='word_1_311' title='bbox 2243 1021 2340 1090; x_wconf 85' lang='grc' dir='ltr'><strong>τῆς</strong></span> <span class='ocrx_word' id='word_1_312' title='bbox 2371 1020 2518 1084; x_wconf 80' lang='grc' dir='ltr'><strong>θείας</strong></span> <span class='ocrx_word' id='word_1_313' title='bbox 2541 1021 2699 1092; x_wconf 81' lang='grc' dir='ltr'><strong>δίκης</strong></span> <span class='ocrx_word' id='word_1_314' title='bbox 2727 1020 3147 1092; x_wconf 63' lang='grc' dir='ltr'><strong>ἀποληψόμενος</strong></span> <span class='ocrx_word' id='word_1_315' title='bbox 3177 1023 3235 1074; x_wconf 83' lang='grc' dir='ltr'><strong>ὲν</strong></span> <span class='ocrx_word' id='word_1_316' title='bbox 3268 1021 3345 1092; x_wconf 84' lang='grc' dir='ltr'><strong>τῷ</strong></span> <span class='ocrx_word' id='word_1_317' title='bbox 3393 1023 3647 1092; x_wconf 81' lang='grc' dir='ltr'><strong>μέλλοντι</strong></span> 
     </span>
    </p>
   </div>
   <div class='ocr_carea' id='block_1_50' title="bbox 2064 1108 3647 1181">
    <p class='ocr_par' dir='ltr' id='par_1_50' title="bbox 2064 1108 3647 1181">
     <span class='ocr_line' id='line_1_50' title="bbox 2064 1108 3647 1181; baseline 0.002 -19"><span class='ocrx_word' id='word_1_318' title='bbox 2064 1109 2306 1163; x_wconf 80' lang='grc' dir='ltr'><strong>ἀθάνατα</strong></span> <span class='ocrx_word' id='word_1_319' title='bbox 2331 1108 2428 1162; x_wconf 60' lang='grc' dir='ltr'><strong>καί⁵</strong></span> <span class='ocrx_word' id='word_1_320' title='bbox 2449 1109 2728 1180; x_wconf 78' lang='grc' dir='ltr'><strong>ἀπέραντα</strong></span> <span class='ocrx_word' id='word_1_321' title='bbox 2763 1111 2793 1162; x_wconf 86' lang='grc' dir='ltr'><strong>ό</strong></span> <span class='ocrx_word' id='word_1_322' title='bbox 2819 1109 3081 1180; x_wconf 84' lang='grc' dir='ltr'><strong>δύστηνος</strong></span> <span class='ocrx_word' id='word_1_323' title='bbox 3118 1110 3601 1181; x_wconf 79' lang='grc' dir='ltr'><strong>κολασθησόμενος</strong></span> <span class='ocrx_word' id='word_1_324' title='bbox 3632 1127 3647 1142; x_wconf 84' lang='grc'><em>’</em></span> 
     </span>
    </p>
   </div>
   <div class='ocr_carea' id='block_1_51' title="bbox 2067 1198 3652 1272">
    <p class='ocr_par' dir='ltr' id='par_1_51' title="bbox 2067 1198 3652 1272">
     <span class='ocr_line' id='line_1_51' title="bbox 2067 1198 3652 1272; baseline 0.003 -20"><span class='ocrx_word' id='word_1_325' title='bbox 2067 1200 2396 1272; x_wconf 78' lang='grc' dir='ltr'><strong>πικροτέρας</strong></span> <span class='ocrx_word' id='word_1_326' title='bbox 2423 1199 2576 1270; x_wconf 83' lang='grc' dir='ltr'><strong>αύτῷ</strong></span> <span class='ocrx_word' id='word_1_327' title='bbox 2598 1200 2692 1253; x_wconf 75' lang='grc' dir='ltr'><strong>καὶ</strong></span> <span class='ocrx_word' id='word_1_328' title='bbox 2719 1201 3063 1272; x_wconf 78' lang='grc' dir='ltr'><strong>μακροτέρας</strong></span> <span class='ocrx_word' id='word_1_329' title='bbox 3097 1198 3214 1269; x_wconf 70' lang='grc' dir='ltr'><strong>ἃμα</strong></span> <span class='ocrx_word' id='word_1_330' title='bbox 3236 1201 3316 1272; x_wconf 83' lang='grc' dir='ltr'><strong>τῷ</strong></span> <span class='ocrx_word' id='word_1_331' title='bbox 3351 1201 3520 1272; x_wconf 56' lang='grc' dir='ltr'><strong>πατρὶ</strong></span> <span class='ocrx_word' id='word_1_332' title='bbox 3554 1203 3652 1256; x_wconf 66' lang='grc' dir='ltr'><strong>καῖ⁵</strong></span> 
     </span>
    </p>
   </div>
   <div class='ocr_carea' id='block_1_52' title="bbox 2068 1290 3650 1366">
    <p class='ocr_par' dir='ltr' id='par_1_52' title="bbox 2068 1290 3650 1366">
     <span class='ocr_line' id='line_1_52' title="bbox 2068 1290 3650 1366; baseline 0.003 -23"><span class='ocrx_word' id='word_1_333' title='bbox 2068 1291 2492 1362; x_wconf 80' lang='grc' dir='ltr'><strong>συγκληρονόμῳ</strong></span> <span class='ocrx_word' id='word_1_334' title='bbox 2519 1291 2706 1355; x_wconf 82' lang='grc' dir='ltr'><strong>αὐτοῦ,</strong></span> <span class='ocrx_word' id='word_1_335' title='bbox 2759 1290 3058 1364; x_wconf 88' lang='grc' dir='ltr'><strong>θεοκρίτως</strong></span> <span class='ocrx_word' id='word_1_336' title='bbox 3106 1294 3164 1346; x_wconf 75' lang='grc' dir='ltr'><strong>ἐν</strong></span> <span class='ocrx_word' id='word_1_337' title='bbox 3193 1294 3258 1366; x_wconf 76' lang='grc' dir='ltr'><strong>τῇ</strong></span> <span class='ocrx_word' id='word_1_338' title='bbox 3289 1293 3484 1365; x_wconf 81' lang='grc' dir='ltr'><strong>γεέννῃ</strong></span> <span class='ocrx_word' id='word_1_339' title='bbox 3545 1295 3650 1364; x_wconf 82' lang='grc' dir='ltr'><strong>τῆς</strong></span> 
     </span>
    </p>
   </div>
   <div class='ocr_carea' id='block_1_53' title="bbox 2065 1382 2808 1455">
    <p class='ocr_par' dir='ltr' id='par_1_53' title="bbox 2065 1382 2808 1455">
     <span class='ocr_line' id='line_1_53' title="bbox 2065 1382 2808 1455; baseline 0.005 -20"><span class='ocrx_word' id='word_1_340' title='bbox 2065 1383 2337 1454; x_wconf 82' lang='grc' dir='ltr'><strong>τιμωρίας</strong></span> <span class='ocrx_word' id='word_1_341' title='bbox 2370 1382 2808 1455; x_wconf 79' lang='grc' dir='ltr'><strong>ἑτοιμασθείσης.</strong></span> 
     </span>
    </p>
   </div>
   <div class='ocr_carea' id='block_1_54' title="bbox 2137 1491 3650 1566">
    <p class='ocr_par' dir='ltr' id='par_1_54' title="bbox 2137 1491 3650 1566">
     <span class='ocr_line' id='line_1_54' title="bbox 2137 1491 3650 1566; baseline 0.001 -18"><span class='ocrx_word' id='word_1_342' title='bbox 2137 1491 2236 1564; x_wconf 81' lang='grc' dir='ltr'><strong>οβ’.</strong></span> <span class='ocrx_word' id='word_1_343' title='bbox 2277 1494 2375 1558; x_wconf 78' lang='grc' dir='ltr'><strong>Ἀς</strong></span> <span class='ocrx_word' id='word_1_344' title='bbox 2411 1493 2467 1547; x_wconf 81' lang='grc' dir='ltr'><strong>δὲ</strong></span> <span class='ocrx_word' id='word_1_345' title='bbox 2527 1492 2952 1550; x_wconf 76' lang='grc' dir='ltr'><strong>ὲπιπλάττουσιν</strong></span> <span class='ocrx_word' id='word_1_346' title='bbox 2995 1495 3146 1566; x_wconf 80' lang='grc' dir='ltr'><strong>αύτῷ</strong></span> <span class='ocrx_word' id='word_1_347' title='bbox 3179 1495 3357 1561; x_wconf 89' lang='grc' dir='ltr'><strong>νίκας,</strong></span> <span class='ocrx_word' id='word_1_348' title='bbox 3395 1494 3650 1550; x_wconf 81' lang='grc' dir='ltr'><strong>τοιαῦταί</strong></span> 
     </span>
    </p>
   </div>
   <div class='ocr_carea' id='block_1_55' title="bbox 2065 1583 3646 1658">
    <p class='ocr_par' dir='ltr' id='par_1_55' title="bbox 2065 1583 3646 1658">
     <span class='ocr_line' id='line_1_55' title="bbox 2065 1583 3646 1658; baseline 0 -18"><span class='ocrx_word' id='word_1_349' title='bbox 2065 1585 2210 1649; x_wconf 87' lang='grc' dir='ltr'><strong>τινές</strong></span> <span class='ocrx_word' id='word_1_350' title='bbox 2247 1587 2408 1648; x_wconf 88' lang='grc' dir='ltr'><strong>είσιν,</strong></span> <span class='ocrx_word' id='word_1_351' title='bbox 2441 1583 2530 1638; x_wconf 88' lang='grc' dir='ltr'><strong>ῖνα</strong></span> <span class='ocrx_word' id='word_1_352' title='bbox 2578 1585 2710 1656; x_wconf 79' lang='grc' dir='ltr'><strong>μιᾶς</strong></span> <span class='ocrx_word' id='word_1_353' title='bbox 2764 1585 2873 1638; x_wconf 85' lang='grc' dir='ltr'><strong>τῶν</strong></span> <span class='ocrx_word' id='word_1_354' title='bbox 2924 1586 3236 1656; x_wconf 86' lang='grc' dir='ltr'><strong>κρατίστων</strong></span> <span class='ocrx_word' id='word_1_355' title='bbox 3283 1587 3646 1658; x_wconf 81' lang='grc' dir='ltr'><strong>ὲπιμνησθῶο</strong></span> 
     </span>
    </p>
   </div>
   <div class='ocr_carea' id='block_1_56' title="bbox 2000 1676 3652 1782">
    <p class='ocr_par' dir='ltr' id='par_1_56' title="bbox 2000 1676 3652 1782">
     <span class='ocr_line' id='line_1_56' title="bbox 2000 1676 3652 1782; baseline 0.001 -51"><span class='ocrx_word' id='word_1_356' title='bbox 2000 1727 2042 1782; x_wconf 71' lang='grc' dir='ltr'><strong>Β</strong></span> <span class='ocrx_word' id='word_1_357' title='bbox 2073 1694 2172 1748; x_wconf 91' lang='grc' dir='ltr'><strong>μεν</strong></span> <span class='ocrx_word' id='word_1_358' title='bbox 2189 1676 2286 1748; x_wconf 78' lang='lat' dir='ltr'><strong>(It).</strong></span> <span class='ocrx_word' id='word_1_359' title='bbox 2317 1676 2536 1748; x_wconf 80' lang='grc' dir='ltr'><strong>Ἐπειδὴ</strong></span> <span class='ocrx_word' id='word_1_360' title='bbox 2565 1677 2984 1750; x_wconf 82' lang='grc' dir='ltr'><strong>παρεσκεύαστο</strong></span> <span class='ocrx_word' id='word_1_361' title='bbox 3004 1677 3067 1732; x_wconf 76' lang='grc' dir='ltr'><strong>τὸ</strong></span> <span class='ocrx_word' id='word_1_362' title='bbox 3094 1677 3234 1749; x_wconf 80' lang='grc' dir='ltr'><strong>πρὸς</strong></span> <span class='ocrx_word' id='word_1_363' title='bbox 3255 1679 3492 1748; x_wconf 79' lang='grc' dir='ltr'><strong>δυσμαῖς</strong></span> <span class='ocrx_word' id='word_1_364' title='bbox 3517 1680 3652 1748; x_wconf 79' lang='grc' dir='ltr'><strong>ἡμῖν</strong></span> 
     </span>
    </p>
   </div>
   <div class='ocr_carea' id='block_1_57' title="bbox 2067 1763 3650 1842">
    <p class='ocr_par' dir='ltr' id='par_1_57' title="bbox 2067 1763 3650 1842">
     <span class='ocr_line' id='line_1_57' title="bbox 2067 1763 3650 1842; baseline 0.004 -24"><span class='ocrx_word' id='word_1_365' title='bbox 2067 1763 2376 1837; x_wconf 71' lang='grc' dir='ltr'><strong>ᾠκισμένον</strong></span> <span class='ocrx_word' id='word_1_366' title='bbox 2402 1766 2666 1820; x_wconf 83' lang='grc' dir='ltr'><strong>Σκυθικὸν</strong></span> <span class='ocrx_word' id='word_1_367' title='bbox 2697 1767 2852 1833; x_wconf 74' lang='grc' dir='ltr'><strong>ἔθνος</strong></span> <span class='ocrx_word' id='word_1_368' title='bbox 2900 1769 3236 1840; x_wconf 83' lang='grc' dir='ltr'><strong>ἀμύνασθαι,</strong></span> <span class='ocrx_word' id='word_1_369' title='bbox 3302 1771 3650 1842; x_wconf 74' lang='grc' dir='ltr'><strong>συναθροίζει</strong></span> 
     </span>
    </p>
   </div>
   <div class='ocr_carea' id='block_1_58' title="bbox 2067 1855 3654 1931">
    <p class='ocr_par' dir='ltr' id='par_1_58' title="bbox 2067 1855 3654 1931">
     <span class='ocr_line' id='line_1_58' title="bbox 2067 1855 3654 1931; baseline 0.002 -21"><span class='ocrx_word' id='word_1_370' title='bbox 2067 1855 2133 1928; x_wconf 80' lang='grc' dir='ltr'><strong>δὴ</strong></span> <span class='ocrx_word' id='word_1_371' title='bbox 2165 1856 2311 1910; x_wconf 74' lang='grc' dir='ltr'><strong>ἅπαν</strong></span> <span class='ocrx_word' id='word_1_372' title='bbox 2338 1856 2400 1911; x_wconf 81' lang='grc' dir='ltr'><strong>τὸ</strong></span> <span class='ocrx_word' id='word_1_373' title='bbox 2428 1857 2517 1914; x_wconf 77' lang='grc' dir='ltr'><strong>ὑπ’</strong></span> <span class='ocrx_word' id='word_1_374' title='bbox 2539 1856 2690 1929; x_wconf 80' lang='grc' dir='ltr'><strong>αὐτῷ</strong></span> <span class='ocrx_word' id='word_1_375' title='bbox 2722 1858 3038 1930; x_wconf 83' lang='grc' dir='ltr'><strong>στράτευμα</strong></span> <span class='ocrx_word' id='word_1_376' title='bbox 3059 1877 3074 1894; x_wconf 89' lang='grc'>·</span> <span class='ocrx_word' id='word_1_377' title='bbox 3104 1861 3186 1924; x_wconf 86' lang='grc' dir='ltr'><strong>είς</strong></span> <span class='ocrx_word' id='word_1_378' title='bbox 3213 1861 3405 1931; x_wconf 78' lang='grc' dir='ltr'><strong>χεῖράς</strong></span> <span class='ocrx_word' id='word_1_379' title='bbox 3441 1877 3502 1914; x_wconf 83' lang='grc' dir='ltr'><strong>τε</strong></span> <span class='ocrx_word' id='word_1_380' title='bbox 3533 1863 3654 1924; x_wconf 84' lang='grc' dir='ltr'><strong>τοῖς</strong></span> 
     </span>
    </p>
   </div>
   <div class='ocr_carea' id='block_1_59' title="bbox 2067 1945 3650 2024">
    <p class='ocr_par' dir='ltr' id='par_1_59' title="bbox 2067 1945 3650 2024">
     <span class='ocr_line' id='line_1_59' title="bbox 2067 1945 3650 2024; baseline 0.003 -24"><span class='ocrx_word' id='word_1_381' title='bbox 2067 1947 2351 2019; x_wconf 83' lang='grc' dir='ltr'><strong>πολεμίοις</strong></span> <span class='ocrx_word' id='word_1_382' title='bbox 2382 1945 2495 2016; x_wconf 84' lang='grc' dir='ltr'><strong>ίὼν,</strong></span> <span class='ocrx_word' id='word_1_383' title='bbox 2544 1951 2728 2004; x_wconf 83' lang='grc' dir='ltr'><strong>ὁποῖον</strong></span> <span class='ocrx_word' id='word_1_384' title='bbox 2765 1950 2914 2022; x_wconf 82' lang='grc' dir='ltr'><strong>αὐτῷ</strong></span> <span class='ocrx_word' id='word_1_385' title='bbox 2961 1951 3024 2005; x_wconf 76' lang='grc' dir='ltr'><strong>τδ</strong></span> <span class='ocrx_word' id='word_1_386' title='bbox 3067 1951 3164 2006; x_wconf 82' lang='grc' dir='ltr'><strong>τοῦ</strong></span> <span class='ocrx_word' id='word_1_387' title='bbox 3198 1952 3439 2024; x_wconf 85' lang='grc' dir='ltr'><strong>πολέμου</strong></span> <span class='ocrx_word' id='word_1_388' title='bbox 3486 1951 3650 2016; x_wconf 84' lang='grc' dir='ltr'><strong>τέλος</strong></span> 
     </span>
    </p>
   </div>
   <div class='ocr_carea' id='block_1_60' title="bbox 2067 2037 3722 2112">
    <p class='ocr_par' dir='ltr' id='par_1_60' title="bbox 2067 2037 3722 2112">
     <span class='ocr_line' id='line_1_60' title="bbox 2067 2037 3722 2112; baseline 0.002 -20"><span class='ocrx_word' id='word_1_389' title='bbox 2067 2037 2422 2109; x_wconf 85' lang='grc' dir='ltr'><strong>κατώρθωτο,</strong></span> <span class='ocrx_word' id='word_1_390' title='bbox 2459 2041 2731 2110; x_wconf 86' lang='grc' dir='ltr'><strong>μαρτυρεῖ</strong></span> <span class='ocrx_word' id='word_1_391' title='bbox 2761 2039 2831 2093; x_wconf 77' lang='grc' dir='ltr'><strong>τὰ</strong></span> <span class='ocrx_word' id='word_1_392' title='bbox 2851 2041 3152 2112; x_wconf 75' lang='grc' dir='ltr'><strong>φαινόμενα</strong></span> <span class='ocrx_word' id='word_1_393' title='bbox 3173 2057 3188 2072; x_wconf 89' lang='grc'><strong>·</strong></span> <span class='ocrx_word' id='word_1_394' title='bbox 3221 2041 3384 2112; x_wconf 89' lang='grc' dir='ltr'><strong>μέχρι</strong></span> <span class='ocrx_word' id='word_1_395' title='bbox 3412 2041 3524 2112; x_wconf 83' lang='grc' dir='ltr'><strong>γὰρ</strong></span> <span class='ocrx_word' id='word_1_396' title='bbox 3553 2042 3651 2095; x_wconf 81' lang='grc' dir='ltr'><strong>καὶ</strong></span> <span class='ocrx_word' id='word_1_397' title='bbox 3715 2055 3722 2061; x_wconf 87' lang='grc'><strong>·</strong></span> 
     </span>
    </p>
   </div>
   <div class='ocr_carea' id='block_1_61' title="bbox 2069 2129 3648 2205">
    <p class='ocr_par' dir='ltr' id='par_1_61' title="bbox 2069 2129 3648 2205">
     <span class='ocr_line' id='line_1_61' title="bbox 2069 2129 3648 2205; baseline 0.001 -20"><span class='ocrx_word' id='word_1_398' title='bbox 2069 2133 2311 2204; x_wconf 85' lang='grc' dir='ltr'><strong>σήμερον</strong></span> <span class='ocrx_word' id='word_1_399' title='bbox 2341 2129 2411 2184; x_wconf 86' lang='grc' dir='ltr'><strong>τὰ</strong></span> <span class='ocrx_word' id='word_1_400' title='bbox 2439 2131 2584 2186; x_wconf 84' lang='grc' dir='ltr'><strong>κατά</strong></span> <span class='ocrx_word' id='word_1_401' title='bbox 2615 2133 2713 2204; x_wconf 79' lang='grc' dir='ltr'><strong>τὴν</strong></span> <span class='ocrx_word' id='word_1_402' title='bbox 2752 2132 3040 2202; x_wconf 82' lang='grc' dir='ltr'><strong>Ἀγχίαλον</strong></span> <span class='ocrx_word' id='word_1_403' title='bbox 3069 2133 3418 2205; x_wconf 84' lang='grc' dir='ltr'><strong>καλουμένην</strong></span> <span class='ocrx_word' id='word_1_404' title='bbox 3466 2133 3648 2200; x_wconf 86' lang='grc' dir='ltr'><strong>πόλιν,</strong></span> 
     </span>
    </p>
   </div>
   <div class='ocr_carea' id='block_1_62' title="bbox 2069 2217 3654 2297">
    <p class='ocr_par' dir='ltr' id='par_1_62' title="bbox 2069 2217 3654 2297">
     <span class='ocr_line' id='line_1_62' title="bbox 2069 2217 3654 2297; baseline 0.001 -22"><span class='ocrx_word' id='word_1_405' title='bbox 2069 2221 2224 2276; x_wconf 83' lang='grc' dir='ltr'><strong>κοῖλα</strong></span> <span class='ocrx_word' id='word_1_406' title='bbox 2247 2222 2341 2275; x_wconf 71' lang='grc' dir='ltr'><strong>καὶ</strong></span> <span class='ocrx_word' id='word_1_407' title='bbox 2366 2221 2667 2292; x_wconf 82' lang='grc' dir='ltr'><strong>πεδιάσιμα</strong></span> <span class='ocrx_word' id='word_1_408' title='bbox 2690 2224 2889 2294; x_wconf 86' lang='grc' dir='ltr'><strong>χωρία,</strong></span> <span class='ocrx_word' id='word_1_409' title='bbox 2927 2222 2964 2278; x_wconf 76' lang='grc' dir='ltr'><strong>ἀ</strong></span> <span class='ocrx_word' id='word_1_410' title='bbox 3019 2224 3131 2278; x_wconf 84' lang='grc' dir='ltr'><strong>τῶν</strong></span> <span class='ocrx_word' id='word_1_411' title='bbox 3183 2217 3552 2297; x_wconf 81' lang='grc' dir='ltr'><strong>ἀνῃρῆμένων</strong></span> <span class='ocrx_word' id='word_1_412' title='bbox 3581 2224 3654 2277; x_wconf 60' lang='lat' dir='ltr'><strong>ea;</strong></span> 
     </span>
    </p>
   </div>
   <div class='ocr_carea' id='block_1_63' title="bbox 2070 2311 3702 2392">
    <p class='ocr_par' dir='ltr' id='par_1_63' title="bbox 2070 2311 3702 2392">
     <span class='ocr_line' id='line_1_63' title="bbox 2070 2311 3702 2392; baseline 0.002 -28"><span class='ocrx_word' id='word_1_413' title='bbox 2070 2312 2219 2368; x_wconf 84' lang='grc' dir='ltr'><strong>κῶλα</strong></span> <span class='ocrx_word' id='word_1_414' title='bbox 2248 2311 2465 2377; x_wconf 76' lang='grc' dir='ltr'><strong>ἐδέξατο</strong></span> <span class='ocrx_word' id='word_1_415' title='bbox 2483 2311 2864 2368; x_wconf 79' lang='grc' dir='ltr'><strong>ὑποδείκνυσιν</strong></span> <span class='ocrx_word' id='word_1_416' title='bbox 2885 2329 2899 2344; x_wconf 84' lang='lat'><strong>&#39;</strong></span> <span class='ocrx_word' id='word_1_417' title='bbox 2926 2311 3089 2384; x_wconf 72' lang='grc' dir='ltr'><strong>ἔργον</strong></span> <span class='ocrx_word' id='word_1_418' title='bbox 3114 2313 3223 2384; x_wconf 87' lang='grc' dir='ltr'><strong>γάρ</strong></span> <span class='ocrx_word' id='word_1_419' title='bbox 3245 2313 3348 2384; x_wconf 79' lang='grc' dir='ltr'><strong>τῆς</strong></span> <span class='ocrx_word' id='word_1_420' title='bbox 3375 2311 3667 2384; x_wconf 63' lang='grc' dir='ltr'><strong>Σκυθικῆς</strong></span> <span class='ocrx_word' id='word_1_421' title='bbox 3693 2387 3702 2392; x_wconf 24' lang='grc' dir='ltr'>ν</span> 
     </span>
    </p>
   </div>
   <div class='ocr_carea' id='block_1_64' title="bbox 2072 2401 3652 2475">
    <p class='ocr_par' dir='ltr' id='par_1_64' title="bbox 2072 2401 3652 2475">
     <span class='ocr_line' id='line_1_64' title="bbox 2072 2401 3652 2475; baseline 0.001 -20"><span class='ocrx_word' id='word_1_422' title='bbox 2072 2402 2369 2474; x_wconf 83' lang='grc' dir='ltr'><strong>μαχαίρας,</strong></span> <span class='ocrx_word' id='word_1_423' title='bbox 2421 2401 2569 2455; x_wconf 75' lang='grc' dir='ltr'><strong>ἅπαν</strong></span> <span class='ocrx_word' id='word_1_424' title='bbox 2599 2401 2789 2472; x_wconf 77' lang='grc' dir='ltr'><strong>σχεδὸν</strong></span> <span class='ocrx_word' id='word_1_425' title='bbox 2839 2403 2902 2457; x_wconf 79' lang='grc' dir='ltr'><strong>τὸ</strong></span> <span class='ocrx_word' id='word_1_426' title='bbox 2947 2403 3060 2458; x_wconf 86' lang='grc' dir='ltr'><strong>τῶν</strong></span> <span class='ocrx_word' id='word_1_427' title='bbox 3101 2401 3392 2475; x_wconf 85' lang='grc' dir='ltr'><strong>Ῥωμαίων</strong></span> <span class='ocrx_word' id='word_1_428' title='bbox 3422 2403 3652 2474; x_wconf 72' lang='grc' dir='ltr'><strong>ἐγένετο</strong></span> 
     </span>
    </p>
   </div>
   <div class='ocr_carea' id='block_1_65' title="bbox 2071 2495 3652 2568">
    <p class='ocr_par' dir='ltr' id='par_1_65' title="bbox 2071 2495 3652 2568">
     <span class='ocr_line' id='line_1_65' title="bbox 2071 2495 3652 2568; baseline 0.001 -20"><span class='ocrx_word' id='word_1_429' title='bbox 2071 2496 2414 2566; x_wconf 84' lang='grc' dir='ltr'><strong>στράτευμα.</strong></span> <span class='ocrx_word' id='word_1_430' title='bbox 2441 2495 2506 2549; x_wconf 88' lang='grc' dir='ltr'><strong>Εί</strong></span> <span class='ocrx_word' id='word_1_431' title='bbox 2535 2495 2592 2550; x_wconf 86' lang='grc' dir='ltr'><strong>δέ</strong></span> <span class='ocrx_word' id='word_1_432' title='bbox 2628 2512 2684 2549; x_wconf 87' lang='grc' dir='ltr'><strong>τι</strong></span> <span class='ocrx_word' id='word_1_433' title='bbox 2718 2495 2916 2568; x_wconf 81' lang='grc' dir='ltr'><strong>μικρὸν</strong></span> <span class='ocrx_word' id='word_1_434' title='bbox 2943 2496 3040 2550; x_wconf 80' lang='grc' dir='ltr'><strong>καὶ</strong></span> <span class='ocrx_word' id='word_1_435' title='bbox 3071 2497 3134 2548; x_wconf 86' lang='grc' dir='ltr'><strong>οὐ</strong></span> <span class='ocrx_word' id='word_1_436' title='bbox 3173 2497 3314 2552; x_wconf 84' lang='grc' dir='ltr'><strong>πάνυ</strong></span> <span class='ocrx_word' id='word_1_437' title='bbox 3364 2497 3652 2566; x_wconf 80' lang='grc' dir='ltr'><strong>ἀξιόλογον</strong></span> 
     </span>
    </p>
   </div>
   <div class='ocr_carea' id='block_1_66' title="bbox 2069 2585 3655 2660">
    <p class='ocr_par' dir='ltr' id='par_1_66' title="bbox 2069 2585 3655 2660">
     <span class='ocr_line' id='line_1_66' title="bbox 2069 2585 3655 2660; baseline 0.001 -19"><span class='ocrx_word' id='word_1_438' title='bbox 2069 2585 2284 2659; x_wconf 72' lang='grc' dir='ltr'><strong>ἔδρασε,</strong></span> <span class='ocrx_word' id='word_1_439' title='bbox 2323 2585 2467 2642; x_wconf 87' lang='grc' dir='ltr'><strong>καθά</strong></span> <span class='ocrx_word' id='word_1_440' title='bbox 2494 2603 2560 2656; x_wconf 87' lang='grc' dir='ltr'><strong>γε</strong></span> <span class='ocrx_word' id='word_1_441' title='bbox 2601 2589 2734 2658; x_wconf 77' lang='grc' dir='ltr'><strong>ἡμῖν</strong></span> <span class='ocrx_word' id='word_1_442' title='bbox 2769 2589 2836 2642; x_wconf 81' lang='grc' dir='ltr'><strong>ὲκ</strong></span> <span class='ocrx_word' id='word_1_443' title='bbox 2882 2587 2995 2642; x_wconf 85' lang='grc' dir='ltr'><strong>τῶν</strong></span> <span class='ocrx_word' id='word_1_444' title='bbox 3042 2588 3450 2660; x_wconf 84' lang='grc' dir='ltr'><strong>γεγραμμένων</strong></span> <span class='ocrx_word' id='word_1_445' title='bbox 3499 2587 3655 2660; x_wconf 78' lang='grc' dir='ltr'><strong>αὐτῷ</strong></span> 
     </span>
    </p>
   </div>
   <div class='ocr_carea' id='block_1_67' title="bbox 2069 2677 3652 2752">
    <p class='ocr_par' dir='ltr' id='par_1_67' title="bbox 2069 2677 3652 2752">
     <span class='ocr_line' id='line_1_67' title="bbox 2069 2677 3652 2752; baseline 0.001 -21"><span class='ocrx_word' id='word_1_446' title='bbox 2069 2678 2209 2749; x_wconf 82' lang='grc' dir='ltr'><strong>πρὸς</strong></span> <span class='ocrx_word' id='word_1_447' title='bbox 2249 2677 2379 2742; x_wconf 79' lang='grc' dir='ltr'><strong>τοὺς</strong></span> <span class='ocrx_word' id='word_1_448' title='bbox 2433 2678 2854 2750; x_wconf 80' lang='grc' dir='ltr'><strong>ὲνηυλισμένους</strong></span> <span class='ocrx_word' id='word_1_449' title='bbox 2901 2679 3045 2734; x_wconf 86' lang='grc' dir='ltr'><strong>κατά</strong></span> <span class='ocrx_word' id='word_1_450' title='bbox 3073 2679 3172 2752; x_wconf 80' lang='grc' dir='ltr'><strong>τὴν</strong></span> <span class='ocrx_word' id='word_1_451' title='bbox 3233 2679 3652 2751; x_wconf 85' lang='grc' dir='ltr'><strong>βασιλεύουσαν,</strong></span> 
     </span>
    </p>
   </div>
   <div class='ocr_carea' id='block_1_68' title="bbox 2071 2767 3658 2844">
    <p class='ocr_par' dir='ltr' id='par_1_68' title="bbox 2071 2767 3658 2844">
     <span class='ocr_line' id='line_1_68' title="bbox 2071 2767 3658 2844; baseline 0.002 -20"><span class='ocrx_word' id='word_1_452' title='bbox 2071 2770 2500 2840; x_wconf 78' lang='grc' dir='ltr'><strong>ἀναλεξαμένοις</strong></span> <span class='ocrx_word' id='word_1_453' title='bbox 2528 2770 2800 2840; x_wconf 72' lang='grc' dir='ltr'><strong>ἔγνωσται</strong></span> <span class='ocrx_word' id='word_1_454' title='bbox 2821 2788 2836 2804; x_wconf 76' lang='grc' dir='ltr'><strong>ο</strong></span> <span class='ocrx_word' id='word_1_455' title='bbox 2867 2773 2926 2826; x_wconf 73' lang='grc' dir='ltr'><strong>ὲν</strong></span> <span class='ocrx_word' id='word_1_456' title='bbox 2955 2767 3038 2836; x_wconf 83' lang='grc' dir='ltr'><strong>οἷς</strong></span> <span class='ocrx_word' id='word_1_457' title='bbox 3079 2772 3251 2826; x_wconf 85' lang='grc' dir='ltr'><strong>πολλά</strong></span> <span class='ocrx_word' id='word_1_458' title='bbox 3286 2773 3658 2844; x_wconf 86' lang='grc' dir='ltr'><strong>κατακομπά-</strong></span> 
     </span>
    </p>
   </div>
   <div class='ocr_carea' id='block_1_69' title="bbox 2073 2863 3657 2937">
    <p class='ocr_par' dir='ltr' id='par_1_69' title="bbox 2073 2863 3657 2937">
     <span class='ocr_line' id='line_1_69' title="bbox 2073 2863 3657 2937; baseline 0.001 -20"><span class='ocrx_word' id='word_1_459' title='bbox 2073 2880 2169 2928; x_wconf 81' lang='grc' dir='ltr'><strong>σας</strong></span> <span class='ocrx_word' id='word_1_460' title='bbox 2203 2867 2232 2919; x_wconf 81' lang='grc' dir='ltr'><strong>ὁ</strong></span> <span class='ocrx_word' id='word_1_461' title='bbox 2263 2863 2358 2918; x_wconf 83' lang='grc' dir='ltr'><strong>τοῦ</strong></span> <span class='ocrx_word' id='word_1_462' title='bbox 2389 2863 2619 2934; x_wconf 74' lang='grc' dir='ltr'><strong>ψεύδους</strong></span> <span class='ocrx_word' id='word_1_463' title='bbox 2649 2863 2931 2934; x_wconf 81' lang='grc' dir='ltr'><strong>ὑπηρέτης</strong></span> <span class='ocrx_word' id='word_1_464' title='bbox 2966 2864 3060 2918; x_wconf 76' lang='grc' dir='ltr'><strong>καὶ</strong></span> <span class='ocrx_word' id='word_1_465' title='bbox 3097 2863 3419 2937; x_wconf 79' lang='grc' dir='ltr'><strong>σύντροφος,</strong></span> <span class='ocrx_word' id='word_1_466' title='bbox 3450 2864 3657 2936; x_wconf 74' lang='grc' dir='ltr'><strong>πολλὴν</strong></span> 
     </span>
    </p>
   </div>
   <div class='ocr_carea' id='block_1_70' title="bbox 2071 2955 3656 3030">
    <p class='ocr_par' dir='ltr' id='par_1_70' title="bbox 2071 2955 3656 3030">
     <span class='ocr_line' id='line_1_70' title="bbox 2071 2955 3656 3030; baseline 0.003 -22"><span class='ocrx_word' id='word_1_467' title='bbox 2071 2955 2127 3008; x_wconf 82' lang='grc' dir='ltr'><strong>δὲ</strong></span> <span class='ocrx_word' id='word_1_468' title='bbox 2159 2957 2259 3028; x_wconf 85' lang='grc' dir='ltr'><strong>τὴν</strong></span> <span class='ocrx_word' id='word_1_469' title='bbox 2307 2955 2608 3027; x_wconf 87' lang='grc' dir='ltr'><strong>θεομαχίαν</strong></span> <span class='ocrx_word' id='word_1_470' title='bbox 2658 2956 2724 3010; x_wconf 81' lang='grc' dir='ltr'><strong>ὲκ</strong></span> <span class='ocrx_word' id='word_1_471' title='bbox 2777 2958 2876 3028; x_wconf 82' lang='grc' dir='ltr'><strong>τῆς</strong></span> <span class='ocrx_word' id='word_1_472' title='bbox 2919 2955 3152 3029; x_wconf 76' lang='grc' dir='ltr'><strong>ἀπείρου</strong></span> <span class='ocrx_word' id='word_1_473' title='bbox 3198 2957 3528 3030; x_wconf 88' lang='grc' dir='ltr'><strong>πολυορκίας</strong></span> <span class='ocrx_word' id='word_1_474' title='bbox 3569 2960 3656 3030; x_wconf 74' lang='grc' dir='ltr'><strong>ἐφ’</strong></span> 
     </span>
    </p>
   </div>
   <div class='ocr_carea' id='block_1_71' title="bbox 2075 3047 3660 3120">
    <p class='ocr_par' dir='ltr' id='par_1_71' title="bbox 2075 3047 3660 3120">
     <span class='ocr_line' id='line_1_71' title="bbox 2075 3047 3660 3120; baseline 0.003 -18"><span class='ocrx_word' id='word_1_475' title='bbox 2075 3047 2232 3120; x_wconf 78' lang='grc' dir='ltr'><strong>ὓὸρει</strong></span> <span class='ocrx_word' id='word_1_476' title='bbox 2262 3047 2356 3102; x_wconf 83' lang='grc' dir='ltr'><strong>τοῦ</strong></span> <span class='ocrx_word' id='word_1_477' title='bbox 2380 3049 2685 3112; x_wconf 85' lang='grc' dir='ltr'><strong>Κτίσαντος</strong></span> <span class='ocrx_word' id='word_1_478' title='bbox 2731 3047 3166 3120; x_wconf 79' lang='grc' dir='ltr'><strong>προϐαλόμενος,</strong></span> <span class='ocrx_word' id='word_1_479' title='bbox 3193 3050 3358 3120; x_wconf 71' lang='grc' dir='ltr'><strong>⁴ἠνίκα</strong></span> <span class='ocrx_word' id='word_1_480' title='bbox 3397 3050 3462 3104; x_wconf 76' lang='grc' dir='ltr'><strong>τὸ</strong></span> <span class='ocrx_word' id='word_1_481' title='bbox 3503 3050 3660 3116; x_wconf 71' lang='grc' dir='ltr'><strong>ἔθνος</strong></span> 
     </span>
    </p>
   </div>
   <div class='ocr_carea' id='block_1_72' title="bbox 2074 3130 3654 3210">
    <p class='ocr_par' dir='ltr' id='par_1_72' title="bbox 2074 3130 3654 3210">
     <span class='ocr_line' id='line_1_72' title="bbox 2074 3130 3654 3210; baseline 0.002 -18"><span class='ocrx_word' id='word_1_482' title='bbox 2074 3139 2204 3210; x_wconf 70' lang='grc' dir='ltr'><strong>περὶ</strong></span> <span class='ocrx_word' id='word_1_483' title='bbox 2233 3141 2360 3204; x_wconf 81' lang='grc' dir='ltr'><strong>τοὺς</strong></span> <span class='ocrx_word' id='word_1_484' title='bbox 2381 3141 2616 3204; x_wconf 81' lang='grc' dir='ltr'><strong>οἰκείους</strong></span> <span class='ocrx_word' id='word_1_485' title='bbox 2639 3130 2928 3210; x_wconf 72' lang='grc' dir='ltr'><strong>’ἡγεμόνας</strong></span> <span class='ocrx_word' id='word_1_486' title='bbox 2953 3139 3340 3203; x_wconf 80' lang='grc' dir='ltr'><strong>διαστασιάζον</strong></span> <span class='ocrx_word' id='word_1_487' title='bbox 3361 3141 3654 3196; x_wconf 77' lang='grc' dir='ltr'><strong>κατέλαεεο</strong></span> 
     </span>
    </p>
   </div>
   <div class='ocr_carea' id='block_1_73' title="bbox 2071 3231 3659 3304">
    <p class='ocr_par' dir='ltr' id='par_1_73' title="bbox 2071 3231 3659 3304">
     <span class='ocr_line' id='line_1_73' title="bbox 2071 3231 3659 3304; baseline 0.001 -18"><span class='ocrx_word' id='word_1_488' title='bbox 2071 3233 2169 3286; x_wconf 72' lang='grc' dir='ltr'><strong>καὶ</strong></span> <span class='ocrx_word' id='word_1_489' title='bbox 2197 3232 2306 3304; x_wconf 81' lang='grc' dir='ltr'><strong>γὰρ</strong></span> <span class='ocrx_word' id='word_1_490' title='bbox 2342 3232 2504 3287; x_wconf 81' lang='grc' dir='ltr'><strong>τοῦτο</strong></span> <span class='ocrx_word' id='word_1_491' title='bbox 2557 3231 2824 3296; x_wconf 82' lang='grc' dir='ltr'><strong>πολλάκις</strong></span> <span class='ocrx_word' id='word_1_492' title='bbox 2853 3233 3031 3286; x_wconf 88' lang='grc' dir='ltr'><strong>ποιεῖν</strong></span> <span class='ocrx_word' id='word_1_493' title='bbox 3062 3233 3247 3296; x_wconf 80' lang='grc' dir='ltr'><strong>αὐτοῖς</strong></span> <span class='ocrx_word' id='word_1_494' title='bbox 3285 3233 3532 3298; x_wconf 82' lang='grc' dir='ltr'><strong>εὐπετὲς,</strong></span> <span class='ocrx_word' id='word_1_495' title='bbox 3561 3233 3659 3289; x_wconf 76' lang='grc' dir='ltr'><strong>ἅτε</strong></span> 
     </span>
    </p>
   </div>
   <div class='ocr_carea' id='block_1_74' title="bbox 2074 3323 3661 3398">
    <p class='ocr_par' dir='ltr' id='par_1_74' title="bbox 2074 3323 3661 3398">
     <span class='ocr_line' id='line_1_74' title="bbox 2074 3323 3661 3398; baseline 0.001 -19"><span class='ocrx_word' id='word_1_496' title='bbox 2074 3324 2431 3398; x_wconf 79' lang='grc' dir='ltr'><strong>βαρϐαρικοῖς</strong></span> <span class='ocrx_word' id='word_1_497' title='bbox 2487 3325 2676 3397; x_wconf 70' lang='grc' dir='ltr'><strong>ἤθεσιν</strong></span> <span class='ocrx_word' id='word_1_498' title='bbox 2721 3323 3164 3396; x_wconf 78' lang='grc' dir='ltr'><strong>ὲντρεφομένοις,</strong></span> <span class='ocrx_word' id='word_1_499' title='bbox 3219 3327 3318 3380; x_wconf 75' lang='grc' dir='ltr'><strong>καὶ</strong></span> <span class='ocrx_word' id='word_1_500' title='bbox 3371 3325 3495 3397; x_wconf 87' lang='grc' dir='ltr'><strong>διχῆ</strong></span> <span class='ocrx_word' id='word_1_501' title='bbox 3543 3328 3661 3390; x_wconf 89' lang='grc' dir='ltr'><strong>τοῖς</strong></span> 
     </span>
    </p>
   </div>
   <div class='ocr_carea' id='block_1_75' title="bbox 2076 3415 3662 3488">
    <p class='ocr_par' dir='ltr' id='par_1_75' title="bbox 2076 3415 3662 3488">
     <span class='ocr_line' id='line_1_75' title="bbox 2076 3415 3662 3488; baseline 0 -18"><span class='ocrx_word' id='word_1_502' title='bbox 2076 3417 2302 3486; x_wconf 86' lang='grc' dir='ltr'><strong>μέρεσιν</strong></span> <span class='ocrx_word' id='word_1_503' title='bbox 2327 3416 2404 3480; x_wconf 84' lang='grc' dir='ltr'><strong>ὡς</strong></span> <span class='ocrx_word' id='word_1_504' title='bbox 2435 3415 2504 3469; x_wconf 85' lang='grc' dir='ltr'><strong>τὰ</strong></span> <span class='ocrx_word' id='word_1_505' title='bbox 2535 3415 2706 3470; x_wconf 89' lang='grc' dir='ltr'><strong>πολλά</strong></span> <span class='ocrx_word' id='word_1_506' title='bbox 2728 3416 3154 3488; x_wconf 88' lang='grc' dir='ltr'><strong>διαιρουμένοις,</strong></span> <span class='ocrx_word' id='word_1_507' title='bbox 3176 3418 3304 3472; x_wconf 81' lang='grc' dir='ltr'><strong>ὅταν</strong></span> <span class='ocrx_word' id='word_1_508' title='bbox 3325 3417 3505 3472; x_wconf 83' lang='grc' dir='ltr'><strong>αὐτῶν</strong></span> <span class='ocrx_word' id='word_1_509' title='bbox 3535 3419 3662 3482; x_wconf 90' lang='grc' dir='ltr'><strong>ταῖς</strong></span> 
     </span>
    </p>
   </div>
   <div class='ocr_carea' id='block_1_76' title="bbox 2077 3505 3662 3580">
    <p class='ocr_par' dir='ltr' id='par_1_76' title="bbox 2077 3505 3662 3580">
     <span class='ocr_line' id='line_1_76' title="bbox 2077 3505 3662 3580; baseline 0.001 -20"><span class='ocrx_word' id='word_1_510' title='bbox 2077 3505 2294 3577; x_wconf 81' lang='grc' dir='ltr'><strong>βουλαῖς</strong></span> <span class='ocrx_word' id='word_1_511' title='bbox 2343 3505 2910 3577; x_wconf 84' lang='grc' dir='ltr'><strong>ἀντικαθισταμένους</strong></span> <span class='ocrx_word' id='word_1_512' title='bbox 2938 3505 3122 3560; x_wconf 80' lang='grc' dir='ltr'><strong>ἴδωσιν</strong></span> <span class='ocrx_word' id='word_1_513' title='bbox 3141 3523 3156 3539; x_wconf 75' lang='grc' dir='ltr'><strong><em>ο</em></strong></span> <span class='ocrx_word' id='word_1_514' title='bbox 3186 3507 3216 3562; x_wconf 87' lang='grc' dir='ltr'><strong>δ</strong></span> <span class='ocrx_word' id='word_1_515' title='bbox 3263 3508 3330 3580; x_wconf 79' lang='grc' dir='ltr'><strong>δὴ</strong></span> <span class='ocrx_word' id='word_1_516' title='bbox 3383 3508 3482 3562; x_wconf 63' lang='grc' dir='ltr'><strong>καὶ⁵</strong></span> <span class='ocrx_word' id='word_1_517' title='bbox 3506 3525 3662 3580; x_wconf 85' lang='grc' dir='ltr'><strong>τηνι-</strong></span> 
     </span>
    </p>
   </div>
   <div class='ocr_carea' id='block_1_77' title="bbox 2074 3598 3656 3671">
    <p class='ocr_par' dir='ltr' id='par_1_77' title="bbox 2074 3598 3656 3671">
     <span class='ocr_line' id='line_1_77' title="bbox 2074 3598 3656 3671; baseline 0.001 -19"><span class='ocrx_word' id='word_1_518' title='bbox 2074 3598 2252 3652; x_wconf 83' lang='grc' dir='ltr'><strong>καῦτα</strong></span> <span class='ocrx_word' id='word_1_519' title='bbox 2303 3599 2333 3651; x_wconf 84' lang='grc' dir='ltr'><strong>ό</strong></span> <span class='ocrx_word' id='word_1_520' title='bbox 2363 3599 2573 3652; x_wconf 84' lang='grc' dir='ltr'><strong>τούτων</strong></span> <span class='ocrx_word' id='word_1_521' title='bbox 2602 3598 2794 3671; x_wconf 86' lang='grc' dir='ltr'><strong>κύριος</strong></span> <span class='ocrx_word' id='word_1_522' title='bbox 2845 3599 3338 3671; x_wconf 74' lang='grc' dir='ltr'><strong>ἐπιϐουλευόμενος</strong></span> <span class='ocrx_word' id='word_1_523' title='bbox 3389 3600 3656 3670; x_wconf 71' lang='grc' dir='ltr'><strong>πέπονθε,</strong></span> 
     </span>
    </p>
   </div>
   <div class='ocr_carea' id='block_1_78' title="bbox 2074 3684 3662 3762">
    <p class='ocr_par' dir='ltr' id='par_1_78' title="bbox 2074 3684 3662 3762">
     <span class='ocr_line' id='line_1_78' title="bbox 2074 3684 3662 3762; baseline 0.002 -21"><span class='ocrx_word' id='word_1_524' title='bbox 2074 3686 2302 3753; x_wconf 68' lang='grc' dir='ltr'><strong>Σαϐῖνος</strong></span> <span class='ocrx_word' id='word_1_525' title='bbox 2330 3687 2392 3758; x_wconf 84' lang='grc' dir='ltr'><strong>(ί)</strong></span> <span class='ocrx_word' id='word_1_526' title='bbox 2419 3687 2592 3760; x_wconf 73' lang='grc' dir='ltr'><strong>ὄνομα</strong></span> <span class='ocrx_word' id='word_1_527' title='bbox 2627 3684 2696 3759; x_wconf 78' lang='grc' dir='ltr'><strong>ἦν</strong></span> <span class='ocrx_word' id='word_1_528' title='bbox 2747 3687 2916 3760; x_wconf 83' lang='grc' dir='ltr'><strong>αὐτῷ,</strong></span> <span class='ocrx_word' id='word_1_529' title='bbox 2968 3691 3066 3744; x_wconf 77' lang='grc' dir='ltr'><strong>καὶ</strong></span> <span class='ocrx_word' id='word_1_530' title='bbox 3113 3690 3291 3759; x_wconf 71' lang='grc' dir='ltr'><strong>φυγὰς</strong></span> <span class='ocrx_word' id='word_1_531' title='bbox 3337 3690 3475 3762; x_wconf 83' lang='grc' dir='ltr'><strong>πρὸς</strong></span> <span class='ocrx_word' id='word_1_532' title='bbox 3525 3689 3662 3744; x_wconf 83' lang='grc' dir='ltr'><strong>Ῥω-</strong></span> 
     </span>
    </p>
   </div>
   <div class='ocr_carea' id='block_1_79' title="bbox 2078 3777 3658 3854">
    <p class='ocr_par' dir='ltr' id='par_1_79' title="bbox 2078 3777 3658 3854">
     <span class='ocr_line' id='line_1_79' title="bbox 2078 3777 3658 3854; baseline 0.004 -23"><span class='ocrx_word' id='word_1_533' title='bbox 2078 3778 2271 3850; x_wconf 85' lang='grc' dir='ltr'><strong>μαίους</strong></span> <span class='ocrx_word' id='word_1_534' title='bbox 2303 3777 2574 3850; x_wconf 81' lang='grc' dir='ltr'><strong>ἀπῴχετο.</strong></span> <span class='ocrx_word' id='word_1_535' title='bbox 2623 3781 2760 3834; x_wconf 76' lang='grc' dir='ltr'><strong>Τότε</strong></span> <span class='ocrx_word' id='word_1_536' title='bbox 2807 3779 2902 3835; x_wconf 75' lang='grc' dir='ltr'><strong>οὖν</strong></span> <span class='ocrx_word' id='word_1_537' title='bbox 2942 3779 3092 3854; x_wconf 79' lang='grc' dir='ltr'><strong>αὐτῷ</strong></span> <span class='ocrx_word' id='word_1_538' title='bbox 3123 3783 3156 3854; x_wconf 72' lang='grc' dir='ltr'><strong>η</strong></span> <span class='ocrx_word' id='word_1_539' title='bbox 3188 3782 3286 3836; x_wconf 85' lang='grc' dir='ltr'><strong>τοῦ</strong></span> <span class='ocrx_word' id='word_1_540' title='bbox 3310 3782 3497 3847; x_wconf 79' lang='grc' dir='ltr'><strong>ἔθνους</strong></span> <span class='ocrx_word' id='word_1_541' title='bbox 3531 3783 3658 3837; x_wconf 84' lang='grc' dir='ltr'><strong>καθ’</strong></span> 
     </span>
    </p>
   </div>
   <div class='ocr_carea' id='block_1_80' title="bbox 2076 3870 3662 3946">
    <p class='ocr_par' dir='ltr' id='par_1_80' title="bbox 2076 3870 3662 3946">
     <span class='ocr_line' id='line_1_80' title="bbox 2076 3870 3662 3946; baseline 0.002 -21"><span class='ocrx_word' id='word_1_542' title='bbox 2076 3871 2238 3925; x_wconf 77' lang='grc' dir='ltr'><strong>ἑαυτὸ</strong></span> <span class='ocrx_word' id='word_1_543' title='bbox 2267 3870 2502 3942; x_wconf 83' lang='grc' dir='ltr'><strong>διαφορά</strong></span> <span class='ocrx_word' id='word_1_544' title='bbox 2529 3872 2624 3926; x_wconf 79' lang='grc' dir='ltr'><strong>καὶ</strong></span> <span class='ocrx_word' id='word_1_545' title='bbox 2653 3872 2868 3938; x_wconf 82' lang='grc' dir='ltr'><strong>στάσις,</strong></span> <span class='ocrx_word' id='word_1_546' title='bbox 2903 3873 3048 3928; x_wconf 83' lang='grc' dir='ltr'><strong>κατά</strong></span> <span class='ocrx_word' id='word_1_547' title='bbox 3074 3873 3248 3946; x_wconf 79' lang='grc' dir='ltr'><strong>βραχὺ</strong></span> <span class='ocrx_word' id='word_1_548' title='bbox 3281 3872 3412 3942; x_wconf 81' lang='grc' dir='ltr'><strong>γοῦν</strong></span> <span class='ocrx_word' id='word_1_549' title='bbox 3444 3874 3662 3928; x_wconf 79' lang='grc' dir='ltr'><strong>εὐδοκιο</strong></span> 
     </span>
    </p>
   </div>
   <div class='ocr_carea' id='block_1_81' title="bbox 2080 3962 3661 4037">
    <p class='ocr_par' dir='ltr' id='par_1_81' title="bbox 2080 3962 3661 4037">
     <span class='ocr_line' id='line_1_81' title="bbox 2080 3962 3661 4037; baseline 0 -20"><span class='ocrx_word' id='word_1_550' title='bbox 2080 3962 2253 4034; x_wconf 80' lang='grc' dir='ltr'><strong>μῆσαι</strong></span> <span class='ocrx_word' id='word_1_551' title='bbox 2290 3962 2634 4034; x_wconf 81' lang='grc' dir='ltr'><strong>παρέσχετο·</strong></span> <span class='ocrx_word' id='word_1_552' title='bbox 2687 3965 2816 4026; x_wconf 82' lang='grc' dir='ltr'><strong>τοὺς</strong></span> <span class='ocrx_word' id='word_1_553' title='bbox 2868 3963 2925 4018; x_wconf 84' lang='grc' dir='ltr'><strong>δὲ</strong></span> <span class='ocrx_word' id='word_1_554' title='bbox 2977 3966 3116 4036; x_wconf 80' lang='grc' dir='ltr'><strong>πρὸς</strong></span> <span class='ocrx_word' id='word_1_555' title='bbox 3166 3965 3321 4037; x_wconf 62' lang='grc' dir='ltr'><strong>⁴ἲτιλιον</strong></span> <span class='ocrx_word' id='word_1_556' title='bbox 3368 3965 3661 4036; x_wconf 77' lang='grc' dir='ltr'><strong>ἀνίσχοντα</strong></span> 
     </span>
    </p>
   </div>
   <div class='ocr_carea' id='block_1_82' title="bbox 391 4051 1977 4127">
    <p class='ocr_par' dir='ltr' id='par_1_82' title="bbox 391 4051 1977 4127">
     <span class='ocr_line' id='line_1_82' title="bbox 391 4051 1977 4127; baseline 0.007 -24"><span class='ocrx_word' id='word_1_557' title='bbox 391 4051 635 4104; x_wconf 68' lang='lat' dir='ltr'><strong>exercitu</strong></span> <span class='ocrx_word' id='word_1_558' title='bbox 694 4065 794 4106; x_wconf 89' lang='lat' dir='ltr'><strong>suo</strong></span> <span class='ocrx_word' id='word_1_559' title='bbox 841 4063 1071 4122; x_wconf 85' lang='lat' dir='ltr'><strong>pugnant</strong></span> <span class='ocrx_word' id='word_1_560' title='bbox 1101 4068 1423 4111; x_wconf 76' lang='lat' dir='ltr'><strong>conserere.</strong></span> <span class='ocrx_word' id='word_1_561' title='bbox 1484 4053 1592 4111; x_wconf 89' lang='lat' dir='ltr'><strong>Sed</strong></span> <span class='ocrx_word' id='word_1_562' title='bbox 1651 4072 1773 4111; x_wconf 91' lang='lat' dir='ltr'><strong>cum</strong></span> <span class='ocrx_word' id='word_1_563' title='bbox 1834 4059 1977 4127; x_wconf 86' lang='lat' dir='ltr'><strong>apud</strong></span> 
     </span>
    </p>
   </div>
   <div class='ocr_carea' id='block_1_83' title="bbox 398 4142 1969 4223">
    <p class='ocr_par' dir='ltr' id='par_1_83' title="bbox 398 4142 1969 4219">
     <span class='ocr_line' id='line_1_83' title="bbox 398 4142 1969 4219; baseline 0.004 -25"><span class='ocrx_word' id='word_1_564' title='bbox 398 4142 546 4211; x_wconf 86' lang='lat' dir='ltr'><strong>ipsos</strong></span> <span class='ocrx_word' id='word_1_565' title='bbox 595 4158 746 4198; x_wconf 91' lang='lat' dir='ltr'><strong>more</strong></span> <span class='ocrx_word' id='word_1_566' title='bbox 803 4145 970 4202; x_wconf 88' lang='lat' dir='ltr'><strong>solito</strong></span> <span class='ocrx_word' id='word_1_567' title='bbox 1021 4145 1198 4202; x_wconf 90' lang='lat' dir='ltr'><strong>civilis</strong></span> <span class='ocrx_word' id='word_1_568' title='bbox 1243 4158 1550 4202; x_wconf 86' lang='lat' dir='ltr'><strong>commotus</strong></span> <span class='ocrx_word' id='word_1_569' title='bbox 1607 4155 1690 4202; x_wconf 87' lang='lat' dir='ltr'><strong>est</strong></span> <span class='ocrx_word' id='word_1_570' title='bbox 1740 4149 1969 4219; x_wconf 87' lang='lat' dir='ltr'><strong>gladius,</strong></span> 
     </span>
    </p>
   </div>
   <div class='ocr_carea' id='block_1_84' title="bbox 2070 4142 3662 4223">
    <p class='ocr_par' dir='ltr' id='par_1_84' title="bbox 2079 4147 3662 4223">
     <span class='ocr_line' id='line_1_84' title="bbox 2079 4147 3662 4223; baseline 0.003 -23"><span class='ocrx_word' id='word_1_571' title='bbox 2079 4147 2156 4210; x_wconf 82' lang='grc' dir='ltr'><strong>ὡς</strong></span> <span class='ocrx_word' id='word_1_572' title='bbox 2194 4148 2291 4201; x_wconf 73' lang='grc' dir='ltr'><strong>καὶ</strong></span> <span class='ocrx_word' id='word_1_573' title='bbox 2313 4147 2400 4201; x_wconf 75' lang='grc' dir='ltr'><strong>ἐπ’</strong></span> <span class='ocrx_word' id='word_1_574' title='bbox 2436 4147 2739 4217; x_wconf 77' lang='grc' dir='ltr'><strong>ἐκκλησίας</strong></span> <span class='ocrx_word' id='word_1_575' title='bbox 2793 4148 3116 4222; x_wconf 79' lang='grc' dir='ltr'><strong>κηρύσσειν,</strong></span> <span class='ocrx_word' id='word_1_576' title='bbox 3153 4149 3230 4222; x_wconf 80' lang='grc' dir='ltr'><strong>μὴ</strong></span> <span class='ocrx_word' id='word_1_577' title='bbox 3276 4151 3504 4223; x_wconf 79' lang='grc' dir='ltr'><strong>θαρρεῖν</strong></span> <span class='ocrx_word' id='word_1_578' title='bbox 3538 4154 3662 4206; x_wconf 81' lang='grc' dir='ltr'><strong>κατ’</strong></span> 
     </span>
    </p>
   </div>
   <div class='ocr_carea' id='block_1_85' title="bbox 401 4235 1969 4314">
    <p class='ocr_par' dir='ltr' id='par_1_85' title="bbox 401 4235 1969 4312">
     <span class='ocr_line' id='line_1_85' title="bbox 401 4235 1969 4312; baseline 0.007 -26"><span class='ocrx_word' id='word_1_579' title='bbox 401 4235 718 4305; x_wconf 88' lang='lat' dir='ltr'><strong>ferrumque</strong></span> <span class='ocrx_word' id='word_1_580' title='bbox 744 4236 810 4308; x_wconf 82' lang='lat' dir='ltr'><strong>de</strong></span> <span class='ocrx_word' id='word_1_581' title='bbox 829 4237 1063 4307; x_wconf 89' lang='lat' dir='ltr'><strong>partium</strong></span> <span class='ocrx_word' id='word_1_582' title='bbox 1103 4240 1416 4296; x_wconf 87' lang='lat' dir='ltr'><strong>diversitate</strong></span> <span class='ocrx_word' id='word_1_583' title='bbox 1440 4241 1783 4304; x_wconf 85' lang='lat' dir='ltr'><strong>decernebat,</strong></span> <span class='ocrx_word' id='word_1_584' title='bbox 1817 4251 1969 4312; x_wconf 78' lang='lat' dir='ltr'><strong>atque</strong></span> 
     </span>
    </p>
   </div>
   <div class='ocr_carea' id='block_1_86' title="bbox 2070 4235 3662 4314">
    <p class='ocr_par' dir='ltr' id='par_1_86' title="bbox 2078 4239 3662 4314">
     <span class='ocr_line' id='line_1_86' title="bbox 2078 4239 3662 4314; baseline 0.002 -21"><span class='ocrx_word' id='word_1_585' title='bbox 2078 4239 2293 4310; x_wconf 82' lang='grc' dir='ltr'><strong>ὀλίγους</strong></span> <span class='ocrx_word' id='word_1_586' title='bbox 2323 4240 2528 4303; x_wconf 84' lang='grc' dir='ltr'><strong>αὐτῶν,</strong></span> <span class='ocrx_word' id='word_1_587' title='bbox 2557 4239 2635 4311; x_wconf 82' lang='grc' dir='ltr'><strong>τῷ</strong></span> <span class='ocrx_word' id='word_1_588' title='bbox 2667 4241 2759 4296; x_wconf 80' lang='grc' dir='ltr'><strong>ὑπ’</strong></span> <span class='ocrx_word' id='word_1_589' title='bbox 2805 4242 2956 4312; x_wconf 82' lang='grc' dir='ltr'><strong>αὐτῷ</strong></span> <span class='ocrx_word' id='word_1_590' title='bbox 3002 4243 3118 4314; x_wconf 74' lang='grc' dir='ltr'><strong>ἅμα</strong></span> <span class='ocrx_word' id='word_1_591' title='bbox 3162 4242 3328 4296; x_wconf 79' lang='grc' dir='ltr'><strong>παντὶ</strong></span> <span class='ocrx_word' id='word_1_592' title='bbox 3369 4242 3662 4314; x_wconf 81' lang='grc' dir='ltr'><strong>ὁπλιτικῷ,</strong></span> 
     </span>
    </p>
   </div>
   <div class='ocr_carea' id='block_1_87' title="bbox 401 4320 1969 4412">
    <p class='ocr_par' dir='ltr' id='par_1_87' title="bbox 401 4327 1969 4403">
     <span class='ocr_line' id='line_1_87' title="bbox 401 4327 1969 4403; baseline 0.005 -23"><span class='ocrx_word' id='word_1_593' title='bbox 401 4327 453 4380; x_wconf 85' lang='grc' dir='ltr'><strong>ἰιι</strong></span> <span class='ocrx_word' id='word_1_594' title='bbox 492 4339 735 4383; x_wconf 89' lang='lat' dir='ltr'><strong>mutuum</strong></span> <span class='ocrx_word' id='word_1_595' title='bbox 789 4332 1021 4386; x_wconf 89' lang='lat' dir='ltr'><strong>ruebant</strong></span> <span class='ocrx_word' id='word_1_596' title='bbox 1095 4333 1349 4398; x_wconf 77' lang='lat' dir='ltr'><strong>exitium,</strong></span> <span class='ocrx_word' id='word_1_597' title='bbox 1417 4332 1727 4388; x_wconf 87' lang='lat' dir='ltr'><strong>latrocinali</strong></span> <span class='ocrx_word' id='word_1_598' title='bbox 1788 4334 1969 4403; x_wconf 84' lang='lat' dir='ltr'><strong>potius</strong></span> 
     </span>
    </p>
   </div>
   <div class='ocr_carea' id='block_1_88' title="bbox 2070 4320 3662 4412">
    <p class='ocr_par' dir='ltr' id='par_1_88' title="bbox 2082 4330 3662 4412">
     <span class='ocr_line' id='line_1_88' title="bbox 2082 4330 3662 4412; baseline 0.002 -28"><span class='ocrx_word' id='word_1_599' title='bbox 2082 4334 2161 4396; x_wconf 90' lang='grc' dir='ltr'><strong>είς</strong></span> <span class='ocrx_word' id='word_1_600' title='bbox 2183 4330 2378 4412; x_wconf 60' lang='grc' dir='ltr'><strong>ταυτὸν</strong></span> <span class='ocrx_word' id='word_1_601' title='bbox 2410 4331 2590 4402; x_wconf 81' lang='grc' dir='ltr'><strong>μάχης</strong></span> <span class='ocrx_word' id='word_1_602' title='bbox 2635 4331 2772 4385; x_wconf 87' lang='grc' dir='ltr'><strong>ίέναι</strong></span> <span class='ocrx_word' id='word_1_603' title='bbox 2803 4330 3023 4388; x_wconf 81' lang='grc' dir='ltr'><strong>πώποτε</strong></span> <span class='ocrx_word' id='word_1_604' title='bbox 3045 4348 3060 4364; x_wconf 75' lang='grc'><strong><em>⁸</em></strong></span> <span class='ocrx_word' id='word_1_605' title='bbox 3103 4333 3308 4388; x_wconf 77' lang='grc' dir='ltr'><strong>ὁπόταν</strong></span> <span class='ocrx_word' id='word_1_606' title='bbox 3335 4333 3391 4387; x_wconf 81' lang='grc' dir='ltr'><strong>δὲ</strong></span> <span class='ocrx_word' id='word_1_607' title='bbox 3435 4335 3662 4396; x_wconf 71' lang='grc' dir='ltr'><strong>αὐτοὺς,</strong></span> 
     </span>
    </p>
   </div>
   <div class='ocr_carea' id='block_1_89' title="bbox 396 4422 1969 4498">
    <p class='ocr_par' dir='ltr' id='par_1_89' title="bbox 396 4422 1969 4496">
     <span class='ocr_line' id='line_1_89' title="bbox 396 4422 1969 4496; baseline 0.004 -24"><span class='ocrx_word' id='word_1_608' title='bbox 396 4422 819 4489; x_wconf 80' lang='lat' dir='ltr'><strong>quam&#39;militari</strong></span> <span class='ocrx_word' id='word_1_609' title='bbox 867 4439 1020 4478; x_wconf 91' lang='lat' dir='ltr'><strong>more</strong></span> <span class='ocrx_word' id='word_1_610' title='bbox 1071 4441 1170 4481; x_wconf 89' lang='lat' dir='ltr'><strong>ceu</strong></span> <span class='ocrx_word' id='word_1_611' title='bbox 1205 4425 1514 4496; x_wconf 85' lang='lat' dir='ltr'><strong>incognitus</strong></span> <span class='ocrx_word' id='word_1_612' title='bbox 1559 4426 1810 4480; x_wconf 62' lang='lat' dir='ltr'><strong>Armenta</strong></span> <span class='ocrx_word' id='word_1_613' title='bbox 1850 4440 1969 4494; x_wconf 60' lang='lat' dir='ltr'><strong>pro:</strong></span> 
     </span>
    </p>
   </div>
   <div class='ocr_carea' id='block_1_90' title="bbox 2070 4422 3668 4498">
    <p class='ocr_par' dir='ltr' id='par_1_90' title="bbox 2080 4422 3668 4498">
     <span class='ocr_line' id='line_1_90' title="bbox 2080 4422 3668 4498; baseline 0.001 -22"><span class='ocrx_word' id='word_1_614' title='bbox 2080 4422 2222 4477; x_wconf 77' lang='grc' dir='ltr'><strong>οὕτω</strong></span> <span class='ocrx_word' id='word_1_615' title='bbox 2247 4422 2588 4493; x_wconf 81' lang='grc' dir='ltr'><strong>συνενεχθὲν,</strong></span> <span class='ocrx_word' id='word_1_616' title='bbox 2608 4424 2876 4496; x_wconf 75' lang='grc' dir='ltr'><strong>ἐμφύλιος</strong></span> <span class='ocrx_word' id='word_1_617' title='bbox 2901 4425 3119 4480; x_wconf 77' lang='grc' dir='ltr'><strong>διέλαϐε</strong></span> <span class='ocrx_word' id='word_1_618' title='bbox 3163 4427 3430 4498; x_wconf 88' lang='grc' dir='ltr'><strong>μάχαιρα,</strong></span> <span class='ocrx_word' id='word_1_619' title='bbox 3467 4427 3565 4480; x_wconf 72' lang='grc' dir='ltr'><strong>καὶ</strong></span> <span class='ocrx_word' id='word_1_620' title='bbox 3591 4427 3668 4479; x_wconf 89' lang='grc' dir='ltr'><strong>σί-</strong></span> 
     </span>
    </p>
   </div>
   <div class='ocr_carea' id='block_1_91' title="bbox 400 4510 1969 4588">
    <p class='ocr_par' dir='ltr' id='par_1_91' title="bbox 400 4513 1969 4584">
     <span class='ocr_line' id='line_1_91' title="bbox 400 4513 1969 4584; baseline 0.004 -20"><span class='ocrx_word' id='word_1_621' title='bbox 400 4513 610 4567; x_wconf 84' lang='lat' dir='ltr'><strong>vincias</strong></span> <span class='ocrx_word' id='word_1_622' title='bbox 653 4515 934 4581; x_wconf 89' lang='lat' dir='ltr'><strong>invadens,</strong></span> <span class='ocrx_word' id='word_1_623' title='bbox 984 4517 1204 4570; x_wconf 88' lang='lat' dir='ltr'><strong>castella</strong></span> <span class='ocrx_word' id='word_1_624' title='bbox 1261 4517 1370 4570; x_wconf 89' lang='lat' dir='ltr'><strong>illic</strong></span> <span class='ocrx_word' id='word_1_625' title='bbox 1406 4517 1552 4584; x_wconf 88' lang='lat' dir='ltr'><strong>cepit</strong></span> <span class='ocrx_word' id='word_1_626' title='bbox 1580 4516 1969 4572; x_wconf 89' lang='lat' dir='ltr'><strong>consentienti-</strong></span> 
     </span>
    </p>
   </div>
   <div class='ocr_carea' id='block_1_92' title="bbox 2070 4510 3664 4588">
    <p class='ocr_par' dir='ltr' id='par_1_92' title="bbox 2085 4510 3664 4588">
     <span class='ocr_line' id='line_1_92' title="bbox 2085 4510 3664 4588; baseline 0.001 -20"><span class='ocrx_word' id='word_1_627' title='bbox 2085 4515 2248 4586; x_wconf 88' lang='grc' dir='ltr'><strong>δηρος</strong></span> <span class='ocrx_word' id='word_1_628' title='bbox 2277 4510 2346 4586; x_wconf 87' lang='grc' dir='ltr'><strong>ἦν</strong></span> <span class='ocrx_word' id='word_1_629' title='bbox 2376 4516 2404 4567; x_wconf 77' lang='grc' dir='ltr'>ὁ</span> <span class='ocrx_word' id='word_1_630' title='bbox 2423 4514 2662 4580; x_wconf 76' lang='grc' dir='ltr'><strong>δικάζων</strong></span> <span class='ocrx_word' id='word_1_631' title='bbox 2684 4515 2793 4570; x_wconf 85' lang='grc' dir='ltr'><strong>τῶν</strong></span> <span class='ocrx_word' id='word_1_632' title='bbox 2814 4516 3048 4588; x_wconf 85' lang='grc' dir='ltr'><strong>γνωμῶν</strong></span> <span class='ocrx_word' id='word_1_633' title='bbox 3065 4518 3126 4570; x_wconf 75' lang='grc' dir='ltr'><strong>τὸ</strong></span> <span class='ocrx_word' id='word_1_634' title='bbox 3152 4519 3528 4588; x_wconf 75' lang='grc' dir='ltr'><strong>ἀμφήριστον,</strong></span> <span class='ocrx_word' id='word_1_635' title='bbox 3559 4518 3664 4570; x_wconf 78' lang='grc' dir='ltr'><strong>καὶ</strong></span> 
     </span>
    </p>
   </div>
   <div class='ocr_carea' id='block_1_93' title="bbox 401 4604 1969 4681">
    <p class='ocr_par' dir='ltr' id='par_1_93' title="bbox 401 4604 1969 4680">
     <span class='ocr_line' id='line_1_93' title="bbox 401 4604 1969 4680; baseline 0.001 -22"><span class='ocrx_word' id='word_1_636' title='bbox 401 4604 500 4658; x_wconf 89' lang='lat' dir='ltr'><strong>bus</strong></span> <span class='ocrx_word' id='word_1_637' title='bbox 521 4606 730 4661; x_wconf 90' lang='lat' dir='ltr'><strong>incolis.</strong></span> <span class='ocrx_word' id='word_1_638' title='bbox 751 4606 994 4662; x_wconf 86' lang='lat' dir='ltr'><strong>Armenii</strong></span> <span class='ocrx_word' id='word_1_639' title='bbox 1015 4619 1194 4662; x_wconf 87' lang='lat' dir='ltr'><strong>autem</strong></span> <span class='ocrx_word' id='word_1_640' title='bbox 1219 4607 1448 4680; x_wconf 83' lang='lat' dir='ltr'><strong>Syrique</strong></span> <span class='ocrx_word' id='word_1_641' title='bbox 1467 4607 1764 4679; x_wconf 79' lang='lat' dir='ltr'><strong>Christiani</strong></span> <span class='ocrx_word' id='word_1_642' title='bbox 1781 4618 1936 4662; x_wconf 89' lang='lat' dir='ltr'><strong>erant</strong></span> <span class='ocrx_word' id='word_1_643' title='bbox 1959 4625 1969 4675; x_wconf 83' lang='lat'><strong>;</strong></span> 
     </span>
    </p>
   </div>
   <div class='ocr_carea' id='block_1_94' title="bbox 2070 4604 3666 4681">
    <p class='ocr_par' dir='ltr' id='par_1_94' title="bbox 2085 4604 3666 4681">
     <span class='ocr_line' id='line_1_94' title="bbox 2085 4604 3666 4681; baseline 0.001 -23"><span class='ocrx_word' id='word_1_644' title='bbox 2085 4604 2184 4676; x_wconf 85' lang='grc' dir='ltr'><strong>τὴν</strong></span> <span class='ocrx_word' id='word_1_645' title='bbox 2204 4607 2288 4659; x_wconf 79' lang='grc' dir='ltr'><strong>ἐπ’</strong></span> <span class='ocrx_word' id='word_1_646' title='bbox 2311 4605 2562 4676; x_wconf 81' lang='grc' dir='ltr'><strong>ἀλλήλοις</strong></span> <span class='ocrx_word' id='word_1_647' title='bbox 2589 4606 2976 4678; x_wconf 85' lang='grc' dir='ltr'><strong>ὲχειρούργουν</strong></span> <span class='ocrx_word' id='word_1_648' title='bbox 3004 4607 3409 4679; x_wconf 82' lang='grc' dir='ltr'><strong>πανωλεθρίαν,</strong></span> <span class='ocrx_word' id='word_1_649' title='bbox 3438 4608 3666 4681; x_wconf 73' lang='grc' dir='ltr'><strong>λῃστρι-</strong></span> 
     </span>
    </p>
   </div>
   <div class='ocr_carea' id='block_1_95' title="bbox 2079 4054 3657 4129">
    <p class='ocr_par' dir='ltr' id='par_1_95' title="bbox 2079 4054 3657 4129">
     <span class='ocr_line' id='line_1_95' title="bbox 2079 4054 3657 4129; baseline 0.003 -21"><span class='ocrx_word' id='word_1_650' title='bbox 2079 4054 2392 4127; x_wconf 79' lang='grc' dir='ltr'><strong>βαρὸἀρους</strong></span> <span class='ocrx_word' id='word_1_651' title='bbox 2434 4055 2530 4108; x_wconf 70' lang='grc' dir='ltr'><strong>καὶ</strong></span> <span class='ocrx_word' id='word_1_652' title='bbox 2573 4056 2654 4120; x_wconf 87' lang='grc' dir='ltr'><strong>εἰς</strong></span> <span class='ocrx_word' id='word_1_653' title='bbox 2682 4057 2908 4128; x_wconf 77' lang='grc' dir='ltr'><strong>μνήμην</strong></span> <span class='ocrx_word' id='word_1_654' title='bbox 2948 4055 3130 4121; x_wconf 87' lang='grc' dir='ltr'><strong>ίόντας</strong></span> <span class='ocrx_word' id='word_1_655' title='bbox 3160 4057 3352 4111; x_wconf 72' lang='grc' dir='ltr'><strong>ἐδεδίει</strong></span> <span class='ocrx_word' id='word_1_656' title='bbox 3386 4059 3657 4129; x_wconf 85' lang='grc' dir='ltr'><strong>μάλιστα·</strong></span> 
     </span>
    </p>
   </div>
   <div class='ocr_carea' id='block_1_96' title="bbox 404 4695 1969 4770">
    <p class='ocr_par' dir='ltr' id='par_1_96' title="bbox 404 4699 1969 4770">
     <span class='ocr_line' id='line_1_96' title="bbox 404 4699 1969 4770; baseline 0.004 -23"><span class='ocrx_word' id='word_1_657' title='bbox 404 4711 580 4766; x_wconf 89' lang='lat' dir='ltr'><strong>neque</strong></span> <span class='ocrx_word' id='word_1_658' title='bbox 615 4699 759 4752; x_wconf 89' lang='lat' dir='ltr'><strong>enim</strong></span> <span class='ocrx_word' id='word_1_659' title='bbox 816 4700 956 4754; x_wconf 85' lang='lat' dir='ltr'><strong>hosti</strong></span> <span class='ocrx_word' id='word_1_660' title='bbox 1009 4715 1218 4770; x_wconf 86' lang='lat' dir='ltr'><strong>pagano</strong></span> <span class='ocrx_word' id='word_1_661' title='bbox 1272 4715 1507 4769; x_wconf 86' lang='lat' dir='ltr'><strong>unquam</strong></span> <span class='ocrx_word' id='word_1_662' title='bbox 1559 4699 1672 4768; x_wconf 88' lang='lat' dir='ltr'><strong>ipse</strong></span> <span class='ocrx_word' id='word_1_663' title='bbox 1699 4700 1969 4754; x_wconf 89' lang='lat' dir='ltr'><strong>occurris-</strong></span> 
     </span>
    </p>
   </div>
   <div class='ocr_carea' id='block_1_97' title="bbox 2070 4695 3669 4770">
    <p class='ocr_par' dir='ltr' id='par_1_97' title="bbox 2085 4695 3669 4769">
     <span class='ocr_line' id='line_1_97' title="bbox 2085 4695 3669 4769; baseline 0.002 -20"><span class='ocrx_word' id='word_1_664' title='bbox 2085 4695 2325 4764; x_wconf 73' lang='grc' dir='ltr'><strong>κὼτερόν</strong></span> <span class='ocrx_word' id='word_1_665' title='bbox 2353 4712 2470 4759; x_wconf 86' lang='grc' dir='ltr'><strong>πως</strong></span> <span class='ocrx_word' id='word_1_666' title='bbox 2502 4695 2756 4768; x_wconf 79' lang='grc' dir='ltr'><strong>μᾶλλονῆ</strong></span> <span class='ocrx_word' id='word_1_667' title='bbox 2790 4697 3304 4769; x_wconf 84' lang='grc' dir='ltr'><strong>στρατηγικώτερον</strong></span> <span class='ocrx_word' id='word_1_668' title='bbox 3363 4698 3439 4761; x_wconf 80' lang='grc' dir='ltr'><strong>ὡς</strong></span> <span class='ocrx_word' id='word_1_669' title='bbox 3483 4699 3669 4769; x_wconf 84' lang='grc' dir='ltr'><strong>λήσων</strong></span> 
     </span>
    </p>
   </div>
   <div class='ocr_carea' id='block_1_98' title="bbox 400 4786 1969 4860">
    <p class='ocr_par' dir='ltr' id='par_1_98' title="bbox 400 4787 1969 4860">
     <span class='ocr_line' id='line_1_98' title="bbox 400 4787 1969 4860; baseline 0.001 -20"><span class='ocrx_word' id='word_1_670' title='bbox 400 4796 526 4850; x_wconf 86' lang='lat' dir='ltr'><strong>set;</strong></span> <span class='ocrx_word' id='word_1_671' title='bbox 567 4803 703 4854; x_wconf 90' lang='lat' dir='ltr'><strong>quos</strong></span> <span class='ocrx_word' id='word_1_672' title='bbox 729 4787 895 4842; x_wconf 86' lang='lat' dir='ltr'><strong>etiam</strong></span> <span class='ocrx_word' id='word_1_673' title='bbox 919 4789 1055 4860; x_wconf 72' lang='grc'><strong>(84),</strong></span> <span class='ocrx_word' id='word_1_674' title='bbox 1084 4799 1274 4843; x_wconf 85' lang='lat' dir='ltr'><strong>contra</strong></span> <span class='ocrx_word' id='word_1_675' title='bbox 1309 4790 1488 4842; x_wconf 87' lang='lat' dir='ltr'><strong>datam</strong></span> <span class='ocrx_word' id='word_1_676' title='bbox 1521 4787 1877 4857; x_wconf 85' lang='lat' dir='ltr'><strong>jurejurando</strong></span> <span class='ocrx_word' id='word_1_677' title='bbox 1913 4787 1969 4842; x_wconf 86' lang='lat' dir='ltr'><strong>fl-</strong></span> 
     </span>
    </p>
   </div>
   <div class='ocr_carea' id='block_1_99' title="bbox 2070 4786 3668 4860">
    <p class='ocr_par' dir='ltr' id='par_1_99' title="bbox 2088 4786 3668 4860">
     <span class='ocr_line' id='line_1_99' title="bbox 2088 4786 3668 4860; baseline -0.001 -20"><span class='ocrx_word' id='word_1_678' title='bbox 2088 4787 2260 4840; x_wconf 84' lang='grc' dir='ltr'><strong>ὲπιὼν</strong></span> <span class='ocrx_word' id='word_1_679' title='bbox 2321 4787 2436 4850; x_wconf 84' lang='grc' dir='ltr'><strong>τοῖς</strong></span> <span class='ocrx_word' id='word_1_680' title='bbox 2459 4787 2559 4856; x_wconf 82' lang='grc' dir='ltr'><strong>τῆς</strong></span> <span class='ocrx_word' id='word_1_681' title='bbox 2601 4786 2894 4860; x_wconf 79' lang='grc' dir='ltr'><strong>Ἀρμενίας</strong></span> <span class='ocrx_word' id='word_1_682' title='bbox 2958 4789 3212 4860; x_wconf 85' lang='grc' dir='ltr'><strong>χωρίοις,</strong></span> <span class='ocrx_word' id='word_1_683' title='bbox 3264 4791 3376 4843; x_wconf 81' lang='grc' dir='ltr'><strong>τῶν</strong></span> <span class='ocrx_word' id='word_1_684' title='bbox 3447 4789 3668 4856; x_wconf 65' lang='grc' dir='ltr'><strong>ὲκείνης</strong></span> 
     </span>
    </p>
   </div>
   <div class='ocr_carea' id='block_1_100' title="bbox 398 4876 1969 4954">
    <p class='ocr_par' dir='ltr' id='par_1_100' title="bbox 398 4876 1969 4951">
     <span class='ocr_line' id='line_1_100' title="bbox 398 4876 1969 4951; baseline 0.003 -20"><span class='ocrx_word' id='word_1_685' title='bbox 398 4876 548 4944; x_wconf 88' lang='lat' dir='ltr'><strong>dem,</strong></span> <span class='ocrx_word' id='word_1_686' title='bbox 573 4877 790 4934; x_wconf 80' lang='lat' dir='ltr'><strong>exsules</strong></span> <span class='ocrx_word' id='word_1_687' title='bbox 845 4882 1124 4937; x_wconf 88' lang='lat' dir='ltr'><strong>transtulit</strong></span> <span class='ocrx_word' id='word_1_688' title='bbox 1171 4881 1238 4936; x_wconf 92' lang='lat' dir='ltr'><strong>ad</strong></span> <span class='ocrx_word' id='word_1_689' title='bbox 1273 4879 1524 4936; x_wconf 56' lang='lat' dir='ltr'><strong>Thracias</strong></span> <span class='ocrx_word' id='word_1_690' title='bbox 1581 4881 1757 4936; x_wconf 80' lang='lat' dir='ltr'><strong>ﬂues:</strong></span> <span class='ocrx_word' id='word_1_691' title='bbox 1820 4880 1969 4951; x_wconf 78' lang='lat' dir='ltr'><strong>cujus</strong></span> 
     </span>
    </p>
   </div>
   <div class='ocr_carea' id='block_1_101' title="bbox 2070 4876 3663 4954">
    <p class='ocr_par' dir='ltr' id='par_1_101' title="bbox 2085 4880 3663 4954">
     <span class='ocr_line' id='line_1_101' title="bbox 2085 4880 3663 4954; baseline 0.001 -22"><span class='ocrx_word' id='word_1_692' title='bbox 2085 4880 2364 4954; x_wconf 82' lang='grc' dir='ltr'><strong>φρουρίων</strong></span> <span class='ocrx_word' id='word_1_693' title='bbox 2423 4880 2572 4951; x_wconf 80' lang='grc' dir='ltr'><strong>αἱρεῖ</strong></span> <span class='ocrx_word' id='word_1_694' title='bbox 2639 4880 2906 4952; x_wconf 77' lang='grc' dir='ltr'><strong>ὁμολογίᾳ</strong></span> <span class='ocrx_word' id='word_1_695' title='bbox 2986 4880 3094 4935; x_wconf 82' lang='grc' dir='ltr'><strong>τῶν</strong></span> <span class='ocrx_word' id='word_1_696' title='bbox 3180 4883 3663 4952; x_wconf 79' lang='grc' dir='ltr'><strong>προσοικούντων·</strong></span> 
     </span>
    </p>
   </div>
   <div class='ocr_carea' id='block_1_102' title="bbox 479 5033 3668 5163">
    <p class='ocr_par' dir='ltr' id='par_1_102' title="bbox 479 5033 3668 5163">
     <span class='ocr_line' id='line_1_102' title="bbox 479 5033 3668 5163; baseline 0.002 -73"><span class='ocrx_word' id='word_1_697' title='bbox 479 5034 594 5160; x_wconf 56' lang='grc' dir='ltr'><strong>(ἕιέ</strong></span> <span class='ocrx_word' id='word_1_698' title='bbox 623 5033 884 5118; x_wconf 59' lang='lat' dir='ltr'><strong>Bulgaros</strong></span> <span class='ocrx_word' id='word_1_699' title='bbox 909 5046 963 5092; x_wconf 92' lang='lat' dir='ltr'><strong>et</strong></span> <span class='ocrx_word' id='word_1_700' title='bbox 996 5036 1238 5105; x_wconf 89' lang='lat' dir='ltr'><strong>llunnos,</strong></span> <span class='ocrx_word' id='word_1_701' title='bbox 1273 5049 1332 5094; x_wconf 89' lang='lat' dir='ltr'><strong>ut</strong></span> <span class='ocrx_word' id='word_1_702' title='bbox 1366 5039 1606 5096; x_wconf 90' lang='lat' dir='ltr'><strong>aitidem</strong></span> <span class='ocrx_word' id='word_1_703' title='bbox 1651 5037 1985 5110; x_wconf 72' lang='lat' dir='ltr'><strong>Nicephorus</strong></span> <span class='ocrx_word' id='word_1_704' title='bbox 2095 5048 2176 5093; x_wconf 89' lang='lat' dir='ltr'><strong>ter</strong></span> <span class='ocrx_word' id='word_1_705' title='bbox 2215 5038 2384 5163; x_wconf 43' lang='lat' dir='ltr'><strong>algent</strong></span> <span class='ocrx_word' id='word_1_706' title='bbox 2442 5038 2806 5094; x_wconf 88' lang='lat' dir='ltr'><strong>calamitatem</strong></span> <span class='ocrx_word' id='word_1_707' title='bbox 2863 5039 3002 5109; x_wconf 87' lang='lat' dir='ltr'><strong>apud</strong></span> <span class='ocrx_word' id='word_1_708' title='bbox 3049 5040 3296 5095; x_wconf 86' lang='lat' dir='ltr'><strong>eamdem</strong></span> <span class='ocrx_word' id='word_1_709' title='bbox 3344 5040 3668 5096; x_wconf 79' lang='lat' dir='ltr'><strong>Anchialum</strong></span> 
     </span>
     <span class='ocr_line' id='line_1_103' title="bbox 537 5121 2340 5163; baseline 0.003 -5"><span class='ocrx_word' id='word_1_710' title='bbox 537 5121 564 5158; x_wconf 94' lang='lat' dir='ltr'><strong>r</strong></span> <span class='ocrx_word' id='word_1_711' title='bbox 600 5121 790 5160; x_wconf 74' lang='lat' dir='ltr'><strong>Vtal‘lo.</strong></span> <span class='ocrx_word' id='word_1_712' title='bbox 1689 5124 1710 5134; x_wconf 57' lang='grc' dir='ltr'><strong><em>ί</em></strong></span> <span class='ocrx_word' id='word_1_713' title='bbox 2090 5124 2180 5163; x_wconf 85' lang='lat' dir='ltr'><strong>an.</strong></span> <span class='ocrx_word' id='word_1_714' title='bbox 2325 5150 2340 5163; x_wconf 93' lang='lat'><strong>.</strong></span> 
     </span>
    </p>
   </div>
   <div class='ocr_carea' id='block_1_103' title="bbox 403 5106 2340 5164">
    <p class='ocr_par' dir='ltr' id='par_1_103' title="bbox 403 5106 2340 5164">
     <span class='ocr_line' id='line_1_104' title="bbox 403 5106 2340 5164; baseline 0.001 -3"><span class='ocrx_word' id='word_1_715' title='bbox 403 5106 461 5161; x_wconf 87' lang='lat' dir='ltr'><strong>in</strong></span> <span class='ocrx_word' id='word_1_716' title='bbox 491 5106 790 5160; x_wconf 72' lang='lat' dir='ltr'><strong>BrEviario.</strong></span> <span class='ocrx_word' id='word_1_717' title='bbox 1689 5124 1710 5134; x_wconf 55' lang='grc' dir='ltr'><strong><em>ί</em></strong></span> <span class='ocrx_word' id='word_1_718' title='bbox 1785 5106 1798 5110; x_wconf 67' lang='grc'>⁷</span> <span class='ocrx_word' id='word_1_719' title='bbox 2090 5124 2180 5164; x_wconf 85' lang='lat' dir='ltr'><strong>an.</strong></span> <span class='ocrx_word' id='word_1_720' title='bbox 2215 5109 2340 5163; x_wconf 86' lang='lat'><strong>766.</strong></span> 
     </span>
    </p>
   </div>
   <div class='ocr_carea' id='block_1_104' title="bbox 2162 5177 3666 5250">
    <p class='ocr_par' dir='ltr' id='par_1_104' title="bbox 2162 5177 3666 5250">
     <span class='ocr_line' id='line_1_105' title="bbox 2162 5177 3666 5250; baseline 0.001 -18"><span class='ocrx_word' id='word_1_721' title='bbox 2162 5179 2274 5250; x_wconf 76' lang='lat'><strong>(83)</strong></span> <span class='ocrx_word' id='word_1_722' title='bbox 2301 5178 2492 5250; x_wconf 85' lang='lat' dir='ltr'><strong>Sabini</strong></span> <span class='ocrx_word' id='word_1_723' title='bbox 2521 5177 2875 5250; x_wconf 82' lang='lat' dir='ltr'><strong>Bulgarorum</strong></span> <span class='ocrx_word' id='word_1_724' title='bbox 2901 5179 3055 5234; x_wconf 74' lang='lat' dir='ltr'><strong>duris</strong></span> <span class='ocrx_word' id='word_1_725' title='bbox 3079 5179 3439 5234; x_wconf 81' lang='lat' dir='ltr'><strong>defectionem</strong></span> <span class='ocrx_word' id='word_1_726' title='bbox 3466 5195 3494 5232; x_wconf 84' lang='lat' dir='ltr'><strong>a</strong></span> <span class='ocrx_word' id='word_1_727' title='bbox 3525 5181 3666 5245; x_wconf 85' lang='lat' dir='ltr'><strong>suis,</strong></span> 
     </span>
    </p>
   </div>
   <div class='ocr_carea' id='block_1_105' title="bbox 2091 5249 3671 5318">
    <p class='ocr_par' dir='ltr' id='par_1_105' title="bbox 2091 5249 3671 5318">
     <span class='ocr_line' id='line_1_106' title="bbox 2091 5249 3671 5318; baseline 0.001 -16"><span class='ocrx_word' id='word_1_728' title='bbox 2091 5256 2146 5302; x_wconf 82' lang='lat' dir='ltr'><strong>et</strong></span> <span class='ocrx_word' id='word_1_729' title='bbox 2174 5249 2250 5302; x_wconf 83' lang='lat' dir='ltr'><strong>ad</strong></span> <span class='ocrx_word' id='word_1_730' title='bbox 2281 5249 2684 5318; x_wconf 82' lang='lat' dir='ltr'><strong>Coprouymum</strong></span> <span class='ocrx_word' id='word_1_731' title='bbox 2721 5249 3022 5318; x_wconf 76' lang='lat' dir='ltr'><strong>perfugium</strong></span> <span class='ocrx_word' id='word_1_732' title='bbox 3051 5289 3066 5312; x_wconf 93' lang='lat'><strong>,</strong></span> <span class='ocrx_word' id='word_1_733' title='bbox 3099 5262 3282 5304; x_wconf 86' lang='lat' dir='ltr'><strong>narrat</strong></span> <span class='ocrx_word' id='word_1_734' title='bbox 3329 5250 3472 5302; x_wconf 88' lang='lat' dir='ltr'><strong>inter</strong></span> <span class='ocrx_word' id='word_1_735' title='bbox 3503 5263 3671 5304; x_wconf 72' lang='lat' dir='ltr'><strong>raue-</strong></span> 
     </span>
    </p>
   </div>
   <div class='ocr_carea' id='block_1_106' title="bbox 411 5316 3595 5389">
    <p class='ocr_par' dir='ltr' id='par_1_106' title="bbox 411 5316 3595 5389">
     <span class='ocr_line' id='line_1_107' title="bbox 411 5316 3595 5389; baseline 0.001 -19"><span class='ocrx_word' id='word_1_736' title='bbox 411 5316 708 5389; x_wconf 79' lang='lat' dir='ltr'><strong>tnartolum</strong></span> <span class='ocrx_word' id='word_1_737' title='bbox 761 5328 826 5389; x_wconf 7' lang='lat' dir='ltr'><strong>et,</strong></span> <span class='ocrx_word' id='word_1_738' title='bbox 868 5316 1136 5389; x_wconf 80' lang='lat' dir='ltr'><strong>Siculum.</strong></span> <span class='ocrx_word' id='word_1_739' title='bbox 1196 5316 1451 5374; x_wconf 76' lang='lat' dir='ltr'><strong>Petavius</strong></span> <span class='ocrx_word' id='word_1_740' title='bbox 1510 5316 1756 5384; x_wconf 46' lang='lat' dir='ltr'><strong>scripsit&#39;</strong></span> <span class='ocrx_word' id='word_1_741' title='bbox 1792 5317 1982 5374; x_wconf 84' lang='lat' dir='ltr'><strong>Latine</strong></span> <span class='ocrx_word' id='word_1_742' title='bbox 2092 5333 2214 5389; x_wconf 58' lang='lat' dir='ltr'><strong>ros,</strong></span> <span class='ocrx_word' id='word_1_743' title='bbox 2248 5329 2436 5389; x_wconf 70' lang='lat' dir='ltr'><strong>noster</strong></span> <span class='ocrx_word' id='word_1_744' title='bbox 2458 5316 2792 5389; x_wconf 74' lang='lat' dir='ltr'><strong>Nicephorns</strong></span> <span class='ocrx_word' id='word_1_745' title='bbox 2826 5316 3213 5381; x_wconf 27' lang='lat' dir='ltr'><strong>ianreviario,</strong></span> <span class='ocrx_word' id='word_1_746' title='bbox 3247 5321 3312 5374; x_wconf 89' lang='lat' dir='ltr'><strong>ad</strong></span> <span class='ocrx_word' id='word_1_747' title='bbox 3340 5332 3430 5374; x_wconf 85' lang='lat' dir='ltr'><strong>an.</strong></span> <span class='ocrx_word' id='word_1_748' title='bbox 3465 5319 3595 5376; x_wconf 76' lang='lat'><strong>763.</strong></span> 
     </span>
    </p>
   </div>
   <div class='ocr_carea' id='block_1_107' title="bbox 411 5387 3312 5456">
    <p class='ocr_par' dir='ltr' id='par_1_107' title="bbox 411 5387 3312 5456">
     <span class='ocr_line' id='line_1_108' title="bbox 411 5387 3312 5456; baseline 0.001 -16"><span class='ocrx_word' id='word_1_749' title='bbox 411 5387 718 5451; x_wconf 72' lang='lat' dir='ltr'><strong>Acheloum,</strong></span> <span class='ocrx_word' id='word_1_750' title='bbox 745 5388 1066 5442; x_wconf 84' lang='lat' dir='ltr'><strong>existimans</strong></span> <span class='ocrx_word' id='word_1_751' title='bbox 1089 5387 1160 5442; x_wconf 87' lang='lat' dir='ltr'><strong>ita</strong></span> <span class='ocrx_word' id='word_1_752' title='bbox 1187 5390 1514 5452; x_wconf 81' lang='lat' dir='ltr'><strong>entendare;</strong></span> <span class='ocrx_word' id='word_1_753' title='bbox 1540 5389 1634 5443; x_wconf 89' lang='lat' dir='ltr'><strong>sed</strong></span> <span class='ocrx_word' id='word_1_754' title='bbox 1665 5403 1788 5442; x_wconf 87' lang='lat' dir='ltr'><strong>vera</strong></span> <span class='ocrx_word' id='word_1_755' title='bbox 1823 5390 1982 5444; x_wconf 90' lang='lat' dir='ltr'><strong>lectio</strong></span> <span class='ocrx_word' id='word_1_756' title='bbox 2161 5387 2272 5456; x_wconf 76' lang='grc'><strong>(84)</strong></span> <span class='ocrx_word' id='word_1_757' title='bbox 2310 5387 2508 5443; x_wconf 83' lang='lat' dir='ltr'><strong>Noster</strong></span> <span class='ocrx_word' id='word_1_758' title='bbox 2541 5387 2600 5442; x_wconf 86' lang='lat' dir='ltr'><strong>in</strong></span> <span class='ocrx_word' id='word_1_759' title='bbox 2631 5389 2932 5450; x_wconf 85' lang='lat' dir='ltr'><strong>Breviario,</strong></span> <span class='ocrx_word' id='word_1_760' title='bbox 2964 5389 3029 5442; x_wconf 86' lang='lat' dir='ltr'><strong>ad</strong></span> <span class='ocrx_word' id='word_1_761' title='bbox 3065 5405 3155 5446; x_wconf 86' lang='lat' dir='ltr'><strong>an.</strong></span> <span class='ocrx_word' id='word_1_762' title='bbox 3187 5391 3312 5445; x_wconf 81' lang='lat'><strong>755.</strong></span> 
     </span>
    </p>
   </div>
   <div class='ocr_carea' id='block_1_108' title="bbox 412 5456 3668 5530">
    <p class='ocr_par' dir='ltr' id='par_1_108' title="bbox 412 5456 3668 5530">
     <span class='ocr_line' id='line_1_109' title="bbox 412 5456 3668 5530; baseline 0.002 -20"><span class='ocrx_word' id='word_1_763' title='bbox 412 5466 497 5530; x_wconf 58' lang='lat' dir='ltr'><strong>est</strong></span> <span class='ocrx_word' id='word_1_764' title='bbox 543 5458 750 5530; x_wconf 78' lang='lat' dir='ltr'><strong>codicis</strong></span> <span class='ocrx_word' id='word_1_765' title='bbox 792 5457 1249 5530; x_wconf 66' lang='lat' dir='ltr'><strong>nostriVaticani</strong></span> <span class='ocrx_word' id='word_1_766' title='bbox 1313 5458 1980 5530; x_wconf 68' lang='grc' dir='ltr'><strong>Ἀγχίαλον,ΑιιεΙιὲιιΙιιιιι⁸</strong></span> <span class='ocrx_word' id='word_1_767' title='bbox 2119 5526 2131 5530; x_wconf 30' lang='grc' dir='ltr'><strong>Α</strong></span> <span class='ocrx_word' id='word_1_768' title='bbox 2160 5456 2232 5528; x_wconf 81' lang='lat' dir='ltr'><strong>(k)</strong></span> <span class='ocrx_word' id='word_1_769' title='bbox 2269 5457 2346 5511; x_wconf 87' lang='lat' dir='ltr'><strong>De</strong></span> <span class='ocrx_word' id='word_1_770' title='bbox 2378 5457 2705 5530; x_wconf 64' lang='lat' dir='ltr'><strong>Quprouymi</strong></span> <span class='ocrx_word' id='word_1_771' title='bbox 2740 5459 2901 5512; x_wconf 91' lang='lat' dir='ltr'><strong>modo</strong></span> <span class='ocrx_word' id='word_1_772' title='bbox 2937 5460 3204 5526; x_wconf 88' lang='lat' dir='ltr'><strong>victoriis,</strong></span> <span class='ocrx_word' id='word_1_773' title='bbox 3240 5462 3400 5518; x_wconf 90' lang='lat' dir='ltr'><strong>modo</strong></span> <span class='ocrx_word' id='word_1_774' title='bbox 3427 5460 3668 5516; x_wconf 75' lang='lat' dir='ltr'><strong>vicissim</strong></span> 
     </span>
    </p>
   </div>
   <div class='ocr_carea' id='block_1_109' title="bbox 417 5525 2925 5596">
    <p class='ocr_par' dir='ltr' id='par_1_109' title="bbox 417 5525 2925 5596">
     <span class='ocr_line' id='line_1_110' title="bbox 417 5525 2925 5596; baseline 0.001 -16"><span class='ocrx_word' id='word_1_775' title='bbox 417 5525 484 5580; x_wconf 81' lang='lat' dir='ltr'><strong>Et</strong></span> <span class='ocrx_word' id='word_1_776' title='bbox 511 5528 724 5594; x_wconf 86' lang='lat' dir='ltr'><strong>quidem</strong></span> <span class='ocrx_word' id='word_1_777' title='bbox 757 5528 998 5583; x_wconf 86' lang='lat' dir='ltr'><strong>vocabuli</strong></span> <span class='ocrx_word' id='word_1_778' title='bbox 1039 5542 1241 5582; x_wconf 84' lang='lat' dir='ltr'><strong>rectam</strong></span> <span class='ocrx_word' id='word_1_779' title='bbox 1277 5525 1598 5596; x_wconf 66' lang='lat' dir='ltr'><strong>scripturam</strong></span> <span class='ocrx_word' id='word_1_780' title='bbox 1635 5529 1798 5581; x_wconf 88' lang='lat' dir='ltr'><strong>habet</strong></span> <span class='ocrx_word' id='word_1_781' title='bbox 1833 5527 1985 5582; x_wconf 84' lang='lat' dir='ltr'><strong>Nice-</strong></span> <span class='ocrx_word' id='word_1_782' title='bbox 2088 5525 2332 5582; x_wconf 79' lang='lat' dir='ltr'><strong>cladibus</strong></span> <span class='ocrx_word' id='word_1_783' title='bbox 2365 5525 2644 5586; x_wconf 79' lang='lat' dir='ltr'><strong>Cedremis</strong></span> <span class='ocrx_word' id='word_1_784' title='bbox 2672 5539 2802 5584; x_wconf 87' lang='lat' dir='ltr'><strong>tom.</strong></span> <span class='ocrx_word' id='word_1_785' title='bbox 2834 5530 2925 5582; x_wconf 85' lang='lat' dir='ltr'><strong>cit.</strong></span> 
     </span>
    </p>
   </div>
   <div class='ocr_carea' id='block_1_110' title="bbox 416 5595 3666 5668">
    <p class='ocr_par' dir='ltr' id='par_1_110' title="bbox 416 5595 3666 5668">
     <span class='ocr_line' id='line_1_111' title="bbox 416 5595 3666 5668; baseline 0.003 -22"><span class='ocrx_word' id='word_1_786' title='bbox 416 5597 622 5662; x_wconf 89' lang='lat' dir='ltr'><strong>phorns</strong></span> <span class='ocrx_word' id='word_1_787' title='bbox 649 5600 700 5666; x_wconf 80' lang='lat' dir='ltr'><strong>in</strong></span> <span class='ocrx_word' id='word_1_788' title='bbox 741 5599 1025 5653; x_wconf 87' lang='lat' dir='ltr'><strong>Breviario</strong></span> <span class='ocrx_word' id='word_1_789' title='bbox 1067 5601 1132 5653; x_wconf 89' lang='lat' dir='ltr'><strong>ad</strong></span> <span class='ocrx_word' id='word_1_790' title='bbox 1161 5615 1250 5652; x_wconf 86' lang='lat' dir='ltr'><strong>an.</strong></span> <span class='ocrx_word' id='word_1_791' title='bbox 1289 5595 1413 5660; x_wconf 67' lang='lat' dir='ltr'><strong>7C5,</strong></span> <span class='ocrx_word' id='word_1_792' title='bbox 1445 5601 1532 5651; x_wconf 87' lang='lat' dir='ltr'><strong>ubi</strong></span> <span class='ocrx_word' id='word_1_793' title='bbox 1571 5599 1839 5652; x_wconf 86' lang='lat' dir='ltr'><strong>infelicem</strong></span> <span class='ocrx_word' id='word_1_794' title='bbox 1879 5597 1984 5652; x_wconf 86' lang='lat' dir='ltr'><strong>Co-</strong></span> <span class='ocrx_word' id='word_1_795' title='bbox 2140 5598 2225 5668; x_wconf 62' lang='lat' dir='ltr'><strong>tl)</strong></span> <span class='ocrx_word' id='word_1_796' title='bbox 2257 5598 2329 5651; x_wconf 89' lang='lat' dir='ltr'><strong>De</strong></span> <span class='ocrx_word' id='word_1_797' title='bbox 2365 5598 2466 5651; x_wconf 91' lang='lat' dir='ltr'><strong>hoc</strong></span> <span class='ocrx_word' id='word_1_798' title='bbox 2497 5598 2702 5652; x_wconf 87' lang='lat' dir='ltr'><strong>Sabino</strong></span> <span class='ocrx_word' id='word_1_799' title='bbox 2749 5599 2958 5666; x_wconf 85' lang='lat' dir='ltr'><strong>legatur</strong></span> <span class='ocrx_word' id='word_1_800' title='bbox 2989 5595 3350 5668; x_wconf 69' lang='lat' dir='ltr'><strong>Theophanes</strong></span> <span class='ocrx_word' id='word_1_801' title='bbox 3382 5601 3435 5657; x_wconf 88' lang='lat' dir='ltr'><strong>in</strong></span> <span class='ocrx_word' id='word_1_802' title='bbox 3467 5599 3666 5656; x_wconf 73' lang='lat' dir='ltr'><strong>Chron.</strong></span> 
     </span>
    </p>
   </div>
   <div class='ocr_carea' id='block_1_111' title="bbox 416 5666 3283 5740">
    <p class='ocr_par' dir='ltr' id='par_1_111' title="bbox 416 5666 3283 5740">
     <span class='ocr_line' id='line_1_112' title="bbox 416 5666 3283 5740; baseline 0.003 -24"><span class='ocrx_word' id='word_1_803' title='bbox 416 5668 662 5736; x_wconf 78' lang='lat' dir='ltr'><strong>pronymi</strong></span> <span class='ocrx_word' id='word_1_804' title='bbox 715 5670 781 5722; x_wconf 82' lang='lat' dir='ltr'><strong>ad</strong></span> <span class='ocrx_word' id='word_1_805' title='bbox 835 5670 1154 5724; x_wconf 84' lang='lat' dir='ltr'><strong>Anchialum</strong></span> <span class='ocrx_word' id='word_1_806' title='bbox 1204 5684 1434 5740; x_wconf 79' lang='lat' dir='ltr'><strong>pitgnam</strong></span> <span class='ocrx_word' id='word_1_807' title='bbox 1500 5669 1790 5736; x_wconf 73' lang='lat' dir='ltr'><strong>deseribit;</strong></span> <span class='ocrx_word' id='word_1_808' title='bbox 1849 5683 1984 5738; x_wconf 70' lang='grc' dir='ltr'><strong>ρεαδ·</strong></span> <span class='ocrx_word' id='word_1_809' title='bbox 2089 5666 2154 5722; x_wconf 85' lang='lat' dir='ltr'><strong>ad</strong></span> <span class='ocrx_word' id='word_1_810' title='bbox 2190 5667 2522 5740; x_wconf 82' lang='lat' dir='ltr'><strong>Copronymi</strong></span> <span class='ocrx_word' id='word_1_811' title='bbox 2578 5685 2778 5722; x_wconf 86' lang='lat' dir='ltr'><strong>annum</strong></span> <span class='ocrx_word' id='word_1_812' title='bbox 2827 5668 2918 5735; x_wconf 57' lang='grc'><strong>24,</strong></span> <span class='ocrx_word' id='word_1_813' title='bbox 2945 5666 3157 5724; x_wconf 73' lang='lat' dir='ltr'><strong>Christi</strong></span> <span class='ocrx_word' id='word_1_814' title='bbox 3179 5671 3283 5726; x_wconf 79' lang='lat'><strong>756</strong></span> 
     </span>
    </p>
   </div>
   <div class='ocr_carea' id='block_1_112' title="bbox 480 5174 1985 5250">
    <p class='ocr_par' dir='ltr' id='par_1_112' title="bbox 480 5174 1985 5250">
     <span class='ocr_line' id='line_1_113' title="bbox 480 5174 1985 5250; baseline 0.002 -20"><span class='ocrx_word' id='word_1_815' title='bbox 480 5177 592 5247; x_wconf 68' lang='lat'><strong>(82)</strong></span> <span class='ocrx_word' id='word_1_816' title='bbox 619 5176 795 5250; x_wconf 58' lang='lat' dir='ltr'><strong>Apud</strong></span> <span class='ocrx_word' id='word_1_817' title='bbox 821 5174 1100 5231; x_wconf 84' lang='lat' dir='ltr'><strong>Petavinm</strong></span> <span class='ocrx_word' id='word_1_818' title='bbox 1131 5179 1368 5250; x_wconf 83' lang='lat' dir='ltr'><strong>indicto</strong></span> <span class='ocrx_word' id='word_1_819' title='bbox 1401 5179 1700 5250; x_wconf 82' lang='lat' dir='ltr'><strong>Nicephoro</strong></span> <span class='ocrx_word' id='word_1_820' title='bbox 1725 5189 1985 5250; x_wconf 77' lang='lat' dir='ltr'><strong>excerpto</strong></span> 
     </span>
    </p>
   </div>
   <div class='ocr_carea' id='block_1_113' title="bbox 405 5245 1986 5319">
    <p class='ocr_par' dir='ltr' id='par_1_113' title="bbox 405 5245 1986 5319">
     <span class='ocr_line' id='line_1_114' title="bbox 405 5245 1986 5319; baseline 0.002 -19"><span class='ocrx_word' id='word_1_821' title='bbox 405 5245 602 5319; x_wconf 67' lang='lat' dir='ltr'><strong>Griece</strong></span> <span class='ocrx_word' id='word_1_822' title='bbox 616 5245 1175 5319; x_wconf 69' lang='grc' dir='ltr'><strong>Ἀχελὼν,ιιιοιιάοεθ,</strong></span> <span class='ocrx_word' id='word_1_823' title='bbox 1197 5249 1443 5319; x_wconf 70' lang='lat' dir='ltr'><strong>itemque</strong></span> <span class='ocrx_word' id='word_1_824' title='bbox 1467 5245 1688 5304; x_wconf 76' lang='lat' dir='ltr'><strong>omnino</strong></span> <span class='ocrx_word' id='word_1_825' title='bbox 1708 5250 1846 5319; x_wconf 79' lang='lat' dir='ltr'><strong>apud</strong></span> <span class='ocrx_word' id='word_1_826' title='bbox 1877 5249 1986 5303; x_wconf 84' lang='lat' dir='ltr'><strong>lla-</strong></span> 
     </span>
    </p>
   </div>
  </div>
