4032 6208
466 278 569 343 511

1494 284 1555 343 Β.
1594 284 2013 346 NICEPHORI
2049 280 2557 345 PATRIARCHAE
2592 280 2700 343 ΕΡ.

3628 263 3736 329 ίιὲ

468 404 669 448 donum
727 392 974 463 polentia
1029 393 1209 451 minor
1246 411 1411 467 quam
1478 396 1850 454 Romanorum
1903 398 2037 463 fuit;

2166 415 2252 452 mw
2300 399 2418 461 τοῖς
2461 395 2751 466 Ῥωμαίων
2796 391 3079 461 ἠλάττωτο
3101 404 3117 421 ο
3167 385 3262 443 καὶ
3290 384 3360 441 τά
3402 385 3503 456 τῆς
3554 384 3735 457 ἀρχῆς

469 484 733 553 regnique
768 493 981 552 tempus
1007 493 1113 539 tam
1137 486 1187 540 ei
1221 487 1488 555 prolixum
1522 487 1644 552 fuit,
1681 504 1844 559 quant
1878 504 2046 559 prope

468 575 788 630 universum
867 576 985 650 fuit_
1044 576 1260 633 vivendi
1340 579 1681 634 intervallum
1760 580 2042 637 Mamona.

2147 488 2297 556 αὐτῷ
2325 485 2685 558 παρετέτατο,
2717 484 2797 548 είς
2816 483 2941 536 ὅσον
2957 482 3019 536 τὸ
3041 482 3152 535 πᾶν
3171 480 3273 551 τῆς
3304 478 3563 548 Μαμωνᾶ
3589 475 3736 545 ζωῆς

2149 580 2358 650 σχεδὸν,
2390 575 2975 647 συμπαρατεινόμενον
3000 572 3129 643 ἔσχε
3164 571 3226 625 τὸ
3256 570 3538 639 διάστημα
3562 585 3577 599 ·
3615 564 3738 621 οἶδα

473 666 600 721 Scio
631 668 882 736 equidem
945 668 1147 723 Christi
1201 669 1596 737 professionem
1640 674 1733 728 tibi
1795 674 2046 730 ruborem

2166 668 2257 739 τάρ
2289 667 2365 731 ὼς
2390 667 2491 720 οὐκ
2522 667 2682 741 ἀνοσε
2720 665 2811 719 τὸν
2835 664 3101 735 ὑϐριστὴν
3131 665 3165 733 ὴ
3193 660 3290 715 τοῦ
3332 659 3572 731 Χριστοῦ
3604 658 3743 712 ἀπο-

472 773 581 812 non
637 771 759 812 esse
837 757 1134 823 illaturam,
1193 761 1487 831 quominus
1559 773 1772 832 gratum
1844 765 2048 821 habeas

473 844 705 901 Herodis
778 861 998 917 quoque
1068 846 1473 905 infauticidiuin
1553 851 1799 919 laudari;
1886 855 2050 923 idque

476 950 639 990 unum
698 935 922 1003 dolere,
1004 939 1147 1007 quod
1221 942 1481 1011 quasitus
1546 943 1674 1009 ille,
1744 946 2047 1006 occisorum

473 1042 703 1082 numero
773 1043 878 1083 non
913 1030 984 1085 sit
1023 1032 1469 1102 comprehensus,
1503 1037 1599 1090 sed
1636 1034 1762 1106 fuga
1802 1036 1856 1090 in
1881 1035 2051 1107 Egy-

474 1125 624 1183 ptum
676 1119 933 1173 evaserit.
983 1119 1122 1174 Ecce
1160 1122 1309 1176 enim
1351 1132 1559 1192 septem
1619 1139 1784 1193 supra
1827 1126 2049 1196 triginta

476 1208 636 1264 annis
667 1225 892 1280 regnum
914 1211 1170 1279 Herodis,
1205 1224 1263 1269 ut
1287 1216 1463 1279 aiunt,
1491 1216 1826 1284 perduravit.
1856 1218 2053 1274 Mirare

479 1299 610 1353 mihi
640 1302 802 1353 etiam
833 1303 1223 1357 Atheniensem
1251 1302 1597 1361 Timotheum
1636 1306 1750 1378 (86)
1784 1309 1875 1377 qui
1916 1309 2050 1363 hea-

480 1398 568 1444 tus
604 1390 877 1447 fortunam
949 1393 1138 1448 habuit
1189 1394 1242 1449 in
1288 1396 1399 1450 vita
1444 1400 1803 1468 gerendarum
1867 1416 2051 1457 rerum

479 1482 754 1537 comitem.
773 1481 887 1540 Cur
920 1484 1046 1547 item
1071 1483 1517 1541 Senacherimum
1549 1502 1655 1542 non
1671 1488 1852 1559 jactas
1882 1491 2046 1547 alios-

481 1587 586 1643 que
637 1572 985 1645 Assyriorum
1049 1577 1268 1644 reges?
1323 1585 1382 1631 ut
1424 1577 1591 1632 etiam
1635 1580 1702 1631 ad
1753 1580 2054 1637 vetustiora

482 1665 611 1722 hinc
649 1680 1069 1736 convertamur;
1092 1679 1147 1725 et
1176 1679 1297 1741 post
1344 1670 1467 1727 illos
1491 1673 1575 1728 vel
1601 1682 1730 1730 ante
1758 1675 1917 1742 illos;
1948 1674 2057 1732 Na-

482 1756 996 1813 buchodonosorum
1024 1759 1250 1831 ejusque
1282 1775 1508 1832 regnum
1531 1780 1709 1819 nonne
1743 1767 2056 1824 admirabe-

486 1847 608 1922 ris?
638 1851 991 1917 quamobrem
1022 1850 1187 1905 etiam
1216 1851 1443 1908 malleus
1476 1854 1749 1910 universae
1776 1866 1933 1912 terrae
1990 1858 2059 1913 ab

482 1938 722 1993 oraculis
745 1938 983 2008 Spiritus
1009 1941 1391 1998 denominatus
1414 1944 1519 1999 fuit
1538 1945 1604 2011 ⁸⁸,
1639 1947 1705 2001 ad
1726 1950 2058 2004 conterenda

483 2029 868 2100 perdendaque
902 2032 1084 2087 omnia
1126 2034 1325 2103 quibus
1353 2033 1651 2103 ingrueret.
1676 2034 1816 2091 Medi
1849 2052 1976 2092 vero
2006 2047 2060 2092 et

485 2119 688 2184 Persa},
760 2134 1030 2191 quatenus
1064 2139 1092 2177 a
1134 2125 1244 2179 Deo
1299 2126 1691 2184 sanctiﬁcati”
1718 2137 1772 2184 et
1816 2130 2058 2197 deducti,

482 2210 842 2280 gigantesque
876 2212 1232 2269 advenientes
1268 2230 1391 2269 cum
1426 2218 1624 2286 gaudio
1648 2217 1807 2273 simul
1838 2228 1895 2273 et
1922 2235 2055 2273 con-

486 2302 728 2365 tumelia,
753 2316 946 2371 nempe
961 2313 1019 2355 ut
1035 2304 1171 2358 iram
1186 2308 1575 2362 sanctiticantis
1593 2323 1687 2363 eos
1703 2310 2056 2379 complerent.

483 2386 551 2443 Et
579 2390 825 2446 christus
863 2391 955 2447 Dei
975 2391 1175 2464 Cyrus,
1210 2396 1301 2465 qui
1323 2395 1538 2450 illorum
1562 2400 1670 2463 dux
1700 2408 1840 2463 erat,
1874 2400 2053 2470 appel-

2147 758 2334 829 γραφὴ
2360 758 2737 828 δυσωπῠειεν
2756 772 2770 787 ’
2801 755 2876 819 ὡς
2902 754 3097 826 χάριέν
3122 770 3204 807 σοι
3236 753 3331 806 καὶ
3357 751 3459 822 τὴν
3494 748 3740 821 Ἡρώδου

2150 847 2535 902 παιδοκτονίαν
2559 844 2909 909 ἀσπάζεσθαι
2933 862 2947 878 ·
2980 845 3070 914 ἐφ’
3094 843 3178 898 ἐνὶ
3200 844 3257 897 δέ
3290 859 3349 896 σε
3381 844 3544 913 μόνον
3579 840 3742 910 χαλε-

2150 940 2364 994 παίνειν
2391 940 2486 995 καὶ
2532 938 2799 1010 ἄχθεσθαι
2826 979 2841 1004 ,
2875 939 2960 992 δτι
2996 938 3072 1009 μὴ
3110 938 3205 992 καὶ
3238 939 3266 990 ὁ
3296 934 3640 1007 ζητούμενος
3683 933 3751 986 ἐν
3862 971 3880 985 .

2149 1034 2265 1096 τοῖς
2292 1032 2666 1103 ἀνῃρημένοις
2685 1029 3183 1101 συμπεριείληπτο,
3206 1028 3386 1097 φυγάς
3408 1026 3466 1080 δὲ
3484 1024 3747 1095 ἀπῴχετο

2151 1122 2288 1195 πρὸς
2314 1124 2414 1190 τὴν
2440 1124 2739 1190 Αιγυπτον,
2766 1122 3119 1193 ἐπειδὴέπτά
3147 1120 3286 1191 πρὸς
3305 1122 3420 1183 τοῖς
3436 1119 3745 1191 τριάκοντα
3766 1188 3773 1195 ⁸

2152 1213 2298 1267 ἐτεσι
2324 1214 2471 1267 κατά
2502 1212 2602 1284 τὴν
2629 1209 2796 1266 αὐτοῦ
2830 1211 3131 1282 βασιλείαν,
3152 1209 3228 1273 ὣς
3255 1226 3444 1279 φασιν,
3490 1206 3747 1278 Ἡρώδης

2151 1304 2432 1375 διήρκεσε.
2467 1302 2731 1374 Θαύμαζέ
2755 1320 2846 1373 μοι
2873 1301 2970 1357 καὶ
2995 1303 3088 1355 τὸν
3122 1300 3415 1372 Ἀθηναῖον
3449 1298 3741 1369 Τιμόθεον,

2153 1396 2216 1460 ὃς
2248 1396 2349 1467 τὴν
2376 1395 2549 1466 τύχην
2578 1393 2836 1449 εύπαθῶν
2857 1396 2914 1448 ἐν
2938 1393 3018 1463 τῷ
3053 1393 3155 1464 βίῳ
3178 1392 3304 1463 ἔσχε
3342 1390 3741 1463 συμπράττου-

2156 1503 2283 1540 σαν⁸
2316 1487 2369 1540 τί
2420 1486 2479 1554 δέ
2517 1487 2639 1556 ούχὶ
2690 1484 2769 1558 τῷ
2800 1484 3148 1557 Σεναχηρεὶμ
3185 1482 3574 1553 ἐγκαλλωπίζῃ
3598 1520 3614 1544 .
3646 1481 3744 1535 καὶ

2156 1579 2268 1641 τοῖς
2298 1576 2478 1641 ἀλλοις
2516 1577 2565 1630 οἳ
2599 1578 2708 1630 τῶν
2755 1576 3061 1647 Ἀσσυρίων
3107 1573 3569 1645 βεϐασιλεύκασιν
3601 1590 3617 1638 ;
3649 1574 3745 1627 ἴνα

2157 1669 2297 1741 πρὸς
2340 1669 2413 1724 τά
2460 1668 2797 1739 παλαιότερα
2828 1665 3081 1721 ἐντεῦθεν
3130 1666 3571 1738 ἀναδράμωμενο
3618 1667 3744 1735 μετ’

2158 1762 2403 1825 ἐκείνους
2451 1761 2508 1815 δέ
2545 1761 2638 1815 καὶ
2669 1762 2810 1829 ύπέρ
2837 1759 3081 1822 ἐκείνους
3100 1801 3116 1825 ,
3145 1758 3236 1813 τὸν
3264 1756 3747 1827 Ναϐουχοδονόσορ

2160 1854 2253 1908 καὶ
2305 1854 2406 1922 τὴν
2457 1853 2670 1906 ἐκείνου
2724 1851 3048 1905 δυναστείαν
3099 1850 3199 1921 οὐχ
3268 1848 3743 1919 ύπερεκπλήττῃς

2157 1941 2281 1995 ὅθεν
2316 1942 2410 1995 καὶ
2452 1940 2635 2012 σφύρα
2676 1941 2859 2011 πάσης
2892 1942 2992 2011 τῆς
3046 1938 3149 2009 γῆς
3181 1938 3337 2009 παρά
3384 1937 3493 1991 τῶν
3527 1936 3741 2005 λογίων

2159 2031 2251 2085 τοῦ
2300 2031 2623 2100 Πνεύματος
2667 2031 3099 2101 ἐπωνόμασται,
3128 2030 3207 2098 τῷ
3254 2028 3597 2100 διαφθείρειν
3648 2028 3749 2082 καὶ

2160 2121 2452 2176 ἀπολλύειν
2486 2122 2732 2185 ἅπαντας
2762 2120 2888 2174 καθ’
2920 2115 2994 2175 ὧν
3026 2122 3092 2175 ἂν
3143 2120 3448 2174 ἐπετίθετο.
3485 2119 3662 2188 Μῆδοι
3685 2117 3746 2171 δὲ

2160 2211 2256 2266 καὶ
2298 2211 2547 2282 Πέρσαι,
2576 2212 2701 2265 ἐπεὶ
2739 2210 2835 2264 καὶ
2884 2211 3212 2281 ἡγιασμένοι
3264 2210 3417 2280 παρὰ
3465 2208 3603 2262 Θεοῦ
3649 2208 3749 2263 καὶ

2159 2302 2459 2372 ἀγόμενοι,
2502 2303 2598 2356 καὶ
2645 2301 2907 2370 γίγαντες
2953 2302 3242 2374 ἐρχόμενοι
3291 2298 3575 2370 χαίροντες
3624 2299 3748 2368 ἅμα

2160 2395 2253 2447 καὶ
2284 2393 2620 2465 ὑϐρίζοντες,
2654 2393 2730 2456 ὼς
2765 2393 2856 2447 τὸν
2902 2392 3076 2462 θυμὸν
3124 2392 3219 2445 τοῦ
3249 2390 3570 2459 ἀγιάζοντος
3603 2392 3749 2443 ἀπο-

483 2478 627 2536 latur
648 2481 732 2549 ⁸⁵;
769 2482 877 2550 hic,
934 2482 1184 2555 inquam,
1219 2501 1398 2542 nonne
1434 2498 1487 2543 te
1533 2488 1765 2545 celerius
1794 2491 1860 2545 ad
1898 2492 2056 2547 fidem

2166 2486 2481 2558 πλήσοντες,
2512 2486 2609 2538 καὶ
2636 2485 2818 2556 Κύρος
2848 2484 3071 2555 χριστὸς
3100 2485 3129 2537 ὁ
3151 2483 3244 2537 τοῦ
3275 2481 3433 2547 Θεοῦ,
3456 2482 3515 2542 ὃς
3538 2480 3749 2535 τούτων

483 2574 784 2642 perducet?
816 2573 969 2630 Mitto
993 2576 1172 2646 plura,
1218 2593 1287 2633 ne
1325 2579 1616 2634 verborum
1658 2582 1910 2637 cumulus
1939 2582 2055 2636 fiat.

2166 2570 2262 2647 ἦγε
2288 2576 2350 2629 τὸ
2378 2576 2609 2646 ὅρμημα
2640 2574 3102 2645 προσηγόρευται,
3134 2573 3235 2626 οὐκ
3262 2573 3327 2627 ἀν
3363 2589 3423 2625 σε
3445 2571 3639 2625 θᾶττον
3665 2573 3749 2635 είς

488 2662 597 2719 Sed
628 2665 795 2729 dices,
829 2664 1133 2722 Mamonam
1166 2666 1412 2722 Thracia:
1441 2670 1660 2725 castella
1691 2672 1865 2727 muris
1906 2688 2059 2746 com:

2166 2671 2349 2722 πίστιν
2381 2668 2751 2737 ἐπαγάγοιντο
2777 2685 2792 2735 ;
2843 2666 3091 2738 Παρίημι
3131 2665 3188 2719 δέ
3220 2665 3289 2718 τά
3328 2663 3501 2717 πολλά
3530 2662 3621 2717 διά
3653 2664 3748 2717 τὸν

485 2757 729 2812 munisse
761 2756 897 2828 (87).
930 2759 1001 2812 At
1044 2759 1301 2828 quoniam
1346 2761 1441 2815 tibi
1489 2762 1592 2816 hoc
1635 2763 1703 2817 ad
1739 2763 1898 2818 fidem
1940 2766 2060 2820 reli-

2166 2757 2316 2828 ὗχλον
2344 2758 2452 2812 τῶν
2481 2758 2764 2829 ῥημάτιον.
2801 2757 2965 2812 Ἀλλά
3004 2758 3221 2828 φήσεις,
3254 2756 3335 2810 ὅτι
3379 2756 3446 2809 τά
3477 2756 3572 2809 ἐπὶ
3599 2755 3751 2826 Θρᾴ-

484 2850 692 2917 giosam
751 2849 931 2923 magni
968 2853 1226 2905 momenti
1268 2863 1373 2917 est,
1407 2853 1586 2907 tribue
1625 2852 1853 2924 gloriam
1898 2856 2060 2924 hujus

2166 2867 2264 2918 κης
2284 2849 2587 2920 ἐπετείχισε
2614 2849 2870 2921 φρούρια,
2893 2848 2989 2902 καὶ
3012 2851 3060 2902 εί
3097 2848 3239 2919 μέγα
3268 2865 3350 2901 σοι
3365 2845 3523 2900 τοῦτο
3544 2849 3625 2911 είς
3654 2848 3750 2900 πί-

420 3003 426 3009 ,
488 2938 613 2994 fidei
641 2939 887 2996 Romulis
908 2949 1073 3011 atque
1096 2942 1299 3007 Remis,
1337 2942 1496 3015 ιω
1519 2954 1572 2998 et
1599 2943 1781 3000 Romae
1808 2949 2061 3003 maximae

2166 2955 2303 3005 στιν,
2325 2940 2470 2993 δίδου
2495 2942 2556 2995 τὸ
2576 2941 2733 3004 κλέος
2762 2940 2863 3010 τῆς
2885 2939 3125 3002 πίστεως
3160 2937 3396 3007 Ῥώμοις
3424 2936 3535 2989 τισί
3556 2953 3616 2989 τε
3648 2937 3748 2991 καὶ

486 3031 665 3101 cogita
700 3033 1097 3100 celebritatem,
1153 3043 1209 3089 et
1243 3036 1514 3091 excelsum
1558 3035 1894 3094 fundationis
1944 3040 2061 3110 ejus

489 3121 679 3176 decus.
737 3121 1022 3179 Emulare
1077 3125 1396 3195 religionem
1435 3127 1605 3193 illius,
1665 3129 1757 3199 qui
1809 3146 2060 3202 magnam

492 3214 735 3270 condidit
753 3216 1161 3285 Alexandriam,
1190 3218 1294 3273 loci
1328 3219 1657 3289 obstupesce
1684 3224 2067 3293 opportunita-

492 3314 624 3368 tem,
672 3303 889 3375 Nilique
945 3322 1075 3361 arva
1132 3308 1417 3379 irrigantis
1473 3307 1810 3366 incrementa
1862 3329 2065 3380 annua,

490 3411 724 3466 eumque
751 3406 810 3451 ut
849 3396 1189 3454 fructiferum
1251 3401 1457 3456 honore
1501 3417 1853 3474 prosequere,
1907 3413 2069 3475 atque

493 3490 566 3544 ita
600 3506 627 3543 ιι
651 3491 857 3546 veteris
883 3490 1269 3563 Egyptiorum
1300 3495 1712 3562 superstitionis
1737 3512 1928 3553 errure
1960 3512 2066 3555 non

498 3581 700 3636 aberis.
750 3581 923 3638 Ninus
959 3585 1052 3638 tibi
1082 3593 1248 3655 caput
1290 3586 1653 3656 professionis
1678 3597 1819 3656 esto,
1850 3590 1942 3660 qui
1972 3606 2072 3647 suo

378 3721 389 3729 _
496 3672 914 3729 nomineurbem
963 3674 1192 3731 Niniven
1246 3678 1527 3743 excitavit,
1590 3678 1747 3750 cujus
1805 3682 2072 3739 transitus

498 3766 659 3818 trium
678 3767 895 3824 dierum
935 3767 1135 3824 itinere
1166 3768 1383 3825 demum
1414 3770 1828 3842 perficiebatur.

570 4023 658 4078 74.
695 4023 893 4081 Transi
923 4025 1076 4092 hinc,
1124 4027 1173 4084 si
1207 4028 1304 4085 tibi
1345 4029 1548 4086 volenti
1589 4039 1696 4097 est,
1738 4032 1806 4087 ad
1851 4033 2068 4090 Israeli-

501 4115 622 4170 ticze
651 4115 828 4185 gentis
851 4132 1026 4188 reges,
1058 4132 1358 4189 eorumque
1380 4118 1696 4178 felicitatem
1727 4132 1781 4179 et
1814 4125 2073 4195 regnandi

498 4208 731 4275 spatium
807 4211 1113 4266 considera.
1186 4212 1336 4269 Unus
1402 4215 1500 4269 tibi
1569 4216 1744 4271 instar
1822 4219 2073 4273 omnium

500 4297 754 4367 sulficiet,
818 4301 986 4358 decus
1019 4305 1299 4360 enimvero
1340 4306 1534 4377 ingens
1570 4317 1625 4363 et
1652 4308 1883 4379 gloriam
1936 4311 2072 4368 reli-

2176 3033 2420 3102 Ῥήμοις,
2452 3035 2547 3086 καὶ
2578 3034 2678 3104 τῆς
2720 3032 2986 3102 μεγίστης
3028 3029 3249 3101 Ῥώμης
3284 3030 3456 3083 ἐννόει
3492 3029 3553 3083 τὸ
3581 3046 3748 3102 περι-

2170 3122 2337 3191 φανές
2366 3123 2462 3178 καὶ
2490 3123 2803 3195 ἐπῃρμένον
2832 3122 2932 3193 τῆς
2965 3124 3231 3185 κτίσεως·
3279 3120 3441 3192 ζήλου
3476 3120 3576 3192 τὴν
3607 3122 3748 3194 θρη-

2170 3214 2360 3268 σκείαν
2392 3214 2602 3268 ἐκείνου
2624 3257 2641 3283 ,
2669 3214 2728 3279 ὃς
2760 3215 2859 3284 τὴν
2911 3213 3160 3282 μεγάλην
3191 3212 3447 3284 ἐδείματο
3490 3213 3752 3280 Ἀλεξάν-

2167 3306 2379 3377 δρειαν,
2411 3308 2509 3360 καὶ
2545 3307 2607 3359 τὸ
2637 3306 2732 3361 τοῦ
2782 3305 2984 3378 χωρίου
3019 3305 3319 3375 θαυμάζων
3361 3304 3605 3371 εὔθετον,
3653 3306 3754 3360 καὶ

2167 3397 2262 3452 τοῦ
2291 3398 2681 3464 ἐπικλύζοντος
2732 3398 2929 3453 Νείλου
2972 3398 3082 3453 τῶν
3118 3398 3303 3469 ἐκείνῃ
3334 3398 3402 3451 τά
3445 3398 3571 3469 ὅρια
3600 3438 3617 3462 ,
3649 3398 3754 3462 τὰς

2170 3490 2469 3554 ἀναϐάσεις
2483 3490 2582 3554 τάς
2606 3489 2879 3561 ἐτησίους,
2904 3491 2999 3544 καὶ
3017 3488 3093 3553 ὠς
3121 3489 3467 3560 καρποδότην
3484 3487 3753 3557 δοξάζων,

2170 3582 2271 3653 τῆς
2298 3582 2539 3646 παλαιᾶς
2569 3582 2664 3635 καί⁵
2693 3580 3093 3652 δεισιδαίμονος
3134 3580 3243 3633 τῶν
3274 3578 3593 3647 Αἰγυπτίων
3645 3580 3754 3634 οὐκ

2172 3673 2473 3745 ἀποσταίης
2532 3672 2765 3743 πλάνης.
2836 3672 2893 3725 '0
2961 3672 3124 3736 Νίνός
3179 3688 3265 3725 σοι
3302 3670 3405 3741 τῆς
3462 3670 3756 3742 ὁμολογίας

2170 3763 2441 3834 ἡγείσθω,
2474 3762 2532 3827 ὃς
2563 3762 2857 3834 ἐπώνυμον
2886 3762 3067 3832 ἐαυτῷ
3094 3762 3195 3834 τὴν
3224 3762 3383 3817 πόλιν
3427 3762 3622 3834 ἤγειρε
3652 3761 3757 3832 τὴν

2172 3855 2401 3926 Νινευῆ.
2424 3850 2493 3925 ἧς
2522 3855 2557 3925 ὴ
2576 3854 2696 3919 ὁδὸς
2723 3853 2951 3927 ἡμερῶν
2978 3853 3148 3924 τριῶν
3166 3851 3245 3925 τῷ
3270 3853 3539 3925 περιιόντι
3563 3853 3760 3909 διανυ-
3844 3851 3853 3857 ’

2176 3944 2657 4104 σθὲἕῗῗίζτάϐηθι
2684 4036 2956 4102 ἐντεῦθεν,
2976 4034 3029 4090 εί
3054 4052 3137 4091 σοι
3153 4036 3324 4105 δοκεῖ,
3350 4037 3445 4090 ἐπὶ
3460 4037 3587 4101 τοὺς
3611 4035 3759 4090 κατά

2174 4127 2268 4181 τὸν
2308 4127 2651 4200 ’Ῑσραηλίτην
2682 4126 2811 4181 λαὸν
2838 4128 3185 4199 ὑπάρξαντας
3208 4129 3463 4201 βασιλέας
3482 4170 3495 4194 ,
3524 4129 3619 4182 καὶ
3654 4129 3759 4197 τὴν

2179 4218 2266 4271 ἐπ’
2296 4219 2481 4282 αὐτοῖς
2525 4219 2831 4289 εὐημερίαν
2862 4222 2955 4272 καὶ
2983 4220 3076 4274 τὸν
3106 4221 3299 4292 χρόνον
3343 4217 3716 4292 περιεργάξου
3739 4236 3756 4251 ·

2178 4303 2258 4373 εἷς
2280 4310 2336 4363 δέ
2372 4328 2455 4363 σοι
2486 4310 2611 4364 ἀντὶ
2640 4310 2860 4364 πάντων
2889 4313 3199 4383 ἀποχρήσει
3231 4353 3246 4377 ,
3281 4312 3439 4374 κλέος
3473 4313 3616 4381 μέγα
3662 4311 3761 4364 καὶ

499 4391 678 4460 gionis
709 4393 949 4450 habens!
989 4394 1083 4451 Est
1115 4396 1202 4451 hic
1253 4396 1614 4455 Jeroboamus
1663 4415 1856 4458 servus
1900 4412 1956 4458 et
1990 4421 2064 4460 re-

2179 4402 2405 4474 αὔχημα
2437 4403 2802 4473 προκείμενος
2837 4404 3099 4468 πίστεως.
3117 4403 3402 4476 Ἱεροὸοάμ
3420 4397 3577 4466 οὗτός
3608 4405 3761 4457 ἐστιν

500 4482 673 4537 bellis.
706 4482 999 4555 Postquam
1030 4486 1174 4541 enim
1228 4487 1485 4545 Salomon
1543 4492 1820 4562 propheta:
1854 4494 2064 4552 Davidis

2179 4502 2207 4553 ό
2234 4498 2422 4563 δοῦλος
2460 4498 2554 4552 καὶ
2582 4497 2928 4568 ἀποστάτης
2956 4497 3148 4567 ἐπειδὴ
3180 4498 3291 4569 γάρ
3318 4494 3572 4566 Σολομὼν
3603 4496 3634 4548 δ
3663 4494 3759 4549 τοῦ

503 4571 645 4628 filius
667 4588 734 4627 ex
768 4574 868 4630 hac
908 4576 1016 4629 vita
1054 4576 1328 4646 migravit,
1381 4577 1471 4633 ille
1511 4593 1576 4633 ex
1607 4578 1845 4651 Egypto
1887 4584 2067 4650 rediit,

502 4666 591 4719 ubi
629 4666 888 4738 profugus
913 4680 1069 4724 antea
1112 4669 1368 4725 latuerat.
1409 4671 1583 4727 Tanta
1608 4688 1739 4728 vero
1763 4671 1979 4729 fortuna
2012 4691 2077 4732 ac

502 4760 763 4816 felicitate
799 4776 927 4817 usus
963 4771 1066 4831 est,
1097 4771 1154 4816 ut
1176 4771 1392 4833 gentem
1429 4765 1480 4819 iu
1511 4766 1647 4819 duas
1677 4777 1862 4834 partes
1885 4782 2077 4826 secare

503 4852 763 4919 potuerit,
788 4861 840 4906 et
862 4854 1157 4922 plurimum
1189 4856 1424 4909 tribuum
1462 4870 1750 4911 numerum
1778 4858 2075 4929 abducere,

504 4941 893 5010 propriamque
925 4943 1185 4999 ditionem
1208 4960 1272 5000 ac
1301 4961 1524 5016 regnum
1555 4947 1661 5002 sibi
1685 4962 1995 5019 segregare,
2025 4959 2082 5006 et

509 5031 652 5102 regia
676 5035 927 5101 przetoria
969 5045 1232 5101 statuere,
1265 5046 1427 5108 atque
1450 5054 1478 5091 a
1511 5037 1606 5095 Dei
1637 5039 1781 5094 cultu
1817 5043 2077 5113 populum

506 5122 849 5190 abstrahere,
916 5126 1363 5199 damonibusque
1431 5129 1680 5185 exitiosis
1761 5134 2078 5199 admovere,

508 5230 703 5272 aureas
761 5215 979 5284 vitulos,
1035 5217 1155 5275 loco
1204 5234 1378 5277 sacra:
1432 5222 1733 5294 religionis,
1788 5223 2079 5280 stultorum

578 5369 851 5427 ’σείει-οη).
880 5389 932 5439 ι,
964 5372 1055 5428 25.
1131 5374 1178 5407 ⁸⁸
1200 5371 1403 5431 Jerem.
1442 5391 1580 5443 xxn,
1610 5378 1666 5433 7.
1741 5377 1786 5411 ⁸⁸
1817 5376 1920 5435 lsa.
1948 5393 2070 5445 xcv,
2110 5378 2161 5432 ί.

586 5530 699 5598 (86)
737 5530 813 5586 De
876 5530 1078 5602 celebri
1126 5531 1228 5586 hoc
1266 5510 1903 5602 Timo‘theo,_discipulo
1946 5547 2079 5594 suo,

514 5595 607 5652 diu
635 5595 871 5669 loquitur
914 5598 1180 5657 Isocrates
1221 5601 1274 5654 iu
1299 5600 1561 5655 orationis
1591 5595 2079 5668 Deper'mutatione

522 5680 672 5736 parte
695 5686 861 5736 nova,
883 5688 1042 5741 quam
1077 5688 1173 5728 nos
1203 5669 1485 5727 Mediolani
1514 5671 1641 5727 olim
1676 5672 1918 5727 Latinam
1944 5672 2048 5727 feci
2068 5704 2080 5711 -

2182 4593 2463 4664 προφήτου
2491 4592 2658 4645 Δαόὶδ
2703 4593 2831 4655 παῖς
2870 4594 2970 4661 τῆς
3020 4589 3258 4650 ἐνταῦθα
3296 4589 3446 4660 ζωῆς
3474 4588 3759 4643 ἀπαλλάτ-

2182 4701 2340 4737 τεται
2364 4725 2379 4749 ,
2410 4684 2469 4750 ἐξ
2510 4682 2786 4751 Αἰγύπτου
2816 4683 3088 4747 ἐπάνεισι,
3119 4681 3297 4754 φυγὰς
3324 4682 3504 4734 ἐκεῖσε
3533 4681 3598 4734 τὺ
3626 4680 3762 4750 πρὶν

2182 4773 2424 4846 ἀποδράς
2454 4790 2468 4804 ο
2498 4775 2579 4835 είς
2608 4772 2867 4827 τοσοῦτον
2889 4773 2946 4827 δέ
2978 4774 3047 4826 τά
3080 4773 3178 4843 τῆς
3208 4770 3380 4842 τύχης
3405 4771 3500 4824 καὶ
3526 4772 3634 4841 τῆς
3675 4771 3766 4823 εύ-

2184 4862 2422 4934 ημερίας
2455 4861 2606 4933 αύτῷ
2644 4863 2968 4926 ἐπιδέδοται,
2997 4861 3073 4925 ὡς
3115 4862 3315 4926 ἱκανῶς
3347 4861 3493 4932 ἐχειν
3522 4862 3613 4914 τὸν
3634 4862 3768 4915 λαὸν

2194 4953 2464 5007 διελέσθαι
2503 4954 2629 5026 διχῆ
2654 4995 2669 5021 ,
2698 4955 2795 5008 καὶ
2858 4954 2957 5015 τάς
3010 4953 3269 5017 πλείστας
3299 4953 3409 5006 τῶν
3451 4951 3635 5021 φυλῶν
3667 4954 3770 5005 ἔπ-

2187 5044 2530 5114 αγαγέσθαι,
2563 5046 2658 5099 καὶ
2697 5045 2872 5116 ἀρχὴν
2898 5043 3248 5112 οἰκείανααὶ
3301 5041 3583 5113 βασιλείαν
3624 5043 3770 5096 ἀπο-

2187 5132 2490 5203 τεμέσθαι,
2532 5135 2621 5188 καί
2660 5133 2911 5204 βασίλεια
2970 5128 3455 5203 καταστήσασθαι,
3511 5133 3608 5185 καὶ⁸
3665 5134 3771 5202 τῆς

2192 5225 2322 5296 περὶ
2387 5225 2522 5279 Θεὸν
2573 5226 2829 5296 λατρείας
2893 5225 2987 5278 τὸν
3037 5224 3166 5277 λαὸν
3231 5225 3544 5292 ἀπαγαγεῖν
3579 5264 3594 5290 ,
3668 5222 3772 5277 καὶ

2188 5547 2309 5586 mus
2354 5541 2517 5602 atque
2570 5534 2998 5593 illustravimus.
3051 5549 3161 5602 quo
3216 5545 3461 5604 tempore
3516 5532 3770 5590 litterarii

2189 5618 2382 5656 rursus
2417 5605 2586 5658 nostri
2616 5605 2925 5659 tirocinium
2963 5607 3261 5671 posuimus.

2263 5674 2377 5744 (87)
2411 5672 2744 5744 Nicephorus
2775 5677 2828 5730 iu
2865 5675 3163 5741 Breviario,
3196 5678 3261 5731 ad
3295 5692 3384 5730 an.
3422 5675 3546 5730 753.
