4032 6208
274 342 381 410 513

980 304 1609 403 ANTIRI’JIETICUS
1648 342 1741 401 III
1780 343 1949 405 ADV.
1990 341 2583 404 CONSTANTINUM
2615 342 2809 403 COPR

3426 338 3531 403 514

272 461 530 530 δαίμοσιν
580 454 850 529 ὀλεθρίοις
900 457 1297 527 προσαγαγεῖν,
1344 455 1443 519 τὰς
1497 458 1707 527 χρυσᾶς
1761 457 1854 511 δα-

1968 455 2263 509 tdorationi
2342 468 2675 525 proponens.
2729 452 2935 521 Quibus
2998 450 3158 523 longe
3212 451 3530 515 antistabat,

279 552 471 623 μάλεις
547 549 659 603 τῶν
737 547 899 619 ιερῶν
972 546 1336 617 σεϐασμάτων
1392 548 1473 610 είς
1536 547 1847 618 προσκύνη-

276 662 361 699 σιν
396 642 505 697 τῶν
552 639 804 713 ματαίων
845 637 1306 709 ἀντιτεχνώμενός
1333 678 1349 704 ,
1383 631 1460 691 ὧν
1502 639 1649 710 μέγα
1682 640 1850 712 ὑπερ-

278 737 448 806 έσχε,
507 731 891 804 καλλιεργίαις
963 748 1023 783 τε
1081 731 1179 784 καλ⁸
1238 729 1541 798 εὐφωνίαις
1584 730 1681 782 καὶ
1733 731 1847 794 τοῖς

273 826 539 896 φθόγγοις
571 820 886 895 ὐπερηχοῦν
914 819 1263 890 εὐσημότερα
1285 834 1298 849 ·
1335 819 1518 871 ἐκεῖνο
1551 816 1607 870 δὲ
1637 817 1699 870 τὸ
1718 816 1849 888 περὶ

272 917 332 968 σὲ
357 914 546 985 θαῦμα
573 913 635 966 τὸ
663 915 724 966 ὲν
753 910 976 965 σκεύεσι
1014 911 1125 973 τοῖς
1157 908 1530 981 χρυσηλάτοις
1557 908 1846 979 ὑπεράγαν

270 1005 694 1078 θαυμαζόμενον
722 1045 737 1069 ,
788 1003 885 1082 καὶ
930 1001 1069 1073 πρὸς
1110 1002 1271 1054 ἑαυτὸ
1302 1002 1431 1064 τοὺς
1462 1000 1852 1070 πλανωμένους

268 1097 537 1151 ἀνθέλκον
566 1097 643 1166 τῇ
678 1091 927 1153 ποικιλίᾳ
976 1091 1072 1145 καὶ
1115 1090 1196 1161 τῷ
1229 1089 1489 1162 μεγέθει,
1521 1092 1590 1160 τῇ
1626 1090 1720 1143 ἐπὶ
1748 1089 1851 1159 τῆς

269 1188 627 1251 Βαϐυλωνίας
653 1185 824 1239 είκόνι
854 1185 1008 1253 παρά
1035 1182 1142 1236 τῶν
1169 1181 1590 1253 τεκτηναμένων
1621 1182 1852 1233 ἀντιπα-

272 1280 667 1353 ρατιθέμενον’
695 1277 747 1329 τί
774 1276 831 1328 δέ
863 1292 946 1329 σοι
965 1274 1025 1327 οὐ
1056 1274 1232 1346 μέγας
1261 1273 1442 1338 Ὀζίας
1470 1275 1499 1325 6
1529 1270 1850 1342 τολμητίας,

272 1372 301 1423 6
346 1368 460 1422 τῶν
487 1366 629 1437 ὑπὲρ
658 1365 816 1431 ἀξίαν
846 1363 1157 1436 ἁπτόμενος
1186 1362 1283 1416 καὶ
1311 1361 1401 1416 διὰ
1427 1360 1587 1414 τοῦτο
1614 1360 1853 1432 λεπρού-

273 1476 468 1529 μενος;
495 1456 769 1525 Μανασσῆ
793 1455 850 1508 δέ
887 1472 994 1519 σοι,
1027 1454 1130 1507 οὐκ
1158 1452 1307 1507 ἐστιν
1343 1453 1493 1515 ὅστις
1543 1452 1653 1506 τῶν
1678 1451 1854 1506 ἄλλων

272 1548 819 1620 παρεξετασθήσεται
841 1565 856 1579 ο
884 1546 1091 1610 πάντας
1118 1545 1228 1617 γὰρ
1249 1545 1375 1608 τοὺς
1403 1546 1489 1598 ἐπ’
1514 1543 1741 1615 ἀσεϐείᾳ
1761 1544 1856 1598 καὶ

272 1642 536 1712 ἀθεότητι
564 1637 1005 1709 γνωριζομένους
1037 1635 1442 1707 ὑπερϐαλέσθαι
1477 1635 1852 1707 ἀνιστόρηται,

273 1735 497 1787 πάντων
542 1729 1039 1801 προσοχθισμάτων
1081 1731 1178 1783 καὶ
1226 1728 1619 1799 βδελυγμάτων
1663 1727 1856 1782 ἑαυτόν

1954 546 2358 617 pulchritudine
2401 547 2607 616 operis,
2637 543 3141 609 acclamationibus,
3168 551 3224 600 et
3251 542 3532 598 harmonia

1958 638 2164 692 musica
2227 639 2595 701 resonantius,
2657 636 2959 706 prodigium
3018 633 3148 690 illud
3213 643 3361 688 tuum
3418 633 3531 704 (88)

1955 730 2139 785 aureis
2165 730 2503 784 ornamentis
2530 729 2851 799 permirum,
2884 737 2935 783 et
2970 726 3317 783 incautorum
3347 725 3536 781 oculos

1956 822 2224 876 varietate
2287 835 2352 875 ac
2384 821 2759 890 magnitudine
2785 819 3091 882 attrahens,
3137 818 3267 871 illud
3312 817 3534 887 inquam

1955 912 2305 983 Babylonica:
2339 920 2535 967 statua:
2575 914 2644 965 ab
2689 909 2994 965 artificibus
3022 909 3341 964 aemulanter
3368 921 3538 976 oppo-
3586 970 3595 979 _

1957 1005 2148 1059 situm.
2186 1003 2322 1069 Quis
2372 1001 2467 1057 tibi
2499 1001 2714 1056 videtur
2747 1016 2978 1071 magnus
3005 1000 3095 1055 ille
3122 1001 3300 1055 audax
3342 999 3534 1064 Ozias,

1958 1096 2049 1163 qui
2084 1109 2197 1148 rem
2228 1108 2391 1162 supra
2431 1077 2586 1147 Suam
2620 1092 2942 1163 dignitatem
2973 1093 3281 1156 attentavit,
3305 1093 3537 1161 ideoque

1959 1184 2105 1254 lepra
2142 1185 2474 1254 percussus?
2499 1183 2773 1239 Manasses
2801 1192 3006 1247 autem,
3046 1191 3101 1240 te
3132 1183 3337 1252 judice,
3378 1196 3540 1239 nemo

1959 1290 2143 1345 parem
2202 1275 2464 1342 habebit;
2535 1275 2624 1330 hic
2685 1273 2829 1329 enim
2885 1290 3078 1330 omnes
3143 1276 3423 1345 impietate
3480 1283 3538 1329 et

1960 1364 2228 1421 atheismo
2268 1367 2512 1422 celebres
2572 1380 2863 1435 superasse
2913 1376 3192 1430 narratur,
3244 1367 3336 1436 qui
3382 1366 3531 1421 omni

1961 1455 2342 1511 scandalorum
2362 1464 2525 1526 atque
2553 1458 3014 1512 ahomiuationum
3038 1472 3236 1527 genere
3253 1471 3311 1511 se
3340 1456 3530 1511 subdi-

1964 1557 2156 1617 tosque
2178 1563 2307 1604 suos
2330 1549 2536 1603 obruit.
2558 1548 2718 1618 Atqui
2754 1549 2973 1614 horum,
3007 1547 3147 1602 alter
3174 1561 3347 1601 annos
3381 1548 3538 1619 quin-

1962 1639 2243 1709 quaginta,
2305 1637 2442 1692 alter
2477 1653 2605 1693 vero
2651 1640 2891 1707 quinque
2932 1653 3097 1708 supra
3142 1639 3538 1708 quinquaginta

1960 1727 2173 1784 Judaici
2202 1728 2383 1798 populi
2422 1729 2593 1783 tenuit
2621 1728 2929 1798 imperium.
2954 1728 3217 1785 Irridebis
3258 1738 3440 1784 autem
3474 1743 3541 1784 ac

272 1841 330 1877 τε
367 1826 468 1877 καὶ
514 1823 574 1876 τδ
618 1822 860 1891 ὑπήκοον
909 1820 1058 1875 ἀπαν
1092 1820 1420 1890 ἀποπλήσας
1447 1835 1461 1851 '
1502 1818 1713 1873 τούτων
1745 1819 1804 1873 δὲ
1835 1820 1862 1872 ό

1968 1821 2194 1891 despues
2221 1820 2531 1889 religiosum
2558 1819 2788 1883 Josiam,
2816 1819 2907 1889 qui
2938 1820 3157 1890 pietatis
3195 1834 3309 1875 suae
3347 1828 3540 1874 testem

274 1917 375 1986 μὲν
412 1915 537 1969 δυσὶ
570 1914 709 1986 πρὸς
743 1916 856 1976 τοῖς
908 1912 1254 1983 πεντήκοντα
1288 1911 1490 1975 ἐτεσιν,
1523 1911 1552 1962 ό
1598 1910 1653 1963 δὲ
1696 1909 1862 1964 πέντε

272 2006 416 2077 πρὸς
449 2008 567 2069 τοῖς
602 2007 943 2076 πεντήκοντα
990 2002 1136 2057 κατὰ
1162 2002 1262 2072 τὴν
1304 2003 1479 2072 ἀρχὴν
1508 2001 1599 2054 ἐπὶ
1626 2000 1689 2054 τὸ
1725 2001 1862 2054 Ἰου-

270 2097 463 2151 δαϊκὸν
490 2095 680 2165 φῦλον,
703 2095 1000 2167 διήρκεσαν
1024 2092 1426 2164 βασιλεύοντεςο
1449 2092 1861 2163 καταμωμήσῃ,

274 2183 331 2242 εὐ
348 2183 500 2253 οἶδα,
521 2186 617 2241 καὶ
635 2184 953 2248 διαπτύσεις
973 2185 1066 2239 τὸν
1085 2184 1307 2254 θεοφιλῆ
1335 2184 1571 2248 Ἰωσίαν,
1591 2183 1684 2236 τὸν
1714 2181 1867 2253 παρά

274 2278 402 2351 Θεῷ
446 2278 536 2332 ἐπ’
585 2277 840 2350 εὐσεϐείᾳ
897 2276 1378 2349 μαρτυρούμενον,
1431 2277 1526 2329 καὶ
1566 2277 1750 2329 πίστει
1795 2277 1862 2346 τῇ

273 2369 417 2441 ὀρθῇ
450 2369 578 2432 τοὺς
604 2368 800 2431 ἀλλους
833 2366 1199 2437 ὐπερίσχοντα
1225 2406 1241 2430 ,
1270 2365 1353 2418 ὅτι
1381 2364 1591 2429 ἀκλεῶς
1624 2364 1716 2418 τὸν
1747 2364 1864 2435 βίον

276 2461 610 2525 κατέλυσεν,
652 2460 762 2512 ὐπὸ
802 2457 913 2511 τῶν
944 2457 1004 2510 οὐ
1037 2456 1421 2526 πολεμούντων
1462 2455 1683 2526 βληθεὶς
1709 2495 1724 2519 ,
1770 2456 1865 2509 καὶ

274 2551 371 2606 τοῦ
417 2550 665 2619 πολέμου
706 2547 768 2600 τὸ
808 2546 1039 2601 ἄπιστον
1080 2547 1141 2599 οὐ
1180 2544 1591 2619 προορώμενοςο
1642 2546 1866 2601 ἐκείνων

274 2641 544 2694 ἁπάντων
597 2637 688 2691 διά
735 2652 795 2689 τε
836 2636 967 2698 τούς
1016 2634 1245 2706 χρόνους
1305 2634 1399 2687 καὶ
1451 2634 1548 2705 τὴν
1582 2634 1866 2705 παροῦσαν

276 2728 590 2800 εὐημερίαν
612 2726 1032 2799 ὐπεραγάμενος
1052 2723 1209 2794 δέχου
1233 2722 1301 2776 τά
1326 2722 1442 2794 έθη,
1469 2724 1559 2777 τόν
1585 2740 1644 2776 τε
1667 2723 1868 2794 τρόπον

274 2823 368 2874 καὶ
394 2820 503 2895 τὴν
515 2817 818 2889 θρησκείαν
844 2816 1003 2885 τίμα’
1035 2813 1368 2885 κατακρότει
1397 2816 1517 2877 ταῖς
1547 2814 1865 2885 εὐφημίαις,

274 2908 554 2979 στεφανοῦ
580 2910 702 2971 ταῖς
731 2904 1162 2975 ὐπερκειμέναις
1183 2903 1383 2970 δόξαις·
1413 2903 1584 2974 μιμοῦ
1607 2905 1698 2957 τὸν
1730 2904 1867 2974 βίον,

1964 1906 2133 1962 Deum
2155 1908 2361 1971 habuit,
2389 1909 2714 1976 caeterisque
2740 1918 2886 1963 recta
2920 1908 3024 1962 fide
3046 1908 3383 1973 autecelluit,
3412 1909 3541 1979 quia

1965 1996 2227 2068 inglorius
2249 1997 2415 2053 vitam
2440 1998 2611 2052 lluivit
2631 2013 2660 2050 a
2685 2000 2870 2055 nescio
2893 2013 3001 2068 quo
3029 2008 3328 2069 pugnatore
3352 2001 3530 2067 vulne-

1966 2099 2139 2157 ratus,
2190 2091 2317 2145 dum
2354 2090 2526 2161 praelii
2581 2090 2825 2161 pericula
2880 2106 2986 2145 non
3025 2092 3161 2145 satis
3205 2098 3380 2145 cavet.
3417 2090 3544 2145 Illo-

1966 2197 2087 2237 rum
2144 2181 2410 2247 omnium,
2464 2183 2616 2252 regni
2669 2182 2905 2250 spatium
2969 2183 3369 2253 praesentisque
3419 2183 3543 2237 vitae

1966 2271 2283 2328 felicitatem
2313 2274 2614 2337 admirans,
2650 2288 2831 2329 mores
2854 2273 3093 2337 imitare,
3126 2282 3177 2328 et
3211 2272 3336 2327 vitae
3366 2287 3542 2343 genus

1966 2379 2032 2419 ac
2086 2363 2402 2435 religionem
2433 2367 2668 2433 ambito;
2721 2366 2938 2435 plaude,
2978 2364 3544 2443 acclama,rlaudibus

1967 2456 2185 2510 eximiis
2209 2471 2342 2510 orna
2375 2473 2389 2509 :
2441 2455 2606 2511 vitam
2643 2467 2874 2518 sectare,
2916 2454 3059 2519 facta
3101 2456 3382 2519 aamulare,
3406 2456 3544 2511 liba-

1968 2548 2145 2604 tioues
2177 2548 2392 2602 demum
2450 2562 2513 2602 ac
2551 2547 2802 2602 victimas
2843 2545 2953 2601 illis
3000 2545 3156 2610 all'er,
3206 2546 3383 2614 gaude
3461 2545 3544 2601 eis

1967 2639 2304 2705 sacrificans,
2360 2646 2520 2709 atque
2567 2647 2625 2692 ut
2674 2639 2783 2693 tuis
2840 2639 2956 2693 haac
3003 2637 3224 2702 adhibe,
3260 2638 3306 2692 si
3340 2636 3541 2705 placet,

1967 2729 2157 2794 adora,
2194 2729 2418 2799 hymnis
2451 2729 2691 2795 celebra,
2721 2729 2894 2784 sacris
2928 2728 3124 2783 ritibus
3148 2727 3286 2792 cole,
3318 2742 3543 2797 respon-

1967 2821 2154 2875 siones
2204 2820 2552 2875 fatidicorum
2619 2820 2766 2885 audi,
2814 2820 3093 2901 interroga
3147 2821 3539 2889 geomanticos,

1968 2912 2434 2984 engastrimythos
2468 2912 2713 2967 consule.
2763 2911 2904 2977 Quid
2947 2910 3092 2965 aliud
3134 2910 3353 2966 dicam?
3382 2927 3544 2966 curre

275 2998 538 3064 ἀσπάζου
571 2999 672 3063 τάς
699 2998 954 3069 πράξεις,
988 2996 1226 3060 σπονδὰς
1261 2996 1550 3067 προσχέων
1585 2996 1733 3048 τέλει
1772 2994 1862 3050 καὶ

1969 3005 2035 3059 ad
2075 3006 2370 3071 damones,
2406 3021 2434 3059 a
2464 3005 2661 3076 quibus
2696 3007 2955 3075 magister
2999 3013 3123 3059 tuus
3153 3005 3437 3074 agebatur,
3480 3011 3541 3057 ut

273 3094 372 3157 τὰς
403 3092 630 3155 θυσίας,
668 3090 1029 3162 ἐνευφραίνου
1057 3090 1179 3151 ταῖς
1198 3088 1462 3155 τελεταῖς,
1490 3089 1584 3142 καὶ
1614 3091 1725 3152 τοῖς
1757 3090 1862 3152 σοῖς

1972 3092 2187 3149 facilius
2213 3096 2291 3149 sis
2332 3095 2484 3163 felix,
2520 3106 2579 3150 ut
2612 3111 2749 3166 pane
2777 3080 3011 3165 vinoque
3041 3096 3345 3165 implearis,
3372 3111 3540 3165 reque

272 3184 456 3239 ταῦτα
480 3182 756 3255 πρόσφερέ
783 3199 864 3249 τε,
882 3181 937 3235 εί
958 3197 1046 3235 σοι
1071 3180 1307 3252 αἱρετὸν,
1337 3180 1431 3235 καὶ
1453 3180 1746 3252 προσκύνει
1776 3181 1862 3235 καὶ

1973 3186 2121 3240 omni
2149 3201 2309 3255 quam
2344 3195 2490 3242 terra
2515 3188 2847 3257 suppeditat,
2874 3172 3104 3258 qumque
3129 3204 3159 3241 a
3185 3188 3420 3242 terrenis
3448 3202 3544 3256 ap-

271 3276 516 3340 δόξαζε·
553 3274 713 3328 τελοῦ
758 3276 872 3338 τοῖς
919 3271 1280 3344 μυστηρίοις,
1326 3272 1484 3343 δέχου
1527 3272 1624 3336 τάς
1680 3272 1862 3344 ῥήσεις

1971 3277 2199 3347 petitur.
2259 3275 2390 3331 Filii
2446 3280 2713 3333 hominum
2767 3279 3017 3349 (magnus
3070 3280 3223 3334 vobis
3280 3278 3541 3332 inclamat

278 3368 389 3421 τῶν
417 3365 824 3437 χρησμολόγων
843 3403 858 3430 ,
893 3364 1073 3433 πύθου
1099 3364 1208 3417 τῶν
1250 3364 1360 3417 ἀπὸ
1381 3364 1487 3434 γῆς
1520 3363 1862 3433 φωνούντων,

1973 3366 2166 3432 David,
2203 3382 2301 3422 ceu
2334 3368 2673 3424 rocalissima
2720 3370 2868 3433 tuba,
2922 3378 3178 3436 tanquam
3223 3367 3291 3422 de
3325 3366 3544 3437 specula

281 3461 408 3522 ταῖς
443 3457 910 3529 ὲγγαστριμύθοις
948 3455 1319 3531 προσέδρευε·
1357 3455 1411 3507 τί
1440 3454 1610 3507 τᾶλλα
1647 3453 1862 3521 λέγειν;

1969 3456 2220 3527 celsoque
2259 3458 2377 3512 loco
2431 3454 2776 3530 praedicans),
2823 3473 3086 3527 usquequo
3144 3457 3290 3525 gravi
3342 3456 3545 3510 corde?

278 3551 597 3622 πρόστρεχε
626 3551 741 3614 τοῖς
769 3549 1025 3621 δαίμοσιν
1044 3545 1132 3613 οἷς
1162 3550 1190 3601 ό
1217 3545 1306 3610 σὸς
1334 3545 1655 3609 διδάσκαλος
1677 3546 1862 3615 ῆγετο·

1976 3563 2071 3601 cur
2098 3548 2323 3617 diligitis
2349 3550 2652 3613 vanitatem,
2679 3557 2730 3602 et
2761 3548 3094 3602 mendacium
3118 3546 3356 3615 quwritis
3374 3542 3455 3596 εει

278 3645 366 3696 ἴνα
404 3644 506 3696 καὶ
539 3645 669 3716 ῥᾷον
701 3643 1055 3714 εὐημερήσῃς
1085 3681 1101 3707 ,
1130 3638 1233 3695 καὶ
1266 3637 1514 3709 πλησθῇς
1563 3637 1744 3708 ἀρτων
1775 3639 1870 3693 καὶ
1904 3638 2076 3707 οῐνου,
2105 3641 2200 3694 καλ⁸
2228 3641 2447 3694 πάντων
2475 3640 2577 3693 ὅσα
2645 3637 2798 3710 παρὰ
2865 3637 2967 3706 τῆς
2996 3635 3102 3706 γῆς
3139 3634 3408 3688 ἐκδίδοται
3449 3630 3544 3686 καὶ

277 3741 391 3802 τοῖς
425 3738 638 3808 γηῖνοις
670 3737 1056 3802 σπουδάζεται.
1110 3734 1236 3792 Υἱοὶ
1263 3728 1592 3803 ἀνθρώπων
1616 3775 1630 3800 ,
1661 3738 1690 3789 6
1733 3736 1907 3806 μέγας
1962 3740 2090 3809 ὐμῖν
2156 3738 2410 3809 ὲμϐοάτω
2450 3738 2655 3803 Δαϐὶδ,
2724 3731 2813 3791 οἷά
2868 3752 2951 3800 τις
3016 3732 3253 3802 σάλπιγξ
3312 3728 3549 3802 μεγαλό-

280 3846 508 3898 φωνος,
536 3828 612 3891 ὡς
661 3828 727 3882 ὲκ
770 3825 1058 3897 περιωπῆς
1108 3830 1212 3880 και
1259 3822 1465 3893 ὑψηλοῦ
1514 3825 1740 3894 ὐπηχῶν
1769 3826 1865 3880 τοῦ
1904 3827 2262 3899 κηρύγματος
2292 3866 2306 3892 ,
2359 3826 2471 3891 ἕως
2530 3827 2678 3880 πότε
2736 3822 3172 3894 βαρυκὰρδιοι;
3200 3822 3299 3875 ἵνα
3325 3819 3382 3873 τί
3404 3819 3549 3888 ἀτασ-

278 3919 442 3978 πᾶτε
469 3923 838 3991 ματαιότητα
871 3922 971 3976 καί
1010 3920 1230 3989 ζητεῖτε
1264 3918 1533 3987 ψεῦδος;

347 4057 456 4113 σε’.
513 4058 671 4125 Μέγα
702 4073 757 4109 τι
797 4055 864 4110 τά
908 4057 1157 4129 παρόντα
1210 4056 1697 4128 ὑπολαμϐάνοντες
1721 4100 1737 4127 ,
1777 4063 1875 4116 καὶ

280 4153 406 4213 τοῖς
441 4147 701 4219 φθαρτοῖς
729 4149 837 4201 καὶ
856 4149 1145 4219 ὲπικήροις
1172 4149 1233 4202 τὸ
1266 4149 1382 4203 πᾶν
1408 4149 1508 4219 τῆς
1535 4150 1681 4222 ζωῆς
1718 4167 1875 4223 περι-

2048 4064 2137 4119 75.
2167 4063 2381 4120 Grande
2409 4064 2612 4133 aliquid
2662 4063 2751 4119 isti
2796 4061 3113 4117 existimant
3147 4064 3278 4112 esse’
3300 4068 3388 4109 res
3411 4067 3550 4121 prae—

1978 4164 2180 4221 sentes,
2209 4164 2263 4210 et
2292 4155 2731 4225 corruptibilibus
2757 4162 2923 4222 atque
2949 4148 3170 4204 caducis
3217 4153 3388 4201 totum
3422 4143 3548 4196 vitae

282 4241 606 4301 κλείοντες,
656 4237 819 4292 πόθεν
871 4254 954 4291 σοι
997 4239 1030 4309 ὴ
1068 4239 1242 4310 μικρὰ
1289 4239 1475 4309 εκείνη
1518 4240 1609 4309 ὲφζ
1650 4234 1685 4315 ᾗ
1732 4243 1862 4314 μέγα

1978 4246 2252 4316 negotium
2276 4243 2731 4298 circumcludunt.
2764 4241 2941 4305 Unde,
2967 4239 3214 4307 inquam,
3248 4234 3343 4289 tibi
3382 4247 3547 4302 parva

283 4332 517 4405 φρονεῖς
548 4330 852 4400 εὐημερία,
888 4330 984 4383 καὶ
1016 4330 1138 4383 ὄθεν
1171 4347 1253 4383 σοι
1286 4330 1359 4383 τὰ
1396 4329 1533 4384 ὥνια
1572 4333 1862 4402 ὲπηύξετο;

1984 4336 2095 4402 illa,
2136 4350 2299 4404 quam
2350 4343 2633 4402 tantopere
2671 4330 2864 4400 iactas,
2903 4328 3173 4384 felicitas?
3209 4327 3372 4390 unde,
3403 4338 3548 4395 quae-

283 4424 337 4475 εί
368 4439 460 4476 σοι
499 4421 560 4474 οὐ
593 4422 797 4491 τραχὺς
820 4422 848 4473 6
884 4420 1077 4490 λόγος,
1107 4420 1324 4476 ἀκούων
1362 4418 1645 4491 ὲπίγνωθιζ
1690 4425 1749 4479 '0
1782 4444 1862 4505 μι-

1984 4439 2063 4490 so,
2090 4424 2355 4492 stipendia
2389 4438 2513 4477 eum
2550 4436 2895 4492 comparasse
2922 4420 3120 4490 putas?
3149 4417 3264 4474 Nisi
3300 4417 3396 4473 tibi
3429 4432 3547 4472 mo.

287 4513 711 4585 σοχριστότατος
743 4514 841 4567 καὶ
860 4513 1320 4585 φιλοχρυσότατος
1350 4514 1622 4587 τύραννος
1644 4557 1660 4583 ,
1691 4518 1753 4571 τὺ
1780 4518 1862 4571 τοῐ

1983 4516 2151 4571 lestus
2176 4524 2258 4569 est
2287 4529 2487 4580 sermo,
2513 4514 2636 4568 audi
2662 4522 2717 4568 et
2744 4528 3033 4585 cognosce.
3061 4514 3262 4569 Christi
3287 4513 3548 4569 inimicis-

286 4606 499 4678 χρυσοῦ
530 4606 868 4675 ἀνδράποδον
896 4645 910 4667 ,
945 4608 973 4659 6
1020 4605 1114 4659 τὸν
1146 4606 1341 4660 Λύδιον
1372 4608 1583 4660 ἐκεῖνον
1622 4609 1688 4679 τῇ
1731 4608 1862 4679 φιλο

1985 4606 2177 4669 simus,
2210 4605 2327 4659 auri
2358 4604 2766 4659 amantissimus
2798 4613 3084 4674 tyrannus,
3125 4604 3369 4673 pecuniae
3396 4619 3551 4657 mau-

286 4698 486 4768 χρύσῳ
548 4700 717 4770 μανία
782 4700 1249 4771 ὑπερϐαλόμενος,
1299 4702 1394 4755 καὶ
1448 4700 1570 4753 θεὸν
1612 4700 1706 4752 τὸν
1750 4717 1882 4771 χρυ-

292 4786 389 4839 σὸν
454 4786 595 4854 μετά
656 4789 758 4853 τῆς
821 4786 1035 4850 κοιλίας
1087 4788 1433 4859 ἡγούμενοςο
1492 4786 1521 4837 6
1574 4784 1879 4856 βαρύτατος

278 4876 597 4946 ’φορολόγος
617 4917 632 4940 ,
685 4876 780 4929 καὶ
816 4878 1192 4948 ἀπαραίτητος
1213 4919 1227 4942 ,
1258 4877 1350 4929 τὸν
1384 4877 1566 4931 κλοιὸν
1596 4875 1710 4927 τῶν
1743 4876 1881 4929 ὐπο-

293 4967 482 5038 φόρων
530 4969 613 5029 εἰς
657 4969 739 5021 ὅτι
786 4968 1021 5039 μάλιστα
1081 4969 1460 5039 κατεϐάρυνε,
1515 4969 1739 5038 συχναῖς
1785 4969 1881 5020 καὶ

295 5058 540 5124 ἐτησίοις
579 5058 925 5131 προσθήκαις
981 5060 1091 5113 τῶν
1136 5060 1491 5130 τελεσμάτων
1519 5096 1539 5122 ,
1588 5059 1716 5122 τοὺς
1777 5059 1879 5129 τῆς

296 5152 575 5225 γεωργίας
602 5152 853 5215 ἅπαντας
900 5154 1103 5219 πιέζων
1139 5154 1233 5208 καὶ
1271 5154 1589 5208 ἀποθλίϐων
1628 5168 1879 5223 παρανο-

371 5327 422 5363 ⁸⁶
458 5330 605 5386 Psal.
633 5347 707 5396 tv,
735 5332 790 5387 3.

376 5505 489 5577 (88)
516 5506 742 5579 Videtur
779 5508 921 5577 loqui
959 5508 1301 5579 Nicephorus
1340 5509 1410 5565 de
1449 5509 1632 5579 aliqua
1669 5506 1877 5578 Copro-

304 5589 469 5647 nymo
499 5590 681 5632 erecta
713 5578 908 5647 insigni
943 5578 1141 5633 statua.

381 5646 491 5716 (89)
519 5647 714 5719 ﬁidam
749 5646 970 5714 scilicet,
1002 5650 1143 5719 quod
1175 5664 1370 5719 nomen
1411 5649 1646 5719 imponit
1670 5648 1879 5717 Copro-

313 5715 480 5786 nymo'
517 5715 851 5788 Nicephorius
903 5715 1065 5774 etiam
1096 5720 1147 5774 in
1190 5715 1583 5786 Breviario,'ad
1627 5736 1719 5774 nn.
1752 5715 1878 5784 767,

1986 4699 2210 4767 cipium,
2244 4698 2334 4765 qui
2371 4697 2575 4769 Lydum
2612 4696 2760 4751 illum
2798 4697 2910 4769 (89)
2955 4696 3072 4751 auri
3123 4696 3311 4750 insana
3348 4684 3555 4766 cupidi-

1989 4801 2098 4844 tate
2127 4788 2398 4857 vincebat;
2444 4788 2598 4861 14],
2648 4804 2953 4859 aurumque
3014 4803 3078 4843 ac
3151 4797 3399 4843 ventrem
3433 4794 3557 4845 loco

1984 4880 2077 4934 Dei
2113 4881 2368 4946 habebat,
2413 4892 2637 4936 exactor
2666 4880 3025 4949 gravissimus
3076 4890 3132 4936 et
3172 4880 3554 4944 inexorabilis,

1986 4972 2396 5026 tributariorum
2445 4971 2658 5026 clavum
2702 4972 2877 5043 magis
2916 4973 3197 5044 magisque
3226 4975 3558 5045 aggravabat

1984 5062 2361 5131 frequentibus
2429 5063 2735 5132 annuisque
2787 5063 3119 5119 tributorum
3174 5066 3553 5129 incrementis,

1986 5153 2252 5221 agricolas
2273 5167 2462 5208 omnes
2484 5168 2737 5223 premens
2761 5162 2818 5210 et
2841 5155 3153 5225 opprimens
3179 5155 3555 5226 iniustissime,

1984 5524 2092 5583 quo
2123 5510 2240 5566 loco
2289 5522 2477 5567 narrat
2506 5521 2676 5569 totum
2720 5529 2858 5581 pene
2898 5515 3109 5583 imperii
3138 5528 3328 5567 aurum
3376 5511 3564 5567 abillo

1988 5581 2347 5653 itt__aar;yiuttt
2394 5600 2551 5639 suum
2596 5596 2907 5653 congestum
2944 5581 3145 5653 fuisse,
3176 5583 3421 5651 spoliatis
3468 5600 3565 5653 pu-

1987 5650 2148 5726 pulis.
2179 5648 2538 5726 Theophanes
2580 5648 2743 5709 etiam
2777 5652 2974 5707 Chron.
3005 5655 3087 5708 ed.
3122 5648 3294 5709 Paris.
3334 5671 3388 5726 p.
3425 5648 3559 5721 575,

1987 5717 2385 5795 Cupronymuin
2440 5723 2591 5777 Mida:
2648 5732 2950 5791 cornparat.
