  <div class='ocr_page' id='page_1' title='image "/cluster/home/n/w/nwhite01/storage/ocr_20150623/100/hvd.32044054111919/263.png"; bbox 0 0 4032 6208; ppageno 0'>
   <div class='ocr_carea' id='block_1_1' title="bbox 500 369 606 437">
    <p class='ocr_par' dir='ltr' id='par_1_1' title="bbox 500 369 606 437">
     <span class='ocr_line' id='line_1_1' title="bbox 500 369 606 437; baseline -0.019 -1"><span class='ocrx_word' id='word_1_1' title='bbox 500 369 606 437; x_wconf 78' lang='grc'><strong>515</strong></span> 
     </span>
    </p>
   </div>
   <div class='ocr_carea' id='block_1_2' title="bbox 1527 351 2733 431">
    <p class='ocr_par' dir='ltr' id='par_1_2' title="bbox 1527 351 2733 431">
     <span class='ocr_line' id='line_1_2' title="bbox 1527 351 2733 431; baseline -0.006 -10"><span class='ocrx_word' id='word_1_2' title='bbox 1527 361 1587 422; x_wconf 91' lang='lat' dir='ltr'><strong>S.</strong></span> <span class='ocrx_word' id='word_1_3' title='bbox 1629 357 2049 431; x_wconf 79' lang='lat' dir='ltr'><strong>NICEPHORI</strong></span> <span class='ocrx_word' id='word_1_4' title='bbox 2082 352 2586 418; x_wconf 70' lang='lat' dir='ltr'><strong>PATRIARCH/E</strong></span> <span class='ocrx_word' id='word_1_5' title='bbox 2622 351 2733 414; x_wconf 89' lang='lat' dir='ltr'><strong>CP.</strong></span> 
     </span>
    </p>
   </div>
   <div class='ocr_carea' id='block_1_3' title="bbox 3659 344 3766 410">
    <p class='ocr_par' dir='ltr' id='par_1_3' title="bbox 3659 344 3766 410">
     <span class='ocr_line' id='line_1_3' title="bbox 3659 344 3766 410; baseline 0.019 -2"><span class='ocrx_word' id='word_1_6' title='bbox 3659 344 3766 410; x_wconf 79' lang='lat'><strong>516</strong></span> 
     </span>
    </p>
   </div>
   <div class='ocr_carea' id='block_1_4' title="bbox 497 452 2076 535">
    <p class='ocr_par' dir='ltr' id='par_1_4' title="bbox 497 464 2076 535">
     <span class='ocr_line' id='line_1_4' title="bbox 497 464 2076 535; baseline -0.009 -4"><span class='ocrx_word' id='word_1_7' title='bbox 497 479 635 532; x_wconf 80' lang='lat' dir='ltr'><strong>adeo</strong></span> <span class='ocrx_word' id='word_1_8' title='bbox 663 482 722 529; x_wconf 89' lang='lat' dir='ltr'><strong>ut</strong></span> <span class='ocrx_word' id='word_1_9' title='bbox 761 488 869 527; x_wconf 91' lang='lat' dir='ltr'><strong>uno</strong></span> <span class='ocrx_word' id='word_1_10' title='bbox 915 483 1151 535; x_wconf 78' lang='lat' dir='ltr'><strong>nummo</strong></span> <span class='ocrx_word' id='word_1_11' title='bbox 1187 483 1354 523; x_wconf 86' lang='lat' dir='ltr'><strong>aureo</strong></span> <span class='ocrx_word' id='word_1_12' title='bbox 1402 466 1654 521; x_wconf 85' lang='lat' dir='ltr'><strong>universa</strong></span> <span class='ocrx_word' id='word_1_13' title='bbox 1690 464 1793 519; x_wconf 89' lang='lat' dir='ltr'><strong>viri</strong></span> <span class='ocrx_word' id='word_1_14' title='bbox 1824 464 2076 535; x_wconf 73' lang='lat' dir='ltr'><strong>agricolae</strong></span> 
     </span>
    </p>
   </div>
   <div class='ocr_carea' id='block_1_5' title="bbox 2182 452 3763 535">
    <p class='ocr_par' dir='ltr' id='par_1_5' title="bbox 2195 452 3763 534">
     <span class='ocr_line' id='line_1_5' title="bbox 2195 452 3763 534; baseline -0.004 -23"><span class='ocrx_word' id='word_1_15' title='bbox 2195 459 2443 534; x_wconf 80' lang='grc' dir='ltr'>μὼτατα,</span> <span class='ocrx_word' id='word_1_16' title='bbox 2476 456 2551 520; x_wconf 85' lang='grc' dir='ltr'>ὡς</span> <span class='ocrx_word' id='word_1_17' title='bbox 2595 456 2714 519; x_wconf 74' lang='grc' dir='ltr'>ἐνὸς</span> <span class='ocrx_word' id='word_1_18' title='bbox 2754 453 3017 524; x_wconf 86' lang='grc' dir='ltr'>χρυσίνου</span> <span class='ocrx_word' id='word_1_19' title='bbox 3059 454 3160 526; x_wconf 75' lang='grc' dir='ltr'>τὴν</span> <span class='ocrx_word' id='word_1_20' title='bbox 3201 452 3527 526; x_wconf 76' lang='grc' dir='ltr'><strong>περιουσίαν</strong></span> <span class='ocrx_word' id='word_1_21' title='bbox 3566 452 3763 523; x_wconf 71' lang='grc' dir='ltr'>ἀνδρὸς</span> 
     </span>
    </p>
   </div>
   <div class='ocr_carea' id='block_1_6' title="bbox 499 558 2075 631">
    <p class='ocr_par' dir='ltr' id='par_1_6' title="bbox 499 558 2075 631">
     <span class='ocr_line' id='line_1_6' title="bbox 499 558 2075 631; baseline -0.01 -7"><span class='ocrx_word' id='word_1_22' title='bbox 499 567 807 624; x_wconf 87' lang='lat' dir='ltr'><strong>substantia</strong></span> <span class='ocrx_word' id='word_1_23' title='bbox 838 566 942 619; x_wconf 89' lang='lat' dir='ltr'><strong>emi</strong></span> <span class='ocrx_word' id='word_1_24' title='bbox 963 564 1152 618; x_wconf 86' lang='lat' dir='ltr'><strong>‘facile</strong></span> <span class='ocrx_word' id='word_1_25' title='bbox 1181 569 1387 631; x_wconf 87' lang='lat' dir='ltr'><strong>posset.</strong></span> <span class='ocrx_word' id='word_1_26' title='bbox 1429 558 1562 613; x_wconf 69' lang='lat' dir='ltr'><strong>Novi</strong></span> <span class='ocrx_word' id='word_1_27' title='bbox 1616 572 1717 627; x_wconf 85' lang='lat' dir='ltr'><strong>ego</strong></span> <span class='ocrx_word' id='word_1_28' title='bbox 1748 559 2075 612; x_wconf 80' lang='lat' dir='ltr'><strong>tributorum</strong></span> 
     </span>
    </p>
   </div>
   <div class='ocr_carea' id='block_1_7' title="bbox 498 647 2080 717">
    <p class='ocr_par' dir='ltr' id='par_1_7' title="bbox 498 647 2080 717">
     <span class='ocr_line' id='line_1_7' title="bbox 498 647 2080 717; baseline -0.008 -4"><span class='ocrx_word' id='word_1_29' title='bbox 498 674 661 713; x_wconf 84' lang='lat' dir='ltr'><strong>causa</strong></span> <span class='ocrx_word' id='word_1_30' title='bbox 701 655 944 711; x_wconf 78' lang='lat' dir='ltr'><strong>infelices</strong></span> <span class='ocrx_word' id='word_1_31' title='bbox 972 654 1224 707; x_wconf 85' lang='lat' dir='ltr'><strong>homines</strong></span> <span class='ocrx_word' id='word_1_32' title='bbox 1275 650 1443 705; x_wconf 84' lang='lat' dir='ltr'><strong>celsis</strong></span> <span class='ocrx_word' id='word_1_33' title='bbox 1494 652 1845 717; x_wconf 74' lang='lat' dir='ltr'><strong>procerisque</strong></span> <span class='ocrx_word' id='word_1_34' title='bbox 1873 647 2080 702; x_wconf 88' lang='lat' dir='ltr'><strong>arbori-</strong></span> 
     </span>
    </p>
   </div>
   <div class='ocr_carea' id='block_1_8' title="bbox 496 738 2074 811">
    <p class='ocr_par' dir='ltr' id='par_1_8' title="bbox 496 738 2074 811">
     <span class='ocr_line' id='line_1_8' title="bbox 496 738 2074 811; baseline -0.005 -12"><span class='ocrx_word' id='word_1_35' title='bbox 496 744 598 799; x_wconf 85' lang='lat' dir='ltr'><strong>bus</strong></span> <span class='ocrx_word' id='word_1_36' title='bbox 634 745 887 797; x_wconf 88' lang='lat' dir='ltr'><strong>manibus</strong></span> <span class='ocrx_word' id='word_1_37' title='bbox 910 741 1133 811; x_wconf 82' lang='lat' dir='ltr'><strong>litigatis</strong></span> <span class='ocrx_word' id='word_1_38' title='bbox 1170 753 1489 809; x_wconf 88' lang='lat' dir='ltr'><strong>suspensos,</strong></span> <span class='ocrx_word' id='word_1_39' title='bbox 1524 740 1595 792; x_wconf 90' lang='lat' dir='ltr'><strong>ita</strong></span> <span class='ocrx_word' id='word_1_40' title='bbox 1641 747 1700 793; x_wconf 92' lang='lat' dir='ltr'><strong>ut</strong></span> <span class='ocrx_word' id='word_1_41' title='bbox 1735 741 1788 792; x_wconf 91' lang='lat' dir='ltr'><strong>in</strong></span> <span class='ocrx_word' id='word_1_42' title='bbox 1823 752 1948 793; x_wconf 87' lang='lat' dir='ltr'><strong>aere</strong></span> <span class='ocrx_word' id='word_1_43' title='bbox 1984 738 2074 791; x_wconf 91' lang='lat' dir='ltr'><strong>diu</strong></span> 
     </span>
    </p>
   </div>
   <div class='ocr_carea' id='block_1_9' title="bbox 496 831 2079 901">
    <p class='ocr_par' dir='ltr' id='par_1_9' title="bbox 496 831 2079 901">
     <span class='ocr_line' id='line_1_9' title="bbox 496 831 2079 901; baseline -0.001 -14"><span class='ocrx_word' id='word_1_44' title='bbox 496 835 607 887; x_wconf 79' lang='lat' dir='ltr'><strong>alte</strong></span> <span class='ocrx_word' id='word_1_45' title='bbox 636 835 969 901; x_wconf 87' lang='lat' dir='ltr'><strong>penderent;</strong></span> <span class='ocrx_word' id='word_1_46' title='bbox 1011 841 1174 900; x_wconf 90' lang='lat' dir='ltr'><strong>atque</strong></span> <span class='ocrx_word' id='word_1_47' title='bbox 1211 831 1354 886; x_wconf 86' lang='lat' dir='ltr'><strong>banc</strong></span> <span class='ocrx_word' id='word_1_48' title='bbox 1379 832 1632 886; x_wconf 79' lang='lat' dir='ltr'><strong>acerbam</strong></span> <span class='ocrx_word' id='word_1_49' title='bbox 1674 831 2079 900; x_wconf 86' lang='lat' dir='ltr'><strong>violentamque</strong></span> 
     </span>
    </p>
   </div>
   <div class='ocr_carea' id='block_1_10' title="bbox 402 924 2078 1000">
    <p class='ocr_par' dir='ltr' id='par_1_10' title="bbox 402 924 2078 1000">
     <span class='ocr_line' id='line_1_10' title="bbox 402 924 2078 1000; baseline -0.003 -16"><span class='ocrx_word' id='word_1_50' title='bbox 402 974 427 999; x_wconf 80' lang='grc'><em>,</em></span> <span class='ocrx_word' id='word_1_51' title='bbox 498 929 786 1000; x_wconf 84' lang='lat' dir='ltr'><strong>pertulisse</strong></span> <span class='ocrx_word' id='word_1_52' title='bbox 842 943 1085 996; x_wconf 72' lang='lat' dir='ltr'><strong>pwnam,</strong></span> <span class='ocrx_word' id='word_1_53' title='bbox 1129 927 1257 998; x_wconf 83' lang='lat' dir='ltr'><strong>quia</strong></span> <span class='ocrx_word' id='word_1_54' title='bbox 1299 925 1523 994; x_wconf 85' lang='lat' dir='ltr'><strong>publica</strong></span> <span class='ocrx_word' id='word_1_55' title='bbox 1577 926 1779 980; x_wconf 88' lang='lat' dir='ltr'><strong>tributa</strong></span> <span class='ocrx_word' id='word_1_56' title='bbox 1819 924 2078 979; x_wconf 87' lang='lat' dir='ltr'><strong>solvendo</strong></span> 
     </span>
    </p>
   </div>
   <div class='ocr_carea' id='block_1_11' title="bbox 498 1014 2076 1083">
    <p class='ocr_par' dir='ltr' id='par_1_11' title="bbox 498 1014 2076 1083">
     <span class='ocr_line' id='line_1_11' title="bbox 498 1014 2076 1083; baseline -0.004 -12"><span class='ocrx_word' id='word_1_57' title='bbox 498 1035 604 1072; x_wconf 89' lang='lat' dir='ltr'><strong>non</strong></span> <span class='ocrx_word' id='word_1_58' title='bbox 640 1029 820 1072; x_wconf 85' lang='lat' dir='ltr'><strong>erant.</strong></span> <span class='ocrx_word' id='word_1_59' title='bbox 848 1017 926 1070; x_wconf 87' lang='lat' dir='ltr'><strong>Tu</strong></span> <span class='ocrx_word' id='word_1_60' title='bbox 968 1032 1097 1071; x_wconf 89' lang='lat' dir='ltr'><strong>vero</strong></span> <span class='ocrx_word' id='word_1_61' title='bbox 1128 1032 1232 1071; x_wconf 90' lang='lat' dir='ltr'><strong>non</strong></span> <span class='ocrx_word' id='word_1_62' title='bbox 1279 1017 1558 1071; x_wconf 88' lang='lat' dir='ltr'><strong>erubescis</strong></span> <span class='ocrx_word' id='word_1_63' title='bbox 1597 1030 1773 1083; x_wconf 88' lang='lat' dir='ltr'><strong>neque</strong></span> <span class='ocrx_word' id='word_1_64' title='bbox 1806 1014 1943 1069; x_wconf 79' lang='lat' dir='ltr'><strong>intra</strong></span> <span class='ocrx_word' id='word_1_65' title='bbox 1979 1015 2076 1067; x_wconf 81' lang='lat' dir='ltr'><strong>lm-</strong></span> 
     </span>
    </p>
   </div>
   <div class='ocr_carea' id='block_1_12' title="bbox 501 1106 2077 1177">
    <p class='ocr_par' dir='ltr' id='par_1_12' title="bbox 501 1106 2077 1177">
     <span class='ocr_line' id='line_1_12' title="bbox 501 1106 2077 1177; baseline -0.003 -14"><span class='ocrx_word' id='word_1_66' title='bbox 501 1126 647 1163; x_wconf 83' lang='lat' dir='ltr'><strong>nium</strong></span> <span class='ocrx_word' id='word_1_67' title='bbox 677 1121 726 1163; x_wconf 91' lang='lat' dir='ltr'><strong>te</strong></span> <span class='ocrx_word' id='word_1_68' title='bbox 753 1109 930 1169; x_wconf 82' lang='lat' dir='ltr'><strong>abdis,</strong></span> <span class='ocrx_word' id='word_1_69' title='bbox 961 1109 1051 1176; x_wconf 87' lang='lat' dir='ltr'><strong>qui</strong></span> <span class='ocrx_word' id='word_1_70' title='bbox 1081 1109 1452 1177; x_wconf 80' lang='lat' dir='ltr'><strong>proximorum</strong></span> <span class='ocrx_word' id='word_1_71' title='bbox 1478 1118 1694 1161; x_wconf 90' lang='lat' dir='ltr'><strong>tuorum</strong></span> <span class='ocrx_word' id='word_1_72' title='bbox 1719 1107 1884 1161; x_wconf 81' lang='lat' dir='ltr'><strong>vitam</strong></span> <span class='ocrx_word' id='word_1_73' title='bbox 1914 1106 2077 1159; x_wconf 74' lang='lat' dir='ltr'><strong>devo-</strong></span> 
     </span>
    </p>
   </div>
   <div class='ocr_carea' id='block_1_13' title="bbox 502 1195 2075 1269">
    <p class='ocr_par' dir='ltr' id='par_1_13' title="bbox 502 1195 2075 1269">
     <span class='ocr_line' id='line_1_13' title="bbox 502 1195 2075 1269; baseline -0.005 -15"><span class='ocrx_word' id='word_1_74' title='bbox 502 1217 613 1265; x_wconf 88' lang='lat' dir='ltr'><strong>ras,</strong></span> <span class='ocrx_word' id='word_1_75' title='bbox 644 1211 700 1255; x_wconf 88' lang='lat' dir='ltr'><strong>et</strong></span> <span class='ocrx_word' id='word_1_76' title='bbox 736 1200 1076 1269; x_wconf 86' lang='lat' dir='ltr'><strong>popularium</strong></span> <span class='ocrx_word' id='word_1_77' title='bbox 1109 1214 1302 1253; x_wconf 85' lang='lat' dir='ltr'><strong>carnes</strong></span> <span class='ocrx_word' id='word_1_78' title='bbox 1329 1198 1438 1251; x_wconf 91' lang='lat' dir='ltr'><strong>imo</strong></span> <span class='ocrx_word' id='word_1_79' title='bbox 1464 1199 1645 1267; x_wconf 89' lang='lat' dir='ltr'><strong>potius</strong></span> <span class='ocrx_word' id='word_1_80' title='bbox 1676 1195 2075 1265; x_wconf 84' lang='lat' dir='ltr'><strong>ipsasanimas,</strong></span> 
     </span>
    </p>
   </div>
   <div class='ocr_carea' id='block_1_14' title="bbox 503 1288 2079 1360">
    <p class='ocr_par' dir='ltr' id='par_1_14' title="bbox 503 1288 2079 1360">
     <span class='ocr_line' id='line_1_14' title="bbox 503 1288 2079 1360; baseline -0.004 -14"><span class='ocrx_word' id='word_1_81' title='bbox 503 1293 604 1347; x_wconf 86' lang='lat' dir='ltr'><strong>levi</strong></span> <span class='ocrx_word' id='word_1_82' title='bbox 631 1292 750 1345; x_wconf 91' lang='lat' dir='ltr'><strong>auri</strong></span> <span class='ocrx_word' id='word_1_83' title='bbox 776 1291 1015 1360; x_wconf 89' lang='lat' dir='ltr'><strong>pondere</strong></span> <span class='ocrx_word' id='word_1_84' title='bbox 1035 1291 1219 1344; x_wconf 87' lang='lat' dir='ltr'><strong>vendis</strong></span> <span class='ocrx_word' id='word_1_85' title='bbox 1245 1307 1260 1355; x_wconf 88' lang='lat'><strong>;</strong></span> <span class='ocrx_word' id='word_1_86' title='bbox 1293 1305 1356 1343; x_wconf 91' lang='lat' dir='ltr'><strong>ac</strong></span> <span class='ocrx_word' id='word_1_87' title='bbox 1375 1300 1493 1344; x_wconf 88' lang='lat' dir='ltr'><strong>tuas</strong></span> <span class='ocrx_word' id='word_1_88' title='bbox 1511 1289 1734 1344; x_wconf 86' lang='lat' dir='ltr'><strong>delicias</strong></span> <span class='ocrx_word' id='word_1_89' title='bbox 1761 1288 2079 1354; x_wconf 76' lang='lat' dir='ltr'><strong>lucruniqrte</strong></span> 
     </span>
    </p>
   </div>
   <div class='ocr_carea' id='block_1_15' title="bbox 500 1380 1618 1438">
    <p class='ocr_par' dir='ltr' id='par_1_15' title="bbox 500 1380 1618 1438">
     <span class='ocr_line' id='line_1_15' title="bbox 500 1380 1618 1438; baseline -0.003 0"><span class='ocrx_word' id='word_1_90' title='bbox 500 1386 792 1438; x_wconf 80' lang='lat' dir='ltr'><strong>exitiosum</strong></span> <span class='ocrx_word' id='word_1_91' title='bbox 827 1384 1037 1438; x_wconf 87' lang='lat' dir='ltr'><strong>alienas</strong></span> <span class='ocrx_word' id='word_1_92' title='bbox 1067 1382 1412 1437; x_wconf 82' lang='lat' dir='ltr'><strong>calamitates</strong></span> <span class='ocrx_word' id='word_1_93' title='bbox 1441 1380 1618 1436; x_wconf 76' lang='lat' dir='ltr'><strong>facis?</strong></span> 
     </span>
    </p>
   </div>
   <div class='ocr_carea' id='block_1_16' title="bbox 571 1573 2077 1650">
    <p class='ocr_par' dir='ltr' id='par_1_16' title="bbox 571 1573 2077 1650">
     <span class='ocr_line' id='line_1_16' title="bbox 571 1573 2077 1650; baseline -0.005 -14"><span class='ocrx_word' id='word_1_94' title='bbox 571 1583 662 1638; x_wconf 88' lang='lat'><strong>76.</strong></span> <span class='ocrx_word' id='word_1_95' title='bbox 699 1580 826 1636; x_wconf 79' lang='lat' dir='ltr'><strong>ldco</strong></span> <span class='ocrx_word' id='word_1_96' title='bbox 859 1591 911 1635; x_wconf 90' lang='lat' dir='ltr'><strong>tu</strong></span> <span class='ocrx_word' id='word_1_97' title='bbox 957 1579 1173 1650; x_wconf 89' lang='lat' dir='ltr'><strong>imperii</strong></span> <span class='ocrx_word' id='word_1_98' title='bbox 1210 1578 1572 1633; x_wconf 87' lang='lat' dir='ltr'><strong>diuturnitate</strong></span> <span class='ocrx_word' id='word_1_99' title='bbox 1594 1586 1647 1631; x_wconf 88' lang='lat' dir='ltr'><strong>et</strong></span> <span class='ocrx_word' id='word_1_100' title='bbox 1676 1574 1939 1631; x_wconf 78' lang='lat' dir='ltr'><strong>felicitate</strong></span> <span class='ocrx_word' id='word_1_101' title='bbox 1966 1573 2077 1643; x_wconf 88' lang='lat' dir='ltr'><strong>glo-</strong></span> 
     </span>
    </p>
   </div>
   <div class='ocr_carea' id='block_1_17' title="bbox 500 1669 2075 1741">
    <p class='ocr_par' dir='ltr' id='par_1_17' title="bbox 500 1669 2075 1741">
     <span class='ocr_line' id='line_1_17' title="bbox 500 1669 2075 1741; baseline -0.004 -13"><span class='ocrx_word' id='word_1_102' title='bbox 500 1673 705 1728; x_wconf 85' lang='lat' dir='ltr'><strong>riaris?</strong></span> <span class='ocrx_word' id='word_1_103' title='bbox 735 1672 939 1741; x_wconf 77' lang='lat' dir='ltr'><strong>Magnae</strong></span> <span class='ocrx_word' id='word_1_104' title='bbox 975 1671 1069 1724; x_wconf 92' lang='lat' dir='ltr'><strong>tibi</strong></span> <span class='ocrx_word' id='word_1_105' title='bbox 1096 1670 1347 1724; x_wconf 89' lang='lat' dir='ltr'><strong>videntur</strong></span> <span class='ocrx_word' id='word_1_106' title='bbox 1372 1683 1457 1723; x_wconf 90' lang='lat' dir='ltr'><strong>res</strong></span> <span class='ocrx_word' id='word_1_107' title='bbox 1494 1678 1808 1738; x_wconf 65' lang='lat' dir='ltr'><strong>praesentes,</strong></span> <span class='ocrx_word' id='word_1_108' title='bbox 1849 1676 1901 1723; x_wconf 89' lang='lat' dir='ltr'><strong>et</strong></span> <span class='ocrx_word' id='word_1_109' title='bbox 1929 1669 2075 1723; x_wconf 90' lang='lat' dir='ltr'><strong>omni</strong></span> 
     </span>
    </p>
   </div>
   <div class='ocr_carea' id='block_1_18' title="bbox 499 1758 2075 1830">
    <p class='ocr_par' dir='ltr' id='par_1_18' title="bbox 499 1758 2075 1830">
     <span class='ocr_line' id='line_1_18' title="bbox 499 1758 2075 1830; baseline -0.002 -13"><span class='ocrx_word' id='word_1_110' title='bbox 499 1762 864 1817; x_wconf 81' lang='lat' dir='ltr'><strong>admiratione</strong></span> <span class='ocrx_word' id='word_1_111' title='bbox 932 1758 1142 1830; x_wconf 61' lang='lat' dir='ltr'><strong>dignm?</strong></span> <span class='ocrx_word' id='word_1_112' title='bbox 1206 1760 1502 1815; x_wconf 87' lang='lat' dir='ltr'><strong>Commove</strong></span> <span class='ocrx_word' id='word_1_113' title='bbox 1568 1759 1827 1827; x_wconf 80' lang='lat' dir='ltr'><strong>deinceps</strong></span> <span class='ocrx_word' id='word_1_114' title='bbox 1889 1770 2075 1814; x_wconf 87' lang='lat' dir='ltr'><strong>contra</strong></span> 
     </span>
    </p>
   </div>
   <div class='ocr_carea' id='block_1_19' title="bbox 2176 541 3761 620">
    <p class='ocr_par' dir='ltr' id='par_1_19' title="bbox 2176 541 3761 620">
     <span class='ocr_line' id='line_1_19' title="bbox 2176 541 3761 620; baseline -0.003 -18"><span class='ocrx_word' id='word_1_115' title='bbox 2176 548 2425 620; x_wconf 77' lang='grc' dir='ltr'><strong>γεωργοῦ</strong></span> <span class='ocrx_word' id='word_1_116' title='bbox 2465 549 2713 611; x_wconf 77' lang='grc' dir='ltr'>ἅπασαν,</span> <span class='ocrx_word' id='word_1_117' title='bbox 2743 544 2984 616; x_wconf 80' lang='grc' dir='ltr'>εὐχερῶς</span> <span class='ocrx_word' id='word_1_118' title='bbox 3015 547 3082 600; x_wconf 87' lang='grc' dir='ltr'><strong>άν</strong></span> <span class='ocrx_word' id='word_1_119' title='bbox 3110 563 3197 608; x_wconf 81' lang='grc' dir='ltr'><strong>τις</strong></span> <span class='ocrx_word' id='word_1_120' title='bbox 3232 545 3543 617; x_wconf 74' lang='grc' dir='ltr'><strong>ἐξωνήσατο</strong></span> <span class='ocrx_word' id='word_1_121' title='bbox 3562 559 3582 578; x_wconf 74' lang='grc'><strong><em>⁸</em></strong></span> <span class='ocrx_word' id='word_1_122' title='bbox 3617 541 3761 598; x_wconf 80' lang='grc' dir='ltr'>εἶδον</span> 
     </span>
    </p>
   </div>
   <div class='ocr_carea' id='block_1_20' title="bbox 2178 626 3765 709">
    <p class='ocr_par' dir='ltr' id='par_1_20' title="bbox 2178 626 3765 709">
     <span class='ocr_line' id='line_1_20' title="bbox 2178 626 3765 709; baseline -0.003 -14"><span class='ocrx_word' id='word_1_123' title='bbox 2178 641 2355 709; x_wconf 77' lang='grc' dir='ltr'>ἔγωγε</span> <span class='ocrx_word' id='word_1_124' title='bbox 2394 639 2505 692; x_wconf 84' lang='grc' dir='ltr'><strong>τῶν</strong></span> <span class='ocrx_word' id='word_1_125' title='bbox 2534 626 2905 707; x_wconf 79' lang='grc' dir='ltr'>τελεσμάτων</span> <span class='ocrx_word' id='word_1_126' title='bbox 2932 638 3096 708; x_wconf 69' lang='grc' dir='ltr'>χάριν</span> <span class='ocrx_word' id='word_1_127' title='bbox 3134 635 3463 708; x_wconf 79' lang='grc' dir='ltr'><strong>ἀνθρώπους</strong></span> <span class='ocrx_word' id='word_1_128' title='bbox 3497 637 3722 701; x_wconf 76' lang='grc' dir='ltr'>ἀθλίους</span> <span class='ocrx_word' id='word_1_129' title='bbox 3749 678 3765 702; x_wconf 76' lang='grc'><strong>,</strong></span> 
     </span>
    </p>
   </div>
   <div class='ocr_carea' id='block_1_21' title="bbox 2176 729 3766 803">
    <p class='ocr_par' dir='ltr' id='par_1_21' title="bbox 2176 729 3766 803">
     <span class='ocr_line' id='line_1_21' title="bbox 2176 729 3766 803; baseline -0.001 -19"><span class='ocrx_word' id='word_1_130' title='bbox 2176 731 2457 802; x_wconf 82' lang='grc' dir='ltr'>δένδρεσιν</span> <span class='ocrx_word' id='word_1_131' title='bbox 2496 729 2724 800; x_wconf 73' lang='grc' dir='ltr'>ὑψηλοῖς</span> <span class='ocrx_word' id='word_1_132' title='bbox 2765 746 2824 782; x_wconf 90' lang='grc' dir='ltr'><strong>τε</strong></span> <span class='ocrx_word' id='word_1_133' title='bbox 2865 729 2961 783; x_wconf 76' lang='grc' dir='ltr'>καὶ</span> <span class='ocrx_word' id='word_1_134' title='bbox 2992 729 3267 801; x_wconf 83' lang='grc' dir='ltr'>εύμήκεσι</span> <span class='ocrx_word' id='word_1_135' title='bbox 3290 768 3307 794; x_wconf 88' lang='grc'><strong>,</strong></span> <span class='ocrx_word' id='word_1_136' title='bbox 3338 729 3540 803; x_wconf 82' lang='grc' dir='ltr'>χειρῶν</span> <span class='ocrx_word' id='word_1_137' title='bbox 3588 729 3766 801; x_wconf 76' lang='grc' dir='ltr'>ἐξημ-</span> 
     </span>
    </p>
   </div>
   <div class='ocr_carea' id='block_1_22' title="bbox 2182 818 3766 894">
    <p class='ocr_par' dir='ltr' id='par_1_22' title="bbox 2182 818 3766 894">
     <span class='ocr_line' id='line_1_22' title="bbox 2182 818 3766 894; baseline -0.001 -18"><span class='ocrx_word' id='word_1_138' title='bbox 2182 824 2380 894; x_wconf 82' lang='grc' dir='ltr'>μένους</span> <span class='ocrx_word' id='word_1_139' title='bbox 2421 822 2715 892; x_wconf 75' lang='grc' dir='ltr'>ἐκκρεμεῖς</span> <span class='ocrx_word' id='word_1_140' title='bbox 2744 860 2759 883; x_wconf 90' lang='grc'><strong>,</strong></span> <span class='ocrx_word' id='word_1_141' title='bbox 2792 818 2870 883; x_wconf 85' lang='grc' dir='ltr'>ὡς</span> <span class='ocrx_word' id='word_1_142' title='bbox 2913 820 3008 872; x_wconf 79' lang='grc' dir='ltr'>ἐπὶ</span> <span class='ocrx_word' id='word_1_143' title='bbox 3050 820 3145 874; x_wconf 83' lang='grc' dir='ltr'>τὸν</span> <span class='ocrx_word' id='word_1_144' title='bbox 3177 821 3320 892; x_wconf 89' lang='grc' dir='ltr'>ἀέρα</span> <span class='ocrx_word' id='word_1_145' title='bbox 3364 822 3457 874; x_wconf 77' lang='grc' dir='ltr'>ἐπὶ</span> <span class='ocrx_word' id='word_1_146' title='bbox 3491 820 3629 875; x_wconf 84' lang='grc' dir='ltr'><strong>πολύ</strong></span> <span class='ocrx_word' id='word_1_147' title='bbox 3666 836 3766 891; x_wconf 73' lang='grc' dir='ltr'>με·</span> 
     </span>
    </p>
   </div>
   <div class='ocr_carea' id='block_1_23' title="bbox 2176 912 3770 985">
    <p class='ocr_par' dir='ltr' id='par_1_23' title="bbox 2176 912 3770 985">
     <span class='ocr_line' id='line_1_23' title="bbox 2176 912 3770 985; baseline 0 -18"><span class='ocrx_word' id='word_1_148' title='bbox 2176 913 2537 985; x_wconf 79' lang='grc' dir='ltr'>τεωρίζεσθαι</span> <span class='ocrx_word' id='word_1_149' title='bbox 2558 950 2573 977; x_wconf 91' lang='grc'><strong>,</strong></span> <span class='ocrx_word' id='word_1_150' title='bbox 2604 913 2702 966; x_wconf 77' lang='grc' dir='ltr'>καὶ</span> <span class='ocrx_word' id='word_1_151' title='bbox 2741 912 2950 981; x_wconf 84' lang='grc' dir='ltr'>ταύτην</span> <span class='ocrx_word' id='word_1_152' title='bbox 2982 913 3188 983; x_wconf 83' lang='grc' dir='ltr'>πικρὰν</span> <span class='ocrx_word' id='word_1_153' title='bbox 3219 914 3313 967; x_wconf 77' lang='grc' dir='ltr'>καὶ</span> <span class='ocrx_word' id='word_1_154' title='bbox 3343 913 3529 984; x_wconf 85' lang='grc' dir='ltr'>βιαίαν</span> <span class='ocrx_word' id='word_1_155' title='bbox 3578 912 3770 983; x_wconf 73' lang='grc' dir='ltr'>διαφέ-</span> 
     </span>
    </p>
   </div>
   <div class='ocr_carea' id='block_1_24' title="bbox 2182 1001 3769 1075">
    <p class='ocr_par' dir='ltr' id='par_1_24' title="bbox 2182 1001 3769 1075">
     <span class='ocr_line' id='line_1_24' title="bbox 2182 1001 3769 1075; baseline 0.001 -18"><span class='ocrx_word' id='word_1_156' title='bbox 2182 1020 2375 1073; x_wconf 90' lang='grc' dir='ltr'>ροντας</span> <span class='ocrx_word' id='word_1_157' title='bbox 2413 1003 2706 1073; x_wconf 83' lang='grc' dir='ltr'><strong>τιμωρίαν,</strong></span> <span class='ocrx_word' id='word_1_158' title='bbox 2740 1003 2948 1073; x_wconf 82' lang='grc' dir='ltr'>ἀπορίᾳ</span> <span class='ocrx_word' id='word_1_159' title='bbox 2971 1001 3081 1055; x_wconf 84' lang='grc' dir='ltr'><strong>τῶν</strong></span> <span class='ocrx_word' id='word_1_160' title='bbox 3110 1002 3393 1072; x_wconf 74' lang='grc' dir='ltr'><strong>δημοσίων</strong></span> <span class='ocrx_word' id='word_1_161' title='bbox 3432 1003 3618 1075; x_wconf 79' lang='grc' dir='ltr'>φόρων</span> <span class='ocrx_word' id='word_1_162' title='bbox 3644 1022 3659 1036; x_wconf 89' lang='grc'><strong>·</strong></span> <span class='ocrx_word' id='word_1_163' title='bbox 3700 1005 3769 1058; x_wconf 76' lang='grc' dir='ltr'>σὺ</span> 
     </span>
    </p>
   </div>
   <div class='ocr_carea' id='block_1_25' title="bbox 2177 1090 3769 1166">
    <p class='ocr_par' dir='ltr' id='par_1_25' title="bbox 2177 1090 3769 1166">
     <span class='ocr_line' id='line_1_25' title="bbox 2177 1090 3769 1166; baseline 0.001 -21"><span class='ocrx_word' id='word_1_164' title='bbox 2177 1092 2234 1145; x_wconf 85' lang='grc' dir='ltr'>δὲ</span> <span class='ocrx_word' id='word_1_165' title='bbox 2268 1094 2371 1146; x_wconf 80' lang='grc' dir='ltr'><strong>οὐκ</strong></span> <span class='ocrx_word' id='word_1_166' title='bbox 2412 1090 2647 1164; x_wconf 76' lang='grc' dir='ltr'>αἰσχύνῃ</span> <span class='ocrx_word' id='word_1_167' title='bbox 2695 1092 2790 1145; x_wconf 83' lang='grc' dir='ltr'>καὶ</span> <span class='ocrx_word' id='word_1_168' title='bbox 2836 1091 3084 1163; x_wconf 83' lang='grc' dir='ltr'>καταδύῃ</span> <span class='ocrx_word' id='word_1_169' title='bbox 3125 1092 3236 1145; x_wconf 82' lang='grc' dir='ltr'><strong>τῶν</strong></span> <span class='ocrx_word' id='word_1_170' title='bbox 3273 1093 3447 1157; x_wconf 88' lang='grc' dir='ltr'>πέλας</span> <span class='ocrx_word' id='word_1_171' title='bbox 3485 1093 3586 1164; x_wconf 79' lang='grc' dir='ltr'>τὴν</span> <span class='ocrx_word' id='word_1_172' title='bbox 3616 1092 3769 1166; x_wconf 80' lang='grc' dir='ltr'>ζωὴν</span> 
     </span>
    </p>
   </div>
   <div class='ocr_carea' id='block_1_26' title="bbox 2177 1182 3764 1256">
    <p class='ocr_par' dir='ltr' id='par_1_26' title="bbox 2177 1182 3764 1256">
     <span class='ocr_line' id='line_1_26' title="bbox 2177 1182 3764 1256; baseline 0.004 -22"><span class='ocrx_word' id='word_1_173' title='bbox 2177 1182 2667 1253; x_wconf 79' lang='grc' dir='ltr'>ἐκκαρπούμενος,</span> <span class='ocrx_word' id='word_1_174' title='bbox 2721 1183 2819 1235; x_wconf 76' lang='grc' dir='ltr'>καὶ</span> <span class='ocrx_word' id='word_1_175' title='bbox 2869 1183 2967 1247; x_wconf 84' lang='grc' dir='ltr'><strong>τὰς</strong></span> <span class='ocrx_word' id='word_1_176' title='bbox 3013 1184 3226 1254; x_wconf 81' lang='grc' dir='ltr'><strong>σάρκας</strong></span> <span class='ocrx_word' id='word_1_177' title='bbox 3281 1184 3391 1237; x_wconf 82' lang='grc' dir='ltr'><strong>τῶν</strong></span> <span class='ocrx_word' id='word_1_178' title='bbox 3444 1184 3764 1256; x_wconf 77' lang='grc' dir='ltr'>ὁμοφύλων.</span> 
     </span>
    </p>
   </div>
   <div class='ocr_carea' id='block_1_27' title="bbox 2180 1273 3762 1349">
    <p class='ocr_par' dir='ltr' id='par_1_27' title="bbox 2180 1273 3762 1349">
     <span class='ocr_line' id='line_1_27' title="bbox 2180 1273 3762 1349; baseline 0.004 -23"><span class='ocrx_word' id='word_1_179' title='bbox 2180 1273 2382 1342; x_wconf 76' lang='grc' dir='ltr'>μᾶλλον</span> <span class='ocrx_word' id='word_1_180' title='bbox 2429 1274 2485 1327; x_wconf 77' lang='grc' dir='ltr'><strong>δέ</strong></span> <span class='ocrx_word' id='word_1_181' title='bbox 2518 1273 2699 1344; x_wconf 77' lang='grc' dir='ltr'>ψυχὰς</span> <span class='ocrx_word' id='word_1_182' title='bbox 2734 1273 2944 1337; x_wconf 84' lang='grc' dir='ltr'>αὐτάς,</span> <span class='ocrx_word' id='word_1_183' title='bbox 2979 1278 3199 1346; x_wconf 81' lang='grc' dir='ltr'><strong>μικροῖς</strong></span> <span class='ocrx_word' id='word_1_184' title='bbox 3241 1278 3532 1347; x_wconf 86' lang='grc' dir='ltr'>σταθμίοις</span> <span class='ocrx_word' id='word_1_185' title='bbox 3582 1280 3762 1349; x_wconf 87' lang='grc' dir='ltr'>ἐμπο-</span> 
     </span>
    </p>
   </div>
   <div class='ocr_carea' id='block_1_28' title="bbox 2180 1364 3765 1441">
    <p class='ocr_par' dir='ltr' id='par_1_28' title="bbox 2180 1364 3765 1441">
     <span class='ocr_line' id='line_1_28' title="bbox 2180 1364 3765 1441; baseline 0.007 -27"><span class='ocrx_word' id='word_1_186' title='bbox 2180 1364 2505 1434; x_wconf 52' lang='grc' dir='ltr'>ρευόμενος</span> <span class='ocrx_word' id='word_1_187' title='bbox 2561 1366 2660 1418; x_wconf 77' lang='grc' dir='ltr'>καὶ</span> <span class='ocrx_word' id='word_1_188' title='bbox 2695 1367 2912 1436; x_wconf 80' lang='grc' dir='ltr'>τρυφὴν</span> <span class='ocrx_word' id='word_1_189' title='bbox 2953 1366 3127 1435; x_wconf 84' lang='grc' dir='ltr'>ίδίαν,</span> <span class='ocrx_word' id='word_1_190' title='bbox 3178 1368 3273 1421; x_wconf 74' lang='grc' dir='ltr'>καὶ</span> <span class='ocrx_word' id='word_1_191' title='bbox 3320 1366 3513 1440; x_wconf 80' lang='grc' dir='ltr'>κέρδος</span> <span class='ocrx_word' id='word_1_192' title='bbox 3565 1371 3765 1441; x_wconf 80' lang='grc' dir='ltr'>ἐπιζή-</span> 
     </span>
    </p>
   </div>
   <div class='ocr_carea' id='block_1_29' title="bbox 2181 1454 3765 1533">
    <p class='ocr_par' dir='ltr' id='par_1_29' title="bbox 2181 1454 3765 1533">
     <span class='ocr_line' id='line_1_29' title="bbox 2181 1454 3765 1533; baseline 0.016 -28"><span class='ocrx_word' id='word_1_193' title='bbox 2181 1470 2323 1523; x_wconf 89' lang='grc' dir='ltr'>μιον,</span> <span class='ocrx_word' id='word_1_194' title='bbox 2356 1456 2454 1519; x_wconf 86' lang='grc' dir='ltr'><strong>τάς</strong></span> <span class='ocrx_word' id='word_1_195' title='bbox 2484 1454 2776 1526; x_wconf 76' lang='grc' dir='ltr'>ἀλλοτρίας</span> <span class='ocrx_word' id='word_1_196' title='bbox 2806 1457 3098 1529; x_wconf 74' lang='grc' dir='ltr'>συμφορὰς</span> <span class='ocrx_word' id='word_1_197' title='bbox 3150 1458 3519 1529; x_wconf 73' lang='grc' dir='ltr'>ἐργαζόμενος</span> <span class='ocrx_word' id='word_1_198' title='bbox 3558 1463 3765 1533; x_wconf 71' lang='grc' dir='ltr'><strong>(πισιι);</strong></span> 
     </span>
    </p>
   </div>
   <div class='ocr_carea' id='block_1_30' title="bbox 2247 1564 3767 1643">
    <p class='ocr_par' dir='ltr' id='par_1_30' title="bbox 2247 1564 3767 1643">
     <span class='ocr_line' id='line_1_30' title="bbox 2247 1564 3767 1643; baseline 0.007 -25"><span class='ocrx_word' id='word_1_199' title='bbox 2247 1572 2355 1632; x_wconf 82' lang='grc' dir='ltr'>ος’.</span> <span class='ocrx_word' id='word_1_200' title='bbox 2397 1564 2497 1619; x_wconf 86' lang='grc' dir='ltr'>Διά</span> <span class='ocrx_word' id='word_1_201' title='bbox 2542 1565 2702 1621; x_wconf 79' lang='grc' dir='ltr'>τοῦτο</span> <span class='ocrx_word' id='word_1_202' title='bbox 2745 1567 3034 1642; x_wconf 77' lang='grc' dir='ltr'>ἐπαγάλλῃ</span> <span class='ocrx_word' id='word_1_203' title='bbox 3083 1572 3198 1634; x_wconf 83' lang='grc' dir='ltr'>τοῖς</span> <span class='ocrx_word' id='word_1_204' title='bbox 3226 1572 3441 1643; x_wconf 84' lang='grc' dir='ltr'>χρόνοις</span> <span class='ocrx_word' id='word_1_205' title='bbox 3492 1573 3590 1627; x_wconf 63' lang='grc' dir='ltr'><strong>καὶ¹</strong></span> <span class='ocrx_word' id='word_1_206' title='bbox 3639 1578 3767 1639; x_wconf 70' lang='grc' dir='ltr'>ταῖς</span> 
     </span>
    </p>
   </div>
   <div class='ocr_carea' id='block_1_31' title="bbox 2180 1658 3769 1736">
    <p class='ocr_par' dir='ltr' id='par_1_31' title="bbox 2180 1658 3769 1736">
     <span class='ocr_line' id='line_1_31' title="bbox 2180 1658 3769 1736; baseline 0.006 -26"><span class='ocrx_word' id='word_1_207' title='bbox 2180 1658 2502 1729; x_wconf 78' lang='grc' dir='ltr'>εὐημερίαις</span> <span class='ocrx_word' id='word_1_208' title='bbox 2529 1675 2544 1723; x_wconf 91' lang='lat'><strong>;</strong></span> <span class='ocrx_word' id='word_1_209' title='bbox 2580 1659 2793 1730; x_wconf 84' lang='grc' dir='ltr'>μεγάλα</span> <span class='ocrx_word' id='word_1_210' title='bbox 2826 1677 2908 1714; x_wconf 93' lang='grc' dir='ltr'><strong>σοι</strong></span> <span class='ocrx_word' id='word_1_211' title='bbox 2930 1662 2998 1714; x_wconf 73' lang='grc' dir='ltr'>τὰ</span> <span class='ocrx_word' id='word_1_212' title='bbox 3030 1662 3279 1736; x_wconf 90' lang='grc' dir='ltr'>παρόντα</span> <span class='ocrx_word' id='word_1_213' title='bbox 3304 1664 3401 1717; x_wconf 77' lang='grc' dir='ltr'>καὶ</span> <span class='ocrx_word' id='word_1_214' title='bbox 3432 1664 3527 1717; x_wconf 82' lang='grc' dir='ltr'>τοῦ</span> <span class='ocrx_word' id='word_1_215' title='bbox 3560 1668 3769 1731; x_wconf 71' lang='grc' dir='ltr'>παντὸς</span> 
     </span>
    </p>
   </div>
   <div class='ocr_carea' id='block_1_32' title="bbox 2181 1749 3770 1831">
    <p class='ocr_par' dir='ltr' id='par_1_32' title="bbox 2181 1749 3770 1831">
     <span class='ocr_line' id='line_1_32' title="bbox 2181 1749 3770 1831; baseline 0.006 -28"><span class='ocrx_word' id='word_1_216' title='bbox 2181 1749 2461 1822; x_wconf 78' lang='grc' dir='ltr'><strong>θαύματος</strong></span> <span class='ocrx_word' id='word_1_217' title='bbox 2486 1749 2613 1816; x_wconf 80' lang='grc' dir='ltr'>ἀξια</span> <span class='ocrx_word' id='word_1_218' title='bbox 2641 1770 2655 1817; x_wconf 90' lang='grc'><strong>;</strong></span> <span class='ocrx_word' id='word_1_219' title='bbox 2690 1751 2844 1806; x_wconf 83' lang='grc' dir='ltr'>Κίνει</span> <span class='ocrx_word' id='word_1_220' title='bbox 2867 1753 3053 1807; x_wconf 80' lang='grc' dir='ltr'>λοιπὸν</span> <span class='ocrx_word' id='word_1_221' title='bbox 3087 1756 3232 1810; x_wconf 87' lang='grc' dir='ltr'><strong>κατά</strong></span> <span class='ocrx_word' id='word_1_222' title='bbox 3268 1757 3365 1810; x_wconf 82' lang='grc' dir='ltr'>τοῦ</span> <span class='ocrx_word' id='word_1_223' title='bbox 3392 1759 3632 1812; x_wconf 82' lang='grc' dir='ltr'>Κτίστου</span> <span class='ocrx_word' id='word_1_224' title='bbox 3662 1760 3770 1831; x_wconf 77' lang='grc' dir='ltr'>τὴν</span> 
     </span>
    </p>
   </div>
   <div class='ocr_carea' id='block_1_33' title="bbox 497 1841 2076 1922">
    <p class='ocr_par' dir='ltr' id='par_1_33' title="bbox 497 1844 2072 1919">
     <span class='ocr_line' id='line_1_33' title="bbox 497 1844 2072 1919; baseline -0.002 -14"><span class='ocrx_word' id='word_1_225' title='bbox 497 1850 814 1905; x_wconf 85' lang='lat' dir='ltr'><strong>Creatorem</strong></span> <span class='ocrx_word' id='word_1_226' title='bbox 848 1849 1082 1919; x_wconf 79' lang='lat' dir='ltr'><strong>linguam</strong></span> <span class='ocrx_word' id='word_1_227' title='bbox 1119 1864 1134 1903; x_wconf 92' lang='lat'><strong>:</strong></span> <span class='ocrx_word' id='word_1_228' title='bbox 1165 1860 1405 1904; x_wconf 87' lang='lat' dir='ltr'><strong>armatas</strong></span> <span class='ocrx_word' id='word_1_229' title='bbox 1434 1844 1699 1903; x_wconf 64' lang='lat' dir='ltr'><strong>adversus</strong></span> <span class='ocrx_word' id='word_1_230' title='bbox 1727 1846 2072 1918; x_wconf 77' lang='lat' dir='ltr'><strong>Uuigenitum</strong></span> 
     </span>
    </p>
   </div>
   <div class='ocr_carea' id='block_1_34' title="bbox 2182 1841 3771 1922">
    <p class='ocr_par' dir='ltr' id='par_1_34' title="bbox 2182 1841 3771 1922">
     <span class='ocr_line' id='line_1_34' title="bbox 2182 1841 3771 1922; baseline 0.006 -27"><span class='ocrx_word' id='word_1_231' title='bbox 2182 1841 2470 1913; x_wconf 84' lang='grc' dir='ltr'>γλῶσσαν·</span> <span class='ocrx_word' id='word_1_232' title='bbox 2510 1843 2699 1908; x_wconf 81' lang='grc' dir='ltr'>ὅπλιζε</span> <span class='ocrx_word' id='word_1_233' title='bbox 2743 1846 2886 1898; x_wconf 88' lang='grc' dir='ltr'><strong>κατά</strong></span> <span class='ocrx_word' id='word_1_234' title='bbox 2931 1845 3033 1915; x_wconf 81' lang='grc' dir='ltr'>τῆς</span> <span class='ocrx_word' id='word_1_235' title='bbox 3077 1846 3173 1901; x_wconf 79' lang='grc' dir='ltr'><strong>τοῦ</strong></span> <span class='ocrx_word' id='word_1_236' title='bbox 3207 1849 3554 1917; x_wconf 84' lang='grc' dir='ltr'>Μονογενοῦς</span> <span class='ocrx_word' id='word_1_237' title='bbox 3601 1850 3771 1922; x_wconf 82' lang='grc' dir='ltr'>δόξης</span> 
     </span>
    </p>
   </div>
   <div class='ocr_carea' id='block_1_35' title="bbox 498 1938 2076 2009">
    <p class='ocr_par' dir='ltr' id='par_1_35' title="bbox 498 1938 2076 2009">
     <span class='ocr_line' id='line_1_35' title="bbox 498 1938 2076 2009; baseline -0.001 -13"><span class='ocrx_word' id='word_1_238' title='bbox 498 1956 691 1996; x_wconf 77' lang='lat' dir='ltr'><strong>exsere</strong></span> <span class='ocrx_word' id='word_1_239' title='bbox 725 1956 915 1995; x_wconf 91' lang='lat' dir='ltr'><strong>manus</strong></span> <span class='ocrx_word' id='word_1_240' title='bbox 940 1960 955 1995; x_wconf 83' lang='lat'><strong>:</strong></span> <span class='ocrx_word' id='word_1_241' title='bbox 992 1951 1279 1994; x_wconf 88' lang='lat' dir='ltr'><strong>contemne</strong></span> <span class='ocrx_word' id='word_1_242' title='bbox 1302 1938 1603 2003; x_wconf 87' lang='lat' dir='ltr'><strong>Christum,</strong></span> <span class='ocrx_word' id='word_1_243' title='bbox 1626 1940 1754 2009; x_wconf 89' lang='lat' dir='ltr'><strong>quia</strong></span> <span class='ocrx_word' id='word_1_244' title='bbox 1796 1938 1849 1993; x_wconf 88' lang='lat' dir='ltr'><strong>in</strong></span> <span class='ocrx_word' id='word_1_245' title='bbox 1876 1947 2076 1994; x_wconf 87' lang='lat' dir='ltr'><strong>terram</strong></span> 
     </span>
    </p>
   </div>
   <div class='ocr_carea' id='block_1_36' title="bbox 498 2026 2078 2097">
    <p class='ocr_par' dir='ltr' id='par_1_36' title="bbox 498 2026 2078 2097">
     <span class='ocr_line' id='line_1_36' title="bbox 498 2026 2078 2097; baseline 0.001 -16"><span class='ocrx_word' id='word_1_246' title='bbox 498 2030 815 2091; x_wconf 86' lang='lat' dir='ltr'><strong>adveniens,</strong></span> <span class='ocrx_word' id='word_1_247' title='bbox 873 2027 1062 2081; x_wconf 82' lang='lat' dir='ltr'><strong>Itumili</strong></span> <span class='ocrx_word' id='word_1_248' title='bbox 1108 2026 1308 2096; x_wconf 77' lang='lat' dir='ltr'><strong>vilique</strong></span> <span class='ocrx_word' id='word_1_249' title='bbox 1361 2028 1543 2095; x_wconf 82' lang='lat' dir='ltr'><strong>specie</strong></span> <span class='ocrx_word' id='word_1_250' title='bbox 1593 2028 1870 2097; x_wconf 86' lang='lat' dir='ltr'><strong>apparuit,</strong></span> <span class='ocrx_word' id='word_1_251' title='bbox 1916 2038 2078 2097; x_wconf 84' lang='lat' dir='ltr'><strong>atque</strong></span> 
     </span>
    </p>
   </div>
   <div class='ocr_carea' id='block_1_37' title="bbox 498 2115 2078 2186">
    <p class='ocr_par' dir='ltr' id='par_1_37' title="bbox 498 2115 2078 2186">
     <span class='ocr_line' id='line_1_37' title="bbox 498 2115 2078 2186; baseline 0.002 -18"><span class='ocrx_word' id='word_1_252' title='bbox 498 2117 741 2168; x_wconf 89' lang='lat' dir='ltr'><strong>omnium</strong></span> <span class='ocrx_word' id='word_1_253' title='bbox 768 2115 1169 2185; x_wconf 88' lang='lat' dir='ltr'><strong>pauperrimus,</strong></span> <span class='ocrx_word' id='word_1_254' title='bbox 1199 2129 1373 2184; x_wconf 82' lang='lat' dir='ltr'><strong>neque</strong></span> <span class='ocrx_word' id='word_1_255' title='bbox 1400 2115 1605 2169; x_wconf 80' lang='lat' dir='ltr'><strong>habens</strong></span> <span class='ocrx_word' id='word_1_256' title='bbox 1657 2116 1746 2170; x_wconf 92' lang='lat' dir='ltr'><strong>ubi</strong></span> <span class='ocrx_word' id='word_1_257' title='bbox 1786 2125 1947 2186; x_wconf 86' lang='lat' dir='ltr'><strong>caput</strong></span> <span class='ocrx_word' id='word_1_258' title='bbox 1986 2131 2078 2171; x_wconf 89' lang='lat' dir='ltr'><strong>re-</strong></span> 
     </span>
    </p>
   </div>
   <div class='ocr_carea' id='block_1_38' title="bbox 501 2204 2080 2274">
    <p class='ocr_par' dir='ltr' id='par_1_38' title="bbox 501 2204 2080 2274">
     <span class='ocr_line' id='line_1_38' title="bbox 501 2204 2080 2274; baseline 0.002 -16"><span class='ocrx_word' id='word_1_259' title='bbox 501 2205 757 2271; x_wconf 86' lang='lat' dir='ltr'><strong>clinaret,</strong></span> <span class='ocrx_word' id='word_1_260' title='bbox 808 2204 1061 2272; x_wconf 81' lang='lat' dir='ltr'><strong>vulpibus</strong></span> <span class='ocrx_word' id='word_1_261' title='bbox 1086 2204 1386 2272; x_wconf 79' lang='lat' dir='ltr'><strong>avibusque</strong></span> <span class='ocrx_word' id='word_1_262' title='bbox 1422 2205 1689 2274; x_wconf 91' lang='lat' dir='ltr'><strong>egentior,</strong></span> <span class='ocrx_word' id='word_1_263' title='bbox 1721 2206 1937 2261; x_wconf 86' lang='lat' dir='ltr'><strong>brevem</strong></span> <span class='ocrx_word' id='word_1_264' title='bbox 1973 2207 2080 2261; x_wconf 85' lang='lat' dir='ltr'><strong>dis-</strong></span> 
     </span>
    </p>
   </div>
   <div class='ocr_carea' id='block_1_39' title="bbox 498 2296 2079 2366">
    <p class='ocr_par' dir='ltr' id='par_1_39' title="bbox 498 2296 2079 2366">
     <span class='ocr_line' id='line_1_39' title="bbox 498 2296 2079 2366; baseline 0.001 -14"><span class='ocrx_word' id='word_1_265' title='bbox 498 2296 802 2365; x_wconf 90' lang='lat' dir='ltr'><strong>cipulorum</strong></span> <span class='ocrx_word' id='word_1_266' title='bbox 836 2310 1123 2350; x_wconf 88' lang='lat' dir='ltr'><strong>numerum</strong></span> <span class='ocrx_word' id='word_1_267' title='bbox 1163 2296 1411 2361; x_wconf 88' lang='lat' dir='ltr'><strong>trahens,</strong></span> <span class='ocrx_word' id='word_1_268' title='bbox 1469 2306 1632 2365; x_wconf 87' lang='lat' dir='ltr'><strong>atque</strong></span> <span class='ocrx_word' id='word_1_269' title='bbox 1666 2297 1766 2352; x_wconf 82' lang='lat' dir='ltr'><strong>bos</strong></span> <span class='ocrx_word' id='word_1_270' title='bbox 1793 2311 1990 2366; x_wconf 79' lang='lat' dir='ltr'><strong>egenos</strong></span> <span class='ocrx_word' id='word_1_271' title='bbox 2013 2313 2079 2354; x_wconf 85' lang='lat' dir='ltr'><strong>ac</strong></span> 
     </span>
    </p>
   </div>
   <div class='ocr_carea' id='block_1_40' title="bbox 501 2387 2078 2458">
    <p class='ocr_par' dir='ltr' id='par_1_40' title="bbox 501 2387 2078 2458">
     <span class='ocr_line' id='line_1_40' title="bbox 501 2387 2078 2458; baseline 0.001 -18"><span class='ocrx_word' id='word_1_272' title='bbox 501 2402 770 2458; x_wconf 83' lang='lat' dir='ltr'><strong>pauperes</strong></span> <span class='ocrx_word' id='word_1_273' title='bbox 821 2404 837 2441; x_wconf 88' lang='lat'><strong>:</strong></span> <span class='ocrx_word' id='word_1_274' title='bbox 885 2387 1044 2440; x_wconf 90' lang='lat' dir='ltr'><strong>morti</strong></span> <span class='ocrx_word' id='word_1_275' title='bbox 1085 2388 1414 2455; x_wconf 71' lang='lat' dir='ltr'><strong>turpissima:</strong></span> <span class='ocrx_word' id='word_1_276' title='bbox 1468 2402 1567 2442; x_wconf 92' lang='lat' dir='ltr'><strong>ceu</strong></span> <span class='ocrx_word' id='word_1_277' title='bbox 1604 2388 1910 2442; x_wconf 83' lang='lat' dir='ltr'><strong>maleficum</strong></span> <span class='ocrx_word' id='word_1_278' title='bbox 1948 2402 2078 2442; x_wconf 86' lang='lat' dir='ltr'><strong>son-</strong></span> 
     </span>
    </p>
   </div>
   <div class='ocr_carea' id='block_1_41' title="bbox 500 2477 2074 2548">
    <p class='ocr_par' dir='ltr' id='par_1_41' title="bbox 500 2477 2074 2548">
     <span class='ocr_line' id='line_1_41' title="bbox 500 2477 2074 2548; baseline 0 -17"><span class='ocrx_word' id='word_1_279' title='bbox 500 2486 720 2547; x_wconf 81' lang='lat' dir='ltr'><strong>temque</strong></span> <span class='ocrx_word' id='word_1_280' title='bbox 761 2478 1001 2532; x_wconf 89' lang='lat' dir='ltr'><strong>addicito</strong></span> <span class='ocrx_word' id='word_1_281' title='bbox 1034 2495 1047 2531; x_wconf 91' lang='lat'>:</span> <span class='ocrx_word' id='word_1_282' title='bbox 1082 2477 1250 2532; x_wconf 90' lang='lat' dir='ltr'><strong>irride</strong></span> <span class='ocrx_word' id='word_1_283' title='bbox 1282 2492 1503 2532; x_wconf 91' lang='lat' dir='ltr'><strong>crucem</strong></span> <span class='ocrx_word' id='word_1_284' title='bbox 1535 2489 1700 2546; x_wconf 85' lang='lat' dir='ltr'><strong>atque</strong></span> <span class='ocrx_word' id='word_1_285' title='bbox 1737 2479 2074 2548; x_wconf 85' lang='lat' dir='ltr'><strong>passionem,</strong></span> 
     </span>
    </p>
   </div>
   <div class='ocr_carea' id='block_1_42' title="bbox 498 2568 2075 2640">
    <p class='ocr_par' dir='ltr' id='par_1_42' title="bbox 498 2568 2075 2640">
     <span class='ocr_line' id='line_1_42' title="bbox 498 2568 2075 2640; baseline 0.002 -19"><span class='ocrx_word' id='word_1_286' title='bbox 498 2587 661 2640; x_wconf 85' lang='lat' dir='ltr'><strong>quam</strong></span> <span class='ocrx_word' id='word_1_287' title='bbox 706 2571 782 2625; x_wconf 93' lang='lat' dir='ltr'><strong>tui</strong></span> <span class='ocrx_word' id='word_1_288' title='bbox 807 2585 971 2625; x_wconf 88' lang='lat' dir='ltr'><strong>causa</strong></span> <span class='ocrx_word' id='word_1_289' title='bbox 1015 2570 1182 2626; x_wconf 87' lang='lat' dir='ltr'><strong>subiit</strong></span> <span class='ocrx_word' id='word_1_290' title='bbox 1220 2586 1236 2626; x_wconf 88' lang='lat'><strong>:</strong></span> <span class='ocrx_word' id='word_1_291' title='bbox 1291 2569 1555 2640; x_wconf 89' lang='lat' dir='ltr'><strong>prodigiis</strong></span> <span class='ocrx_word' id='word_1_292' title='bbox 1591 2568 1862 2635; x_wconf 88' lang='lat' dir='ltr'><strong>discrede,</strong></span> <span class='ocrx_word' id='word_1_293' title='bbox 1907 2571 2075 2624; x_wconf 90' lang='lat' dir='ltr'><strong>mira-</strong></span> 
     </span>
    </p>
   </div>
   <div class='ocr_carea' id='block_1_43' title="bbox 499 2660 2073 2733">
    <p class='ocr_par' dir='ltr' id='par_1_43' title="bbox 499 2660 2073 2733">
     <span class='ocr_line' id='line_1_43' title="bbox 499 2660 2073 2733; baseline -0.002 -15"><span class='ocrx_word' id='word_1_294' title='bbox 499 2665 623 2719; x_wconf 84' lang='lat' dir='ltr'><strong>cula</strong></span> <span class='ocrx_word' id='word_1_295' title='bbox 658 2664 884 2733; x_wconf 83' lang='lat' dir='ltr'><strong>despue,</strong></span> <span class='ocrx_word' id='word_1_296' title='bbox 927 2662 1160 2717; x_wconf 88' lang='lat' dir='ltr'><strong>ludibrio</strong></span> <span class='ocrx_word' id='word_1_297' title='bbox 1217 2661 1353 2717; x_wconf 86' lang='lat' dir='ltr'><strong>habe</strong></span> <span class='ocrx_word' id='word_1_298' title='bbox 1393 2677 1517 2716; x_wconf 90' lang='lat' dir='ltr'><strong>cum</strong></span> <span class='ocrx_word' id='word_1_299' title='bbox 1565 2660 1769 2717; x_wconf 76' lang='lat' dir='ltr'><strong>Judazis</strong></span> <span class='ocrx_word' id='word_1_300' title='bbox 1822 2675 2073 2716; x_wconf 89' lang='lat' dir='ltr'><strong>resurre-</strong></span> 
     </span>
    </p>
   </div>
   <div class='ocr_carea' id='block_1_44' title="bbox 497 2757 2079 2830">
    <p class='ocr_par' dir='ltr' id='par_1_44' title="bbox 497 2757 2079 2830">
     <span class='ocr_line' id='line_1_44' title="bbox 497 2757 2079 2830; baseline 0 -17"><span class='ocrx_word' id='word_1_301' title='bbox 497 2759 755 2823; x_wconf 87' lang='lat' dir='ltr'><strong>ctionem,</strong></span> <span class='ocrx_word' id='word_1_302' title='bbox 785 2759 1009 2829; x_wconf 73' lang='lat' dir='ltr'><strong>obiurga</strong></span> <span class='ocrx_word' id='word_1_303' title='bbox 1042 2758 1434 2829; x_wconf 88' lang='lat' dir='ltr'><strong>discipulorum</strong></span> <span class='ocrx_word' id='word_1_304' title='bbox 1468 2757 1724 2827; x_wconf 84' lang='lat' dir='ltr'><strong>inepiam,</strong></span> <span class='ocrx_word' id='word_1_305' title='bbox 1764 2759 1883 2814; x_wconf 88' lang='lat' dir='ltr'><strong>sine</strong></span> <span class='ocrx_word' id='word_1_306' title='bbox 1913 2773 2079 2830; x_wconf 90' lang='lat' dir='ltr'><strong>pecu-</strong></span> 
     </span>
    </p>
   </div>
   <div class='ocr_carea' id='block_1_45' title="bbox 499 2849 2078 2919">
    <p class='ocr_par' dir='ltr' id='par_1_45' title="bbox 499 2849 2078 2919">
     <span class='ocr_line' id='line_1_45' title="bbox 499 2849 2078 2919; baseline 0 -14"><span class='ocrx_word' id='word_1_307' title='bbox 499 2851 613 2914; x_wconf 88' lang='lat' dir='ltr'><strong>nia,</strong></span> <span class='ocrx_word' id='word_1_308' title='bbox 671 2852 790 2906; x_wconf 83' lang='lat' dir='ltr'><strong>sine</strong></span> <span class='ocrx_word' id='word_1_309' title='bbox 839 2849 1062 2914; x_wconf 87' lang='lat' dir='ltr'><strong>baculo,</strong></span> <span class='ocrx_word' id='word_1_310' title='bbox 1121 2866 1227 2909; x_wconf 81' lang='lat' dir='ltr'><strong>una</strong></span> <span class='ocrx_word' id='word_1_311' title='bbox 1258 2864 1380 2904; x_wconf 91' lang='lat' dir='ltr'><strong>cum</strong></span> <span class='ocrx_word' id='word_1_312' title='bbox 1444 2850 1630 2904; x_wconf 89' lang='lat' dir='ltr'><strong>tunica</strong></span> <span class='ocrx_word' id='word_1_313' title='bbox 1667 2864 2078 2919; x_wconf 85' lang='lat' dir='ltr'><strong>quaquaversus</strong></span> 
     </span>
    </p>
   </div>
   <div class='ocr_carea' id='block_1_46' title="bbox 501 2940 2079 3010">
    <p class='ocr_par' dir='ltr' id='par_1_46' title="bbox 501 2940 2079 3010">
     <span class='ocr_line' id='line_1_46' title="bbox 501 2940 2079 3010; baseline 0 -14"><span class='ocrx_word' id='word_1_314' title='bbox 501 2951 694 2996; x_wconf 88' lang='lat' dir='ltr'><strong>euntes</strong></span> <span class='ocrx_word' id='word_1_315' title='bbox 728 2955 1064 3010; x_wconf 78' lang='lat' dir='ltr'><strong>aspernare;</strong></span> <span class='ocrx_word' id='word_1_316' title='bbox 1093 2950 1147 2994; x_wconf 88' lang='lat' dir='ltr'><strong>et</strong></span> <span class='ocrx_word' id='word_1_317' title='bbox 1181 2940 1436 3008; x_wconf 83' lang='lat' dir='ltr'><strong>pulchros</strong></span> <span class='ocrx_word' id='word_1_318' title='bbox 1461 2941 1951 3010; x_wconf 83' lang='lat' dir='ltr'><strong>evangelizantium</strong></span> <span class='ocrx_word' id='word_1_319' title='bbox 1984 2955 2079 3010; x_wconf 83' lang='lat' dir='ltr'><strong>pe-</strong></span> 
     </span>
    </p>
   </div>
   <div class='ocr_carea' id='block_1_47' title="bbox 499 3032 2073 3093">
    <p class='ocr_par' dir='ltr' id='par_1_47' title="bbox 499 3032 2073 3093">
     <span class='ocr_line' id='line_1_47' title="bbox 499 3032 2073 3093; baseline -0.001 -6"><span class='ocrx_word' id='word_1_320' title='bbox 499 3034 617 3093; x_wconf 84' lang='lat' dir='ltr'><strong>des,</strong></span> <span class='ocrx_word' id='word_1_321' title='bbox 645 3032 911 3086; x_wconf 84' lang='lat' dir='ltr'><strong>infaustos</strong></span> <span class='ocrx_word' id='word_1_322' title='bbox 966 3032 1222 3086; x_wconf 84' lang='lat' dir='ltr'><strong>existima</strong></span> <span class='ocrx_word' id='word_1_323' title='bbox 1266 3046 1281 3085; x_wconf 88' lang='lat'><strong>:</strong></span> <span class='ocrx_word' id='word_1_324' title='bbox 1312 3032 1501 3086; x_wconf 87' lang='lat' dir='ltr'><strong>deride</strong></span> <span class='ocrx_word' id='word_1_325' title='bbox 1532 3042 1703 3087; x_wconf 88' lang='lat' dir='ltr'><strong>testes</strong></span> <span class='ocrx_word' id='word_1_326' title='bbox 1740 3032 1990 3088; x_wconf 85' lang='lat' dir='ltr'><strong>veritatis</strong></span> <span class='ocrx_word' id='word_1_327' title='bbox 2020 3033 2073 3087; x_wconf 91' lang='lat' dir='ltr'><strong>in</strong></span> 
     </span>
    </p>
   </div>
   <div class='ocr_carea' id='block_1_48' title="bbox 498 3121 2073 3193">
    <p class='ocr_par' dir='ltr' id='par_1_48' title="bbox 498 3121 2073 3193">
     <span class='ocr_line' id='line_1_48' title="bbox 498 3121 2073 3193; baseline -0.001 -15"><span class='ocrx_word' id='word_1_328' title='bbox 498 3123 780 3179; x_wconf 83' lang='lat' dir='ltr'><strong>doloribus</strong></span> <span class='ocrx_word' id='word_1_329' title='bbox 832 3134 887 3178; x_wconf 85' lang='lat' dir='ltr'><strong>et</strong></span> <span class='ocrx_word' id='word_1_330' title='bbox 952 3124 1280 3178; x_wconf 86' lang='lat' dir='ltr'><strong>adversitate</strong></span> <span class='ocrx_word' id='word_1_331' title='bbox 1352 3123 1682 3193; x_wconf 84' lang='lat' dir='ltr'><strong>patientes:</strong></span> <span class='ocrx_word' id='word_1_332' title='bbox 1755 3121 2073 3178; x_wconf 85' lang='lat' dir='ltr'><strong>facultatum</strong></span> 
     </span>
    </p>
   </div>
   <div class='ocr_carea' id='block_1_49' title="bbox 2179 1935 3771 2012">
    <p class='ocr_par' dir='ltr' id='par_1_49' title="bbox 2179 1935 3771 2012">
     <span class='ocr_line' id='line_1_49' title="bbox 2179 1935 3771 2012; baseline 0.006 -25"><span class='ocrx_word' id='word_1_333' title='bbox 2179 1935 2280 1999; x_wconf 81' lang='grc' dir='ltr'><strong>τὰς</strong></span> <span class='ocrx_word' id='word_1_334' title='bbox 2315 1937 2535 2005; x_wconf 86' lang='grc' dir='ltr'>χεῖρας·</span> <span class='ocrx_word' id='word_1_335' title='bbox 2584 1936 2864 2001; x_wconf 82' lang='grc' dir='ltr'>ἐξουδένου</span> <span class='ocrx_word' id='word_1_336' title='bbox 2894 1937 3132 2008; x_wconf 82' lang='grc' dir='ltr'>Χριστὸν</span> <span class='ocrx_word' id='word_1_337' title='bbox 3159 1980 3174 2004; x_wconf 91' lang='grc'><strong>,</strong></span> <span class='ocrx_word' id='word_1_338' title='bbox 3201 1940 3285 1994; x_wconf 80' lang='grc' dir='ltr'>ὅτι</span> <span class='ocrx_word' id='word_1_339' title='bbox 3313 1939 3407 1994; x_wconf 78' lang='grc' dir='ltr'>ἐπὶ</span> <span class='ocrx_word' id='word_1_340' title='bbox 3437 1940 3542 2012; x_wconf 79' lang='grc' dir='ltr'>γῆς</span> <span class='ocrx_word' id='word_1_341' title='bbox 3591 1942 3771 2007; x_wconf 83' lang='grc' dir='ltr'>ἐλθὼν</span> 
     </span>
    </p>
   </div>
   <div class='ocr_carea' id='block_1_50' title="bbox 2180 2024 3773 2101">
    <p class='ocr_par' dir='ltr' id='par_1_50' title="bbox 2180 2024 3773 2101">
     <span class='ocr_line' id='line_1_50' title="bbox 2180 2024 3773 2101; baseline 0.005 -23"><span class='ocrx_word' id='word_1_342' title='bbox 2180 2025 2443 2089; x_wconf 79' lang='grc' dir='ltr'>ταπεινὸς</span> <span class='ocrx_word' id='word_1_343' title='bbox 2482 2024 2641 2095; x_wconf 82' lang='grc' dir='ltr'>ὤφθη</span> <span class='ocrx_word' id='word_1_344' title='bbox 2670 2026 2767 2080; x_wconf 78' lang='grc' dir='ltr'>καὶ</span> <span class='ocrx_word' id='word_1_345' title='bbox 2793 2027 3023 2099; x_wconf 73' lang='grc' dir='ltr'>εὐτελὴς</span> <span class='ocrx_word' id='word_1_346' title='bbox 3047 2027 3105 2082; x_wconf 84' lang='grc' dir='ltr'>τὸ</span> <span class='ocrx_word' id='word_1_347' title='bbox 3127 2029 3480 2101; x_wconf 85' lang='grc' dir='ltr'>φαινόμενον,</span> <span class='ocrx_word' id='word_1_348' title='bbox 3505 2031 3605 2085; x_wconf 77' lang='grc' dir='ltr'>καὶ</span> <span class='ocrx_word' id='word_1_349' title='bbox 3628 2033 3773 2086; x_wconf 66' lang='grc' dir='ltr'>πάνυ</span> 
     </span>
    </p>
   </div>
   <div class='ocr_carea' id='block_1_51' title="bbox 2177 2116 3771 2197">
    <p class='ocr_par' dir='ltr' id='par_1_51' title="bbox 2177 2116 3771 2197">
     <span class='ocr_line' id='line_1_51' title="bbox 2177 2116 3771 2197; baseline 0.007 -28"><span class='ocrx_word' id='word_1_350' title='bbox 2177 2133 2288 2171; x_wconf 89' lang='grc' dir='ltr'><strong>των</strong></span> <span class='ocrx_word' id='word_1_351' title='bbox 2323 2116 2650 2189; x_wconf 81' lang='grc' dir='ltr'>πενέστερος</span> <span class='ocrx_word' id='word_1_352' title='bbox 2676 2159 2690 2184; x_wconf 93' lang='grc'><strong>,</strong></span> <span class='ocrx_word' id='word_1_353' title='bbox 2737 2119 2833 2172; x_wconf 59' lang='grc' dir='ltr'><strong>καὶ⁵</strong></span> <span class='ocrx_word' id='word_1_354' title='bbox 2872 2120 2975 2174; x_wconf 89' lang='grc' dir='ltr'><strong>οὐκ</strong></span> <span class='ocrx_word' id='word_1_355' title='bbox 3022 2121 3164 2191; x_wconf 89' lang='grc' dir='ltr'>ἐχων</span> <span class='ocrx_word' id='word_1_356' title='bbox 3208 2122 3332 2176; x_wconf 83' lang='grc' dir='ltr'>ὅποι</span> <span class='ocrx_word' id='word_1_357' title='bbox 3370 2124 3472 2195; x_wconf 75' lang='grc' dir='ltr'>τὴν</span> <span class='ocrx_word' id='word_1_358' title='bbox 3515 2124 3771 2197; x_wconf 73' lang='grc' dir='ltr'>κεφαλὴν</span> 
     </span>
    </p>
   </div>
   <div class='ocr_carea' id='block_1_52' title="bbox 2178 2208 3849 2288">
    <p class='ocr_par' dir='ltr' id='par_1_52' title="bbox 2178 2208 3849 2288">
     <span class='ocr_line' id='line_1_52' title="bbox 2178 2208 3849 2288; baseline 0.007 -27"><span class='ocrx_word' id='word_1_359' title='bbox 2178 2208 2358 2282; x_wconf 83' lang='grc' dir='ltr'>κλίνῃ,</span> <span class='ocrx_word' id='word_1_360' title='bbox 2387 2208 2690 2264; x_wconf 77' lang='grc' dir='ltr'><strong>ἀλωπέκων</strong></span> <span class='ocrx_word' id='word_1_361' title='bbox 2712 2210 2806 2263; x_wconf 78' lang='grc' dir='ltr'><strong>καὶ</strong></span> <span class='ocrx_word' id='word_1_362' title='bbox 2840 2212 3106 2265; x_wconf 83' lang='grc' dir='ltr'>πετεινῶν</span> <span class='ocrx_word' id='word_1_363' title='bbox 3131 2212 3507 2285; x_wconf 73' lang='grc' dir='ltr'>ἀπορώτερος,</span> <span class='ocrx_word' id='word_1_364' title='bbox 3541 2216 3770 2288; x_wconf 84' lang='grc' dir='ltr'>ἀριθμῷ</span> <span class='ocrx_word' id='word_1_365' title='bbox 3830 2265 3849 2272; x_wconf 88' lang='grc'><strong>-</strong></span> 
     </span>
    </p>
   </div>
   <div class='ocr_carea' id='block_1_53' title="bbox 2180 2299 3765 2379">
    <p class='ocr_par' dir='ltr' id='par_1_53' title="bbox 2180 2299 3765 2379">
     <span class='ocr_line' id='line_1_53' title="bbox 2180 2299 3765 2379; baseline 0.007 -28"><span class='ocrx_word' id='word_1_366' title='bbox 2180 2299 2402 2371; x_wconf 85' lang='grc' dir='ltr'>βραχεῖς</span> <span class='ocrx_word' id='word_1_367' title='bbox 2442 2299 2691 2371; x_wconf 74' lang='grc' dir='ltr'>μαθητὰς</span> <span class='ocrx_word' id='word_1_368' title='bbox 2728 2302 3097 2373; x_wconf 82' lang='grc' dir='ltr'>ἐπαγόμενος,</span> <span class='ocrx_word' id='word_1_369' title='bbox 3132 2305 3229 2370; x_wconf 72' lang='grc' dir='ltr'>καὶ</span> <span class='ocrx_word' id='word_1_370' title='bbox 3254 2304 3485 2371; x_wconf 84' lang='grc' dir='ltr'>τούτους</span> <span class='ocrx_word' id='word_1_371' title='bbox 3511 2307 3765 2379; x_wconf 84' lang='grc' dir='ltr'>ἀπόρους</span> 
     </span>
    </p>
   </div>
   <div class='ocr_carea' id='block_1_54' title="bbox 2178 2390 3769 2473">
    <p class='ocr_par' dir='ltr' id='par_1_54' title="bbox 2178 2390 3769 2473">
     <span class='ocr_line' id='line_1_54' title="bbox 2178 2390 3769 2473; baseline 0.008 -31"><span class='ocrx_word' id='word_1_372' title='bbox 2178 2390 2276 2443; x_wconf 76' lang='grc' dir='ltr'>καὶ</span> <span class='ocrx_word' id='word_1_373' title='bbox 2302 2390 2544 2461; x_wconf 80' lang='grc' dir='ltr'>πένητας</span> <span class='ocrx_word' id='word_1_374' title='bbox 2565 2408 2580 2424; x_wconf 91' lang='grc'><strong>·</strong></span> <span class='ocrx_word' id='word_1_375' title='bbox 2615 2390 2833 2464; x_wconf 83' lang='grc' dir='ltr'>θανάτῳ</span> <span class='ocrx_word' id='word_1_376' title='bbox 2860 2411 2923 2446; x_wconf 87' lang='grc' dir='ltr'><strong>τε</strong></span> <span class='ocrx_word' id='word_1_377' title='bbox 2954 2394 3223 2466; x_wconf 74' lang='grc' dir='ltr'>αἰσχίστῳ</span> <span class='ocrx_word' id='word_1_378' title='bbox 3250 2392 3339 2452; x_wconf 78' lang='grc' dir='ltr'>οἶά</span> <span class='ocrx_word' id='word_1_379' title='bbox 3364 2415 3487 2452; x_wconf 89' lang='grc' dir='ltr'>τινα</span> <span class='ocrx_word' id='word_1_380' title='bbox 3518 2399 3769 2473; x_wconf 83' lang='grc' dir='ltr'>κακοῦρ-</span> 
     </span>
    </p>
   </div>
   <div class='ocr_carea' id='block_1_55' title="bbox 2177 2482 3768 2563">
    <p class='ocr_par' dir='ltr' id='par_1_55' title="bbox 2177 2482 3768 2563">
     <span class='ocr_line' id='line_1_55' title="bbox 2177 2482 3768 2563; baseline 0.008 -29"><span class='ocrx_word' id='word_1_381' title='bbox 2177 2498 2275 2550; x_wconf 87' lang='grc' dir='ltr'>γον</span> <span class='ocrx_word' id='word_1_382' title='bbox 2308 2483 2403 2535; x_wconf 66' lang='lat' dir='ltr'><strong>acati.</strong></span> <span class='ocrx_word' id='word_1_383' title='bbox 2436 2482 2738 2537; x_wconf 79' lang='grc' dir='ltr'>ὑπεύθυνον</span> <span class='ocrx_word' id='word_1_384' title='bbox 2767 2484 3127 2552; x_wconf 81' lang='grc' dir='ltr'>καταδίκαζε·</span> <span class='ocrx_word' id='word_1_385' title='bbox 3157 2487 3389 2559; x_wconf 81' lang='grc' dir='ltr'>χλεύαζε</span> <span class='ocrx_word' id='word_1_386' title='bbox 3413 2491 3506 2544; x_wconf 81' lang='grc' dir='ltr'>τὸν</span> <span class='ocrx_word' id='word_1_387' title='bbox 3529 2492 3768 2563; x_wconf 71' lang='grc' dir='ltr'>σταυρὸν</span> 
     </span>
    </p>
   </div>
   <div class='ocr_carea' id='block_1_56' title="bbox 2177 2570 3769 2646">
    <p class='ocr_par' dir='ltr' id='par_1_56' title="bbox 2177 2570 3769 2646">
     <span class='ocr_line' id='line_1_56' title="bbox 2177 2570 3769 2646; baseline 0.006 -20"><span class='ocrx_word' id='word_1_388' title='bbox 2177 2571 2274 2626; x_wconf 78' lang='grc' dir='ltr'>καὶ</span> <span class='ocrx_word' id='word_1_389' title='bbox 2310 2570 2369 2625; x_wconf 81' lang='grc' dir='ltr'>τὸ</span> <span class='ocrx_word' id='word_1_390' title='bbox 2398 2572 2570 2635; x_wconf 85' lang='grc' dir='ltr'>πάθος</span> <span class='ocrx_word' id='word_1_391' title='bbox 2592 2612 2607 2638; x_wconf 93' lang='grc'><strong>,</strong></span> <span class='ocrx_word' id='word_1_392' title='bbox 2645 2572 2675 2626; x_wconf 82' lang='grc' dir='ltr'><strong>ὃ</strong></span> <span class='ocrx_word' id='word_1_393' title='bbox 2720 2572 2813 2627; x_wconf 83' lang='grc' dir='ltr'>σοῦ</span> <span class='ocrx_word' id='word_1_394' title='bbox 2859 2589 2925 2642; x_wconf 89' lang='grc' dir='ltr'><strong>γε</strong></span> <span class='ocrx_word' id='word_1_395' title='bbox 2963 2573 3172 2630; x_wconf 79' lang='grc' dir='ltr'>εἵνεκεν</span> <span class='ocrx_word' id='word_1_396' title='bbox 3219 2577 3546 2646; x_wconf 75' lang='grc' dir='ltr'>κατεδέξατο</span> <span class='ocrx_word' id='word_1_397' title='bbox 3572 2596 3587 2610; x_wconf 73' lang='grc' dir='ltr'><strong><em>ο</em></strong></span> <span class='ocrx_word' id='word_1_398' title='bbox 3636 2583 3769 2644; x_wconf 81' lang='grc' dir='ltr'>ταῖς</span> 
     </span>
    </p>
   </div>
   <div class='ocr_carea' id='block_1_57' title="bbox 2178 2658 3766 2742">
    <p class='ocr_par' dir='ltr' id='par_1_57' title="bbox 2178 2658 3766 2742">
     <span class='ocr_line' id='line_1_57' title="bbox 2178 2658 3766 2742; baseline 0.007 -28"><span class='ocrx_word' id='word_1_399' title='bbox 2178 2658 2498 2731; x_wconf 88' lang='grc' dir='ltr'>θεοσημίαις</span> <span class='ocrx_word' id='word_1_400' title='bbox 2532 2661 2755 2715; x_wconf 87' lang='grc' dir='ltr'>ἀπίστει</span> <span class='ocrx_word' id='word_1_401' title='bbox 2782 2701 2797 2726; x_wconf 91' lang='grc'><strong>,</strong></span> <span class='ocrx_word' id='word_1_402' title='bbox 2839 2663 3068 2718; x_wconf 86' lang='grc' dir='ltr'>διάπτυε</span> <span class='ocrx_word' id='word_1_403' title='bbox 3090 2664 3160 2718; x_wconf 79' lang='grc' dir='ltr'>τὰ</span> <span class='ocrx_word' id='word_1_404' title='bbox 3198 2664 3475 2736; x_wconf 86' lang='grc' dir='ltr'>θαύματα,</span> <span class='ocrx_word' id='word_1_405' title='bbox 3504 2670 3766 2742; x_wconf 85' lang='grc' dir='ltr'>κωμῲδει</span> 
     </span>
    </p>
   </div>
   <div class='ocr_carea' id='block_1_58' title="bbox 2181 2751 3765 2833">
    <p class='ocr_par' dir='ltr' id='par_1_58' title="bbox 2181 2751 3765 2833">
     <span class='ocr_line' id='line_1_58' title="bbox 2181 2751 3765 2833; baseline 0.009 -30"><span class='ocrx_word' id='word_1_406' title='bbox 2181 2751 2319 2822; x_wconf 89' lang='grc' dir='ltr'><strong>μετά</strong></span> <span class='ocrx_word' id='word_1_407' title='bbox 2359 2752 2631 2806; x_wconf 77' lang='grc' dir='ltr'>Ἰουδαίων</span> <span class='ocrx_word' id='word_1_408' title='bbox 2670 2753 2769 2824; x_wconf 81' lang='grc' dir='ltr'>τὴν</span> <span class='ocrx_word' id='word_1_409' title='bbox 2814 2755 3116 2829; x_wconf 83' lang='grc' dir='ltr'>ἀνάστασιν</span> <span class='ocrx_word' id='word_1_410' title='bbox 3148 2755 3247 2829; x_wconf 89' lang='grc' dir='ltr'>(ο),</span> <span class='ocrx_word' id='word_1_411' title='bbox 3284 2757 3475 2830; x_wconf 78' lang='grc' dir='ltr'>ὕϐριζε</span> <span class='ocrx_word' id='word_1_412' title='bbox 3514 2763 3625 2817; x_wconf 82' lang='grc' dir='ltr'>τῶν</span> <span class='ocrx_word' id='word_1_413' title='bbox 3655 2781 3765 2833; x_wconf 81' lang='grc' dir='ltr'>μα-</span> 
     </span>
    </p>
   </div>
   <div class='ocr_carea' id='block_1_59' title="bbox 2178 2841 3764 2921">
    <p class='ocr_par' dir='ltr' id='par_1_59' title="bbox 2178 2841 3764 2921">
     <span class='ocr_line' id='line_1_59' title="bbox 2178 2841 3764 2921; baseline 0.009 -27"><span class='ocrx_word' id='word_1_414' title='bbox 2178 2841 2357 2913; x_wconf 84' lang='grc' dir='ltr'>θητῶν</span> <span class='ocrx_word' id='word_1_415' title='bbox 2385 2841 2483 2914; x_wconf 82' lang='grc' dir='ltr'>τὴν</span> <span class='ocrx_word' id='word_1_416' title='bbox 2512 2843 2803 2914; x_wconf 88' lang='grc' dir='ltr'>ἀκτησίαν,</span> <span class='ocrx_word' id='word_1_417' title='bbox 2827 2844 2904 2909; x_wconf 81' lang='grc' dir='ltr'><strong>ὡς</strong></span> <span class='ocrx_word' id='word_1_418' title='bbox 2933 2846 3204 2915; x_wconf 87' lang='grc' dir='ltr'>ἀχάλκους</span> <span class='ocrx_word' id='word_1_419' title='bbox 3238 2849 3330 2902; x_wconf 64' lang='grc' dir='ltr'><strong>καὶ⁵</strong></span> <span class='ocrx_word' id='word_1_420' title='bbox 3362 2850 3634 2921; x_wconf 82' lang='grc' dir='ltr'>ἀράϐδους</span> <span class='ocrx_word' id='word_1_421' title='bbox 3661 2855 3764 2908; x_wconf 74' lang='grc' dir='ltr'>καὶ</span> 
     </span>
    </p>
   </div>
   <div class='ocr_carea' id='block_1_60' title="bbox 2179 2933 3766 3009">
    <p class='ocr_par' dir='ltr' id='par_1_60' title="bbox 2179 2933 3766 3009">
     <span class='ocr_line' id='line_1_60' title="bbox 2179 2933 3766 3009; baseline 0.008 -24"><span class='ocrx_word' id='word_1_422' title='bbox 2179 2933 2547 3004; x_wconf 85' lang='grc' dir='ltr'>μονοχίτωνας</span> <span class='ocrx_word' id='word_1_423' title='bbox 2575 2935 2827 3006; x_wconf 74' lang='grc' dir='ltr'>πανταχῆ</span> <span class='ocrx_word' id='word_1_424' title='bbox 2861 2938 3180 3008; x_wconf 86' lang='grc' dir='ltr'>περιιόντας</span> <span class='ocrx_word' id='word_1_425' title='bbox 3202 2939 3475 3005; x_wconf 55' lang='grc' dir='ltr'>εύτέλιζες</span> <span class='ocrx_word' id='word_1_426' title='bbox 3496 2943 3594 2997; x_wconf 81' lang='grc' dir='ltr'>καὶ</span> <span class='ocrx_word' id='word_1_427' title='bbox 3632 2945 3766 3009; x_wconf 76' lang='grc' dir='ltr'>τοὺς</span> 
     </span>
    </p>
   </div>
   <div class='ocr_carea' id='block_1_61' title="bbox 2178 3023 3765 3106">
    <p class='ocr_par' dir='ltr' id='par_1_61' title="bbox 2178 3023 3765 3106">
     <span class='ocr_line' id='line_1_61' title="bbox 2178 3023 3765 3106; baseline 0.009 -30"><span class='ocrx_word' id='word_1_428' title='bbox 2178 3023 2415 3096; x_wconf 85' lang='grc' dir='ltr'>ὡραίους</span> <span class='ocrx_word' id='word_1_429' title='bbox 2444 3025 2552 3079; x_wconf 83' lang='grc' dir='ltr'>τῶν</span> <span class='ocrx_word' id='word_1_430' title='bbox 2594 3026 3104 3099; x_wconf 78' lang='grc' dir='ltr'>εὐαγγελιζομένων</span> <span class='ocrx_word' id='word_1_431' title='bbox 3151 3030 3322 3096; x_wconf 88' lang='grc' dir='ltr'>πόδας</span> <span class='ocrx_word' id='word_1_432' title='bbox 3353 3032 3765 3106; x_wconf 82' lang='grc' dir='ltr'>ἀποτροπαίους</span> 
     </span>
    </p>
   </div>
   <div class='ocr_carea' id='block_1_62' title="bbox 2178 3114 3764 3194">
    <p class='ocr_par' dir='ltr' id='par_1_62' title="bbox 2178 3114 3764 3194">
     <span class='ocr_line' id='line_1_62' title="bbox 2178 3114 3764 3194; baseline 0.008 -25"><span class='ocrx_word' id='word_1_433' title='bbox 2178 3114 2315 3185; x_wconf 80' lang='grc' dir='ltr'>ἡγοῦ</span> <span class='ocrx_word' id='word_1_434' title='bbox 2339 3132 2354 3148; x_wconf 76' lang='grc'><em>’</em></span> <span class='ocrx_word' id='word_1_435' title='bbox 2392 3116 2728 3171; x_wconf 85' lang='grc' dir='ltr'>ἀπόσκωπτε</span> <span class='ocrx_word' id='word_1_436' title='bbox 2760 3119 2877 3172; x_wconf 86' lang='grc' dir='ltr'><strong>τῶν</strong></span> <span class='ocrx_word' id='word_1_437' title='bbox 2919 3120 3218 3192; x_wconf 82' lang='grc' dir='ltr'>μαρτύρων</span> <span class='ocrx_word' id='word_1_438' title='bbox 3248 3124 3348 3194; x_wconf 83' lang='grc' dir='ltr'>τῆς</span> <span class='ocrx_word' id='word_1_439' title='bbox 3385 3123 3650 3194; x_wconf 86' lang='grc' dir='ltr'>ἀληθείας</span> <span class='ocrx_word' id='word_1_440' title='bbox 3699 3130 3764 3181; x_wconf 73' lang='grc' dir='ltr'>τὸ</span> 
     </span>
    </p>
   </div>
   <div class='ocr_carea' id='block_1_63' title="bbox 497 3188 2076 3288">
    <p class='ocr_par' dir='ltr' id='par_1_63' title="bbox 497 3215 2076 3285">
     <span class='ocr_line' id='line_1_63' title="bbox 497 3215 2076 3285; baseline -0.001 -15"><span class='ocrx_word' id='word_1_441' title='bbox 497 3219 740 3271; x_wconf 91' lang='lat' dir='ltr'><strong>omnium</strong></span> <span class='ocrx_word' id='word_1_442' title='bbox 773 3216 1043 3283; x_wconf 74' lang='lat' dir='ltr'><strong>iacturam</strong></span> <span class='ocrx_word' id='word_1_443' title='bbox 1069 3215 1258 3271; x_wconf 90' lang='lat' dir='ltr'><strong>sannis</strong></span> <span class='ocrx_word' id='word_1_444' title='bbox 1314 3228 1665 3285; x_wconf 89' lang='lat' dir='ltr'><strong>prosequere,</strong></span> <span class='ocrx_word' id='word_1_445' title='bbox 1698 3226 1753 3270; x_wconf 88' lang='lat' dir='ltr'><strong>et</strong></span> <span class='ocrx_word' id='word_1_446' title='bbox 1788 3215 2076 3285; x_wconf 82' lang='lat' dir='ltr'><strong>ad,quam-</strong></span> 
     </span>
    </p>
   </div>
   <div class='ocr_carea' id='block_1_64' title="bbox 2182 3188 3763 3288">
    <p class='ocr_par' dir='ltr' id='par_1_64' title="bbox 2182 3188 3763 3288">
     <span class='ocr_line' id='line_1_64' title="bbox 2182 3188 3763 3288; baseline 0.01 -31"><span class='ocrx_word' id='word_1_447' title='bbox 2182 3204 2448 3270; x_wconf 62' lang='grc' dir='ltr'>δυσπειθὲς</span> <span class='ocrx_word' id='word_1_448' title='bbox 2511 3209 2606 3262; x_wconf 78' lang='grc' dir='ltr'>καὶ</span> <span class='ocrx_word' id='word_1_449' title='bbox 2664 3188 3016 3282; x_wconf 57' lang='grc' dir='ltr'>δυσήμερδνί</span> <span class='ocrx_word' id='word_1_450' title='bbox 3072 3188 3172 3284; x_wconf 68' lang='grc' dir='ltr'><strong>την</strong></span> <span class='ocrx_word' id='word_1_451' title='bbox 3236 3188 3347 3269; x_wconf 71' lang='grc' dir='ltr'><strong>τῶν</strong></span> <span class='ocrx_word' id='word_1_452' title='bbox 3398 3188 3763 3288; x_wconf 79' lang='grc' dir='ltr'>ὑπαρχόντων</span> 
     </span>
    </p>
   </div>
   <div class='ocr_carea' id='block_1_65' title="bbox 500 3306 2076 3378">
    <p class='ocr_par' dir='ltr' id='par_1_65' title="bbox 500 3306 2076 3378">
     <span class='ocr_line' id='line_1_65' title="bbox 500 3306 2076 3378; baseline -0.001 -15"><span class='ocrx_word' id='word_1_453' title='bbox 500 3308 631 3363; x_wconf 86' lang='lat' dir='ltr'><strong>libet</strong></span> <span class='ocrx_word' id='word_1_454' title='bbox 657 3306 1039 3378; x_wconf 86' lang='lat' dir='ltr'><strong>perferendam</strong></span> <span class='ocrx_word' id='word_1_455' title='bbox 1074 3307 1381 3362; x_wconf 88' lang='lat' dir='ltr'><strong>molestiam</strong></span> <span class='ocrx_word' id='word_1_456' title='bbox 1433 3307 1801 3372; x_wconf 81' lang='lat' dir='ltr'><strong>alacritatem,</strong></span> <span class='ocrx_word' id='word_1_457' title='bbox 1834 3306 2076 3376; x_wconf 75' lang='lat' dir='ltr'><strong>pericula</strong></span> 
     </span>
    </p>
   </div>
   <div class='ocr_carea' id='block_1_66' title="bbox 500 3398 2074 3472">
    <p class='ocr_par' dir='ltr' id='par_1_66' title="bbox 500 3398 2074 3472">
     <span class='ocr_line' id='line_1_66' title="bbox 500 3398 2074 3472; baseline -0.001 -16"><span class='ocrx_word' id='word_1_458' title='bbox 500 3404 784 3472; x_wconf 89' lang='lat' dir='ltr'><strong>ipsamque</strong></span> <span class='ocrx_word' id='word_1_459' title='bbox 853 3410 1081 3454; x_wconf 89' lang='lat' dir='ltr'><strong>mortem</strong></span> <span class='ocrx_word' id='word_1_460' title='bbox 1150 3398 1415 3454; x_wconf 87' lang='lat' dir='ltr'><strong>tolerandi</strong></span> <span class='ocrx_word' id='word_1_461' title='bbox 1477 3398 1726 3453; x_wconf 80' lang='lat' dir='ltr'><strong>ﬁduciam</strong></span> <span class='ocrx_word' id='word_1_462' title='bbox 1807 3398 2074 3468; x_wconf 86' lang='lat' dir='ltr'><strong>vitupera.</strong></span> 
     </span>
    </p>
   </div>
   <div class='ocr_carea' id='block_1_67' title="bbox 499 3486 2073 3553">
    <p class='ocr_par' dir='ltr' id='par_1_67' title="bbox 499 3486 2073 3553">
     <span class='ocr_line' id='line_1_67' title="bbox 499 3486 2073 3553; baseline -0.004 -6"><span class='ocrx_word' id='word_1_463' title='bbox 499 3492 707 3547; x_wconf 83' lang='lat' dir='ltr'><strong>Idcirco</strong></span> <span class='ocrx_word' id='word_1_464' title='bbox 738 3491 833 3545; x_wconf 88' lang='lat' dir='ltr'><strong>tibi</strong></span> <span class='ocrx_word' id='word_1_465' title='bbox 859 3490 1067 3544; x_wconf 84' lang='lat' dir='ltr'><strong>vitandi</strong></span> <span class='ocrx_word' id='word_1_466' title='bbox 1088 3490 1344 3543; x_wconf 90' lang='lat' dir='ltr'><strong>videntur</strong></span> <span class='ocrx_word' id='word_1_467' title='bbox 1373 3488 1571 3553; x_wconf 86' lang='lat' dir='ltr'><strong>sancti,</strong></span> <span class='ocrx_word' id='word_1_468' title='bbox 1603 3486 1865 3542; x_wconf 89' lang='lat' dir='ltr'><strong>amabiles</strong></span> <span class='ocrx_word' id='word_1_469' title='bbox 1893 3494 2073 3541; x_wconf 86' lang='lat' dir='ltr'><strong>autem</strong></span> 
     </span>
    </p>
   </div>
   <div class='ocr_carea' id='block_1_68' title="bbox 450 3578 2079 3654">
    <p class='ocr_par' dir='ltr' id='par_1_68' title="bbox 450 3578 2079 3654">
     <span class='ocr_line' id='line_1_68' title="bbox 450 3578 2079 3654; baseline -0.006 -12"><span class='ocrx_word' id='word_1_470' title='bbox 450 3632 455 3642; x_wconf 74' lang='lat'><strong>,</strong></span> <span class='ocrx_word' id='word_1_471' title='bbox 500 3592 918 3654; x_wconf 86' lang='lat' dir='ltr'><strong>persecutores;</strong></span> <span class='ocrx_word' id='word_1_472' title='bbox 954 3581 1080 3649; x_wconf 87' lang='lat' dir='ltr'><strong>quia</strong></span> <span class='ocrx_word' id='word_1_473' title='bbox 1102 3580 1178 3633; x_wconf 90' lang='lat' dir='ltr'><strong>illi</strong></span> <span class='ocrx_word' id='word_1_474' title='bbox 1207 3578 1427 3651; x_wconf 89' lang='lat' dir='ltr'><strong>quidem</strong></span> <span class='ocrx_word' id='word_1_475' title='bbox 1461 3580 1889 3646; x_wconf 88' lang='lat' dir='ltr'><strong>succubuerunt,</strong></span> <span class='ocrx_word' id='word_1_476' title='bbox 1918 3578 2079 3653; x_wconf 48' lang='lat' dir='ltr'><strong>nilnil-7</strong></span> 
     </span>
    </p>
   </div>
   <div class='ocr_carea' id='block_1_69' title="bbox 498 3673 2075 3747">
    <p class='ocr_par' dir='ltr' id='par_1_69' title="bbox 498 3673 2075 3747">
     <span class='ocr_line' id='line_1_69' title="bbox 498 3673 2075 3747; baseline -0.001 -19"><span class='ocrx_word' id='word_1_477' title='bbox 498 3692 607 3747; x_wconf 91' lang='lat' dir='ltr'><strong>que</strong></span> <span class='ocrx_word' id='word_1_478' title='bbox 640 3690 819 3730; x_wconf 88' lang='lat' dir='ltr'><strong>rerum</strong></span> <span class='ocrx_word' id='word_1_479' title='bbox 867 3675 1214 3744; x_wconf 83' lang='lat' dir='ltr'><strong>praesentium</strong></span> <span class='ocrx_word' id='word_1_480' title='bbox 1252 3674 1444 3728; x_wconf 90' lang='lat' dir='ltr'><strong>lucrati</strong></span> <span class='ocrx_word' id='word_1_481' title='bbox 1492 3681 1650 3741; x_wconf 84' lang='lat' dir='ltr'><strong>sunt;</strong></span> <span class='ocrx_word' id='word_1_482' title='bbox 1678 3681 1734 3727; x_wconf 86' lang='lat' dir='ltr'><strong>at</strong></span> <span class='ocrx_word' id='word_1_483' title='bbox 1766 3673 1821 3727; x_wconf 85' lang='lat' dir='ltr'><strong>bi</strong></span> <span class='ocrx_word' id='word_1_484' title='bbox 1857 3686 2075 3743; x_wconf 88' lang='lat' dir='ltr'><strong>posses-</strong></span> 
     </span>
    </p>
   </div>
   <div class='ocr_carea' id='block_1_70' title="bbox 498 3765 2078 3837">
    <p class='ocr_par' dir='ltr' id='par_1_70' title="bbox 498 3765 2078 3837">
     <span class='ocr_line' id='line_1_70' title="bbox 498 3765 2078 3837; baseline -0.002 -15"><span class='ocrx_word' id='word_1_485' title='bbox 498 3769 654 3822; x_wconf 86' lang='lat' dir='ltr'><strong>sione</strong></span> <span class='ocrx_word' id='word_1_486' title='bbox 684 3768 867 3837; x_wconf 71' lang='lat' dir='ltr'><strong>gloria:</strong></span> <span class='ocrx_word' id='word_1_487' title='bbox 895 3781 998 3820; x_wconf 91' lang='lat' dir='ltr'><strong>non</strong></span> <span class='ocrx_word' id='word_1_488' title='bbox 1025 3768 1365 3821; x_wconf 79' lang='lat' dir='ltr'><strong>exciderunt.</strong></span> <span class='ocrx_word' id='word_1_489' title='bbox 1393 3765 1613 3836; x_wconf 79' lang='lat' dir='ltr'><strong>Ignoras</strong></span> <span class='ocrx_word' id='word_1_490' title='bbox 1642 3766 1788 3820; x_wconf 91' lang='lat' dir='ltr'><strong>enim</strong></span> <span class='ocrx_word' id='word_1_491' title='bbox 1825 3765 1928 3821; x_wconf 89' lang='lat' dir='ltr'><strong>alia</strong></span> <span class='ocrx_word' id='word_1_492' title='bbox 1953 3779 2078 3820; x_wconf 85' lang='lat' dir='ltr'><strong>esse</strong></span> 
     </span>
    </p>
   </div>
   <div class='ocr_carea' id='block_1_71' title="bbox 498 3857 2079 3927">
    <p class='ocr_par' dir='ltr' id='par_1_71' title="bbox 498 3857 2079 3927">
     <span class='ocr_line' id='line_1_71' title="bbox 498 3857 2079 3927; baseline -0.001 -13"><span class='ocrx_word' id='word_1_493' title='bbox 498 3868 818 3914; x_wconf 82' lang='lat' dir='ltr'><strong>sanctorum</strong></span> <span class='ocrx_word' id='word_1_494' title='bbox 856 3868 1003 3913; x_wconf 85' lang='lat' dir='ltr'><strong>recte</strong></span> <span class='ocrx_word' id='word_1_495' title='bbox 1039 3858 1307 3922; x_wconf 86' lang='lat' dir='ltr'><strong>facinora,</strong></span> <span class='ocrx_word' id='word_1_496' title='bbox 1350 3872 1476 3911; x_wconf 90' lang='lat' dir='ltr'><strong>vera</strong></span> <span class='ocrx_word' id='word_1_497' title='bbox 1526 3857 1631 3913; x_wconf 83' lang='lat' dir='ltr'><strong>llde</strong></span> <span class='ocrx_word' id='word_1_498' title='bbox 1663 3871 1867 3927; x_wconf 88' lang='lat' dir='ltr'><strong>speque</strong></span> <span class='ocrx_word' id='word_1_499' title='bbox 1915 3866 2079 3924; x_wconf 88' lang='lat' dir='ltr'><strong>prout</strong></span> 
     </span>
    </p>
   </div>
   <div class='ocr_carea' id='block_1_72' title="bbox 500 3947 2076 4018">
    <p class='ocr_par' dir='ltr' id='par_1_72' title="bbox 500 3947 2076 4018">
     <span class='ocr_line' id='line_1_72' title="bbox 500 3947 2076 4018; baseline -0.001 -15"><span class='ocrx_word' id='word_1_500' title='bbox 500 3950 604 4018; x_wconf 86' lang='lat' dir='ltr'><strong>ipsi</strong></span> <span class='ocrx_word' id='word_1_501' title='bbox 653 3950 901 4018; x_wconf 83' lang='lat' dir='ltr'><strong>judicaut</strong></span> <span class='ocrx_word' id='word_1_502' title='bbox 965 3949 1147 4018; x_wconf 88' lang='lat' dir='ltr'><strong>digna,</strong></span> <span class='ocrx_word' id='word_1_503' title='bbox 1204 3949 1597 4017; x_wconf 87' lang='lat' dir='ltr'><strong>sempiternam</strong></span> <span class='ocrx_word' id='word_1_504' title='bbox 1653 3962 1783 4003; x_wconf 87' lang='lat' dir='ltr'><strong>vere</strong></span> <span class='ocrx_word' id='word_1_505' title='bbox 1846 3947 2076 4017; x_wconf 79' lang='lat' dir='ltr'><strong>gloriam</strong></span> 
     </span>
    </p>
   </div>
   <div class='ocr_carea' id='block_1_73' title="bbox 502 4038 2081 4109">
    <p class='ocr_par' dir='ltr' id='par_1_73' title="bbox 502 4038 2081 4109">
     <span class='ocr_line' id='line_1_73' title="bbox 502 4038 2081 4109; baseline 0.001 -16"><span class='ocrx_word' id='word_1_506' title='bbox 502 4040 959 4109; x_wconf 76' lang='lat' dir='ltr'><strong>splendoremque</strong></span> <span class='ocrx_word' id='word_1_507' title='bbox 1008 4049 1328 4108; x_wconf 88' lang='lat' dir='ltr'><strong>perpetuum</strong></span> <span class='ocrx_word' id='word_1_508' title='bbox 1362 4039 1765 4108; x_wconf 73' lang='lat' dir='ltr'><strong>comparanda.</strong></span> <span class='ocrx_word' id='word_1_509' title='bbox 1796 4038 1867 4093; x_wconf 80' lang='lat' dir='ltr'><strong>At</strong></span> <span class='ocrx_word' id='word_1_510' title='bbox 1894 4054 2081 4108; x_wconf 88' lang='lat' dir='ltr'><strong>perse-</strong></span> 
     </span>
    </p>
   </div>
   <div class='ocr_carea' id='block_1_74' title="bbox 502 4130 2076 4200">
    <p class='ocr_par' dir='ltr' id='par_1_74' title="bbox 502 4130 2076 4200">
     <span class='ocr_line' id='line_1_74' title="bbox 502 4130 2076 4200; baseline -0.002 -15"><span class='ocrx_word' id='word_1_511' title='bbox 502 4142 750 4185; x_wconf 83' lang='lat' dir='ltr'><strong>cuturum</strong></span> <span class='ocrx_word' id='word_1_512' title='bbox 779 4146 944 4200; x_wconf 86' lang='lat' dir='ltr'><strong>prava</strong></span> <span class='ocrx_word' id='word_1_513' title='bbox 1004 4138 1129 4185; x_wconf 76' lang='lat' dir='ltr'><strong>Sunt</strong></span> <span class='ocrx_word' id='word_1_514' title='bbox 1158 4146 1322 4200; x_wconf 90' lang='lat' dir='ltr'><strong>opera</strong></span> <span class='ocrx_word' id='word_1_515' title='bbox 1355 4141 1410 4186; x_wconf 91' lang='lat' dir='ltr'><strong>et</strong></span> <span class='ocrx_word' id='word_1_516' title='bbox 1453 4130 1709 4196; x_wconf 83' lang='lat' dir='ltr'><strong>scelesta,</strong></span> <span class='ocrx_word' id='word_1_517' title='bbox 1743 4139 1798 4185; x_wconf 86' lang='lat' dir='ltr'><strong>et</strong></span> <span class='ocrx_word' id='word_1_518' title='bbox 1840 4131 2076 4200; x_wconf 92' lang='lat' dir='ltr'><strong>ipsorum</strong></span> 
     </span>
    </p>
   </div>
   <div class='ocr_carea' id='block_1_75' title="bbox 502 4222 2080 4292">
    <p class='ocr_par' dir='ltr' id='par_1_75' title="bbox 502 4222 2080 4292">
     <span class='ocr_line' id='line_1_75' title="bbox 502 4222 2080 4292; baseline 0.001 -17"><span class='ocrx_word' id='word_1_519' title='bbox 502 4223 770 4277; x_wconf 88' lang='lat' dir='ltr'><strong>atheismo</strong></span> <span class='ocrx_word' id='word_1_520' title='bbox 810 4224 968 4291; x_wconf 81' lang='lat' dir='ltr'><strong>digna</strong></span> <span class='ocrx_word' id='word_1_521' title='bbox 1031 4239 1046 4276; x_wconf 94' lang='lat'><strong>:</strong></span> <span class='ocrx_word' id='word_1_522' title='bbox 1098 4237 1220 4292; x_wconf 74' lang='lat' dir='ltr'><strong>qua:</strong></span> <span class='ocrx_word' id='word_1_523' title='bbox 1259 4238 1386 4277; x_wconf 89' lang='lat' dir='ltr'><strong>cum</strong></span> <span class='ocrx_word' id='word_1_524' title='bbox 1437 4222 1753 4277; x_wconf 79' lang='lat' dir='ltr'><strong>earumdem</strong></span> <span class='ocrx_word' id='word_1_525' title='bbox 1814 4224 2080 4277; x_wconf 85' lang='lat' dir='ltr'><strong>memoria</strong></span> 
     </span>
    </p>
   </div>
   <div class='ocr_carea' id='block_1_76' title="bbox 496 4311 2077 4383">
    <p class='ocr_par' dir='ltr' id='par_1_76' title="bbox 496 4311 2077 4383">
     <span class='ocr_line' id='line_1_76' title="bbox 496 4311 2077 4383; baseline -0.002 -15"><span class='ocrx_word' id='word_1_526' title='bbox 496 4314 689 4368; x_wconf 77' lang='lat' dir='ltr'><strong>statim</strong></span> <span class='ocrx_word' id='word_1_527' title='bbox 732 4314 1177 4383; x_wconf 77' lang='lat' dir='ltr'><strong>exstinguuntur,</strong></span> <span class='ocrx_word' id='word_1_528' title='bbox 1239 4312 1405 4366; x_wconf 87' lang='lat' dir='ltr'><strong>veluti</strong></span> <span class='ocrx_word' id='word_1_529' title='bbox 1437 4311 1618 4366; x_wconf 78' lang='lat' dir='ltr'><strong>furnus</strong></span> <span class='ocrx_word' id='word_1_530' title='bbox 1654 4327 1683 4364; x_wconf 85' lang='lat' dir='ltr'><strong>a</strong></span> <span class='ocrx_word' id='word_1_531' title='bbox 1732 4312 1949 4366; x_wconf 86' lang='lat' dir='ltr'><strong>turbine</strong></span> <span class='ocrx_word' id='word_1_532' title='bbox 1982 4325 2077 4365; x_wconf 89' lang='lat' dir='ltr'><strong>ce-</strong></span> 
     </span>
    </p>
   </div>
   <div class='ocr_carea' id='block_1_77' title="bbox 498 4402 2077 4473">
    <p class='ocr_par' dir='ltr' id='par_1_77' title="bbox 498 4402 2077 4473">
     <span class='ocr_line' id='line_1_77' title="bbox 498 4402 2077 4473; baseline -0.001 -15"><span class='ocrx_word' id='word_1_533' title='bbox 498 4403 726 4458; x_wconf 83' lang='lat' dir='ltr'><strong>lerrime</strong></span> <span class='ocrx_word' id='word_1_534' title='bbox 761 4404 1123 4472; x_wconf 81' lang='lat' dir='ltr'><strong>dispergitur;</strong></span> <span class='ocrx_word' id='word_1_535' title='bbox 1149 4418 1462 4473; x_wconf 83' lang='lat' dir='ltr'><strong>quanquam</strong></span> <span class='ocrx_word' id='word_1_536' title='bbox 1503 4417 1566 4456; x_wconf 87' lang='lat' dir='ltr'><strong>ea</strong></span> <span class='ocrx_word' id='word_1_537' title='bbox 1605 4402 1702 4458; x_wconf 89' lang='lat' dir='ltr'><strong>tibi</strong></span> <span class='ocrx_word' id='word_1_538' title='bbox 1741 4402 1795 4456; x_wconf 88' lang='lat' dir='ltr'><strong>in</strong></span> <span class='ocrx_word' id='word_1_539' title='bbox 1833 4403 2077 4457; x_wconf 86' lang='lat' dir='ltr'><strong>admira-</strong></span> 
     </span>
    </p>
   </div>
   <div class='ocr_carea' id='block_1_78' title="bbox 2178 3294 3764 3373">
    <p class='ocr_par' dir='ltr' id='par_1_78' title="bbox 2178 3294 3764 3373">
     <span class='ocr_line' id='line_1_78' title="bbox 2178 3294 3764 3373; baseline 0.005 -25"><span class='ocrx_word' id='word_1_540' title='bbox 2178 3294 2436 3350; x_wconf 87' lang='grc' dir='ltr'>ἁπάντων</span> <span class='ocrx_word' id='word_1_541' title='bbox 2485 3295 2767 3369; x_wconf 81' lang='grc' dir='ltr'>ἀποϐολὴν</span> <span class='ocrx_word' id='word_1_542' title='bbox 2813 3297 3125 3364; x_wconf 84' lang='grc' dir='ltr'>ὲπιτώθαζε</span> <span class='ocrx_word' id='word_1_543' title='bbox 3147 3339 3164 3364; x_wconf 91' lang='grc'><strong>,</strong></span> <span class='ocrx_word' id='word_1_544' title='bbox 3194 3302 3289 3354; x_wconf 78' lang='grc' dir='ltr'><strong>καὶ</strong></span> <span class='ocrx_word' id='word_1_545' title='bbox 3327 3301 3390 3355; x_wconf 79' lang='grc' dir='ltr'>τὸ</span> <span class='ocrx_word' id='word_1_546' title='bbox 3423 3302 3564 3373; x_wconf 83' lang='grc' dir='ltr'>πρὸς</span> <span class='ocrx_word' id='word_1_547' title='bbox 3607 3305 3764 3358; x_wconf 82' lang='grc' dir='ltr'>ἀπαν</span> 
     </span>
    </p>
   </div>
   <div class='ocr_carea' id='block_1_79' title="bbox 2176 3385 3763 3458">
    <p class='ocr_par' dir='ltr' id='par_1_79' title="bbox 2176 3385 3763 3458">
     <span class='ocr_line' id='line_1_79' title="bbox 2176 3385 3763 3458; baseline 0.007 -19"><span class='ocrx_word' id='word_1_548' title='bbox 2176 3385 2350 3440; x_wconf 81' lang='grc' dir='ltr'>δεινὸν</span> <span class='ocrx_word' id='word_1_549' title='bbox 2392 3387 2692 3458; x_wconf 76' lang='grc' dir='ltr'>αὐτόμολον</span> <span class='ocrx_word' id='word_1_550' title='bbox 2719 3426 2735 3454; x_wconf 89' lang='grc'><strong>,</strong></span> <span class='ocrx_word' id='word_1_551' title='bbox 2768 3387 2871 3458; x_wconf 80' lang='grc' dir='ltr'>τὴν</span> <span class='ocrx_word' id='word_1_552' title='bbox 2902 3390 3045 3443; x_wconf 80' lang='grc' dir='ltr'>κατὰ</span> <span class='ocrx_word' id='word_1_553' title='bbox 3080 3391 3189 3444; x_wconf 86' lang='grc' dir='ltr'><strong>τῶν</strong></span> <span class='ocrx_word' id='word_1_554' title='bbox 3235 3392 3498 3447; x_wconf 78' lang='grc' dir='ltr'>κινδύνων</span> <span class='ocrx_word' id='word_1_555' title='bbox 3528 3396 3626 3450; x_wconf 77' lang='grc' dir='ltr'>καὶ</span> <span class='ocrx_word' id='word_1_556' title='bbox 3662 3396 3763 3450; x_wconf 80' lang='grc' dir='ltr'><strong>τοῦ</strong></span> 
     </span>
    </p>
   </div>
   <div class='ocr_carea' id='block_1_80' title="bbox 2178 3478 3765 3557">
    <p class='ocr_par' dir='ltr' id='par_1_80' title="bbox 2178 3478 3765 3557">
     <span class='ocr_line' id='line_1_80' title="bbox 2178 3478 3765 3557; baseline 0.006 -25"><span class='ocrx_word' id='word_1_557' title='bbox 2178 3478 2413 3533; x_wconf 88' lang='grc' dir='ltr'>θανάτου</span> <span class='ocrx_word' id='word_1_558' title='bbox 2443 3479 2610 3535; x_wconf 81' lang='grc' dir='ltr'>αὐτοῦ</span> <span class='ocrx_word' id='word_1_559' title='bbox 2635 3480 2843 3551; x_wconf 88' lang='grc' dir='ltr'>τόλμαν</span> <span class='ocrx_word' id='word_1_560' title='bbox 2870 3480 3099 3546; x_wconf 78' lang='grc' dir='ltr'>ὀνείδιζε</span> <span class='ocrx_word' id='word_1_561' title='bbox 3120 3499 3136 3515; x_wconf 77' lang='grc' dir='ltr'><strong><em>ο</em></strong></span> <span class='ocrx_word' id='word_1_562' title='bbox 3172 3483 3262 3537; x_wconf 78' lang='grc' dir='ltr'><strong>διὰ</strong></span> <span class='ocrx_word' id='word_1_563' title='bbox 3301 3484 3462 3539; x_wconf 81' lang='grc' dir='ltr'>τοῦτό</span> <span class='ocrx_word' id='word_1_564' title='bbox 3498 3502 3583 3540; x_wconf 88' lang='grc' dir='ltr'><strong>σοι</strong></span> <span class='ocrx_word' id='word_1_565' title='bbox 3628 3505 3765 3557; x_wconf 80' lang='grc' dir='ltr'>φευ-</span> 
     </span>
    </p>
   </div>
   <div class='ocr_carea' id='block_1_81' title="bbox 2178 3574 3763 3653">
    <p class='ocr_par' dir='ltr' id='par_1_81' title="bbox 2178 3574 3763 3653">
     <span class='ocr_line' id='line_1_81' title="bbox 2178 3574 3763 3653; baseline 0.006 -27"><span class='ocrx_word' id='word_1_566' title='bbox 2178 3575 2297 3627; x_wconf 70' lang='grc' dir='ltr'>κτοὶ</span> <span class='ocrx_word' id='word_1_567' title='bbox 2342 3576 2394 3627; x_wconf 82' lang='lat' dir='ltr'><strong>ot</strong></span> <span class='ocrx_word' id='word_1_568' title='bbox 2433 3574 2581 3643; x_wconf 79' lang='grc' dir='ltr'>ἅγιοι</span> <span class='ocrx_word' id='word_1_569' title='bbox 2604 3615 2619 3641; x_wconf 93' lang='grc'><strong>,</strong></span> <span class='ocrx_word' id='word_1_570' title='bbox 2652 3575 2911 3629; x_wconf 73' lang='grc' dir='ltr'>ἐπευκτοὶ</span> <span class='ocrx_word' id='word_1_571' title='bbox 2937 3575 2995 3631; x_wconf 86' lang='grc' dir='ltr'>δὲ</span> <span class='ocrx_word' id='word_1_572' title='bbox 3023 3577 3071 3630; x_wconf 81' lang='lat' dir='ltr'><strong>oi</strong></span> <span class='ocrx_word' id='word_1_573' title='bbox 3102 3576 3394 3644; x_wconf 85' lang='grc' dir='ltr'>διώκοντες</span> <span class='ocrx_word' id='word_1_574' title='bbox 3418 3621 3434 3648; x_wconf 89' lang='grc'><strong>,</strong></span> <span class='ocrx_word' id='word_1_575' title='bbox 3464 3581 3549 3634; x_wconf 82' lang='grc' dir='ltr'>ὅτι</span> <span class='ocrx_word' id='word_1_576' title='bbox 3570 3582 3621 3635; x_wconf 78' lang='grc' dir='ltr'>οἱ</span> <span class='ocrx_word' id='word_1_577' title='bbox 3658 3583 3763 3653; x_wconf 72' lang='grc' dir='ltr'>μὲν</span> 
     </span>
    </p>
   </div>
   <div class='ocr_carea' id='block_1_82' title="bbox 2178 3669 3762 3741">
    <p class='ocr_par' dir='ltr' id='par_1_82' title="bbox 2178 3669 3762 3741">
     <span class='ocr_line' id='line_1_82' title="bbox 2178 3669 3762 3741; baseline 0.006 -22"><span class='ocrx_word' id='word_1_578' title='bbox 2178 3669 2519 3739; x_wconf 75' lang='grc' dir='ltr'>ἡττήθησαν,</span> <span class='ocrx_word' id='word_1_579' title='bbox 2548 3670 2644 3722; x_wconf 81' lang='grc' dir='ltr'>καὶ</span> <span class='ocrx_word' id='word_1_580' title='bbox 2677 3669 2834 3724; x_wconf 82' lang='grc' dir='ltr'>οὐδέν</span> <span class='ocrx_word' id='word_1_581' title='bbox 2862 3686 2915 3724; x_wconf 86' lang='grc' dir='ltr'><strong>τι</strong></span> <span class='ocrx_word' id='word_1_582' title='bbox 2953 3670 3065 3724; x_wconf 85' lang='grc' dir='ltr'><strong>τῶν</strong></span> <span class='ocrx_word' id='word_1_583' title='bbox 3096 3670 3385 3741; x_wconf 85' lang='grc' dir='ltr'>παρόντων</span> <span class='ocrx_word' id='word_1_584' title='bbox 3433 3673 3762 3728; x_wconf 80' lang='grc' dir='ltr'>ἀπώναντο·</span> 
     </span>
    </p>
   </div>
   <div class='ocr_carea' id='block_1_83' title="bbox 2180 3760 3762 3838">
    <p class='ocr_par' dir='ltr' id='par_1_83' title="bbox 2180 3760 3762 3838">
     <span class='ocr_line' id='line_1_83' title="bbox 2180 3760 3762 3838; baseline 0.004 -25"><span class='ocrx_word' id='word_1_585' title='bbox 2180 3761 2231 3813; x_wconf 81' lang='grc' dir='ltr'>οἱ</span> <span class='ocrx_word' id='word_1_586' title='bbox 2301 3760 2359 3813; x_wconf 81' lang='grc' dir='ltr'>δὲ</span> <span class='ocrx_word' id='word_1_587' title='bbox 2416 3760 2518 3830; x_wconf 82' lang='grc' dir='ltr'>τῆς</span> <span class='ocrx_word' id='word_1_588' title='bbox 2581 3760 3002 3833; x_wconf 79' lang='grc' dir='ltr'>ἐνυπαρχούσης</span> <span class='ocrx_word' id='word_1_589' title='bbox 3076 3762 3237 3835; x_wconf 79' lang='grc' dir='ltr'>δόξης</span> <span class='ocrx_word' id='word_1_590' title='bbox 3286 3764 3349 3818; x_wconf 87' lang='grc' dir='ltr'><strong>οὐ</strong></span> <span class='ocrx_word' id='word_1_591' title='bbox 3402 3764 3707 3838; x_wconf 77' lang='grc' dir='ltr'>διήμαρτον</span> <span class='ocrx_word' id='word_1_592' title='bbox 3745 3785 3762 3801; x_wconf 86' lang='grc'><strong>·</strong></span> 
     </span>
    </p>
   </div>
   <div class='ocr_carea' id='block_1_84' title="bbox 2181 3853 3766 3930">
    <p class='ocr_par' dir='ltr' id='par_1_84' title="bbox 2181 3853 3766 3930">
     <span class='ocr_line' id='line_1_84' title="bbox 2181 3853 3766 3930; baseline 0.001 -20"><span class='ocrx_word' id='word_1_593' title='bbox 2181 3855 2398 3923; x_wconf 81' lang='grc' dir='ltr'>ἀγνοεῖς</span> <span class='ocrx_word' id='word_1_594' title='bbox 2443 3853 2552 3926; x_wconf 84' lang='grc' dir='ltr'><strong>γὰρ</strong></span> <span class='ocrx_word' id='word_1_595' title='bbox 2582 3854 2665 3908; x_wconf 83' lang='grc' dir='ltr'>ὅτι</span> <span class='ocrx_word' id='word_1_596' title='bbox 2691 3855 2860 3926; x_wconf 85' lang='grc' dir='ltr'>ἐτερα</span> <span class='ocrx_word' id='word_1_597' title='bbox 2894 3856 2994 3925; x_wconf 79' lang='grc' dir='ltr'>μὲν</span> <span class='ocrx_word' id='word_1_598' title='bbox 3024 3854 3135 3910; x_wconf 84' lang='grc' dir='ltr'><strong>τῶν</strong></span> <span class='ocrx_word' id='word_1_599' title='bbox 3161 3855 3335 3926; x_wconf 79' lang='grc' dir='ltr'>ἁγίων</span> <span class='ocrx_word' id='word_1_600' title='bbox 3367 3856 3437 3912; x_wconf 84' lang='grc' dir='ltr'><strong>τά</strong></span> <span class='ocrx_word' id='word_1_601' title='bbox 3472 3860 3766 3930; x_wconf 79' lang='grc' dir='ltr'>κατορθώ-</span> 
     </span>
    </p>
   </div>
   <div class='ocr_carea' id='block_1_85' title="bbox 2180 3944 3766 4020">
    <p class='ocr_par' dir='ltr' id='par_1_85' title="bbox 2180 3944 3766 4020">
     <span class='ocr_line' id='line_1_85' title="bbox 2180 3944 3766 4020; baseline 0.003 -22"><span class='ocrx_word' id='word_1_602' title='bbox 2180 3962 2361 4016; x_wconf 88' lang='grc' dir='ltr'>ματα,</span> <span class='ocrx_word' id='word_1_603' title='bbox 2396 3944 2496 4015; x_wconf 82' lang='grc' dir='ltr'>τῆς</span> <span class='ocrx_word' id='word_1_604' title='bbox 2521 3944 2692 4010; x_wconf 71' lang='grc' dir='ltr'>ὅντως</span> <span class='ocrx_word' id='word_1_605' title='bbox 2719 3946 2958 4011; x_wconf 86' lang='grc' dir='ltr'>πίστεως</span> <span class='ocrx_word' id='word_1_606' title='bbox 2999 3947 3093 4001; x_wconf 77' lang='grc' dir='ltr'>καὶ</span> <span class='ocrx_word' id='word_1_607' title='bbox 3135 3947 3236 4018; x_wconf 86' lang='grc' dir='ltr'>τῆς</span> <span class='ocrx_word' id='word_1_608' title='bbox 3264 3947 3475 4013; x_wconf 86' lang='grc' dir='ltr'>ἐλπίδος</span> <span class='ocrx_word' id='word_1_609' title='bbox 3503 3950 3605 4020; x_wconf 79' lang='grc' dir='ltr'>τῆς</span> <span class='ocrx_word' id='word_1_610' title='bbox 3635 3952 3766 4004; x_wconf 65' lang='grc' dir='ltr'>κατ’</span> 
     </span>
    </p>
   </div>
   <div class='ocr_carea' id='block_1_86' title="bbox 2178 4035 3768 4113">
    <p class='ocr_par' dir='ltr' id='par_1_86' title="bbox 2178 4035 3768 4113">
     <span class='ocr_line' id='line_1_86' title="bbox 2178 4035 3768 4113; baseline 0.004 -24"><span class='ocrx_word' id='word_1_611' title='bbox 2178 4036 2377 4099; x_wconf 76' lang='grc' dir='ltr'>αὐτοὺς</span> <span class='ocrx_word' id='word_1_612' title='bbox 2400 4035 2525 4101; x_wconf 76' lang='grc' dir='ltr'>ἄξια</span> <span class='ocrx_word' id='word_1_613' title='bbox 2548 4077 2564 4103; x_wconf 85' lang='grc'><strong>,</strong></span> <span class='ocrx_word' id='word_1_614' title='bbox 2605 4037 2778 4092; x_wconf 69' lang='grc' dir='ltr'>ἀΐδιον</span> <span class='ocrx_word' id='word_1_615' title='bbox 2809 4038 2886 4103; x_wconf 85' lang='grc' dir='ltr'>ὡς</span> <span class='ocrx_word' id='word_1_616' title='bbox 2910 4036 3135 4109; x_wconf 81' lang='grc' dir='ltr'>ἀληθῶς</span> <span class='ocrx_word' id='word_1_617' title='bbox 3165 4040 3265 4110; x_wconf 86' lang='grc' dir='ltr'>τὴν</span> <span class='ocrx_word' id='word_1_618' title='bbox 3307 4040 3468 4106; x_wconf 80' lang='grc' dir='ltr'>δόξαν</span> <span class='ocrx_word' id='word_1_619' title='bbox 3519 4042 3615 4095; x_wconf 76' lang='grc' dir='ltr'>καὶ</span> <span class='ocrx_word' id='word_1_620' title='bbox 3657 4042 3768 4113; x_wconf 79' lang='grc' dir='ltr'>τὴν</span> 
     </span>
    </p>
   </div>
   <div class='ocr_carea' id='block_1_87' title="bbox 2177 4128 3768 4202">
    <p class='ocr_par' dir='ltr' id='par_1_87' title="bbox 2177 4128 3768 4202">
     <span class='ocr_line' id='line_1_87' title="bbox 2177 4128 3768 4202; baseline 0.006 -21"><span class='ocrx_word' id='word_1_621' title='bbox 2177 4128 2543 4200; x_wconf 84' lang='grc' dir='ltr'>λαμπρότητα</span> <span class='ocrx_word' id='word_1_622' title='bbox 2608 4133 2928 4202; x_wconf 80' lang='grc' dir='ltr'>κεκτημένα</span> <span class='ocrx_word' id='word_1_623' title='bbox 2987 4133 3084 4187; x_wconf 76' lang='grc' dir='ltr'>καὶ</span> <span class='ocrx_word' id='word_1_624' title='bbox 3144 4132 3596 4199; x_wconf 78' lang='grc' dir='ltr'>διαιωνίζουσαν’</span> <span class='ocrx_word' id='word_1_625' title='bbox 3650 4138 3768 4191; x_wconf 87' lang='grc' dir='ltr'><strong>τῶν</strong></span> 
     </span>
    </p>
   </div>
   <div class='ocr_carea' id='block_1_88' title="bbox 2176 4221 3769 4301">
    <p class='ocr_par' dir='ltr' id='par_1_88' title="bbox 2176 4221 3769 4301">
     <span class='ocr_line' id='line_1_88' title="bbox 2176 4221 3769 4301; baseline 0.006 -27"><span class='ocrx_word' id='word_1_626' title='bbox 2176 4221 2481 4275; x_wconf 84' lang='grc' dir='ltr'>διωκόντων</span> <span class='ocrx_word' id='word_1_627' title='bbox 2521 4221 2579 4274; x_wconf 74' lang='grc' dir='ltr'>δὲ</span> <span class='ocrx_word' id='word_1_628' title='bbox 2615 4222 2798 4291; x_wconf 82' lang='grc' dir='ltr'>φαῦλα</span> <span class='ocrx_word' id='word_1_629' title='bbox 2827 4223 2895 4277; x_wconf 89' lang='grc' dir='ltr'><strong>τά</strong></span> <span class='ocrx_word' id='word_1_630' title='bbox 2923 4222 3063 4295; x_wconf 77' lang='grc' dir='ltr'>ἔργα</span> <span class='ocrx_word' id='word_1_631' title='bbox 3115 4225 3213 4279; x_wconf 78' lang='grc' dir='ltr'>καὶ</span> <span class='ocrx_word' id='word_1_632' title='bbox 3250 4227 3442 4281; x_wconf 83' lang='grc' dir='ltr'>ἀνόσια</span> <span class='ocrx_word' id='word_1_633' title='bbox 3469 4267 3485 4292; x_wconf 92' lang='grc'><strong>,</strong></span> <span class='ocrx_word' id='word_1_634' title='bbox 3520 4233 3618 4282; x_wconf 83' lang='grc' dir='ltr'>καὶ</span> <span class='ocrx_word' id='word_1_635' title='bbox 3659 4230 3769 4301; x_wconf 78' lang='grc' dir='ltr'>τῆς</span> 
     </span>
    </p>
   </div>
   <div class='ocr_carea' id='block_1_89' title="bbox 2177 4312 3767 4390">
    <p class='ocr_par' dir='ltr' id='par_1_89' title="bbox 2177 4312 3767 4390">
     <span class='ocr_line' id='line_1_89' title="bbox 2177 4312 3767 4390; baseline 0.007 -25"><span class='ocrx_word' id='word_1_636' title='bbox 2177 4312 2401 4366; x_wconf 82' lang='grc' dir='ltr'>ἐκείνων</span> <span class='ocrx_word' id='word_1_637' title='bbox 2430 4312 2720 4384; x_wconf 84' lang='grc' dir='ltr'>ἀθεότητος</span> <span class='ocrx_word' id='word_1_638' title='bbox 2758 4312 2896 4368; x_wconf 83' lang='grc' dir='ltr'>ῐδια·</span> <span class='ocrx_word' id='word_1_639' title='bbox 2924 4314 2961 4369; x_wconf 79' lang='grc' dir='ltr'><strong>ἃ.</strong></span> <span class='ocrx_word' id='word_1_640' title='bbox 3001 4315 3142 4387; x_wconf 81' lang='grc' dir='ltr'>μετὰ</span> <span class='ocrx_word' id='word_1_641' title='bbox 3170 4316 3273 4386; x_wconf 84' lang='grc' dir='ltr'>τῆς</span> <span class='ocrx_word' id='word_1_642' title='bbox 3306 4319 3530 4390; x_wconf 83' lang='grc' dir='ltr'>μνήμης</span> <span class='ocrx_word' id='word_1_643' title='bbox 3579 4321 3767 4376; x_wconf 76' lang='grc' dir='ltr'>αὐτῶν</span> 
     </span>
    </p>
   </div>
   <div class='ocr_carea' id='block_1_90' title="bbox 2178 4390 3768 4480">
    <p class='ocr_par' dir='ltr' id='par_1_90' title="bbox 2178 4390 3768 4480">
     <span class='ocr_line' id='line_1_90' title="bbox 2178 4390 3768 4480; baseline 0.008 -23"><span class='ocrx_word' id='word_1_644' title='bbox 2178 4404 2341 4468; x_wconf 85' lang='grc' dir='ltr'>εὐθὺς</span> <span class='ocrx_word' id='word_1_645' title='bbox 2384 4404 2637 4476; x_wconf 78' lang='grc' dir='ltr'>ἀπέσϐη,</span> <span class='ocrx_word' id='word_1_646' title='bbox 2683 4405 2874 4480; x_wconf 82' lang='grc' dir='ltr'>ὥσπερ</span> <span class='ocrx_word' id='word_1_647' title='bbox 2935 4390 3163 4472; x_wconf 67' lang='grc' dir='ltr'>καπνδί</span> <span class='ocrx_word' id='word_1_648' title='bbox 3203 4410 3309 4464; x_wconf 82' lang='grc' dir='ltr'><strong>ὑπὸ</strong></span> <span class='ocrx_word' id='word_1_649' title='bbox 3349 4411 3616 4478; x_wconf 83' lang='grc' dir='ltr'>λαίλαπος</span> <span class='ocrx_word' id='word_1_650' title='bbox 3664 4414 3768 4469; x_wconf 84' lang='grc' dir='ltr'>τά-</span> 
     </span>
    </p>
   </div>
   <div class='ocr_carea' id='block_1_91' title="bbox 494 4494 2076 4590">
    <p class='ocr_par' dir='ltr' id='par_1_91' title="bbox 494 4494 2074 4565">
     <span class='ocr_line' id='line_1_91' title="bbox 494 4494 2074 4565; baseline -0.001 -17"><span class='ocrx_word' id='word_1_651' title='bbox 494 4495 649 4550; x_wconf 78' lang='grc' dir='ltr'>ιίοιιε</span> <span class='ocrx_word' id='word_1_652' title='bbox 699 4507 849 4562; x_wconf 89' lang='lat' dir='ltr'><strong>sunt,</strong></span> <span class='ocrx_word' id='word_1_653' title='bbox 897 4496 985 4564; x_wconf 84' lang='lat' dir='ltr'><strong>qui</strong></span> <span class='ocrx_word' id='word_1_654' title='bbox 1021 4496 1384 4565; x_wconf 68' lang='lat' dir='ltr'><strong>praesentibus</strong></span> <span class='ocrx_word' id='word_1_655' title='bbox 1432 4500 1642 4548; x_wconf 86' lang='lat' dir='ltr'><strong>tantum</strong></span> <span class='ocrx_word' id='word_1_656' title='bbox 1689 4509 1750 4549; x_wconf 85' lang='lat' dir='ltr'><strong>es</strong></span> <span class='ocrx_word' id='word_1_657' title='bbox 1804 4494 2074 4559; x_wconf 84' lang='lat' dir='ltr'><strong>addictus,</strong></span> 
     </span>
    </p>
   </div>
   <div class='ocr_carea' id='block_1_92' title="bbox 2182 4494 3767 4590">
    <p class='ocr_par' dir='ltr' id='par_1_92' title="bbox 2187 4494 3767 4575">
     <span class='ocr_line' id='line_1_92' title="bbox 2187 4494 3767 4575; baseline 0.006 -24"><span class='ocrx_word' id='word_1_658' title='bbox 2187 4494 2351 4568; x_wconf 84' lang='grc' dir='ltr'>χιστα</span> <span class='ocrx_word' id='word_1_659' title='bbox 2392 4496 2839 4567; x_wconf 87' lang='grc' dir='ltr'>σκεδαννύμενα,</span> <span class='ocrx_word' id='word_1_660' title='bbox 2879 4501 2977 4554; x_wconf 78' lang='grc' dir='ltr'>καὶ</span> <span class='ocrx_word' id='word_1_661' title='bbox 3025 4501 3109 4555; x_wconf 92' lang='grc' dir='ltr'><strong>σοί</strong></span> <span class='ocrx_word' id='word_1_662' title='bbox 3138 4518 3203 4570; x_wconf 85' lang='grc' dir='ltr'><strong>γε</strong></span> <span class='ocrx_word' id='word_1_663' title='bbox 3254 4502 3601 4575; x_wconf 82' lang='grc' dir='ltr'>θαυμάζεται</span> <span class='ocrx_word' id='word_1_664' title='bbox 3648 4508 3767 4572; x_wconf 83' lang='grc' dir='ltr'>τοῖς</span> 
     </span>
    </p>
   </div>
   <div class='ocr_carea' id='block_1_93' title="bbox 489 4682 986 4748">
    <p class='ocr_par' dir='ltr' id='par_1_93' title="bbox 489 4682 986 4748">
     <span class='ocr_line' id='line_1_93' title="bbox 489 4682 986 4748; baseline 0.004 -16"><span class='ocrx_word' id='word_1_665' title='bbox 489 4690 613 4733; x_wconf 63' lang='lat' dir='ltr'><strong>avo</strong></span> <span class='ocrx_word' id='word_1_666' title='bbox 634 4694 785 4748; x_wconf 84' lang='lat' dir='ltr'><strong>spem</strong></span> <span class='ocrx_word' id='word_1_667' title='bbox 814 4682 986 4736; x_wconf 88' lang='lat' dir='ltr'><strong>foves.</strong></span> 
     </span>
    </p>
   </div>
   <div class='ocr_carea' id='block_1_94' title="bbox 566 4884 2071 4941">
    <p class='ocr_par' dir='ltr' id='par_1_94' title="bbox 566 4884 2071 4941">
     <span class='ocr_line' id='line_1_94' title="bbox 566 4884 2071 4941; baseline 0.001 -5"><span class='ocrx_word' id='word_1_668' title='bbox 566 4884 660 4938; x_wconf 82' lang='lat'><strong>&#39;77.</strong></span> <span class='ocrx_word' id='word_1_669' title='bbox 705 4884 856 4939; x_wconf 78' lang='lat' dir='ltr'><strong>Risui</strong></span> <span class='ocrx_word' id='word_1_670' title='bbox 889 4884 984 4938; x_wconf 91' lang='lat' dir='ltr'><strong>tibi</strong></span> <span class='ocrx_word' id='word_1_671' title='bbox 1013 4894 1135 4939; x_wconf 89' lang='lat' dir='ltr'><strong>esto</strong></span> <span class='ocrx_word' id='word_1_672' title='bbox 1157 4892 1473 4941; x_wconf 89' lang='lat' dir='ltr'><strong>sanctorum</strong></span> <span class='ocrx_word' id='word_1_673' title='bbox 1496 4893 1551 4940; x_wconf 88' lang='lat' dir='ltr'><strong>et</strong></span> <span class='ocrx_word' id='word_1_674' title='bbox 1574 4894 1883 4939; x_wconf 85' lang='lat' dir='ltr'><strong>ascetarum</strong></span> <span class='ocrx_word' id='word_1_675' title='bbox 1918 4884 2071 4938; x_wconf 87' lang='lat' dir='ltr'><strong>viro-</strong></span> 
     </span>
    </p>
   </div>
   <div class='ocr_carea' id='block_1_95' title="bbox 497 4974 2075 5047">
    <p class='ocr_par' dir='ltr' id='par_1_95' title="bbox 497 4974 2075 5047">
     <span class='ocr_line' id='line_1_95' title="bbox 497 4974 2075 5047; baseline 0.002 -20"><span class='ocrx_word' id='word_1_676' title='bbox 497 4990 621 5027; x_wconf 91' lang='lat' dir='ltr'><strong>rum</strong></span> <span class='ocrx_word' id='word_1_677' title='bbox 652 4975 787 5038; x_wconf 87' lang='lat' dir='ltr'><strong>vita,</strong></span> <span class='ocrx_word' id='word_1_678' title='bbox 811 4974 904 5044; x_wconf 91' lang='lat' dir='ltr'><strong>qui</strong></span> <span class='ocrx_word' id='word_1_679' title='bbox 958 4977 1013 5028; x_wconf 92' lang='lat' dir='ltr'><strong>in</strong></span> <span class='ocrx_word' id='word_1_680' title='bbox 1053 4991 1283 5045; x_wconf 91' lang='lat' dir='ltr'><strong>corpore</strong></span> <span class='ocrx_word' id='word_1_681' title='bbox 1316 4976 1591 5047; x_wconf 83' lang='lat' dir='ltr'><strong>angelicas</strong></span> <span class='ocrx_word' id='word_1_682' title='bbox 1643 4985 1699 5031; x_wconf 92' lang='lat' dir='ltr'><strong>et</strong></span> <span class='ocrx_word' id='word_1_683' title='bbox 1757 4974 1876 5031; x_wconf 88' lang='lat' dir='ltr'><strong>sine</strong></span> <span class='ocrx_word' id='word_1_684' title='bbox 1905 4990 2075 5030; x_wconf 86' lang='lat' dir='ltr'><strong>carne</strong></span> 
     </span>
    </p>
   </div>
   <div class='ocr_carea' id='block_1_96' title="bbox 499 5065 2073 5128">
    <p class='ocr_par' dir='ltr' id='par_1_96' title="bbox 499 5065 2073 5128">
     <span class='ocr_line' id='line_1_96' title="bbox 499 5065 2073 5128; baseline 0 -10"><span class='ocrx_word' id='word_1_685' title='bbox 499 5080 681 5120; x_wconf 86' lang='lat' dir='ltr'><strong>mores</strong></span> <span class='ocrx_word' id='word_1_686' title='bbox 728 5066 1126 5121; x_wconf 86' lang='lat' dir='ltr'><strong>demonstrant.</strong></span> <span class='ocrx_word' id='word_1_687' title='bbox 1163 5066 1395 5123; x_wconf 80' lang='lat' dir='ltr'><strong>Maledic</strong></span> <span class='ocrx_word' id='word_1_688' title='bbox 1435 5067 1804 5128; x_wconf 60' lang='lat' dir='ltr'><strong>continentiae,</strong></span> <span class='ocrx_word' id='word_1_689' title='bbox 1847 5065 2073 5120; x_wconf 86' lang='lat' dir='ltr'><strong>humili-</strong></span> 
     </span>
    </p>
   </div>
   <div class='ocr_carea' id='block_1_97' title="bbox 492 5150 2073 5229">
    <p class='ocr_par' dir='ltr' id='par_1_97' title="bbox 492 5150 2073 5229">
     <span class='ocr_line' id='line_1_97' title="bbox 492 5150 2073 5229; baseline 0 -18"><span class='ocrx_word' id='word_1_690' title='bbox 492 5150 624 5224; x_wconf 70' lang='lat' dir='ltr'><strong>tati,</strong></span> <span class='ocrx_word' id='word_1_691' title='bbox 654 5159 1084 5224; x_wconf 86' lang='lat' dir='ltr'><strong>mansuetudini,</strong></span> <span class='ocrx_word' id='word_1_692' title='bbox 1110 5160 1352 5226; x_wconf 88' lang='lat' dir='ltr'><strong>silentio,</strong></span> <span class='ocrx_word' id='word_1_693' title='bbox 1398 5160 1692 5229; x_wconf 61' lang='lat' dir='ltr'><strong>patientia,</strong></span> <span class='ocrx_word' id='word_1_694' title='bbox 1718 5159 2073 5222; x_wconf 68' lang='lat' dir='ltr'><strong>chameuniae,</strong></span> 
     </span>
    </p>
   </div>
   <div class='ocr_carea' id='block_1_98' title="bbox 498 5247 2071 5318">
    <p class='ocr_par' dir='ltr' id='par_1_98' title="bbox 498 5247 2071 5318">
     <span class='ocr_line' id='line_1_98' title="bbox 498 5247 2071 5318; baseline 0.003 -19"><span class='ocrx_word' id='word_1_695' title='bbox 498 5247 832 5316; x_wconf 84' lang='lat' dir='ltr'><strong>paupertati,</strong></span> <span class='ocrx_word' id='word_1_696' title='bbox 864 5247 1167 5313; x_wconf 84' lang='lat' dir='ltr'><strong>solitudini,</strong></span> <span class='ocrx_word' id='word_1_697' title='bbox 1217 5251 1401 5305; x_wconf 88' lang='lat' dir='ltr'><strong>mundi</strong></span> <span class='ocrx_word' id='word_1_698' title='bbox 1439 5250 1948 5318; x_wconf 82' lang='lat' dir='ltr'><strong>tnuttdanarumque</strong></span> <span class='ocrx_word' id='word_1_699' title='bbox 1982 5263 2071 5305; x_wconf 82' lang='lat' dir='ltr'><strong>re-</strong></span> 
     </span>
    </p>
   </div>
   <div class='ocr_carea' id='block_1_99' title="bbox 497 5339 2075 5411">
    <p class='ocr_par' dir='ltr' id='par_1_99' title="bbox 497 5339 2075 5411">
     <span class='ocr_line' id='line_1_99' title="bbox 497 5339 2075 5411; baseline 0.002 -20"><span class='ocrx_word' id='word_1_700' title='bbox 497 5353 616 5391; x_wconf 87' lang='lat' dir='ltr'><strong>rum</strong></span> <span class='ocrx_word' id='word_1_701' title='bbox 654 5339 813 5407; x_wconf 71' lang='lat' dir='ltr'><strong>fugae.</strong></span> <span class='ocrx_word' id='word_1_702' title='bbox 846 5348 903 5393; x_wconf 90' lang='lat' dir='ltr'><strong>et</strong></span> <span class='ocrx_word' id='word_1_703' title='bbox 933 5339 1057 5395; x_wconf 89' lang='lat' dir='ltr'><strong>aliis</strong></span> <span class='ocrx_word' id='word_1_704' title='bbox 1086 5342 1285 5411; x_wconf 90' lang='lat' dir='ltr'><strong>quibus</strong></span> <span class='ocrx_word' id='word_1_705' title='bbox 1322 5342 1464 5397; x_wconf 90' lang='lat' dir='ltr'><strong>Deus</strong></span> <span class='ocrx_word' id='word_1_706' title='bbox 1506 5340 1815 5396; x_wconf 90' lang='lat' dir='ltr'><strong>delectatur</strong></span> <span class='ocrx_word' id='word_1_707' title='bbox 1854 5349 1907 5395; x_wconf 92' lang='lat' dir='ltr'><strong>et</strong></span> <span class='ocrx_word' id='word_1_708' title='bbox 1938 5354 2075 5410; x_wconf 89' lang='lat' dir='ltr'><strong>gau-</strong></span> 
     </span>
    </p>
   </div>
   <div class='ocr_carea' id='block_1_100' title="bbox 522 5534 2068 5613">
    <p class='ocr_par' dir='ltr' id='par_1_100' title="bbox 522 5534 2068 5613">
     <span class='ocr_line' id='line_1_100' title="bbox 522 5534 2068 5613; baseline 0 -25"><span class='ocrx_word' id='word_1_709' title='bbox 522 5602 533 5613; x_wconf 42' lang='grc'><strong>.</strong></span> <span class='ocrx_word' id='word_1_710' title='bbox 563 5535 729 5601; x_wconf 81' lang='lat' dir='ltr'><strong>(m-n)</strong></span> <span class='ocrx_word' id='word_1_711' title='bbox 750 5534 1073 5613; x_wconf 75' lang='lat' dir='ltr'><strong>Copronymi</strong></span> <span class='ocrx_word' id='word_1_712' title='bbox 1101 5535 1842 5613; x_wconf 34' lang='lat' dir='ltr'><strong>avaritiamet‘subditorum</strong></span> <span class='ocrx_word' id='word_1_713' title='bbox 1865 5536 2068 5609; x_wconf 85' lang='lat' dir='ltr'><strong>spolia-</strong></span> 
     </span>
    </p>
   </div>
   <div class='ocr_carea' id='block_1_101' title="bbox 494 5606 1519 5674">
    <p class='ocr_par' dir='ltr' id='par_1_101' title="bbox 494 5606 1519 5674">
     <span class='ocr_line' id='line_1_101' title="bbox 494 5606 1519 5674; baseline 0.007 -21"><span class='ocrx_word' id='word_1_714' title='bbox 494 5606 672 5657; x_wconf 88' lang='lat' dir='ltr'><strong>tiones</strong></span> <span class='ocrx_word' id='word_1_715' title='bbox 706 5617 969 5658; x_wconf 82' lang='lat' dir='ltr'><strong>memorat</strong></span> <span class='ocrx_word' id='word_1_716' title='bbox 1000 5606 1281 5661; x_wconf 72' lang='lat' dir='ltr'><strong>tledreuus</strong></span> <span class='ocrx_word' id='word_1_717' title='bbox 1313 5621 1364 5674; x_wconf 93' lang='lat' dir='ltr'><strong>p.</strong></span> <span class='ocrx_word' id='word_1_718' title='bbox 1390 5606 1519 5660; x_wconf 70' lang='lat'><strong>462.</strong></span> 
     </span>
    </p>
   </div>
   <div class='ocr_carea' id='block_1_102' title="bbox 569 5674 2059 5745">
    <p class='ocr_par' dir='ltr' id='par_1_102' title="bbox 569 5674 2059 5745">
     <span class='ocr_line' id='line_1_102' title="bbox 569 5674 2059 5745; baseline 0.004 -22"><span class='ocrx_word' id='word_1_719' title='bbox 569 5674 645 5741; x_wconf 80' lang='grc' dir='ltr'><strong>(ο)</strong></span> <span class='ocrx_word' id='word_1_720' title='bbox 699 5674 933 5729; x_wconf 69' lang='lat' dir='ltr'><strong>Caesaris</strong></span> <span class='ocrx_word' id='word_1_721' title='bbox 985 5677 1145 5744; x_wconf 79' lang='lat' dir='ltr'><strong>hujus</strong></span> <span class='ocrx_word' id='word_1_722' title='bbox 1185 5677 1515 5744; x_wconf 85' lang='lat' dir='ltr'><strong>impietatem</strong></span> <span class='ocrx_word' id='word_1_723' title='bbox 1553 5690 1617 5729; x_wconf 90' lang='lat' dir='ltr'><strong>ac</strong></span> <span class='ocrx_word' id='word_1_724' title='bbox 1657 5691 1823 5745; x_wconf 85' lang='lat' dir='ltr'><strong>prope</strong></span> <span class='ocrx_word' id='word_1_725' title='bbox 1855 5675 2059 5730; x_wconf 82' lang='lat' dir='ltr'><strong>atlieis-</strong></span> 
     </span>
    </p>
   </div>
   <div class='ocr_carea' id='block_1_103' title="bbox 384 4584 2076 4667">
    <p class='ocr_par' dir='ltr' id='par_1_103' title="bbox 384 4584 2076 4658">
     <span class='ocr_line' id='line_1_103' title="bbox 384 4584 2076 4658; baseline -0.003 -16"><span class='ocrx_word' id='word_1_726' title='bbox 384 4648 390 4654; x_wconf 32' lang='grc' dir='ltr'>ι</span> <span class='ocrx_word' id='word_1_727' title='bbox 500 4588 816 4656; x_wconf 88' lang='lat' dir='ltr'><strong>nullamque</strong></span> <span class='ocrx_word' id='word_1_728' title='bbox 849 4588 1214 4656; x_wconf 87' lang='lat' dir='ltr'><strong>repositorum</strong></span> <span class='ocrx_word' id='word_1_729' title='bbox 1266 4586 1447 4658; x_wconf 84' lang='lat' dir='ltr'><strong>dignis</strong></span> <span class='ocrx_word' id='word_1_730' title='bbox 1508 4586 1773 4642; x_wconf 88' lang='lat' dir='ltr'><strong>bonorum</strong></span> <span class='ocrx_word' id='word_1_731' title='bbox 1805 4585 1858 4639; x_wconf 92' lang='lat' dir='ltr'><strong>in</strong></span> <span class='ocrx_word' id='word_1_732' title='bbox 1893 4584 2076 4638; x_wconf 82' lang='lat' dir='ltr'><strong>futuro</strong></span> 
     </span>
    </p>
   </div>
   <div class='ocr_carea' id='block_1_104' title="bbox 2182 4584 3769 4667">
    <p class='ocr_par' dir='ltr' id='par_1_104' title="bbox 2188 4588 3769 4667">
     <span class='ocr_line' id='line_1_104' title="bbox 2188 4588 3769 4667; baseline 0.006 -25"><span class='ocrx_word' id='word_1_733' title='bbox 2188 4588 2430 4665; x_wconf 80' lang='grc' dir='ltr'>παροῦσι</span> <span class='ocrx_word' id='word_1_734' title='bbox 2493 4590 2656 4659; x_wconf 86' lang='grc' dir='ltr'>μόνον</span> <span class='ocrx_word' id='word_1_735' title='bbox 2697 4590 3111 4665; x_wconf 86' lang='grc' dir='ltr'>προσηλωμένῳ</span> <span class='ocrx_word' id='word_1_736' title='bbox 3134 4633 3150 4659; x_wconf 91' lang='grc'><strong>,</strong></span> <span class='ocrx_word' id='word_1_737' title='bbox 3198 4595 3295 4649; x_wconf 78' lang='grc' dir='ltr'>καὶ</span> <span class='ocrx_word' id='word_1_738' title='bbox 3339 4597 3599 4667; x_wconf 85' lang='grc' dir='ltr'>οὐδαμῶς</span> <span class='ocrx_word' id='word_1_739' title='bbox 3657 4598 3769 4652; x_wconf 85' lang='grc' dir='ltr'><strong>τῶν</strong></span> 
     </span>
    </p>
   </div>
   <div class='ocr_carea' id='block_1_105' title="bbox 2180 4674 3767 4758">
    <p class='ocr_par' dir='ltr' id='par_1_105' title="bbox 2180 4674 3767 4758">
     <span class='ocr_line' id='line_1_105' title="bbox 2180 4674 3767 4758; baseline 0.008 -25"><span class='ocrx_word' id='word_1_740' title='bbox 2180 4680 2567 4750; x_wconf 90' lang='grc' dir='ltr'>ἀποκειμένων</span> <span class='ocrx_word' id='word_1_741' title='bbox 2610 4681 2669 4734; x_wconf 90' lang='grc' dir='ltr'><strong>ἐν</strong></span> <span class='ocrx_word' id='word_1_742' title='bbox 2691 4681 2768 4752; x_wconf 85' lang='grc' dir='ltr'>τῷ</span> <span class='ocrx_word' id='word_1_743' title='bbox 2805 4674 3054 4753; x_wconf 84' lang='grc' dir='ltr'>μέλλοντι</span> <span class='ocrx_word' id='word_1_744' title='bbox 3086 4688 3201 4750; x_wconf 86' lang='grc' dir='ltr'>τοῖς</span> <span class='ocrx_word' id='word_1_745' title='bbox 3232 4685 3408 4753; x_wconf 81' lang='grc' dir='ltr'>ἀξίοις</span> <span class='ocrx_word' id='word_1_746' title='bbox 3449 4689 3677 4758; x_wconf 87' lang='grc' dir='ltr'>ἀγαθῶν</span> <span class='ocrx_word' id='word_1_747' title='bbox 3705 4692 3767 4745; x_wconf 85' lang='grc' dir='ltr'><strong>ἐν</strong></span> 
     </span>
    </p>
   </div>
   <div class='ocr_carea' id='block_1_106' title="bbox 2178 4770 2742 4843">
    <p class='ocr_par' dir='ltr' id='par_1_106' title="bbox 2178 4770 2742 4843">
     <span class='ocr_line' id='line_1_106' title="bbox 2178 4770 2742 4843; baseline 0.005 -20"><span class='ocrx_word' id='word_1_748' title='bbox 2178 4770 2393 4824; x_wconf 79' lang='grc' dir='ltr'>ἐλπίσιν</span> <span class='ocrx_word' id='word_1_749' title='bbox 2419 4771 2742 4843; x_wconf 84' lang='grc' dir='ltr'>ὑπάρχοντι.</span> 
     </span>
    </p>
   </div>
   <div class='ocr_carea' id='block_1_107' title="bbox 2246 4882 3764 4967">
    <p class='ocr_par' dir='ltr' id='par_1_107' title="bbox 2246 4882 3764 4967">
     <span class='ocr_line' id='line_1_107' title="bbox 2246 4882 3764 4967; baseline 0.011 -31"><span class='ocrx_word' id='word_1_750' title='bbox 2246 4882 2341 4949; x_wconf 59' lang='grc' dir='ltr'><strong>σξη</strong></span> <span class='ocrx_word' id='word_1_751' title='bbox 2387 4884 2565 4948; x_wconf 85' lang='grc' dir='ltr'>Γέλως</span> <span class='ocrx_word' id='word_1_752' title='bbox 2602 4901 2687 4939; x_wconf 90' lang='grc' dir='ltr'><strong>σοι</strong></span> <span class='ocrx_word' id='word_1_753' title='bbox 2712 4888 3027 4959; x_wconf 87' lang='grc' dir='ltr'>προκείσθω</span> <span class='ocrx_word' id='word_1_754' title='bbox 3053 4891 3165 4945; x_wconf 83' lang='grc' dir='ltr'><strong>τῶν</strong></span> <span class='ocrx_word' id='word_1_755' title='bbox 3188 4895 3353 4947; x_wconf 81' lang='grc' dir='ltr'>ὁσίων</span> <span class='ocrx_word' id='word_1_756' title='bbox 3382 4895 3479 4949; x_wconf 71' lang='grc' dir='ltr'>καὶ</span> <span class='ocrx_word' id='word_1_757' title='bbox 3503 4897 3764 4967; x_wconf 86' lang='grc' dir='ltr'>ἀσκητῶν</span> 
     </span>
    </p>
   </div>
   <div class='ocr_carea' id='block_1_108' title="bbox 2177 4975 3768 5062">
    <p class='ocr_par' dir='ltr' id='par_1_108' title="bbox 2177 4975 3768 5062">
     <span class='ocr_line' id='line_1_108' title="bbox 2177 4975 3768 5062; baseline 0.009 -32"><span class='ocrx_word' id='word_1_758' title='bbox 2177 4976 2389 5049; x_wconf 85' lang='grc' dir='ltr'>ἀνδρῶν</span> <span class='ocrx_word' id='word_1_759' title='bbox 2411 4978 2439 5030; x_wconf 85' lang='grc' dir='ltr'>ὁ</span> <span class='ocrx_word' id='word_1_760' title='bbox 2459 4976 2571 5047; x_wconf 83' lang='grc' dir='ltr'>βίος</span> <span class='ocrx_word' id='word_1_761' title='bbox 2588 4978 2686 5047; x_wconf 85' lang='lat' dir='ltr'><strong>(p),</strong></span> <span class='ocrx_word' id='word_1_762' title='bbox 2702 4975 2782 5043; x_wconf 75' lang='grc' dir='ltr'><strong>οἷς</strong></span> <span class='ocrx_word' id='word_1_763' title='bbox 2797 4982 2853 5033; x_wconf 83' lang='grc' dir='ltr'>ὲν</span> <span class='ocrx_word' id='word_1_764' title='bbox 2873 4980 3083 5052; x_wconf 81' lang='grc' dir='ltr'>σώματι</span> <span class='ocrx_word' id='word_1_765' title='bbox 3097 4984 3160 5038; x_wconf 86' lang='grc' dir='ltr'><strong>τὺ</strong></span> <span class='ocrx_word' id='word_1_766' title='bbox 3175 4985 3466 5054; x_wconf 85' lang='grc' dir='ltr'>ἀγγελικδν</span> <span class='ocrx_word' id='word_1_767' title='bbox 3488 4990 3583 5043; x_wconf 76' lang='grc' dir='ltr'><strong>καὶ</strong></span> <span class='ocrx_word' id='word_1_768' title='bbox 3596 4991 3768 5062; x_wconf 84' lang='grc' dir='ltr'>ἀσαρ-</span> 
     </span>
    </p>
   </div>
   <div class='ocr_carea' id='block_1_109' title="bbox 2178 5066 3843 5151">
    <p class='ocr_par' dir='ltr' id='par_1_109' title="bbox 2178 5066 3843 5151">
     <span class='ocr_line' id='line_1_109' title="bbox 2178 5066 3843 5151; baseline 0.01 -32"><span class='ocrx_word' id='word_1_769' title='bbox 2178 5083 2274 5120; x_wconf 91' lang='grc' dir='ltr'><strong>κον</strong></span> <span class='ocrx_word' id='word_1_770' title='bbox 2287 5066 2678 5122; x_wconf 85' lang='grc' dir='ltr'>ἐπιδείκνυται·</span> <span class='ocrx_word' id='word_1_771' title='bbox 2698 5070 2920 5143; x_wconf 85' lang='grc' dir='ltr'>διάσυρε</span> <span class='ocrx_word' id='word_1_772' title='bbox 2937 5073 3038 5143; x_wconf 83' lang='grc' dir='ltr'>τὴν</span> <span class='ocrx_word' id='word_1_773' title='bbox 3061 5075 3415 5148; x_wconf 78' lang='grc' dir='ltr'>ἐγκράτειαν,</span> <span class='ocrx_word' id='word_1_774' title='bbox 3442 5077 3542 5151; x_wconf 77' lang='grc' dir='ltr'>τὴν</span> <span class='ocrx_word' id='word_1_775' title='bbox 3563 5095 3762 5133; x_wconf 84' lang='grc' dir='ltr'>ταπει-</span> <span class='ocrx_word' id='word_1_776' title='bbox 3824 5084 3843 5095; x_wconf 90' lang='grc'><em>’</em></span> 
     </span>
    </p>
   </div>
   <div class='ocr_carea' id='block_1_110' title="bbox 2179 5159 3766 5242">
    <p class='ocr_par' dir='ltr' id='par_1_110' title="bbox 2179 5159 3766 5242">
     <span class='ocr_line' id='line_1_110' title="bbox 2179 5159 3766 5242; baseline 0.006 -29"><span class='ocrx_word' id='word_1_777' title='bbox 2179 5159 2541 5230; x_wconf 80' lang='grc' dir='ltr'>νοφροσύνην,</span> <span class='ocrx_word' id='word_1_778' title='bbox 2560 5160 2621 5214; x_wconf 79' lang='grc' dir='ltr'>τὸ</span> <span class='ocrx_word' id='word_1_779' title='bbox 2635 5164 2833 5234; x_wconf 79' lang='grc' dir='ltr'>πρᾶον,</span> <span class='ocrx_word' id='word_1_780' title='bbox 2854 5163 3153 5237; x_wconf 76' lang='grc' dir='ltr'>τὸῆσυχον,</span> <span class='ocrx_word' id='word_1_781' title='bbox 3176 5167 3238 5220; x_wconf 85' lang='grc' dir='ltr'>τὸ</span> <span class='ocrx_word' id='word_1_782' title='bbox 3265 5169 3644 5241; x_wconf 85' lang='grc' dir='ltr'>μακρόθυμον,</span> <span class='ocrx_word' id='word_1_783' title='bbox 3664 5170 3766 5242; x_wconf 73' lang='grc' dir='ltr'>τὴν</span> 
     </span>
    </p>
   </div>
   <div class='ocr_carea' id='block_1_111' title="bbox 2179 5251 3761 5332">
    <p class='ocr_par' dir='ltr' id='par_1_111' title="bbox 2179 5251 3761 5332">
     <span class='ocr_line' id='line_1_111' title="bbox 2179 5251 3761 5332; baseline 0.005 -27"><span class='ocrx_word' id='word_1_784' title='bbox 2179 5251 2508 5322; x_wconf 81' lang='grc' dir='ltr'>χαμευνίαν,</span> <span class='ocrx_word' id='word_1_785' title='bbox 2536 5253 2639 5313; x_wconf 80' lang='grc' dir='ltr'>τὴν</span> <span class='ocrx_word' id='word_1_786' title='bbox 2668 5255 2939 5326; x_wconf 81' lang='grc' dir='ltr'>ἀκτησίαν</span> <span class='ocrx_word' id='word_1_787' title='bbox 2960 5297 2974 5321; x_wconf 96' lang='grc'><strong>,</strong></span> <span class='ocrx_word' id='word_1_788' title='bbox 3006 5257 3105 5328; x_wconf 79' lang='grc' dir='ltr'>τὴν</span> <span class='ocrx_word' id='word_1_789' title='bbox 3134 5260 3377 5329; x_wconf 76' lang='grc' dir='ltr'>ἐρημίαν</span> <span class='ocrx_word' id='word_1_790' title='bbox 3401 5299 3416 5323; x_wconf 87' lang='grc'><strong>,</strong></span> <span class='ocrx_word' id='word_1_791' title='bbox 3454 5261 3517 5316; x_wconf 84' lang='grc' dir='ltr'>τὸ</span> <span class='ocrx_word' id='word_1_792' title='bbox 3547 5262 3761 5332; x_wconf 82' lang='grc' dir='ltr'>κόσμου</span> 
     </span>
    </p>
   </div>
   <div class='ocr_carea' id='block_1_112' title="bbox 2181 5338 3760 5415">
    <p class='ocr_par' dir='ltr' id='par_1_112' title="bbox 2181 5338 3760 5415">
     <span class='ocr_line' id='line_1_112' title="bbox 2181 5338 3760 5415; baseline 0.006 -23"><span class='ocrx_word' id='word_1_793' title='bbox 2181 5340 2276 5392; x_wconf 73' lang='grc' dir='ltr'>καὶ</span> <span class='ocrx_word' id='word_1_794' title='bbox 2302 5338 2413 5393; x_wconf 81' lang='grc' dir='ltr'><strong>τῶν</strong></span> <span class='ocrx_word' id='word_1_795' title='bbox 2456 5341 2516 5393; x_wconf 87' lang='grc' dir='ltr'><strong>ἐν</strong></span> <span class='ocrx_word' id='word_1_796' title='bbox 2556 5341 2747 5412; x_wconf 85' lang='grc' dir='ltr'>κόσμῳ</span> <span class='ocrx_word' id='word_1_797' title='bbox 2779 5343 3145 5415; x_wconf 84' lang='grc' dir='ltr'>χωρίζεσθαι,</span> <span class='ocrx_word' id='word_1_798' title='bbox 3178 5348 3273 5401; x_wconf 79' lang='grc' dir='ltr'><strong>καὶ</strong></span> <span class='ocrx_word' id='word_1_799' title='bbox 3310 5347 3481 5404; x_wconf 79' lang='grc' dir='ltr'>τᾶλλα</span> <span class='ocrx_word' id='word_1_800' title='bbox 3515 5343 3599 5411; x_wconf 71' lang='grc' dir='ltr'><strong>οἷς</strong></span> <span class='ocrx_word' id='word_1_801' title='bbox 3626 5349 3760 5414; x_wconf 70' lang='grc' dir='ltr'>Θεὶς</span> 
     </span>
    </p>
   </div>
   <div class='ocr_carea' id='block_1_113' title="bbox 2180 5535 2897 5595">
    <p class='ocr_par' dir='ltr' id='par_1_113' title="bbox 2180 5535 2897 5595">
     <span class='ocr_line' id='line_1_113' title="bbox 2180 5535 2897 5595; baseline 0.007 -5"><span class='ocrx_word' id='word_1_802' title='bbox 2180 5535 2461 5592; x_wconf 83' lang='lat' dir='ltr'><strong>historicis</strong></span> <span class='ocrx_word' id='word_1_803' title='bbox 2486 5550 2616 5590; x_wconf 90' lang='lat' dir='ltr'><strong>vere</strong></span> <span class='ocrx_word' id='word_1_804' title='bbox 2646 5537 2897 5595; x_wconf 82' lang='lat' dir='ltr'><strong>allirmat.</strong></span> 
     </span>
    </p>
   </div>
   <div class='ocr_carea' id='block_1_114' title="bbox 2247 5605 3839 5682">
    <p class='ocr_par' dir='ltr' id='par_1_114' title="bbox 2247 5605 3839 5682">
     <span class='ocr_line' id='line_1_114' title="bbox 2247 5605 3839 5682; baseline 0.011 -24"><span class='ocrx_word' id='word_1_805' title='bbox 2247 5606 2324 5682; x_wconf 71' lang='grc' dir='ltr'><strong>(ρ)</strong></span> <span class='ocrx_word' id='word_1_806' title='bbox 2399 5605 2688 5674; x_wconf 85' lang='lat' dir='ltr'><strong>Singulare</strong></span> <span class='ocrx_word' id='word_1_807' title='bbox 2731 5608 3075 5682; x_wconf 76' lang='lat' dir='ltr'><strong>_(Jopronymi</strong></span> <span class='ocrx_word' id='word_1_808' title='bbox 3128 5614 3392 5670; x_wconf 82' lang='lat' dir='ltr'><strong>adversus</strong></span> <span class='ocrx_word' id='word_1_809' title='bbox 3461 5620 3757 5675; x_wconf 82' lang='lat' dir='ltr'><strong>monachos</strong></span> <span class='ocrx_word' id='word_1_810' title='bbox 3814 5655 3839 5675; x_wconf 87' lang='lat'><strong><em>.</em></strong></span> 
     </span>
    </p>
   </div>
   <div class='ocr_carea' id='block_1_115' title="bbox 2174 5677 3757 5759">
    <p class='ocr_par' dir='ltr' id='par_1_115' title="bbox 2174 5677 3757 5759">
     <span class='ocr_line' id='line_1_115' title="bbox 2174 5677 3757 5759; baseline 0.013 -32"><span class='ocrx_word' id='word_1_811' title='bbox 2174 5677 2359 5759; x_wconf 75' lang='lat' dir='ltr'><strong>odium</strong></span> <span class='ocrx_word' id='word_1_812' title='bbox 2382 5686 2435 5756; x_wconf 73' lang='lat' dir='ltr'><strong>et</strong></span> <span class='ocrx_word' id='word_1_813' title='bbox 2473 5677 2907 5743; x_wconf 85' lang='lat' dir='ltr'><strong>persecutionem</strong></span> <span class='ocrx_word' id='word_1_814' title='bbox 2964 5677 3195 5738; x_wconf 74' lang='lat' dir='ltr'><strong>narrant</strong></span> <span class='ocrx_word' id='word_1_815' title='bbox 3224 5687 3426 5754; x_wconf 83' lang='lat' dir='ltr'><strong>passim</strong></span> <span class='ocrx_word' id='word_1_816' title='bbox 3472 5686 3757 5759; x_wconf 76' lang='lat' dir='ltr'><strong>Byuntiui</strong></span> 
     </span>
    </p>
   </div>
   <div class='ocr_carea' id='block_1_116' title="bbox 499 5746 2436 5815">
    <p class='ocr_par' dir='ltr' id='par_1_116' title="bbox 499 5746 2436 5815">
     <span class='ocr_line' id='line_1_116' title="bbox 499 5746 2436 5815; baseline 0.005 -25"><span class='ocrx_word' id='word_1_817' title='bbox 499 5754 643 5793; x_wconf 84' lang='lat' dir='ltr'><strong>tlttllll</strong></span> <span class='ocrx_word' id='word_1_818' title='bbox 682 5758 787 5796; x_wconf 89' lang='lat' dir='ltr'><strong>non</strong></span> <span class='ocrx_word' id='word_1_819' title='bbox 810 5756 1100 5814; x_wconf 58' lang='lat' dir='ltr'><strong>exaggerat</strong></span> <span class='ocrx_word' id='word_1_820' title='bbox 1138 5749 1227 5801; x_wconf 84' lang='lat' dir='ltr'><strong>hic</strong></span> <span class='ocrx_word' id='word_1_821' title='bbox 1265 5746 1623 5815; x_wconf 76' lang='lat' dir='ltr'><strong>Nicepliorus,</strong></span> <span class='ocrx_word' id='word_1_822' title='bbox 1657 5749 1751 5801; x_wconf 88' lang='lat' dir='ltr'><strong>sed</strong></span> <span class='ocrx_word' id='word_1_823' title='bbox 1785 5762 1908 5809; x_wconf 84' lang='lat' dir='ltr'><strong>cum</strong></span> <span class='ocrx_word' id='word_1_824' title='bbox 1940 5748 2062 5801; x_wconf 80' lang='lat' dir='ltr'><strong>aliis</strong></span> <span class='ocrx_word' id='word_1_825' title='bbox 2171 5746 2436 5801; x_wconf 86' lang='lat' dir='ltr'><strong>historici.</strong></span> 
     </span>
    </p>
   </div>
  </div>
