4032 6208
431 294 534 361 519

1454 300 1514 359 s.
1557 298 1973 360 NICEPHORI
2012 298 2518 359 PATRIARCHJE
2558 258 2668 359 ep.

3580 303 3694 366 520

430 424 515 462 ua
566 406 791 462 illornm'
816 414 871 461 et
904 404 1237 461 imitationes
1301 402 1527 458 omnino
1592 403 2002 469 exterminavit,

2113 418 2166 454 τε
2206 397 2273 456 αὖ
2308 403 2403 456 καὶ
2454 402 2682 472 τεμένη,
2717 401 2774 455 ὲν
2810 394 2892 465 οἷς
2926 402 3033 455 τῶν
3076 402 3348 474 βδελυρῶν
3388 403 3689 476 δαιμονίων

433 495 640 565 Deique
670 495 934 550 roborans
952 495 1375 559 confessionem,
1403 508 1562 548 sacra
1593 493 1793 563 templa
1819 501 2006 549 nostra

429 587 677 642 condidit
756 597 811 641 et
869 588 1127 652 ornavit,
1173 585 1557 640 liberalitatem
1611 584 1904 656 plurimam
1954 594 2010 641 et

431 675 935 746 magnanimitatem
968 690 1095 743 erga
1149 688 1214 728 ea
1294 688 1641 743 expromeus,
1670 671 2005 727 libertatem-

429 783 536 839 que
557 777 614 820 et
636 765 887 820 ﬁduciam
918 765 1251 821 Christianis
1287 764 1521 836 largitus
1545 772 1649 819 est.
1676 762 1817 829 Quin
1842 764 2007 817 etiam

432 859 793 930 in‘religiosis
840 842 970 914 a‘se
1005 857 1254 914 funditus
1286 859 1578 914 mdilicatis
1623 858 1732 913 Deo
1794 858 2008 927 templis

429 970 583 1008 sacra
602 952 844 1023 symbola
870 968 1077 1022 magna:
1104 953 1195 1008 Dei
1219 955 1558 1018 oeconomiae,
1580 951 1935 1023 prodigiaque
1953 959 2009 1006 et

429 1043 612 1097 divina
648 1044 802 1113 signa
838 1053 894 1098 et
945 1043 1149 1098 Chriin
1192 1053 1620 1112 sanctorumque
1655 1043 1772 1112 eius
1797 1042 2006 1111 passio-

430 1150 526 1191 nes
553 1138 834 1206 perspicue
864 1136 1187 1205 magnisque
1218 1136 1484 1204 impensis
1515 1134 1887 1205 depingendas
1911 1149 2009 1189 cu-

429 1228 590 1288 ravit.
625 1229 785 1297 idque
814 1229 976 1284 etiam
1008 1229 1060 1280 in
1101 1227 1280 1281 sacris
1308 1226 1454 1280 vasis
1490 1225 1733 1295 alibique
1771 1227 2009 1281 honora-

429 1318 614 1373 biliter
643 1319 842 1374 ell‘ecit.
874 1319 1051 1387 Atque
1084 1318 1213 1373 hinc
1239 1319 1413 1373 sacris
1437 1318 1647 1372 aedibus
1675 1328 1928 1373 ornatum
1953 1326 2010 1373 et

431 1411 898 1479 pulchritudinem
953 1409 1291 1472 conciliavit,
1328 1409 1495 1463 divini
1549 1407 1713 1463 simul
1761 1409 2008 1478 mysterii

430 1504 708 1573 explicans
737 1503 1152 1569 edisserensque
1183 1501 1313 1566 vim,
1349 1510 1402 1556 et
1447 1510 1783 1571 spectatores
1817 1502 1885 1557 ad
1917 1516 2008 1555 re-

432 1595 650 1667 ligionis
696 1597 1016 1651 memoriam
1061 1596 1330 1659 excitans,
1374 1608 1445 1660 eo
1489 1594 1649 1664 plane
1687 1593 1851 1649 modo
1900 1606 2010 1662 quo

432 1697 722 1743 narrantur
747 1689 816 1742 ab
866 1686 1196 1755 Evangeliis,
1224 1700 1345 1756 quae
1379 1695 1507 1739 sunt
1570 1685 1765 1739 harum
1822 1698 2007 1739 rerum

2108 492 2417 546 ὲπετελεῖτο
2443 493 2477 563 η
2502 491 2790 563 Θεραπεία,
2829 493 2892 545 ἐκ
2923 491 3142 564 βάθρων
3171 490 3356 548 αὐτῶν
3387 511 3698 567 καταστρε-

2108 582 2371 653 ψάμενος,
2409 582 2606 646 θυσίας
2633 600 2692 635 τε
2733 582 2914 638 αὐτῶν
2962 584 3060 637 καὶ
3097 583 3325 648 τελετὰς
3356 586 3592 657 πάμπαν
3631 589 3700 641 ἐκ

2113 675 2292 728 ποδῶν
2343 674 2741 745 ἐργαζόμενος,
2784 674 2890 739 τὰς
2932 673 2991 727 δὲ
3040 675 3178 747 πρὸς
3219 676 3353 730 Θεὸν
3404 679 3699 750 κρατύνων

2108 765 2426 836 ὁμολογίας,
2460 767 2591 830 τοὺς
2623 765 2743 820 καθ’
2768 767 2920 837 ἡμᾶς
2960 767 3144 838 ἱεροὺς
3170 769 3333 833 ναοὺς
3354 770 3699 842 ἀνεστήσατο

2108 859 2206 911 καὶ
2239 859 2535 929 ὲφαίδρυνε
2558 897 2574 923 ,
2607 858 2945 930 φιλοτιμίαις
2976 859 3053 923 ὡς
3083 859 3370 927 πλείσταις
3395 864 3490 916 καὶ
3521 881 3697 934 μεγα-

2107 946 2393 1017 λοψυχίαις
2422 949 2502 1011 εἰς
2536 949 2735 1009 αὐτοὺς
2758 948 2840 1001 ὅτι
2872 948 3107 1019 μάλιστα
3128 949 3436 1020 χρώμενος,
3468 952 3565 1005 καὶ
3592 953 3699 1023 τήν

2108 1056 2166 1094 τε
2195 1039 2511 1111 ἐλευθερίαν
2533 1040 2628 1094 καὶ
2653 1041 2963 1112 παρρησίαν
2988 1043 3337 1110 Χριστιανοῖς
3363 1043 3694 1115 ἐχαρίσατο·

2108 1134 2170 1186 οὐ
2218 1132 2326 1203 μὴν
2355 1131 2411 1184 δὲ
2441 1132 2578 1188 ἀλλὰ
2608 1132 2705 1185 καί
2756 1132 2901 1185 κατὰ
2926 1133 3056 1196 τοὺς
3105 1133 3443 1202 σεϐασμίους
3482 1134 3695 1200 οἴκους,

2109 1221 2202 1287 οὒς
2255 1222 2419 1288 αὐτὸς
2453 1221 2530 1292 τῷ
2573 1221 2691 1291 Θεῷ
2736 1219 3117 1306 ἐκ.θεμελίων
3164 1221 3394 1291 ἀνίστη·
3443 1222 3515 1275 τὰ
3573 1222 3700 1294 ἱερὰ

2112 1313 2361 1385 σύμϐολα
2407 1314 2509 1384 τῆς
2553 1313 2799 1384 μεγάλης
2835 1312 2927 1366 τοῦ
2963 1312 3098 1367 Θεοῦ
3146 1312 3503 1383 οἰκονομίας,
3556 1313 3721 1377 θαύο,

2112 1406 2261 1478 ματά
2282 1424 2343 1460 τε
2394 1407 2489 1460 καὶ
2519 1405 2822 1475 θεοσημίας
2854 1404 2951 1458 καὶ
2982 1404 3320 1475 παθήματα,
3351 1406 3495 1476 πρὸς
3530 1405 3592 1459 δέ
3627 1422 3697 1474 γε

2110 1499 2206 1552 καὶ
2234 1498 2302 1552 τὰ
2325 1499 2434 1551 τῶν
2461 1498 2632 1565 ἁγίων
2656 1498 2846 1560 αὐτοῦ,
2878 1496 3066 1564 σαφῶς
3091 1500 3187 1550 καὶ
3212 1496 3521 1561 πολυτελῶς
3547 1498 3698 1563 sse.-

2111 1589 2341 1654 κονίζων
2387 1590 2703 1661 διέγραφεν,
2753 1588 2811 1642 ἐν
2854 1604 2915 1641 τε
2961 1590 3074 1651 τοῖς
3115 1590 3283 1658 ίεροῖς
3332 1588 3554 1643 σκεύεσι
3598 1592 3698 1644 καί

2111 1679 2338 1749 ἑτέρωθι
2371 1680 2625 1749 πράττων
2655 1677 2975 1749 τετίμηκεν,
3009 1678 3264 1732 ἐντεῦθέν
3294 1696 3356 1732 τε
3398 1682 3565 1735 οῐκων
3598 1682 3697 1736 τὸν

438 1780 753 1835 testimonia
799 1780 1126 1835 iudelebilia.
1175 1778 1295 1848 Ipsa
1340 1773 1523 1846 itaque
1566 1777 1762 1847 templa
1813 1790 2006 1846 magna

2113 1767 2501 1839 καλλωπισμὸν
2531 1769 2628 1823 καὶ
2653 1769 2752 1841 τὴν
2778 1769 3097 1841 ὡραιότητα
3120 1770 3514 1841 ἐργαζόμενος,
3549 1773 3697 1844 όμοῦ

433 1874 808 1939 immensaque
847 1886 981 1926 voce
1029 1870 1410 1925 orthodoxiam
1452 1868 1572 1938 ejus
1594 1868 1835 1923 clamant
1865 1866 2004 1940 (94).

434 1960 624 2029 Neque
670 1975 861 2024 secus,
911 1959 1007 2029 qui
1055 1966 1450 2013 conservantur
1528 1957 1705 2012 adhuc
1751 1972 2007 2013 cusorum

435 2052 592 2124 153
627 2054 693 2105 ah
726 2066 792 2106 eo
846 2050 1239 2104 nomismatum
1278 2049 1388 2120 typi
1430 2048 1570 2120 (95).
1593 2046 1732 2104 Hine
1769 2063 1857 2104 res
1884 2048 2007 2103 feli-

433 2148 569 2198 citer
621 2153 803 2212 gestas
852 2155 1164 2210 cognosce,
1229 2141 1531 2209 qualesque
1574 2149 1630 2195 et
1676 2149 1912 2209 quantas
1943 2139 2009 2194 de

432 2236 707 2291 extraneis
739 2233 997 2289 victorias
1032 2233 1300 2298 retulerit,
1332 2242 1389 2287 et
1423 2232 1694 2303 quomodo
1720 2232 1793 2288 illi
1836 2234 2010 2302 impe-

434 2328 577 2379 rium
604 2324 931 2393 excreverit,
962 2334 1016 2379 et
1062 2324 1170 2378 vita
1209 2337 1465 2392 prospera
1514 2322 1699 2390 fuerit,
1745 2332 1800 2378 ct
1832 2323 2009 2379 aetatis

434 2421 663 2486 spatium
700 2425 961 2484 quantum
1011 2415 1260 2470 humanae
1309 2416 1437 2470 vita:
1468 2415 1680 2471 abunde
1728 2415 2007 2483 convenit,

435 2510 752 2579 expleverit.
774 2507 913 2574 Quid
941 2522 1077 2577 opus
1099 2517 1182 2562 est
1204 2508 1385 2563 dicere
1401 2522 1562 2576 quam
1592 2507 1825 2563 illustris
1846 2516 2011 2577 atque

435 2600 707 2671 gloriosus
747 2601 923 2669 quoad
973 2599 1110 2653 vixit
1158 2601 1479 2657 exstiterit?
1511 2600 1664 2666 Quod
1696 2600 1741 2655 si
1768 2599 2008 2655 aediﬁca-

437 2694 642 2744 tionum
672 2704 836 2761 opera
859 2688 1116 2761 admirari
1144 2689 1238 2743 tibi
1266 2689 1463 2759 placet,
1500 2703 1664 2744 cerne
1686 2689 1740 2744 in
1772 2689 2009 2744 transitu

436 2782 757 2854 Byzantium
817 2782 869 2835 in
908 2790 1168 2850 quantam
1227 2780 1453 2850 gloriam
1502 2793 1867 2851 ornatumque
1910 2796 2009 2837 ex-

440 2875 661 2938 tulerit,
708 2882 994 2943 tantopere
1030 2887 1255 2942 augens,
1302 2872 1548 2942 pulchris
1598 2872 1873 2929 moenibus
1918 2888 2009 2928 se-

385 2968 389 2977 ”
438 2972 673 3040 ptisque,
711 2977 871 3037 prout
915 2967 1167 3021 idoneum
1193 2976 1313 3021 erat
1348 2967 1677 3037 recipiendae
1708 2969 1870 3039 regite
1894 2966 2009 3022 Ro-

439 3072 724 3113 manorum
794 3056 1035 3111 stationi.
1107 3057 1219 3110 Cur
1275 3072 1587 3112 enumerem
1652 3059 2002 3114 aediﬁciorum

440 3146 842 3201 multitudinem
889 3160 953 3200 ac
998 3145 1449 3215 magnitudinem,
1483 3146 1679 3215 quibus
1729 3161 1796 3202 ex
1826 3148 2005 3203 omni-

424 3239 544 3294 'bus
578 3251 845 3301 summam
884 3246 970 3291 est
1003 3236 1233 3306 gloriam
1263 3238 1512 3306 adeptus,
1546 3252 1667 3306 qua:
1724 3252 1899 3307 neque
1930 3239 2013 3293 vi-

441 3328 690 3385 sentibus
725 3326 885 3381 facile
910 3336 996 3381 est
1042 3327 1524 3397 comprehendere,
1557 3342 1733 3398 neque
1770 3329 2007 3383 scriben-

445 3419 587 3473 tibus
638 3417 899 3486 possibile
948 3428 1035 3471 est
1088 3431 1385 3486 exponere.
1431 3415 1602 3486 Perge
1628 3432 1813 3486 porro,
1856 3426 1912 3472 et
1947 3417 2015 3472 ad

442 3510 698 3578 seqttiora
747 3517 990 3578 tempora
1029 3508 1289 3574 veniens,
1323 3507 1472 3562 disce
1523 3522 1645 3576 qua:
1696 3518 1819 3578 post
1865 3508 2014 3563 illum

445 3617 600 3671 reges
662 3600 989 3654 rectitudine
1055 3602 1365 3669 dogmatmn
1438 3600 1646 3668 praediti
1709 3599 2012 3655 etlecerint.

445 3691 643 3760 Specta
675 3692 831 3758 mihi,
887 3692 933 3745 si
986 3691 1091 3759 vis,
1144 3689 1531 3757 Theodosium,
1580 3699 1638 3744 ut
1666 3691 1733 3745 de
1756 3690 2016 3757 ~aediliciis

446 3797 755 3837 sermonem
785 3783 1119 3846 continuem,
1157 3793 1417 3851 quantum
1466 3781 1714 3836 eamdem
1750 3781 2017 3837 Constan-

447 3875 545 3928 tini
582 3874 769 3927 urbem
806 3871 1168 3952 atnpliaverit.
1173 3888 1235 3926 ac
1259 3871 1708 3942 magniﬁcaverit,
1743 3882 1796 3927 et
1830 3874 2016 3944 qualia

449 3960 671 4030 templa,
708 3969 893 4029 utpote
915 3961 1162 4014 eamdem
1185 3973 1251 4013 ac
1280 3959 1513 4027 majores
1550 3962 1633 4016 sui
1668 3964 2010 4020 orthodoxiae

448 4052 710 4105 rationem
745 4050 1007 4115 retinens,
1037 4049 1317 4105 Struxerit.
1360 4048 1572 4120 Reputa
1603 4066 1869 4107 anuorum
1914 4070 2017 4109 nu-

444 4156 678 4206 merum,
732 4142 824 4211 qui
888 4140 982 4195 tibi
1043 4142 1280 4196 maxime
1327 4142 1475 4196 cordi
1515 4151 1596 4197 est
1632 4151 1687 4197 et
1734 4145 2012 4213 optabilis,

442 4234 597 4306 regni
631 4235 748 4305 ejus
773 4234 1167 4304 prolixitatem,
1194 4244 1246 4289 tu
1272 4236 1362 4305 qui
1389 4236 1800 4307 diuturnitatem
1831 4238 1885 4293 in
1910 4238 2014 4293 hoc

445 4326 645 4381 mundo
667 4335 913 4395 exoptas,
939 4334 993 4379 et
1017 4323 1192 4381 ﬂuxas
1217 4341 1304 4380 res
1343 4326 1735 4381 absurdissime
1770 4328 2012 4383 adamas.

2111 1861 2202 1914 καὶ
2233 1859 2333 1931 τὴν
2370 1860 2465 1914 τοῦ
2501 1860 2648 1914 θείου
2685 1861 2993 1931 μυστηρίου
3043 1859 3296 1925 ἑξαπλῶν
3338 1863 3436 1917 καί¹
3462 1864 3699 1936 διατρα-

2111 1950 2219 2004 νῶν
2261 1951 2493 2022 δύναμιν
2516 1991 2531 2015 ,
2563 1950 2659 2005 καὶ
2705 1952 2835 2015 τοὺς
2871 1950 3184 2021 θεωμένους
3231 1951 3370 2025 πρὸς
3406 1947 3700 2019 εύσεϐείας

2109 2043 2323 2110 ὲνάγων
2362 2041 2711 2112 ὑπόμνησιν*
2744 2040 3000 2112 καθάπερ
3034 2041 3372 2113 ὑπαγορεύει
3395 2042 3467 2096 τὰ
3513 2044 3701 2114 Εὒαγ-
3796 2031 3807 2038 ’

2109 2132 2290 2202 γέλια,
2318 2133 2413 2207 καί
2446 2134 2725 2204 μάρτυρες
2758 2132 2964 2187 τούτων
3006 2133 3445 2205 ἀπαράγραπτοι
3477 2176 3493 2202 ,
3533 2137 3696 2191 αὐτοί

2108 2242 2165 2278 τε
2194 2226 2243 2279 οἱ
2268 2226 2388 2278 ναοί
2416 2226 2558 2296 μέγα
2588 2227 2684 2280 καὶ
2719 2225 3046 2297 διαπρύσιον
3069 2227 3171 2298 τὴν
3198 2227 3413 2281 ἐκείνου
3445 2228 3699 2298 βοῶντες

2108 2317 2420 2388 όρθοδοξίαν
2444 2358 2460 2387 ,
2500 2319 2655 2373 οὐδὲν
2688 2320 2747 2374 δὲ
2785 2313 2949 2392 ἦττον
2974 2319 3069 2373 καὶ
3119 2321 3289 2374 εἰσέτι
3330 2321 3430 2376 καὶ
3452 2322 3550 2376 νῦν
3578 2323 3701 2378 δια-

2112 2411 2430 2480 σωζόμενοι,
2457 2410 2550 2464 τὸν
2581 2410 2720 2482 πρὸς
2758 2410 2922 2465 αὐτοῦ
2954 2412 3388 2482 κεχαραγμένων
3420 2416 3700 2485 νομισμά-

2110 2521 2217 2557 των
2237 2506 2286 2557 οί
2319 2502 2481 2557 τύποι
2520 2505 2626 2574 (ν)’
2674 2501 2925 2557 ἐντεῦθεν
2973 2498 3066 2557 οὖν
3103 2503 3262 2574 δέχου
3306 2505 3376 2558 τὰ
3405 2505 3702 2577 κατορθώ-

2115 2613 2261 2665 ματα
2292 2591 2382 2652 οἷα
2418 2598 2516 2669 καὶ
2547 2597 2678 2661 ὅσας
2706 2596 2850 2651 κατὰ
2891 2596 3093 2659 παντὸς
3132 2596 3343 2650 όθνείου
3387 2597 3702 2670 ἀνεδήσατο

2112 2689 2268 2753 νίκας
2288 2705 2301 2721 ·
2338 2690 2487 2753 ὅπως
2514 2706 2576 2742 τε
2603 2689 2754 2761 αὐτῷ
2778 2689 2848 2743 τὰ
2875 2690 2976 2760 τῆς
3005 2690 3180 2760 ἀρχῆς
3209 2689 3567 2761 ὲπευρύνετο,
3595 2693 3699 2746 καὶ

2110 2782 2181 2835 τὰ
2209 2785 2315 2853 τῆς
2340 2781 2483 2851 ζωῆς
2510 2777 2569 2835 εὖ
2601 2781 2751 2852 ἔσχε,
2788 2781 2883 2835 καὶ
2922 2784 2952 2835 ό
2980 2782 3174 2852 χρόνος
3203 2783 3328 2836 ὅσον
3359 2786 3442 2847 εἰς
3477 2785 3701 2857 ἀνθρω-

2113 2870 2277 2941 πίνης
2321 2868 2467 2940 ζωῆς
2505 2869 2703 2940 μέτρον
2741 2869 3111 2935 ἱκανώτατος·
3143 2872 3240 2925 καὶ
3273 2871 3327 2925 τί
3358 2873 3466 2944 χρὴ
3508 2874 3701 2944 λέγειν

2113 2955 2225 3025 οἷος
2252 2961 2503 3032 λαμπρὸς
2537 2962 2630 3014 καὶ
2661 2961 3023 3033 περίϐλεπτος
3050 2962 3110 3014 ὲν
3145 2962 3225 3033 τῷ
3261 2962 3363 3035 βίῳ
3388 2966 3702 3037 ἐχρημάτι-

2116 3071 2243 3121 σεν;
2290 3055 2352 3106 Εί
2392 3053 2449 3106 δὲ
2494 3053 2725 3107 κτίσεων
2765 3052 2903 3125 ἔργα
2933 3053 3240 3126 θαυμάζειν
3288 3073 3373 3110 σοι
3403 3058 3701 3129 πάρεστιν,

2115 3146 2218 3217 ὅρα
2261 3144 2550 3217 παρελθὼν
2602 3146 2665 3199 τὸ
2699 3146 2993 3210 Βυζάντιον
3058 3148 3142 3210 εἰς
3190 3148 3316 3203 ὅσον
3347 3150 3482 3204 αὐτὸ
3515 3152 3700 3222 ἐπῆρε

2120 3238 2282 3307 δόξης
2310 3239 2406 3293 καὶ
2439 3237 2738 3307 εὐκοσμίας
2761 3277 2776 3302 ,
2819 3238 3079 3292 τοσοῦτον
3118 3238 3363 3312 αὐξήσας
3405 3245 3501 3297 καὶ
3563 3245 3705 3298 καλ-

2115 3329 2362 3394 λωπίσας
2407 3329 2612 3399 τείχεσι
2649 3346 2708 3383 τε
2743 3329 2840 3384 καλ⁸
2867 3330 3179 3400 περιϐόλοις
3199 3371 3213 3396 ,
3237 3335 3363 3387 ὅσον
3389 3335 3707 3407 ἐπιτήδειον

2114 3418 2369 3483 δέξασθαι
2398 3417 2467 3470 τὰ
2510 3417 2798 3488 Ῥωμαίων
2832 3417 3080 3488 βασίλεια
3102 3437 3116 3450 ·
3149 3422 3204 3473 τί
3238 3422 3324 3476 δεῖ
3349 3424 3702 3496 ἀπαριθμεῖ-

2118 3510 2243 3563 σθαι
2270 3511 2591 3579 κτισμάτων
2625 3510 2832 3581 πλῆθος
2865 3515 2959 3566 καί
2986 3513 3242 3583 μέγεθος,
3277 3516 3336 3583 ἐξ
3369 3514 3443 3571 ὧν
3476 3519 3706 3589 πάντων

2086 3600 2529 3670 ’ύπερήνεγκεν,
2580 3600 2616 3655 ἃ
2662 3602 2800 3672 μήτε
2866 3605 2980 3667 τοῖς
3052 3603 3224 3675 ὁρῶσι
3283 3607 3707 3679 καταλήψεσθαι

2118 3693 2278 3763 ῥᾴδια
2300 3732 2314 3756 ,
2345 3692 2480 3762 μηδὲ
2515 3692 2793 3764 γράφουσι
2821 3693 3045 3747 δυνατὸν
3066 3696 3471 3764 ἀνατάξασθαις
3502 3701 3708 3756 Καίτοι

2116 3783 2222 3855 ὁδῷ
2253 3784 2483 3854 βαδίζων
2515 3785 2608 3837 ἐπὶ
2654 3786 2725 3837 τὰ
2752 3786 2924 3849 κάτω,
2961 3787 3056 3840 καὶ
3091 3787 3327 3857 μάνθανε
3371 3784 3459 3843 οἷα
3498 3791 3551 3845 οί
3582 3795 3708 3863 μετ’

2116 3877 2324 3930 ἐκεῖνον
2372 3876 2631 3947 εὐθύτητι
2671 3875 2959 3946 δογμάτων
2993 3878 3375 3949 ὲμπρέψαντες
3418 3881 3661 3953 ἔδρασαν
3685 3895 3708 3918 ’

2118 3965 2216 4019 θέα
2239 3984 2351 4036 μοι,
2370 3968 2418 4020 εἰ
2454 3966 2652 4037 βούλει,
2679 3966 2771 4021 τὸν
2807 3967 3109 4035 Θεοδόσιον,
3148 3970 3234 4023 ἵνα
3268 3971 3327 4025 τδ
3351 3973 3578 4043 συνεχὲς
3601 3974 3706 4030 τοῦ

2116 4057 2276 4127 λόγου
2308 4058 2723 4129 συμφυλαχθείη
2756 4061 2858 4129 τῆς
2897 4060 3134 4124 κτίσεως
3157 4100 3173 4126 ,
3198 4062 3284 4132 ἐφ’
3313 4063 3438 4117 ὅσον
3475 4064 3579 4136 τὴν
3604 4067 3714 4119 αὖ-

2115 4152 2215 4223 τὴν
2268 4151 2424 4204 πόλιν
2466 4150 2881 4204 Κωνσταντίνου
2927 4149 3180 4215 ὲξαπλῶν
3230 4153 3328 4207 καί
3366 4155 3702 4227 άπευρύνων

2115 4243 2388 4315 διάστημα
2411 4244 2739 4315 ὲμεγάλυνε,
2762 4244 2859 4297 καὶ
2881 4239 2969 4297 οἷα
2990 4244 3058 4298 τὰ
3088 4245 3233 4317 ἰερὰ,
3252 4246 3395 4315 άπερ
3418 4247 3511 4302 τὸν
3533 4248 3705 4302 αὑτὸν

2117 4340 2231 4401 τοῖς
2301 4336 2639 4410 προλαϐοῦσι
2684 4336 2783 4407 τῆς
2837 4336 3151 4407 όρθοδοξίας
3189 4336 3443 4409 ζηλώσας
3493 4341 3705 4411 ’πρῶτον

442 4419 656 4473 Etenim
689 4418 901 4471 duobus
956 4432 1121 4486 supra
1171 4417 1532 4487 quadraginta
1562 4418 1722 4515 annis
1770 4419 1826 4474 in
1860 4420 2009 4490 regio

2113 4427 2369 4497 ἐδείματο
2383 4426 2644 4515 ἰλογίζου
2689 4425 2780 4479 τὸν
2810 4425 3046 4497 ἀριθμὸν
3095 4426 3206 4480 τῶν
3247 4429 3459 4498 χρόνων
3479 4468 3495 4492 ,
3526 4430 3588 4493 ὃς
3615 4445 3704 4483 σοι

444 4512 638 4564 throno
672 4508 906 4564 refulsit.

2122 4515 2274 4584 φίλος
2305 4504 2915 4587 καῖπερισπούδαστος,
2951 4516 3052 4585 τῆς
3082 4516 3294 4569 ἐκείνου
3324 4515 3608 4586 βασιλείας
3638 4519 3701 4571 τὸ

443 4603 733 4672 μήκιστον,
780 4595 826 4655 ῶ
863 4600 1147 4671 φιλόχρονε
1170 4603 1236 4656 σὺ
1276 4603 1371 4657 καὶ
1408 4601 1737 4674 φιλόκοσμε,
1780 4603 1878 4658 καί⁵
1902 4603 2012 4657 τῶν
2054 4607 2286 4676 ῥεόντων
2311 4608 2451 4680 ἐρῶν
2513 4608 2872 4663 ἑκτοπὼτατα
2896 4625 2908 4638 ·
2933 4609 3056 4662 δυσὶ
3119 4602 3229 4679 γὰρ
3261 4608 3399 4680 πρὸς
3427 4611 3545 4674 τοῖς
3570 4625 3699 4664 τεσ-

443 4693 752 4764 σαράκοντα
778 4693 959 4746 ἐτεσιν
998 4694 1079 4756 εἰς
1106 4691 1200 4746 τὸν
1233 4692 1422 4763 θρόνον
1451 4693 1714 4765 διέπρεψε
1739 4694 1830 4750 τὸν
1856 4695 2127 4766 βασίλειον
2158 4699 2245 4767 (ε).

513 4830 603 4884 79.
637 4830 743 4885 Sed
765 4845 865 4887 cur
889 4830 1002 4901 jam
1034 4831 1187 4886 haec?
1232 4830 1452 4896 Mirare,
1494 4831 1539 4886 si
1564 4840 1716 4887 certe
1763 4834 2009 4890 melioris

442 4920 519 4974 rei
545 4919 879 4978 discretione
931 4924 1121 4992 polles,
1172 4924 1258 4977 avi
1322 4923 1442 4991 ejus
1491 4921 1784 4980 Theodosii
1834 4924 2012 4996 Magni

439 5025 567 5080 erga
596 5011 761 5065 Deum
789 5011 991 5081 Deique
1014 5010 1254 5069 famulos
1277 5013 1656 5068 reverentiam.
1684 5014 1836 5082 Quod
1869 5016 2014 5070 enim

440 5103 588 5158 circa
653 5100 965 5158 Servatoris
1035 5105 1205 5159 nostri
1271 5104 1705 5160 incarnationem
1771 5106 2012 5161 studium

439 5198 710 5267 iidemque
736 5196 995 5265 habebat,
1031 5207 1143 5252 tum
1177 5213 1347 5254 sacrae
1373 5199 1512 5269 apud
1549 5215 1644 5255 nos
1681 5202 1824 5255 aedes
1851 5201 1919 5257 ab
1943 5210 2008 5257 eo

505 5406 620 5479 (94)
655 5404 728 5479 [le
751 5401 1092 5479 Constantini
1125 5398 1301 5472 Magni
1330 5399 1505 5456 sacris
1534 5399 1779 5456 aediliciis
1834 5402 2011 5459 recole

436 5475 621 5533 adimi.
659 5476 750 5543 74,
776 5489 806 5542 p
832 5535 841 5540 ,
866 5475 954 5530 66.

509 5549 578 5616 tr)
607 5550 737 5600 Puta
766 5545 938 5615 Magni
967 5541 1615 5616 Constantini__nummos
1646 5559 1768 5598 cum
1801 5543 2010 5616 Labaro

439 5630 532 5668 st-u
560 5611 773 5670 Christi
804 5611 1286 5684 monogrammate.
1320 5611 1581 5684 Nummos
1616 5625 1727 5667 toto
1748 5616 1878 5666 orbe
1905 5614 2011 5667 llo-

440 5699 600 5739 tnano
624 5684 872 5751 dill'usos,
925 5682 991 5739 in—
1010 5686 1206 5755 quibus
1247 5698 1475 5755 magnus
1497 5682 1886 5739 Constantinus
1919 5687 2014 5739 Ita-

2181 4836 2278 4890 οθ’.
2321 4837 2388 4890 Τί
2417 4835 2622 4905 causa;
2672 4836 2945 4907 θαύμαζε,
2982 4837 3036 4891 εί
3064 4853 3147 4890 σοι
3192 4836 3557 4895 πεπίστευται
3588 4837 3698 4890 τῶν

2112 4930 2415 4999 ἀμεινόνων
2446 4931 2480 4999 ἡ
2515 4930 2697 5002 κρίσις
2717 4968 2732 4993 ,
2761 4929 2859 5000 τὴν
2887 4929 2983 4982 τοῦ
3019 4931 3245 4984 πάππου
3272 4928 3464 4982 τούτου
3498 4929 3696 4983 Θεοδοο
3764 4910 3783 4923 ’

2115 5022 2229 5076 σίου
2268 5021 2361 5075 τοῦ
2397 5021 2654 5091 Μεγάλου
2676 5063 2691 5088 ,
2734 5021 2860 5091 περί
2887 5038 2947 5073 τε
2984 5021 3047 5074 τὸ
3083 5022 3237 5074 Θεῖον
3281 5020 3375 5074 καὶ
3425 5021 3555 5085 τοὺς
3598 5020 3695 5074 τοῦ

2116 5114 2270 5168 Θείου
2305 5114 2645 5182 θεράποντας
2678 5112 2985 5167 εὐλάϐειαν·
3029 5113 3099 5184 ἣν
3144 5113 3253 5183 γὰρ
3287 5092 3419 5183 περὶ
3449 5114 3552 5183 τὴν
3600 5113 3698 5166 τοῦ

2116 5203 2368 5275 Σωτῆρος
2395 5203 2552 5274 ἡμῶν
2579 5203 2911 5273 οἰκονομίαν,
2943 5202 3184 5273 σπουδὴν
3225 5204 3321 5258 καί
3353 5202 3540 5257 πίστιν
3571 5203 3702 5256 ἐκι-

2112 5405 2225 5460 bitu
2257 5406 2465 5461 orantis
2512 5406 2633 5461 cudi
2671 5421 2730 5462 se
2765 5405 3038 5473 iusserat,
3093 5417 3361 5463 memorat
3400 5405 3691 5463 Eusebius.

2122 5474 2229 5530 Vit.
2258 5476 2440 5531 Const.
2474 5478 2567 5532 lib.
2600 5492 2673 5540 tv.
2710 5476 2790 5531 l5.

2187 5545 2251 5616 (ε)
2304 5547 2569 5618 Loquitur
2607 5550 2673 5601 de
2708 5546 3015 5618 Theodosio
3072 5546 3304 5618 Miuore,
3351 5545 3444 5615 qui
3502 5561 3697 5618 reapse

2118 5615 2277 5670 annis
2303 5615 2373 5671 42
2420 5617 2724 5685 imperavit,
2767 5625 2821 5669 et
2846 5615 3374 5686 Constantinopolim
3418 5615 3699 5673 moenibus

2119 5686 2467 5757 aediﬁciisque
2495 5688 2741 5756 plurimis
2774 5686 3146 5756 amphllcavit.
