4032 6208
357 365 470 428 543
1177 408 1208 428 ο

1379 368 1442 430 S.
1479 368 1895 429 NICEPHORI
1935 365 2440 427 PATRIARCB£
2476 365 2564 424 CP

3519 355 3626 420 5H

353 494 494 549 erat,
549 483 785 540 feliciter
821 490 1249 549 constanterque
1295 479 1575 549 perstabat
1621 495 1636 532 :
1679 479 1930 548 quodque

2047 473 2482 541 Βιαγωνίζονταιυ
2539 475 2645 537 ἕως
2692 473 2790 544 μὶν
2839 469 2932 530 οὖν
2979 478 3014 548 ἠ
3073 475 3302 530 ἀσέϐεια
3361 474 3442 536 εἰς
3491 471 3622 533 τοὺς

353 578 410 630 in
450 576 554 631 hoc
588 589 767 630 rerum
813 582 958 629 statu
1013 571 1127 625 ﬁeri
1148 571 1313 634 solet,
1353 569 1542 638 religio
1570 577 1628 622 ut
1654 585 1750 638 par
1783 575 1924 634 erat,

349 675 402 718 et
433 673 647 722 morum
669 664 952 728 sanctitas,
989 672 1043 716 et
1063 675 1196 730 erga
1223 675 1410 720 sacras
1434 661 1580 716 mdes
1603 673 1740 714 cura
1765 669 1928 734 atque

349 749 684 820 frequentia,
726 749 998 818 simulque
1043 745 1241 814 cultus,
1277 748 1477 816 ubique
1513 749 1566 802 in
1612 749 1727 801 dies
1763 763 1929 816 auge-

353 843 572 896 bantur.
615 840 722 895 Sed
757 855 864 894 non
903 849 1117 908 poterat
1155 841 1270 894 haec
1305 855 1460 908 aequo
1493 839 1930 904 animocernerc

353 931 533 1001 abyssi
575 932 775 994 draco,
810 933 1118 988 communis
1164 931 1336 986 hostis
1379 940 1584 984 natura:
1627 940 1828 985 uestra:
1874 938 1930 983 et

352 1029 689 1089 oppugnatur
732 1020 1010 1085 diabolus,
1043 1021 1138 1090 qui
1171 1021 1326 1076 bonae
1359 1023 1552 1089 cuique
1599 1021 1676 1074 rei
1719 1021 1929 1074 lnvidet

353 1122 517 1178 atque
559 1112 900 1168 adversatur.
947 1111 1160 1168 Idcirco
1198 1112 1252 1164 in
1290 1123 1475 1180 parata
1506 1109 1609 1163 sibi
1639 1125 1768 1164 vasa
1813 1128 1930 1162 tua-

357 1201 591 1272 litis-quc
631 1218 832 1272 organa
874 1218 934 1258 se
981 1202 1310 1266 insinuavit,
1359 1216 1456 1270 per
1498 1215 1619 1268 qua:
1667 1200 1932 1255 subruere

356 1293 581 1348 sincerae
609 1306 810 1350 uosme
847 1292 967 1348 lidei
999 1307 1182 1348 arcem
1221 1291 1565 1346 machinatus
1601 1303 1688 1347 est
1724 1307 1739 1344 :
1787 1291 1931 1361 quod

356 1384 530 1453 ipsum
573 1383 702 1439 olim
741 1385 988 1440 immisso
1015 1392 1266 1452 serpente
1295 1385 1361 1437 ad
1390 1383 1769 1452 progenitricis
1803 1398 1933 1438 nos-

358 1482 456 1527 tra:
507 1473 880 1541 deceptionem
931 1473 1300 1528 faetitaverat.
1347 1470 1484 1538 Quid
1531 1488 1660 1541 ergo
1695 1471 1936 1526 accidit?

355 1561 550 1615 Malum
587 1563 895 1629 invalescit,
923 1572 979 1618 et
1011 1563 1308 1630 impietatis
1341 1566 1499 1617 turbo
1526 1563 1796 1618 excitatus
1829 1578 1932 1618 eit-

356 1655 562 1710 tollitur
592 1669 756 1728 atque
778 1657 1166 1723 inﬂammatur,
1205 1668 1261 1714 et
1295 1659 1444 1728 impii
1485 1661 1730 1714 homines
1760 1662 1929 1712 auda-

356 1747 496 1801 ciam
527 1759 786 1814 sumunt;
823 1750 974 1813 mali,
1013 1752 1256 1820 inquam,
1297 1751 1561 1821 operarii,
1595 1752 1934 1820 vitandaque

2037 565 2235 635 ἑαυτῆς
2254 563 2448 618 ὲνδῦσα
2478 561 2721 632 φωλεοὺς
2747 563 3160 635 ἀπεκέκρυπτο,
3199 563 3396 634 εἰρήνη
3429 559 3624 630 βαθεῖα

2033 659 2102 727 τῇ
2137 655 2434 728 Ἐκκλησία
2459 656 2554 711 τοῦ
2584 657 2720 711 Θεοῦ
2748 656 3172 720 ὲνεπολιτεύετο,
3207 657 3305 711 καὶ
3355 657 3466 709 πᾶν
3497 655 3624 708 ὅσον

2035 746 2318 816 όρθόδοξον
2370 750 2428 799 ὲν
2457 745 2696 818 εὐθυμία
2743 747 2840 801 καὶ
2879 747 3179 819 εὐπαθείᾳ
3223 746 3624 815 καθιστάμενον

2036 835 2294 892 διετέλει’
2336 838 2432 890 καὶ
2457 836 2485 890 ὃ
2520 837 2670 905 φιλεῖ
2709 837 2768 892 ὲν
2789 841 2910 901 τοῖς
2931 837 3200 901 τοιούτοις
3238 836 3494 896 ἔπεσθαι.
3532 834 3630 887 εύ-

2036 923 2251 990 λάσεια,
2290 924 2365 987 ὡς
2392 925 2456 978 τὸ
2495 925 2776 990 είκὸς,καὶ
2812 927 3082 998 σεμνότης
3114 927 3262 996 βίου,
3301 925 3398 980 καὶ¹
3429 927 3462 994 ἡ
3493 924 3627 994 περὶ

2036 1015 2199 1080 τοὺς,
2232 1017 2410 1088 ἱεροὺς
2465 1017 2652 1080 οἴκους
2705 1017 2916 1088 σπουδὴ
2977 1019 3076 1070 καὶ
3133 1016 3488 1089 προσεδρεία·
3540 1009 3627 1078 οἷς

2039 1106 2354 1172 ἀκόλουθον,
2387 1109 2481 1162 καὶ
2513 1110 2547 1178 ἡ
2585 1109 2718 1179 περὶ
2747 1111 2810 1164 τὸ
2839 1109 2996 1164 Θεῖον
3029 1109 3320 1180 θεραπεία,
3357 1110 3627 1162 ἑκάστοτε

2039 1199 2424 1268 προσετίθεντο
2475 1200 2858 1270 ὲπαυξόμεναο
2895 1202 3014 1255 ἀλλ’
3065 1202 3167 1255 οὐκ
3211 1200 3397 1254 ἔσθενε
3449 1198 3627 1253 ταῦτα

2039 1293 2226 1363 φέρειν
2251 1292 2393 1363 ὀρῶν
2428 1293 2458 1346 ὁ
2481 1292 2702 1363 δράκων
2727 1296 2756 1348 ό
2789 1293 2995 1365 βύθιος,
3024 1295 3053 1348 ό
3084 1294 3183 1364 τῆς
3210 1292 3428 1362 φύσεως
3465 1291 3626 1362 ἡμῶν

2039 1381 2220 1445 κοινὸς
2247 1380 2446 1450 ἐχθρὸς
2469 1383 2565 1435 καὶ
2590 1381 2848 1453 πολέμιος
2874 1383 3140 1449 διάϐολος,
3173 1385 3202 1436 ὁ
3230 1382 3500 1452 βάσκανος
3515 1378 3627 1432 τῶν

2041 1471 2224 1542 καλῶν
2281 1473 2374 1526 καὶ
2431 1471 2740 1536 ἀντίθετος·
2795 1473 2884 1527 διὰ
2937 1474 3100 1527 τοῦτο
3141 1476 3222 1537 είς
3270 1472 3442 1541 σκεύη
3473 1472 3628 1539 αῦτῴ

2042 1565 2420 1636 ἡτοιμασμένοι
2471 1568 2567 1618 καὶ
2611 1564 2692 1628 είς
2722 1567 2923 1630 κακίας
2951 1568 3160 1638 ὄργανα
3201 1567 3629 1636 χρηματίσαντα

2041 1655 2410 1727 παραδύεται,
2445 1655 2513 1708 δι’
2560 1650 2636 1710 ὧν
2685 1657 2977 1727 ἐκπορθεῖν
3025 1657 3484 1728 ὲκμεμηχάνηται
3525 1655 3627 1722 τῆς

2043 1746 2336 1816 ἀκιὸδήλου
2371 1744 2530 1815 ἡμῶν
2570 1745 2810 1810 πίστεως
2861 1749 2960 1816 τὴν
3006 1733 3341 1818 ἀκρόπολιν·
3391 1748 3530 1816 ὅπερ
3560 1746 3628 1814 δὴ

355 1848 524 1893 secta:
561 1839 823 1905 asseclac,
869 1849 1130 1910 tanquam
1179 1858 1244 1896 ex
1291 1842 1468 1911 adytis
1509 1843 1691 1897 nescio
1737 1842 1934 1909 quibus

2047 1839 2134 1892 καὶ
2173 1838 2344 1891 πάλαι
2372 1838 2462 1892 διὰ
2507 1837 2606 1890 τοῦ
2653 1839 2867 1908 δφεως,
2905 1841 3042 1909 πρὸς
3074 1839 3176 1910 τὴν
3210 1839 3493 1907 ὲξαπάτην
3523 1838 3629 1905 τῆς

287 1929 296 1939 ’
355 1928 754 1986 incredulitatis
793 1945 1150 2004 emergentes,
1189 1935 1387 1988 nudata
1420 1943 1478 1987 ut
1514 1933 1713 1988 dicitur
1749 1932 1928 1987 fronte

2047 1931 2386 2000 προμήτορος
2426 1929 2791 2011 ἐτεχνάσατο·
2824 1929 2877 1982 τί
2901 1925 3025 1995 οὗν;
3065 1930 3300 1983 ἀναπνεῖ
3331 1929 3391 1982 τδ
3427 1927 3625 1989 κακδν,

358 2021 619 2078 adversus
647 2025 898 2091 dogmata
923 2033 1108 2080 nostra
1133 2025 1186 2079 in
1214 2025 1334 2080 acie
1361 2034 1664 2092 steterunt;
1689 2035 1745 2079 et
1771 2039 1932 2093 quam

353 2111 558 2181 jamdiu
582 2115 636 2168 in
666 2116 782 2170 suis
807 2115 1005 2170 animis
1024 2116 1300 2184 conditam
1329 2116 1622 2185 impietatis
1641 2115 1936 2172 scintillam

358 2205 779 2270 continuerunt,
846 2207 1045 2261 idoneo
1099 2216 1260 2275 capto
1313 2218 1590 2276 tempore,
1647 2221 1748 2262 ceu
1801 2206 1938 2262 solet

360 2293 501 2362 ignis
533 2296 586 2348 in
618 2297 825 2350 aridam
857 2298 1451 2364 materiem'incidens,
1489 2314 1632 2354 nunc
1665 2299 1716 2352 in
1749 2298 1936 2367 ingen-

361 2393 468 2436 tem
497 2387 772 2440 ﬂammam
801 2387 1153 2442 incendentes
1181 2389 1508 2444 extulerunt.

2041 2021 2138 2074 atat
2175 2021 2274 2090 τῆς
2331 2020 2655 2093 ἀσεϐείαςή
2703 2021 2906 2092 λαίλαψ
2939 2023 3302 2090 ὲπαιγίζουσα
3350 2024 3430 2085 εἰς
3481 2021 3630 2090 μέγα

2043 2114 2258 2182 αἴρεται
2286 2114 2382 2166 καὶ
2430 2113 2767 2178 ἀνάπτεται,
2805 2117 2902 2168 καὶ
2953 2116 3004 2168 ot
3039 2115 3268 2186 πονηροὶ
3309 2115 3629 2188 παρρησιά-

2043 2204 2264 2268 ζονται·
2319 2205 2371 2256 οἱ
2418 2207 2584 2259 κακοὶ
2633 2207 2902 2278 ὲργάται,
2947 2207 2995 2260 οἳ
3025 2207 3126 2277 τῆς
3162 2207 3482 2276 κατατομῆς
3522 2207 3629 2275 τῆς

2045 2297 2362 2364 φευκτέας,
2411 2295 2601 2368 ὥσπερ
2653 2297 2713 2363 ἐξ
2768 2299 2980 2353 ἀδύτων
3018 2297 3182 2351 τινῶν
3225 2297 3327 2368 τῆς
3367 2297 3629 2359 ἀπιστίας

2045 2386 2558 2456 προανακύψαντες,
2605 2389 2634 2441 ὃ
2671 2389 2734 2460 δὴ
2777 2388 3020 2456 λέγεται,
3073 2393 3258 2459 γυμνῇ
3301 2391 3366 2458 τῇ
3408 2385 3627 2456 κεφαλῇ

361 2476 502 2529 κατά
529 2477 640 2530 τῶν
668 2477 832 2548 ιερῶν
863 2480 1025 2548 ἡμῶν
1055 2481 1344 2550 δογμάτων
1377 2480 1615 2552 χωροῦσι
1648 2479 2152 2550 παραταττόμενον
2183 2479 2278 2531 καὶ
2337 2478 2476 2550 ὅπερ
2525 2480 2693 2533 πάλαι
2729 2482 2788 2532 ὲν
2818 2483 2942 2547 ταῖς
3003 2478 3217 2533 ἑαυτῶν
3285 2478 3484 2549 ψυχαῖς
3513 2480 3617 2545 τῆς

359 2567 457 2619 ἀσε
465 2566 617 2629 (ista;
652 2565 799 2638 εἶχον

879 2570 1203 2640 ὲμφωλεῦον
1248 2572 1620 2644 ἐμπύρευμα,
1691 2569 1888 2642 καιροῦ
1953 2567 2280 2637 λαϐόμενοι,
2334 2570 2589 2639 καθάπερ
2641 2570 2754 2641 πῦρ
2803 2570 3264 2640 εύκαταπρήστου
3317 2569 3449 2640 ῦλης
3503 2571 3626 2622 ἐπι-

359 2657 722 2734 δραξάμενον,
769 2664 864 2717 νῦν
909 2667 990 2728 είς
1038 2666 1214 2736 φλόγα
1265 2668 1509 2738 μεγάλην
1560 2667 1932 2726 ἐκκαύσαντες
1971 2663 2358 2735 ἀνεῤῥίπισαν.

433 2753 488 2810 5.
533 2753 667 2820 Quis
712 2772 840 2814 vero
871 2756 986 2826 jam
1027 2761 1188 2827 digne
1236 2761 1318 2814 vel
1371 2761 1498 2816 ﬁdei
1551 2771 1933 2831 corruptorum

361 2845 662 2912 spiritalem
689 2848 987 2914 perniciem
1019 2848 1280 2918 deploret,
1309 2849 1394 2905 vel
1427 2865 1524 2920 pro
1561 2851 1789 2905 veritate
1815 2864 1940 2919 per-

363 2935 699 2990 secutionem
757 2939 1076 3006 patientium
1135 2939 1477 2997 calamitates
1539 2942 1675 2996 satis
1737 2942 1942 3014 tragice

362 3025 634 3090 expettat?
675 3025 846 3082 Porro
875 3043 1053 3098 opera:
1095 3030 1329 3097 pretium
1362 3039 1466 3099 est,
1507 3041 1567 3088 ut
1605 3045 1706 3102 ego
1732 3031 1938 3102 judico,
1987 3095 2006 3104 _

2111 2763 2174 2812 ε’.
2219 2757 2381 2811 Ἀλλὰ
2410 2757 2496 2820 τίς
2515 2755 2583 2810 ἂν
2605 2758 2854 2812 ἐντεῦθεν
2881 2758 3067 2824 ἀξίως,
3091 2758 3125 2828 ἢ
3153 2758 3264 2811 τῶν
3285 2758 3628 2814 ἀθετούντων

2042 2848 2139 2917 τὴν
2180 2845 2366 2898 πίστιν
2400 2845 2493 2900 τὸν
2521 2845 2752 2916 ψυχικὸν
2784 2846 3010 2920 ὄλεθρον
3043 2847 3379 2919 ἀποδύραιτο
3399 2888 3412 2910 ,
3442 2848 3475 2919 ἢ
3509 2849 3623 2902 τῶν

2041 2937 2182 3007 ὑπὲρ
2231 2933 2354 3007 τῆς⁹
2369 2935 2628 3007 ἀληθείας
2679 2936 3050 3008 διωκομένων,
3082 2939 3182 3002 τὰς
3214 2939 3500 3012 συμφορὰς
3533 2943 3628 2994 ἑκ-

2040 3028 2481 3099 τραγῳδὴσειεν;
2523 3029 2710 3095 ’Δξιον
2761 3028 2851 3094 δὶ,
2901 3032 2979 3094 ὡς
3018 3031 3197 3100 ἔγωγε
3259 3027 3442 3104 οἶμαι,
3487 3035 3627 3104 μηδὲ

365 3132 431 3168 ne
458 3117 509 3168 id
540 3116 757 3184 quidem
796 3115 1014 3172 silentio
1047 3122 1440 3184 transmittere.
1477 3131 1534 3176 ut
1559 3123 1737 3176 cuncti
1781 3121 1937 3193 153

2047 3119 2200 3172 τοῦτο
2233 3121 2414 3189 σιωπῇ
2449 3119 2841 3190 παρατρέχειν,
2892 3121 2968 3184 ὼς
3021 3121 3212 3174 είδείεν
3266 3122 3506 3187 ἅπαντες
3558 3125 3620 3190 ἐξ

365 3215 664 3270 agnoscant
714 3207 860 3273 quali
891 3207 960 3261 de
1009 3209 1188 3262 radice
1225 3211 1361 3265 tales
1401 3213 1506 3266 orti
1559 3213 1669 3267 sint
1710 3215 1937 3268 surculi.

364 3293 453 3344 Isti
481 3293 650 3358 enim,
679 3296 745 3348 de
775 3297 973 3364 quibus
997 3298 1288 3368 loquimur.
1323 3313 1590 3372 quotquot
1612 3319 1805 3374 nempe
1830 3306 1937 3358 vita

367 3386 508 3451 turpi
546 3385 866 3457 abiectaque
901 3401 1051 3453 sunt,
1089 3391 1276 3447 lascivi
1309 3404 1362 3448 et
1408 3406 1664 3463 corrupto
1713 3398 1935 3461 animo,

365 3485 710 3546 mentemque
759 3495 1066 3548 perversam
1129 3495 1292 3552 atque
1341 3486 1412 3538 ad
1462 3488 1658 3542 malum
1714 3503 1936 3557 pronam

363 3579 650 3635 gerentes,
683 3571 764 3626 .hi
810 3573 1028 3642 inquam
1090 3577 1349 3630 hactenus
1405 3578 1632 3645 multos,
1689 3580 1832 3648 quod
1887 3580 1938 3633 in

363 3657 486 3715 aliis
533 3675 676 3728 saepe
705 3665 935 3732 negotiis
971 3667 1202 3730 accidit,
1241 3667 1511 3724 latuerant
1555 3689 1568 3724 :
1613 3669 1764 3728 fraus
1796 3673 1939 3727 enim

363 3751 719 3822 occultiusque
762 3754 920 3809 dolus
949 3771 1145 3824 pravos
1185 3758 1364 3814 adhuc
1393 3761 1608 3816 illorum
1650 3777 1829 3818 mores
1861 3773 1938 3818 te-

364 3838 562 3908 gebant
593 3857 608 3893 :
645 3843 934 3900 nonnullos
964 3855 1167 3909 tamen,
1201 3849 1294 3916 qui
1327 3851 1485 3921 longa
1523 3853 1938 3908 conversatione

342 3940 518 4015 ‘gesta
568 3947 757 3986 eorum
794 3947 1097 4002 noverant,
1142 3954 1232 3993 res
1274 3940 1392 3996 haec
1436 3943 1658 4000 minime
1704 3942 1939 4016 fugerat.

367 4020 647 4078 Mittamus
695 4025 798 4080 alia
841 4041 1270 4085 commemorare
1351 4046 1473 4100 quae
1527 4034 1598 4088 ab
1643 4037 1942 4093 scientibus

367 4123 424 4168 et
459 4116 810 4171 narrantibus
865 4120 1056 4176 audire
1113 4121 1272 4188 licet;
1325 4135 1492 4195 atque
1536 4127 1812 4192 unde,.et
1869 4145 1935 4185 ex

367 4205 694 4273 quibusnam
727 4211 926 4277 .pravis
969 4213 1238 4282 saevisque
1275 4218 1532 4284 operibus
1572 4220 1629 4274 in
1678 4224 1942 4278 monasti-

367 4312 490 4352 eum
535 4298 780 4354 habitum
825 4312 999 4356 semet
1033 4306 1569 4376 trausliguraverint,
1624 4327 1747 4366 cum
1782 4324 1942 4368 antea

368 4390 492 4446 laici
529 4390 792 4459 fuissent,
826 4403 886 4449 ut
921 4395 990 4450 ad
1023 4399 1390 4455 sacerdotium
1435 4414 1490 4472 et
1536 4401 1940 4462 ecclesiasticos

2045 3212 2166 3274 οἵας
2193 3211 2382 3280 ῥίζης,
2409 3206 2497 3264 οἷα
2526 3212 2693 3280 ἐξέφυ
2727 3210 3118 3282 βλαστήματαθ
3150 3207 3296 3268 οὗτοι
3330 3214 3464 3286 γὰρ,
3493 3217 3626 3286 περὶ

2045 3295 2120 3356 ὧν
2169 3302 2198 3353 ὀ
2238 3302 2426 3369 λόγος,
2458 3303 2636 3356 ὁποῖοι
2676 3305 2777 3373 μὲν
2814 3303 2906 3357 τὸν
2939 3302 3054 3374 βίον
3086 3304 3305 3375 αἰσχροὶ
3331 3308 3423 3359 καὶ
3455 3309 3634 3359 κατά-

2049 3407 2305 3451 πτυστοι.
2355 3391 2626 3466 ἐμπαθεῖς
2655 3409 2714 3445 τε
2741 3393 2834 3446 καὶ
2866 3391 3252 3462 διεφθαρμένοι
3285 3393 3385 3464 τὴν
3416 3393 3623 3464 ψυχὴν,

2048 3481 2260 3535 καὶτὸν
2310 3481 2434 3534 νοῦν
2466 3481 2849 3554 ὲνδιάστροφον
2878 3483 3096 3553 ἔχοντες
3127 3490 3223 3559 καὶ
3251 3485 3388 3556 πρὸς
3413 3487 3620 3538 κακίαν

2046 3573 2547 3644 εὐπαρακόμιστον,
2577 3573 2826 3638 πλείονας
2863 3576 2963 3645 μὲν
2988 3577 3116 3646 ἀχρι
3143 3576 3238 3629 τοῦ
3267 3575 3447 3648 δεῦρο,
3481 3577 3624 3648 ὅπερ

2047 3667 2108 3717 ὲν
2140 3666 2354 3728 πολλοῖς
2381 3665 2644 3730 πολλάκις
2687 3667 2990 3737 συμϐαῖνον
3035 3668 3218 3737 εὑρεῖν
3267 3667 3438 3731 ἐστιν,
3470 3667 3631 3722 ἐλαν-

2049 3753 2210 3809 θανον
2230 3769 2244 3784 ⁸
2281 3756 2344 3810 τὸ
2369 3758 2479 3828 γὰρ
2523 3757 2742 3828 δολερόν
2769 3775 2829 3811 τε
2857 3758 2952 3812 καὶ
2981 3745 3222 3811 ὕπουλον
3255 3757 3625 3824 κατεσκίαζεν

2047 3848 2228 3901 αὐτῶν
2270 3848 2353 3904 ἑτι
2383 3849 2481 3919 τὴν
2522 3849 2851 3921 κακοήθειαν
2875 3865 2888 3880 ο
2934 3850 3043 3902 elei.
3066 3851 3124 3904 δὲ
3152 3849 3246 3914 οὒς
3289 3852 3388 3904 καὶ
3412 3853 3480 3904 ὲκ
3515 3869 3620 3921 μα-

2049 3937 2188 4006 κρᾶς
2230 3937 2330 4006 τῆς
2378 3937 2597 4008 ὁμιλίας
2629 3941 2710 4002 είς
2753 3941 2951 4010 πεῖραν
2982 3939 3090 4001 τῶν
3139 3940 3622 4010 πεπολιτευμένων

2049 4026 2234 4088 αὐτοῖς
2277 4025 2641 4096 ἀφιγμένους,
2671 4027 2876 4096 ἥκιστα
2907 4028 3082 4083 ταῦτα
3119 4027 3412 4098 διέφυγεν·
3446 4029 3628 4100 ἐῶμεν

2050 4115 2216 4170 τᾶλλα
2263 4115 2476 4185 λέγειν,
2527 4117 2564 4173 ἃ
2611 4118 2710 4172 καὶ
2754 4118 2975 4175 εἰδότων
3023 4120 3118 4174 καὶ
3161 4121 3431 4190 λεγόντων
3481 4122 3630 4174 ἔστιν

2049 4207 2273 4266 ἀκούειν
2329 4207 2454 4261 ὅθεν
2517 4225 2578 4261 τε
2637 4209 2732 4262 καί⁷
2790 4209 2852 4276 ἐξ
2911 4211 3041 4265 οἴων
3128 4211 3352 4282 φαύλων
3424 4229 3484 4266 τε
3537 4215 3632 4266 καὶ

2054 4299 2260 4353 σκαιῶν
2291 4299 2489 4372 ἔργων,
2533 4301 2628 4354 ἐπὶ
2653 4303 2714 4356 τὸ
2759 4303 2946 4373 σχῆμα
2974 4305 3034 4358 τὸ
3069 4305 3384 4375 μοναχικὸν,
3419 4306 3480 4358 ἐν
3509 4305 3631 4360 λαϊ-

2053 4393 2172 4456 κοῖς
2199 4393 2263 4445 τὸ
2288 4394 2417 4464 πρὶν
2446 4393 2753 4457 τελοῦντες,
2792 4393 3112 4464 μετέθεντο·
3143 4396 3293 4460 ὅπως
3323 4413 3384 4449 τε
3417 4398 3499 4460 είς
3528 4397 3630 4468 τὴν

368 4483 591 4540 ordies
648 4486 880 4541 latenter
931 4487 1258 4557 irreperent.
1310 4489 1545 4548 Necesse
1585 4495 1750 4565 igitur
1792 4504 1939 4563 erat,

2057 4480 2360 4554 ἱερωσύνην
2402 4483 2498 4534 καὶ
2538 4481 2668 4544 τοὺς
2708 4483 3201 4553 ἐκκλησιαστικοὺς
3257 4485 3631 4554 καταλόγους,

371 4574 464 4644 qui
525 4576 772 4631 moribus
837 4579 1139 4634 inhonestis
1197 4583 1546 4654 vitandisque
1605 4597 1796 4652 erant,
1853 4602 1948 4644 eos

369 4675 767 4724 consentaneas
814 4683 1031 4739 quoque
1075 4669 1220 4725 circa
1267 4671 1428 4728 ﬁdem
1481 4677 1782 4732 sententias
1845 4680 1945 4733 ha-

370 4758 500 4813 bere
517 4757 756 4827 (1647).
785 4760 934 4816 Solet
954 4761 1102 4818 enim
1127 4762 1308 4832 lingua
1333 4779 1453 4818 cum
1478 4767 1690 4822 actibus
1710 4782 1947 4834 consep-

372 4852 502 4916 tire,
537 4859 594 4904 ut
625 4851 944 4906 alterutrum
975 4868 1041 4908 ex
1078 4854 1248 4910 altero
1275 4856 1580 4913 denotetur.
1625 4857 1851 4930 Insuper
1885 4870 1939 4916 et

372 4955 525 4996 vanae
573 4941 762 5011 gloria:
789 4945 970 5013 cupidi
1000 4957 1178 5013 erant,
1205 4962 1433 5017 eamque
1465 4950 1633 5004 nmlto
1653 4962 1779 5007 ante
1809 4949 1942 5008 aﬂ‘e-

369 5031 614 5086 ctahant.
647 5031 813 5087 Certe
845 5034 1060 5089 illorum
1089 5038 1314 5092 consilia
1361 5041 1632 5096 nontmllis
1662 5041 1948 5099 manifeste

367 5121 648 5190 explorata
685 5123 940 5192 fuerunt;
979 5128 1104 5195 quia
1134 5139 1189 5183 et
1218 5129 1359 5186 hanc
1384 5147 1569 5188 vocem
1601 5134 1818 5200 misisse
1851 5149 1946 5190 eos

369 5224 708 5284 compertum
749 5225 869 5280 est,
904 5219 1044 5286 quod
1081 5219 1241 5273 etiam
1273 5221 1510 5277 animam
1565 5205 1800 5280 vendere
1844 5239 1944 5296 pa-

371 5307 474 5362 rati
516 5317 722 5375 essent,
781 5312 1073 5365 dummodo
1130 5313 1351 5368 licenter
1411 5318 1828 5373 comessabundi
1891 5319 1943 5372 in

443 5491 558 5562 (l7)
589 5485 922 5566 Porphyrius
945 5492 1060 5561 ipse
1090 5494 1344 5566 ethnicus
1365 5495 1526 5566 hujus
1552 5497 1628 5552 rei
1662 5499 1946 5553 veritatem

378 5566 628 5637 agnoscit
671 5565 724 5618 in
778 5580 877 5619 suo
930 5565 995 5618 ad
1037 5579 1266 5637 uxorem
1323 5565 1629 5637 Mari-ellum
1685 5570 1950 5637 praeclaro

380 5631 746 5704 gravibusque
812 5635 1102 5689 sententiis
1151 5635 1484 5691 redundante
1530 5631 1808 5704 opusculo.
1860 5637 1950 5692 Sic

381 5703 700 5778 Cttlitl‘aplIt-l
736 5719 832 5757 nos
1007 5705 1180 5778 class._
1215 5716 1252 5759 t.
1302 5705 1391 5767 IV,
1430 5725 1480 5775 ιι.
1516 5703 1640 5764 369.
1679 5709 1761 5760 Τὰ
1791 5707 1949 5778 ἔργα,

379 5771 490 5824 τῶν
521 5771 806 5840 δογμάτων
851 5775 1083 5827 ἑκάστου
1118 5775 1302 5845 φέρειν
1339 5771 1548 5846 πέφυκε
1595 5781 1693 5841 τὰς
1735 5771 1954 5832 ἀποδεί-

2053 4575 2408 4637 λανθάνοντες
2437 4574 2877 4647 εἰσεφθάρησαν·
2903 4575 3012 4630 ἔδει
3035 4577 3220 4632 τοίνυν
3249 4579 3358 4648 ἄρα
3384 4579 3475 4632 τὸν
3507 4581 3634 4648 τρόο

2053 4685 2154 4720 πον
2185 4667 2426 4736 ἄσεμνον
2479 4667 2575 4720 καὶ
2620 4668 2856 4735 φευκτὸν
2905 4669 3156 4738 σχόντας.
3207 4671 3509 4738 ἀναλόγους
3539 4671 3635 4724 καὶ

2049 4761 2150 4823 τὰς
2185 4761 2312 4830 περὶ
2349 4759 2587 4822 πίστεως
2626 4759 2926 4832 κεκτῆσθαι
2959 4761 3294 4830 ὑπολήψειςο
3335 4762 3495 4815 εἴωθε
3523 4763 3634 4832 γάρ

2052 4867 2170 4914 πως
2221 4849 2516 4904 ἀκόλουθον
2559 4845 2698 4904 εἷναι
2748 4850 2842 4906 τὸν
2885 4851 3044 4919 λόγον
3074 4854 3195 4916 ταῖς
3225 4853 3514 4924 πράξεσιν,
3549 4855 3635 4905 ἵνα

2051 4942 2118 4996 δι’
2149 4942 2419 5012 ἑκατέρου
2448 4942 2929 5013 χαρακτηρίζηται
2959 4944 3189 5016 θάτερον
3209 4963 3223 4976 ο
3258 4947 3542 5016 ἑπομένως
3579 4947 3636 5000 δὲ

2049 5034 2286 5099 τούτοις,
2312 5034 2409 5088 καὶ
2435 5031 2596 5104 δόξης
2635 5035 2796 5104 κενῆς
2835 5035 2968 5106 ὲρᾷν
2986 5051 3002 5066 ο
3035 5035 3195 5090 τοῦτο
3223 5036 3333 5108 γάρ
3360 5031 3429 5108 ἦν
3452 5037 3636 5100 αὐτοῖς

2051 5129 2118 5181 ἐκ
2152 5126 2399 5188 πλείονος
2432 5125 2902 5196 σπουδαζόμενον·
2945 5127 3040 5180 καὶ
3071 5128 3184 5197 γὰρ
3212 5127 3506 5198 εὐφώρατα
3540 5128 3638 5180 καὶ

2055 5219 2260 5289 ἐκδηλά
2301 5235 2415 5272 τισι
2456 5219 2529 5270 τὰ
2577 5217 2678 5288 τῆς
2730 5216 2958 5288 γνώμης
2988 5217 3169 5273 αὐτῶν
3215 5218 3470 5287 γέγονεν·
3503 5219 3562 5270 ιν
3592 5209 3638 5286 ᾧ

2058 5311 2318 5382 τοιαύτην
2349 5308 2604 5378 ἀφιέντες
2648 5309 2832 5378 φωνὴν
2866 5306 3132 5374 ἑάλωσαν,
3187 5308 3266 5372 ὡς
3320 5309 3482 5380 εῐπερ
3527 5307 3637 5362 δὲοι

2059 5497 2172 5564 Est;
2200 5513 2212 5526 ο
2271 5505 2463 5548 natura
2511 5501 2874 5564 comparatum
2919 5501 3032 5564 est,
3070 5499 3129 5546 ut
3177 5493 3432 5562 cuiusun
3480 5508 3638 5564 opera

2061 5559 2530 5622 demonstrationes
2574 5559 2909 5630 propriorum
2959 5561 3263 5631 dogmatum
3315 5559 3442 5617 sint.
3490 5559 3636 5616 Vana

2066 5639 2227 5706 igitur
2269 5635 2510 5706 iactant,
2544 5646 2714 5706 seque
2744 5633 2888 5706 ipsos
2937 5631 3165 5696 fallunt,
3199 5648 3289 5700 qut
3324 5635 3441 5706 sine
3469 5635 3640 5688 certis

2065 5701 2333 5774 uirtusque
2370 5701 2712 5771 dogmatibus
2746 5703 2970 5757 honeste
3021 5717 3080 5757 se
3127 5719 3286 5771 posse
3328 5705 3512 5758 vivere
3541 5719 3642 5772 pu-

2064 5789 2180 5830 tant
2209 5785 2301 5830 aut
2330 5775 2596 5831 dictitant.
3301 5777 3304 5780 ’
