4032 6208
269 217 382 300 bis)
443 291 446 294 .

1123 239 1696 307 ATOLOGETICUS
1735 250 1882 310 PRO
1921 252 2194 312 SACRIS
2235 253 2717 315 IMAGINIBUS.
3430 259 3534 324 550

265 354 438 426 ῳίίαν
471 353 1028 424 δραματουργοῦντες
1068 355 1377 426 θεατρικῶς
1430 359 1491 411 οὐ
1548 366 2018 434 καταπεφρίκασι,
2083 366 2146 420 τό
2168 385 2229 420 τε
2263 364 2404 439 αἷμα
2445 369 2548 440 τῆς
2585 371 2782 440 καινῆς
2841 369 3110 442 διαθήκης
3150 371 3217 426 δι’
3247 368 3308 428 οὗ
3341 373 3533 444 ἐξηγο-

273 445 562 519 ράσθησαν
587 446 770 541 κοινὸν
803 448 1172 520 ἡγησάμενοι,
1197 453 1293 504 καὶ
1320 451 1431 505 τῶν
1467 453 1630 524 ίερῶν
1647 455 1854 528 ταύτης
1895 460 2206 532 συμϐόλων,
2239 455 2328 516 οἶα
2379 463 2738 534 βακχεύοντες
2762 465 2838 530 ὡς
2905 468 2971 520 ἐκ
3003 468 3176 538 μέθης
3190 469 3290 539 τῆς
3316 469 3532 541 ἀπάτης

267 541 364 592 καὶ
395 540 689 602 ἀπιστίας,
735 541 986 610 μανικῶς
1007 543 1457 615 κατορχούμενοι.

339 631 407 694 ζ’.
457 631 616 684 Ἐπεὶ
660 625 756 684 οὖν
806 631 1028 685 ἀσεϐεῖν
1057 635 1259 698 αὐτοὺς
1299 634 1410 688 ἔδει
1455 638 1550 691 καὶ
1581 638 1726 710 λόγῳ
1768 657 1835 694 κα

2038 645 2195 716 155
2229 647 2282 702 7.
2326 648 2463 714 Quia
2514 649 2680 718 igitur
2721 649 2889 704 verbo
2922 659 3163 718 clepere
3210 653 3354 720 ipsos
3403 669 3530 723 pec-

267 724 591 792 πράγματι,
639 723 739 776 ὅσα
796 722 896 792 μὲν
947 725 1132 788 αὐτοῖς
1188 726 1380 796 αἱρετά
1428 727 1498 780 τὰ
1529 730 1666 799 πρὸς
1718 730 1852 786 Θεὸν

1955 751 2081 791 care
2129 735 2451 803 oportebat,
2501 752 2832 806 qurecunque
2891 739 2973 792 his
3020 740 3298 808 sacrilegis
3355 741 3524 797 lihera

266 812 554 874 ἀθετοῦσι,
596 817 664 884 τῇ
698 813 925 886 γλώσσῃ
954 815 1404 882 ἀσελγαίνουσιν
1432 819 1534 873 ὅσα
1557 819 1614 872 δὲ
1652 820 1835 876 δυνατὲ

1953 833 2114 890 sunt,
2150 825 2329 896 lingua
2377 826 2648 892 illudunt;
2693 841 3028 894 qumcunque
3075 843 3204 882 vero
3246 831 3345 882 sub
3377 842 3529 898 pote-

266 905 526 976 βεϐήλοις
557 907 720 977 χερσὶ
741 906 809 961 τὰ
832 907 969 976 ἀγια
993 907 1336 979 κραίνουσιν·
1364 909 1509 964 οὕτω
1538 911 1645 984 γάρ
1665 913 1835 978 αὐτοῖς

1950 925 2150 976 statem
2197 918 2398 970 cadunt
2419 956 2434 980 ,
2464 912 2704 982 profanis
2735 916 2986 968 manibus
3015 927 3206 970 sancta
3258 917 3525 986 polluunt.

261 999 299 1069 ἢ
315 998 406 1072 etc
419 998 594 1068 ρωθεν
615 999 648 1070 ἢ
674 998 1044 1070 ἑκατέρωθεν,
1063 1001 1096 1070 ἦ
1117 1000 1197 1054 ἐνί
1227 1018 1292 1070 γε
1319 1001 1398 1072 τῷ
1425 1005 1611 1074 τρόπῳ
1628 997 1850 1070 πάντως

266 1090 333 1144 τὺ
356 1089 773 1160 ἐξαμαρτάνειν
804 1091 1278 1162 περισπούδαστον
1294 1109 1308 1124 ο
1327 1092 1419 1146 διά
1440 1093 1618 1149 ταῦτα
1637 1095 1732 1149 ἐπὶ
1751 1096 1849 1166 τὴν

275 1177 618 1248 Ἐκκλησίαν
652 1179 747 1233 τοῦ
777 1179 1016 1249 Χριστοῦ
1052 1173 1678 1252 κατεπανουργεύσαντο
1701 1185 1844 1254 γνώ-

264 1287 402 1339 μην,
418 1272 516 1322 καὶ
529 1270 942 1336 ἐϐουλεύσαντο,
961 1271 1164 1342 μᾶλλον
1181 1272 1237 1326 δὲ
1251 1290 1382 1326 κατε
1391 1292 1429 1326 π
1433 1273 1685 1345 ράξαντο,
1701 1278 1843 1331 κατά

259 1363 377 1414 τῶν
409 1363 586 1430 ἁγίων
609 1363 779 1416 αὐτοῦ
803 1379 816 1394 ·
851 1364 928 1427 ὡς
960 1365 1096 1418 πολὺ
1121 1365 1183 1418 τὸ
1213 1365 1414 1438 πλῆθος
1441 1368 1542 1438 τῆς
1573 1368 1666 1420 τοῦ
1709 1367 1845 1422 Θεοῦ

265 1453 665 1523 μακροθυμίας
686 1455 782 1506 καἿ.
808 1453 911 1524 τῆς
941 1455 1146 1525 ἀνοχῆς
1169 1457 1266 1509 καὶ⁸
1297 1457 1696 1527 χρηστότητος*
1728 1457 1846 1521 πῶς

260 1545 364 1615 τὴν
391 1544 584 1597 κτίσιν
616 1543 914 1614 μαιμῶσαν
937 1547 1030 1598 καὶ
1056 1545 1368 1617 βρέμουσαν
1391 1547 1501 1607 τῶν
1531 1549 1846 1620 Χριστομα-

261 1635 517 1708 χοῦντων
556 1634 844 1700 ἒπεξιέναι
899 1635 998 1705 τὴν
1049 1637 1281 1707 τόλμαν,
1335 1625 1576 1708 πεδήσας
1609 1640 1710 1693 οὐκ
1754 1641 1844 1707 ὴν-

262 1730 506 1799 έσχετο;
547 1727 668 1792 πῶς
697 1726 894 1780 παθεῖν
917 1725 954 1780 ἀ
987 1725 1184 1780 παθεῖν
1231 1727 1474 1788 δίκαιον,
1503 1729 1572 1782 τά
1603 1731 1844 1798 στοιχεῖα

257 1819 330 1872 τά
389 1818 736 1888 περικὸσμια
807 1815 1063 1888 οὐδαμῶς
1127 1816 1508 1889 συνεχώρησε;
1560 1817 1622 1872 τὸ
1689 1819 1842 1883 τόξον

260 1911 590 1973 ἐντείνεται,
608 1910 704 1962 καὶ
721 1907 1038 1978 κατέχεται,
1059 1907 1088 1961 ὃ
1112 1910 1226 1972 τοῖς
1252 1907 1349 1961 τοῦ
1385 1907 1618 1962 θανάτου
1649 1907 1841 1962 σκεύε-

259 2019 352 2056 σιν
409 2001 801 2073 ἒτοιμάζεται;
837 2003 870 2071 ἡ
921 1995 1241 2072 τεθηγμένη
1311 2001 1408 2054 καὶ
1454 2001 1842 2070 ἀστράπτουσα

262 2094 538 2164 μάχαιρα,
573 2094 667 2146 καὶ
715 2094 785 2146 τὰ
827 2093 1141 2164 ἠκονημένα
1177 2079 1306 2163 βέλη
1347 2092 1425 2156 ὡς
1473 2093 1566 2162 ἀφ’
1611 2093 1841 2164 αἵματος

257 2186 372 2238 τῶν
402 2185 618 2238 ἀσεϐῶν
649 2184 1106 2254 μεθυσθησόμενα
1135 2185 1230 2237 καὶ
1265 2183 1712 2253 πλησθησόμενα,
1741 2184 1841 2236 οὐκ

258 2273 596 2341 ἑπαφίεταις
634 2274 684 2324 οἱ
727 2272 1020 2342 φωστῆρες
1062 2272 1124 2324 τὸ
1168 2271 1286 2340 φῶς
1332 2272 1392 2324 οὐ
1435 2271 1836 2332 συστέλλονται,

257 2361 386 2413 οὐδὲ
416 2361 512 2413 τὸν
543 2361 747 2432 δρόμον
796 2361 1110 2430 ὲπέχονται,
1141 2360 1258 2440 ἀλλ’
1290 2362 1394 2414 ὑπὸ
1437 2363 1536 2430 τῆς
1567 2361 1664 2416 τοῦ
1702 2361 1838 2414 Θεοῦ

256 2453 682 2523 φιλανθρωπίας
715 2453 812 2506 καὶ
859 2453 1229 2524 χρηστότητος
1275 2455 1670 2524 ταμιευόμενα,
1713 2455 1838 2508 οὔτε

259 2544 510 2614 βελτίους
533 2545 660 2606 τοὺς
679 2542 921 2612 ἠλιθίους
953 2545 1270 2615 ἐργάζεται,
1299 2543 1424 2598 οὕτε
1447 2546 1526 2608 εἰς
1552 2547 1840 2618 συναίσθηο

257 2651 350 2686 σιν
378 2633 491 2686 τῶν
536 2633 908 2702 τολμωμένων
948 2635 1094 2702 ἄγει,
1141 2635 1366 2708 ἀφορμὴ
1402 2637 1460 2690 δὲ
1507 2638 1708 2708 μᾶλλον
1741 2639 1838 2692 καὶ

257 2723 529 2786 ὑπόθεσις
551 2723 647 2776 τοῦ
671 2724 806 2794 δρᾷν
837 2724 1070 2787 ἀνοσίως
1095 2725 1376 2794 ἐγγίνεται
1394 2741 1408 2756 ⁸
1429 2727 1482 2780 τί
1505 2727 1599 2780 οὖν
1617 2745 1701 2790 τις
1729 2728 1836 2782 τῶν

253 2815 578 2886 ὲχεφρόνων
625 2815 720 2867 καὶ
767 2815 892 2869 νοῦν
939 2815 1196 2885 ἑχόντων,
1251 2817 1312 2869 τὸ
1357 2817 1518 2871 ἄθεον
1552 2819 1838 2890 σύνταγμα

253 2909 427 2963 τοῦτο
455 2907 746 2972 καλέσειε;
784 2907 837 2960 τί
881 2907 938 2960 δὲ
975 2907 1107 2962 ἀλλο
1147 2924 1236 2976 γε,
1269 2909 1300 2979 ἢ
1333 2909 1394 2962 τὸ
1440 2910 1665 2979 Καῖάφα
1706 2929 1834 2966 συν-

253 2999 467 3069 ἐδριον,
491 2999 590 3052 καὶ
611 2997 704 3050 τὸν
723 2997 894 3050 πάλαι
918 2998 1058 3052 κατὰ
1079 2997 1317 3068 Χριστοῦ
1345 2999 1644 3054 ’Ἰουδαϊκὸν
1663 3002 1835 3072 δῆμον

255 3091 631 3162 μαινόμενονς
691 3090 788 3142 καὶ
820 3090 917 3142 νῦν
959 3089 1070 3160 γὰρ
1118 3092 1444 3157 Ἀρχοντες
1483 3092 1648 3145 λαῶν
1681 3108 1835 3147 συν-

249 3181 566 3250 ἤχθησαν,
585 3181 736 3234 κατὰ
763 3181 866 3234 τοῦ
886 3181 1106 3248 Κυρίου
1134 3179 1232 3234 καὶ
1262 3181 1414 3234 κατὰ
1442 3181 1552 3235 τοῦ
1573 3184 1834 3250 Χριστοῦ

251 3272 473 3327 αὑτοῦ.
506 3273 675 3326 Πάλιν
710 3275 875 3342 ίερεῖς
909 3273 1005 3326 καὶ
1040 3273 1398 3344 Γραμματεῖς
1428 3275 1528 3328 καὶ
1548 3276 1834 3347 Φαρισαῖοι

251 3365 360 3418 καὶ
395 3364 532 3417 ἄλλα
563 3362 871 3432 συμϐούλια
923 3364 1010 3432 ἐφ’
1040 3365 1257 3434 ὁμοίαις
1297 3369 1420 3428 ταῖς
1448 3367 1832 3437 ἐγχειρήσεσιο

252 3454 429 3512 πάλιν
455 3455 698 3526 Χριστὸς
720 3455 1115 3526 καθυϐρίζεται
1143 3457 1236 3510 καὶ
1266 3455 1588 3529 μαστίζεται
1607 3469 1624 3485 ·
1647 3457 1835 3530 ὥσπερ

250 3548 320 3602 τὸ
352 3547 629 3618 πρότερον
649 3549 708 3601 ὲν
735 3548 899 3618 σαρκὶ
925 3546 1184 3618 πεφηνὼς
1212 3549 1240 3600 ό
1263 3547 1672 3617 φιλάνθρωπος,
1693 3549 1836 3604 οὕτω

252 3642 354 3694 καὶ
376 3639 475 3694 νῦν
513 3643 574 3693 ὲν
601 3641 774 3693 εἰκόνι
807 3642 980 3694 τυπού
991 3657 1152 3711 μενος
1187 3643 1216 3694 ό
1242 3639 1618 3711 μακρόθυμος.

325 3734 400 3800 τί.
434 3729 756 3782 Σκοπείσθω
781 3728 894 3800 γὰρ
929 3728 1176 3800 ἀκριϐῶς
1211 3746 1270 3782 τε
1299 3729 1394 3782 καὶ
1415 3729 1830 3799 ἐμμελέστατα,

251 3819 339 3872 ὅτι
363 3817 602 3871 καθόσον
633 3817 730 3870 νῦν
753 3818 821 3870 τὰ
846 3818 1182 3890 ὑϐριζόμενά
1209 3834 1270 3870 τε
1301 3818 1396 3872 καὶ
1423 3817 1832 3889 καθαιρούμενα

251 3910 662 3980 χαρακτηρίζει
703 3911 795 3963 τὸν
828 3911 1058 3982 Κύριον,
1095 3909 1238 3962 κατά
1265 3909 1518 3962 τοσοῦτον
1546 3909 1641 3963 καὶ
1677 3910 1832 3963 αὐτοὶ

249 4001 383 4062 τοὺς
452 4002 882 4071 σταυρώσαντας
933 4001 1258 4064 Ἰουδαίους,
1315 4001 1410 4057 καὶ
1456 3999 1554 4070 τὴν
1607 4001 1832 4054 ἐκείνων

255 4092 578 4160 μιαιφονίαν
619 4093 935 4163 περιφανῶς
965 4093 1322 4157 είκονίζουσιν
1341 4107 1356 4122 ·
1391 4091 1466 4154 ὡς
1493 4091 1604 4162 γὰρ
1631 4091 1830 4144 ἐκεῖνοι

250 4185 346 4236 τὸν
392 4185 744 4253 Δημιουργὺν
776 4185 988 4236 ἀνελεῖν
1033 4185 1214 4238 πάντα
1249 4185 1446 4255 τρόπον
1475 4184 1832 4254 ὲκμηχανῶν-

251 4292 366 4341 ται,
399 4274 549 4328 οὕτω
580 4277 676 4328 καὶ
727 4272 874 4330 οὗτοι
911 4279 978 4330 τὰ
1017 4279 1232 4330 ἐκείνου
1264 4277 1704 4347 ἀπεικονίσματα
1739 4275 1828 4341 ἐξ·-

251 4363 570 4432 αφανίζειν,
603 4365 782 4416 πᾶσαν
813 4367 1054 4435 σπουδὴν
1092 4367 1371 4420 τίθενται·
1405 4367 1602 4436 ἐπίσης
1637 4385 1828 4435 τοιγα-

253 4454 386 4526 ροῦν
417 4455 504 4506 ἐπ’
549 4455 754 4524 ἀμφοῖν
805 4457 876 4508 τὰ
909 4455 1008 4525 τῆς
1043 4458 1326 4527 μιμήσεως
1358 4457 1678 4526 ἀκραιφνῶς
1712 4454 1830 4512 δια-

247 4545 566 4616 δείκνυταιο
631 4545 708 4612 ᾡς
777 4545 913 4614 γοῦν
971 4546 1064 4598 ἐπὶ
1123 4549 1238 4610 τοῖς
1301 4547 1522 4617 ἀνόμοις
1597 4549 1827 4612 ἐκείνοις

1954 1007 2045 1062 Sic
2075 1007 2221 1061 enim
2275 1007 2358 1062 vel
2406 1007 2667 1061 alterutro
2699 1005 2782 1060 vel
2815 1015 3044 1075 utroque
3065 1049 3080 1072 ,
3125 1009 3528 1064 studiosissime

1949 1106 2195 1166 peccant.
2231 1097 2521 1168 Propterea
2550 1098 2810 1150 adversus
2832 1097 3036 1151 Christi
3065 1096 3362 1152 Ecclesium
3393 1115 3525 1154 eon-

1949 1189 2129 1244 silium
2187 1189 2492 1258 improbum
2545 1189 2820 1251 inierunt,
2880 1197 2935 1242 et
2991 1189 3385 1253 conjurarnnt,
3442 1191 3527 1245 vel

1949 1280 2127 1348 potius
2167 1279 2427 1350 impetum
2474 1281 2736 1334 adversus
2767 1289 2985 1334 sanctos
3027 1278 3145 1346 ejus
3167 1279 3442 1336 fecerunt.
3479 1281 3525 1336 Ο

1949 1367 2378 1439 longanimitatis
2407 1369 2842 1434 exuberantiam,
2883 1378 2938 1424 et
2965 1370 3241 1439 patientia:
3273 1385 3337 1425 ac
3373 1370 3526 1425 heni-

1947 1460 2170 1530 gnitatis
2215 1461 2343 1515 Dei!
2403 1459 2514 1516 Cur
2561 1471 2867 1516 creaturam
2927 1460 3246 1517 frementem
3296 1462 3522 1533 jamque

1947 1557 2195 1604 ruentem
2261 1550 2524 1604 adversus
2589 1549 3128 1606 Christomachorum
3197 1553 3518 1616 audaciam,

1943 1640 2100 1698 freno
2160 1641 2418 1696 retinuit?
2471 1641 2580 1696 Cur
2636 1643 2856 1712 dignum
2910 1650 3097 1696 contra
3151 1643 3253 1698 hos
3300 1659 3519 1700 sensum

1943 1731 2234 1787 mundanis
2265 1731 2546 1786 elementis
2571 1740 2811 1788 ‘snmere
2868 1748 2977 1788 non
3017 1735 3300 1804 permisit?
3345 1737 3520 1792 Arcus

1945 1823 2262 1887 intenditur,
2292 1831 2348 1876 et
2383 1837 2506 1878 mox
2541 1823 2859 1888 remittitur,
2911 1825 3001 1892 qui
3039 1825 3298 1878 adversus
3327 1839 3516 1880 necem

1944 1925 2214 1970 merentes
2246 1923 2470 1984 paratus
2499 1913 2615 1968 est!
2653 1912 2786 1968 llem
2835 1913 3115 1983 fulgurans
3143 1915 3303 1983 gladii
3339 1917 3517 1982 acies.

1943 2017 1999 2062 et
2037 2016 2282 2062 exacutzc
2333 2005 2545 2069 sagitta:
2588 2005 2872 2073 impiorum
2926 2008 3190 2077 sanguine
3238 2023 3360 2061 mox
3402 2009 3520 2070 iue-

1944 2097 2184 2154 brianda‘.
2209 2111 2270 2152 ac
2298 2095 2566 2165 replenda:
2585 2137 2601 2162 ,
2633 2111 2737 2149 non
2770 2097 3050 2150 vibrantur
3075 2099 3088 2150 !
3127 2097 3306 2151 Stella:
3335 2099 3513 2152 lumen

1943 2205 2099 2244 sumu
2143 2203 2250 2242 non
2306 2186 2668 2248 subtrahunt,
2729 2201 2902 2252 neque
2947 2201 3166 2240 cursum
3221 2189 3512 2244 cohibenti

1943 2278 2142 2334 Verum
2180 2278 2294 2333 haec
2325 2279 2507 2332 omnia
2559 2293 2587 2330 a
2641 2276 2732 2332 Dei
2773 2291 2898 2345 erga
2951 2277 3199 2331 homines
3245 2279 3513 2334 charitate

1941 2387 2006 2426 ac
2030 2371 2368 2438 benignitate
2396 2369 2488 2424 diu
2523 2369 2714 2436 dilata,
2748 2383 2922 2436 neque
2951 2369 3176 2423 stolidos
3202 2369 3302 2423 hos
3331 2384 3516 2424 emen-

1939 2461 2091 2523 dant,
2119 2474 2290 2526 neque
2314 2460 2396 2526 ad.
2410 2459 2678 2514 scelerum
2708 2473 2930 2512 suorum
2958 2473 3174 2514 sensum
3204 2459 3512 2526 impellunt.

1940 2552 2032 2606 sed
2080 2551 2422 2605 occasionem
2473 2551 2654 2620 potius
2707 2561 2871 2618 aiqtte
2926 2554 3208 2603 materiam
3255 2552 3513 2619 peccandi

1941 2639 2272 2694 ministrant.
2306 2639 2422 2704 Quo
2471 2654 2598 2708 ergo
2626 2639 2746 2706 quis
2777 2639 2994 2691 nomine
3015 2675 3030 2700 ,
3069 2639 3358 2690 dummodo
3387 2652 3511 2689 cor-

1939 2729 2098 2784 datus
2154 2729 2224 2782 sit
2261 2738 2316 2782 et
2356 2743 2486 2781 sana
2532 2737 2712 2780 mente
2761 2727 3018 2794 pravditus
3044 2765 3058 2790 ,
3109 2726 3330 2779 atheum
3369 2725 3511 2779 hunc

1937 2827 2267 2874 conventum
2295 2816 2406 2886 (2|)
2461 2816 2891 2886 designet?.Quo
2933 2815 3074 2881 alio,
3117 2815 3366 2884 inquam,
3402 2814 3510 2869 nisi

1937 2921 1994 2965 nt
2027 2909 2246 2980 Caipha:
2273 2911 2586 2981 synedrium
2616 2949 2632 2975 ,
2675 2918 2730 2964 et
2757 2907 3036 2962 Judaicam
3069 2911 3327 2962 adversus
3357 2905 3513 2961 Chri-

1935 3013 2078 3061 stum
2138 3000 2322 3055 furore
2377 3001 2506 3054 olim
2547 2998 2826 3055 eﬂ‘eratam
2883 2997 3135 3052 turbam?
3187 2996 3320 3050 Nam
3369 3011 3510 3049 nunc

1937 3096 2100 3150 etiam
2161 3093 2521 3150 Convenerunt
2573 3091 2886 3160 populorum
2937 3090 3200 3158 principes
3260 3088 3507 3141 adversus

1940 3185 2222 3239 Dominum
2257 3193 2307 3238 et
2357 3183 2607 3236 adversus
2661 3180 2926 3234 Christum
2973 3179 3086 3248 ejus
3115 3179 3182 3232 ”.
3219 3176 3298 3230 En
3336 3180 3512 3230 denuo

1937 3277 2250 3330 sacerdotes
2301 3283 2354 3328 et
2395 3271 2596 3326 Scriba:
2645 3285 2708 3326 ac
2759 3269 3051 3331 Pharisazi;
3101 3283 3168 3321 en
3205 3281 3394 3320 rursus
3445 3266 3512 3318 de

1943 3368 2128 3423 eodem
2171 3375 2496 3434 argumento
2540 3361 2968 3418 consultationes
3003 3377 3016 3414 :
3055 3360 3230 3411 denuo
3261 3357 3510 3412 Christus

1945 3455 2184 3512 illuditur
2211 3464 2264 3507 et
2306 3453 2625 3522 ﬂagellatur,
2659 3452 2800 3505 sicut
2829 3449 2958 3504 olim
3009 3447 3063 3502 in
3097 3461 3262 3500 carne
3316 3446 3508 3498 ιὶεἰὺίιί

1943 3548 2174 3618 benigne
2209 3560 2267 3600 se
2306 3559 2540 3616 gerens.
2571 3544 2644 3598 ita
2679 3557 2826 3596 nunc
2855 3543 3018 3595 etiam
3052 3541 3104 3594 in
3139 3539 3373 3606 imagine
3425 3553 3510 3589 re-

1941 3645 2300 3708 praesentatus
2328 3636 2416 3689 diu
2448 3634 2672 3688 multum
2705 3633 3019 3703 patientiam
3057 3632 3322 3686 retinens.

2011 3729 2064 3784 8.
2105 3728 2275 3782 Porro
2323 3735 2580 3781 accurate
2629 3737 2950 3794 summaque
2991 3722 3290 3776 attentione
3319 3722 3508 3776 obser-

1939 3821 2172 3874 vandum
2210 3825 2334 3882 est,
2371 3817 2514 3885 quod
2561 3828 2754 3883 nempe
2783 3822 3044 3883 quantum
3079 3812 3252 3866 illum:
3279 3828 3419 3865 nunc
3443 3826 3507 3865 ac

1938 3910 2294 3982 pessumdata:
2340 3907 2634 3976 imagines,
2680 3907 2906 3960 formam
2963 3904 3171 3959 Domini
3216 3903 3505 3967 exhibent,

1941 4013 2146 4058 tantum
2179 4015 2230 4056 et
2259 4000 2357 4070 ipsi
2383 3999 2726 4054 lconomachi
2748 3997 2958 4052 Juda-os
2979 3997 3104 4050 olim
3132 3995 3502 4059 cruciﬁxores,

1937 4105 1991 4150 et
2033 4074 2244 4146 illorum
2293 4090 2505 4146 facinus
2546 4091 2939 4144 internecivum
2985 4087 3270 4141 manifeste
3301 4100 3504 4153 reprae-

1938 4191 2170 4239 sentant.
2221 4181 2462 4249 Namque
2492 4188 2550 4232 ut
2592 4177 2762 4232 Judzei
2805 4176 3116 4236 Creatorem
3149 4175 3274 4227 totis
3301 4173 3506 4226 viribus

1935 4273 2206 4344 perimere
2236 4270 2445 4325 connisi
2479 4278 2638 4333 sunt,
2672 4269 2742 4321 ita
2793 4278 2845 4320 et
2893 4267 2944 4319 hi
2979 4265 3162 4320 icoaes
3191 4266 3307 4340 ejus
3356 4263 3503 4316 omni

1935 4381 2037 4433 ope
2067 4362 2248 4416 delere
2279 4363 2515 4414 student.
2554 4360 2786 4428 Apparet
2814 4357 2977 4425 igitur
3019 4355 3072 4408 in
3101 4354 3344 4421 utrisque
3373 4365 3500 4420 per-

1936 4456 2090 4510 fecta:
2123 4453 2438 4508 imitationis
2467 4453 2663 4518 imago.
2701 4448 2842 4516 Ergo
2874 4456 2930 4500 ut
2959 4446 3167 4500 illorum
3193 4443 3500 4496 facinorum

1935 4561 2032 4616 par
2059 4545 2198 4599 ratio
2232 4543 2585 4610 conspicitur,
2619 4541 2698 4594 sic
2731 4539 2892 4592 etiam
2931 4549 3280 4606 personarum
3315 4531 3498 4583 volun-

246 4635 570 4705 τολμήμασι
617 4635 680 4688 τὺ
715 4638 956 4706 ἐμφανὲς
1003 4637 1105 4709 ἤδη
1165 4638 1632 4710 συντεθεὼρηται,
1685 4639 1828 4693 οὕτω

1940 4648 2212 4704 latumque
2236 4633 2522 4702 qualitates
2545 4642 2914 4685 consentanea!
2939 4627 3282 4681 videbuntur.
3310 4621 3496 4690 Neque

245 4725 309 4793 δή
353 4742 458 4778 που
489 4727 584 4778 καὶ
611 4726 724 4779 τῶν
747 4727 1058 4796 προσώπων
1080 4731 1175 4780 καὶ
1197 4728 1305 4781 τῶν
1330 4729 1567 4798 γνωμῶν
1592 4731 1646 4782 αἱ
1679 4729 1828 4782 ποιό-

243 4832 439 4887 τητες,
471 4816 759 4870 ἀκόλουθοι
784 4821 1330 4890 συναναφανήσονται
1348 4836 1364 4854 θ
1405 4821 1500 4873 καὶ
1523 4821 1625 4874 οὐκ
1655 4820 1720 4873 ἀν
1744 4837 1827 4884 τις

244 4906 422 4959 ταῦτα
455 4907 663 4976 ἑτέρως
700 4907 848 4978 ἔχειν
893 4910 1098 4980 οἰηθεὶς
1147 4909 1406 4979 κρίνειεν,
1455 4909 1612 4982 εῖπερ
1661 4909 1826 4982 ὀρθὴν

249 4997 352 5050 καὶ
386 4995 759 5068 ἀδιάστροφον
785 4999 894 5052 τῶν
920 5000 1266 5070 πραγμάτων
1288 4999 1388 5070 τὴν
1409 5000 1592 5070 κρίσιν
1622 5001 1826 5069 κέκτη-

243 5104 360 5148 ται,
397 5090 491 5142 καὶ
519 5088 611 5142 τὸν
638 5077 900 5160 λογισμὸν
931 5091 1246 5162 ἐρρωμένον
1261 5092 1406 5160 ἔχειν
1427 5091 1787 5144 πεπίστευται
1809 5107 1822 5122 ’

242 5181 306 5236 τὸ
345 5183 459 5252 γάρ
491 5183 875 5253 ἀπαραίτητον
901 5185 928 5236 ὁ
957 5183 1116 5250 λόγος
1142 5181 1276 5248 ἕξει,
1317 5183 1468 5236 πᾶσα
1508 5183 1744 5252 ἀνάγκη,
1777 5183 1830 5235 εἴ

315 5355 364 5388 ⁸³
408 5355 548 5409 Psal.
589 5371 649 5420 ιι,
680 5355 734 5408 2.

1935 4740 2065 4780 vero
2107 4725 2393 4793 quisquam
2439 4721 2556 4774 haec
2591 4719 2749 4774 aliter
2782 4731 2840 4771 se
2882 4714 3080 4770 habere
3109 4711 3410 4780 iudicabit,
3451 4709 3498 4764 si

1935 4815 2094 4870 modo
2147 4825 2292 4870 recta
2355 4822 2411 4866 et
2467 4827 2575 4865 non
2647 4811 2870 4862 distorta
2931 4819 3112 4860 rerum
3167 4803 3529 4858 diseretione'

1935 4905 2138 4976 pollet,
2179 4915 2234 4958 et
2291 4917 2424 4957 sana
2475 4910 2655 4954 mente
2695 4897 2951 4967 prmdittts
2997 4895 3256 4948 creditur.
3310 4891 3498 4946 Oratio

1935 4997 2078 5050 enim
2106 4997 2244 5048 hanc
2276 4992 2495 5047 habebit
2519 4987 2812 5044 inevitabili
2842 4988 3160 5040 necessitate
3191 4985 3496 5039 conclusio-

1934 5101 2092 5151 nem;
2126 5086 2170 5139 si
2222 5094 2370 5138 certc
2407 5095 2593 5135 verum
2637 5090 2738 5143 est,
2767 5078 2929 5131 verba
2959 5091 3182 5146 operum
3211 5090 3335 5130 esse
3363 5089 3492 5129 con-

1933 5187 2207 5233 sectanea.
2250 5174 2373 5228 Ila-c
2419 5173 2550 5226 satis
2595 5171 2660 5224 ad
2702 5168 2988 5238 impiorum
3036 5180 3324 5236 perversos
3372 5179 3511 5234 pra-

317 5533 436 5604 (et)
469 5531 993 5604 l.0qnitur_vel_de
1027 5533 1198 5604 prima
1233 5532 1714 5604 lcouomacbornm
1751 5534 1956 5602 synodo
2005 5531 2106 5586 snh
2181 5530 2548 5600 Copronymo,
2599 5527 2680 5583 vel
2732 5527 2913 5598 potius
2977 5524 3044 5579 de
3121 5517 3353 5575 secunda
3389 5519 3490 5576 sub

247 5601 427 5662 Leone
447 5601 712 5669 Arm’euo,
741 5602 808 5656 de
829 5601 1022 5670 quibus
1053 5617 1150 5658 nos
1171 5601 1404 5658 diximus
1435 5621 1486 5674 p.
1521 5605 1574 5670 5,
1613 5606 1663 5657 in
1689 5601 1812 5658 adu.
