4032 6208
505 193 608 262 551

1444 142 1453 154 ’
1523 191 1582 250 s.
1625 188 2041 248 NICEPIIORI
2080 187 2582 249 PATRIARGIIJZ
2620 188 2727 248 cr.

3641 181 3751 244 532

507 315 712 368 vosque
757 315 938 355 mores
981 299 1302 367 compendio
1337 298 1800 350 demtmstramios.
1850 295 2076 364 Jamque

2193 299 2357 364 γειὼς
2417 298 2631 366 ἀληθῶς
2683 298 2732 349 οί
2791 297 2938 380 λόγοι
2976 298 3085 359 τοῖς
3129 295 3450 365 πράγμασιν
3479 293 3749 346 ἕπονται·

510 392 670 448 tertio
700 392 800 446 hoc
831 392 1027 445 malum
1055 391 1315 444 adversus
1351 399 1688 442 communem
1726 383 2070 440 Ser'vatorem

512 491 754 537 nostrum
787 481 1062 536 Christum
1107 487 1360 536 exortum
1406 486 1508 532 est.
1553 475 1688 530 Nam
1722 485 1916 544 praeter
1944 474 2072 528 illud

509 575 740 641 primum
772 586 836 624 ac
867 569 1030 622 veluti
1061 569 1408 640 archetypum
1441 567 1648 620 facinus
1673 565 1808 639 (2‘2),
1835 567 2074 622 secundo

506 664 618 734 jam
663 669 719 732 et
757 659 915 713 tertio
941 657 1054 724 (25)
1103 657 1288 714 ab.his
1315 653 1619 710 Judaaornm
1652 655 2028 710 consectaneis
2051 694 2067 719 ,

511 755 772 808 adversus
814 765 966 804 sacra
1003 746 1390 802 incarnationis
1424 746 1670 818 symbola
1711 747 1854 800 idem
1887 755 2078 815 patra-

513 855 625 898 tum
659 843 781 897 fuit.
815 840 1002 894 Nonne
1033 855 1162 894 vero
1187 840 1239 893 id
1266 840 1402 893 turri
1435 838 1506 892 illi
1531 839 1583 891 in
1611 838 1803 905 campo
1832 836 2078 892 Sennaar

512 935 808 996 aediﬁcatae,
847 948 904 986 re
931 941 986 986 et
1006 931 1222 986 nomine
1248 930 1686 1000 comparabitur?
1715 928 1876 982 Certe
1905 937 1960 981 et
1985 927 2077 981 illa

512 1023 654 1078 male
683 1023 1018 1086 struebatur.
1050 1021 1250 1089 quippe
1281 1020 1405 1089 quia
1454 1027 1641 1073 contra
1690 1017 1784 1072 Dei
1819 1017 2076 1085 placitum

515 1129 582 1170 ac
629 1113 986 1168 voluntatem.
1045 1112 1242 1167 Merito
1293 1122 1473 1165 autem
1527 1118 1654 1164 tunc
1696 1107 2080 1162 tediﬂcantinm

517 1207 717 1276 linguae
746 1205 985 1262 confusa!
1015 1205 1254 1264 fuerunt.
1289 1203 1365 1256 uti
1397 1201 1490 1257 Dei
1524 1201 1803 1270 providum
1821 1199 1934 1266 jam
1959 1213 2083 1253 cen-

517 1307 699 1354 suerat
737 1297 1020 1352 consilium
1044 1298 1087 1360 ί,
1126 1305 1178 1350 et
1208 1309 1401 1348 vocum
1427 1293 1566 1362 apud
1601 1306 1696 1345 eos
1726 1291 2081 1346 consonantia

516 1391 784 1445 dissoluta
817 1398 920 1454 est,
952 1386 1116 1459 156
1145 1389 1218 1441 ita
1251 1396 1311 1440 ut
1338 1400 1496 1440 nemo
1524 1385 1634 1453 jam
1665 1383 1895 1450 proximi
1923 1383 2084 1438 soda—

517 1480 690 1549 lisque
727 1481 808 1534 sui
838 1479 1072 1547 linguam
1109 1477 1462 1544 intelligeret;
1489 1485 1649 1546 atque
1680 1476 1750 1529 ita
1774 1483 2083 1544 snsceptmu

517 1587 654 1641 opus
679 1569 1032 1634 dilaberetur,
1068 1570 1354 1638 Operisqne
1378 1577 1626 1622 auctores
1652 1582 1747 1635 per
1771 1565 2082 1621 universum

518 1663 706 1718 orbem
738 1662 1202 1732 dispergerentur.

590 1949 644 2004 9.
677 1947 804 2002 llaec
831 1955 1010 1999 autem
1054 1957 1084 1997 a
1137 1943 1484 1998 novatoribns
1525 1952 1848 2015 exaggerata
1875 1985 1891 2009 ,
1924 1945 2092 1998 turris

521 2040 718 2103 instar,
753 2035 905 2105 impii
951 2034 1217 2104 dogmatis
1259 2033 1430 2088 moles
1454 2074 1470 2100 ,
1509 2034 1680 2088 multo
1722 2034 2092 2090 detestabilior

521 2139 604 2185 est
637 2141 692 2184 et
719 2127 1074 2198 irreligiosior
1101 2143 1114 2180 :
1151 2139 1326 2196 neque
1358 2109 1620 2180 lateribus
1659 2125 1832 2181 coctis
1861 2139 1917 2181 et
1943 2126 2092 2181 bitu-

521 2222 668 2276 mine
689 2229 992 2289 compacta,
1025 2217 1120 2273 sed
1145 2217 1456 2286 apostaticis
1487 2219 1704 2287 Deoque
1736 2222 2090 2288 repugnanti-

521 2312 625 2370 bus
656 2311 857 2376 verbis,
888 2325 952 2365 ac
982 2307 1475 2365 machinationibus
1519 2309 1783 2364 adversus
1812 2307 2089 2380 Unigeniti

521 2403 746 2471 gloriam
767 2441 784 2466 ,
813 2415 878 2455 eo
906 2399 1136 2456 consilio
1173 2401 1532 2463 construitur,
1561 2409 1620 2453 ut.
1653 2398 1790 2455 bene
1818 2402 2092 2469 composi-

525 2503 704 2548 torum
737 2531 754 2556 ,
785 2503 946 2560 atque
972 2489 1026 2544 in
1057 2505 1160 2544 una
1191 2490 1312 2544 ﬁdei
1346 2489 1688 2545 confessione
1717 2499 1772 2546 et
1801 2493 2092 2547 concordia

523 2585 968 2654 conjunctornm,
1001 2596 1106 2652 qua
1140 2580 1370 2635 invicem
1405 2581 1456 2634 in
1493 2589 1681 2636 sancto
1717 2583 1921 2650 Spiritu
1962 2597 2096 2637 con-

523 2677 817 2738 sentimus,
848 2672 1259 2740 consonantiam
1282 2671 1458 2726 solvat
1486 2681 1650 2740 atque
1677 2671 1934 2739 disjiciat.
1963 2673 2094 2739 Qni-

524 2767 624 2819 bus
665 2773 814 2817 certe
840 2776 908 2816 ex
940 2761 1036 2816 Dei
1065 2761 1328 2816 instinctu
1354 2797 1372 2825 ,
1419 2769 1474 2814 et.
1517 2760 1722 2829 Spiritu
1759 2771 1949 2818 sancto
1979 2776 2097 2830 per-

523 2863 701 2909 motus
730 2867 954 2920 magnus
987 2851 1152 2906 David
1183 2850 1534 2905 malediceret
1559 2852 1749 2908 dicens
1775 2871 1790 2908 :
1819 2853 2093 2925 Demerge,

2177 385 2427 438 τοσοῦτον
2453 386 2551 454 μὲν
2577 385 2652 447 ὡς
2677 388 2732 438 ὲν
2765 384 2956 462 βραχεῖ
2995 384 3102 436 τῶν
3138 384 3349 437 ἀσεϐῶν
3394 383 3755 452 παραστῆσαι

2177 477 2238 528 τὸ
2281 476 2583 547 δύστροπον
2613 476 2708 530 καὶ
2751 474 3059 546 κακόηθεςο
3101 477 3196 528 καὶ
3220 475 3406 545 τρίτον
3438 474 3540 545 ἤδη
3589 473 3758 526 τοῦτο

2180 567 2354 631 πάθος
2379 567 2473 620 ἐπὶ
2499 567 2596 620 τοῦ
2640 568 2860 622 πάντων
2894 566 3057 638 ἡμῶν
3091 567 3347 638 Σωτῆρος
3375 547 3634 636 Χριστοίῗ
3654 581 3759 616 πε-

2181 659 2524 730 φανέρωται·
2575 660 2714 730 πρὸς
2747 659 2858 730 γὰρ
2895 657 2976 730 τῷ
2999 659 3299 730 πρωτίστῳ
3331 659 3426 711 καὶ
3459 658 3532 721 ὡς
3569 657 3634 711 ἄν
3667 674 3758 720 τις

2181 750 2326 804 εἴποι
2357 751 2654 822 ἀρχετύπῳ
2685 751 2876 816 πάθει,
2903 750 2997 805 καὶ
3022 750 3275 820 δεύτερον
3310 748 3413 812 ἔτι,
3447 749 3542 802 καὶ
3566 747 3761 819 τρίτον

2182 845 2275 898 ἐπὶ
2295 844 2474 915 τούτῳ
2505 845 2656 914 παρὰ
2687 842 2796 896 τῶν
2828 841 3154 912 ὁμοτρόπων
3187 842 3302 903 τοῖς
3339 839 3640 902 Ἰουδαίοις,
3663 837 3764 890 διὰ

2182 937 2292 990 τῶν
2360 935 2523 1006 ἱερῶν
2584 936 2686 1006 τῆς
2751 932 3027 1004 σωτηρίου
3081 931 3249 986 αὐτοῦ
3305 931 3764 1001 ἐνσωματώσεως

2185 1025 2490 1096 συμϐόλων,
2540 1025 2633 1080 ἐπὶ
2670 1025 2771 1094 τῆς
2817 1023 2942 1077 καθ’
2974 1025 3125 1096 ἡμᾶς
3151 1024 3345 1093 γενεᾶς
3385 1022 3691 1092 ἠνέγκατοο
3728 1020 3764 1090 ἧ

2185 1117 2308 1188 οὐχὶ
2323 1117 2388 1188 δὴ
2413 1116 2502 1170 τὸν
2521 1119 2578 1170 ὲν
2611 1116 2780 1187 πεδίῳ
2801 1114 3046 1186 Σενναὰρ
3058 1112 3518 1183 οἰκοδομούμενον
3540 1109 3764 1182 πύργον

2187 1209 2457 1281 εὐκαίρως
2498 1211 2564 1263 ἂν
2599 1208 2956 1279 όνομάσειεν;
2985 1203 3068 1278 ᾞ
3096 1207 3352 1262 κάκεῖνον
3394 1202 3584 1264 κακῶς
3619 1203 3766 1272 ᾠκο-

2187 1301 2412 1372 δόμητο,
2451 1302 2576 1354 ἐπεὶ
2605 1300 2818 1371 οὐδαμῆ
2849 1299 3010 1372 ἧθελε
3039 1297 3171 1362 Θεὸς
3196 1295 3315 1350 οὐδὲ
3342 1295 3504 1367 ἥδετο
3525 1310 3540 1326 ο
3573 1292 3765 1357 καλῶς

2189 1394 2247 1448 δὲ
2270 1393 2376 1447 τῶν
2411 1392 2768 1464 συνηγμένων
2797 1392 2853 1446 ai
2879 1391 3126 1461 γλῶσσαι
3150 1388 3386 1444 ἐνταῦθα
3408 1390 3764 1458 συνεχέοντο,

2192 1489 2334 1543 καθὰ
2352 1487 2418 1560 δὴ
2447 1489 2508 1542 τὸ
2534 1489 2678 1543 θεῖον
2704 1487 2988 1558 ὲκεκρίκει
3013 1485 3361 1558 προϐούλιον,
3385 1485 3484 1539 καὶ
3516 1485 3768 1555 διῃρεϊτο

2191 1581 2293 1651 ἥδη
2350 1581 2536 1644 αὐτοῖς
2599 1579 2661 1632 τὸ
2717 1579 3038 1650 ὁμόφωνονο
3099 1577 3174 1641 ὡς
3225 1578 3587 1648 ἀνηκουστεῖν
3633 1575 3768 1638 τοὺς
3857 1622 3870 1634 ,

2119 1648 2161 1704 Β
2194 1648 2362 1735 πέλας
2405 1671 2509 1741 τῆς
2541 1670 2729 1741 φωνῆς
2755 1648 2879 1723 τῶν
2916 1668 3452 1740 ὁμογνωμονούντων
3501 1667 3767 1730 ἕκαστον,

2193 1762 2287 1816 καὶ
2332 1761 2509 1834 ταύτῃ
2555 1761 2874 1816 διαλύεσθαι
2906 1762 2970 1814 τὸ
3004 1761 3340 1832 ἐγχείρημα,
3366 1760 3462 1814 καὶ
3493 1760 3624 1822 τοὺς
3667 1775 3774 1812 που

2192 1853 2489 1924 νουμένους
2521 1853 2600 1924 τῷ
2638 1853 2786 1925 ἔργῳ
2817 1852 2941 1910 καθ’
2959 1851 3088 1922 ὅλης
3112 1855 3218 1922 γῆς
3245 1852 3695 1924 διασπείρεσθαι.

2263 1944 2328 1997 θ’.
2391 1945 2448 1998 '0
2481 1943 2538 1998 δὲ
2595 1943 2689 1996 νῦν
2746 1945 2860 2008 τοῖς
2920 1941 3305 2014 νεωτερίζουσι
3355 1943 3454 2011 τῆς
3504 1941 3774 2005 ἀσεϐείας

2196 2031 2576 2103 πυργούμενος
2636 2030 2894 2094 κολωνὸς,
2931 2029 3108 2100 πολλῷ
3147 2029 3320 2100 δήπου
3361 2029 3775 2098 ἀπευκτότερος

2159 2126 2290 2177 οκαὶ
2337 2123 2675 2194 ἀθεώτεροςο
2723 2123 2784 2176 οὐ
2825 2122 3070 2186 πλίνθοις
3099 2123 3236 2193 πυρὶ
3286 2121 3771 2190 κατοπτωμέναις,

2195 2216 2290 2269 καὶ
2335 2214 2597 2284 ἀσφάλτῳ
2642 2213 3004 2284 δομούμενος.
3039 2213 3246 2282 φωναῖς
3287 2211 3346 2264 δὲ
3383 2211 3774 2280 παλιμφήμοις

2195 2305 2292 2359 καὶ
2319 2305 2611 2376 θεομάχοις
2643 2305 2928 2375 σκέμμασι
2960 2303 3104 2358 κατὰ
3145 2304 3245 2374 τῆς
3272 2301 3431 2372 δόξης
3462 2302 3558 2355 τοῦ
3592 2303 3773 2356 Μονο-

2196 2395 2388 2462 γενοῦς
2437 2395 2904 2468 τεχνιτευόμενος,
2939 2399 3034 2452 καὶ
3075 2396 3186 2449 τῶν
3219 2395 3402 2460 καλῶς
3437 2396 3536 2450 καὶ
3566 2395 3772 2460 ὲνθὲιο·ς

2195 2487 2454 2558 ὴγμένων
2515 2489 2612 2542 καὶ
2657 2488 2958 2559 ἡνωμὲνων
3003 2491 3083 2553 εἰς
3143 2488 3274 2561 μίαν
3320 2487 3615 2559 ὁμολογίαν
3674 2490 3772 2539 καὶ

2197 2579 2505 2649 σύμπνοιαν
2534 2581 2795 2645 πίστεως,
2839 2580 2963 2634 καθ’
3009 2581 3076 2652 ἢν
3106 2579 3483 2652 συμϐαίνομεν
3511 2581 3772 2650 ἀλλήλοις

2197 2673 2256 2724 ἐν
2293 2671 2596 2743 Πνεύματι,
2627 2674 2727 2743 τὴν
2766 2673 3091 2741 συμφωνίαν
3135 2671 3376 2728 διαλύειν
3409 2673 3508 2726 καὶ
3537 2671 3772 2726 σκεδανο

2196 2763 2344 2818 νύειν
2373 2767 2870 2835 ὲκμηχανώμενος·
2910 2765 3004 2830 οὒς
3039 2765 3105 2818 ἂν
3138 2766 3234 2818 καὶ
3269 2764 3415 2836 μάλα
3455 2765 3775 2836 θεοφρόνως

2195 2856 2254 2908 ὲν
2291 2855 2567 2923 πνεύματι
2599 2856 2921 2926 κινούμενος
2947 2859 2975 2911 ὁ
3002 2856 3178 2926 μέγας
3205 2856 3372 2911 Δαϐὶδ
3402 2858 3770 2928 ὲπαράσαιτο,

521 2959 570 3004 et
603 2948 776 3001 divide
802 2945 1012 3012 linguas
1031 2957 1250 3008 eorum;
1283 2943 1532 3012 quoniam
1564 2943 1666 2996 vidi
1698 2945 2016 3014 impietatem
2043 2956 2090 3000 et

2202 2948 2674 3010 Καταπόντισον,
2729 2950 2927 3016 Κύριε,
2961 2949 3278 3004 κιιταδιελε
3329 2949 3438 3017 τὰς
3482 2949 3772 3020 γλώσσας

521 3036 989 3095 contradictionem
1019 3035 1073 3086 in
1109 3033 1321 3087 civitate
1342 3033 1386 3088 ³.
1431 3032 1569 3098 Quia
1609 3034 1904 3109 dilexerunt
1941 3039 2092 3092 verba

523 3125 898 3187 demersionis,
947 3123 1190 3193 linguam
1243 3123 1506 3178 dolosam.
1621 3122 1908 3194 Propterea
1958 3127 2094 3182 Deus

445 3263 454 3272 .
523 3221 754 3272 destruet
783 3230 870 3268 eos
901 3215 954 3266 iu
979 3214 1160 3282 ﬁnem,
1184 3223 1234 3266 et
1261 3213 1487 3266 radicem
1517 3213 1750 3282 ipsorum
1778 3232 1805 3270 e
1830 3225 1973 3270 terra
2016 3220 2094 3270 vi-

524 3307 750 3364 rentium
807 3305 1153 3373 exstirpatam
1206 3301 1529 3372 cjiciet'Jta
1585 3319 1644 3356 se
1707 3305 1906 3361 habent
1971 3309 2095 3362 novi

521 3399 723 3454 Jannes
744 3405 798 3451 et
821 3394 1068 3450 Jambres
1091 3394 1226 3464 (24),
1272 3395 1364 3460 qui
1407 3395 1636 3475 improbi
1672 3395 1818 3451 illius
1849 3399 2098 3452 duumvi-

527 3503 680 3547 ratus
709 3489 974 3556 imagines
1007 3496 1154 3540 stmt.
1187 3485 1278 3538 Vel
1310 3487 1487 3552 potius
1519 3485 1844 3555 Ilymenznus
1885 3495 1940 3541 et
1969 3489 2095 3542 Ale-

526 3586 732 3638 xander
767 3583 1036 3642 dicantur,
1070 3581 1160 3646 qui
1189 3593 1218 3630 a
1263 3578 1490 3630 veritate
1533 3579 1822 3646 plurimum
1858 3581 2098 3635 descive-

521 3674 718 3738 runt".
763 3671 826 3725 lli
872 3679 1001 3726 sunt
1049 3670 1150 3722 alia
1196 3668 1594 3737 quodammodo
1649 3670 1890 3738 improha
1935 3679 1988 3723 ct
2043 3671 2095 3724 in

525 3766 796 3837 pravitate
827 3777 1056 3817 concors
1082 3761 1202 3831 biga
1225 3761 1575 3814 celeberrima
1597 3799 1614 3820 .
1643 3762 1841 3815 diaboli
1871 3763 2098 3818 habenis

529 3855 772 3924 religati,
799 3862 852 3906 et.
885 3849 1124 3918 ejusdem
1153 3851 1404 3904 manibus
1437 3851 1741 3920 gnbernati,
1777 3868 1926 3908 more
1953 3855 2098 3908 scili-

526 3954 614 4000 cet
648 3945 879 3997 ﬁliortun
913 3940 1054 3996 Core
1081 3940 1311 3995 conﬂata
1353 3941 1646 4004 sodalitas,
1682 3939 1884 3996 Christi
1931 3955 2098 3999 testa-

527 4045 713 4092 mento
738 4034 1088 4088 adversantes
1107 4069 1124 4094 ,
1151 4030 1365 4084 dolosas
1394 4031 1606 4100 linguas
1630 4035 1694 4086 ad
1727 4036 2099 4090 contradicen-

526 4130 652 4184 dum
694 4123 916 4180 veritati
949 4123 1281 4176 n'iendaciter
1325 4133 1620 4177 acuentes:
1665 4124 1808 4179 haud
1836 4127 1949 4195 jam
1986 4129 2099 4197 pri-

525 4235 676 4276 scum
725 4217 996 4286 hloysem,
1024 4225 1078 4269 et
1119 4214 1404 4284 ﬁguratam
1447 4214 1590 4269 illam
1632 4217 1890 4286 scriptam
1926 4219 2094 4288 legem

2199 3033 2418 3096 αὐτῶν,
2449 3033 2660 3104 λέγων.
2710 3037 2838 3088 Ὅτι
2883 3035 3047 3090 εἶδον
3077 3037 3338 3108 ἀνομίαν
3383 3040 3482 3091 καί
3526 3038 3772 3094 ἀντιλο-

2196 3129 2332 3197 γίαν
2358 3129 2428 3179 ἐν
2471 3126 2544 3196 τῇ
2587 3129 2783 3193 πόλει,
2815 3127 2904 3183 ὅτι
2943 3129 3273 3198 ἠγάπησαν
3301 3129 3501 3185 πάντα
3528 3130 3774 3199 ῥήματα

2195 3217 2702 3288 καταποντισμοῦ,
2755 3219 3047 3290 γλῶσσαν
3089 3222 3336 3275 δολίαν·
3391 3221 3489 3276 διὰ
3531 3223 3710 3276 τοῦτο
3739 3227 3772 3276 ό

2199 3310 2342 3375 Θεὸς
2377 3309 2622 3364 καθελεῖ
2650 3309 2866 3377 αὐτοὺς
2901 3315 2990 3378 εις
3035 3312 3230 3378 τέλος,
3282 3313 3381 3365 καί
3429 3313 3498 3366 τὸ
3548 3313 3774 3382 ρίζωμιι

2195 3401 2394 3456 αὐτῶν
2421 3401 2490 3455 ἐκ
2519 3399 2629 3469 γῆς
2661 3401 2890 3461 ζώντων
2913 3403 3208 3456 sutum
3239 3407 3770 3473 μεταναστεύσειε.

2196 3490 2382 3545 Ταῦτα
2407 3493 2456 3545 οί
2506 3492 2618 3546 νέοι
2663 3494 2869 3562 Ἰαννῆς
2913 3496 3008 3547 καὶ
3071 3495 3356 3566 Ἰαμϐρῆς,
3381 3497 3480 3567 τῆς
3527 3503 3775 3569 πονηρᾶς

2198 3581 2458 3652 συζυγίας
2489 3584 2708 3655 ἐκείνης
2745 3577 3232 3658 ’ἀπεικονίσματω
3266 3589 3298 3658 ἦ
3341 3589 3640 3659 Ὑμέναιος
3679 3594 3775 3645 καὶ

2211 3672 2586 3745 Ἀλέξανδρος,
2619 3676 2750 3747 περὶ
2775 3678 2875 3746 τὴν
2898 3678 3156 3747 ἀλήθειαν
3186 3681 3425 3750 μάλιστα
3451 3682 3779 3750 διασφαλλόο

2203 3783 2357 3836 μενοι
2382 3782 2394 3794 ·
2431 3766 2566 3838 ἄλλη
2601 3768 2852 3839 μοχθηρά
2883 3787 2966 3833 τις
2990 3770 3086 3822 καὶ
3115 3771 3424 3842 ὁμότροπος
3465 3775 3545 3836 είς
3574 3775 3778 3828 κακίαν

2202 3855 2436 3928 ξυνωρὶς
2472 3859 2826 3928 περιϐόητος,
2883 3864 3002 3923 ταῖς
3037 3862 3137 3930 μὲν
3173 3863 3269 3914 τού
3295 3863 3547 3916 διαϐόλου
3594 3865 3779 3934 ἡνίαις

2199 3949 2650 4020 κατεζευγμένοι,
2685 3953 2808 4014 ταῖς
2838 3953 3050 4005 ἐκείνου
3068 3953 3125 4006 δὲ
3148 3954 3338 4024 χερσὶν
3365 3955 3774 4024 ήνιοχούμενοι,

2199 4041 2234 4110 ἠ
2270 4042 2415 4095 κατὰ
2446 4043 2577 4105 τοὺς
2609 4043 2762 4106 υίοὺς
2794 4044 2942 4113 Κορὲ
2980 4047 3393 4117 συντεταγμένη
3424 4053 3691 4118 φρατρία,
3726 4053 3777 4101 οἱ

2197 4131 2298 4202 τῆς
2349 4133 2492 4186 κατὰ
2520 4133 2757 4203 Χριστὸν
2805 4135 3076 4205 διαθήκης
3120 4139 3410 4198 ἀντίθετοι,
3455 4139 3555 4192 τὰς
3587 4141 3781 4203 δολίαις

2198 4222 2453 4292 γλώσσας
2502 4227 2642 4296 πρὸς
2671 4228 2982 4297 ἀντιλογίαν
3011 4229 3112 4298 τῆς
3152 4231 3435 4301 ἀληθείας.
3480 4234 3555 4302 τῷ
3587 4234 3778 4300 ψεύδει

529 4313 584 4370 in
611 4309 839 4378 lapideis
863 4305 1060 4362 tabulis
1087 4316 1362 4361 exaratam
1391 4307 1677 4367 violantes.
1699 4318 1916 4378 propter
1936 4325 2090 4378 quam

2204 4316 2755 4387 προκαταθήξαντεςο
2786 4321 2847 4374 ού
2879 4319 2956 4388 τῷ
2998 4323 3170 4392 Μωσῇ
3216 4323 3294 4393 τῷ
3351 4325 3542 4385 πάλαι,
3575 4327 3670 4379 καὶ
3698 4330 3781 4395 τῷ

526 4402 680 4460 fuere
709 4401 886 4472 caligo
913 4409 967 4454 et
999 4400 1270 4465 tenebrae,
1295 4409 1350 4454 et
1379 4399 1566 4466 turbo,
1591 4409 1642 4455 et
1677 4417 1830 4456 mons
1861 4401 2094 4472 fumans,

527 4505 580 4548 et
610 4493 752 4545 tubae
787 4488 1104 4544 terribiliter
1131 4488 1477 4556 clangentes,
1508 4500 1560 4542 et
1591 4505 1684 4544 cos
1715 4493 1804 4560 qui
1840 4496 2098 4548 accedere

527 4591 620 4636 ant
645 4581 914 4650 attingere
939 4579 1156 4639 vellent,
1183 4577 1580 4646 absterrentes;
1619 4582 1713 4634 sed
1753 4581 1850 4650 ipsi
1881 4583 2098 4636 Christo

527 4670 828 4742 legislatori
851 4709 866 4734 ,
897 4684 1049 4725 nova:
1085 4669 1240 4722 nobis
1267 4677 1321 4722 et
1352 4655 1550 4735 divinae
1574 4672 1976 4726 constitutionis
2005 4690 2103 4726 an-

531 4761 672 4815 ctori
725 4759 1070 4830 impudenter
1121 4758 1505 4821 adversantur,
1545 4759 1688 4826 legi,
1744 4761 2002 4832 inquam,
2046 4764 2098 4818 in

533 4855 718 4907 animo
745 4853 1050 4922 mentisque
1077 4851 1272 4905 tabulis
1303 4850 1442 4904 haud
1468 4851 1838 4919 perfunctorie
1867 4854 1958 4908 sed
1986 4869 2103 4924 pro-

2207 4406 2425 4459 σκιώδει
2456 4409 2550 4461 καὶ
2576 4411 2634 4461 ἐν
2663 4409 2960 4480 γράμμασι
2991 4413 3142 4484 νόμῳ
3173 4416 3436 4485 κειμένῳ,
3469 4417 3568 4470 καὶ
3609 4418 3713 4470 πλσ
3727 4420 3780 4483 ξι

2205 4496 2443 4561 λιθίναις
2476 4501 2878 4572 χαρασσομένῳ
2913 4507 3365 4573 προσπταίοντες,
3397 4508 3468 4561 δι’
3497 4509 3558 4562 ὃν
3580 4511 3782 4578 γνόφος

2200 4587 2305 4652 ,καὶ
2333 4589 2525 4646 σκότος
2569 4591 2664 4644 καὶ
2693 4590 2912 4656 θύελλα,
2947 4596 3042 4647 καὶ
3077 4594 3204 4664 ὅρος
3229 4597 3656 4668 καπνιζόμενον.
3685 4603 3782 4652 καὶ

2209 4678 2506 4747 σάλπιγγες
2557 4681 2790 4752 φοϐερὸν
2834 4683 3170 4754 ἀπηχοῦσαι.
3229 4689 3326 4740 καὶ
3365 4689 3497 4752 τοὺς
3525 4689 3783 4752 ἀνιόντας

2206 4769 2629 4840 ἔκδειματοῦσαι
2656 4774 2751 4826 καὶ
2786 4773 3060 4843 ψαύοντας
3083 4792 3098 4806 ·
3125 4776 3243 4830 ἀλλ’
3273 4777 3425 4848 αὐτῷ
3448 4779 3674 4850 Χριστῷ
3701 4782 3784 4848 τῷ

2215 4859 2504 4932 νομοθέτῃ,
2534 4862 2628 4914 καὶ
2657 4862 2756 4934 τὴν
2800 4863 2929 4918 νέαν
2953 4865 3088 4934 ἡμῖν
3115 4866 3212 4918 καὶ⁵
3235 4865 3393 4920 θείαν
3417 4868 3783 4937 θεσμοθεσίαν

527 4943 692 4999 [unde
718 4945 1016 5015 impressae,
1049 4958 1168 5014 qua:
1191 4942 1609 4998 intellectualem
1637 4942 1896 4999 lsraelem
1921 4947 2090 5000 initial

2205 4949 2570 5017 ὲγκαινίζοντι
2636 4951 2830 5022 ἀνέδην
2891 4955 3400 5028 ἀντεπεξάγοντες,
3480 4960 3577 5014 καὶ
3632 4963 3784 5032 νόμῳ

601 5124 618 5156 ⁸
649 5123 785 5177 ϐιιιι.
825 5137 898 5185 xi,
932 5121 984 5176 7.
1059 5124 1078 5152 '
1109 5120 1256 5176 Psal.
1293 5137 1402 5188 Liv,
1444 5123 1528 5176 l0.
1605 5123 1625 5154 ³
1653 5120 1794 5176 Psal.
1819 5139 1894 5177 ι.ι.
1931 5123 1985 5190 6,
2021 5125 2072 5178 7.

2195 5125 2233 5179 ll
2271 5105 2412 5183 Τῇιι.
2448 5145 2511 5194 ιι,
2535 5130 2622 5184 l7.

600 5301 713 5374 (22)
738 5301 958 5374 Scilicet
987 5299 1138 5355 necis
1166 5299 1386 5354 Christo
1418 5300 1597 5374 i_l_lat:n.

598 5369 714 5441 (‘23)
749 5373 954 5439 Nempe
1004 5381 1131 5424 ante
1171 5381 1224 5424 et
1267 5379 1385 5438 post
1418 5369 1693 5425 Nirzenam
1725 5371 1891 5425 etiam
1931 5387 2100 5442 syno-

529 5445 658 5498 dum
690 5451 946 5497 renovata
979 5442 1457 5495 lconomacltorum
1490 5443 1734 5506 iuercsis,
1760 5451 1818 5494 ut
1843 5457 1940 5496 nos
1961 5443 2102 5496 dixi-

530 5529 650 5568 mus
675 5529 728 5579 p.
755 5513 808 5574 ί,
836 5512 890 5565 in
923 5514 1047 5564 adn.

598 5581 715 5656 (24)
745 5582 822 5637 lta
854 5582 1015 5640 lectio
1054 5581 1391 5638 communior
1421 5579 1607 5657 Grtcca
1643 5581 1686 5636 ll
1731 5579 1872 5636 Tim.
1924 5596 2005 5649 ill,
2037 5581 2092 5638 8.

2209 5307 2314 5385 _Se_d
2361 5309 2510 5362 multi
2555 5310 2718 5385 etiam
2766 5311 2939 5385 Graeci
2973 5322 3230 5385 auctores
3265 5318 3406 5385 apud
3442 5319 3784 5374 Scholtzium

2211 5379 2566 5456 Italient__ctun
2601 5381 2745 5450 vnlg.
2783 5381 2904 5456 Lat.
2941 5383 3248 5456 ﬁlamines,
3297 5379 3456 5456 unam
3490 5389 3785 5445 lectionem

2211 5463 2376 5516 penes
2401 5448 2626 5524 Grazcos
2642 5448 2857 5524 quoque
2879 5451 3046 5524 [uisse
3072 5448 3532 5524 antiquissimam,
3559 5461 3787 5511 denum-

2210 5527 2348 5572 strat
2383 5530 2562 5574 textus
2586 5519 2855 5578 Gutliicus
2889 5519 3244 5594 Ulphilauns',
3286 5527 3380 5596 qui
3410 5519 3530 5583 eam
3561 5532 3784 5588 retinet.
