4054 6204
371 326 500 394 565
1291 334 1858 398 APOLOGETICUS
1914 335 2065 398 PRO
2104 337 2207 398 SS.
2249 327 2750 400 IMAGINIBUS;
3524 333 3630 400 566

377 442 482 494 καὶ
509 439 690 514 πικρῷ
713 443 823 498 τῶν
853 443 1237 515 αίρετιζόντων
1267 446 1524 518 ῥεύματι,
1545 435 1608 502 τὸ
1631 443 1804 516 γλυκὺ
1857 450 1952 504 καὶ

2058 465 2244 506 amaro
2286 451 2667 506 haereticorum
2755 447 3204 514 rivulo,.dulccm
3260 445 3497 516 aliquam
3564 462 3633 502 ac

377 531 621 604 καθαρὸν
660 527 763 604 τῆς
801 535 1060 606 ἀληθείας
1103 539 1252 609 νᾶμα
1288 540 1787 610 παραμιγνύουσιν,
1816 543 1952 615 ὅπερ

2058 555 2246 610 puram
2267 539 2514 595 veritatis
2541 553 2736 594 venam
2783 538 3105 604 admiscent,
3143 551 3302 604 quam
3350 551 3462 590 rem
3485 535 3630 607 jam-

375 622 548 676 πάλαι
579 623 630 677 oi
677 627 842 679 κακοὶ
876 627 1112 696 κάπηλοι
1153 628 1246 682 τὸν
1290 624 1433 682 οἶνον
1479 629 1634 683 ὕδατι
1667 630 1952 700 μίσγοντες

2058 631 2149 686 diu
2213 631 2371 686 malis
2433 629 2766 699 cauponibus
2829 630 3012 683 vinum
3061 626 3633 696 aquzemiscentibus

372 712 726 778 ὀνειδίζονται
759 729 775 746 ⁸
807 718 904 770 καὶ
950 717 1058 771 τῶν
1091 718 1358 788 θεολόγων
1415 721 1675 798 Πατέρων
1709 721 1886 792 ἡμῶν,
1907 722 1952 776 οἳ

2058 725 2485 792 exprobrantes,
2554 737 2748 790 nempe
2810 719 3184 798 theologorum
3243 719 3465 773 Patrum
3499 709 3633 773 ‘no-

367 804 454 875 τῷ
495 805 686 877 κόσμῳ
715 807 778 862 τὺ
805 809 923 879 φῶς
953 811 1050 881 τῆς
1079 807 1337 882 ἀληθείας
1375 791 1742 883 ὲπύρσευσαν,
1771 814 1952 884 ῥήσεις

2058 823 2317 880 strorum,
2373 813 2466 884 qui
2516 813 2724 866 mundo
2768 810 2940 866 facem
2998 810 3245 866 veritatis
3293 810 3626 874 extulerunt,

368 895 528 959 τινὰς
569 897 666 950 τοῦ
703 898 826 952 ὅλου
857 901 1113 969 σώματος
1153 901 1262 954 τῶν
1297 901 1500 973 βίϐλων
1532 903 1952 974 ἀποσπαράξαν-

2058 905 2322 960 dictiones
2348 887 2608 974 quasdam
2643 917 2708 958 ex
2761 915 2876 958 toto
2905 903 3170 957 librorqu
3203 915 3432 971 corpore
3473 898 3630 954 avni-

368 1000 490 1048 τες,
527 988 597 1058 τῇ
644 987 874 1042 ἐκείνων
912 991 1440 1062 συγκατηρίθμησαν
1495 993 1672 1064 πλάνῃ
1705 1009 1718 1024 ·
1748 991 1781 1064 ἢ
1835 992 1952 1048 οὐδὲ

2058 1013 2168 1056 sas.
2188 995 2287 1052 suo
2318 997 2665 1051 inseruerunt
2688 995 2886 1050 errori.
2917 993 2985 1050 Et
3014 995 3132 1050 sive
3181 1009 3288 1048 non
3317 992 3626 1062 intelligen-

368 1079 622 1130 συνεῖναι
641 1078 784 1148 τάχα
813 1079 1251 1153 ίσχύσαντεςτὴν
1272 1083 1603 1154 ὲγκειμένην
1629 1087 1741 1148 τοῖς
1777 1085 1952 1154 λόγοις

2059 1099 2141 1144 tes
2168 1085 2402 1142 fortasse
2430 1087 2763 1143 dictionibus
2793 1086 2898 1142 illis
2937 1086 3158 1142 insitum
3183 1100 3426 1150 sensum,
3451 1099 3632 1154 quan-

365 1166 643 1232 ϐιάνοιαν,
670 1169 836 1240 ἡνίκα
866 1171 966 1242 τὴν
994 1172 1314 1244 λήμην’τῶν
1343 1175 1442 1247 τῆς
1469 1175 1649 1246 ψυχῆς
1687 1175 1952 1246 ὀμμάτων

2059 1185 2345 1254 doquidem
2374 1181 2750 1253 lippitudinem
2768 1180 2942 1236 oculis
2966 1181 3282 1248 abstergere
3305 1178 3619 1240 uoluerunt,

369 1259 837 1332 ἀποκαθήρασθαι
901 1263 962 1316 οὐ
1020 1266 1420 1338 προείλοντο,ἢ
1468 1267 1612 1321 κατὰ
1649 1268 1710 1321 τὸ
1755 1267 1952 1322 δοκοῦν

2058 1279 2171 1334 sive
2187 1295 2340 1333 suam
2363 1287 2416 1333 et
2441 1276 2787 1348 deceptorum
2808 1291 2838 1331 a
2855 1291 2915 1330 se
2939 1274 3326 1344 discipulorum
3345 1272 3630 1329 exitiosam

373 1351 466 1404 ἐπ’
508 1353 758 1426 ἀπωλείᾳ
785 1355 994 1410 ἑαυτῶν
1014 1374 1074 1410 τε
1103 1359 1198 1412 καὶ
1230 1359 1336 1412 τῶν
1361 1361 1763 1432 ἀπατωμένων,
1781 1361 1952 1416 ταῦτα

2059 1369 2381 1426 sententiam
2413 1378 2732 1438 sequentes,
2769 1367 2884 1422 [nec
2907 1365 3248 1420 insinuantes
3269 1372 3324 1419 et
3347 1363 3628 1420 docentes.

372 1445 769 1518 προϊσχόμενοι
796 1466 854 1502 τε
885 1451 978 1504 καὶ
1008 1451 1506 1524 παρεξηγούμενοι,
1540 1455 1636 1508 τὸν
1677 1454 1838 1525 λύγον
1857 1455 1952 1526 τῆς

2059 1463 2220 1515 hamo
2243 1475 2426 1515 escam
2470 1435 2776 1528 imponunt,
2811 1465 2868 1509 ut
2902 1469 3255 1525 personarum
3309 1453 3634 1508 auctoritate
3717 1435 3724 1448 ’

369 1537 636 1606 ἀληθείας
691 1541 907 1595 ϐολοῦσι
945 1543 1042 1599 καὶ
1085 1546 1496 1617 καπηλεύουσι,
1536 1547 1616 1619 τῷ
1663 1547 1850 1621 χαλκῷ
1892 1549 1952 1604 τὸ

2059 1553 2418 1624 simpliciores
2435 1551 2626 1607 illusos
2641 1534 2694 1606 i'n
2718 1559 3090 1605 transversum
3111 1555 3270 1618 agant
3289 1547 3379 1602 isti
3400 1560 3628 1607 scurra.

367 1627 570 1702 δέλεαρ
637 1632 1110 1705 ὲνσκευασάμενοι
1140 1677 1155 1702 ,
1201 1638 1288 1690 ἵνα
1349 1638 1428 1708 τῷ
1485 1639 1784 1710 ἀξιοπίστῳ
1849 1641 1959 1695 τῶν

370 1721 728 1792 προσώπων,
777 1727 908 1789 τοὺς
957 1728 1364 1802 ἁπλουστέρους
1417 1731 1527 1784 τῶν
1591 1732 1958 1802 ἀκροωμένων

369 1807 763 1881 βουκολοῦντες
819 1819 868 1870 οἱ
914 1817 1219 1890 βωμολόχοι
1269 1823 1686 1892 ἐπαγάγωνται,
1740 1824 1818 1894 τῷ
1866 1841 1958 1878 κε-

2059 1644 2273 1701 occulto
2333 1642 2632 1711 impietatis
2683 1640 2810 1696 dolo
2873 1639 3134 1694 conlisos.
3165 1636 3288 1692 Illas
3335 1638 3628 1706 cazteroqui

2060 1735 2280 1790 Patrum
2323 1731 2644 1795 sententias,
2686 1746 2806 1801 quae
2829 1730 2998 1796 clare,
3029 1739 3084 1785 et
3123 1739 3276 1784 extra
3305 1739 3629 1782 controver-

2063 1823 2224 1886 siam,
2251 1832 2410 1890 atquc
2439 1821 2678 1874 omnium
2712 1819 3003 1874 intellectui
3052 1829 3260 1887 patent,
3295 1828 3542 1872 reserent
3577 1829 3628 1868 ct

1992 1789 2032 1846 Β

367 1909 682 1976 κρυμμὲνῳ
733 1907 874 1979 δόλῳ
916 1912 1016 1981 τῆς
1053 1913 1314 1977 ἀσεϐείας
1363 1917 1773 1987 περιπαρέντας
1809 1931 1825 1946 ⁸
1859 1919 1957 1983 τὰς

363 1996 428 2049 δὲ
457 1999 732 2078 ἐμφανῶς
770 2003 866 2056 καὶ
900 2005 1244 2077 ἀντιῤῥήτως
1285 2010 1377 2061 καὶ
1410 2011 1489 2072 εἰς
1517 2009 1718 2077 γνῶσιν
1747 2009 1954 2064 ἅπασιν

363 2091 707 2160 ὲκκειμένας
771 2095 1118 2164 περιξέοντες
1175 2101 1271 2152 καὶ
1321 2103 1756 2172 περιγράφοντες
1790 2144 1805 2166 ι
1857 2103 1953 2157 καὶ

361 2182 480 2242 τοῖς
493 2182 578 2244 είς
598 2188 793 2253 πεῖραν
809 2186 990 2238 αὐτῶν
1013 2189 1228 2258 ἀχθεῖσι
1244 2190 1431 2255 δολίως
1449 2185 1950 2264 ἀποκρυπτόμενοι,

361 2271 408 2324 ὦ
441 2273 552 2337 τῆς
583 2274 912 2343 τυφλώσεως
939 2280 952 2332 i
985 2279 1030 2332 ὢ
1057 2281 1156 2351 τῆς
1187 2282 1501 2352 πωρώσεως
1526 2284 1540 2336 i
1570 2285 1671 2336 ούκ
1707 2284 1953 2352 ἔγνωσαν

361 2363 485 2416 οὐδὲ
522 2367 775 2436 συνῆκαν
801 2385 816 2398 ·
845 2368 934 2422 διὰ
962 2370 1119 2426 τοῦτο
1139 2375 1198 2426 ἐν
1223 2373 1402 2446 σκότῳ
1433 2373 1588 2444 βαθεῖ
1607 2375 1954 2447 διαπορεύον-

2063 1913 2538 1977 circumscribunt,
2567 1920 2621 1968 et
2647 1912 2713 1968 iis
2744 1913 2836 1982 qui
2863 1928 3048 1966 secum
3072 1920 3433 1966 consuescunt
3477 1907 3629 1963 frau—

2063 2004 2312 2059 dulenter
2362 2001 2658 2066 occultant,
2707 2019 2740 2054 ο
2796 2003 3132 2057 cmcitatem!
3167 2017 3200 2055 ο
3246 2000 3441 2054 mentis
3503 1999 3630 2054 caii-

2061 2100 2237 2161 giuem
2265 2098 2278 2152 !
2315 2111 2488 2166 neque
2531 2097 2663 2164 quid
2711 2103 2877 2164 agant
2904 2094 3145 2148 srutiuut
3175 2103 3268 2146 aut
3297 2091 3623 2160 intelligunt.

2019 2210 2036 2220 ”
2061 2191 2270 2244 Idcirco
2302 2191 2352 2244 in
2383 2187 2668 2258 profundis
2697 2197 2996 2258 versantur
3043 2183 3308 2246 tenebris,
3334 2198 3512 2253 neque
3559 2184 3629 2239 ad

2058 2282 2308 2338 veritatis
2337 2281 2676 2350 splendorem
2711 2280 2983 2350 respicere
3011 2280 3214 2332 volant.
3241 2276 3298 2332 Si
3342 2277 3488 2331 enim
3533 2289 3630 2332 no-

2059 2377 2290 2440 vissent,
2322 2389 2594 2444 nunquam
2625 2372 2911 2426 Dominum
2945 2369 3128 2442 gloria:
3147 2369 3626 2436 contempsiSsent.

360 2469 471 2516 ται.
497 2455 598 2509 καὶ
617 2457 757 2528 πρὸς
777 2459 878 2523 τὰς
907 2462 1080 2531 αὐγὰς
1103 2465 1204 2534 τῆς
1234 2465 1494 2538 ἀληθείας
1547 2467 1849 2538 ἀναϐλέψαι
1894 2469 1956 2522 οὐ
1993 2468 2273 2540 βούλονται
2299 2482 2313 2497 ·
2348 2468 2398 2519 εί
2442 2465 2552 2536 γὰρ
2619 2463 2885 2532 ἔγνωσαν,
2943 2463 3042 2516 οὐκ
3077 2461 3142 2516 ἂν
3175 2461 3267 2515 τὸν
3298 2459 3506 2532 Κύριον
3531 2458 3632 2528 τῆς

358 2546 524 2616 δόξης
549 2549 932 2621 ἐξουθένησαν.

433 2641 524 2694 ιδ’.
561 2643 627 2696 Τί
656 2643 867 2698 τούτων
890 2644 997 2699 τῶν
1047 2647 1467 2720 ἐγχειρημάτων
1497 2647 1880 2720 χαλεπώτερον
1911 2649 1952 2721 ἢ

361 2729 818 2806 βλαϐερώτερονς
850 2736 914 2790 Τί
937 2737 1144 2810 ταύτης
1170 2740 1272 2810 τῆς
1333 2741 1654 2814 διαιρέσεως
1683 2741 1948 2814 δυσαχθέ-

361 2843 580 2896 στερον,
611 2828 645 2898 ἢ
694 2829 1112 2901 ἀπηχέστερον;
1153 2831 1329 2885 Πάλαι
1387 2828 1571 2896 καλῶς
1621 2833 1950 2904 τεθνηκυῖαν

360 2916 607 2989 αἵρεσιν,
643 2919 738 2970 καὶ
762 2917 996 2991 φροῦδον
1028 2923 1091 2974 ὲκ
1124 2922 1224 2992 τῆς
1254 2922 1366 2976 τῶν
1395 2924 1743 2995 Χριστιανῶν
1770 2925 1948 2994 γλώσ-

362 3025 464 3079 σης
501 3011 884 3082 γεγενημένην
913 3012 1009 3066 νῦν
1037 3013 1418 3085 ἀναζωπυρεῖν
1465 3016 1558 3069 καὶ
1583 3015 1873 3086 τεθηλέναι
1901 3017 1952 3070 οἱ

2127 2650 2215 2704 Η.
2274 2647 2412 2716 Quid
2465 2647 2548 2702 his
2591 2646 2812 2700 ausibus
2865 2645 3102 2700 atrocius
3143 2653 3242 2699 aut
3307 2643 3631 2700 nocentius?

2055 2737 2193 2804 Quid
2221 2738 2321 2792 bac
2348 2737 2655 2792 secessione
2711 2736 2974 2807 ingratius
3013 2744 3106 2788 aut
3155 2731 3632 2789 absurdiusﬂlae-

2059 2831 2220 2886 resim
2251 2830 2511 2901 prmclarc
2551 2830 2678 2883 olim
2705 2829 3054 2891 exstinctam,
3080 2837 3242 2896 atque
3291 2841 3320 2880 ο
3359 2825 3630 2881 Christia-

2057 2938 2250 2977 norum
2281 2923 2480 2989 linguis
2514 2935 2819 2986 excussam,
2858 2935 2998 2973 nunc
3047 2920 3242 2973 iterum
3303 2917 3628 2972 inﬂammari

2060 3032 2122 3071 ac
2160 3015 2426 3086 pullulare
2458 3023 2656 3085 cogunt
2683 3033 2696 3069 :
2727 3014 2778 3067 id
2811 3014 2954 3066 enim
2996 3013 3144 3066 omni
3186 3027 3290 3084 ope
3319 3024 3630 3084 conatuque

363 3102 724 3173 παράφρονες
787 3101 1176 3167 ἐκϐιάζονται·
1226 3105 1400 3160 τοῦτο·
1441 3107 1550 3178 γὰρ
1611 3105 1784 3179 αὐτῆς
1841 3111 1952 3172 τοῖς

2061 3105 2359 3160 moliuntur
2398 3106 2514 3174 ejus
2547 3105 2846 3170 ’studiosi;
2902 3114 3068 3174 atque
3123 3104 3345 3160 inimico
3401 3105 3630 3162 dmmoni

364 3194 739 3258 σπουδασταῖς
797 3195 960 3266 ἔργον
1024 3205 1088 3250 τέ
1146 3197 1242 3251 καὶ
1323 3196 1654 3270 ἀγώνισμα·
1711 3201 1804 3254 καὶ
1875 3199 1955 3271 τῷ

363 3284 556 3356 ιχθρῷ
598 3286 836 3356 πάροδον
883 3289 982 3354 τῆς
1029 3287 1155 3342 καθ’
1193 3289 1352 3360 ἡμῶν
1391 3289 1657 3362 ἐπηρείας
1697 3289 1954 3357 διδόασιν,

366 3377 450 3430 ῖνα
493 3377 665 3448 εόπερ
727 3379 898 3432 πάλαι
957 3380 1282 3451 συμμάχους
1357 3380 1454 3434 καὶ
1511 3381 1788 3452 ὑπηρέτας
1856 3385 1954 3452 τῆς

364 3468 572 3522 ἑαυτοῦ
617 3470 816 3534 κακίας
875 3472 1125 3542 εὑρηκὼς
1184 3465 1510 3539 ἀπετέλεσε,
1544 3471 1648 3527 κᾶν
1701 3472 1792 3526 διὰ
1845 3471 1956 3526 τῶν

363 3559 816 3628 σταυρωσεῑωτων
861 3561 958 3614 τὸν
1015 3561 1223 3632 Κύριον
1282 3562 1508 3631 ποιῆσαι
1571 3563 1672 3616 οὐκ
1725 3564 1950 3632 ῐσχυσε,

361 3648 534 3701 τοῦτο
581 3648 669 3718 ἐφ’
701 3651 859 3720 ἡμῶν
901 3650 1080 3704 αὐτῶν
1111 3653 1498 3724 ἀπεργάσηται
1526 3668 1540 3682 ⁸
1577 3653 1682 3724 ἠδη
1713 3654 1828 3725 γὰρ
1860 3654 1954 3706 καὶ

364 3741 470 3794 νῦν
497 3743 525 3794 6
551 3741 762 3796 ἀνωθεν
789 3741 883 3796 καὶ
907 3742 978 3796 δι’
1009 3742 1134 3796 ὅλου
1168 3743 1245 3814 τῷ
1274 3744 1443 3814 τιμίῳ
1467 3745 1663 3814 αἵματι
1712 3745 1952 3834 Χρισὲοδ

366 3832 757 3904 ὲξυερασμένος
803 3833 970 3904 χιτὼν
999 3837 1440 3906 περιρρήγνυται
1497 3837 1593 3890 καὶ
1639 3832 1948 3908 μερίζεται,

367 3924 560 3978 καὶτὸ
601 3924 892 3993 κράτιστον
931 3925 1040 3978 τῶν
1075 3927 1133 3978 ὲν
1166 3926 1300 3996 ἡμῖν
1327 3925 1535 3985 καλῶν,
1559 3927 1593 3997 ἡ
1615 3927 1812 4002 εἰρήνη
1860 3926 1954 3978 καὶ

361 4017 620 4085 ὁμόνοια,
653 4015 877 4070 λέλυται
917 4016 1012 4069 καὶ
1040 4016 1285 4071 διόλωλε.
1315 4017 1500 4070 Δεινδν
1534 4019 1632 4086 μὲν
1666 4018 1733 4070 τὰ
1784 4017 1952 4071 πάλαι

370 4106 742 4178 ἱστορούμενά
785 4126 846 4162 τε
892 4109 990 4162 καὶ
1039 4108 1367 4178 ἀκουόμενα,
1400 4112 1432 4178 ἡ
1477 4107 1728 4179 βασιλεία
1787 4109 1954 4162 Δαϐὶδ

367 4200 498 4254 καθ’
553 4201 757 4268 ἑαυτὴν
811 4199 1143 4269 μεριζομένη
1189 4201 1284 4252 καὶ
1339 4199 1658 4270 σχιζομένη.
1698 4201 1794 4254 καὶ
1845 4200 1954 4253 τῶν

369 4293 560 4360 1φυλῶν
609 4294 643 4362 ἡ
678 4291 981 4354 διάστασις,
1035 4289 1336 4362 θρασύτητι
1389 4292 1482 4344 καὶ
1542 4292 1816 4362 αὑστηρίᾳ
1855 4290 1952 4344 τοῦ

372 4383 604 4452 ἐκγόνου
654 4383 1027 4452 γεγενημένη,
1072 4383 1170 4436 καὶ
1221 4383 1440 4455 Ἰσραὴλ
1491 4383 1813 4454 ἀποτρέχων
1872 4385 1954 4448 είς

2063 3199 2202 3251 viam
2235 3199 2302 3252 ad
2329 3214 2426 3250 nos
2454 3197 2802 3266 decipiendos
2831 3195 3103 3261 muniunt,
3123 3205 3183 3249 ut
3214 3196 3314 3250 hos
3348 3195 3440 3250 ille
3485 3197 3636 3253 sicut.

2061 3290 2189 3344 olim
2220 3291 2495 3359 adjutores
2548 3289 2936 3358 ministrosque
2987 3290 3206 3343 malitia:
3249 3305 3367 3342 sua:
3419 3297 3630 3352 nactus,

2061 3384 2202 3454 quod
2238 3399 2334 3452 per
2364 3381 2571 3435 Domini
2605 3381 2958 3436 crucili’xorcs
2988 3381 3168 3436 facere
3217 3393 3320 3434 nun
3361 3381 3556 3448 potuit,
3581 3381 3632 3432 id

2063 3472 2203 3542 apud
2238 3490 2336 3525 nos
2385 3483 2740 3540 exsequatur.
2791 3471 2930 3524 Ecce
2972 3470 3115 3524 enim
3173 3469 3354 3524 tunica
3393 3473 3635 3539 pretioso

2061 3563 2258 3620 Christi
2287 3563 2549 3632 Sanguine.
2599 3577 2626 3613 a
2661 3563 2864 3614 vertice
2895 3561 2959 3613 ad
3001 3561 3166 3614 imum
3193 3569 3445 3615 contexta
3481 3562 3632 3616 lace-

2065 3664 2214 3707 ratur
2251 3667 2311 3704 ac
2355 3651 2641 3712 scinditur,
2677 3658 2728 3701 ct
2757 3649 2900 3717 quod
2935 3648 3200 3716 optimum
3229 3648 3497 3701 bonorum
3529 3663 3630 3700 uo-

2061 3747 2457 3800 strorum,c.~t,
2503 3754 2603 3808 pax
2657 3747 2712 3792 et
2763 3738 3425 3794 concordia'dissolvitur
3471 3749 3634 3808 atque

2061 3835 2219 3902 perit.
2240 3834 2436 3888 Gravia
2466 3833 2682 3902 quidem
2716 3847 2780 3887 ea
2816 3842 2944 3888 sunt
2983 3848 3103 3902 quae
3131 3833 3184 3888 in
3219 3833 3415 3904 priscis
3448 3833 3630 3887 ferun-

2063 3936 2150 3976 tur
2214 3925 2480 3983 historiis,
2511 3939 2734 3991 regnum
2785 3924 3038 3978 videlicet
3087 3924 3630 3980 Davidisincontra-

2059 4019 2169 4070 rius
2204 4029 2385 4084 partes
2429 4017 2679 4084 divisum,
2717 4018 2954 4071 tribuum
3000 4018 3261 4085 secessio,
3305 4019 3462 4088 cujus
3497 4019 3629 4072 dura

2062 4109 2278 4175 nepotis
2301 4110 2593 4162 austeritas
2619 4125 2782 4162 causa
2815 4108 2919 4162 fuit
2957 4108 3125 4164 Israel
3155 4111 3220 4164 ad
3275 4125 3371 4163 sua
3401 4111 3635 4180 quisque

2063 4199 2406 4254 tabernacula
2461 4210 2608 4252 retro
2651 4200 2870 4262 cedens,
2897 4197 3186 4254 Jeroboam
3237 4214 3360 4254 cum
3414 4210 3634 4268 δαίνυ-ο

2061 4286 2318 4354 fainulus,
2343 4286 2562 4344 rebellis
2583 4288 2864 4357 insperato
2882 4304 3103 4358 prorsus
3125 4289 3178 4342 in
3203 4287 3398 4342 throno
3415 4289 3634 4352 sedens,

2060 4381 2306 4450 opposita
2391 4379 2782 4452 Hierosolymis
2829 4379 3108 4446 Samaria,
3167 4380 3313 4435 unde
3367 4379 3630 4433 malorum

371 4476 442 4528 τὰ
503 4475 698 4528 ἑαυτοῦ
755 4475 1096 4546 σκηνώματα
1129 4517 1144 4541 ,
1205 4477 1300 4528 καὶ
1371 4474 1654 4545 Ἰεροϐοάμ
1733 4476 1792 4528 ὲν
1821 4475 1952 4546 σκή-

2061 4473 2235 4542 origo,
2261 4481 2315 4525 et
2361 4471 2591 4540 populus
2621 4473 2851 4526 adorare
2878 4481 3189 4526 creaturam
3226 4485 3337 4541 pra:
3369 4468 3632 4525 Creatore

373 4583 569 4638 πτροις
617 4569 645 4620 6
681 4567 866 4632 δοῦλος
900 4568 993 4620 καὶ
1028 4567 1344 4638 ἀποστάτης
1371 4565 1836 4638 ὲνθρονιζόμενος,
1889 4566 1953 4620 τὸ

374 4658 812 4729 παραδοξότατον
847 4677 862 4692 ο
929 4660 1026 4713 καὶ
1083 4661 1183 4730 τῆς
1257 4659 1614 4730 Ἰερουσαλὴμ
1682 4659 1948 4712 ἀντιδιαι-

377 4751 615 4818 ρουμένη
677 4749 962 4822 Σαμάρεια
993 4789 1008 4813 ,
1045 4749 1168 4803 ὅθεν
1227 4749 1338 4803 τῶν
1404 4750 1589 4805 κακῶν
1654 4751 1687 4820 ἡ
1745 4749 1952 4820 κρηπὶς

375 4841 798 4912 καταϐέϐληται,
827 4843 924 4896 καὶ
959 4843 988 4894 6
1022 4841 1150 4904 λαὸς
1195 4841 1672 4912 ἀναπεπεισμένος
1703 4857 1949 4912 προσκυ-

374 4935 569 5006 νεῖντῇ
606 4933 784 4987 κτίσει
813 4933 966 5005 παρά
991 4933 1084 4986 τὸν
1115 4933 1410 5000 κτίσαντα,
1443 4935 1536 4988 ἐπὶ
1584 4933 1684 5005 τὴν
1731 4933 1949 4988 εἰδωλο-

377 5028 576 5093 μανίαν
621 5026 800 5088 ἀθέως
859 5026 1549 5097 ὲξεκυλίσθη’δεινότερον
1605 5027 1662 5079 δὲ
1733 5027 1802 5081 τὰ
1852 5025 1950 5080 νῦν

374 5101 674 5188 τελούμενα
704 5118 800 5171 καὶ
819 5116 1093 5188 ὁρώμενα,
1113 5118 1306 5171 ὲπείπε
1315 5135 1348 5188 ρ
1371 5120 1403 5187 ἡ
1439 5117 1675 5188 Χριστοῦ
1703 5117 1950 5188 βασίλεία

377 5209 633 5280 τέμνεται
661 5212 756 5265 καὶ
786 5212 1076 5275 διίσταται,
1107 5212 1200 5264 καὶ
1223 5210 1294 5264 τά
1327 5211 1464 5280 μέλη
1523 5209 1618 5263 τοῦ
1648 5209 1790 5264 κατά
1815 5210 1949 5280 Χρι-

379 5303 502 5356 στὸν
541 5301 795 5373 σώματος
822 5302 917 5356 καὶ
949 5302 1050 5372 τῆς
1093 5301 1264 5370 αὐτῆς
1314 5299 1578 5369 κεφαλῆς,
1601 5299 1725 5352 καθ’
1781 5300 1953 5354 ἑαυτά

375 5393 768 5462 διαστασιάζει,
803 5396 898 5450 καὶ
926 5395 986 5449 τὸ
1033 5394 1210 5460 ἔθνος
1238 5393 1304 5448 τὸ
1327 5393 1516 5462 ἅγιον,
1547 5393 1608 5447 τὸ
1631 5394 1957 5458 ,ϐασίλειον

377 5489 710 5558 ἱεράτευμα,
725 5489 756 5540 6
770 5486 920 5554 λαὸς
939 5488 968 5540 6
985 5489 1073 5552 εις
1089 5486 1474 5554 περιποίησιν
1495 5485 1838 5554 ἐξαγγέλλειν
1853 5483 1956 5548 τάς

381 5580 528 5644 θείας
542 5582 744 5652 ἀρετάς
777 5579 1118 5652 κατάχρεως,
1150 5580 1240 5632 καὶ
1260 5577 1324 5632 τὸ
1356 5577 1644 5648 μεγαλεῖον
1665 5575 1762 5645 τῆς
1804 5575 1955 5639 θείας

459 5735 500 5767 ιδ
528 5733 548 5788 l
581 5734 731 5791 Petr.
764 5747 826 5802 ιι,
890 5733 940 5790 9.

2061 4565 2310 4630 edoctus,
2340 4574 2501 4634 atque
2533 4565 2598 4617 ad
2626 4578 2884 4617 vesanum
2926 4561 3188 4618 idolorum
3231 4577 3475 4618 amorem
3527 4563 3631 4615 im-

2057 4657 2143 4726 pie
2176 4656 2487 4711 devolutus.
2515 4657 2768 4710 Attamen
2793 4653 3042 4726 graviora
3073 4662 3199 4708 sunt
3225 4668 3348 4723 qua:
3373 4668 3513 4707 nunc
3533 4669 3629 4722 pu-

2059 4750 2191 4806 trari
2226 4751 2494 4804 videmus.
2529 4747 2661 4802 Nam
2711 4747 2915 4803 Christi
2944 4761 3170 4816 regnum
3204 4747 3256 4800 in
3305 4755 3488 4816 partes
3516 4747 3626 4800 abit

2055 4842 2344 4898 discissum
2367 4857 2385 4908 ;
2413 4842 2653 4894 membra
2690 4841 2951 4892 adversus
2979 4837 3137 4908 162
3163 4837 3364 4893 Christi
3411 4852 3628 4908 corpus,

2054 4933 2164 4987 imo
2196 4942 2384 4988 contra
2411 4932 2586 5001 ipsum
2637 4939 2798 4996 caput
2845 4929 3167 4983 seditionem
3202 4932 3378 4997 cient;
3405 4941 3460 4984 et
3503 4945 3652 5001 gens,

2051 5035 2258 5090 sancta,
2285 5023 2460 5093 regule
2493 5022 2868 5086 sacerdotium,
2891 5023 3115 5091 populus
3159 5023 3534 5094 acquisitimiis
3557 5021 3622 5085 “,
3646 5021 3650 5052 ⁵

2054 5115 2146 5170 Dei
2180 5114 2538 5186 praedicanda)
2569 5113 2822 5182 potentia:
2847 5115 3180 5180 destinatus;
3198 5124 3252 5169 et
3297 5130 3493 5185 inagno
3539 5093 3651 5168 di-l

2054 5210 2192 5258 vina:
2242 5202 2562 5257 teconomiat
2608 5201 2758 5270 operi
2823 5201 2970 5256 clara
3055 5202 3438 5270 resouantique
3493 5213 3625 5253 voce

2055 5293 2863 5368 proclamando,libertatisque
2899 5309 2964 5350 ac
3016 5292 3410 5361 redemptionis
3463 5289 3626 5345 bene.

2057 5391 2181 5445 licio
2209 5387 2536 5454 conlitendo,
2569 5405 2710 5445 nunc
2737 5391 2790 5444 in
2818 5388 3155 5448 contrarium
3187 5399 3376 5444 versus
3399 5397 3624 5451 magna-

2056 5499 2158 5549 que
2189 5496 2251 5535 es
2291 5491 2445 5552 parte
2469 5499 2497 5534 a
2529 5482 2745 5538 malitia:
2773 5480 3034 5536 ministris
3068 5478 3304 5542 illectus,
3330 5475 3479 5531 nulla
3517 5478 3617 5532 uti-

2055 5575 2204 5630 litate
2229 5583 2451 5642 auctns,
2487 5586 2537 5632 ct
2568 5585 2853 5645 postquam
2903 5569 3089 5627 Oriens
3126 5584 3194 5624 ea:
3249 5568 3359 5625 alto
3379 5582 3504 5626 eum
3538 5569 3622 5623 vi-
