4054 6204
249 298 374 363 ιον»

1203 297 1774 364 APOLOGETICUS
1822 303 1974 365 PRO
2013 303 2117 365 SS.
2160 303 2645 368 IMAGINIBUS.

3347 323 3360 334 ‘
3408 314 3514 378 570

244 407 361 466 εἶτα
395 408 805 479 κατεγνωκότες
835 409 1016 484 αὐτῶν
1043 408 1143 480 τῆς
1177 411 1408 482 σκηνῆς,
1443 413 1540 466 καὶ
1583 411 1680 483 τὴν
1729 429 1828 466 πε-

1942 411 2139 466 tionem
2176 415 2316 480 apud
2365 427 2460 469 eos
2525 413 2704 470 facere
2765 415 3059 485 noluerint,
3088 421 3514 490 eorumdemque

243 500 778 572 πλαστουργημὲνην
817 499 1198 571 είκαιομυθίαν
1225 500 1303 564 ὼς
1337 501 1497 556 ὕθλον
1554 501 1836 572 βδελυττό-

246 608 422 662 μενοι,
453 589 594 645 οὕτω
621 591 722 662 μὲν
762 592 863 660 τῆς
890 589 987 644 τοῦ
1022 590 1196 644 κακοῦ
1223 594 1396 662 φορᾶς
1439 593 1540 646 οὐκ
1567 593 1830 657 ἀνίενται,

241 684 382 737 ἀλλὰ
435 683 526 738 διὰ
571 683 675 752 τῆς
725 681 952 754 πρώτης
1005 683 1202 754 πείρας
1251 683 1428 752 λόγων
1479 683 1833 754 πιθανότησιν

244 775 637 839 ύποσαίνοντες
687 777 737 828 oi
803 775 1206 844 ἐπηρεάζοντες
1269 775 1366 828 καὶ
1436 774 1777 838 θωπεύοντες
1813 813 1830 838 ,

239 868 466 940 δωρεῶν
484 884 542 921 τε
574 867 840 920 πλείστων
859 867 1218 936 ὑποσχέσεσιν
1239 865 1599 940 ὑποκλεπτειν
1623 867 1834 935 ἐπιχει-

246 939 426 1029 ροῦσι,
467 959 560 1011 καὶ
582 956 688 1026 πρό
711 973 775 1025 γε
809 955 918 1010 τῶν
942 955 1118 1010 ἄλλων
1143 939 1532 1027 χειρογραφεῖν
1557 954 1656 1026 τὴν
1699 954 1834 1007 ἀσέ-

243 1055 401 1104 εειαν
454 1051 520 1103 τὸ
575 1049 738 1102 πλέον
788 1047 1196 1118 ἐκϐιαζόμενοι,
1251 1049 1345 1102 καὶ
1398 1048 1467 1100 τὰ
1517 1046 1731 1118 χρηστὰ
1774 1047 1833 1100 ὲν

242 1141 610 1210 ἐπαγγελίαις
645 1139 780 1212 ὁμοῦ
809 1141 902 1194 καὶ
929 1140 999 1194 τὰ
1047 1141 1285 1210 δυσχερῆ
1317 1141 1375 1190 ἐν
1415 1140 1666 1200 ἀπειλαῖς
1716 1137 1830 1190 κεί-

245 1251 408 1304 μενα,
430 1234 694 1303 ὁπότερον
729 1233 796 1285 ἂν
810 1231 1016 1284 τούτων
1050 1247 1136 1294 τις
1157 1229 1332 1282 ἕλοιτο
1355 1247 1368 1260 ·
1401 1228 1568 1300 ἡνίκα
1595 1229 1642 1281 δ’
1669 1228 1734 1282 ἂν
1773 1228 1833 1281 τὺ

244 1325 466 1396 ἑδραῖον
524 1308 631 1379 καὶ⁵
663 1323 898 1395 βεϐηκὸς
941 1323 1042 1392 τῆς
1092 1323 1330 1383 πίστεως
1379 1319 1562 1384 ἴδοιεν.
1593 1322 1691 1373 καὶ
1751 1321 1827 1382 ὡς

242 1419 395 1472 οὐδὲν
446 1418 560 1471 τῶν
608 1417 749 1471 κατά
798 1414 1024 1486 γνώμην
1075 1412 1334 1467 ἀνύσειαν
1365 1452 1379 1476 ,
1427 1412 1520 1464 ἐπὶ
1577 1411 1676 1473 τὰς
1725 1409 1833 1463 τῶν

245 1509 602 1582 βεϐιωμένων
671 1507 898 1578 ὲρεύνας
957 1505 1217 1576 χωροῦσι,
1259 1501 1562 1572 γράρονταί
1623 1519 1684 1554 τε
1735 1502 1832 1554 αὺ-

241 1602 368 1664 τοὺς
397 1599 816 1669 ὲπικλημάτων,
849 1597 884 1650 ἃ
918 1597 1054 1668 μηδὲ
1101 1598 1237 1666 ἀκοῇ
1263 1595 1312 1648 οἱ
1337 1593 1832 1664 συκοφαντούμενοι

242 1691 616 1764 παρεδέξαντο
638 1689 860 1743 πώποτε
881 1705 895 1720 ·
925 1690 1020 1742 καὶ
1042 1689 1143 1742 οὐκ
1171 1691 1229 1741 ὲν
1267 1687 1480 1745 ἐλπίσιν
1509 1687 1588 1740 ἔτι
1621 1685 1827 1748 λοιπὸν,

389 1785 456 1836 ἐν
488 1782 656 1854 πείρᾳ
675 1780 745 1834 τά
777 1780 931 1834 δεινά.
962 1795 977 1812 ο
1017 1779 1078 1832 τὸ
1102 1778 1353 1832 ἐντεῦθεν
1394 1780 1503 1849 γὰρ
1531 1777 1705 1846 δεσμὰ
1738 1776 1832 1830 καὶ
1864 1758 1905 1812 Β

242 1869 490 1941 φρουραὶ
545 1867 932 1938 χαλεπώταται
984 1867 1366 1938 διαδέχονται,
1418 1867 1567 1937 λιμοί
1628 1883 1687 1918 τε
1739 1867 1833 1920 καὶ

240 1959 412 2013 δειναὶ
460 1957 826 2012 κακοπάθειαι
860 1974 876 1988 ο
917 1958 1024 2010 εἰσὶ
1052 1956 1109 2009 δὲ
1141 1956 1190 2010 οἳ
1219 1959 1314 2010 καὶ
1341 1957 1572 2026 πληγαῖς
1603 1956 1668 2009 τὰ
1690 1956 1834 2010 νῶτα

242 2052 684 2120 καταξεόμενοι,
761 2050 856 2102 καὶ
903 2050 961 2102 ού
1025 2051 1251 2120 μικραῖς
1315 2049 1520 2112 αἰκίαις
1597 2051 1823 2120 ἐκτιμω·

243 2142 529 2213 ρούμενοι,
555 2140 617 2194 τὸ
644 2139 951 2194 τελευταῖον
983 2138 1304 2209 ὑπὲρορίαις
1353 2140 1590 2209 μακραῖς
1625 2155 1689 2191 τε
1739 2138 1836 2192 καί⁹

240 2235 546 2304 ἀφορήτοις
570 2229 1048 2294 καταδικάζονται,
1073 2231 1131 2282 ἐν
1149 2228 1371 2300 χωρίοις
1418 2224 1494 2281 ὧν
1542 2227 1622 2298 τῷ
1652 2228 1837 2302 πικρῷ

243 2328 335 2380 καὶ
372 2324 669 2393 δυσοίστῳ,
702 2313 813 2376 καί
834 2323 972 2392 πρὸς
1025 2319 1124 2392 τὴν
1157 2320 1304 2390 ζωὴν
1343 2321 1440 2390 τὴν
1488 2319 1836 2392 ἀνθρωπίνην

242 2419 448 2488 τραχεῖ
478 2417 574 2470 καὶ
599 2413 822 2486 σκληρῷ
852 2415 946 2468 καὶ
983 2411 1441 2482 ἀπεστενωμένῳ,
1469 2411 1658 2466 δοκοῦν
1689 2415 1836 2470 ἐστιν

245 2511 438 2570 αὑτοῖς
465 2505 826 2578 βιαζομένους
851 2505 980 2568 τοὺς
1017 2501 1474 2568 δεινοπαθοῦντας
1505 2503 1835 2570 ἁλώσεσθαι,

244 2600 350 2654 τῶν
377 2597 798 2670 συνεργούντων
821 2598 900 2662 είς
923 2596 1083 2650 τοῦτο
1113 2595 1676 2669 προηυτρεπισμένων
1700 2611 1716 2627 ’
1743 2595 1860 2649 καὶκ

243 2691 348 2764 γὰρ
398 2689 741 2761 ’παρεδρεύει
780 2687 1062 2759 ἀπόμοιρά
1090 2705 1174 2750 τις
1234 2688 1332 2757 τῆς
1371 2687 1637 2758 δημοσίας
1673 2686 1838 2740 δυνὰ-

247 2801 390 2855 μεως
440 2785 649 2847 αὐτοῖς,
671 2782 770 2836 καὶ
801 2781 878 2845 ὡς
917 2781 1151 2852 τάχιστα
1193 2780 1693 2852 ὑπηρετησομένων
1725 2783 1838 2846 τοῖς

243 2877 476 2942 δόξασι·
532 2876 706 2930 ταῦτα
767 2875 868 2946 μὲν
917 2877 966 2928 oi
1021 2873 1090 2927 τά
1145 2873 1343 2944 πρῶτα
1410 2875 1468 2926 ἐν
1519 2872 1840 2937 ἐπισκόποις

247 2970 487 3040 ἔχοντες,
515 2967 612 3020 καὶ
659 2967 760 3036 τῆς
789 2965 957 3038 ὀρθῆς
1001 2965 1450 3036 ὑπερμαχοῦντες
1482 2965 1579 3019 καὶ
1614 2965 1838 3034 ἀντεχό-

1934 501 2092 558 ﬁctas
2111 501 2324 558 fabulas
2348 503 2498 562 ﬂocci
2537 505 2786 574 fecerint,
2813 525 2918 564 non
2943 510 3148 565 idcirco
3184 513 3415 582 improbi
3444 512 3512 566 de

1935 609 2034 648 sua
2067 593 2246 662 iniqua
2285 598 2664 664 persecutione
2685 601 3013 656 remittunt:
3051 601 3147 656 sed
3198 603 3373 671 primo
3393 604 3513 672 qui-

1934 689 2054 741 dem
2093 689 2358 742 suasoriis
2403 690 2584 744 verbis
2631 689 2973 746 blandientes
3029 693 3419 763 palpantesque
3458 703 3514 748 ct

1933 777 2591 841 delinientes,‘donorum
2627 782 2792 835 etiam
2843 783 3202 850 plurimorum
3257 785 3514 850 sponsio-

1934 870 2097 925 nibus
2151 872 2471 926 subvertere
2509 881 2741 937 tentant,
2789 876 3169 945 praecipueque
3228 885 3286 928 ut
3343 873 3515 928 irreli-

1933 961 2096 1028 giosa:
2153 959 2399 1016 formula:
2479 963 2826 1017 subscribam
2857 965 2971 1033 (56)
3035 966 3192 1020 valde
3276 972 3510 1032 urgeat;

1935 1053 2184 1123 bonaque
2229 1054 2628 1122 promittentes,
2653 1053 2926 1121 simulque
2995 1056 3133 1108 mala
3201 1057 3498 1121 minantes,

1935 1153 2116 1194 utrum
2160 1142 2347 1194 malint
2396 1143 2756 1212 interrogant.
2815 1144 2972 1215 163
3048 1144 3276 1212 Cognita
3330 1156 3511 1198 autem

1935 1233 2057 1287 ﬁdei
2093 1233 2352 1288 lirmitate
2389 1242 2442 1288 et
2482 1235 2818 1297 constantia,
2848 1244 2903 1288 et
2939 1249 3036 1288 sua
3075 1235 3353 1289 voluntate
3395 1235 3511 1289 fru-

1933 1324 2114 1389 strati,
2143 1325 2208 1378 ad
2238 1333 2602 1378 veteratorum
2631 1334 2779 1378 artes
2808 1324 3156 1394 confugiunt,
3191 1325 3424 1395 illosque
3447 1326 3516 1380 de

1933 1416 2258 1471 criminibus
2285 1426 2563 1482 accusant,
2594 1431 2714 1484 qua:
2744 1433 2812 1470 ne
2841 1417 3028 1470 auditu
3061 1417 3282 1487 quidem
3348 1417 3508 1470 inno-

1932 1507 2222 1564 cuinostri
2251 1518 2536 1561 noverunt.
2556 1507 2742 1576 Neque
2767 1507 2878 1576 jam
2909 1524 3006 1576 spe
3024 1510 3227 1576 agitur,
3261 1509 3357 1562 sed
3394 1521 3512 1577 pato

1934 1611 2124 1650 narum
2155 1596 2473 1651 inllictione.
2497 1597 2635 1650 Exin
2657 1597 2860 1666 quippe
2882 1596 3098 1651 vincula
3137 1607 3190 1652 et
3225 1596 3508 1650 durissimi

1933 1697 2240 1757 sequuntur
2281 1703 2553 1754 carceres,
2585 1697 2642 1743 et
2679 1687 2851 1742 futues
2894 1697 2949 1743 et
3004 1689 3348 1757 gravissimae
3389 1685 3519 1742 allii-

1934 1780 2140 1834 ctiones
2169 1797 2183 1834 :
2217 1781 2578 1848 quorumdam
2612 1780 2778 1834 etiam
2806 1780 2978 1847 plagis
3008 1779 3169 1832 dorsa
3203 1781 3512 1843 caeduntur,

1932 1883 1983 1926 et
2017 1887 2121 1925 non
2149 1873 2374 1926 modicis
2401 1872 2575 1926 vexati
2598 1872 2932 1927 cruciatibus
2952 1872 3244 1942 longinquo
3268 1881 3324 1926 et
3365 1872 3512 1925 into-

1935 1963 2140 2018 lerabili
2173 1963 2366 2018 exsilio
2405 1964 2730 2030 multantur,
2757 1963 2892 2019 locis
2920 1965 3176 2018 destinati
3207 1963 3420 2032 asperis
3450 1977 3514 2014 ac

1935 2057 2023 2110 vix
2053 2054 2317 2118 ferendis,
2347 2056 2437 2125 qui
2461 2056 2530 2110 ob
2561 2071 2714 2111 suam
2746 2056 3051 2126 angustiam
3076 2055 3160 2108 vel
3189 2067 3382 2108 usuum
3412 2053 3516 2106 hu-

1936 2161 2224 2202 manorum
2259 2149 2764 2204 incommoditatem
2811 2157 2864 2202 et
2899 2147 3227 2212 molestiam,
3267 2145 3518 2200 videntur

1936 2241 2270 2309 captivorum
2298 2241 2512 2295 animos
2535 2241 2919 2312 expugnaturi,
2966 2239 3166 2294 additis
3211 2237 3513 2308 praesertim

1936 2333 2029 2402 qui
2049 2345 2168 2385 eam
2204 2347 2318 2386 rem
2346 2333 2667 2387 insinuent:
2717 2331 2921 2386 etenim
2958 2347 3084 2402 pars
3113 2330 3364 2401 quaedam
3417 2343 3520 2398 pu-

1936 2424 2091 2479 blica:
2119 2423 2325 2478 militiae
2355 2424 2601 2492 captivos
2642 2425 2959 2488 comitatur,
2987 2437 3112 2492 quae
3167 2437 3356 2476 eorum
3415 2434 3518 2476 vo-

1937 2515 2128 2570 luntati
2159 2515 2481 2570 subserviat.
2505 2515 2630 2570 llaec
2661 2515 2940 2586 patiuntur
2971 2514 3215 2583 primarii
3249 2512 3516 2584 episcopi,
3581 2548 3585 2550 -

1937 2607 2028 2674 qui
2085 2605 2449 2660 orthodoxam
2491 2603 2816 2658 sententiam
2871 2600 3093 2656 fortiter
3150 2609 3516 2672 propugnant.

1939 2693 2078 2750 Sunt
2122 2697 2286 2750 etiam
2345 2694 2588 2749 nonnulli
2641 2704 2762 2764 post
2815 2693 2932 2748 illos
2965 2694 3190 2762 gradum
3245 2701 3518 2755 tenentes.

1938 2803 2124 2858 parem
2157 2803 2278 2841 cum
2307 2787 2440 2858 ipsis
2503 2787 2813 2858 religiosam
2873 2786 3032 2841 iidem
3057 2784 3306 2841 foventes
3359 2783 3521 2854 pauci

1937 2893 2092 2944 sane,
2125 2879 2221 2933 sed
2275 2878 2349 2932 ita
2381 2889 2560 2933 tamen
2616 2887 2674 2933 ut
2703 2877 2887 2932 favilla
2947 2878 3141 2932 saltem
3174 2877 3236 2931 iu'
3275 2874 3518 2930 Ecclesia

1941 2971 2037 3026 Dei
2087 2971 2346 3040 supersit,
2397 2985 2517 3038 quae
2563 2985 2664 3024 suo
2708 2979 2952 3040 tempore
2997 2969 3195 3024 divinis
3255 2965 3524 3022 aﬂlatibus

250 3079 399 3130 μενοι
433 3059 599 3131 δόξης
629 3073 643 3090 ·
670 3060 778 3113 είσὶ
798 3059 856 3112 δὲ
891 3059 984 3112 καὶ
1009 3059 1059 3112 oi
1084 3059 1201 3128 μετ’
1223 3059 1463 3120 ἐκείνους
1486 3058 1834 3128 τεταγμένοι,

1942 3059 2280 3132 splendidam
2320 3061 2688 3131 eximiamque
2714 3059 2888 3116 facem
2920 3061 3210 3116 incensura
3241 3065 3416 3123 est,et
3436 3056 3526 3111 in-

251 3156 345 3206 συν
375 3153 618 3216 ἐκείνοις
662 3151 764 3222 τῆς
808 3151 1074 3222 όμοτίμου
1135 3149 1526 3221 μεταλαχόντες
1577 3151 1836 3214 πίστεως,

245 3245 621 3316 εὐαρίθμητοι
671 3241 794 3314 μὲν,
841 3242 966 3294 ὅσον
993 3239 1268 3310 σπινθῆρα
1311 3237 1740 3310 καταλειφθῆναι
1771 3241 1839 3310 τῇ

260 3339 570 3412 Ἐκκλησία
597 3337 694 3391 τοῦ
735 3334 895 3400 Θεοῦ,
955 3331 1228 3406 εὐκαίρως
1277 3332 1450 3396 θείαις
1494 3332 1842 3402 ἐπιφανείαις

252 3436 325 3496 εἰς
358 3432 581 3503 πυρσδν
636 3426 1128 3499 ἀναφθησομὲνους
1178 3424 1456 3496 περιφανῆ
1509 3440 1568 3477 τε
1621 3423 1716 3477 καὶ
1751 3423 1839 3477 ἐν·

252 3525 394 3589 θεον,
427 3525 567 3596 πρὸς
589 3523 688 3594 τὴν
722 3521 928 3592 λάμψιν
969 3519 1064 3574 τοῦ
1110 3517 1429 3586 Πνεῦματος
1475 3517 1604 3580 τοὺς
1653 3519 1712 3571 ὲν
1762 3517 1840 3589 τῷ

1943 3151 2220 3206 ﬁdelitatis
2251 3150 2489 3206 tenebris
2513 3151 2740 3206 obrutos
2773 3150 2838 3204 ad
2863 3149 3168 3220 spiritalem
3205 3148 3384 3204 lucem
3423 3146 3524 3202 de-

1945 3243 2194 3296 ductura.
2229 3241 2298 3296 Ut
2326 3241 2482 3296 nobis
2524 3254 2740 3310 quoque
2799 3239 3154 3310 propheticus
3211 3223 3528 3307 usurpanti-

1945 3335 2045 3389 bus
2068 3349 2230 3388 voces
2261 3333 2445 3388 dicere
2475 3333 2670 3388 liceat:
2697 3331 2821 3386 Nisi
2849 3330 3109 3389 Dominus
3137 3329 3371 3385 Sabaoth
3399 3325 3528 3382 reli-

1943 3425 2140 3493 quisset
2196 3423 2347 3476 nobis
2407 3438 2604 3490 semen,
2639 3422 2792 3492 quasi
2843 3421 3078 3477 Sodoma
3127 3419 3411 3490 fuissemus
3473 3425 3524 3469 et

1945 3514 2254 3570 Gomorrlue
2279 3513 2478 3587 similes
2511 3513 2579 3566 ⁸⁸.

254 3619 400 3692 ζόφῳ
431 3593 535 3687 τῆς
560 3593 819 3676 ἀπιστίας
846 3610 1315 3682 κατειλημμένους
1335 3607 1836 3679 καθοδηγήσοντας.
1879 3605 1998 3661 Ἵνα
2057 3605 2155 3678 ἐξῇ
2192 3605 2287 3659 καὶ
2326 3605 2462 3675 ἡμῖν
2494 3605 2618 3666 ταῖς
2671 3601 3042 3675 προφητικαῖς
3075 3593 3527 3692 συμφθέγγεσθαι

255 3685 461 3782 φωναῖς
483 3685 588 3762 'VEl
613 3707 697 3777 μὴ
725 3707 940 3773 Κύριος
977 3703 1220 3756 Σαϐαὼθ
1294 3699 1690 3772 ἐγκατέλιπεν
1724 3699 1873 3770 ἡμῖν
1941 3699 2202 3768 σπέρμα,
2273 3697 2356 3764 ὡς
2409 3694 2645 3766 Σόδομα
2697 3692 2776 3748 ἂν
2831 3690 3222 3763 ἐγενήθημεν,
3284 3687 3382 3743 καὶ
3445 3685 3526 3752 ὡς

253 3805 534 3876 Γόμορῤα
560 3801 638 3856 ἂν
665 3798 1066 3869 ὡμοιώθημεν.

321 3907 426 3967 ις’.
473 3897 548 3950 Τὸ
576 3895 687 3964 γὰρ
730 3895 856 3946 ὅσον
899 3895 956 3944 ὲν
1006 3887 1278 3961 ἱερωσύνῃ
1325 3889 1481 3960 φέρει
1507 3889 1576 3942 τὰ
1617 3887 1848 3960 δεύτερα

255 3995 353 4067 ἤδη
409 3987 752 4062 φιλοψυχοῦν
811 3987 907 4040 καὶ
960 3983 1432 4056 μεταϐαλλόμενον
1474 3973 1698 4052 ὁρᾶται,
1750 3983 1848 4034 καὶ

254 4089 327 4161 τῷ
372 4084 562 4155 καιρῴ
613 4083 708 4136 καὶ
767 4082 880 4144 τοῖς
928 4079 1218 4149 πράγμασι
1270 4074 1842 4148 συμμορφαξόμενον,

257 4183 346 4234 καὶ
415 4171 1078 4249 μετασχηματιζόμενον,
1136 4163 1248 4222 οἷόν
1309 4184 1444 4237 φασι
1494 4167 1586 4219 τὸν
1637 4182 1844 4236 χαμαι-

257 4273 453 4326 λέοντα
507 4269 708 4341 ῥᾳδίως
756 4261 1286 4341 μεταχρωννύμενον
1319 4261 1414 4314 καὶ
1459 4255 1528 4330 τῇ
1569 4258 1718 4329 ὁρμῇ
1747 4255 1843 4311 τοῦ

259 4365 567 4434 κινήματος
627 4359 928 4430 σύνδρομον
990 4355 1182 4426 ἔχοντα
1238 4352 1340 4424 τὴν
1410 4353 1694 4422 ταχύτητα
1745 4352 1846 4420 τῆς

2028 3888 2115 3943 16.
2153 3887 2290 3941 Pars
2323 3895 2504 3940 autem
2533 3883 2622 3938 illa
2666 3881 2794 3938 cleri
2830 3879 3038 3934 minore
3074 3877 3126 3932 iu
3173 3874 3342 3948 gradu
3393 3888 3530 3929 con-

1951 3984 2164 4043 stitnta,
2191 3981 2311 4032 vita:
2343 3993 2453 4033 sua:
2477 3974 2866 4032 conservanda:
2889 3972 3072 4028 studio
3104 3969 3366 4023 vacillans
3393 3983 3528 4023 con-

1950 4072 2200 4141 spicitur,
2233 4069 2570 4138 temporique
2626 4075 2682 4120 et
2740 4080 2919 4120 rerum
2970 4061 3153 4118 cursui
3195 4057 3532 4114 obseeundat

1950 4177 2178 4230 seseque
2210 4159 2539 4224 conformat,
2569 4157 2783 4228 qualem
2805 4171 2926 4210 esse
2959 4155 3146 4208 dicunt
3182 4149 3532 4204 chamaleon-

1955 4269 2059 4312 tem
2090 4255 2222 4326 (57),
2255 4261 2312 4308 ut
2339 4252 2654 4321 apparentis
2681 4249 2870 4303 forma:
2897 4246 3164 4299 varietate
3198 4243 3300 4298 sibi
3329 4254 3528 4294 occur-

1953 4358 2134 4404 rentes
2160 4347 2330 4402 fallat.
2364 4345 2456 4399 Sic
2483 4343 2572 4401 isti
2605 4341 2960 4396 validioribus
2980 4337 3203 4400 cedunt,
3233 4333 3375 4388 haud
3399 4345 3531 4385 sane

260 4457 502 4524 φὶσεως,
541 4453 617 4516 ὡς
642 4453 708 4506 ἂν
737 4449 999 4503 λανθάνοι
1028 4447 1105 4519 τῷ
1149 4445 1384 4516 ποικίλῳ
1412 4445 1532 4515 τῆξ
1560 4443 1688 4506 θέας
1720 4443 1841 4505 τοὺς

1952 4451 2132 4496 ruente
2160 4442 2350 4504 littera,
2381 4439 2476 4492 sed
2505 4437 2556 4490 vi
2589 4434 2948 4506 prementium
2993 4427 3208 4485 deducti
3245 4445 3258 4482 :
3296 4438 3528 4495 quorum

260 4547 795 4621 παρατυγχάνοντας
839 4561 854 4575 ο
886 4541 1061 4605 οὕτως
1099 4541 1236 4610 πρὸς
1265 4539 1325 4592 τδ
1357 4535 1694 4610 ύπερτεροῦν
1719 4537 1851 4588 ὐπο-

260 4641 589 4702 κύπτοντες,
631 4637 822 4707 ὥσπερ
869 4635 970 4689 οὐκ
1029 4635 1086 4686 ἐν
1137 4631 1427 4702 ἐλευθερίᾳ
1459 4628 1707 4700 γνώμης,
1733 4627 1850 4681 ἀλλ’

261 4737 318 4788 ἰν
360 4731 591 4804 ἐξουσίᾳ
639 4729 748 4782 τῶν
790 4728 1036 4797 ἀγόντων
1083 4725 1370 4794 γενόμενοι
1401 4741 1416 4755 ⁸
1444 4717 1518 4776 ὧν
1570 4737 1712 4784 τινες
1760 4719 1852 4772 ἐπὶ

260 4829 522 4894 τοσοῦτον
555 4805 868 4896 ἐμπαθείας
901 4824 994 4877 καὶ
1027 4819 1320 4904 φιλαυτίας
1362 4818 1590 4888 ἤλασαν,
1617 4815 1711 4870 καὶ
1738 4811 1852 4868 οἷον

262 4924 325 4975 ἐκ
357 4919 667 4991 ηπιώδους
693 4915 890 4989 φρενδς
919 4911 1258 4986 ὁρμώμενοι,
1295 4906 1752 4977 κλυδωνιζόμενοί
1789 4921 1850 4957 τε

263 5014 358 5068 καὶ
381 5011 811 5082 περιφερόμενοι
843 5007 1008 5061 παντὶ
1049 5007 1238 5075 ἀνέμῳ
1267 5003 1366 5073 τῆς
1389 4999 1759 5063 διδασκαλίας,
1792 4999 1850 5050 ὲν

265 5107 328 5174 τῇ
383 5103 586 5172 κυϐείᾳ
619 5099 732 5152 τῶν
780 5095 1090 5169 ἀνθρώπων
1132 5098 1200 5166 τῇ
1235 5093 1542 5164 πανουργία
1586 5090 1720 5162 πρὸς
1752 5089 1852 5161 τὴν

271 5195 558 5265 μεθώείαν
578 5195 680 5264 τῆς
711 5194 942 5260 πλάνης,
977 5191 1118 5245 καθὰ
1147 5190 1490 5260 γέγραπται·
1517 5185 1590 5250 ὡς
1624 5185 1770 5238 δυοῖν
1794 5182 1854 5236 τὸ

269 5286 476 5355 ἕτερον,
501 5284 679 5356 ψυχὴν
705 5281 1178 5354 ζημιωθήσεσθαι,
1204 5279 1237 5350 ἦ
1269 5277 1476 5350 θρόνων
1503 5273 1856 5330 ἐκπεσεῖσθαι

345 5445 573 5512 "lsa.t,
607 5443 661 5499 9.
741 5445 785 5476 ¹⁷
815 5443 1010 5512 Ephcs.
1048 5457 1124 5507 tv,
1147 5442 1232 5496 Η.

348 5597 460 5671 (36)
507 5597 648 5671 llnic
699 5595 946 5671 formula:
993 5611 1087 5651 seu
1145 5593 1324 5671 edicto
1377 5591 1578 5671 Leonis
1630 5590 1851 5671 Arinchi

279 5660 398 5724 cum
433 5660 596 5724 nollet
638 5669 983 5728 subscribere
1027 5675 1210 5720 uoster
1259 5660 1630 5734 Nic-ephorus,
1680 5662 1853 5716 solum

280 5754 489 5796 Vertere
525 5739 701 5807 iussus
729 5739 852 5793 luit.

1953 4535 2120 4603 aliqui
2149 4534 2316 4587 nimio
2345 4533 2428 4587 sui
2461 4543 2648 4583 amore
2706 4535 2762 4580 et
2815 4523 3044 4579 mollitie
3079 4519 3430 4588 franguntur,
3465 4530 3531 4569 ac

1951 4627 2213 4698 puerilem
2271 4625 2660 4694 prepemodnm
2735 4624 2968 4672 tuentem
3021 4621 3238 4684 gerunt,
3310 4608 3530 4677 agitan-

1954 4731 2164 4788 turquc,
2190 4727 2244 4774 et
2271 4717 2418 4772 omni
2453 4723 2616 4769 vento
2645 4709 2908 4765 doctrina:
2939 4708 3042 4762 hac.
3073 4703 3195 4758 illac
3247 4699 3522 4761 feruntur,

1950 4812 2006 4867 in
2042 4811 2277 4881 nequitia
2313 4807 2617 4868 hominum,
2649 4805 2702 4858 in
2731 4801 2932 4856 astutia
2985 4797 3054 4851 ad
3106 4788 3535 4849 circumventio—

1953 4919 2075 4959 nem
2111 4903 2337 4968 erroris,
2393 4897 2552 4954 sicuti
2601 4895 2866 4964 scriptum
2917 4889 3094 4954 est",
3132 4889 3207 4941 ita
3242 4893 3299 4938 ut
3367 4882 3532 4936 alter-

1957 5007 2078 5052 utro
2107 4996 2172 5048 iis
2189 4993 2492 5062 proposito,
2514 5001 2706 5056 nempe
2733 4995 2790 5039 ut
2809 4983 2888 5038 vel
2915 4981 3110 5036 anima:
3137 4976 3530 5032 detrimentum

1960 5090 2256 5160 patiantur,
2301 5084 2386 5140 vel
2414 5083 2636 5138 sedibus
2685 5078 2963 5141 excidant,
2993 5076 3144 5145 prius
3195 5071 3324 5125 illud
3381 5064 3538 5122 malle

1961 5159 2144 5237 dicere
2171 5179 2376 5243 ausint,
2409 5185 2463 5232 et
2487 5176 2552 5231 de
2577 5189 2789 5230 smmua
2823 5171 3002 5226 salute
3055 5161 3377 5238 periclitari,
3399 5159 3534 5228 quin

1966 5285 2144 5328 tamen
2175 5284 2338 5342 grave
2393 5265 2602 5338 aliquid
2650 5279 2711 5320 se
2775 5261 3120 5320 committere
3168 5261 3376 5326 putent.
3409 5247 3535 5301 llaec
3589 5266 3612 5280 ο

2035 5585 2147 5655 (57)
2180 5583 2269 5640 Sic
2299 5583 2598 5654 appellatur
2626 5581 2694 5635 ab
2723 5575 2996 5632 historicis
3023 5561 3534 5655 Byzantitslisetiatp

1965 5639 2081 5711 Leu
2110 5639 2390 5712 Armenii;
2416 5639 2646 5726 propter
2691 5663 2842 5719 suam
2883 5639 3172 5699 versutiam
3203 5649 3254 5692 ct
3284 5639 3536 5709 hypocri-

1965 5745 2092 5784 Slill.
