4054 6204
250 299 361 364 ἷθθ

1165 294 1737 357 APOLOGETICUS
1772 292 1921 354 PRO
1961 292 2248 355 SACRIS.
2289 292 2771 354 IMAGINIBUS.

3408 297 3513 359 5‘30

253 413 761 489 μεταχειριζόμεθα
786 431 801 446 ο
839 411 1075 484 ἐπείπερ
1126 411 1224 465 καί⁸
1249 405 1325 465 ὧν
1360 412 1415 465 al
1452 410 1728 481 ἐνέργειαι
1781 409 1839 463 αί

1948 406 2080 476 ipsis
2135 406 2495 476 qualitatibus
2550 416 2874 462 naturarum
2930 421 3148 477 quoque
3222 406 3510 463 scientiam

250 509 443 573 αὐταὶ,
476 508 575 562 καὶ
596 508 653 562 αί
691 505 884 576 φύσεις
914 505 1168 574 ὁμότιμοι
1188 519 1203 534 ·
1239 500 1413 563 οὕτως
1445 498 1539 556 οὐν
1559 502 1654 556 καὶ
1681 503 1712 556 ό
1731 501 1832 570 τῆς

249 602 397 657 κατά
430 600 671 672 Χριστὸν
698 598 1023 670 θεανδρικῆς
1046 595 1328 667 ἐνεργείας
1362 593 1486 649 καθ’
1519 593 1578 648 ὃν
1615 595 1673 647 ὲν
1702 593 1837 664 ἡμῖν

251 694 669 759 ἐπολιτεύσατο,
729 688 1248 760 ἀνακαθαρθήσεται
1289 688 1517 757 τρόπος,
1564 701 1839 757 περιερρα-

252 785 462 850 στικῶς
490 786 593 857 ήδη
645 782 964 854 νοούμενος,
1011 784 1078 852 τῇ
1117 779 1445 849 καταλλήλῳ
1495 778 1692 850 κλήσει
1739 776 1838 846 τῆς

253 880 453 941 δυάδος
483 877 590 931 τῶν
623 876 861 946 φύσεων,
891 874 953 928 τὸ
978 872 1158 926 διττὸν
1195 869 1518 943 ἑρμηνεύων
1544 871 1649 941 τῆς
1681 870 1837 940 ένερ-

249 967 439 1036 γείας.
483 964 542 1020 '0
573 965 685 1035 γὰρ
711 964 813 1031 τῆς
850 962 1102 1026 ένώσεως
1132 961 1338 1032 τρόπος
1368 961 1458 1014 τὸν
1490 960 1593 1031 τῆς
1644 961 1838 1030 διαφοι-

252 1062 359 1129 pd;
386 1059 549 1127 λόγον
578 1059 639 1111 ἐν
671 1056 852 1127 ἑαυτῷ
891 1055 1009 1126 ἔχει
1042 1054 1352 1124 σωζόμενον
1385 1071 1398 1084 ·
1433 1052 1609 1124 ταύτῃ
1631 1052 1740 1124 γὰρ
1772 1051 1839 1107 ἂν

248 1151 375 1221 δοίη
396 1168 483 1213 τις
500 1149 597 1204 καὶ
621 1150 867 1220 ἐνεργεῖν
895 1146 1169 1216 ἑκατέραν
1191 1144 1411 1217 μορφὴν
1447 1144 1587 1215 μετά
1615 1144 1717 1215 τῆς
1745 1144 1842 1198 θα-

251 1243 419 1314 τέρου
443 1240 732 1302 κοινωνίας
762 1256 777 1271 ·
806 1240 870 1292 οὐ
897 1237 1080 1292 τοίνυν
1112 1237 1241 1308 μίαν
1286 1236 1509 1306 θέλησιν
1544 1236 1643 1290 καὶ
1686 1235 1839 1304 ἐνέρ-

251 1350 419 1401 γειαν
449 1332 544 1386 ἐπὶ
569 1332 667 1402 τῆς
710 1329 862 1394 θείας
908 1328 1227 1399 οἰκονομίας
1283 1327 1654 1399 κηρύσσομεν,
1704 1329 1840 1381 ἀπο·

253 1421 586 1494 στεροῦντες
638 1419 710 1474 τά
741 1419 952 1489 θατέρᾳ
983 1417 1096 1471 τῶν
1128 1416 1330 1471 οὐσιῶν
1360 1414 1793 1486 προσπεφυκότα
1818 1430 1835 1446 ⁸

252 1518 306 1569 εί
337 1513 416 1585 μὴ
443 1512 735 1583 μέλλοιμεν
765 1510 861 1564 καὶ
906 1509 1006 1581 τὴν
1057 1507 1222 1579 φύσιν
1256 1506 1429 1577 αὐτὴν
1462 1507 1649 1560 τέλεον
1701 1507 1840 1559 ἀπο-

258 1603 656 1675 σκευάζεσθαι,
678 1600 756 1664 ὡς
780 1599 848 1654 ἂν
874 1598 950 1671 μὴ
978 1598 1048 1652 τὰ
1065 1596 1162 1651 τοῦ
1179 1596 1412 1668 ἀνοήτου
1436 1596 1532 1651 καὶ
1559 1594 1841 1667 ὲμμανοῦς

268 1690 659 1760 Ἀπολιναρίου
743 1689 1096 1757 νοσήσωμεν·
1172 1685 1713 1758 συγκαθαιρήσωμεν
1780 1684 1839 1738 δὲ

1939 498 2325 565 acquirimus:
2384 498 2586 568 quippe
2640 498 2768 566 quia
2812 510 3046 562 quorum
3106 496 3315 553 eadem
3366 514 3504 567 ope-

1942 588 2184 643 rationes
2243 597 2412 653 suuL,
2464 586 2782 642 eorumdem
2837 601 3057 656 quoque
3092 595 3335 642 natura:
3383 598 3512 644 sunt

1940 694 2122 746 pares.
2162 678 2255 734 Sic
2281 694 2411 750 ergo
2450 678 2639 734 modus
2669 693 2887 749 quoque
2936 679 3268 734 theautlricte
3305 678 3513 738 Christi

1940 771 2296 840 operationis,
2348 786 2453 842 qua
2481 771 2764 826 nobiscum
2800 786 3027 827 versans
3077 770 3355 836 utebatur,
3389 789 3518 843 per-

1941 864 2160 933 spicuus
2223 863 2335 929 ﬁet,
2380 877 2540 933 quem
2600 878 2697 935 per
2757 864 2899 920 banc
2973 864 3515 922 circumlocutionem

1940 955 2458 1011 consideravimus:
2505 971 2630 1010 nam
2681 965 2865 1010 mutua
2910 957 3142 1011 duarum
3199 967 3521 1013 naturarum

1942 1049 2254 1119 appellatio,
2312 1048 2683 1119 duplicitatem
2736 1047 3069 1118 operationis
3132 1049 3533 1119 demonstrat;

1942 1141 2071 1210 quia
2102 1140 2319 1196 unionis
2351 1141 2544 1194 modus
2583 1138 2905 1194 diﬂ‘erentize
2938 1142 3156 1195 modum
3188 1140 3516 1197 incolumem

1943 1231 1997 1286 in
2028 1245 2087 1286 se
2112 1241 2421 1287 conservat.
2455 1229 2667 1285 Pariter
2694 1229 2965 1300 quispiam
3001 1232 3291 1296 concedet,
3323 1241 3522 1286 utram-

1944 1338 2054 1394 que
2084 1324 2313 1399 fortnam
2352 1322 2566 1393 operari
2630 1337 2735 1377 non
2784 1321 2903 1376 sine
2940 1320 3259 1375 alterutrius
3294 1320 3522 1389 partici-

1942 1416 2181 1487 patione.
2221 1414 2339 1470 Non
2392 1429 2521 1484 ergo
2574 1429 2734 1468 unam
2774 1412 3108 1467 voluntatem
3140 1421 3197 1466 et
3251 1412 3522 1479 operatio-

1945 1525 2068 1566 nent
2093 1511 2145 1564 in
2184 1510 2368 1564 divina
2413 1507 2726 1563 teconomia
2782 1506 3162 1576 pradicamus,
3221 1520 3332 1575 quo
3379 1506 3523 1560 facto

1943 1614 2042 1655 sua
2094 1601 2311 1670 utrique
2369 1596 2750 1654 convenientia
2788 1595 2963 1651 omcia
3003 1596 3343 1664 eriperemus
3396 1614 3410 1649 :
3471 1597 3517 1652 si

1943 1698 2094 1745 certe
2117 1690 2422 1759 perfectam
2456 1698 2702 1742 naturam
2720 1701 2847 1742 esse
2861 1686 3179 1750 astruimus,
3209 1700 3275 1742 ne
3298 1686 3523 1742 demen-

255 1783 417 1853 αὐτῷ
438 1782 535 1837 καὶ
558 1780 655 1851 τὴν
671 1778 817 1848 ἀμφὶ
846 1778 1074 1849 Σέργιον
1099 1778 1194 1832 καὶ
1220 1777 1439 1851 Πύρρον
1472 1777 1604 1850 περὶ
1624 1776 1721 1847 τὴν
1744 1775 1841 1829 τοῦ

1948 1783 2016 1839 tis
2046 1783 2346 1853 furiosique
2375 1781 2564 1838 morbo
2595 1780 2907 1836 laboremus
2940 1781 3096 1851 171
3123 1779 3453 1850 Apollinaris
3488 1780 3505 1834 ε’

252 1875 426 1947 ὀρθοῦ
455 1873 632 1940 Λόγου
663 1870 1037 1940 ἀνενέργητον
1086 1870 1183 1923 καὶ
1214 1869 1539 1939 ἀνεθέλητον
1582 1867 1843 1937 ὀφθεῖσαν

256 1964 605 2036 συμμορίαν.
643 1960 800 2014 Κατά
826 1960 1002 2014 ταῦτα
1022 1962 1156 2031 ἡμῖν
1182 1960 1244 2014 τὺ
1267 1962 1367 2031 τῆς
1384 1960 1592 2031 σεπτῆς
1619 1960 1717 2014 καὶ
1747 1977 1845 2013 σω-

255 2057 456 2128 τηρίου
486 2052 803 2123 οίκονομίας
835 2051 1125 2119 δοξᾶζεται
1150 2054 1478 2124 μυστήριον,
1507 2051 1536 2105 ὃ
1566 2050 1662 2105 καὶ
1688 2051 1842 2105 νοού-

258 2166 430 2222 μενον
460 2146 602 2203 κατά
635 2146 730 2199 τὸν
768 2131 1030 2216 εἰρηκότα
1067 2144 1352 2215 θεοφόρον,
1378 2144 1622 2217 ἄρρητον
1666 2144 1841 2216 μένει,

259 2244 361 2298 καὶ
381 2241 678 2310 λεγόμενον
708 2237 1010 2305 ἄγνωστον.
1047 2238 1125 2290 Δι’
1158 2237 1329 2307 αὐτῆς
1384 2237 1570 2291 τοίνυν
1617 2238 1848 2299 έπισκειρ

261 2334 518 2404 φθέντες,
545 2327 819 2383 σεσῶσθαι
849 2326 1224 2398 ὁμολογοῦμεν
1259 2343 1274 2358 ⁸
1306 2328 1402 2391 καὶ
1436 2329 1576 2399 μετά
1624 2329 1845 2383 πάντων

257 2427 374 2479 τῶν
417 2427 475 2478 ὲν
504 2423 636 2493 ἡμῖν
664 2420 825 2493 ἱερῶν
858 2419 1239 2493 σεϐακσμάτων,
1263 2420 1361 2473 καὶ
1382 2420 1449 2474 τὰ
1482 2420 1684 2490 ταύτης
1711 2420 1846 2490 ἆγια

260 2519 360 2576 καὶ
383 2516 668 2585 σεϐασμια
703 2512 949 2583 σύμϐολα
970 2513 1064 2566 καὶ
1087 2513 1449 2585 γνωρίσματα
1473 2514 1728 2585 τιμῶμεν
1750 2513 1846 2569 καὶ

259 2608 766 2678 κατασπαζόμεθα,
809 2607 880 2661 δι’
927 2600 1000 2661 ὧν
1042 2607 1175 2678 ἡμῖν
1235 2606 1360 2660 καθ’
1398 2607 1693 2676 ὁμοιότητα
1746 2606 1847 2678 τῆς

260 2700 638 2771 εὐαγγελικῆς
674 2698 1049 2770 ἱστορίαςκαὶ
1090 2697 1447 2769 ἀνιστόρηται
1486 2698 1583 2750 καὶ
1633 2697 1844 2767 σημαί-

259 2814 441 2860 νεται,
472 2792 611 2863 εἴγε
626 2795 708 2856 είς
736 2794 958 2864 μνήμην
977 2792 1127 2863 ἡμᾶς
1147 2791 1247 2862 τῆς
1271 2789 1846 2862 πεπραγματευμένης

260 2889 341 2959 τῷ
382 2885 607 2955 Σωτῆρι
660 2883 804 2955 ὑπὲρ
832 2883 991 2954 ἡμῶν
1024 2881 1489 2951 συγκαταϐἀσεως
1517 2882 1843 2952 διανίστησι,

260 2978 524 3047 καθάπερ
549 2975 760 3031 ἄνωθέν
786 2992 848 3029 τε
895 2974 994 3029 καὶ⁵
1019 2973 1079 3042 ἐξ
1112 2974 1313 3045 ἀρχῆς,
1335 2973 1525 3038 παῖδες
1552 2972 1704 3045 παρὰ
1743 2990 1848 3027 πα·

257 3070 443 3142 τέρων
467 3065 862 3139 διαδεξάμενοι,
880 3064 1122 3130 εὐσεϐῶς
1159 3063 1608 3136 παρειλήφαμεν.

333 3345 447 3407 κγ.
488 3335 677 3391 Ταῦτα
722 3332 1121 3405 περιέποντες,
1177 3329 1237 3384 τὸ
1284 3328 1424 3383 κατὰ
1473 3327 1641 3399 τιμὴν
1686 3327 1851 3395 σέϐας

262 3428 511 3497 νέμομεν
536 3441 550 3455 ο
574 3425 638 3478 οὐ
672 3422 779 3495 μὴν
806 3422 909 3490 τήν
941 3436 1005 3489 γε
1029 3419 1171 3473 κατά
1195 3417 1451 3490 λατρείαν
1478 3415 1850 3489 προσκύνησιν

264 3517 693 3589 προσφέρομεν,
744 3514 960 3583 ἄπαγε,
1005 3511 1041 3583 ἢ
1087 3510 1234 3582 μόνῳ
1260 3510 1463 3583 πρέπει
1511 3508 1589 3580 τῷ
1630 3507 1850 3563 πάντων

264 3608 748 3675 κατεξουσιάζοντι
790 3604 945 3676 Θεῷ·
1000 3603 1204 3667 πάντες
1246 3601 1390 3673 γὰρ,
1441 3601 1558 3657 ὅσοι
1610 3600 1851 3655 διδακτοὶ

265 3701 405 3757 Θεοῦ
454 3701 515 3754 έν
562 3697 870 3769 πνεύματι,
935 3694 1085 3749 ίσασι
1140 3694 1203 3748 τὸ
1259 3696 1317 3747 ἐν
1379 3692 1686 3764 σεϐάσματι
1736 3691 1851 3747 διά-

268 3810 477 3864 φορον,
534 3790 632 3845 καὶ
684 3787 878 3843 ὁποίαν
930 3787 1013 3840 δεῖ
1055 3789 1148 3841 καὶ
1185 3785 1265 3855 τῷ
1302 3783 1525 3853 Χριστῷ
1581 3784 1678 3839 καὶ
1730 3782 1852 3857 Θεῷ

263 3884 429 3954 ἡμῶν
485 3880 585 3951 τὴν
629 3877 1002 3950 προσκύνησιν
1053 3876 1395 3943 ἀποδιδόναι,
1456 3877 1555 3931 καὶ
1593 3878 1716 3941 ταῖς
1772 3877 1852 3931 ιε-

268 3976 394 4046 ραῖς
444 3971 621 4024 εἰκόσι
672 3968 734 4022 τὸ
771 3967 1050 4040 προσῆκον
1090 3966 1342 4038 ὲκνέμειν
1392 3964 1589 4032 σέϐας,
1643 3964 1738 4019 καὶ
1780 3963 1857 4039 δι’,

266 4064 456 4118 αὐτῶν
502 4062 596 4114 ἐπὶ
652 4061 714 4114 τὸ
774 4059 1087 4131 ἀρχέτυπον
1140 4059 1244 4129 τὴν
1308 4059 1474 4129 τιμὴν
1534 4058 1848 4130 ἀναφέρειν.

267 4158 415 4226 Πρὸς
468 4153 681 4219 τούτοις
715 4155 969 4226 τιμῶμεν
998 4151 1098 4216 τὰς
1144 4151 1448 4223 σεϐασμίας
1492 4152 1712 4217 εἰκόνας
1750 4152 1853 4222 τῆς

271 4248 555 4316 παναγίας
585 4246 857 4317 ἀχράντου
902 4243 1192 4314 δεσποίνης
1239 4243 1398 4313 ἡμῶν
1438 4244 1544 4298 καὶ
1591 4244 1853 4315 ἀληθινῆς

270 4338 619 4409 προστασίας
696 4335 1085 4406 ’Λειπαρθένου
1158 4335 1423 4389 Θεοτόκου
1446 4375 1461 4401 ,
1532 4334 1634 4404 τῆς
1709 4333 1853 4389 κατὰ

272 4433 461 4500 σάρκα
500 4427 595 4482 τὸν
634 4426 843 4500 Κύριον
873 4426 1033 4497 ἡμῶν
1079 4424 1287 4499 Ἰησοῦν
1322 4424 1557 4496 Χριστὸν
1585 4424 1677 4478 τὸν
1718 4424 1853 4478 Θεδν

1947 1876 2165 1943 quicum
2252 1874 2849 1930 exeommunicabimus
2915 1870 3094 1942 Sergii
3161 1885 3379 1943 quoque
3458 1886 3524 1925 ac

1946 1964 2151 2036 Pyrrhi
2179 1966 2319 2036 (47),
2356 1980 2456 2021 nec
2498 1980 2800 2036 operosam
2840 1980 2941 2021 nec
2990 1964 3381 2021 roluutativam
3410 1962 3525 2020 veri

1951 2058 2114 2113 Verbi
2155 2057 2525 2113 sodalitatem.
2553 2055 2630 2110 lta
2672 2072 2772 2113 nos
2805 2058 2872 2112 de
2919 2058 3249 2111 venerandae
3289 2065 3344 2110 et
3377 2056 3524 2111 saluo.

1950 2149 2082 2205 taris
2159 2146 2548 2203 incarnationis
2618 2147 2879 2218 mysterio
2952 2161 3238 2203 censemus
3292 2164 3307 2201 :
3374 2149 3519 2215 quod

1945 2240 2158 2297 etiamsi
2186 2240 2327 2296 forte
2361 2238 2692 2294 intellectura
2721 2240 2817 2304 sit,
2851 2248 2911 2293 ut
2944 2239 3021 2294 ait
3049 2238 3133 2293 vir
3161 2238 3523 2307 tbeopborus,

1949 2341 2131 2387 manet
2159 2330 2469 2399 inell‘abile;
2499 2340 2815 2387 enarratum
2844 2341 3053 2397 autem,
3093 2341 3275 2386 manet
3340 2332 3522 2387 adhuc

1948 2424 2300 2495 incognitum.
2328 2421 2549 2478 Visitati
2583 2438 2713 2494 ergo
2765 2438 2861 2493 per
2912 2423 3224 2493 praedictam
3266 2423 3523 2478 incarna-

1949 2517 2173 2583 tionem,
2205 2518 2440 2573 salvatos
2473 2531 2571 2571 nos
2609 2517 2932 2571 conﬁtemur
2962 2534 2976 2570 :
3002 2526 3056 2570 et
3083 2531 3207 2572 cum
3263 2517 3522 2573 omnibus

1946 2623 2069 2679 quae
2121 2609 2261 2677 apud
2315 2624 2412 2662 nos
2452 2616 2581 2663 sunt
2642 2608 2908 2678 religiosis
2958 2608 3146 2674 rebus,
3203 2609 3518 2664 veneranda

1948 2714 2166 2770 quoque
2185 2699 2328 2756 illius
2352 2698 2594 2771 symbols
2618 2708 2672 2753 et
2690 2699 2889 2754 iudicia
2910 2700 3242 2756 bonoramus
3264 2710 3319 2756 et
3339 2716 3527 2757 amore

1948 2788 2355 2861 prosequimur,
2389 2802 2485 2858 per
2510 2802 2629 2857 quae
2666 2804 2785 2844 non
2824 2804 2985 2843 secus
3016 2798 3181 2858 atque
3230 2805 3327 2861 per
3352 2806 3521 2847 evan~

1944 2877 2172 2949 gelicaut
2221 2878 2506 2933 historiam
2557 2888 2815 2934 narratur
2871 2876 3028 2933 nobis
3056 2886 3113 2933 et
3165 2888 3528 2946 repraesenta-

1950 2976 2039 3024 tur
2094 2978 2151 3023 et
2182 2968 2234 3023 iu
2277 2970 2597 3025 memoriam
2648 2977 2937 3024 revocatur
2969 2967 3232 3039 quidquid
3258 2984 3289 3024 a
3326 2968 3530 3024 Serva.

1906 3086 1918 3127 3
1958 3069 2078 3117 tore
2103 3075 2202 3131 pro
2242 3058 2396 3116 nobis
2448 3071 2627 3116 actum
2685 3057 2829 3126 fuit;
2858 3058 2999 3115 sicut
3030 3058 3098 3114 ab
3143 3058 3369 3129 antiquo
3412 3070 3464 3115 et
3499 3079 3527 3113 a

1957 3150 2236 3221 religionis
2265 3151 2425 3207 initio
2452 3150 2553 3206 lilii
2587 3165 2618 3205 a
2661 3150 2909 3220 patribus
2933 3151 3222 3216 .traditum
3254 3154 3355 3223 pie
3383 3166 3531 3207 ret-e-

1952 3241 2149 3312 pimus.
2544 3286 2549 3291 .

2022 3331 2113 3390 23.
2147 3331 2274 3387 Hac
2302 3331 2546 3404 symbola
2582 3346 2682 3386 nos
2710 3330 3050 3397 adamantes,
3109 3332 3366 3402 religioso
3393 3350 3530 3404 quo.

1951 3438 2056 3494 que
2086 3424 2292 3478 honore
2326 3426 2744 3495 prosequimur;
2776 3424 2917 3477 baud
2951 3436 3084 3478 sane
3118 3424 3290 3478 latrim
3318 3424 3518 3478 adora-

1954 3517 2157 3572 tioncm
2184 3516 2532 3580 exhibentes,
2554 3530 2748 3586 apage,
2771 3530 2891 3585 quae
2909 3515 3008 3573 soli
3030 3516 3275 3570 omnium
3297 3516 3527 3571 Domina

1952 3608 2065 3664 Deo
2113 3607 2387 3676 congruit.
2437 3606 2642 3664 Omnes
2683 3607 2851 3673 enim,
2931 3616 3200 3678 quotquot
3267 3607 3528 3665 docibilvs

1953 3698 2047 3754 Dei
2073 3698 2269 3754 suntin
2301 3697 2519 3767 spiritu,
2543 3698 2679 3755 satis
2709 3707 2910 3755 norunt
2935 3698 3066 3770 quid
3097 3699 3151 3754 in
3175 3698 3319 3755 cultu
3354 3699 3529 3755 inter-

1954 3790 2047 3853 sit,
2095 3797 2152 3842 et
2189 3789 2405 3858 qualem
2432 3798 2683 3857 oporteat
2712 3789 2933 3846 Christo
2963 3788 3075 3845 Deo
3119 3800 3306 3847 nostro
3335 3792 3530 3848 adora-

1957 3880 2156 3935 tionem
2189 3878 2471 3943 exhibere.
2523 3889 2575 3939 et
2619 3880 3042 3937 convenientem
3090 3879 3253 3937 simul
3288 3896 3528 3937 venera-

1956 3970 2157 4026 tionem
2213 3971 2388 4027 sacris
2437 3972 2767 4043 imaglnibus
2804 3987 2913 4030 non
2969 3974 3266 4045 denegare,
3322 3988 3526 4048 perque

1956 4060 2053 4117 bas
2107 4060 2370 4118 honorem
2410 4063 2494 4120 ad
2544 4064 2900 4135 archetypum
2970 4064 3251 4123 extollere.
3322 4065 3529 4122 Praeter

1955 4152 2095 4216 bzec,
2181 4155 2520 4210 venerandas
2592 4169 2809 4226 quoque
2872 4155 3135 4226 imagines
3197 4157 3530 4212 honoramus

1956 4243 2317 4300 sanctissima?
2346 4254 2401 4299 et
2431 4245 2796 4301 immaculata:
2828 4246 3072 4301 Domina:
3103 4254 3303 4303 nostra:
3344 4263 3523 4304 vera:-

1955 4348 2061 4406 que
2088 4336 2274 4391 tutela:
2319 4351 2535 4406 semper
2580 4336 2822 4407 Virginis
2858 4336 3126 4409 Deiparae,
3161 4353 3281 4409 qua:
3328 4354 3533 4395 secun-

1955 4429 2085 4482 dum
2140 4443 2359 4505 carnem
2405 4429 2695 4485 Dominum
2735 4440 2982 4486 nostrum
3010 4430 3195 4489 Jesum
3244 4430 3523 4489 Christum

268 4488 532 4591 ἀπτόρως
577 4519 674 4573 καὶ
712 4488 1009 4590 ἀφράστως
1060 4488 1153 4574 καί
1200 4488 1497 4589 ὑπεριρυῶς
1545 4516 1851 4588 τεκούσης·

1959 4516 2150 4585 Deum,
2170 4502 2290 4574 sine
2310 4520 2518 4579 semine
2544 4518 2894 4576 ineﬂ’abiliter
2921 4530 2975 4576 et
3034 4524 3533 4592 supernaturaliter

271 4610 541 4674 ὡσαύτως
584 4610 681 4664 καὶ
728 4611 835 4662 τῶν
884 4610 1058 4679 ἁγίων
1107 4610 1394 4679 ἀγγέλων,
1455 4609 1548 4663 καὶ
1593 4609 1703 4662 τῶν
1753 4607 1850 4664 ἀλ-

268 4703 379 4758 λων
431 4703 691 4757 ἁπάντων
736 4701 910 4770 ἁγίων
954 4700 1065 4755 τῶν
1101 4703 1197 4755 ἀπ’
1233 4701 1428 4765 αἰῶνος
1460 4699 1610 4772 αὐτῷ
1652 4701 1849 4771 εὐαρε-

272 4793 595 4866 στηαάντων
621 4809 636 4826 ο
667 4787 742 4846 ὧν
768 4795 862 4847 καὶ
888 4794 988 4856 τὰς
1020 4793 1241 4863 μνήμας
1270 4791 1625 4855 εὐσεϐοῦντες
1654 4792 1849 4862 γεραί-

274 4903 476 4957 ρομεν,
506 4886 600 4939 καὶ
631 4886 732 4949 τὰς
770 4884 1066 4955 πρεσϐείας
1098 4884 1421 4954 ἐξαιτούμεν
1446 4900 1458 4915 ⁸
1488 4885 1624 4948 ζῶσι
1654 4885 1766 4957 γὰρ
1796 4888 1854 4940 ἐν

269 4979 392 5050 Θεῷ
419 5020 436 5045 ,
476 4979 574 5031 καὶ
616 4978 935 5049 ἐνεργοῦσιν
968 4981 1026 5031 ὲν
1061 4977 1247 5049 αὐτῷ,
1296 4978 1390 5031 καὶ
1423 4979 1536 5040 τοῖς
1583 4977 1856 5048 προστρέο

271 5088 436 5143 χουσι
498 5071 594 5124 καὶ
641 5069 919 5140 δεομένοις
964 5054 1293 5140 ἐπικουρεῖν
1349 5069 1444 5122 καὶ
1503 5066 1721 5138 βοηθεῖν
1786 5069 1853 5141 τῇ

273 5163 475 5237 ἐνούσῃ
507 5162 696 5227 αὐτοῖς
725 5162 878 5234 παρά
897 5161 1034 5217 Θεοῦ
1066 5163 1295 5233 δυνάμει
1324 5162 1420 5215 καὶ
1452 5161 1636 5234 χάριτι
1667 5160 1858 5216 δύναν-

345 5361 464 5431 (47)
505 5357 804 5415 Honorium
832 5360 1129 5415 Romanum
1166 5362 1307 5415 inter
1338 5361 1719 5418 Munotbelitas
1742 5363 1843 5417 tni-

275 5434 425 5518 nime
453 5432 884 5518 numerarineum
912 5432 1108 5518 βαι-βία
1142 5445 1195 5518 et
1232 5431 1442 5518 Iiyrrbo
1472 5432 1846 5518 udSopltronio

276 5501 575 5566 Ilierusul.,
628 5516 657 5554 a
710 5499 934 5556 Nicolao
993 5499 1432 5570 Constantinam,

272 5573 571 5645 synodico,
608 5571 718 5645 disi
752 5571 864 5639 jam
886 5642 895 5645 _
917 5572 967 5625 iu
1001 5570 1268 5645 Spicilegii
1313 5570 1463 5627 Rom.
1507 5573 1844 5645 praefatione,

278 5640 315 5696 ιζ
348 5641 421 5706 Χ,
450 5656 507 5711 p.
535 5655 612 5708 ιε,
644 5640 799 5697 Nunc
827 5642 988 5696 etiam
1020 5641 1355 5702 Niccnbnrtts
1380 5640 1712 5711 patriarcha,
1746 5646 1845 5697 etsi

276 5710 597 5771 deccaSorcs
624 5710 1031 5782 suos.Sergium
1070 5722 1121 5769 et
1154 5710 1421 5784 Pyrrhum
1456 5714 1531 5768 uti
1566 5712 1849 5769 Monutbe-

1958 4611 2203 4679 peperit;
2247 4610 2489 4681 itemque
2531 4604 2844 4669 sanctorum
2894 4613 3235 4684 angelorum,
3267 4615 3530 4672 aliorum-

1958 4714 2065 4770 que
2088 4701 2330 4756 omnium
2361 4712 2673 4759 sanctorum
2715 4706 2803 4775 qui
2855 4706 3000 4761 omni
3031 4715 3277 4776 tempore
3323 4710 3372 4765 ei
3414 4711 3531 4782 pla-

1955 4804 2189 4850 cuerunt
2217 4810 2482 4866 :quorum
2509 4799 2672 4853 etiam
2697 4807 3042 4853 monumenta
3071 4799 3228 4856 donis
3240 4814 3524 4867 ornamus.

1951 4893 2010 4939 et
2062 4886 2508 4943 intercessionem
2562 4886 2853 4944 atnbimus.
2906 4889 3270 4949 Vivuutenim
3308 4894 3364 4951 in
3396 4896 3529 4963 Deo,

1958 4975 2011 5031 in
2036 4977 2261 5049 ipsoque
2287 4991 2602 5051 operantur,
2622 4991 2678 5057 et
2700 4981 2767 5036 ad
2800 4997 2860 5038 se
2892 4982 3333 5055 confugientibus
3366 4996 3529 5057 atque

1958 5070 2373 5138 implorantibus
2402 5073 2657 5127 auxiliari
2693 5088 2968 5146 opemque
3001 5075 3143 5132 ferre
3177 5093 3275 5149 per
3310 5079 3531 5136 insitam

1959 5162 2060 5216 sibi
2092 5177 2121 5216 a
2153 5161 2264 5217 Deo
2293 5164 2399 5218 vim
2452 5165 2791 5236 gratiamque
2840 5178 3064 5239 possunt
3089 5170 3225 5242 (68).
3259 5173 3374 5244 Age
3400 5188 3531 5228 vero

1954 5363 2082 5443 liras
2110 5375 2449 5443 exsecratur.
2483 5366 2553 5443 de
2585 5366 2824 5443 Honorio
2855 5379 3034 5437 tacet;
3070 5374 3214 5443 quod
3249 5382 3398 5443 certe
3418 5388 3526 5430 non

1956 5434 2194 5495 faceret.
2228 5437 2333 5491 nisi
2382 5438 2469 5491 illa
2516 5439 2636 5494 labe
2691 5439 2987 5497 Honorium
3021 5434 3324 5497 immunem
3362 5442 3531 5501 fuisse

1492 5512 1547 5558 et
1598 5519 1645 5575 a_
1668 5503 1846 5575 libello
1949 5504 2240 5575 iudicaret.

2028 5572 2141 5645 (48)
2176 5576 2515 5651 Augustinus
2541 5580 2606 5634 de
2633 5579 2914 5651 Nebridio,
2947 5582 3037 5649 qui
3067 5583 3134 5636 ad
3176 5582 3343 5636 Deum
3382 5599 3525 5651 prae-

1958 5655 2219 5709 cesserat,
2256 5645 2415 5716 Cotti.
2445 5665 2524 5714 ts,
2555 5651 2590 5704 5
2623 5669 2638 5705 ι
2672 5671 2691 5703 ε
2729 5648 2838 5705 Nec
2866 5645 2987 5706 eum
3017 5653 3254 5707 arbitror
3276 5645 3521 5711 oblivisci

1958 5716 2087 5770 mei.
2122 5734 2139 5767 ι
2176 5716 2240 5771 Et
2274 5731 2469 5774 contra
2516 5720 2779 5778 Faustum
2814 5721 2906 5777 lib.
2941 5738 3031 5790 xx,
3080 5724 3153 5779 20
3187 5741 3200 5778 :
3237 5743 3255 5777 ι
3290 5723 3528 5794 Pupulus
