4054 6204
439 273 549 337 603

1469 279 1530 341 S.
1573 278 1993 340 NICEPHORI
2035 231 2540 344 PATPiIARCHJS
2582 279 2694 341 ΟΡ.

3601 269 3709 340 σοι

442 398 499 441 et
544 387 747 441 cultum
799 384 1072 457 simulque
1123 385 1464 456 itnpurorum
1501 388 1804 444 dmmonum
1839 391 2010 445 consi‘

2122 390 2216 447 καὶ
2251 388 2572 460 θεραπείαν,
2603 386 2698 440 καὶ⁸
2727 385 3056 458 ἀκαθάρτων
3097 382 3399 454 δαιμονίων
3447 385 3530 450 είς
3571 403 3708 442 ταυ-

443 491 588 534 stere
609 493 766 546 posse
786 521 802 543 ,
827 481 950 550 quis
985 493 1114 539 sana
1136 490 1315 540 mente
1345 480 1604 548 praeditus
1634 481 1814 535 dicere
1835 478 2016 535 ausit?

441 570 579 626 ham
614 571 848 626 tenebrae
881 571 1076 626 solaris
1115 571 1252 626 lucis
1287 572 1632 641 praesentiam
1661 589 1763 626 non
1797 572 2016 642 patiun-

443 673 542 720 tur.
592 663 786 715 Verum
823 663 910 717 hic
942 663 1106 716 etiam
1145 662 1358 717 illorum
1391 662 1643 734 impietas
1668 665 2016 720 animadver-

443 765 608 808 tatur.
659 753 713 806 ln
759 768 1035 808 sacrarum
1086 754 1283 810 aedium
1345 755 1778 810 dedicationibus
1832 765 1883 810 et
1919 771 2017 812 en-

441 847 651 910 rzeniis,
705 859 892 913 preces
942 845 1050 900 Deo
1077 861 1108 900 a
1143 845 1581 901 ministrantibus
1615 846 1724 900 illic
1769 847 2015 901 sacerdo-

443 935 587 986 tihns
655 935 1188 1004 supplicationesque
1247 938 1414 1002 liunt,
1477 939 1677 1006 quibus
1739 940 2016 1008 postulant

440 1023 845 1076 sanctissimum
887 1025 1150 1093 Spiritum
1205 1026 1342 1080 mitti
1392 1029 1458 1079 ad
1491 1025 1747 1098 templum
1779 1027 2016 1083 sanctill-i

439 1113 668 1166 Catulum
710 1125 1022 1186 aeternaque
1057 1117 1175 1171 luce
1225 1117 1580 1186 implendum,
1639 1127 1802 1187 atque
1832 1131 1890 1173 ut
1923 1119 2014 1175 ille

439 1203 543 1258 sibi
574 1205 674 1259 hoc
717 1207 971 1276 templum
996 1209 1061 1262 ad
1094 1209 1461 1262 habitaculum
1493 1209 1695 1278 deligat
1723 1211 2014 1280 glorithue

443 1296 868 1360 tabernaculum,
899 1300 1098 1354 divinis
1123 1300 1354 1369 denique
1385 1302 1810 1356 t'liarisuiatibtts
1831 1311 2010 1368 ornet,

441 1387 701 1446 malorum
733 1392 1024 1444 remedium
1055 1391 1273 1455 eiliciat,
1295 1392 1570 1447 dlBIIIOIIBS
1603 1394 1727 1447 hinc
1752 1393 2010 1464 expellat,

441 1477 699 1532 Sanctum
753 1491 1061 1534 sanctorum
1119 1497 1239 1536 esse
1296 1484 1611 1540 constituat.
1665 1483 1810 1550 Quas
1870 1485 2014 1540 inter

441 1584 630 1636 preces
657 1573 840 1626 divino
873 1583 1148 1644 unguento
1181 1574 1234 1628 in
1267 1577 1538 1630 nonnullis
1568 1577 1751 1645 templi
1787 1578 1920 1634 locis
1955 1578 2013 1632 lit

441 1662 642 1726 unctio,
673 1673 725 1720 et
763 1679 1042 1719 sacrarum
1091 1677 1510 1736 sanctarutnque
1543 1669 1888 1739 reliquiarum
1928 1685 2010 1725 re-

2121 480 2214 538 τὸν
2252 479 2520 540 συνιέναι,
2554 477 2640 542 τίς
2688 475 2798 530 τῶν
2826 475 3145 548 ἐρρωμένον
3187 475 3281 529 τὸν
3320 475 3588 556 λογισμὸν
3622 495 3711 534 κε-

2123 569 2411 639 κτημένων
2439 569 2604 638 φάναι
2633 567 2994 638 τολμήσειενς
3018 566 3138 620 οῦδὲ
3171 567 3282 636 γὰρ
3314 568 3507 630 σκότος
3553 565 3712 636 ἡλια-

2121 660 2216 722 κοῦ
2237 661 2413 730 φωτὸς
2430 659 2734 732 παρουσίαν
2751 657 3082 728 ὑφίστασθαι
3107 657 3322 725 πέφυκε
3335 699 3348 712 .
3379 657 3711 712 Σκοπείσθω

2120 751 2178 807 δὲ
2204 750 2484 805 κάνταῦθα
2510 750 2582 804 τὰ
2610 750 2706 819 τῆς
2731 747 2991 812 ἀσεϐείας
3017 746 3206 802 αὐτῶν
3232 765 3246 780 ο
3273 749 3333 800 ἐν
3358 751 3482 811 ταῖς
3513 748 3709 805 καθιεο

2123 843 2322 918 ρὼσεσι
2379 842 2477 896 καὶ¹
2531 843 2644 904 τοῖς
2691 841 3068 910 ἐγκαινισμοίς
3123 839 3234 896 τῶν
3300 839 3462 912 ίερῶν
3507 841 3705 906 οἴκων,

2119 934 2278 1004 εὐχαὶ
2312 933 2390 1004 τῷ
2411 931 2531 1002 Θεῷ
2563 931 2714 1003 παρά
2752 931 2858 986 τῶν
2883 932 3348 1004 ὑπηρετουμένων
3377 932 3576 1004 ἱερέων
3609 933 3709 986 καὶ

2118 1023 2332 1096 δεήσεις
2378 1023 2772 1096 προσάγονται,
2813 1022 2884 1076 δι’
2931 1016 3008 1076 ὧν
3057 1022 3269 1082 αἰτοῦσι
3324 1024 3388 1076 τὸ
3432 1023 3708 1093 πανάγιον

2120 1116 2343 1186 Πνεῦμα
2379 1115 2862 1186 καταπεμφθῆναι,
2903 1115 2998 1169 καὶ
3036 1115 3366 1185 ἁγιασθῆναι
3395 1115 3489 1168 τὸν
3519 1111 3702 1181 οἷκον,

2119 1210 2214 1264 καὶ
2237 1209 2589 1280 πληρωθῆναι
2619 1203 2798 1278 <9th;
2823 1206 2994 1262 ἀϊδίου
3019 1222 3033 1236 ·
3060 1207 3340 1278 αίρετίσαι
3361 1225 3419 1260 τε
3448 1207 3542 1261 τὸν
3571 1207 3707 1262 ναδν

2118 1300 2198 1362 είς
2233 1299 2572 1368 κατοίκησιν.
2607 1300 2702 1352 καὶ
2734 1299 2899 1352 τόπον
2930 1299 3295 1371 σκηνώματος
3330 1299 3492 1370 δόξης
3519 1302 3700 1370 ἀπερ-

2117 1389 2413 1462 γάσασθαι,
2451 1393 2679 1462 κοσμεῖν
2701 1407 2761 1444 τε
2795 1389 2962 1443 αὐτὸν
2992 1393 3106 1455 τοῖς
3123 1390 3290 1454 θείοις
3313 1393 3660 1463 χαρίσμασιν
3685 1409 3702 1426 ο

2122 1482 2353 1552 ίατρεῖόν
2385 1497 2442 1534 τε
2469 1481 2822 1534 καθιστάνειν
2853 1480 3066 1545 παθῶν,
3093 1481 3190 1534 καὶ
3218 1480 3493 1552 δαιμόνων
3521 1499 3706 1550 φυγα-

2116 1575 2420 1646 δευτήρεον,
2437 1573 2533 1626 καὶ
2549 1573 2741 1640 ’Δγιον
2761 1573 2934 1642 ἁγίων
2955 1572 3381 1627 ἀναδείκνυσθαι
3403 1589 3418 1604 ⁸
3453 1574 3541 1648 ἐφ’
3555 1569 3640 1638 οἷς
3663 1575 3700 1648 ἡ

2117 1665 2208 1728 τοῦ
2238 1666 2384 1720 θείου
2417 1665 2590 1736 μύρου
2614 1667 2671 1716 ἐν
2695 1663 2859 1728 ἐνίοις
2883 1662 2975 1718 τοῦ
3002 1663 3134 1721 ναοῦ
3155 1664 3344 1728 τόποις
3363 1666 3569 1736 χρίσις,
3603 1667 3705 1720 καὶ

439 1754 653 1820 positio.
697 1753 834 1808 Num
873 1772 1004 1828 ergo
1033 1759 1181 1827 paria
1211 1760 1294 1813 his
1321 1773 1352 1813 a
1381 1737 1671 1814 contrarite
1711 1763 1881 1829 partis
1920 1763 2010 1817 ho-

2117 1757 2219 1811 τῶν
2245 1756 2406 1829 ἱερῶν
2436 1755 2543 1809 τῶν
2571 1737 2745 1824 ἁγίων
2772 1753 3047 1824 λειψάνων
3081 1754 3404 1818 κατάθεσις.
3439 1750 3569 1826 Ἆρ’
3602 1750 3703 1808 οὖν

440 1844 674 1904 minibus
697 1863 760 1902 ex
790 1849 873 1902 sui
901 1850 1168 1919 dogmatis
1203 1866 1394 1906 norma
1415 1851 1584 1906 liunt?
1616 1851 1754 1907 Num
1780 1870 1898 1923 quae
1927 1854 2014 1910 hic

437 1951 594 1995 sacra
637 1940 804 1993 verba
847 1941 1120 2005 dicuntur,
1146 1951 1202 1996 et
1228 1957 1348 2012 quae
1392 1945 1460 1998 ab
1503 1943 1637 2012 ipsis
1669 1954 2015 2000 monstruose

433 2039 866 2093 murmurantur,
886 2046 1127 2088 consona
1148 2032 1379 2088 invicem
1399 2043 1454 2088 et
1470 2045 1830 2090 consentanea
1851 2036 2014 2094 sunt?

435 2119 636 2188 tit-quis
654 2131 738 2172 est
763 2121 837 2176 ita
872 2124 1070 2178 stultus
1101 2137 1157 2179 et
1188 2137 1370 2182 mente
1415 2137 1605 2196 captus
1625 2167 1641 2194 ,
1675 2140 1735 2184 ut
1767 2133 2010 2186 eamdem

433 2209 604 2268 iidem
637 2221 691 2265 et
717 2210 965 2283 iugandis
995 2216 1330 2270 darmonibus
1356 2228 1537 2286 aptam
1565 2219 1730 2286 dicat,
1768 2231 1825 2275 et
1852 2221 2012 2278 simul

433 2301 670 2368 hospitio
697 2305 1052 2374 recipiendis?
1073 2306 1328 2364 Eantdem
1343 2319 1610 2376 sanctam,
1627 2321 1676 2365 et
1699 2314 2010 2368 exsi'crahi-

434 2392 582 2447 lem?
621 2395 861 2450 divinum
899 2397 1158 2469 Spiritum
1197 2402 1267 2456 ibi
1301 2403 1660 2469 obumbrare,
1695 2416 1751 2458 et
1795 2416 2013 2462 contra-

437 2485 577 2539 rium
611 2487 773 2542 simul
818 2491 1094 2546 residere?
1139 2494 1282 2564 quod
1325 2510 1516 2565 reapse
1565 2497 1634 2550 ah
1687 2497 1772 2551 bis
1818 2513 2013 2554 omnes

435 2577 684 2629 amentiae
713 2580 1054 2650 vesanitnqne
1099 2583 1235 2638 lines
1287 2587 1688 2657 prater-gressis
1748 2590 2008 2644 creditur.

432 2665 536 2732 Qui
567 2667 810 2735 profecto
857 2687 924 2726 ne
963 2673 1062 2728 ista
1096 2675 1310 2744 quidem
1341 2678 1617 2746 impietate
1648 2686 1804 2734 tenus
1826 2681 2010 2736 consi-

435 2769 606 2821 sutnt,
637 2762 732 2815 sed
763 2774 1073 2819 sanctorum
1103 2767 1266 2822 etiam
1291 2769 1494 2824 Christi
1525 2771 1883 2838 athletarum,
1913 2773 2009 2842 qui

433 2865 604 2920 usque
629 2855 692 2906 ad
718 2856 1037 2923 sanguinem
1061 2858 1482 2914 decet-laverunt
1501 2901 1517 2925 ,
1543 2872 1761 2916 sanctas
1793 2878 2007 2918 sacras-

432 2955 539 3009 que
565 2943 818 3012 reliquias
843 2947 896 3000 iii
921 2951 1258 3006 consecratis
1285 2951 1548 3006 altaribus
1574 2969 1836 3021 reponere
1862 2972 2010 3010 recu-

433 3043 625 3089 sarunt
659 3053 673 3090 :
714 3051 943 3106 quorum
979 3039 1143 3094 etiam
1173 3041 1617 3098 intercessionem
1661 3047 1930 3116 despuunt
1953 3057 2009 3104 et

2119 1844 2330 1910 τούτοις
2358 1843 2694 1914 κατάλληλον
2722 1845 2770 1896 oi
2801 1843 2902 1913 τῆς
2925 1843 3179 1907 ἐναντίας
3211 1843 3431 1915 μοίρας,
3469 1843 3532 1896 τὸ
3561 1845 3702 1917 παρ’

2118 1938 2300 2001 αὐτοῖς
2327 1935 2792 2007 δογματιζόμενον
2811 1935 3052 1990 τίθενται
3069 1953 3089 2003 °,
3109 1936 3179 1989 τά
3199 1951 3261 1988 τε
3283 1935 3526 1989 ἐνταῦθα
3550 1935 3702 2007 ἱερου

2117 2028 2420 2096 λογούμενα
2437 2027 2532 2083 καὶ
2553 2026 2622 2082 τὰ
2649 2043 2724 2081 πα
2733 2028 2779 2098 ρ’
2795 2027 2978 2091 αὐτοῖς
2997 2043 3055 2080 τε
3065 2025 3360 2098 ρατολογού
3369 2043 3530 2097 μενα,
3557 2027 3621 2079 σύ
3629 2045 3702 2097 μ-

2119 2137 2271 2191 φωνα
2289 2122 2382 2175 καὶ
2397 2121 2666 2176 ἀκόλουθα
2676 2122 2928 2193 ἀλλήλοις
2943 2123 3252 2195 καθέστηκε
3269 2125 3408 2190 ;Καὶ
3418 2124 3504 2188 τίς
3519 2121 3704 2190 οὕτως

2117 2213 2334 2287 ἔκφρων
2368 2215 2463 2269 καὶ
2479 2215 2830 2285 ἀνούστατος,
2851 2216 2994 2271 ὣστε
3021 2218 3114 2272 τὸν
3141 2218 3305 2272 αὐτὸν
3339 2213 3487 2272 οἷκον
3511 2218 3701 2286 λέγειν

2116 2306 2387 2378 δαιμόνων
2417 2308 2880 2380 φυγαδευτήριον,
2911 2311 3005 2364 καὶ
3027 2296 3302 2381 δαιμόνων
3330 2310 3529 2381 οἰκητή
3539 2327 3698 2381 ριονς

2115 2397 2272 2466 ἅγιον
2319 2396 2411 2452 τὸν
2457 2397 2646 2463 αὐτὸν,
2679 2399 2774 2452 καὶ
2805 2401 2976 2470 ἐναγῆ
3011 2397 3366 2466 δείκνυσθαι;
3395 2397 3516 2470 ἢτδ
3547 2398 3699 2452 θεῖον

2117 2490 2344 2560 Πνεῦμα
2368 2491 2711 2564 ἐπισκιάζειν
2743 2491 2802 2544 ἐν
2831 2491 3003 2559 αὐτῷ,
3040 2491 3135 2546 καὶ
3171 2491 3232 2553 τὸ
3277 2490 3520 2552 ἐναντίον
3573 2490 3700 2546 ἐπι-

2117 2581 2445 2656 χωριάζεινς
2471 2583 2611 2655 ὅπερ
2641 2578 2790 2638 οὗτοι
2816 2585 3003 2654 πάσης
3027 2585 3215 2648 ἀνοίας
3247 2585 3343 2638 καὶ
3384 2584 3702 2654 φρενοϐλαρ

2117 2676 2270 2739 ϐείας
2323 2675 2583 2730 ἐπέκεινα
2626 2678 2910 2749 προϊόντες
2946 2677 3280 2744 δοξάζουσιν.
3339 2680 3404 2732 Οἱ
3453 2676 3534 2738 δέ,
3573 2677 3702 2730 οὐδὲ

2115 2768 2226 2838 γὰρ
2256 2767 2420 2840 μέχρι
2443 2767 2654 2822 τούτων
2687 2769 2797 2823 τῶν
2819 2768 3188 2838 ἀσεϐημάτων
3218 2769 3537 2840 ἑστήκασιν,
3560 2769 3702 2822 ἀλλά

2115 2859 2225 2929 γὰρ
2247 2860 2341 2914 καὶ
2359 2861 2431 2913 τά
2451 2859 2559 2913 τῶν
2584 2860 2726 2928 ὑπὲρ
2747 2861 2986 2930 Χριστοῦ
3003 2861 3350 2933 ἠθληκότων,
3371 2861 3467 2916 καὶ
3495 2862 3698 2932 μέχρις

2114 2947 2349 3016 αἵματος
2383 2947 2838 3019 διηγωνισμένων
2870 2951 3064 3018 ἁγίων,
3101 2950 3234 3020 ἆγια
3263 2951 3357 3004 καὶ
3405 2951 3528 3023 ἱερά
3583 2951 3702 3004 λείη

2113 3037 2258 3108 ψανα
2309 3041 2368 3092 ἐν
2419 3043 2534 3103 τοῖς
2579 3041 3032 3112 καθιερωμένοις
3077 3043 3488 3114 θυσιαστηρίοις
3526 3059 3702 3105 καταρ-

434 3125 709 3189 abnuuut,
739 3144 802 3182 ex
849 3130 932 3183 sui
962 3130 1215 3186 nimirum
1251 3134 1517 3205 dogmatis
1544 3136 1790 3192 doctrina
1822 3137 2010 3207 hujus-

2117 3129 2362 3186 τίθεσθαι
2385 3135 2776 3204 παρῃτήσαντο
2797 3151 2812 3166 ·
2862 3127 2938 3188 ὧν
2960 3136 3056 3188 καὶ
3089 3135 3192 3198 τὰς
3249 3134 3546 3206 πρεσϐείας
3575 3134 3699 3189 δια-

435 3218 618 3271 modi:
669 3215 782 3272 Visi
809 3231 928 3275 sunt
967 3223 1104 3277 enim
1129 3223 1296 3278 oculis
1335 3226 1693 3294 insipientium
1745 3230 1901 3298 mori,
1957 3241 2008 3287 et

435 3313 702 3364 arstlnmta
753 3322 827 3366 est
877 3313 1089 3385 afﬂictio
1130 3317 1302 3371 exitus
1337 3317 1549 3372 illarum
1571 3359 1586 3384 ,
1617 3331 1664 3374 et
1703 3316 1951 3376 discessio
1977 3340 2010 3377 α

436 3399 584 3452 nobis
607 3404 998 3460 exterminium.
1027 3404 1092 3459 At
1137 3407 1278 3460 enim
1319 3407 1400 3461 illi
1433 3419 1552 3463 sunt
1587 3411 1640 3464 in
1668 3427 1795 3478 pace
1820 3413 1890 3467 ⁸¹.
1916 3411 2014 3466 Ita-

434 3505 543 3558 que
592 3491 644 3546 in
693 3493 793 3548 hoc
825 3495 1080 3550 universo
1123 3499 1316 3568 agendi
1365 3515 1564 3572 genere
1613 3501 1854 3559 infelices
1915 3505 2013 3562 hos

437 3596 574 3637 vano
600 3599 788 3640 errore
825 3585 1094 3652 laborare,
1129 3589 1416 3648 manifeste
1451 3604 1792 3665 compertum
1826 3575 1932 3654 est.

509 3855 669 3925 177
695 3853 858 3910 Iidem
894 3857 1024 3912 mihi
1057 3858 1304 3914 videntur
1328 3877 1521 3918 nomen
1549 3878 1762 3934 quoque
1791 3865 2003 3923 Domini

433 3945 586 3999 nihili
619 3946 858 4014 pendere
890 3963 955 4002 ac
984 3948 1296 4018 profanare,
1325 3961 1381 4007 et
1413 3955 1815 4012 contaminatos
1845 3957 2005 4014 altari

434 4053 600 4107 panes
630 4040 848 4102 ollerre,
881 4041 1008 4095 dum
1056 4043 1237 4099 dicere
1280 4047 1479 4102 audent
1517 4065 1532 4103 ε
1571 4047 1754 4103 Mensa
1824 4051 2011 4105 Domi-

432 4131 486 4184 ni
511 4132 874 4186 contaminata
907 4145 1008 4199 est,
1059 4143 1110 4188 et
1143 4141 1492 4207 superposita
1531 4139 1644 4194 illic
1673 4141 1834 4209 dapes
1869 4159 1995 4198 cou-

433 4223 729 4291 temptw",
775 4227 916 4294 quod
972 4228 1280 4297 antiquitus
1301 4231 1486 4302 legalis
1523 4233 1799 4305 religionis
1837 4250 2015 4290 sacer-

430 4315 647 4371 dotibus
686 4319 1074 4386 exprobratum
1117 4323 1340 4377 scimus.
1375 4323 1520 4380 Bene
1554 4337 1734 4380 autem
1755 4343 1877 4380 cum
1909 4326 2015 4382 illis

431 4416 644 4474 agetur,
675 4407 719 4461 si
756 4406 895 4474 quod
949 4411 1079 4464 olim
1134 4413 1339 4466 dictum
1373 4415 1476 4469 fuit
1537 4416 1744 4480 Israeli,
1793 4428 2008 4472 tantum

431 4499 706 4554 audierint
743 4518 757 4554 :
789 4499 1070 4572 Quousque
1112 4502 1434 4559 clamlicatis
1491 4507 1752 4562 ambabus
1791 4509 2006 4574 popliti—

430 4590 526 4644 bus
547 4591 630 4645 “1
690 4595 1008 4662 religionem
1059 4597 1166 4650 illis
1205 4599 1594 4664 attribui-ntrs,
1644 4601 1735 4669 qni
1768 4601 2006 4656 divinam

431 4681 600 4753 legem
636 4687 786 4752 parvi
815 4687 1110 4751 facientes,
1144 4689 1210 4741 ad
1253 4687 1608 4743 ﬁnitimarum
1643 4691 1885 4758 gentium
1915 4708 2006 4747 suo

433 4775 782 4841 perstitiones
836 4788 1163 4847 properant;
1211 4795 1313 4848 qua
1344 4778 1396 4832 in
1432 4795 1488 4833 re
1532 4777 2008 4836 Samaritanorum

433 4865 706 4932 pra-cipue
765 4867 1072 4922 institutum
1122 4879 1424 4934 sectantur,
1482 4870 1572 4940 qtti
1610 4879 1666 4925 et
1719 4871 2007 4926 Dominum

434 4956 788 5020 verebantur,
829 4969 886 5012 et
932 4959 1070 5012 idola
1137 4961 1296 5014 simul
1346 4976 1447 5016 sua
1513 4963 1808 5028 colebant;
1871 4963 2010 5019 male

433 5047 676 5113 quidem,
714 5050 805 5101 sed
853 5049 922 5100 ita
959 5059 1138 5105 tamen
1197 5052 1426 5108 fortasse
1464 5052 1711 5108 colebant
1765 5065 1824 5108 ut
1873 5070 2002 5124 pro-

433 5140 614 5208 prium
645 5140 846 5206 cuique
871 5140 1074 5194 cultum
1114 5144 1456 5198 exbiberent.
1492 5146 1584 5200 Isti
1616 5163 1743 5200 vero
1771 5146 2011 5202 confun-

435 5231 635 5283 dentes
660 5244 723 5283 ac
753 5231 1160 5297 permiscentes,
1196 5247 1357 5302 atque
1395 5249 1499 5287 una
1531 5233 1917 5305 conglobantes
1949 5251 2012 5289 ea

443 5337 569 5390 quae
625 5321 905 5391 coniugari
945 5330 1001 5374 et
1032 5324 1366 5377 coexsistere
1415 5337 1710 5394 nequeunt,
1764 5326 1908 5394 qttod
1942 5340 2008 5380 ne

440 5415 672 5484 cogitari
714 5416 930 5484 qtti.!eiii
983 5415 1101 5470 sine
1157 5431 1366 5470 suinzna
1410 5417 1746 5485 blasphemia
1801 5426 2002 5486 potest,

441 5521 607 5563 unum
657 5505 1020 5576 cunidcmque
1084 5507 1340 5562 honorem
1369 5516 1425 5562 et
1475 5508 1676 5564 cultum
1729 5511 2008 5580 utriusque

518 5681 562 5714 δ’
601 5684 724 5754 Sap.
769 5701 851 5750 ιιι,
1012 5686 1053 5717 ⁶²
1091 5685 1314 5740 Maluit.
1366 5701 1402 5748 I,
1447 5685 1524 5738 l2.

2115 3220 2344 3275 πτύουσί
2365 3239 2423 3276 τε
2454 3225 2548 3276 καὶ
2577 3224 2996 3291 ἀπαναίνονται,
3023 3223 3165 3282 κατά
3192 3241 3257 3292 γε
3279 3223 3340 3278 τὸ
3363 3223 3700 3300 παρβαύτοῖς

2116 3311 2588 3383 συγκροτούμενον
2641 3314 2821 3385 δόγμα
2845 3331 2859 3346 ·
2905 3315 3168 3382 Ἔδοξαν
3202 3317 3314 3386 γὰρ
3336 3316 3431 3370 καί
3473 3315 3590 3370 νῦν
3629 3315 3704 3374 ἑν

2115 3405 2442 3475 ὀφθαλμοῖς
2463 3407 2742 3475 ἀφρόνων
2762 3407 3058 3472 τεθνάναι,
3085 3407 3182 3465 καί
3198 3407 3484 3478 ἐλογίσθη
3507 3405 3704 3460 κάκω-

2114 3512 2216 3562 σις
2243 3495 2280 3560 ἡ
2347 3495 2561 3562 ἐξυδος
2611 3495 2833 3562 αὐτῶν,
2895 3497 2994 3552 καί
3043 3499 3083 3567 ἡ
3133 3499 3234 3568 ἀφ’
3269 3498 3440 3569 ἡμῶν·
3489 3499 3706 3566 πορεία

2114 3586 2483 3656 σύντριμμαο
2528 3590 2582 3642 οἱ
2627 3587 2696 3642 δέ
2744 3591 2904 3643 εἰσιν
2954 3589 3026 3643 ἐν
3071 3588 3318 3659 εἰρήνῃ·
3349 3589 3432 3643 διὸ
3477 3589 3538 3642 ἐν
3563 3590 3704 3643 πᾶσι

2114 3675 2320 3740 τούτοις
2356 3681 2406 3731 οἱ
2443 3679 2704 3745 δείλαιοι,
2737 3679 3066 3752 ἀνομοῦντες
3101 3681 3191 3742 διὰ
3223 3680 3388 3752 κενῆς
3428 3679 3705 3754 λαμπρῶς

2117 3771 2501 3842 ἐφωράθησαν.

2187 3865 2250 3918 Οἱ
2279 3863 2432 3917 αὐτοὶ
2464 3865 2520 3918 δέ
2556 3881 2649 3936 μοι
2679 3863 2899 3920 δοκοῦσι
2933 3865 3028 3919 καὶ
3063 3863 3349 3934 φαυλίζειν
3393 3863 3487 3918 καὶ
3535 3862 3705 3936 βεϐηο

2114 3951 2241 4007 λοῦν
2261 3955 2323 4008 τὸ
2353 3953 2526 4026 δνομα
2554 3955 2782 4027 Κυρίου,
2815 3955 2913 4008 καὶ
2942 3955 3242 4028 προσάγειν
3269 3955 3350 4026 τῷ
3383 3955 3694 4025 θυσιαστη-

2119 4045 2219 4116 ρίῳ
2243 4045 2442 4118 ἄρτους
2477 4045 2905 4116 ὴλισγημένους,
2939 4045 3122 4115 λέγειν
3171 4063 3230 4100 τε
3261 4045 3506 4117 τολμᾷν·
3552 4043 3702 4112 Τρά-

2117 4134 2259 4195 πεζα
2285 4135 2506 4203 Κυρίου
2530 4134 2909 4206 ἠλισγημένη
2927 4135 3082 4199 ἐστι,
3106 4133 3298 4190 καὶτὰ
3315 4133 3705 4204 ἐπιτιθέμενα

2111 4227 2396 4297 βρώματα
2447 4226 2635 4282 αὐτοῦ
2687 4225 3158 4296 ἐξουθενημένα.
3211 4227 3390 4298 Ὅπερ
3454 4226 3516 4280 τὸ
3567 4225 3702 4295 πρὶν

2117 4319 2232 4380 τοῖς
2259 4317 2360 4388 τῆς
2408 4317 2466 4369 ἐν
2494 4318 2646 4388 νόμῳ
2681 4317 2941 4389 λατρείας
2996 4317 3242 4390 ἱερεῦσιν
3291 4317 3701 4388 ἐγκαλούμενον

2121 4409 2309 4479 ἴσμεν·
2343 4408 2542 4462 πολλοῦ
2594 4409 2640 4462 δ’
2673 4409 2738 4463 ἂν
2768 4409 2912 4476 ἄξιοι
2950 4410 3268 4480 φανοῦνται,
3325 4411 3376 4462 εί
3412 4411 3558 4464 κατά
3605 4409 3700 4463 τὸν

2119 4501 2289 4555 πάλαι
2328 4500 2548 4571 Ἰσραὴλ
2568 4502 2776 4554 ἐκεῖνον
2806 4499 3102 4563 ἀκούσειαν
3125 4517 3140 4531 ο
3169 4502 3320 4568 Ἕως
3339 4501 3486 4556 πότε
3509 4504 3702 4570 χωλα-

2111 4591 2270 4646 νεῖτε
2297 4591 2390 4644 ἐπ’
2414 4591 2778 4660 ἀμφοτέραις
2803 4591 2933 4658 ταῖς
2959 4592 3232 4662 tri-date;
3271 4591 3372 4660 τὴν
3398 4589 3702 4662 θρησκείαν

2113 4680 2348 4745 ἐκείνοις
2385 4679 2888 4752 παραϐαλλόμενοι,
2915 4681 3008 4734 τοῦ
3034 4680 3182 4734 θείου
3209 4680 3377 4751 νόμου
3401 4679 3707 4748 κατολιγω-

2115 4774 2337 4848 ρήσασι,
2371 4773 2466 4828 καὶ
2492 4773 2626 4844 πρὸς
2657 4773 2728 4826 τὰ.
2749 4774 2858 4826 τῶν
2889 4773 3108 4845 ὁμόρων
3146 4771 3318 4826 ἐθνῶν
3361 4771 3702 4844 ἀποτρέχειν

2115 4865 2437 4937 σεϐάσματα
2489 4863 3018 4930 διασπουδάζουσιν·
3192 4863 3265 4918 τὰ
3332 4862 3706 4932 Σαμαρειτῶν

2120 4956 2458 5026 ἐγνώκεισαν
2471 4957 2830 5020 διατίθεσθαι,
2851 4957 2903 5012 οἳ
2925 4958 3022 5010 καὶ
3042 4956 3134 5011 τὸν
3154 4956 3360 5026 Κύριον
3377 4955 3704 5025 ἐφοϐοῦντο,

2122 5050 2220 5104 καὶ
2251 5051 2363 5114 τοῖς
2395 5049 2536 5114 θεοῖς
2581 5049 2765 5104 αὐτῶν
2793 5049 3119 5121 ἐλάτρευον,
3156 5049 3345 5112 κακῶς
3395 5048 3520 5118 μὲν,
3551 5047 3707 5117 ὅμως

2120 5142 2165 5196 δ’
2196 5139 2292 5196 οῦν
2322 5143 2464 5213 τάχα
2514 5159 2632 5207 πως
2667 5145 2776 5210 τοῖς
2812 5141 3320 5213 προσκυνουμένοις
3374 5137 3564 5203 ἰδικῶς
3601 5137 3705 5210 τὴν

2124 5233 2380 5306 λατρείαν
2424 5233 2849 5307 προσφέροντες.
2887 5228 3048 5290 Οὗτοι
3087 5233 3198 5304 γάρ
3229 5230 3557 5302 συγχέοντες
3611 5231 3711 5286 καὶ

2126 5326 2502 5397 συμφύροντες
2526 5325 2777 5380 καὶκατὰ
2791 5325 2985 5380 ταυτὸν
3002 5325 3226 5395 ἄγοντες
3246 5324 3314 5378 τὰ
3336 5323 3515 5391 πάντη
3541 5322 3708 5376 ἀσυνε-

2122 5415 2330 5470 δύαστα
2346 5418 2442 5472 καὶ
2462 5419 2879 5490 ἀσυνύπαρκτα,
2898 5417 2928 5470 δ
2943 5417 3038 5472 καὶ
3055 5416 3218 5487 μόνον
3238 5416 3444 5470 ἐννοεῖν
3459 5413 3676 5486 βλασφη
3691 5441 3708 5453 -

2130 5511 2258 5582 μίας
2287 5511 2384 5582 τῆς
2407 5511 2690 5580 ἀνωτάτω,
2723 5511 2855 5586 μίαν
2887 5509 2982 5564 καί⁹
3001 5508 3103 5583 τὴν
3132 5507 3302 5582 αὐτὴν
3327 5506 3487 5575 δόξαν
3515 5503 3613 5562 καὶ
3649 5503 3711 5558 τὸ

1623 5687 1666 5716 ⁸³
1711 5684 1772 5740 lli
1803 5683 1932 5756 ll-g.
1983 5701 2138 5752 xvttt,
2171 5685 2258 5740 2|.
