4054 6204
369 300 482 369 605
1196 309 1764 375 APOLOGETICUS
1795 313 1943 375 PRO
1982 314 2247 377 SACRIS
2280 315 2761 379 IMAGINIBUS.
3540 308 3646 372 6οε

368 417 538 478 σέϐας
573 413 757 476 αὐτοῖς
796 412 1142 478 ἀπαιδεύτως
1197 416 1289 469 καὶ
1343 415 1522 481 ἀθέως
1573 418 1928 488 προσάγεσθα

2060 420 2309 489 imperite
2356 431 2411 477 et
2442 422 2742 493 irreligioso
2784 418 3040 474 adhibere
3083 417 3291 473 volunt.
3344 417 3644 477 Corinthiis

368 506 679 577 βούλονται.
732 505 1047 577 Κορινθίοις
1097 507 1208 579 γὰρ
1241 508 1366 577 ἀρτι
1408 508 1511 578 τῆς
1557 510 1668 563 τῶν
1719 510 1937 565 είδώλωι

2068 510 2214 564 enim
2247 512 2336 580 qui
2363 527 2532 581 nuper
2565 512 2634 565 ab
2692 509 2955 564 idolorum
3003 510 3219 576 crapula
3281 508 3642 577 resipuerant,

364 598 702 653 ἀνανεύσασι
729 597 924 668 μέθης,
957 598 1054 651 καὶ
1074 596 1157 650 ἔτι
1178 601 1462 667 σαρκικοῖς
1482 600 1602 653 οὖσι
1623 600 1721 655 καὶ
1739 619 1803 673 νη
1813 602 1937 655 πίοις

2065 607 2118 653 et
2151 600 2401 656 carnales
2433 602 2608 656 adhuc
2652 600 2974 670 parvulique
3014 609 3174 654 erant
3207 600 3259 653 in
3314 597 3557 664 Christo,
3589 609 3638 655 et

365 692 425 745 ἐν
441 690 688 760 Χριστῷ,
717 689 861 758 γάλα
890 689 1211 755 ποτίζεσθαι
1240 691 1333 745 καὶ
1354 691 1416 743 οὐ
1437 690 1637 762 βρῶμα
1655 692 1936 762 δεομένοις

2064 688 2205 744 lacte
2224 692 2418 759 potius
2443 708 2605 762 quam
2627 706 2751 745 esca
2776 690 2970 744 mttriri
2998 689 3232 757 egebant
3255 688 3323 757 “,
3350 703 3646 759 compara-

366 781 866 853 παρεξετάζεσθαι,
906 782 1104 835 πολλοῦ
1139 798 1201 850 γε
1235 783 1329 837 καὶ
1357 782 1460 849 δεῖ,
1490 783 1579 837 διά
1603 802 1664 837 τε
1697 784 1792 838 τοῦ
1830 786 1937 856 χρὸε

2063 781 2107 835 ri
2141 781 2240 835 hos
2281 781 2439 852 longe
2466 791 2551 837 est
2578 782 2865 845 absonum,
2901 792 3011 833 tum
3051 788 3271 848 propter
3290 789 3630 847 postremum

366 890 461 926 νου
482 872 542 924 τὸ
570 871 821 942 ἔσχατον,
845 872 940 925 καὶ
968 872 1030 925 τὸ
1047 874 1106 925 ὲν
1126 872 1361 941 δόγμασι
1385 873 1479 925 καὶ
1496 872 1751 944 θεωρίαις
1777 875 1937 944 ίσχνόι

2060 888 2166 942 quo
2196 874 2385 932 vivunt
2412 879 2648 942 tempus,
2680 884 2791 927 tum
2825 874 2990 927 etiam
3025 874 3095 925 ob
3130 873 3443 940 dogmatum
3467 869 3637 925 defa-

364 982 423 1019 τε
448 964 545 1018 καὶ
567 964 1049 1034 κατεξητασμένον
1066 978 1080 992 ⁸
1107 964 1245 1033 πρὸς
1263 963 1405 1035 ὂούχ
1429 959 1533 1018 οἷοί
1565 966 1625 1019 τέ
1654 968 1793 1019 εἰσιν
1809 966 1937 1020 άντιι

2058 972 2237 1019 catam
2264 964 2376 1033 jam
2411 966 2715 1020 doetriuam
2742 974 2794 1020 et
2836 964 3201 1034 exploratam.
3229 962 3344 1029 Qua
3382 976 3547 1031 super
3579 976 3638 1016 re

363 1057 587 1116 τείνειν.
624 1055 658 1126 ἢ
691 1055 989 1122 ἀπολογίας
1035 1054 1353 1124 ἡστινοσοῦν
1386 1056 1644 1128 ἀφορμὴν
1693 1059 1937 1129 προΐσχε-

2059 1060 2324 1130 ret'ragari
2366 1060 2589 1114 minime
2626 1067 2874 1128 possunt,
2907 1073 3079 1126 neque
3103 1057 3271 1110 ullum
3302 1056 3636 1112 defensionis

368 1147 521 1209 σθαι,
537 1147 571 1216 ἢ
609 1148 884 1218 Ἑϐραίοις
908 1147 1008 1217 τῆς
1038 1146 1337 1218 Ἰουδαϊκῆς
1351 1148 1447 1201 καὶ
1463 1149 1951 1219 πατροπαραδότου

364 1240 716 1310 ἀναστροφῆς
747 1239 1254 1309 μεταποιουμένοις,
1291 1238 1368 1301 ὡς
1423 1238 1614 1308 χρείαν
1636 1238 1784 1308 ἔχειν
1806 1239 1952 1293 stae-

366 1332 616 1393 σκεσθαι,
645 1331 766 1384 τίνα
793 1332 861 1384 τά
891 1334 1133 1403 στοιχεῖα
1159 1332 1258 1402 τῆς
1280 1330 1458 1402 ἀρχῆς
1485 1330 1592 1385 τῶν
1632 1331 1831 1399 λογίων
1854 1330 1950 1385 τοῦ

364 1422 520 1485 Θεοῦ,
557 1422 767 1475 δεῖσθαί
791 1439 851 1475 τε
892 1422 1189 1491 γάλακτος,
1238 1423 1299 1476 οὐ
1355 1424 1587 1496 στερεᾶς
1615 1422 1844 1493 τροφῆς.
1886 1423 1950 1475 El

362 1517 422 1569 δὲ
470 1513 729 1567 τοσοῦτον
779 1514 1180 1586 ἐσκοτίσθησαν
1222 1517 1337 1578 τοῖς
1387 1514 1787 1585 διαλογισμοῖς,
1840 1512 1938 1567 καὶ

361 1607 657 1676 ἐμωράνθη
688 1608 721 1676 ἡ
751 1605 1013 1668 ἀσύνετος
1044 1606 1226 1660 αὐτῶν
1256 1607 1476 1676 καρδία,
1516 1608 1616 1660 καὶ
1664 1605 1803 1675 πρὸς
1836 1606 1938 1669 τάς

365 1696 457 1750 τοῦ
480 1696 837 1764 εὖαγγελικοῦ
860 1696 1472 1787 κηρύγμξοςάκτῖνας
1497 1694 1945 1767 ἀμϐλυώττουσι,

360 1788 547 1841 καὶτὸ
581 1786 1026 1856 διαστελλόμενον
1075 1786 1309 1841 συνιδεῖν
1356 1788 1460 1841 οὐκ
1516 1788 1817 1858 ἰσχύουσιν,
1850 1786 1947 1841 ἐπὶ

2054 1152 2335 1203 obtentum
2394 1164 2506 1219 pra:
2554 1164 2615 1203 se
2664 1147 2905 1202 tendere.
2954 1145 3142 1215 Neque
3196 1147 3329 1199 item
3392 1144 3638 1200 Hebraeis

2056 1240 2363 1309 comparari
2393 1247 2636 1309 queunt,
2674 1248 2914 1306 paterna
2962 1235 3393 1292 conversationis
3423 1237 3629 1291 tenaci-

2002 1332 2008 1337 ’
2056 1330 2177 1392 bus,
2204 1331 2279 1385 ita
2334 1340 2391 1385 ut
2425 1346 2522 1387 eos
2578 1340 2857 1396 Oporteret
2890 1330 3123 1392 discere,
3161 1344 3410 1397 quamam
3449 1337 3635 1384 essent

2052 1421 2322 1475 eletneuta
2358 1421 2569 1475 exordii
2596 1436 2909 1475 sermonum
2954 1419 3079 1485 Dei;
3122 1430 3178 1475 et
3210 1420 3337 1474 item
3382 1418 3485 1485 lac,
3523 1435 3630 1487 non

2051 1510 2281 1564 solidam
2308 1525 2514 1579 escam,
2551 1511 2987 1580 requirerent".
3046 1510 3198 1577 Quod
3254 1512 3299 1565 si
3344 1520 3630 1581 tantopere

2050 1606 2356 1659 obscurata:
2381 1614 2507 1658 sunt
2531 1605 2741 1660 illorum
2766 1604 3151 1675 cogitationes,
3181 1612 3237 1657 et
3291 1603 3625 1658 infamatum

2050 1694 2316 1763 insipiens
2347 1696 2662 1750 eorumdem
2692 1712 2808 1759 cor,
2837 1707 3001 1766 atque
3029 1698 3096 1749 ad
3124 1695 3453 1765 evangelica:
3488 1711 3628 1766 pra:-

2051 1787 2343 1841 dicationis
2383 1787 2564 1841 radios
2609 1788 2922 1851 cmcutiunt,
2985 1796 3041 1841 et
3085 1802 3265 1841 rerum
3300 1786 3622 1843 discrimina

359 1881 472 1941 τοῖς
498 1881 579 1941 εἰς
606 1879 836 1945 ἄπειρον
870 1877 1272 1949 διῳκισμένοις,
1327 1879 1422 1932 καὶ
1453 1879 1636 1934 πᾶσαν
1665 1878 1937 1947 ὑπερανα-

2053 1893 2349 1947 agnoscere
2399 1888 2678 1949 nequeunt
2731 1878 2939 1933 inﬁnite
3003 1894 3035 1932 a
3093 1878 3247 1933 nobis
3300 1888 3627 1940 remotarum

358 1971 623 2041 ϐεϐηκόσι
671 1971 983 2041 σύγκρισιν,
1036 1971 1223 2043 ἐπειδὴ
1264 1970 1369 2024 ἀνά
1422 1969 1586 2042 μέσον
1637 1970 1796 2039 ἁγίου
1848 1970 1944 2024 καὶ

360 2062 593 2133 βεϐήλου
616 2062 949 2116 διαστέλλειν
977 2062 1078 2115 οὐκ
1105 2060 1309 2127 ἴσασιν,
1356 2056 1685 2116 ἀκούσονται
1708 2061 1763 2115 τί
1802 2060 1943 2133 πρὸς

358 2155 562 2218 αὐτοὺς
613 2156 641 2207 ὁ
674 2154 768 2208 τοῦ
811 2154 1149 2223 Εὐαγγελίου
1204 2154 1492 2226 ίερουργὺς
1536 2156 1936 2225 άποφανεῖται,

356 2246 459 2316 τὴν
489 2245 903 2316 ὲπαχλύζουσαν
945 2248 1129 2299 αὐτῶν
1170 2250 1286 2311 τοῖς
1332 2246 1535 2317 ψυχαῖς
1568 2246 1940 2317 παραδεικνὺς

358 2339 724 2407 σκοτόμαιναν
744 2356 758 2369 ·
788 2338 919 2391 Ὀτι
941 2340 996 2392 εὶ
1015 2340 1150 2393 ἐστι
1173 2337 1637 2408 κεκαὶυμμένον
1662 2336 1729 2390 τὸ
1747 2340 1944 2408 Εὐαγ-

354 2428 564 2498 τέλιον
577 2428 769 2497 ἡμῶν.
792 2428 866 2482 ἐν
882 2428 1008 2495 τοῖς
1026 2428 1477 2496 ἀπολλυμένοις
1493 2427 1626 2483 ἐστὶ
1641 2432 1946 2497 κεκαλυμ-

352 2519 576 2588 μένον⁸
606 2520 677 2573 ὲν
705 2515 797 2586 οἷς
830 2523 863 2574 ὀ
907 2519 1043 2586 θεὸς
1087 2519 1197 2574 τοῦ
1259 2519 1479 2587 αἰῶνος
1509 2520 1751 2583 τούτου,
1798 2519 1934 2574 ἐτύ-

357 2617 580 2682 φλωσε
639 2612 714 2666 τὰ
760 2611 1035 2681 νοήματα
1064 2611 1188 2666 τῶν
1218 2611 1516 2676 ἀπίστων,
1580 2613 1669 2677 εις
1722 2609 1790 2664 τὸ
1851 2610 1940 2681 μὴ

348 2704 692 2775 ἐναυτάσαι
721 2705 928 2771 αὐτοῖς
952 2705 1064 2758 τὸν
1099 2705 1414 2775 φωτισμὸν
1457 2702 1568 2773 τῆς
1600 2704 1789 2772 δόξης
1831 2703 1941 2759 τοῦ

350 2797 733 2867 Εἰσατγενιίου
759 2798 866 2851 τοῦ
913 2797 1208 2865 Χριστοῦ’
1260 2796 1488 2868 προσέτι
1539 2796 1631 2862 δὲ,
1675 2798 1748 2851 οὐ
1781 2796 1940 2850 θέλω

359 2888 513 2960 ι’·μᾶς
559 2889 890 2956 κοινωνοὺς
939 2889 1061 2942 τῶν
1109 2888 1435 2958 δαιμονίων
1485 2887 1805 2957 γενέσθαι·
1864 2888 1939 2942 οὐ

346 2981 624 3035 δύνασθε
654 2981 948 3050 ποτήριον
983 2981 1205 3049 Κυρίου
1249 2981 1452 3034 πίνειν
1499 2979 1597 3033 καί
1642 2979 1935 3048 ποτήριον

344 3066 695 3141 δαιμονίων·
715 3074 787 3126 οὺ
802 3070 1068 3126 δύνασθε
1082 3070 1373 3139 τραπέζης
1389 3070 1617 3139 Κυρίου
1632 3069 1776 3140 μετέ
1779 3086 1930 3138 χειν,

345 3163 449 3217 καί
479 3160 772 3231 τραπέζης
794 3161 1139 3232 δαιμονίων.

2050 1979 2214 2039 atque
2261 1971 2409 2023 omni
2468 1970 2876 2040 comparatione
2925 1969 3218 2037 majorum,
3270 1969 3395 2037 quia
3430 1982 3627 2038 nempe

2049 2061 2195 2116 inter
2244 2070 2498 2117 sanetum
2549 2069 2605 2115 et
2645 2060 2907 2129 pollutum
2962 2060 3298 2129 distinguere
3341 2061 3619 2125 nesciunt,

2047 2153 2267 2206 audiant
2292 2153 2421 2222 quid
2474 2152 2554 2208 eis
2580 2151 2862 2221 Evangelii
2897 2153 3156 2207 sacerdos
3198 2152 3363 2215 dicat,
3397 2149 3626 2207 offusam

2047 2243 2289 2313 ipsorum
2322 2244 2606 2299 animabus
2654 2244 2943 2313 caliginem
2991 2242 3375 2298 demonstrans
3426 2240 3629 2308 :Quad

2042 2337 2091 2391 si
2115 2345 2188 2390 est
2229 2346 2467 2403 opertum
2511 2334 2855 2405 anngetium
2888 2346 3147 2400 nostrum,
3181 2335 3235 2387 in
3264 2335 3332 2388 iis
3381 2335 3472 2406 qui
3504 2348 3625 2401 per-

2042 2436 2169 2481 eunt
2221 2436 2460 2498 opertum
2491 2438 2588 2482 est.
2624 2426 2766 2482 Nam
2818 2425 2947 2481 deus
2977 2427 3137 2495 lmjus
3164 2427 3349 2480 ςιινειιίὶ
3385 2442 3627 2481 exceca-

2043 2520 2110 2573 vit
2143 2530 2336 2574 mentes
2365 2520 2683 2588 inﬁdelium,
2727 2530 2782 2572 ut
2822 2536 2924 2573 non
2953 2519 3154 2587 fulgeat
3185 2520 3294 2574 illis
3350 2520 3629 2574 illumina-

2048 2611 2123 2665 tio
2162 2610 2436 2680 Evangelii
2477 2611 2664 2680 gloriae
2712 2610 2915 2665 Christi
2936 2612 3003 2664 “.
3046 2610 3271 2680 Insuper
3305 2628 3320 2666 :
3369 2610 3509 2666 Nolo
3536 2626 3627 2668 vos

2046 2705 2215 2759 socios
2245 2703 2364 2773 ﬁeri
2394 2706 2778 2759 dwtuoniorum
2803 2719 2822 2758 :
2855 2717 2959 2757 mm
3000 2706 3225 2772 potestis
3264 2703 3482 2759 calicem
3511 2702 3620 2758 Do-

2045 2797 2175 2851 mini
2206 2795 2401 2863 bibere,
2438 2806 2486 2851 et
2524 2797 2742 2850 calicem
2774 2796 3156 2849 dmmoniorum
3199 2812 3217 2850 :
3268 2812 3371 2849 non
3408 2796 3629 2864 potestis

2045 2902 2239 2939 meum
2276 2885 2490 2940 Domini
2545 2886 2828 2955 participes
2860 2900 2993 2951 csse,
3018 2896 3068 2938 et
3094 2902 3288 2940 mensa:
3324 2884 3624 2941 daemonio-

2046 2993 2159 3031 rum
2174 2976 2244 3031 ".

421 3255 718 3328 οἰήσονται
751 3272 820 3326 με
852 3255 983 3317 ἴσως
1037 3250 1238 3322 πικρὸν
1267 3251 1558 3321 φανεῖσθαι
1603 3252 1937 3324 κατήγορον,

2116 3247 2517 3303 Existimabam
2555 3261 2640 3302 me
2673 3245 2907 3301 fortasse
2944 3262 3192 3301 amarunt
3221 3257 3622 3318 accusatorem,

347 3345 780 3419 περιεργότερον
818 3343 920 3413 τῆς
969 3341 1331 3412 πολυσχιδοῦς
1374 3342 1601 3413 ,πλάνης
1648 3342 1748 3406 τάς
1791 3359 1935 3414 παρ-

351 3438 631 3509 εκτροπάς
672 3436 1061 3508 άνιχνεύοντα·
1114 3434 1231 3488 ἀλλ’
1278 3434 1380 3487 οὐκ
1423 3433 1489 3488 ἂν
1536 3434 1637 3504 τῆς
1675 3432 1935 3507 ἀληθείας

348 3527 664 3598 άφέξωμαι,
696 3526 799 3589 ἕως
826 3528 853 3579 ὁ
880 3510 989 3595 τῆς
1013 3522 1291 3594 σωτηρίας
1331 3522 1489 3594 ἡμῶν
1542 3521 1785 3594 ἀρῃγδς
1813 3525 1935 3586 ταῖς

346 3618 757 3689 γλωσσαλγίαις
791 3616 902 3670 τῶν
930 3615 1272 3671 ἀθετούντων
1313 3614 1566 3686 βάλλεται
1586 3613 1685 3667 καὶ
1716 3611 1939 3681 τοξεύεο.

348 3728 462 3773 ται,
495 3712 591 3764 ἐπὶ
614 3710 801 3763 πλεῖόν
817 3725 878 3761 τε
902 3709 937 3780 ἡ
969 3707 1267 3778 Ἐκκλησία
1298 3704 1733 3777 πολιορκουμένη
1758 3720 1935 3759 κατα.

346 3802 686 3875 λαμϐάνεται
710 3817 724 3832 ⁶
751 3799 964 3869 Ζηλῶν
986 3800 1097 3870 γὰρ
1123 3799 1392 3868 ἐῶξλωκα
1420 3796 1500 3864 τῷ
1530 3799 1727 3866 Κυρίῳ
1750 3814 1763 3827 ·
1811 3797 1933 3861 καὶ,

358 3897 424 3951 '0
450 3895 635 3964 ζῆλος
667 3895 774 3949 τοῦ
818 3894 990 3948 οἷκου
1043 3909 1166 3947 σου
1199 3880 1498 3962 κατέμεινέ
1541 3907 1637 3959 με.
1687 3890 1835 3945 Καί·
1870 3893 1935 3944 Οί

345 3986 681 4055 ὀνειδισμοὶ
718 3986 839 4039 τῶν
892 3982 1303 4045 ὀνειδιζόντων
1357 3999 1431 4038 σε
1479 3981 1789 4037 ἐπέπεσον
1838 3980 1933 4035 ἐπ’

346 4077 474 4147 ἐμέ.
501 4078 567 4129 Δί
596 4074 708 4129 τῶν
732 4073 905 4143 ἀγίων
933 4077 1067 4145 ἡμῖν
1107 4076 1283 4144 φωναὶ
1330 4072 1730 4145 συνᾳδέτωσαν,
1779 4072 1934 4143 φιλο-

346 4168 677 4222 πευστοῦντι
709 4167 767 4222 δέ
795 4185 886 4238 μοι
910 4167 1008 4222 καὶ
1037 4166 1200 4219 ταυτὶ
1229 4166 1547 4235 σαφέστατα
1587 4166 1823 4236 φράζειν
1852 4164 1928 4237 μὴ

345 4262 780 4314 ἀπαναίνοιντο·
807 4259 954 4322 τίνος
998 4258 1165 4328 σῶμα
1191 4257 1290 4311 καλ⁹
1335 4253 1477 4329 αἷμα
1518 4256 1933 4329 ἱερουργοῦντες

346 4352 758 4418 καταθύουσιν;
804 4352 867 4405 Εἰ
894 4349 1125 4425 μὲντοῦ
1178 4349 1416 4421 Χριστοῦ
1471 4351 1726 4418 φήσουσι,
1754 4350 1840 4415 τίς
1866 4350 1933 4404 ἂν

344 4444 534 4507 αὐτοῖς
565 4442 877 4495 πιστεύσειε
906 4441 1005 4512 τὴν
1034 4439 1348 4510 θαυμασίαν
1374 4436 1592 4508 εκείνην
1621 4438 1715 4491 καὶ
1756 4438 1935 4506 σωτή-

346 4553 468 4610 ριον
521 4537 658 4607 ἠμῖν
683 4532 998 4603 οἰκονομίαν
1026 4526 1376 4604 ἀναιροῦσιν,
1406 4530 1518 4585 ἀπὸ
1552 4529 1661 4583 τοῦ-
1697 4528 1931 4600 ἀμαθῶς

2043 3341 2312 3395 curiosius
2361 3338 2607 3393 tnultitldi
2659 3338 2820 3406 hujus
2858 3339 3065 3394 erroris
3128 3339 3447 3394 diverticula
3503 3356 3628 3409 per-

2042 3441 2398 3486 scrutantem.
2446 3429 2553 3484 Sed
2586 3438 2765 3485 tamen
2808 3429 3058 3484 veritatis
3107 3428 3483 3485 defensionem
3516 3445 3622 3485 non

2042 3524 2314 3588 deseram,
2356 3521 2611 3592 quamdiu
2651 3519 2846 3576 salutis
2893 3530 3099 3576 nostra:
3141 3529 3336 3575 auctor
3369 3519 3628 3589 prmvari-

2041 3617 2282 3671 cautium
2324 3614 2619 3669 dicacitate
2660 3622 2918 3680 tanquam
2951 3627 3081 3665 arcu
3112 3609 3326 3674 feritur,
3356 3621 3410 3667 et
3436 3609 3627 3665 Eccle-

2042 3711 2122 3766 sia
2153 3706 2536 3763 vehementius
2563 3703 2845 3760 obsidetur
2886 3721 2898 3757 :
2931 3699 3060 3756 Zeto
3099 3703 3239 3755 enim
3277 3701 3478 3755 setatus
3509 3717 3624 3755 sum

2040 3818 2135 3871 pro
2163 3799 2389 3854 Domino
2412 3797 2480 3853 ⁸⁸.
2511 3798 2578 3852 Ει
2605 3814 2619 3853 :
2649 3795 2808 3850 Zelus
2838 3796 3025 3850 domus
3053 3802 3157 3850 tua:
3180 3794 3404 3848 comedit
3433 3809 3529 3848 me.
3557 3793 3626 3847 Et

2042 3893 2322 3963 opprobria
2352 3889 2782 3960 exprobrantium
2813 3888 2906 3942 tibi
2945 3888 3241 3943 ceciderunt
3264 3903 3420 3956 super
3448 3903 3528 3940 me
3552 3884 3622 3940 ”.

2042 3984 2366 4040 Sanctorum
2397 3981 2559 4037 citata
2605 3981 2734 4035 mihi
2776 3995 3017 4036 consona
3048 3989 3230 4036 erunt.
3284 3978 3456 4034 Porro
3489 3978 3623 4033 mihi

2040 4076 2345 4133 sciscitanti
2405 4076 2456 4131 bi
2494 4075 2787 4146 perspicue
2845 4073 3180 4145 respondere
3230 4089 3299 4128 ne
3344 4079 3623 4128 recusent.

2038 4166 2330 4236 Cuiusnam
2355 4180 2554 4237 corpus
2583 4174 2635 4220 et
2668 4165 2990 4233 sanguinem
3019 4164 3150 4219 dum
3180 4163 3351 4219 sacris
3382 4168 3620 4231 operan-

2044 4272 2132 4316 tur
2156 4258 2487 4315 immolant?
2519 4255 2576 4312 Si
2598 4256 2813 4327 quidem
2837 4255 3040 4311 Christi
3066 4256 3329 4319 dixerint,
3358 4254 3480 4316 quis
3504 4253 3626 4309 istis

2040 4354 2202 4409 ﬁdem
2232 4352 2531 4407 adhibeat?
2560 4350 2650 4420 qui
2693 4348 2998 4403 mirabilem
3031 4348 3177 4403 illam
3210 4347 3627 4413 salutarcmflue

2042 4444 2479 4499 incarnationem
2513 4443 2822 4506 destruunt,
2860 4440 2988 4494 dum
3034 4438 3286 4509 imperite
3340 4436 3621 4507 impieque

2042 4534 2387 4597 existimant,
2430 4533 2573 4588 haud
2608 4532 2712 4587 tale
2740 4545 2940 4602 corpus
2969 4529 3200 4586 Verbum
3232 4529 3621 4600 assumpsisse,

344 4624 444 4679 καὶ
463 4624 696 4686 ἀνοσίως
724 4623 995 4689 δοξάζειν,
1032 4622 1108 4694 μὴ
1143 4620 1387 4676 τοιοῦτον
1443 4620 1798 4691 ἀνειληφέναι
1841 4619 1933 4673 τὸν

2044 4626 2203 4697 quale
2227 4635 2470 4681 nostrum
2495 4630 2602 4688 est,
2621 4623 2881 4679 vocabula
2907 4622 2996 4677 illa
3027 4638 3123 4678 sua
3157 4621 3620 4691 incircumscripti

344 4715 524 4785 Λόγον
550 4715 736 4786 σῶμα,
756 4709 977 4787 οἷόνπερ
1025 4714 1093 4769 ἂν
1138 4714 1226 4784 εἴη
1273 4714 1368 4768 καὶ
1414 4713 1475 4767 τὸ
1522 4711 1815 4784 ἡμέτερον,
1852 4711 1932 4781 τῷ

341 4808 750 4879 ἁπεριγράπτῳ
778 4807 875 4863 καὶ
901 4808 1170 4878 ἀγράπτῳ
1218 4804 1473 4876 άσεμνῶς
1521 4802 1932 4875 ἀποσεμνύνον-

341 4918 457 4965 τες,
490 4901 634 4955 κατά
685 4902 811 4965 τοὺς
845 4899 1169 4970 Μανιχαίων
1211 4898 1412 4970 λήρους
1436 4896 1929 4968 φαντασιούμενοις

346 4994 410 5047 Ei
438 4995 496 5048 δὲ
525 4993 621 5046 καὶ
646 4992 805 5045 τοῦτο
833 4991 1086 5056 δώσουσι,
1115 4990 1228 5054 πῶς
1254 4989 1372 5061 ἅμα
1406 4989 1465 5043 τὸ
1498 4989 1628 5044 αὐτὸ
1660 4988 1755 5043 καὶ
1779 4989 1935 5042 ἀναι-

346 5086 505 5159 ροῦσι
562 5085 659 5141 καὶ
696 5084 1072 5157 ἱερουργοῦσιν
1101 5101 1116 5147 ;
1166 5081 1306 5136 Ἀλλ’
1342 5077 1401 5135 εὖ
1433 5081 1634 5145 εἰδότες
1656 5082 1873 5153 ἧτωσαν
1915 5097 1930 5113 ·

349 5181 435 5234 ὅτι
464 5178 502 5234 ἃ
530 5178 596 5250 δὴ
628 5179 813 5244 αὐτοῖς
870 5177 1179 5245 κενολογεῖν
1222 5174 1620 5247 ἀμαθαίνουσιν
1675 5174 1930 5239 εἴθισται,

353 5273 533 5327 ταῦτα
561 5272 638 5336 ὡς
666 5271 938 5344 φλυαρίας
965 5273 1060 5326 καὶ
1091 5269 1322 5333 ἀτοπίας
1345 5268 1632 5340 ἀνάμεστα
1674 5268 1935 5323 διαπτύο-

348 5383 452 5439 μεν
477 5381 491 5395 ’
522 5365 600 5430 ὡς
633 5364 746 5435 γὰρ
795 5363 1105 5433 παράνομοι
1153 5360 1470 5431 ἀδολεσχίας
1501 5362 1633 5430 ἡμῖν
1678 5359 1930 5429 διηγοῦν-

346 5473 465 5513 ται.
513 5458 670 5512 Ἄλυν
698 5458 814 5525 οὐχ
849 5456 930 5521 ὼς
968 5458 1001 5509 ό
1057 5455 1244 5524 νόμος
1276 5453 1496 5521 Κυρίου
1520 5491 1534 5505 .
1577 5453 1705 5506 Καί·
1740 5451 1933 5521 Ζητή-

304 5633 309 5642 ’
398 5638 444 5670 ⁸⁸
480 5638 502 5693 1
537 5639 667 5691 Cor.
702 5654 785 5699 nt.
825 5638 881 5691 2.
958 5638 1001 5671 "
1038 5636 1209 5693 Hebr.
1258 5650 1311 5694 ν.
1374 5635 1461 5691 t9.

323 5726 515 5775 ιινιιι,
554 5711 655 5775 l0;
691 5707 848 5765 Joan.
887 5725 947 5775 tt,
992 5709 1073 5764 l7.
1151 5709 1198 5740 τ’
1242 5705 1381 5760 l'sal.
1415 5722 1599 5776 εει-ιιι,
1637 5710 1724 5762 85.

1568 5637 1611 5667 ""
1649 5634 1690 5690 ll
1731 5637 1855 5692 Cur.
1891 5654 1964 5703 tv,
1998 5638 2052 5693 5.

2043 4726 2099 4773 et
2129 4734 2234 4771 non
2271 4716 2490 4771 limitati
2521 4718 2863 4785 impudenter
2886 4715 3180 4783 jactantes,
3208 4722 3262 4768 et
3293 4714 3618 4784 phantasma

2043 4809 2342 4865 secundum
2373 4808 2810 4863 .Mauichaaorum
2843 4822 3012 4877 nugas
3035 4806 3433 4877 contingentes.
3465 4806 3619 4873 Quod

2042 4904 2086 4958 si
2114 4903 2276 4957 etiam
2301 4915 2499 4970 corpus
2525 4915 2647 4956 esse
2674 4899 2994 4964 concedant,
3017 4899 3289 4969 quomodo
3318 4898 3445 4954 illud
3477 4901 3620 4953 etde

2044 4996 2223 5050 medio
2248 4995 2411 5049 simul
2447 4993 2659 5054 tollunt.
2682 4999 2735 5046 et
2763 4992 3116 5045 sacriﬁcant?
3145 4991 3252 5045 Sed
3285 4991 3483 5045 missos
3506 4988 3620 5057 jam

2045 5087 2308 5141 faciamus
2338 5103 2352 5139 :
2385 5086 2591 5141 etenim
2627 5098 2749 5154 quae
2797 5084 2897 5152 ipsi
2944 5083 3088 5153 apud
3135 5083 3418 5154 imperitos
3450 5082 3624 5137 blate-

2052 5195 2173 5234 rare
2203 5178 2402 5243 sulent,
2459 5192 2520 5232 ea
2562 5191 2660 5231 nos
2689 5191 2956 5247 nugarum
3008 5185 3064 5231 et
3107 5175 3464 5230 absurditatis
3505 5175 3623 5245 ple.

2047 5270 2270 5325 nissima
2323 5268 2634 5337 despuimus
2682 5286 2697 5323 :
2765 5282 2890 5321 nam
2937 5274 3124 5335 utpote
3173 5265 3623 5336 prmvaricatores

2045 5375 2222 5415 meras
2246 5358 2457 5414 fabulas
2476 5358 2628 5413 nobis
2649 5365 2894 5412 narrant.
2927 5354 3033 5411 Sed
3063 5356 3174 5409 Iure
3193 5371 3294 5408 non
3312 5361 3434 5407 sunt
3458 5351 3624 5423 178

2042 5465 2098 5507 ιιι
2133 5453 2218 5505 lea:
2243 5450 2455 5505 Domini
2485 5451 2551 5502 ⁷⁸.
2584 5449 2647 5504 Et
2683 5450 2812 5504 illud
2851 5467 2864 5502 :
2897 5448 3111 5514 Qua‘res
3133 5444 3450 5513 sapieniom
3477 5443 3623 5505 apud

2133 5637 2177 5670 ιτ
2213 5635 2229 5691 ι
2262 5638 2385 5692 ειη..
2441 5655 2465 5691 κ
2494 5678 2507 5703 ν
2549 5639 2637 5692 ρει,
2719 5637 2763 5663 επ
2796 5638 2859 5691 tu
2894 5636 3019 5705 τιμε.
3061 5652 3171 5701 xix,
3214 5633 3300 5690 l0.
3374 5636 3417 5666 "
3455 5636 3596 5695 l‘sal.
