4054 6204
411 218 520 284 509

1263 228 1832 298 APOLOGETICUS
1871 237 2020 298 PRO
2059 239 2328 302 SACBIS
2371 242 2848 307 IMAGINIBUS.

3571 251 3679 320 610

410 340 554 410 θεμα
599 341 828 408 Ἰησοῦν.
862 336 1090 399 Οῧτοιδὲ
1119 346 1170 400 oi
1200 347 1558 420 ἀνιερώτατοι
1577 352 1674 405 καὶ
1701 352 1998 408 ἀπιστότα-

2103 358 2250 412 mine
2284 347 2438 413 fuere
2492 359 2778 428 baptizari,
2815 361 2958 430 quod
2993 362 3139 432 ipsos
3174 379 3278 420 non
3311 367 3552 422 arbitror
3583 387 3683 424 ne-

411 445 512 490 τοι.
551 429 602 482 εί
635 431 712 500 μὴ
745 432 828 496 είς
854 433 916 486 τὸ
943 432 1114 505 ὄνομα
1145 438 1584 501 Κωνσταντίνου,
1625 440 1744 494 ἀλλ’
1782 443 1864 504 είς
1890 443 1990 514 τὴν

407 517 618 590 τριάδα
648 519 1062 595 ἐϐαπτίσθησαν
1095 521 1282 596 (οἶμαι
1313 529 1368 582 δὲ
1400 527 1474 589 ὼς
1523 531 1624 584 οὐκ
1659 531 1724 586 ἂν
1777 533 1992 604 ἀποφή-

410 628 592 664 σειανο
637 613 669 684 ἢ
707 615 816 683 γάρ
857 614 923 668 ἂν
943 617 1095 670 οὐδὲν
1127 618 1355 682 ἐδέησαν
1385 623 1516 692 ἡμῖν
1551 623 1658 676 τῶν
1691 623 1784 678 νῦν
1843 627 1992 694 ἀγω-

407 704 694 773 νισμάτων
723 721 781 756 τε
830 703 927 760 καὶ
963 711 1330 779 σκαμμάτων,
1383 711 1496 766 οὐδ’
1537 715 1607 767 ἂν
1649 715 1806 786 ὄχλον
1857 720 1992 788 ἡμῖν

408 797 758 866 πραγμάτων
787 799 1040 852 τοσοῦτον
1071 803 1256 855 ἐπεσώ
1277 821 1436 875 ρευον
1455 806 1494 876 ),
1529 807 1696 861 πόθεν
1742 811 1928 874 αὐτοῖς
1959 813 1992 881 ή

406 893 520 944 τῶν
545 893 783 948 εἰδώλων
835 895 1189 966 παρείσδυσις
1215 938 1230 962 ,
1281 898 1594 968 λεγέτωσαν
1625 903 1755 971 ἡμῖν
1791 903 1994 970 τρανέ-

2097 458 2341 518 gaturos.
2389 451 2558 504 Sectis
2613 453 2755 506 enim
2796 454 2935 508 haud
2999 455 3152 508 nobis
3225 472 3362 524 Opus
3415 443 3561 516 esset
3596 465 3680 518 bis

2097 541 2589 609 disceptationibus
2610 559 2674 596 ac
2702 546 3120 606 certaminibus;
3148 565 3320 616 neque
3353 552 3510 606 nobis
3545 553 3681 606 adeo

2103 632 2374 700 negotium
2441 633 2794 688 lacesserent.
2835 635 2984 698 Unde
3021 637 3153 706 ipsis
3191 640 3452 693 idolorum
3486 645 3681 698 obtru-

2100 723 2204 786 sio,
2249 725 2428 777 dit-ant
2475 725 2724 794 ingenue.
2755 726 2906 792 Quod
2935 729 2978 782 si
3013 730 3113 783 hoc
3137 730 3496 798 professionis
3527 735 3683 804 sigil-

2103 812 2214 866 lum
2269 815 2525 868 intacuuu
2581 817 2965 882 sincerumque
3015 833 3362 884 conservant,
3421 838 3518 878 cur
3573 825 3681 881 illis

2105 919 2321 974 semper
2348 917 2600 959 versatur
2627 907 2677 959 in
2710 922 2806 960 ore
2834 908 3098 963 idolorum
3135 927 3332 966 nomen
3354 914 3380 967 ί

410 1006 586 1043 στατα
613 1007 624 1019 ·
661 992 756 1046 καὶ
793 995 842 1046 εί
879 993 975 1065 τὴν
1005 992 1280 1064 σφραγῖδα
1304 997 1406 1067 τῆς
1434 997 1732 1066 ὁμολογίας
1759 997 1966 1068 ταύτης
2005 997 2205 1053 ἆσυλόν
2263 1017 2324 1052 τε
2381 1000 2480 1054 καὶ
2514 1001 2969 1058 ἀνεπιϐούλευτον
3030 1007 3324 1077 τηροῦντες
3347 1009 3678 1080 διατελοῦσι,

408 1079 532 1144 πῶς
587 1081 772 1146 αὐτοῖς
823 1084 912 1138 διά
967 1085 1222 1157 γλώσσης
1284 1087 1379 1142 καὶ
1434 1089 1730 1160 πρόχειρον
1777 1089 1839 1142 τὸ
1884 1089 1994 1142 τῶν
2032 1089 2268 1144 εἰδώλων
2289 1092 2490 1163 δνομας

483 1178 591 1243 κη’.
619 1175 680 1227 Ei
715 1179 823 1247 γὰρ
855 1177 936 1240 είς
962 1180 1054 1230 τὸν
1093 1180 1325 1234 θάνατόν
1377 1179 1477 1234 τοῦ
1517 1182 1762 1252 Χριστοῦ
1795 1181 1998 1253 βαπτι-

415 1265 654 1330 σθέντας
725 1267 880 1322 οῦδὲν
951 1271 1187 1340 Χριστὸς
1256 1271 1488 1340 ὀνίνησι,
1554 1273 1672 1336 πῶς
1707 1274 1829 1344 οὐχὶ
1903 1273 1998 1326 καὶ

424 1355 700 1411 Ἰουδαίων
731 1361 1243 1433 ἀγνωμονέστεροι,
1290 1363 1387 1416 καὶ
1430 1363 1705 1435 Ἑλλήνων
1763 1365 1996 1419 ἀπιστό-

411 1463 596 1518 τεροι,
681 1451 778 1503 καὶ
864 1451 1161 1523 βαρϐάρων
1240 1453 1570 1525 ἀθεώτεροις
1629 1454 1808 1518 οὐδεὶς
1884 1455 1996 1526 γὰρ

407 1539 622 1593 τούτων
655 1539 870 1594 οὐδέπω
899 1543 1001 1607 τῆς
1045 1543 1376 1615 Ἑκκλησίας
1411 1543 1504 1598 τοῦ
1565 1544 1700 1598 Θεοῦ
1751 1562 1995 1614 καταγο-

415 1633 610 1702 ρεῦσαι
635 1633 962 1706 τετόλμηκε.
1003 1634 1178 1688 Τοῦτο
1211 1635 1372 1701 ποίας
1397 1636 1656 1702 ἀσεϐείας
1685 1638 1995 1710 ὑπερϐολὴν

424 1724 786 1803 καταλείπεις
845 1727 932 1790 τίς
1008 1726 1222 1791 ίκανὸς-
1267 1728 1426 1796 λόγος
1483 1712 1837 1802 παραστῆσαι
1895 1732 1996 1794 τῆς

413 1815 650 1878 ἀτοπίας
686 1817 748 1870 τὸ
793 1817 1067 1888 μέγεἿοςς
1103 1817 1188 1882 τίς
1237 1817 1346 1891 γὰρ
1402 1819 1468 1872 ἂν
1513 1818 1601 1890 είη
1655 1819 1849 1885 ἄλλος,
1905 1821 1994 1874 ὃσ-

411 1926 497 1971 τις
517 1909 720 1972 αὐτοὺς
769 1909 836 1962 ἐκ
882 1910 984 1980 τῆς
1025 1910 1283 1982 τοιαύτης
1334 1909 1544 1982 πλάνης
1585 1911 1672 1964 διὰ
1715 1911 1808 1965 τοῦ
1865 1912 1994 1966 ίδίου

413 1999 806 2070 ὲξαγοράσειεν
840 2001 1112 2071 αἵματοςς
1147 2002 1271 2066 ῐΙῶς
1323 2002 1389 2056 ἂν
1441 2005 1641 2068 αὐτοὺς
1675 2005 1750 2076 μὴ
1797 2006 1880 2058 ὅτι
1931 2021 1994 2073 γε

415 2094 784 2155 ima-16:90.3,
816 2091 933 2145 ἀλλ’
963 2093 1084 2146 οὐδὲ
1115 2093 1486 2161 Χκιστιανοὺς
1517 2093 1704 2158 ἁπλῶς
1754 2113 1838 2160 τις
1876 2098 1994 2149 ὀνο-

417 2183 675 2251 μάσειενς
730 2183 1244 2255 ἀναγκασθήσονται
1293 2181 1388 2239 οὖν
1459 2186 1646 2256 ἕτερον
1712 2187 1996 2250 ἐπιζητεῖν

416 2271 728 2344 βάπτισμα,
765 2276 824 2327 ἐν
852 2271 897 2343 ᾧ
927 2275 1347 2347 τελεσθήσονται
1375 2277 1409 2349 ἢ
1443 2277 1994 2350 συντελεσθήσονταιο

429 2365 976 2438 Ἀνασταιεροῦντες
999 2369 1240 2433 ἑαυτοῖς
1271 2369 1379 2422 τὸν
1411 2370 1548 2424 Υἱὸν
1575 2371 1678 2424 τοῦ
1703 2370 1851 2424 Θεοῦ
1898 2371 1998 2424 καί

415 2458 1076 2528 παραδειγψατίζοντες,
1112 2459 1257 2528 είγέ
1304 2477 1437 2514 ποτε
1495 2462 1645 2527 ἅπαξ
1688 2463 1996 2534 ἐφωτίσοηο

416 2565 552 2612 σαν,
585 2551 885 2618 ὲγεύσαντό
913 2568 972 2605 τε
1004 2551 1102 2621 τῆς
1133 2551 1342 2622 δωρεᾶς
1371 2553 1472 2622 τῆς
1501 2555 1850 2624 ἐπουρανίου,
1901 2553 1998 2608 καὶ

415 2639 635 2712 μέτοχοι
660 2643 1000 2712 ἐγενζθησαν
1049 2644 1364 2714 Πνεῦματος
1415 2645 1594 2712 ἁγίου.
1664 2644 1849 2707 Οὕτως
1903 2643 1998 2700 οἷν

413 2733 609 2804 ἑτέρας
641 2739 894 2807 μυήσεως
918 2736 1232 2808 χρῄζοντες,
1266 2741 1361 2793 καὶ
1395 2741 1850 2812 ἑτέρας’χρίσεως
1877 2742 1998 2813 ἦτοι

411 2827 748 2897 χειροτονίας
783 2828 1089 2898 δεήσονται,
1137 2831 1395 2897 καθάπαξ
1427 2835 1728 2904 ἠρνημένοι
1753 2837 1823 2888 τὰ
1854 2835 1993 2906 πρό-

411 2936 550 2988 τερα
587 2920 686 2973 καὶ
707 2922 1202 2992 ἀποπεμπόμενον
1268 2923 1382 2999 πῶς
1433 2923 1542 2994 γὰρ
1592 2922 1658 2978 ἂν
1717 2925 1999 2994 μεταδοῖεν

415 3014 694 3082 μυήσεως,
729 3014 908 3084 ἥνπερ
935 3013 1088 3067 αὐτοὶ
1111 3013 1363 3082 οὐδαμῶς
1407 3015 1740 3070 διεσώσαντο
1769 3033 1784 3081 ;
1818 3015 1848 3086 ἢ
1882 3005 1998 3079 πῶς

410 3103 468 3155 οἵ
517 3119 581 3170 γε
631 3105 862 3166 ἑαυτοὺς
925 3106 1544 3177 ἀποχειροτονήσαντες,
1613 3106 1902 3178 βαπτίζειν
1963 3105 1996 3177 ἥ

412 3193 766 3262 δογματίζειν
803 3197 1258 3268 ἐπιχειρήσαιενς
1298 3197 1464 3250 πόθεν
1499 3198 1686 3261 αὐτοῖς
1730 3197 1792 3250 τὸ
1819 3198 1997 3268 δόγμα

413 3285 514 3340 καὶ
535 3284 820 3356 βάπτισμα
849 3287 909 3338 τὸ
937 3287 1342 3356 εὐπαράδεκτον
1373 3286 1526 3357 σχοίη
1582 3287 1616 3357 ἢ
1646 3287 1994 3354 ἀξιόπιστονς

487 3377 592 3432 κθ’.
628 3377 933 3448 Προσθείην
994 3379 1039 3432 δ’
1092 3375 1160 3432 ἂν
1208 3379 1433 3432 κάκεῖνο
1485 3381 1597 3442 τοῖς
1653 3379 1994 3450 εἰρημένοις.

414 3473 551 3540 ὅπερ
577 3472 673 3524 καὶ
699 3471 854 3524 αὐτοί
883 3489 972 3541 μοι
997 3475 1047 3525 οἱ
1077 3473 1256 3526 πάντα
1279 3473 1706 3545 περιτρέποντες
1733 3475 1828 3528 καὶ
1859 3474 1996 3544 πρὸς

413 3565 598 3617 πάντα
624 3563 821 3633 ῥᾳδίως
854 3564 1318 3635 μεταϐαλλόμενοι
1359 3567 1452 3619 καὶ
1493 3565 1731 3636 οὐδαμοῦ
1770 3567 1832 3620 τὸ
1865 3569 1997 3623 στά-

415 3666 579 3718 σιμον
617 3649 856 3721 ἔχοντες,
893 3653 1238 3722 συμφήσαιεν
1259 3670 1273 3684 ο
1308 3655 1529 3709 ἐπειδάν
1555 3673 1639 3719 τις
1662 3656 1772 3709 τῶν
1804 3659 1870 3711 ὲκ
1897 3659 1998 3728 τῆς

413 3741 694 3810 ἡμετέρας
743 3742 979 3806 πίστεως
1027 3743 1166 3814 πρὸς
1201 3745 1397 3817 ἑτέραν
1429 3746 1735 3818 θρησκείαν
1781 3747 1924 3802 ἑκὼν
1962 3749 1996 3822 ἦ

414 3831 666 3902 βιασθεὶς
697 3833 1007 3903 μετάθοιτο,
1042 3835 1222 3888 ἔθνεσί
1275 3854 1335 3890 τε
1367 3838 1622 3902 ἀπίστοις
1667 3841 1998 3910 συμμιαινό-

414 3939 604 3995 μενος,
635 3925 731 3978 καὶ
758 3924 868 3977 τῶν
891 3925 1302 3998 ὲϐδελυγμένων
1333 3931 1428 4000 τῆς
1470 3930 1674 4000 ἐδωδῆς
1731 3933 2000 4000 ἀπογευό-

417 4030 601 4084 μενος,
631 4013 669 4084 ἢ,
697 4013 839 4068 κατά
875 4031 927 4067 τι
957 4014 1089 4083 γοῦν
1121 4015 1231 4080 τών
1294 4018 1420 4072 καθ’
1469 4021 1616 4090 ἡμᾶς
1673 4021 1812 4074 ὲθῶν
1857 4040 2000 4092 παρ-

413 4105 726 4176 αμείψειεν,
748 4107 798 4159 οἱ
829 4099 964 4159 θεῖοι
982 4108 1080 4177 τῆς
1106 4107 1432 4180 Ἑκκλησίας
1453 4111 1644 4183 θεσμοὶ
1661 4113 1996 4180 κελεύουσιν,

413 4199 610 4254 τοῦτον
645 4201 1073 4268 συναισθόμενον
1117 4203 1218 4272 τῆς
1256 4204 1558 4276 ἁμαρτίας,
1605 4207 1701 4260 καὶ
1755 4224 1996 4278 μεταμε-

411 4292 646 4368 λόμενον
677 4292 762 4362 ἐφ’
783 4289 864 4356 οἷς
901 4294 1088 4356 κακῶς
1127 4293 1354 4364 ἔπραξε,
1385 4297 1794 4368 προστρέχοντα
1845 4316 1903 4352 τε
1936 4301 1995 4354 ὲν

419 4367 682 4455 μετανοίᾳ
716 4387 780 4456 τῇ
818 4385 1137 4456 Ἐκκλησία,
1181 4387 1275 4440 καὶ
1337 4367 1449 4442 τῶν
1491 4367 1710 4454 ἀτόπως
1761 4392 1856 4446 καὶ
1900 4394 1994 4446 ἀν-

417 4478 578 4540 οσίως
608 4477 756 4547 αὐτῷ
785 4479 1194 4548 πεπραγμένων
1217 4481 1570 4552 ἐπιστρέφειν
1587 4483 1998 4554 ἐπαγγελλόμε-

418 4585 525 4631 νον,
557 4566 728 4620 οὒδῶν
761 4566 856 4620 τοῦ
891 4567 1038 4620 θείου
1074 4568 1178 4621 νεώ
1223 4570 1428 4639 ἣκιστα
1484 4572 1812 4637 ἐπιϐαίνειν,
1856 4575 1994 4629 ἀλλὰ

417 4659 610 4730 πόῤῥω
641 4675 747 4711 που
780 4657 892 4710 τῶν
909 4659 1198 4730 ἡμετέρων
1226 4661 1502 4731 συλλόγων
1531 4665 1875 4732 αὐλίζεσθαι,
1899 4668 1995 4721 καὶ

416 4751 514 4820 τῆς
544 4751 829 4814 κοινωνίας
861 4751 969 4803 τῶν
1013 4752 1174 4806 θείων
1215 4755 1531 4825 μυστηρίων
1586 4757 1949 4828 ἀπείργεσθαι
1977 4775 1989 4788 ’

417 4839 514 4894 καὶ
550 4840 743 4912 χρόνος
784 4840 872 4892 ἐπ’
924 4841 1074 4911 αὐτῷ
1126 4843 1461 4911 τεταγμένος
1504 4845 1833 4915 ἀφώρισται,
1886 4846 1992 4910 ἕως

416 4931 483 4985 ἂν
515 4930 713 5001 καρδία
747 4931 1191 5003 συντετριμμένῃ
1256 4933 1352 4984 καὶ
1404 4933 1676 5003 πνεύματι
1723 4933 1994 4988 ταπεινώ-

414 5038 576 5086 σεως,
637 5022 723 5075 διὰ
750 5021 960 5092 θερμῆς
989 5024 1083 5076 καὶ
1107 5023 1368 5076 ἐπιπόνου
1392 5023 1854 5096 ’ἐξομολογήσεως
1883 5025 1993 5078 τῶν

413 5115 828 5187 προειληφότων
858 5117 1330 5187 παραπτωμάτων
1349 5117 1407 5170 τὸ
1434 5118 1565 5186 ἄγος
1592 5118 1956 5188 ἀποτρίψαιτο
1976 5135 1989 5150 ·

412 5205 511 5263 καὶ
541 5207 686 5260 οὓτω
710 5207 820 5263 τῶν
864 5208 1227 5278 ἀγιασμάτων
1272 5210 1370 5279 τῆς
1412 5211 1650 5279 μετοχῆς
1688 5210 1992 5280 ἀξιωθήσε-

411 5317 530 5363 ται,
563 5299 792 5362 καὶτοῖς
825 5302 1037 5363 πιστοῖς
1057 5299 1606 5370 συγκαταλεγήσεται
1629 5316 1642 5330 ·
1671 5300 1991 5354 είπάτωσαν

413 5387 508 5446 οὖν
538 5393 674 5463 ἡμῖν
699 5393 749 5444 oi
780 5394 894 5454 τοῖς
925 5390 1172 5456 εἰδώλοις
1208 5392 1716 5464 προσκεκυνηκὲναι
1750 5392 1989 5461 φάσκον-

417 5500 524 5552 τες,
566 5483 616 5536 εί
646 5481 925 5554 βούλοιντο
955 5484 1308 5555 Χριστιανοίς
1340 5483 1654 5556 ἐναρίθμιοι
1687 5483 1850 5552 εἶναι,
1905 5485 1989 5550 τίς

490 5660 539 5694 ⁷⁸
567 5661 735 5717 ιιυιπ.
770 5680 846 5727 γι,
875 5661 926 5716 6.

2169 1183 2260 1239 28.
2299 1184 2432 1240 Nam
2483 1186 2528 1239 si
2573 1185 2865 1255 baptizatis
2909 1189 2959 1241 in
2995 1188 3202 1245 Christi
3255 1202 3484 1248 mortem
3541 1197 3676 1252 nihil

2097 1273 2353 1329 Christus
2383 1278 2636 1340 prodest,
2683 1277 2872 1345 quidni
2902 1279 3012 1332 sint
3039 1280 3125 1332 isti
3162 1279 3365 1334 Judzeis
3397 1286 3680 1338 vecordia-

2099 1381 2205 1429 res,
2247 1377 2302 1419 et
2336 1367 2568 1420 elltuit'is
2623 1367 2978 1429 inlitleliores.
3025 1381 3081 1424 et
3123 1372 3676 1454 barbaris-:irreligio-

2099 1456 2313 1516 siores?
2343 1456 2509 1511 Nemo
2555 1460 2700 1512 enim
2725 1475 2789 1512 ex
2831 1460 2914 1514 his
2964 1461 3218 1515 Erclesize
3256 1463 3347 1517 Dei
3390 1479 3678 1522 accusato-

2104 1559 2218 1599 rem
2264 1560 2324 1599 σε
2358 1543 2539 1600 lacere
2565 1533 2730 1601 ausus
2763 1558 2863 1600 est.
2910 1548 3022 1602 lloc
3053 1550 3334 1616 cujusnam
3380 1553 3678 1621 impietatis

2028 1671 2070 1726 Β
2101 1635 2319 1690 culmen
2347 1652 2451 1690 non
2485 1639 2776 1707 exaequat?
2800 1656 2921 1708 qu:e
2962 1643 3123 1695 verba
3163 1643 3472 1699 insolentia:
3519 1647 3679 1716 hujus

2100 1726 2530 1796 magnitudinem
2558 1730 3048 1782 demonstrabunt’
3069 1731 3230 1801 179
3251 1731 3511 1798 Quisnam
3537 1736 3679 1790 alius

2097 1821 2349 1883 exsistet,
2379 1819 2470 1887 qttl
2505 1820 2634 1872 istos
2659 1835 2726 1873 ex
2750 1829 2896 1872 tanta
2922 1820 3076 1888 culpa
3109 1825 3376 1892 Sanguine
3415 1840 3514 1879 suo
3535 1828 3679 1881 redi-

2098 1911 2256 1965 mat?
2289 1911 2421 1975 Quis
2453 1913 2550 1965 lios
2580 1912 2946 1991 Christianos,
2983 1915 3179 1968 nedum
3212 1917 3516 1984 episcopos.
3546 1935 3686 1973 nun-

2097 2001 2303 2071 cupet?
2344 2001 2620 2068 Cogentur
2669 2003 2851 2072 itaque
2900 2004 3046 2057 aliud
3091 2021 3336 2074 querere
3387 2009 3676 2076 bapbsma,

2099 2107 2209 2162 quo
2265 2093 2547 2146 initientur
2596 2095 2680 2146 vel
2738 2109 3191 2158 consummentur
3242 2137 3258 2160 ,
3311 2100 3678 2167 cruci/igentes

2099 2186 2300 2239 sibimet
2325 2182 2526 2238 κλωπ
2557 2185 2650 2238 Dei
2681 2196 2728 2238 et
2745 2190 2978 2238 ostentui
3017 2188 3266 2242 habentes
3285 2189 3356 2254 ⁷⁸,
3386 2203 3673 2259 postquam

2090 2273 2205 2342 jam
2254 2275 2420 2329 semel
2484 2275 2770 2329 illuminati
2819 2275 3054 2341 fuerant,
3111 2289 3166 2330 et
3223 2259 3443 2333 calcate
3471 2282 3674 2335 donum

2099 2378 2479 2436 gustaveraut,
2561 2369 2850 2436 sanctique
2893 2368 3133 2437 Spiritus
3199 2371 3494 2446 partio-ipes
3548 2372 3675 2426 facti

2099 2459 2332 2513 fuerant.
2371 2461 2462 2514 Sic
2491 2473 2620 2529 ergo
2661 2475 2800 2513 nova
2831 2459 3138 2513 initiatione
3169 2461 3498 2531 indigentes,
3537 2447 3676 2517 nova

2099 2555 2267 2606 etiam
2297 2552 2552 2606 unctione
2589 2560 2642 2605 ct
2689 2552 3036 2606 ordinatione
3083 2556 3340 2623 cgebunt,
3373 2557 3497 2621 quia
3535 2555 3680 2623 prio-

2102 2661 2212 2698 rem
2240 2645 2581 2710 abuegarunt
2645 2653 2698 2697 et
2753 2644 3132 2717 repudiarunt.
3199 2646 3480 2710 Quomodo
3531 2650 3677 2702 enim

2102 2736 2462 2789 initiationem
2487 2733 2796 2797 conferent,
2833 2751 2995 2802 quam
3028 2735 3128 2805 ipsi
3159 2752 3266 2789 non
3299 2737 3680 2792 retinuerunt?

2103 2824 2200 2879 Vt'l
2233 2829 2502 2892 quomodo
2537 2823 2626 2892 qui
2657 2822 2721 2876 de
2739 2838 2834 2877 sua
2855 2839 2914 2878 se
2942 2825 3285 2878 ordinatione
3322 2825 3678 2890 demiserunt,

2103 2919 2380 2987 baptizare
2413 2928 2503 2970 aut
2528 2918 2774 2985 dogmata
2813 2919 3010 2970 docere
3031 2917 3366 2972 eonlendent
3389 2918 3412 2971 ?
3434 2919 3534 2985 Qui
3571 2920 3672 2975 de-

2025 3003 2067 3059 C
2105 3011 2268 3075 nique
2316 3007 2430 3060 ﬁeri
2479 3016 2678 3074 potest,
2733 3015 2790 3060 ut
2833 3009 3026 3086 dogma
3061 3006 3143 3060 vel
3199 3007 3468 3075 baptisma
3509 3010 3577 3064 ab
3607 3009 3679 3066 iis

2105 3102 2362 3172 traditum
2405 3113 2620 3171 gratum
2654 3099 2726 3154 sit
2748 3111 2841 3153 aut
2869 3100 3064 3155 liducia
3089 3099 3361 3171 dignum?

2172 3374 2262 3429 29.
2291 3372 2574 3427 Prmdirtis
2595 3371 2697 3426 hoc
2715 3371 2881 3426 etiam
2903 3371 3117 3436 addam,
3149 3371 3290 3440 quod
3317 3372 3415 3440 ipsi
3449 3388 3670 3444 quoque

2103 3469 2443 3530 concedent,
2491 3479 2800 3533 quanquam
2881 3464 3062 3517 omnia
3135 3465 3452 3518 subverti-re
3505 3464 3676 3532 soliti,

2101 3561 2540 3628 sententiamque
2559 3557 2718 3611 facile
2750 3567 2985 3620 mutare,
3009 3565 3062 3607 et
3090 3553 3288 3608 nullam
3313 3558 3674 3610 constmtiam

2101 3653 2364 3707 reticere.
2399 3647 2674 3716 Siquando
2708 3645 2903 3713 aliquis
2945 3660 3010 3698 ex
3050 3645 3154 3698 hde
3192 3657 3375 3698 nOStra
3415 3646 3481 3698 ad
3510 3646 3670 3704 alium

2101 3741 2304 3796 cultqu
2341 3747 2532 3808 sponte
2565 3737 2646 3791 rel
2673 3746 2893 3791 coactus
2920 3735 3224 3802 transierit,
3255 3744 3310 3789 et
3334 3750 3454 3791 cum
3487 3736 3678 3791 inlide—

2100 3835 2244 3890 libus
2265 3831 2500 3888 ethnicis
2533 3845 2592 3884 se
2621 3831 3025 3892 contaminatis.
3050 3838 3104 3884 et
3136 3828 3512 3884 abominandis
3536 3831 3678 3885 escis

2099 3927 2351 3998 gustatis,
2385 3934 2479 3978 aut
2517 3923 2623 3978 alio
2665 3921 2908 3993 quolibet
2945 3921 3104 3976 modo
3132 3937 3161 3976 a
3196 3930 3385 3978 nostro
3421 3923 3524 3975 ritu
3561 3922 3674 3978 dis-

2101 4017 2362 4080 cesserit,
2394 4015 2692 4070 venerandi
2746 4011 3004 4066 Emit-sim
3043 4027 3312 4078 canones,
3348 4013 3393 4066 si
3431 4014 3519 4067 hic
3552 4029 3676 4082 pec-

2098 4121 2219 4165 cato
2243 4124 2343 4162 suo
2370 4085 2747 4175 compunctus,
2784 4114 2838 4158 ct
2893 4106 3030 4157 male
3082 4113 3330 4159 actorum
3375 4105 3672 4172 paenitens,

2098 4200 2164 4254 ad
2201 4197 2500 4253 Ecclesium
2528 4204 2733 4250 mutata
2772 4203 2953 4248 mente
2989 4194 3234 4258 redierit,
3263 4202 3314 4248 et
3342 4209 3370 4246 a
3403 4194 3675 4262 perversis

2101 4273 2456 4360 scelestisque
2481 4289 2738 4357 operibus
2781 4284 2895 4340 suis
2927 4301 2986 4339 sc
3043 4285 3294 4340 recedere
3332 4288 3671 4355 proﬁteatur,

2100 4385 2268 4449 hunc,
2292 4384 2534 4454 inquam,
2557 4395 2793 4435 canones
2811 4379 2992 4434 limina
3018 4380 3160 4433 sacri
3196 4379 3376 4450 templi
3405 4371 3676 4450 attingere

2100 4486 2307 4539 vetant,
2331 4474 2424 4529 sed
2457 4473 2641 4543 procul
2673 4481 2816 4526 coetu
2843 4479 3031 4525 nostro
3062 4470 3364 4526 consistere
3385 4470 3594 4536 volunt,
3620 4478 3673 4524 et

2099 4567 2406 4624 divinorum
2433 4564 2812 4636 mysteriorum
2842 4563 3222 4618 comnnmione
3266 4561 3446 4618 arceri
3489 4579 3503 4616 :
3536 4573 3676 4616 tem-

2099 4675 2307 4733 pusque
2335 4661 2382 4714 ei
2416 4659 2493 4714 rei
2521 4657 2799 4713 delinitmn
2833 4667 2937 4724 est,
2996 4658 3168 4712 donec
3222 4656 3458 4710 contrito
3513 4655 3677 4711 corde

2098 4763 2152 4808 et
2180 4768 2299 4806 cum
2330 4751 2553 4821 Spiritus
2577 4749 2906 4814 humilitate,
2946 4763 3041 4817 per
3065 4745 3329 4802 fervidam
3381 4747 3678 4818 gemebun-

2101 4845 2334 4913 damque
2349 4843 2742 4914 preteritarum
2764 4841 3040 4910 culparum
3062 4839 3464 4898 confessionem
3498 4841 3678 4896 scelus

2099 4937 2325 5001 eluerit;
2371 4946 2534 5006 atque
2567 4936 2638 4988 ita
2683 4943 2994 4988 sanctarum
3050 4948 3231 4987 rerum
3273 4933 3676 5002 participationi

2101 5021 2443 5092 resumatur,
2478 5033 2532 5081 ct
2562 5026 2775 5080 caeteris
2809 5024 3055 5080 fidelibus
3070 5026 3436 5080 consocietur.
3483 5024 3678 5079 Dicant

2101 5138 2231 5192 ergo
2283 5119 2594 5189 nobis,qui
2629 5135 2686 5172 se
2739 5116 2877 5172 idola
2925 5119 3155 5173 adorare
3200 5118 3374 5185 aiunt,
3428 5119 3474 5172 si
3513 5119 3673 5172 Chri-

2098 5214 2293 5270 Stiauis
2319 5211 2664 5266 adnumerari
2697 5211 2884 5275 velint,
2922 5211 3174 5282 quisnam
3232 5211 3317 5266 his
3365 5209 3456 5280 (ab
3487 5210 3672 5262 icono-

2102 5304 2332 5373 macilis)
2367 5305 2717 5374 resipisceudi
2753 5306 2966 5370 modus,
2994 5307 3208 5374 quodve
3241 5302 3500 5371 temporis
3544 5316 3674 5370 spa-

2102 5399 2232 5452 tium
2283 5396 2354 5450 sit
2406 5405 2701 5461 statutum;
2753 5397 2974 5466 quinam
3019 5393 3226 5464 peccati
3263 5375 3670 5448 θεοιιίεεδίοιιεηι

2099 5487 2206 5543 sint
2233 5484 2547 5559 excepturi;
2597 5485 2793 5557 quibus
2829 5486 3126 5542 canonibus
3170 5485 3548 5554 obtemperare
3579 5483 3672 5538 do-
