3812 6198
394 277 497 344 611

1426 270 1487 331 S.
1527 267 1948 330 NICEPHORI
1987 270 1995 329 ἶ

2100 267 2498 328 l‘RIARCHx‘E
2535 269 2646 329 (ΣΡ.
3479 280 3562 347 612

395 395 587 460 beant;
627 385 897 460 quomodo
928 385 1022 441 flet
1082 383 1189 439 illis
1232 381 1541 451 dogmatqu
1599 395 1691 435 aut
1731 389 1979 436 actorum

2100 399 2216 436 τοτε
2253 381 2439 445 αὐτοῖς
2463 380 2572 453 ἄρα
2605 383 2634 435 ό
2666 381 2762 450 τῆς
2792 379 3119 454 ἐπιστροφῆς
3148 383 3325 454 τρόπος
3365 387 3444 441 καὶ
3470 392 3570 462 χρία.

396 484 466 538 ob
489 479 856 550 ignorantiam
913 476 994 532 vel
1032 473 1294 528 malitiam
1325 473 1808 542 vituperandorum
1858 486 1983 526 cur-

2100 489 2177 535 ρος
2214 471 2650 543 δεδοκίμασταις
2708 471 2856 536 τίνες
2906 473 2956 526 οἰ
2991 472 3088 538 τάς
3131 473 3468 546 ἐξαγορεύσεις
3493 484 3572 554 τῆς

400 575 612 630 rectio:
644 573 720 626 ita
751 571 909 625 utsic
945 568 1321 637 explorentur,
1361 580 1428 618 an
1461 564 1606 633 digni
1636 578 1794 618 sacro
1820 577 1982 634 grege

2100 563 2344 628 Ξισεϐείας
2409 563 2726 635 δεξάμενοι;
2785 563 2960 629 ποίοις
3021 567 3229 620 κανόσιν
3275 569 3573 642 ύπήκουσανς

404 665 541 720 sint.
579 664 740 716 Certe
768 660 1026 730 quamdiu
1051 658 1334 713 Christum
1357 669 1671 726 oppugnare
1699 669 1806 708 non
1839 655 1984 709 desi-

402 765 558 820 nunt,
586 753 772 825 procul
797 752 970 807 sacris
1003 766 1062 805 se
1085 749 1196 818 ptis
1222 748 1508 810 absistunt,
1535 754 1697 815 atque
1725 756 1782 799 ut
1809 745 1988 799 tabida

401 860 566 918 atque
592 845 803 900 inutilia
843 845 1003 899 ovilis
1048 843 1252 898 Christi
1298 843 1539 895 membra
1571 839 1984 901 abscinduntur,

403 956 470 996 ne
501 940 644 994 forte
689 953 822 993 sana
851 949 1090 1006 quoque,
1123 943 1178 988 el.
1223 934 1277 988 in
1327 932 1585 1002 praeclara
1643 930 1986 986 confessione

343 1071 348 1092 ;
403 1029 756 1086 incolumitcr
808 1025 1133 1096 pet-stantia,
1206 1038 1238 1079 a
1295 1022 1732 1079 contauiinatore
1789 1021 1987 1075 animae

403 1123 596 1176 morbo
626 1133 845 1188 pessum
875 1119 1092 1170 dentur.

2088 655 2254 710 πόθεν
2306 655 2494 719 αὐτοῖς
2525 655 2637 709 τῶν
2681 655 2894 723 ἀλόγως
2946 657 3040 710 καὶ
3069 657 3267 722 ἀσεϐῶς
3291 660 3576 732 δεδογμένων

2089 749 2184 802 καὶ
2210 749 2624 818 ’πεπραγμένων
2658 749 2692 820 ἡ
2731 747 3047 820 διόρθωσιςς
3086 749 3192 803 Καὶ
3221 749 3350 805 οὕτω
3387 754 3579 825 ,δοκιμα-

2092 832 2410 898 ζέσθωσαν,
2452 834 2502 887 εί
2535 833 2679 900 ἄξιοι
2736 836 2835 906 τῆς
2872 837 3022 908 ἱερᾶς
3065 827 3257 909 ἀγέλης
3287 843 3580 912 τυγχάνοιεν·

2091 925 2200 988 ἕως
2227 925 2274 978 δ’
2309 925 2376 980 ἀν
2407 925 2500 980 τοῦ
2541 931 2943 998 χριστομαχεῖν
2969 929 3068 984 οὒκ
3089 931 3404 1001 ἀπόσχοιντο,
3431 935 3585 1006 πόρῤω

2093 1032 2198 1070 που
2232 1016 2330 1070 καὶ
2381 1017 2540 1081 ἐκτὸς
2586 1018 2698 1071 τῶν
2743 1019 2907 1091 ἱερῶν
2939 1020 3234 1093 περιϐόλων
3272 1023 3586 1094 ἀωτρεχέτω-

2093 1125 2214 1174 σαν,
2247 1109 2346 1165 καὶ
2381 1110 2459 1174 ὡς
2511 1109 2648 1183 μέλη
2679 1113 2956 1184 σεσηπότα
3005 1114 3096 1167 καὶ
3124 1113 3354 1186 ἀχρηστα
3379 1118 3464 1187 τῆς
3495 1118 3588 1170 ποί-
3628 1177 3636 1182 ,

407 1227 543 1282 μνης
587 1207 826 1281 Χριστοῦ
879 1204 1399 1278 ἀποτεμνέσθωσαν,
1457 1205 1530 1276 μή
1573 1220 1704 1258 ποτε
1741 1201 1839 1256 κοιλ⁵
1889 1201 1957 1257 τὰ
1997 1201 2338 1271 ὑγιαίνοντα,
2403 1203 2499 1257 καὶ
2563 1204 2694 1274 περὶ
2725 1204 2826 1277 τὴν
2891 1203 3064 1275 καλὴν
3095 1207 3364 1278 ὁμολογίαν
3393 1207 3588 1280 ερρωμι.

403 1324 510 1371 νως
574 1307 860 1376 ἱστάμενα,
919 1307 986 1374 τῇ
1050 1301 1382 1373 ψυχοφθόρῳ
1451 1300 1594 1370 νόσῳ
1666 1299 2119 1369 διαλυμήναιντο.

475 1404 568 1457 30.
591 1389 728 1456 (36η
763 1407 943 1454 autem
987 1397 1278 1460 idolorum,
1309 1405 1363 1450 et
1407 1410 1505 1451 eor
1537 1411 1626 1450 um
1673 1394 1764 1464 qui
1804 1407 1992 1450 ertore

407 1494 621 1549 abducti
648 1509 710 1546 ea
739 1498 1092 1550 venerantur,
1131 1487 1329 1556 duplex
1359 1487 1434 1540 sit
1456 1486 1650 1541 classis
1677 1502 1690 1538 :
1733 1501 1836 1539 una
1867 1485 1990 1553 qui-

409 1591 530 1643 dem
565 1587 779 1640 illorum
815 1583 908 1650 qui
968 1595 1153 1634 crassa
1201 1578 1580 1648 materiaiiqne
1624 1587 1805 1633 mente
1853 1591 1992 1646 pra}-

2169 1393 2235 1448 λ’.
2261 1393 2452 1448 Διττοῦ
2481 1395 2537 1450 δὲ
2557 1395 2710 1460 ὄντος
2740 1394 2837 1450 τοῦ
2869 1413 2938 1450 πε
2947 1397 3002 1468 pi.
3035 1396 3140 1452 τῶν
3167 1399 3382 1454 εἰδώλων
3421 1400 3502 1456 καὶ
3519 1399 3594 1470 τῆς

2097 1487 2184 1540 ἐπ’
2216 1487 2401 1552 αὐτοῖς
2442 1487 2552 1542 τῶν
2601 1487 2974 1556 πλανωμένων
3007 1492 3404 1562 προσκυνήσεως
3441 1490 3590 1560 λόγου,

2094 1579 2204 1634 τῶν
2245 1581 2344 1651 μὲν
2371 1579 2480 1651 γὰρ
2521 1581 2634 1633 ὅσοι
2667 1583 2866 1650 παχεῖς
2913 1582 3012 1635 καὶ
3059 1581 3230 1636 ὑλικοὶ
3258 1581 3348 1654 τὴν
3379 1583 3593 1643 διάνοιαν,

410 1679 530 1742 diti,
561 1678 618 1731 in
653 1691 719 1730 eo
768 1684 976 1727 tantum
1017 1671 1158 1740 quod
1188 1669 1435 1725 cernitur
1465 1669 1856 1732 snb~islentes,
1909 1669 1994 1722 ui-

2100 1672 2234 1744 πρὸς
2263 1672 2326 1726 τὸ
2355 1673 2681 1744 φαινόμενον
2710 1675 2873 1746 μόνον
2895 1675 3337 1748 ιναπομὲνοντες,
3366 1677 3447 1729 καί
3474 1676 3594 1730 οὐδὲν

418 1771 603 1838 hilque
639 1765 868 1821 ulterius
933 1765 1179 1834 cogitare
1228 1761 1490 1826 valentes,
1543 1760 1814 1830 lapidibus
1868 1771 1994 1814 tan-

412 1857 690 1915 tntnmudo
749 1865 805 1910 et
863 1854 1024 1924 lignis
1071 1865 1127 1907 et
1184 1852 1407 1922 τειίιιυω
1470 1852 1696 1906 inanimi
1755 1851 1996 1906 materia

415 1960 650 2004 mentem
703 1944 1077 2010 intendentes,
1125 1942 1390 2008 adorant;
1442 1941 1537 2012 qui
1585 1955 1712 1996 vero
1753 1941 1998 1996 rationa-

417 2043 580 2097 bilius
607 2029 1018 2108 sapientiusque
1047 2036 1296 2106 cogitare
1322 2035 1598 2098 videntur,
1629 2034 1666 2088 ii
1708 2035 1760 2088 in
1799 2034 1998 2090 statuis

413 2133 670 2189 habitare
721 2131 829 2185 vim
881 2127 1177 2202 quamdam
1225 2127 1582 2193 existimant;
1621 2142 1784 2196 quam
1829 2127 1996 2182 etiam

415 2229 637 2283 deorum
673 2222 896 2278 nomine
940 2219 1233 2290 appellant,
1274 2219 1435 2273 sicuti
1467 2229 1523 2274 et
1551 2219 1640 2272 illa
1663 2217 1998 2286 signa,ima-

417 2320 573 2391 gines
595 2318 820 2371 deorum
847 2317 1089 2368 vocitare
1107 2311 1317 2366 solent:
1341 2326 1442 2382 age
1460 2325 1610 2373 vero,
1635 2311 1773 2366 utris
1801 2310 1995 2364 horum

417 2410 542 2468 novi
587 2405 872 2464 idolorum'
899 2405 1141 2460 cultores
1175 2402 1487 2458 ascribendi
1533 2400 1696 2456 sunt?
1722 2400 1781 2457 Si
1832 2401 1999 2456 rusti-

417 2519 605 2558 corum
641 2515 792 2554 more
829 2497 883 2552 in
913 2495 1182 2551 deteriore
1238 2493 1416 2549 classe
1469 2509 1528 2547 se
1587 2492 1876 2558 collocant,
1928 2487 2000 2546 ad

418 2597 724 2652 evidentem
753 2591 1045 2646 amentiam
1076 2588 1471 2656 belluinamque
1525 2586 1893 2656 stupiditatem
1939 2598 2000 2640 se

419 2685 732 2744 demittunt.
771 2679 924 2748 Quod
963 2679 1009 2733 si
1041 2678 1304 2732 urbanius
1332 2685 1554 2747 agentes
1598 2676 1828 2730 classem
1860 2676 1999 2728 alte-

417 2792 535 2833 ram
560 2775 786 2844 eligant,
823 2781 950 2826 tunc
979 2771 1034 2824 iu
1057 2783 1330 2824 summam
1382 2766 1719 2836 impietatem
1759 2781 1824 2820 ac
1859 2766 1996 2820 irre-

417 2867 770 2938 ligiositatem
824 2863 1136 2916 incurrunt.
1205 2857 1677 2926 Quaarendumque
1723 2865 1996 2926 superest,

421 2969 600 3014 utrum
627 2953 980 3010 masculinum
1009 2950 1200 3004 malint
1219 2951 1447 3004 deorum
1487 2963 1679 3019 genus,
1703 2959 1757 3004 et
1781 2949 1997 3018 quidem

419 3049 615 3106 sortito
649 3045 938 3116 quosdam,
969 3041 1132 3097 Veluti
1185 3041 1506 3106 Saturnum,
1539 3037 1750 3108 Jovem,
1791 3039 1995 3110 Apolli-
2025 3034 2068 3092 C

420 3162 580 3212 netu;
613 3159 682 3196 an
719 3140 900 3212 potius
929 3135 1250 3193 femininum
1275 3177 1293 3204 ,
1330 3135 1498 3192 veluti
1552 3137 1781 3201 Rheam,
1820 3135 1994 3191 Juno-

420 3255 569 3304 nem,
595 3235 854 3298 Dianam;
885 3233 1018 3286 item
1052 3245 1119 3284 ex
1147 3229 1462 3286 earumdem
1515 3229 1740 3285 deorum
1801 3228 1998 3285 classi-

420 3333 546 3394 bus,
575 3339 754 3381 utrum
793 3323 1024 3394 primam
1073 3329 1128 3376 et
1160 3319 1480 3384 secundam,
1531 3328 1588 3374 et
1635 3328 1816 3374 utrum
1855 3334 1994 3388 prte-

419 3417 742 3476 eminentias
753 3415 1040 3486 quasdam.
1055 3421 1110 3466 et
1127 3411 1345 3478 limites,
1363 3421 1416 3466 et
1433 3411 1752 3483 dignitatum
1773 3412 1991 3490 gradus,

422 3513 586 3586 180
626 3509 955 3575 attribuant,
1002 3515 1080 3574 ul,
1135 3503 1406 3576 siquidem
1442 3505 1824 3562 ethnicismum
1858 3505 1997 3561 forte

420 3604 663 3677 proﬁteri
693 3602 948 3668 debeant,
985 3597 1375 3668 praerogativam
1421 3613 1529 3654 non
1564 3598 1836 3670 ignorent.
1891 3597 1992 3652 Mi-

420 3699 533 3754 rari
551 3707 730 3750 autem
761 3707 1110 3760 summepere
1132 3701 1352 3761 oportet
1382 3691 1596 3746 illorum
1617 3689 1992 3762 stupiditatem

418 3789 512 3858 qui
539 3787 726 3842 nolunt
748 3783 1054 3853 intelligere
1072 3783 1116 3837 si
1151 3781 1288 3836 nihil
1319 3782 1489 3846 aliud,
1513 3792 1662 3837 certe
1691 3781 1835 3852 quod
1867 3780 1994 3835 nni-

419 3879 617 3948 cuique
647 3873 890 3944 religioni
926 3882 1009 3928 est
1031 3873 1328 3943 peculiare,
1365 3882 1419 3928 et
1451 3871 1774 3942 templorum
1800 3887 1863 3927 ac
1900 3885 1994 3927 sa-

419 3969 753 4024 criﬁciorum
775 3965 1171 4029 diversitatem,
1197 3964 1432 4033 denique
1461 3964 1755 4034 imaginum
1777 3976 1995 4034 quoque

419 4059 804 4116 diﬂ'erentiam.
832 4055 968 4112 Nam
991 4058 1151 4114 sicuti
1172 4074 1234 4111 ea
1256 4072 1373 4126 qum
1391 4059 1706 4120 adorantur,
1730 4057 1989 4112 attributa

416 4169 517 4209 sua
543 4153 678 4207 citra
706 4167 924 4206 omnem
946 4151 1408 4219 cntnparationem
1437 4149 1640 4205 habent
1665 4149 1820 4222 (sunt
1846 4151 1992 4206 enim

417 4245 523 4300 alia
557 4244 774 4314 quidem
813 4241 1002 4297 divina
1041 4252 1096 4295 et
1127 4242 1458 4307 veneranda,
1489 4241 1592 4295 alia
1633 4255 1763 4297 vero
1797 4242 1996 4298 daemo-

421 4336 576 4390 uiaca
599 4341 653 4388 et
677 4334 1059 4401 exsecranda),
1087 4332 1156 4386 ita
1178 4333 1464 4386 dicendum
1495 4342 1577 4386 est
1593 4331 1740 4386 locos
1756 4347 1992 4402 quoque,

2095 1765 2260 1821 πλέον
2318 1767 2524 1820 ἐννοεῖν
2567 1766 2879 1836 δυνάμενοι,
2931 1767 3069 1823 αὐτὸ
3137 1768 3288 1841 μόνον
3327 1767 3474 1832 λίθοις
3527 1770 3598 1822 καὶ

2097 1857 2277 1926 ξύλοις
2305 1859 2402 1913 καὶ¹
2430 1862 2498 1932 τῇ
2529 1859 2694 1932 λοιπῇ
2722 1860 2916 1933 ἀψύχῳ
2949 1861 3052 1934 ὕλῃ
3076 1861 3166 1918 τὸν
3212 1863 3330 1918 νοῦν
3357 1861 3599 1934 προσέχον-

2093 1969 2188 2016 τες
2218 1951 2630 2006 ύποκύπτουσιν
2661 1967 2676 1985 ⁸
2703 1955 2754 2007 οἰ
2784 1953 2842 2006 δὲ
2876 1955 2996 2010 ὅσοι
3039 1955 3250 2010 δοκοῦσι
3296 1953 3602 2024 λογικώτερον

2095 2043 2190 2097 καὶ
2214 2042 2656 2116 φιλοσοφώτερόν
2718 2063 2836 2108 πως
2881 2045 3220 2116 ἐπιϐάλλειν,
3265 2047 3353 2098 καλ
3395 2043 3604 2113 δυνάμεις

2095 2136 2247 2198 τινάς
2286 2137 2530 2190 ιὲνοικεῖν
2553 2141 2665 2202 τοῖς
2712 2137 2927 2204 ξοάνοις
2955 2138 3266 2206 δοξάζουσιν
3287 2155 3302 2170 ·
3327 2136 3386 2201 ἃς
3437 2137 3494 2206 δὴ
3534 2135 3608 2188 καὶ

2099 2225 2277 2290 θεοὺς,
2313 2225 2506 2299 ὥσπερ
2532 2231 2762 2284 κάκεῖνα
2791 2229 3014 2296 εἰκόνας
3039 2229 3174 2284 θεῶν
3201 2230 3375 2284 καλεῖν
3401 2228 3603 2282 εἰώθασι·

2098 2317 2348 2388 ποτέροις
2381 2317 2446 2391 δὴ
2476 2318 2683 2374 τούτων
2715 2320 2765 2374 οἰ
2791 2320 2903 2374 νέοι
2933 2320 3050 2374 τῶν
3077 2320 3304 2375 εἰδώλων
3327 2317 3608 2391 θεραπευταί

2098 2411 2520 2482 προστίθενται;
2549 2411 2614 2466 El
2637 2411 2738 2482 μὲν
2766 2413 2876 2484 γάρ
2901 2411 3342 2484 ἀγροικιζόμενοι
3365 2415 3424 2482 τῇ
3451 2411 3612 2482 χείρονι

2102 2502 2270 2574 μοίρᾳ
2337 2503 2687 2574 προσέχοιεν,
2768 2504 2850 2568 εἰς
2899 2500 3185 2575 προῦπτον
3241 2503 3512 2572 κτηνωδξας
3544 2499 3614 2553 καὶ

2100 2595 2360 2660 ἀϐουλίας
2407 2596 2719 2666 κατῴχοντο
2742 2613 2757 2630 ο
2812 2597 2863 2649 εἰ
2906 2596 2965 2650 δὲ
3021 2597 3089 2670 δὴ
3137 2593 3488 2664 ἀστεῖζόμενοι
3539 2593 3615 2660 τῆς

2100 2686 2295 2758 ἑτέρας
2351 2686 2842 2758 μεταλαγχάνοιεν,
2889 2686 2972 2750 εἰς
3027 2684 3196 2758 ἄκρον
3217 2683 3506 2745 δυσσεϐείας
3544 2679 3618 2733 καὶ

2099 2777 2288 2840 ἀθεῖας
2335 2775 2658 2842 ἐξώλισθονο
2721 2777 2816 2830 καλ⁵
2874 2777 3110 2848 πότερον
3157 2775 3234 2847 τῷ
3280 2775 3380 2828 τῶν
3417 2771 3618 2846 ἀρρένων

2100 2868 2254 2932 εῖδει,
2269 2867 2591 2922 καὶτούτων
2611 2867 3173 2940 ἀποκεκληρωμένως
3196 2869 3322 2930 τινὶ,
3341 2861 3443 2922 οἷον
3466 2865 3620 2936 Κρόνῳ

2100 2961 2196 3015 καὶ
2217 2961 2301 3014 Διὶ
2329 2961 2424 3014 καὶ
2458 2960 2790 3026 Ἀπόλλωνι;
2816 2962 2887 3014 ’Ἠ
2915 2961 2998 3032 τῷ
3018 2961 3128 3016 τῶν
3143 2959 3382 3032 Θηλειῶν,
3402 2951 3498 3011 οἷον
3524 2953 3620 3024 Ῥέᾳ

2102 3053 2197 3108 καὶ
2227 3053 2378 3126 Ἥρᾳ
2410 3052 2504 3106 καὶ
2547 3053 2826 3122 Ἀρτέμιδι
2872 3057 3130 3123 χαίρουσι
3158 3070 3174 3120 ;
3203 3053 3296 3108 καὶ
3323 3054 3370 3106 τί
3397 3049 3554 3115 τάξεις
3569 3049 3622 3100 ’ἰν

2103 3145 2289 3208 αὐτοῖς
2320 3145 2547 3217 πρώτην
2587 3146 2682 3198 καὶ
2741 3146 3006 3216 δευτέραν
3055 3146 3216 3212 θεῶν,
3256 3146 3346 3200 καὶ
3395 3138 3623 3214 ὑπεροχὰς

2101 3235 2164 3306 δή
2183 3253 2356 3302 τινας,
2387 3238 2483 3290 καὶ
2509 3239 2704 3308 μέτρα,
2725 3239 2818 3291 καὶ
2845 3238 3183 3310 ἀξιωμάτων
3202 3235 3448 3308 διαφορὰς
3467 3235 3626 3302 νέμουο

2104 3341 2189 3379 σιν
2206 3340 2220 3354 ⁸
2242 3325 2337 3380 ῖνα
2361 3324 2524 3396 εἴπερ
2559 3326 2894 3399 Έλληνίζειν
2918 3329 3126 3392 αὐτοὺς
3153 3329 3284 3392 δέοι,
3302 3327 3404 3380 τῶν
3424 3321 3626 3392 ὑπερφέ-

2105 3417 2307 3488 ρόντων
2337 3420 2492 3473 αὐτοὶ
2515 3419 2590 3491 μὴ
2608 3421 3072 3491 ἀποτυγχάνοιεν.
3090 3422 3225 3476 Ύπε
3235 3422 3506 3493 ραγάσαιτο
3527 3415 3562 3468 δ’
3576 3412 3628 3468 ἄν

2099 3527 2186 3572 τις
2211 3510 2312 3580 τῆς
2333 3511 2694 3584 ἀναισθησίας
2724 3513 2940 3578 αὐτοὺς,
2975 3513 3057 3578 ὡς
3088 3514 3318 3568 συνιδεῖν
3346 3513 3438 3566 οὐκ
3452 3507 3628 3565 ἐθέλου-

2102 3617 2207 3665 σιν,
2243 3603 2290 3655 εί
2323 3603 2397 3672 μή
2428 3619 2482 3655 τι
2511 3598 2607 3656 οὖν
2642 3602 2791 3688 ἄλλο,
2821 3603 2882 3656 τὸ
2911 3604 3049 3672 γοῦν
3105 3605 3304 3668 ἰδιάζον
3330 3605 3385 3657 ὲν
3432 3597 3630 3668 ἑκατέρᾳ

2098 3694 2206 3748 τῶν
2231 3693 2564 3767 θρησκειῶν,
2585 3695 2695 3749 τῶν
2715 3712 2774 3748 τε
2803 3695 2970 3762 ναῶν,
2995 3696 3110 3752 τῶν
3131 3714 3192 3751 τε
3220 3693 3412 3750 θυσιῶν
3435 3693 3491 3746 τὸ
3509 3689 3632 3759 ἐξηλ-

2099 3787 2203 3856 λαγ
2211 3789 2392 3859 μένον,
2420 3789 2516 3842 καὶ
2543 3787 2650 3840 τῶν
2667 3789 3115 3860 εἰκονιζομένων,
3138 3790 3336 3846 ὁπόσον
3358 3789 3464 3843 ἐστὶ
3478 3787 3529 3840 rb
3543 3786 3634 3838 διὰ·

2100 3899 2302 3953 φοροψ
2343 3883 2428 3936 ὅτι
2459 3881 2714 3953 καθάπερ
2751 3884 2819 3935 τά
2863 3877 3367 3956 προσκυνούμενα,
3391 3883 3448 3937 τδ
3481 3881 3631 3948 διῳκι-

2102 3973 2302 4041 σμὲνον
2325 3972 2676 4044 ἀσυγκρίτως
2701 3972 2938 4027 εἰσάπαν
2957 3972 3154 4044 ἔχουσι
3174 3976 3265 4048 (τά
3294 3974 3394 4046 μὲν
3417 3973 3516 4043 γὰρ
3537 3967 3634 4023 θεῖα

2100 4061 2196 4115 καὶ
2226 4061 2520 4130 σεϐάσμια,
2570 4061 2639 4115 τὰ
2679 4059 2736 4114 δὲ
2765 4059 3030 4131 βδελυκτά
3065 4059 3484 4134 καὶοδαιμόνια),
3521 4053 3635 4108 οὔπω

2098 4152 2163 4224 δὴ
2183 4152 2402 4206 καὶτῶν
2423 4153 2481 4205 ἐν
2503 4146 2584 4215 οἷς
2615 4154 2648 4224 ἡ
2670 4150 2938 4223 Θεραπεία
2958 4151 3178 4208 τούτων
3207 4153 3439 4207 τελεῖται
3467 4145 3630 4203 τόπων,

2100 4245 2328 4315 προσέτι
2357 4243 2413 4297 δὲ
2439 4245 2537 4298 καί.
2569 4243 2664 4298 τοῦ
2687 4245 2900 4316 τρόπου
2943 4243 3004 4298 τὺ
3035 4245 3475 4319 ἀποκεκριμένον
3505 4254 3630 4308 περι⁶

2103 4335 2416 4404 φανέστατα
2491 4337 2826 4406 κέκτηνται·
2890 4336 3082 4392 ἐκεῖνα
3139 4341 3243 4411 μὲν
3292 4336 3433 4409 γάρ,
3482 4328 3631 4396 ἐπειδὴ

420 4425 509 4478 ubi
544 4424 722 4478 cultus
762 4424 1064 4495 peragitur,
1096 4438 1314 4478 necnon
1355 4424 1523 4492 ritus,
1552 4423 1995 4480 manifestissime

2103 4394 2354 4480 σκοτεινά
2377 4427 2472 4480 καὶ
2503 4394 2728 4490 σκότους
2760 4429 2900 4484 εἰσὶν
2924 4430 3073 4496 ἀξια,
3111 4394 3173 4484 εὶ
3222 4394 3398 4501 σκότῷ
3421 4394 3634 4483 πολλάκιξ

424 4517 566 4572 inter
595 4531 655 4571 se
685 4515 924 4572 differre.
955 4515 1088 4570 ﬁam
1120 4531 1240 4585 qum
1263 4524 1391 4570 stmt
1422 4517 1728 4583 tenebrosa,
1751 4527 1806 4572 et
1833 4517 1995 4588 digna

431 4610 692 4673 tenebris,
728 4609 1051 4680 plerumque
1092 4609 1144 4662 in
1182 4610 1420 4665 tenebris
1447 4620 1724 4679 aguntur:
1763 4609 1816 4665 in
1867 4610 2000 4666 sul)-

426 4703 695 4756 terraueis
737 4717 930 4772 nempe
955 4703 1133 4774 adytis
1170 4700 1802 4770 autrisqncinitiatioues
1825 4703 1956 4756 ﬁunt
1981 4716 1996 4754 :

425 4804 614 4848 nostra
651 4809 802 4860 vero,
831 4791 1270 4863 quandoquidem
1295 4793 1344 4846 in
1369 4791 1570 4846 lumine
1591 4792 1766 4846 vultus
1788 4792 1996 4846 Domini

429 4884 760 4946 incedimus,
785 4885 838 4938 in
874 4887 1272 4940 illuminatione
1317 4885 1489 4940 divini
1548 4884 1855 4954 splendoris
1885 4885 2000 4954 ple-

427 4992 606 5046 naque
640 4977 693 5030 in
753 4977 869 5029 luce
899 4977 1213 5030 revelantur
1248 4976 1525 5048 mysteria,
1567 4976 1691 5046 quia
1719 4976 1806 5030 lux
1849 4987 1997 5030 sunt.

489 5067 580 5122 3!.
620 5070 732 5135 Age
780 5081 926 5132 vero,
963 5067 1129 5121 etiam
1181 5067 1478 5137 imaginum
1540 5065 1998 5138 (quamloquidem

423 5157 722 5216 inultiildus
758 5163 842 5211 est
893 5171 1068 5222 error,
1129 5157 1389 5227 multique
1427 5158 1568 5230 apud
1617 5157 1866 5212 ethnicos
1926 5156 2000 5212 dii

417 5252 807 5318 metuentesque
839 5255 960 5300 sunt
985 5247 1002 5316 )
1032 5259 1258 5300 necesse
1287 5255 1370 5306 est
1402 5247 1582 5317 plures
1621 5261 1743 5301 esse
1777 5245 1998 5312 formas,

419 5355 477 5399 et
507 5344 709 5415 figuras
743 5340 922 5396 varias
980 5350 1144 5408 atque
1183 5337 1532 5406 multiplices,
1595 5339 1886 5410 specieque
1919 5341 2002 5394 di-

421 5451 632 5502 versas,
656 5435 996 5502 invicemque
1031 5429 1326 5486 dissimiles
1353 5471 1368 5496 ,
1399 5441 1448 5484 et
1481 5431 1656 5499 ipsum
1689 5431 1818 5485 illud
1869 5432 2000 5486 rude

425 5529 713 5597 unicuique
741 5530 852 5582 Deo
877 5525 1111 5596 positum
1131 5523 1481 5578 simulacrum
1503 5534 1716 5592 oportet
1751 5523 1998 5580 dili'urre.

423 5617 574 5684 Apud
607 5633 704 5672 uos
731 5629 906 5672 autem
954 5616 1299 5672 Christianos
1349 5629 1514 5684 quum
1563 5613 1792 5682 simplex
1846 5615 1918 5668 sit
1949 5624 2003 5670 et

423 5707 652 5762 nulivisa
679 5709 900 5777 vetitas,
925 5709 1054 5778 quia
1077 5724 1218 5765 unus
1247 5718 1330 5764 est
1351 5705 1624 5771 Christus,
1653 5721 1755 5760 una
1787 5721 2002 5777 quoque

2104 4515 2538 4587 ἐπιτελούμενα,
2597 4519 2942 4590 ὑποχθονίοις
3005 4521 3231 4586 ἀδύτοις
3286 4523 3378 4578 καὶ
3441 4519 3620 4588 ἄντροις

2103 4611 2530 4678 συγκατακλείει
2578 4613 2648 4665 τά
2721 4613 3075 4686 τελεστήρια·
3142 4615 3218 4674 τὰ
3271 4615 3329 4668 δὲ
3399 4614 3635 4686 ἡμέτεραι

2099 4701 2288 4774 ἐπειδὴ
2335 4704 2393 4755 ὲν
2425 4703 2506 4773 τῷ
2550 4705 2689 4772 φωτὶ
2726 4705 2820 4759 τοῦ
2861 4704 3160 4777 προσώπου
3204 4707 3410 4780 Κυρίου
3451 4699 3637 4775 πορευό·

2105 4793 2263 4862 μεθα,
2321 4792 2398 4861 τῷ
2453 4791 2718 4864 φωτισμῷ
2773 4793 2874 4863 τῆς
2921 4793 3076 4860 Θείας
3109 4795 3438 4868 ἐλλάμψεως
3481 4792 3562 4846 καὶ
3594 4789 3640 4840 ἐν

2103 4882 2246 4952 φωτὶ
2293 4883 2698 4938 ὲκκαλύπτεται
2755 4887 2918 4957 ἡμῶν
2945 4887 3014 4940 τά
3060 4888 3400 4958 μυστήρια,
3438 4886 3511 4938 ὅτι
3549 4880 3638 4952 φὶς

2103 4975 2235 5028 εἰσι.

2174 5069 2276 5124 λα’.
2310 5069 2430 5123 Τῶν
2480 5068 2538 5122 δὲ
2587 5068 3030 5142 εἰκονιζομένων,
3071 5072 3242 5142 ἡνίκα
3279 5067 3584 5142 πολυσχιδὴὶ
3617 5065 3645 5132 ἦ

2103 5160 2278 5232 πλάνη
2299 5160 2514 5233 (πολλοὶ
2537 5161 2645 5233 γὰρ
2670 5162 2802 5234 παρ’
2823 5164 3004 5230 αὐτοῖς
3026 5163 3140 5218 θεοί
3171 5183 3234 5218 τε
3262 5167 3356 5220 καί
3387 5161 3646 5236 ouium“):

2103 5252 2319 5324 ἀνάγκη
2358 5253 2581 5318 πλείους
2611 5249 2751 5308 εἴναι
2775 5256 2872 5309 καὶ
2893 5256 2990 5320 τὰς
3025 5257 3264 5328 μορφὰς,
3299 5259 3394 5312 καὶ
3423 5257 3488 5310 ea
3515 5257 3649 5307 ὲκτυ·

2104 5342 2343 5414 πώματα
2378 5344 2597 5397 ποικίλα
2629 5344 2725 5398 καὶ
2761 5346 3219 5418 πεπληθυσμένα,
3254 5350 3350 5404 καὶ
3378 5348 3487 5410 τοῖς
3510 5343 3650 5398 εἴδεσι

2104 5432 2432 5506 διαφέροντα
2455 5475 2469 5500 ,
2501 5435 2596 5488 καὶ
2637 5436 2912 5506 ἀνομοίων
2939 5437 3199 5508 ἀνόμοια,
3253 5439 3352 5492 καὶ
3388 5437 3447 5492 τὸ
3475 5433 3647 5506 βρέτας

2104 5525 2321 5595 ἑκάστῳ
2359 5525 2649 5578 ἀλλόκοτον
2687 5526 3078 5598 ἀνατιθέμενον
3102 5543 3116 5558 ·
3155 5529 3293 5599 παρ’
3323 5529 3454 5598 ἡμῖν
3483 5525 3537 5580 δὲ
3563 5521 3652 5580 τοῖς

2103 5616 2456 5686 Χριστιανοῖς
2489 5617 2664 5687 ἁπλῆς
2698 5617 2868 5688 οὔσης
2907 5621 3002 5674 καὶ
3043 5620 3391 5676 ἀσκεδάετου
3420 5619 3516 5690 τῆς
3543 5614 3652 5682 ἀλης

2106 5709 2276 5776 θείας,
2309 5710 2496 5783 ἐπειδὴ
2536 5704 2617 5776 εἷς
2646 5711 2793 5766 ἐστιν
2820 5714 2847 5767 ό
2879 5711 3132 5783 Χριστὸς,
3182 5714 3288 5784 μία
3321 5713 3400 5784 τῷ
3425 5710 3547 5765 εῖδει
3574 5699 3652 5758 καὶ
