4054 6204
363 226 477 300 8Ῑῖ

1235 236 1808 303 APOLOGETICUS
1845 241 1995 302 PRO
2030 241 2302 304 SACRIS
2338 241 2822 304 IMAGINIBUS.

3533 244 3644 310 6M

361 355 402 423 ἡ
437 350 638 406 τούτου
668 349 872 415 εἰκὼ),
925 347 1023 405 καὶ
1052 345 1081 405 ὁ
1127 349 1422 425 χαρακτὴρ
1461 352 1649 422 ὅμοιος
1671 393 1686 419 ,
1722 353 1785 419 ἐξ
1837 355 1955 418 ἑνὸς

2059 364 2144 437 est
2181 353 2439 425 imaginis
2469 353 2589 424 ejus
2626 354 2860 423 species,
2891 351 3288 424 characterque
3324 355 3522 413 similis
3573 376 3640 414 ex

361 441 686 514 ἀρχετύπου
713 441 803 496 ἀεὶ
829 443 1256 514 προερχόμενος·
1284 443 1358 507 ὡς
1384 444 1517 515 φέρε
1535 446 1714 499 εἰπεῖν
1726 445 1957 524 ἀφ’ἐνδς

361 532 659 586 δακτυλίου
696 533 868 588 πολλὰ
907 534 1119 603 γίνεται
1151 533 1527 605 ἐκτυπώματα
1553 577 1570 600 ,
1613 537 1662 590 ει
1702 537 1795 591 καὶ
1831 539 1956 600 ταῖς

361 624 614 693 ἡλικίαις
653 623 769 677 ἔσθ’
800 626 892 678 ὅτε
945 625 1039 680 καὶ
1070 629 1186 690 τοῖς
1223 627 1331 680 τῶν
1367 629 1550 681 τόπων
1593 631 1652 682 ὲν
1699 622 1784 693 οἷς
1814 629 1954 683 ἐνδι-

362 719 540 787 ῃτᾶτο
568 715 855 788 ίδιώμασι,
889 719 1031 772 κατά
1054 735 1116 772 τε
1139 719 1199 773 τὸ
1231 722 1424 790 σχῆμα
1455 721 1549 774 καὶ
1584 719 1682 792 τὴν
1711 720 1950 792 μορφὴν,

363 806 544 878 βραχύ
577 825 630 860 τι
659 809 1085 881 παραμείϐεται,
1117 809 1416 880 πληθύεται
1439 811 1496 864 δὲ
1517 805 1597 875 εἷς
1624 811 1720 864 καὶ
1742 813 1770 864 ὁ
1789 811 1952 876 αὐτὸς

364 903 579 971 μένων·
613 901 804 973 ὥσπερ
829 905 893 956 ἐκ
928 904 1054 974 μιᾶς
1083 904 1369 973 λαμπάδος
1395 903 1608 958 πολλῶν
1641 903 1954 976 ἀναπτομέο

361 1011 495 1057 νων,
532 993 654 1055 ἑνὸς
687 994 782 1046 καὶ
813 995 907 1046 τοῦ
943 993 1116 1047 αὐτοῦ
1153 995 1326 1066 πυρὸς
1368 995 1650 1066 μένοντος,
1681 993 1759 1065 τῷ
1797 995 1952 1064 πόθῳ

361 1086 457 1136 καὶ
501 1087 570 1155 τῇ
601 1098 787 1139 πιστει
813 1083 923 1137 τῶν
956 1085 1232 1156 δεομένων
1265 1086 1362 1156 τῆς
1401 1085 1652 1139 ἐντεῦθεν
1680 1085 1950 1156 ὠφελείας

324 1195 334 1202 ο
360 1177 458 1230 καὶ
487 1177 737 1248 χάριτος,
763 1175 872 1230 τῶν
899 1176 956 1229 δὲ
983 1175 1184 1230 θυσιῶν
1216 1178 1416 1231 ὁπόσον
1435 1178 1496 1229 τὸ
1515 1177 1796 1249 διάφορον,
1827 1177 1949 1231 οὐδὲ

363 1268 725 1340 παραστῆσαι
759 1265 963 1339 ῥᾴδιον·
996 1265 1080 1332 τίς
1108 1269 1218 1338 γὰρ
1256 1268 1517 1322 κοινωνία
1546 1271 1680 1340 πρὸς
1703 1267 1801 1340 τὴν
1823 1268 1947 1323 καθ’

362 1361 512 1431 ἡμᾶς
543 1355 886 1428 ἀναίμακτον
909 1359 1005 1410 καὶ
1044 1358 1345 1428 ἱερωτάτην
1375 1352 1588 1422 θυσίαν,
1617 1357 1727 1411 τῶν
1769 1375 1947 1428 μυσα-

363 1448 475 1520 ρῶν
503 1447 733 1500 ἐκείνων
760 1449 858 1502 καὶ
895 1448 1128 1502 ἀνοσίων
1167 1446 1560 1518 βδελυγμάτων
1590 1465 1605 1514 ;

431 1541 534 1613 λβ’.
560 1541 624 1594 Εἰ
659 1540 714 1594 δὲ
754 1538 923 1605 ἅπαξ,
962 1538 1038 1604 ὥς
1066 1555 1256 1610 φασιν,
1291 1539 1531 1604 εἰδώλοις
1561 1543 1945 1612 προσκεκυνήιι

359 1650 514 1697 κασι,
547 1631 666 1696 πῶς
691 1631 792 1686 οὐκ
813 1630 880 1685 ἀν
902 1631 1088 1694 αὐτοῖς
1109 1629 1177 1683 δι’
1199 1630 1370 1702 ὀργῆς
1391 1630 1441 1684 oi
1472 1631 1782 1702 προσκυνού
1791 1648 1946 1702 μενοι

2058 458 2164 498 uno
2209 444 2511 516 archetypo
2561 458 2782 513 semper
2840 445 3164 513 procedens.
3204 445 3378 513 Sicut,
3407 464 3639 520 exempti

2059 551 2248 597 cntra,
2290 535 2358 590 ab
2380 556 2391 584 ι
2417 538 2696 594 noaunulo
2743 537 2894 605 plura
2921 537 3057 593 ﬁunt
3083 547 3296 610 ectypa,
3327 555 3638 610 quanquam

2057 629 2126 681 oh
2150 637 2338 682 anates
2366 627 2658 695 aliquando
2684 638 2737 682 et
2763 628 3005 684 locorum
3035 630 3088 684 in
3119 632 3318 702 quibus
3349 643 3641 687 versantur

2056 717 2385 778 idiotismos.
2428 719 2616 773 habittt
2655 731 2708 774 et
2737 719 2912 776 forma
2955 737 3145 791 parum
3173 725 3302 794 quid
3344 723 3635 788 diﬁ'erttnt;

2054 818 2105 863 et
2136 807 2533 878 multiplicatur
2549 811 2792 878 quidem,
2822 810 2915 865 sed
2949 811 3089 866 idem
3131 823 3312 867 manet
3363 829 3638 880 unumque

2053 897 2382 966 subjectum.
2417 896 2572 954 Sicut
2603 899 2768 952 etiam
2794 916 2932 955 unus
2960 912 3140 957 manet
3170 903 3428 973 idemque
3468 905 3636 974 ignis,

2052 990 2269 1044 etiamsi
2310 1006 2374 1045 ex
2406 1006 2508 1044 una
2535 991 2794 1060 lampade
2823 992 3004 1046 multa:
3037 993 3430 1059 accendantur,
3455 994 3635 1049 studio

2052 1089 2107 1134 et
2149 1081 2341 1134 ﬁducia
2377 1095 2566 1136 eorum
2605 1083 2696 1151 qui
2731 1081 2820 1136 illa
2868 1093 3024 1148 egent
3055 1085 3225 1152 gratia
3283 1093 3336 1137 et
3381 1086 3638 1140 utilitate.

2053 1169 2458 1226 Sacriﬁciurum
2501 1188 2632 1226 vero
2683 1185 2885 1244 quanta
2933 1175 3000 1229 sit
3041 1175 3370 1242 dill'erentia,
3403 1177 3632 1230 tlemon-

2050 1272 2225 1318 SIrare
2264 1279 2494 1334 pronutn
2528 1274 2643 1328 est;
2688 1279 2812 1320 cum
2849 1275 3032 1320 nostro
3066 1266 3214 1320 enim
3261 1267 3548 1320 incruento
3577 1277 3632 1322 et

2049 1355 2426 1410 sacratissimo
2474 1355 2764 1420 sacriﬁcio,
2804 1371 3095 1426 quanmam
3137 1358 3336 1411 habent
3381 1373 3630 1413 commu-

2051 1443 2266 1497 nionem
2297 1445 2628 1500 detestanda:
2657 1447 2759 1500 illa:
2792 1457 2842 1500 et
2884 1449 3128 1518 profana:
3159 1451 3298 1504 aboii
3325 1451 3628 1507 inationes?

2117 1530 2209 1586 52.
2244 1532 2398 1598 Quod
2459 1535 2503 1588 si
2541 1535 2734 1600 semel,
2767 1544 2825 1588 ut
2872 1535 2960 1590 isti
3011 1537 3186 1598 aiunt,
3245 1537 3386 1590 idola
3429 1539 3628 1592 adora-

2049 1631 2264 1688 verunt,
2317 1639 2417 1678 cur
2465 1625 2531 1678 iis
2571 1625 2808 1680 cultores
2856 1627 2939 1680 sui
2993 1641 3096 1679 non
3149 1627 3258 1680 sint
3288 1628 3469 1695 invisi,
3499 1629 3622 1699 quia

359 1723 629 1793 γένοιντο,
650 1721 731 1776 ὃτι
759 1737 822 1789 γε
853 1720 918 1791 δὴ
943 1722 1002 1774 ὲν
1037 1719 1344 1793 ἀλλοτρίοις
1375 1723 1518 1785 ναοῖς
1556 1721 1754 1785 αὐτοὺς
1785 1721 1944 1792 θερα-

2049 1714 2100 1768 itt
2131 1714 2324 1769 alienis
2375 1715 2590 1786 templis
2637 1717 2856 1773 colunt?
2908 1720 3179 1788 quomodo
3224 1720 3434 1774 illorum
3486 1723 3621 1776 iram

359 1811 633 1877 πεύουσι;
691 1811 810 1876 πῶς
859 1809 916 1864 δὲ
958 1810 1204 1864 οἴσουσιν
1254 1809 1438 1865 αὐτῶν
1485 1811 1555 1864 τὰ
1611 1812 1940 1883 μηνίματα;

357 1905 715 1977 χαλεπαίνειν
745 1904 852 1974 γὰρ
883 1902 1086 1966 αύτούς
1131 1901 1279 1964 size;
1299 1942 1314 1968 ,
1351 1903 1434 1956 ὅτι
1479 1902 1573 1967 οὒς
1605 1904 1771 1958 πάλαι
1813 1905 1943 1958 ποτὲ

355 1997 630 2068 διέλαχον,
665 1996 768 2049 ούκ
801 1995 1063 2049 ἀνιστῶσι
1095 1996 1260 2060 ναοὺς
1288 1995 1384 2048 καὶ
1415 1995 1781 2062 καινίζουσιν,
1813 1995 1944 2066 ηδα-

355 2089 663 2160 φισμένους
699 2103 766 2157 γε
797 2086 960 2150 ὄντας
1004 2084 1082 2156 τῷ
1111 2085 1329 2158 ἀπείρῳ
1360 2088 1538 2158 χρόνῳ
1584 2087 1680 2140 καὶ
1721 2089 1800 2150 εἰς
1831 2089 1940 2159 γῆν

355 2177 836 2251 κατερῤιμμένους
857 2220 872 2244 ,
909 2169 985 2230 ὧν
1013 2176 1136 2230 οὐδὲ
1177 2177 1297 2246 ἴχνη
1333 2179 1392 2230 ὲν
1423 2177 1636 2242 πολλοῖς
1663 2177 1890 2248 φέρεται
1924 2195 1938 2210 ·

353 2269 548 2324 αὐτόθι
578 2268 636 2322 δὲ
665 2267 1074 2340 ἀποτρέχοντας
1101 2306 1117 2333 ,
1175 2267 1358 2322 σέϐειν
1413 2267 1593 2322 αὐτῶν
1623 2268 1941 2337 ἀναγκαίως

354 2359 708 2432 κοσμοῦντας
756 2358 824 2413 τά
884 2356 1285 2429 ἀφιδρύματα,
1325 2358 1420 2410 καὶ
1465 2357 1564 2420 τὰς
1619 2356 1940 2429 πρεπούσας

352 2453 545 2516 αὐτοῖς
570 2449 914 2522 προσφέρειν
947 2447 1141 2512 θυσίας
1161 2465 1175 2480 ·
1209 2447 1266 2502 εἴ
1301 2466 1419 2513 πως
1451 2449 1655 2514 αὐτῶν,
1684 2449 1760 2512 ὡς
1795 2449 1936 2515 ἔθος,

353 2545 452 2599 καὶ
483 2541 910 2613 ἁπογεύοαιντο,
939 2541 1000 2594 τδ
1033 2541 1202 2612 στέαρ
1225 2541 1336 2596 τῶν
1356 2541 1558 2595 θυσιῶν
1582 2542 1764 2596 αὐτῶν
1791 2541 1938 2596 ἐσθί-

350 2651 534 2700 οντες,
587 2633 686 2688 καὶ
714 2633 805 2687 τὸν
837 2627 984 2686 οῐνον
1018 2633 1268 2696 πίνοντες
1318 2631 1428 2686 τῶν
1463 2633 1710 2688 σπονδῶν
1731 2634 1933 2700 αὐτῶν,

349 2726 702 2798 ἑμφυρέντες
729 2724 808 2797 τῷ
839 2723 1036 2796 καπνῷ
1067 2725 1164 2778 καὶ
1190 2727 1255 2796 τῇ
1289 2725 1508 2797 κνίσσῃ,
1547 2726 1644 2780 καὶ
1676 2727 1790 2790 τοῖς
1820 2727 1936 2779 ὲπι·

349 2818 592 2890 ϐωμίοις
621 2817 843 2889 λύθροις
898 2815 1342 2888 ὲμμολυνόμενοι
1366 2833 1380 2848 ·
1431 2819 1486 2870 εἴ
1520 2833 1583 2885 γε
1616 2816 1938 2887 ἀνάσχοιντο

349 2909 451 2966 τοῦ
492 2908 801 2972 δυσσώδους
829 2907 938 2962 τῶν
964 2909 1317 2978 μιασμάτων,
1350 2907 1498 2979 άπερ
1521 2910 1610 2962 ἀεὶ
1636 2909 1794 2980 ἀνιᾷν
1825 2904 1934 2962 οἶδε

351 3003 456 3075 τὴν
491 3001 772 3071 αἴσθησιν,
806 3001 924 3064 πῶς
952 2999 1047 3054 οὖν
1081 3001 1140 3054 οὐ
1173 3000 1466 3072 φρίσσουσι
1494 3000 1589 3053 καὶ
1623 2999 1804 3072 ψυχὴν
1839 3001 1934 3054 καὶ

2047 1803 2358 1872 perferent?
2379 1803 2485 1859 Par
2519 1815 2602 1861 est
2637 1807 2782 1860 enim
2827 1807 2949 1864 illos
2991 1811 3417 1877 excandescere,
3478 1815 3620 1880 quod

2047 1907 2299 1962 possessa
2331 1895 2460 1949 olitn
2491 1897 2710 1967 templa,
2737 1896 2790 1951 Ιιί
2811 1913 2916 1952 non
2951 1899 3194 1955 excitant
3227 1915 3620 1972 renovantquc,

2045 1985 2351 2039 diutissime
2395 1985 2507 2054 jatn
2545 1987 2725 2041 diruta
2761 1988 2988 2058 soloque
3046 2003 3351 2060 exaequata,
3386 2007 3620 2062 quorum

2045 2075 2336 2129 multorum
2401 2092 2470 2131 ne
2533 2079 2764 2150 vestigia
2832 2081 3051 2150 quidem
3105 2093 3350 2138 manent.
3415 2083 3623 2138 Vellent

2043 2167 2250 2239 itaque,
2284 2177 2337 2222 ut
2367 2168 2496 2224 illuc
2524 2185 2583 2224 se
2607 2169 2958 2227 conferentes
2987 2173 3280 2229 adorarent
3312 2178 3620 2230 necessario

2041 2271 2481 2331 exornarentque
2530 2262 2824 2318 simulacra
2855 2277 3068 2327 eorum,
3113 2275 3168 2319 et
3201 2267 3470 2336 congruas
3515 2269 3619 2322 illis

2043 2351 2250 2406 hostias
2277 2349 2555 2418 aﬁ‘errent,
2583 2343 2855 2422 siquidem
2882 2368 2974 2410 eas
3009 2357 3082 2410 uti
3125 2371 3244 2411 mos
3274 2353 3374 2410 fuit
3397 2368 3618 2428 gustare

2041 2442 2260 2506 vellent,
2304 2445 2519 2514 adipem
2565 2445 2916 2510 ,n‘ctimarum
2975 2446 3226 2515 edentes,
3292 2447 3614 2504 libatiouum

2037 2535 2221 2588 viuum
2255 2534 2523 2600 bibentes,
2554 2535 2925 2592 itnmiscentes
2956 2551 3015 2592 se
3045 2536 3194 2593 fumo
3225 2555 3288 2595 ac
3323 2542 3497 2598 nidori
3522 2583 3538 2609 ,
3561 2555 3620 2599 et

2039 2639 2254 2678 ararum
2285 2627 2571 2681 cruoribus
2601 2641 2665 2682 ac
2696 2630 2818 2682 tabo
2853 2630 3154 2699 inquinati;
3191 2631 3236 2688 si
3267 2645 3443 2689 tamen
3473 2635 3618 2692 ferre

2039 2717 2548 2784 poteruntsordiutn
2574 2717 2789 2773 illarum
2809 2718 3058 2788 fetorem,
3078 2723 3166 2791 qui
3193 2739 3408 2794 semper
3429 2729 3612 2784 sensui

2039 2807 2298 2862 molestus
2328 2817 2430 2864 est.
2469 2809 2752 2876 Quomodo
2784 2825 2916 2882 ergo
2965 2812 3212 2870 infelices
3253 2817 3306 2870 lti
3343 2819 3528 2874 animo
3561 2830 3615 2874 et

2038 2897 2216 2968 lingua
2263 2914 2368 2954 non
2417 2901 2864 2971 perhorrescunt,
2922 2921 3010 2960 res
3045 2916 3154 2960 tam
3191 2907 3368 2962 valido
3437 2913 3616 2966 muni-

2041 3000 2222 3044 mento
2254 2991 2480 3054 divisas,
2531 3008 2630 3063 per
2671 3009 2942 3050 summum
2975 2998 3154 3054 scelus
3189 3000 3419 3054 miseere
3450 3013 3614 3071 atque

351 3060 610 3165 γλῶσσαν
645 3060 698 3145 οἱ
745 3060 972 3146 δείλαίοι
999 3131 1015 3157 ,
1071 3090 1143 3144 τὰ
1185 3060 1477 3154 ’τοσούτοις
1528 3060 1936 3161 διατειχίσμασι

2043 3081 2400 3136 connectere?
2430 3081 2713 3150 Quomodo
2747 3085 2985 3154 perferet
3015 3087 3156 3142 Deus
3192 3088 3389 3158 injuria
3422 3089 3616 3146 hastis?

350 3183 727 3257 διειργόμενα,
764 3179 1016 3253 μιγνύειν
1045 3180 1142 3234 καὶ
1169 3179 1433 3252 συνείρειν
1460 3179 1776 3247 ἀθεώτατα;
1810 3179 1936 3244 Πῶς

353 3273 448 3342 οιῖιν
479 3275 622 3330 οἴσει
652 3272 830 3327 ταῦτα
863 3271 1000 3336 Θεὸς
1035 3271 1436 3342 ὑϐριζόμενοςς
1469 3271 1704 3323 Σκοπείν
1753 3269 1812 3324 δὲ
1841 3269 1938 3324 καὶ¹

356 3367 521 3422 τοῦτο
549 3368 842 3440 πάρεστιν,
875 3365 949 3429 ὡς
981 3363 1206 3418 διπλοῦν
1235 3363 1422 3426 αὐτοῖς
1453 3362 1554 3431 τῆς
1599 3361 1728 3416 καθ’
1775 3363 1936 3434 ἡμῶν

358 3458 700 3532 κατηγορίας
732 3457 794 3510 τὸ
825 3457 1076 3526 ἀδίκημα
1106 3455 1203 3509 καὶ
1251 3455 1280 3508 ὁ
1325 3453 1469 3508 κατά
1516 3453 1618 3525 τῆς
1654 3453 1937 3516 εὐσεϐείας

356 3552 526 3622 ἀγὼν,
554 3551 650 3606 καὶ
673 3549 806 3604 πολὺ
830 3547 889 3602 τι
905 3547 1094 3619 ,φίλερι
1119 3546 1214 3600 καὶ
1239 3545 1724 3617 ἀμφισϐητήσιμον
1747 3546 1812 3598 ἐκ
1837 3544 1934 3599 τοῦ

354 3645 588 3717 ψεύδους
620 3641 1026 3714 προερχόμενος
1051 3640 1079 3692 ὁ
1103 3638 1260 3708 λόγος
1290 3639 1475 3702 αὐτοῖς
1505 3638 1644 3710 ἔχει,
1671 3637 1936 3709 ὁπότερον

357 3736 593 3806 θατέρου
633 3732 743 3787 τῶν
769 3729 1202 3804 ληρῳδουμένων
1228 3728 1543 3801 κρατήσειε.
1894 3803 1900 3808 ¹

425 3827 534 3897 λγέ
581 3825 693 3880 Καὶ
733 3825 842 3895 γὰρ
883 3824 1106 3878 εἴδωλον
1141 3821 1412 3893 ὀνομάσαι
1451 3821 1512 3876 τὸ
1546 3820 1642 3875 τοῦ
1674 3819 1933 3894 Σωτῆρος

354 3919 516 3992 ἡμῶν
547 3916 784 3990 Χριστοῦ
813 3915 911 3971 καὶ
945 3913 1086 3968 Θεοῦ
1119 3913 1420 3984 σεϐάσμιον
1457 3913 1848 3984 ἀπεικόνισμα,
1885 3915 1933 3967 ol

352 4009 857 4084 χριστομαχοῦντες
905 4007 966 4062 οὐ
1018 4005 1508 4077 κατηρυορίασαν·
1563 4005 1701 4077 πρὸς
1745 4005 1802 4058 δὲ
1840 4005 1935 4059 καὶ

352 4083 709 4174 Χριστιανῶν
743 4096 1268 4170 καταρῤαψσέδῆσαι,
1303 4097 1386 4150 ὅτι
1419 4095 1485 4168 δὴ
1510 4096 1584 4159 ὼς
1638 4096 1786 4160 θεοῖς
1813 4099 1935 4160 ταῖς

353 4193 534 4264 ἱεραῖς
555 4188 864 4262 προσῆλθον
895 4189 1122 4254 εἰκόσιν,
1147 4187 1240 4240 ἐπὶ
1267 4184 1528 4240 τοσοῦτον
1550 4187 1936 4260 παραπληξίας

351 4286 453 4339 καὶ
481 4282 668 4347 ἀνοίας
701 4281 934 4354 ἥκοντες
955 4323 968 4348 ,
1000 4279 1076 4344 ὡς
1107 4279 1247 4350 μήτε
1284 4278 1396 4333 τῶν
1441 4279 1936 4351 προσκυνουμένων

2039 3171 2279 3242 Denique
2319 3174 2867 3230 animadvertendum
2905 3185 3010 3242 est,
3041 3179 3309 3250 duplicem
3341 3197 3462 3238 esse
3495 3184 3618 3240 illo.

2039 3279 2156 3318 rum
2177 3265 2230 3318 itt
2263 3265 2362 3320 hac
2389 3281 2487 3320 sua
2507 3266 2770 3323 adversus
2805 3285 2904 3324 nos
2933 3271 3206 3327 calumnia
3229 3275 3610 3345 iniquitatem;

2036 3357 2212 3427 primo
2244 3359 2369 3428 quin
2404 3357 2596 3414 c‘ontra
2628 3373 2833 3416 rectum
2854 3363 3048 3434 dogma
3079 3367 3354 3424 decertant
3379 3386 3397 3436 ;
3418 3371 3611 3426 iterant

2037 3448 2161 3517 quia
2191 3449 2370 3503 oratio
2401 3450 2618 3504 illorum
2651 3453 2882 3506 multum
2914 3454 3080 3510 habet
3115 3456 3227 3512 litis
3277 3471 3332 3514 et
3386 3471 3610 3514 contro-

2037 3541 2228 3594 versiae
2252 3555 2317 3596 ex
2345 3540 2582 3598 falsitate
2611 3541 2728 3614 ipsa
2755 3547 3047 3614 manantis,
3085 3556 3206 3603 utra
3253 3550 3468 3606 demum
3506 3553 3610 3608 utri

2037 3629 2266 3686 [utilitas
2296 3641 2536 3702 prtestet.

2105 3830 2197 3885 55.
2251 3829 2464 3886 Etenim
2517 3833 2718 3888 idolum
2760 3835 3034 3906 appellare
3075 3837 3382 3897 Servatoris
3441 3845 3608 3900 nostri

2035 3918 2238 3976 Christi
2268 3919 2360 3975 Dei
2391 3923 2753 3978 venerandam
2794 3924 3086 3996 imaginem
3112 3928 3164 3984 hi
3213 3931 3608 3990 Christotnaehi

2035 4028 2143 4068 non
2172 4013 2547 4081 erubuerunt;
2580 4015 2826 4086 itemque
2857 4018 3016 4088 nugis
3051 4017 3395 4078 Christianos
3416 4025 3610 4080 obtun-

2036 4106 2186 4170 tlere,
2217 4106 2360 4174 quod
2397 4113 2656 4175 tanquam
2704 4107 2836 4160 deos
2877 4121 3064 4163 sacras
3095 4111 3361 4179 imagines
3395 4112 3610 4181 colant;

2035 4205 2259 4268 stupore
2298 4205 2448 4252 tanto
2483 4207 2648 4268 atque
2701 4200 2940 4252 amentia
2993 4199 3048 4253 Ιιὶ
3087 4211 3433 4256 accusatores
3486 4219 3610 4258 cor-

2039 4289 2200 4360 repti,
2234 4297 2292 4342 nt
2324 4303 2498 4358 neque
2523 4289 2794 4344 cultarutn
2843 4305 3024 4343 rerum
3084 4302 3418 4361 cognoscant
3455 4305 3611 4349 natu-

348 4373 658 4446 ἐπιγνῶναι
689 4374 779 4426 τὸν
807 4373 990 4441 λόγον,
1033 4372 1172 4444 μήτε
1210 4370 1318 4442 μὴν
1342 4369 1450 4424 τῶν
1480 4371 1931 4442 προσκυνούντων

2042 4395 2176 4442 ram,
2202 4392 2374 4444 neque
2404 4377 2695 4433 colentium
2733 4377 3032 4448 intelligant
3063 4381 3415 4447 sententiam,
3441 4398 3610 4451 quau-

306 4467 344 4546 ξ
350 4466 749 4538 κατειληφέναι
791 4464 890 4536 τὴν
919 4462 1168 4536 γνώμην,
1215 4464 1312 4518 καὶ
1354 4463 1528 4518 ταῦτα
1558 4463 1700 4532 φωτὶ
1729 4465 1934 4535 ὁμοίως

327 4543 800 4632 ⁸διαιραινομένων
839 4556 1253 4626 ἐναργέστατα·
1285 4555 1439 4624 ὅμως
1489 4553 1535 4608 δ’
1571 4550 1666 4608 οὖν
1706 4557 1788 4619 είς
1835 4555 1934 4610 ἕνα

313 4655 324 4665 ⁵
354 4652 612 4725 κρημνὸν
637 4649 898 4713 ἀσεϐείας
931 4648 1132 4712 αὐτοὺς
1153 4645 1499 4717 ἑκατέρωθεν
1531 4645 1846 4702 συνελαύνει
1875 4646 1936 4700 τὸ

318 4732 331 4742 ’
357 4745 710 4815 βλάσφημον.
749 4740 811 4794 Ἥ
821 4741 938 4812 μῶν
971 4739 1078 4812 γὰρ
1107 4739 1216 4792 τῶν
1246 4738 1340 4791 ἐπὶ
1358 4737 1450 4792 τὸν
1471 4736 1724 4808 θεμέλιον
1754 4739 1934 4806 ἀσφα-

351 4835 466 4900 λῶς
492 4833 863 4906 ἡδρασμένων
892 4832 993 4903 τῆς
1032 4829 1318 4892 εύσεὸείας
1344 4870 1358 4893 ,
1391 4830 1553 4883 ὁποία
1583 4831 1616 4902 ἠ
1645 4830 1770 4897 δόξα
1807 4831 1937 4902 περὶ

354 4925 564 4978 τούτων
593 4926 688 4977 καὶ
721 4925 754 4994 ἡ
787 4921 1182 4993 προσκύνησις,
1211 4921 1575 4995 φανερωτάτη
1603 4922 1931 4994 καθέστηκε,

349 4999 568 5084 τοῖςγε
623 5015 700 5079 ὡς
742 5013 960 5085 ἀληθῶς
1000 5015 1303 5084 σωφρονεῖν
1357 5013 1693 5084 ᾑρημένοις,
1729 5015 1826 5068 καὶ
1875 5015 1936 5068 τὸ

352 5109 622 5180 ἀκέραιον
653 5105 747 5160 τοῦ
785 5104 1049 5176 λογισμοῦ
1080 5101 1436 5167 διασώζουσιν
1455 5119 1470 5134 ·
1502 5103 1643 5158 ἔστω
1669 5103 1746 5170 δὲ,
1779 5107 1936 5159 αὐτοὶ

356 5202 457 5273 μὲν
483 5200 562 5264 ὠς
596 5199 766 5268 ἄλογα
791 5197 926 5264 ζῶα,
953 5197 1108 5268 φασὶ,
1142 5197 1534 5266 πεπλάνηνται,
1564 5189 1760 5252 ταύτὶν
1793 5194 1935 5252 εἶναι

351 5295 432 5366 τῷ
467 5293 768 5364 ἀκαθάρτῳ
807 5291 870 5346 τὸ
913 5291 1071 5358 ἆγιον
1129 5288 1647 5357 ὑπολαμϐάνοντες·
1685 5292 1780 5344 καὶ
1835 5292 1935 5346 οὐκ

350 5385 472 5440 οἶδα
515 5385 666 5449 ὅπως
709 5383 772 5438 τδ
805 5381 994 5454 αἶσχος
1035 5382 1132 5436 τοῦ
1190 5380 1486 5452 προσώπου
1528 5382 1708 5437 αὐτῶν
1743 5383 1934 5438 ἀπονία

350 5480 575 5550 ςαιντο,
609 5477 776 5549 μέχρι
805 5475 996 5538 τέλους
1051 5471 1562 5544 συμπαρομαρτοῦν
1592 5473 1774 5536 αὐτοῖς
1804 5476 1936 5526 ἀνα-

347 5572 691 5644 πέτριπτον·
720 5568 831 5621 τίνι
851 5566 1038 5638 τρόπῳ
1060 5563 1631 5636 Χριστιανὼνὰλόγιιις
1665 5565 1762 5616 καὶ
1791 5565 1935 5634 ἐμα-

347 5663 462 5728 652;
503 5662 649 5717 οὕτω
684 5659 1182 5731 καταγορεύουσιν,
1228 5646 1495 5722 ὡσαύτως
1537 5655 1768 5720 ἐκείνοις
1804 5657 1930 5728 περὶ

2036 4487 2200 4542 quam
2235 4472 2348 4526 haec
2383 4469 2828 4524 manifestiSsiute
2858 4477 3118 4540 pateant:
3151 4470 3368 4527 interim
3424 4485 3609 4530 tamen

2037 4562 2104 4616 ad
2167 4576 2332 4614 unum
2369 4559 2526 4630 18],
2587 4544 2885 4630 impietatis
2921 4562 3282 4632 praecipitium
3337 4579 3433 4618 sua
3487 4565 3609 4621 illos

2037 4655 2296 4724 utrinque
2345 4665 2506 4724 urget
2556 4652 2917 4724 hlaSphetnia.
2973 4653 3138 4709 Nobis
3187 4656 3404 4726 quidem
3445 4673 3608 4727 super

2036 4759 2176 4798 verm
2193 4745 2411 4814 pietatis
2435 4743 2788 4798 fundamento
2807 4747 2919 4800 tltte
2937 4747 3277 4813 conStitutis,
3303 4751 3609 4817 cuiusmodi

2036 4835 2108 4890 sit
2138 4836 2298 4906 hujus
2331 4835 2407 4889 rei
2434 4836 2702 4890 sententia
2747 4845 2802 4890 et
2837 4836 3014 4906 qualis
3039 4837 3236 4906 cultus,
3285 4840 3613 4910 exploratis-

2038 4928 2236 4982 sitnutn
2269 4937 2374 4989 est,
2409 4927 2478 4980 iis
2507 4936 2657 4982 certe
2685 4927 2778 4994 qui
2826 4942 2952 4982 vere
2987 4929 3390 5001 prudentesque
3418 4949 3612 5002 sapere

2039 5020 2374 5088 curaverint,
2405 5029 2460 5072 et
2483 5018 2762 5072 incolume
2787 5019 3130 5076 ratiocinium
3173 5024 3464 5080 retineant.
3497 5025 3611 5080 luto

2039 5127 2166 5166 vero
2194 5111 2269 5165 illi
2301 5121 2356 5164 ut
2405 5112 2560 5164 hrttta
2594 5109 2848 5164 animalia
2871 5125 3076 5182 errant,
3114 5117 3380 5185 impurum
3407 5129 3458 5172 et
3484 5133 3610 5173 san-

2037 5217 2182 5258 ctum
2211 5205 2438 5274 perinde
2469 5204 2754 5262 habentes.
2809 5205 2920 5262 Nec
2957 5209 3132 5274 rideo,
3170 5213 3442 5279 quomodo
3471 5211 3610 5264 hanc

2038 5295 2432 5364 turpitudinem
2483 5293 2620 5351 faeie
2657 5312 2754 5350 sua
2801 5297 3004 5363 eluent,
3048 5313 3304 5370 perpetuo
3339 5301 3443 5354 illis
3471 5300 3612 5356 inllio

2037 5398 2178 5442 ctam
2207 5396 2264 5439 et
2307 5385 2699 5440 adhaerentem.
2737 5385 3022 5456 Quomodo
3055 5391 3217 5444 stulte
3263 5391 3396 5444 adeo
3446 5399 3610 5459 atque

2042 5475 2291 5544 imperite
2351 5473 2699 5532 Christianos
2732 5491 3014 5545 accusant,
3049 5482 3201 5549 quasi
3235 5495 3388 5549 teque
3434 5496 3498 5534 ac
3531 5482 3609 5536 illi

2037 5569 2181 5624 circa
2237 5581 2424 5623 rerum
2453 5582 2733 5626 sacrarunt
2790 5571 2993 5626 cultum
3047 5573 3348 5636 insaniant;
3385 5573 3435 5626 id
3473 5589 3611 5628 con-

2031 5661 2300 5732 jeetantes
2328 5659 2576 5717 videlicet
2594 5675 2660 5718 ex
2687 5676 2782 5718 sua
2801 5663 3029 5732 perﬁdia
3054 5672 3108 5717 et
3125 5663 3422 5735 apostasia,
3441 5673 3602 5738 atque
