4054 6204
282 296 382 382 eis

1126 315 1694 381 APOLOGETICUS
1730 316 1880 381 PRO
1919 319 2188 383 SACRIS
2224 318 2707 386 IMAGINIBUS.

3444 303 3551 384 616

281 425 494 498 γείτονά
525 442 641 490 πως
670 425 767 482 καὶ
799 425 964 499 φίλην
1000 424 1114 483 τῶν
1140 430 1458 503 Φαρισαίων
1489 431 1590 505 τὴν
1617 433 1863 489 διάνοιαν

1964 437 2108 506 quod
2135 439 2188 493 in
2220 438 2466 509 principe
2489 437 2888 495 da-moniorum
2923 437 3039 494 hac
3071 435 3193 492 illos
3221 447 3382 508 agere
3404 450 3554 492 com-

281 517 662 590 κεκτημένοις,
697 521 760 573 οὗ
803 519 1045 591 χαλεπὸν
1089 521 1507 595 ἀποφήνασθαι,
1539 525 1618 590 ὡς
1675 527 1735 580 ὲν
1784 525 1863 598 τῷ

279 614 493 684 ἄρχοντι
511 612 624 668 τῶν
653 613 956 684 δαιμονίων
973 612 1152 668 ταῦτα
1181 613 1421 688 δρῶντες
1443 615 1860 674 διεδεικνύοντο.

282 702 500 776 Ἐπειδὴ
532 702 592 758 δὲ
641 704 734 758 τὸν
764 703 891 760 νοῦν
921 704 1186 776 ἀδόκιμον
1215 706 1452 779 ἔχοντες,
1479 711 1576 764 καὶ
1605 712 1692 781 ἐφ’
1719 709 1754 765 ἃ
1787 711 1863 784 μὴ

281 796 557 868 προσῆκεν
583 798 1016 870 ἀποφερόμενοι,
1051 802 1288 864 είκαίοις
1331 801 1618 874 λογισμοῖς
1669 790 1862 877 ἐπινή-

276 907 480 962 χονται,
511 891 744 954 εἰκότως
772 892 1105 948 ἀκούσονται
1126 909 1140 926 ⁸
1180 893 1546 966 Γεννήματα
1573 896 1853 966 ἐχιδνῶν,

275 981 395 1048 πῶς
437 983 712 1039 δύνασθε
749 984 945 1053 ἀγαθὰ
973 985 1195 1041 λαλεῖν
1241 987 1500 1056 πονηροὶ
1536 986 1741 1054 once;
1786 989 1858 1042 El

274 1075 378 1144 πἰρ
411 1074 522 1128 τὸν
571 1074 1018 1144 οικοδεσπότην
1047 1075 1412 1140 Βεελζεϐοὺλ
1438 1078 1860 1144 ἀπε-κάλεσον,

274 1164 444 1237 πόσῳ
487 1162 741 1234 μᾶλλον
771 1165 918 1234 τοὺς
965 1167 1310 1233 οίκειακοὺς
1341 1169 1530 1223 αὐτοῦ
1549 1185 1569 1235 ;
1606 1171 1862 1240 καθάπερ

274 1259 300 1311 6
331 1275 432 1312 σωε
445 1259 604 1330 ήριος
633 1258 740 1330 ἔφη
769 1258 950 1328 λόγος.
982 1259 1108 1326 Πῶς
1137 1257 1233 1316 οὖν
1259 1263 1393 1326 τοὺς
1428 1263 1630 1328 αὐτοὺς
1658 1264 1754 1318 καὶ
1784 1263 1862 1327 ὡς

273 1350 541 1416 δεσπότας
605 1352 838 1407 δυνατὸν
887 1352 1108 1418 σέϐειν,
1156 1354 1256 1408 καὶ
1302 1354 1381 1419 ὡς
1441 1356 1739 1427 μαστιγίας
1765 1356 1862 1408 καὶ

1961 537 2176 599 pertum
2217 529 2311 584 sit.
2355 528 2463 585 Sed
2497 531 2626 602 quia
2664 539 2901 586 mentem
2933 529 3240 600 improbam
3271 537 3548 598 gerentes,

1959 629 2124 690 atque
2155 623 2222 676 ad
2249 623 2439 678 illicita
2467 631 2858 692 procurrentes
2881 661 2897 686 ,
2931 621 3087 676 vanis
3117 617 3550 693 cogitationibus

1957 713 2267 780 ﬂuctuant,
2315 715 2519 770 merito
2563 714 2784 769 audient
2828 732 2843 768 :
2883 711 3177 783 Progenies
3206 715 3547 780 virerarnm,

1957 805 2224 876 qitonwdo
2254 807 2475 876 potestis
2516 807 2653 860 bona
2683 805 2848 878 loqui,
2878 820 2997 858 cum
3043 804 3161 859 sitis
3199 803 3376 858 mali?
3405 800 3548 855 Nam

1963 899 2008 952 si
2037 907 2242 968 patrem
2272 898 2514 965 familias
2543 890 2824 953 Beelzebul
2845 905 3184 959 vocaverunt,
3205 905 3403 966 quanto
3433 909 3548 946 nta-

1961 991 2042 1061 gis
2073 991 2387 1044 domesticos
2415 989 2530 1057 ejus
2559 989 2606 1022 "
2639 989 2665 1043 ἲ
2690 989 2830 1044 sicut
2855 987 3259 1042 aitServatnris
3282 985 3458 1040 oratio
3477 981 3544 1038 “.

1961 1081 2064 1148 Qui
2101 1097 2234 1152 ergo
2269 1081 2386 1137 lieri
2423 1089 2602 1152 potest
2636 1089 2695 1135 ut
2726 1081 2889 1136 iidem
2916 1081 3190 1134 daemones
3212 1088 3266 1132 et
3293 1079 3345 1132 in
3371 1076 3546 1132 donti-

1960 1189 2156 1228 norum
2192 1174 2311 1229 loco
2349 1175 2622 1239 colantur,
2649 1185 2706 1228 et
2733 1183 2792 1227 ut
2836 1173 3102 1241 mastigia:
3147 1173 3403 1240 servique
3446 1184 3548 1225 ne-

1959 1281 2119 1334 quant
2146 1267 2449 1337 puniantur
2473 1266 2746 1336 domoque
2773 1264 3256 1320 exterminenlnr‘?
3277 1263 3369 1318 Sic
3398 1270 3548 1318 certe

1962 1357 2014 1408 in
2047 1356 2284 1426 scipsttm
2318 1358 2526 1411 divisus
2561 1357 2728 1412 fuerit
2749 1355 2952 1410 diaboli
2983 1361 3322 1425 potentatus.

273 1445 477 1507 κακοὺς
537 1443 762 1509 δούλους
797 1432 1032 1499 ’διώκειν
1090 1446 1188 1500 καὶ
1234 1445 1570 1514 ἐξοικίζειν;
1627 1447 1722 1514 ἀφ’
1780 1441 1856 1502 ὧν
1889 1446 2184 1518 βούλονται
2247 1449 2346 1502 καὶ
2387 1447 2754 1520 καταδεσμεῖν
2820 1446 2918 1501 καὶ
2970 1444 3278 1512 συγκλείειν
3332 1444 3419 1516 ἐφ’
3462 1438 3548 1510 οἷς

272 1531 567 1587 ἐθέλουσιν.
612 1527 691 1586 Ἦ
721 1529 866 1586 οὕτω
889 1549 952 1600 γε
977 1531 1075 1586 καὶ
1109 1534 1509 1607 μερισθήσεται
1539 1536 1856 1608 ὲφτνὲαυτὴν
1891 1538 1925 1609 ἡ
1954 1537 2049 1592 τοῦ
2071 1533 2326 1608 ’πονηροῦ
2359 1538 2672 1596 δυναστεία.

349 1689 524 1744 Ἀλλά
567 1690 802 1761 φανερὸν
831 1691 914 1746 ὅτι
936 1691 1137 1765 ὥσπερ
1162 1693 1264 1765 τὴν
1303 1695 1671 1769 εὐαγγελικὴν
1703 1715 1847 1770 παρ-

268 1781 538 1837 ωθοῦνται
575 1783 846 1854 ἱστορίαν,
873 1780 1018 1837 οὓτω
1045 1783 1112 1856 δὴ
1148 1787 1244 1840 καὶ
1283 1785 1402 1840 τῶν
1424 1787 1626 1852 ὲνθέως
1658 1788 1852 1858 βεϐιω-

271 1872 455 1944 μένων
488 1872 524 1946 ἢ
555 1874 972 1946 πεπραγμένων
997 1878 1112 1939 τοῖς
1138 1875 1342 1945 ἁγίοις,
1375 1877 1472 1932 καὶ
1498 1879 1854 1950 ἀναγεγραμ-

269 1965 452 2036 μένων
497 1967 556 2020 ὲν
587 1965 806 2031 mam;
858 1968 1056 2038 ἱεραῖς,
1103 1967 1165 2022 τὸ
1198 1969 1400 2042 ἀληθὲς
1425 1971 1477 2024 οἱ
1513 1973 1730 2041 ἐναγεῖς
1756 1973 1858 2026 οὐκ

266 2055 653 2126 ἀποδέχονται.
699 2057 764 2110 Εἰ
793 2055 850 2110 δὲ
883 2057 980 2111 καὶ
1014 2056 1304 2130 ἀληθεύειν
1335 2061 1558 2115 δοκοῦσι
1591 2063 1690 2124 τὰς
1719 2079 1856 2132 προ-

266 2147 511 2217 φητικὰς
556 2147 1020 2220 προαγορεύσειςο
1058 2149 1228 2220 φάναι
1268 2151 1382 2225 γὰρ
1419 2153 1736 2224 ψεύδεσθαι,
1779 2155 1856 2227 μὴ

263 2239 305 2293 δ’
332 2238 395 2293 ἀν
439 2239 604 2293 αὑτὸν
636 2239 732 2294 τδν
778 2239 1034 2295 διάῦολον
1065 2237 1225 2315 οἶμαι
1263 2244 1536 2316 τολμῆσαί
1580 2263 1733 2301 ποτε·
1765 2247 1856 2302 διά

263 2331 552 2404 φροντίδος
599 2333 786 2397 αὐτοῖς
835 2333 1080 2404 γινέσθω
1119 2324 1412 2403 δεικνύειν,
1448 2337 1554 2392 ποῦ
1594 2340 1690 2394 καὶ.
1722 2341 1854 2395 πότε

263 2423 322 2477 τδ
343 2423 532 2496 πέρας
565 2423 842 2490 ἐδέξαντο.
876 2427 948 2497 Εἰ
979 2425 1092 2499 γὰρ
1126 2427 1263 2500 πρὸς
1297 2429 1362 2483 τὸ
1390 2429 1585 2502 μέλλον
1609 2427 1856 2487 ἀπίδοιεν

265 2515 357 2568 και.
383 2515 559 2571 ἄλλον
590 2515 940 2588 παρέσεσθαι
969 2518 1212 2590 Χριστὸν
1233 2520 1669 2595 ύποτοπήσαιεν,
1703 2523 1856 2595 μόνοι

263 2607 376 2660 τῶν·
391 2606 786 2679 ἐλπιζομένων
818 2609 1141 2676 ἀπόναιντο,
1167 2613 1262 2666 καὶ
1287 2613 1398 2669 τῶν
1428 2613 1856 2688 ὑπειλημμένων

263 2699 322 2750 τὸ
361 2697 564 2752 εὔελπι
629 2700 1023 2773 προσηκόντως
1072 2703 1426 2763 ἀποίσονταν
1459 2707 1542 2759 ὅτι
1577 2706 1637 2761 δὲ
1681 2723 1856 2762 κατα-

264 2792 638 2861 φοιτήσαντος
658 2791 798 2864 πρὸς
825 2794 980 2864 ἡμᾶς
1015 2792 1114 2849 τοῦ
1133 2794 1244 2850 τῶν
1273 2794 1414 2852 ὅλων
1441 2795 1605 2864 Θεοῦ,
1638 2797 1735 2852 καὶ
1755 2795 1856 2869 τὴν

265 2881 558 2952 βασιλείαν
611 2883 957 2956 κηρύξαντος
1015 2885 1118 2959 τὴν
1169 2885 1448 2960 οὐράνιον,
1495 2888 1530 2960 ἠ
1593 2887 1856 2954 πολύθεος

261 2975 568 3045 ἠφάνισται
621 2976 824 3049 πλάνη,
853 2977 952 3032 καὶ
981 2971 1062 3044 εἷς
1099 2977 1306 3052 Κύριος
1335 2979 1433 3033 καὶ
1462 2979 1596 3044 Θεὸς
1631 2981 1731 3034 καὶ
1760 2979 1856 3052 βα-

263 3065 446 3123 σιλεὺς
509 3068 664 3139 παρά
693 3069 918 3124 πάντων
953 3069 1270 3155 συμφώνως
1327 3077 1728 3146 προσκυνεῖται
1759 3077 1854 3131 καὶ

2031 1697 2139 1754 Sed
2189 1697 2335 1754 enim
2389 1697 2734 1767 exploratum
2788 1707 2908 1760 est,
2959 1696 3163 1766 impios
3222 1695 3325 1751 hos
3381 1695 3546 1752 sicuti

1959 1805 2014 1845 et
2031 1790 2334 1861 angelicam
2372 1790 2631 1860 rejiciunt
2662 1789 2950 1846 historiam
2981 1828 2996 1854 ,
3027 1789 3104 1844 ita
3131 1789 3380 1845 celestis
3407 1803 3545 1860 quo-

1957 1895 2063 1950 que
2101 1893 2416 1937 sanctorum
2449 1881 2573 1934 vita:
2599 1889 2656 1934 et
2691 1889 2909 1933 actuum
2938 1880 3223 1934 veritatem
3245 1919 3260 1943 ,
3284 1879 3340 1933 in
3370 1883 3547 1935 sacris

1953 1972 2143 2030 Libris
2175 1973 2436 2044 scriptam
2461 2014 2478 2038 ,
2525 1971 2750 2027 minime
2783 1973 3094 2027 admittere.
3130 1971 3282 2038 Quod
3327 1971 3376 2026 si
3417 1987 3546 2042 pro-

1956 2065 2204 2136 pbeticas
2234 2064 2617 2135 praedictiones
2653 2077 2885 2118 veraces
2910 2061 3254 2127 existimant,
3299 2074 3538 2129 namque

1955 2171 2051 2213 eas
2076 2156 2368 2212 mendaces
2409 2155 2593 2211 dicere
2619 2169 2688 2211 ne
2717 2153 2965 2209 diabolus
3001 2153 3224 2222 quidem
3247 2190 3263 2217 ,
3308 2159 3368 2206 ut
3393 2165 3542 2214 reor,

1955 2247 2219 2312 audebit;
2249 2260 2384 2318 ergo
2413 2243 2692 2301 currentis
2726 2243 2796 2298 sit
2819 2243 3196 2301 demonstrare
3241 2240 3463 2294 ubinam
3485 2247 3544 2298 et

1955 2341 2177 2412 quando
2202 2339 2288 2394 hat
2307 2337 2516 2398 exitum
2547 2345 2726 2392 nacte
2750 2335 2882 2392 sint.
2909 2331 3047 2390 Nam
3077 2333 3124 2390 si
3159 2333 3254 2392 isti
3297 2333 3542 2387 futurum

1955 2440 2176 2503 tempus
2208 2439 2496 2502 spectant,
2521 2438 2580 2484 et
2604 2429 2836 2484 alterum
2867 2425 3060 2483 adfore
3095 2425 3382 2482 Christum
3412 2438 3537 2479 sus-

1955 2525 2234 2596 picantur,
2265 2522 2367 2578 soli
2399 2521 2498 2592 ipsi
2546 2530 2823 2592 speratam
2866 2533 2984 2574 rem
3033 2527 3262 2588 negant,
3308 2516 3546 2584 ideoque

1956 2615 2368 2686 desperantium
2403 2627 2624 2685 pinnam
2653 2613 2850 2668 met-ito
2875 2609 3142 2666 referent.
3173 2607 3326 2676 Quod
3357 2618 3540 2662 autem

1955 2709 2281 2766 adveniente
2302 2707 2370 2764 ad
2393 2721 2495 2762 nos
2521 2703 2816 2761 universali
2839 2703 2971 2768 Deo,
2993 2712 3050 2758 et
3073 2703 3297 2758 cteleste
3312 2713 3537 2772 regnum

1957 2803 2311 2872 praedicante,
2335 2797 2686 2870 polytheismi
2709 2810 2866 2852 error
2891 2789 3140 2850 sublatus
3165 2791 3352 2856 fuerit,
3375 2799 3542 2860 atque

1957 2909 2096 2950 unus
2121 2881 2383 2950 Dominus
2407 2901 2464 2946 et
2490 2889 2632 2945 Deus
2652 2903 2718 2943 ac
2744 2903 2840 2943 rex
2869 2887 2940 2942 ab
2955 2886 3212 2942 omnibus
3241 2881 3534 2938 concordi-

1958 3001 2040 3044 ter
2087 2986 2348 3042 adoretur
2387 2991 2444 3039 et
2491 2979 2850 3054 gloriﬁcetur,
2887 2977 3029 3034 idem
3069 2977 3158 3032 hic
3209 2975 3369 3030 divus
3400 2973 3530 3044 pro;

1955 3077 2118 3143 pheta
2163 3072 2215 3126 in
2246 3069 2608 3142 sequentibus
2649 3068 2835 3134 dicet,
2873 3080 3142 3136 nemoque
3183 3079 3316 3120 sana
3355 3072 3540 3119 mente

261 3157 580 3226 δοξάζεται,
628 3160 795 3224 αὐτὸς
839 3155 995 3228 οὗτος
1029 3164 1058 3216 ό
1113 3163 1258 3230 θεῖος
1310 3167 1604 3238 προφήτης
1655 3169 1714 3222 ὲν
1741 3171 1853 3230 τοῖς

1958 3165 2220 3236 praeditus
2262 3161 2421 3234 193
2451 3162 2501 3217 ei
2529 3159 2870 3216 contradicet
2903 3181 2916 3216 :
2951 3157 3075 3213 Erit
3108 3159 3248 3213 enim
3281 3156 3542 3210 Dominus

267 3251 578 3320 μετέπειτα
609 3253 751 3322 ipsi,
785 3253 882 3306 καὶ
921 3252 1100 3319 οὐδεὶς
1123 3253 1235 3308 τῶν
1259 3249 1321 3308 εὖ
1354 3255 1704 3326 φρονούντων
1727 3257 1855 3312 ἀντ-

264 3344 378 3412 ερεῖ
400 3360 415 3372 ·
466 3339 687 3397 Ἔσται
721 3344 830 3412 γὰρ
850 3344 1072 3413 Κύριος
1098 3347 1190 3414 είς
1212 3346 1488 3411 ,βασιλέα
1511 3347 1608 3402 ἐπὶ
1648 3347 1858 3404 πᾶσαν

262 3429 376 3498 τὴν
395 3429 530 3501 γῆν
551 3448 566 3462 ο
603 3431 674 3485 ἐν
711 3431 787 3500 τῇ
815 3431 1008 3504 ἡμέρᾳ
1031 3434 1238 3504 ἐκείνῃ
1275 3435 1451 3492 ἔσται
1483 3437 1702 3506 Κύριος
1731 3433 1819 3506 εἷς
1837 3481 1852 3505 ,

263 3521 358 3576 καί
381 3522 454 3577 τὸ
493 3522 682 3593 ὄνομα
706 3524 896 3579 αὐτοῦ
921 3523 1013 3593 ἐν,
1035 3525 1312 3582 κυκλοῦν-
1325 3527 1538 3585 πᾶσαν
1566 3529 1684 3598 τὴν
1713 3530 1852 3601 γῆν.

265 3613 360 3666 Διά
392 3611 616 3667 τούτων
651 3613 764 3685 γάρ
799 3615 935 3684 ἡμῖν
983 3615 1082 3668 καὶ
1108 3615 1217 3670 τῶν
1257 3617 1388 3687 ἑξῆς
1415 3619 1752 3691 εἰρημένων,
1793 3619 1855 3673 οὐ

267 3705 427 3776 μόνον
461 3705 591 3768 τοὺς
623 3706 689 3759 ὲκ
717 3705 813 3759 τοῦ
839 3705 902 3778 δή
914 3724 1018 3779 μου
1047 3707 1146 3762 τοῦ
1187 3709 1488 3764 Ἰουδαϊκοῦ
1517 3711 1856 3783 δεξαμένους

265 3796 352 3849 τὸν
383 3797 554 3865 λόγον
578 3797 672 3850 τὸν
701 3797 1067 3868 εύαγγελικδν
1107 3801 1180 3857 ὲν,
1205 3801 1483 3874 πνεύματι
1537 3807 1860 3876 προεσήμη-

265 3904 373 3956 νεν,
404 3889 558 3944 ἀλλὰ
583 3891 682 3942 καὶ
706 3891 818 3944 τῶν
844 3890 1019 3945 ἐθνῶν
1047 3892 1148 3956 τὰς
1185 3893 1414 3962 ἀγέλας,
1451 3897 1488 3951 ἀ
1507 3915 1640 3952 ποτε
1671 3900 1857 3968 ἠγνόει

265 3983 353 4035 τὶν
389 3982 666 4038 ἀπάντων
697 3984 982 4054 Δεσπότην
1016 3985 1115 4038 καὶ
1137 3984 1368 4056 Κύριον,
1398 3987 1474 4051 ὡς
1507 3989 1606 4059 τῆς
1626 3989 1860 4062 θεογνωο

268 4072 387 4136 σίας
421 4071 770 4138 ςίσδέξονται
795 4073 894 4146 τὴν
923 4075 1150 4145 ἀκτῖνα,
1175 4078 1270 4132 καὶ
1295 4078 1406 4132 τῶν
1459 4079 1698 4136 εἰδώλων
1743 4083 1860 4138 δια-

271 4163 556 4218 πτύσουσι
579 4164 680 4236 τὴν
713 4165 956 4236 ἀπάτην.
989 4167 1156 4236 ﬂcio;
1192 4168 1304 4241 γάρ
1335 4169 1402 4241 δὴ
1425 4171 1592 4234 τόπος
1624 4174 1726 4245 τῆς
1758 4175 1858 4229 τοῦ

277 4256 400 4311 θεοῦ
435 4256 604 4327 δόξης
632 4257 1127 4332 ἀπολειφθήσεται,
1168 4262 1225 4316 εί
1249 4278 1312 4331 γε
1355 4263 1422 4335 δὴ
1457 4265 1553 4318 νῦν
1585 4267 1792 4336 μᾶλλον
1823 4267 1858 4341 ἢ

243 4379 250 4384 -
280 4349 544 4420 τρότερον
578 4349 779 4422 ἀληθὲς
825 4352 909 4415 τό,
941 4351 1190 4422 Πλήρης
1216 4357 1250 4410 ό
1281 4357 1539 4425 οὐρανὸς
1567 4359 1668 4413 καὶ
1693 4359 1863 4416 πᾶσα

287 4441 412 4510 irr’t
467 4440 580 4510 τῆς
607 4440 798 4510 δόξης
844 4443 1079 4509 aerea;
1131 4443 1254 4499 Κᾶν
1300 4449 1412 4520 γὰρ
1458 4447 1560 4520 τὴν
1600 4448 1852 4521 Ἑλλάδα,

267 4531 378 4585 τᾶν
408 4532 517 4601 τὴν
565 4531 848 4605 βάρσαρον
883 4533 1032 4608 εῖποι
1055 4551 1166 4602 τις,
1216 4535 1320 4590 κᾶν
1359 4540 1439 4600 εἰς
1487 4539 1726 4604 Ἰταλοὺς
1754 4522 1851 4596 καὶ
1883 4529 1929 4585 Ῐ)

289 4623 587 4694 ἐρμανοῦς
646 4609 962 4695 ἐπιδράμοι⁸
1000 4625 1080 4694 τῷ
1135 4625 1302 4697 λόγῳ,
1341 4627 1583 4694 Κελτούς
1641 4647 1702 4684 τε
1759 4632 1854 4687 καὶ

279 4717 633 4788 Ξρεττανοὺς,
688 4714 794 4770 κᾶν
826 4717 906 4780 si;
965 4715 1177 4780 Λίϐυας
1243 4719 1338 4772 καὶ
1383 4719 1484 4788 τὴν
1536 4719 1854 4788 Δίγυπτίων

264 4807 544 4876 ἀφίκοιτο,
592 4807 700 4862 κᾶν
747 4807 1008 4880 ,Ἄραϐας
1061 4809 1160 4863 καὶ
1218 4811 1438 4879 Πέρσας
1487 4812 1706 4866 ἐπέλθοι
1759 4815 1858 4867 καὶ

263 4899 556 4965 Αἰθίοπας,
585 4900 690 4954 κᾶν
735 4900 933 4966 Ἰνδοὺς
957 4901 1054 4955 καὶ
1090 4900 1326 4966 Σκύθας,
1355 4904 1450 4957 καὶ
1483 4906 1664 4960 πᾶσαν
1698 4907 1856 4978 ἐσχα-

261 4994 412 5058 τιὰν,
468 4993 566 5046 καὶ
613 4993 744 5064 ὃλην
773 4994 1004 5066 ῆπειρόν
1051 5011 1112 5048 τε
1161 4997 1256 5049 καὶ
1301 4995 1600 5064 θάλασσαν,
1653 4999 1714 5053 τὸ
1759 4999 1854 5055 τοῦ

263 5075 532 5152 Χριστοῦ
573 5081 746 5152 ὄνομα
803 5083 1167 5155 δοξαζόμενον
1233 5086 1328 5138 καὶ
1377 5085 1856 5159 προσκυνούμενον

265 5172 446 5242 εὖροι.
483 5171 700 5236 Πάντας
739 5172 852 5244 γὰρ
889 5175 951 5227 τὸ
977 5173 1339 5242 εὐαγγελικδν
1373 5175 1719 5244 σαγηνεῦσαν
1749 5178 1852 5231 ἐπ-

263 5265 517 5334 ηγάγετο
562 5265 867 5337 κήρυγμα’
903 5267 1002 5320 καὶ
1049 5269 1084 5336 ἡ
1142 5267 1246 5337 τῆς
1279 5268 1587 5338 σεϐασμίας
1618 5269 1853 5341 Τριάδος

263 5358 498 5425 γνῶσις,
519 5357 608 5411 διὰ
631 5357 726 5411 τοῦ
756 5359 999 5430 φθόγγου
1019 5359 1128 5413 τῶν
1155 5361 1575 5432 μαθητευόντων
1603 5363 1671 5416 τὰ
1701 5362 1852 5435 ἔθνη,

263 5453 329 5522 τῇ
367 5451 466 5520 ὑφ’
497 5451 634 5524 ἡλίῳ
663 5453 1092 5524 ὑπερήπλωται,
1137 5455 1234 5507 καὶ
1281 5454 1556 5525 πανταχοῦ
1600 5456 1694 5510 τοῦ
1735 5457 1855 5522 ἑνὸς

265 5539 363 5596 καὶ
414 5542 581 5612 μόνου
627 5543 888 5615 ἀληθινοῦ
934 5542 1072 5597 Θεοῦ
1121 5544 1216 5598 καὶ
1246 5545 1522 5600 Δεσπότου
1553 5548 1664 5602 τῶν
1715 5545 1854 5602 ὅλων

1955 3273 2052 3313 rex
2107 3271 2269 3326 super
2303 3269 2512 3310 omnem
2561 3263 2782 3307 terram.
2839 3250 2937 3304 Die
2977 3249 3070 3303 illa
3117 3251 3218 3304 erit
3278 3247 3540 3303 Dominus

1955 3365 2093 3404 unus
2116 3389 2133 3414 ,
2159 3358 2208 3403 et
2250 3363 2442 3402 nomen
2467 3345 2583 3415 ejus
2620 3360 2810 3408 unum,
2853 3342 3163 3398 uniuersam
3211 3351 3407 3394 terram
3435 3341 3542 3393 cir-

1956 3443 2194 3496 cumiens
2226 3441 2292 3496 ".
2331 3438 2430 3494 His
2477 3436 2742 3492 videlicet
2771 3435 3005 3504 aliisque
3029 3433 3190 3487 dictis
3218 3431 3542 3501 praesigniﬁ-

1955 3533 2102 3588 cavit
2137 3530 2297 3586 nobis
2342 3529 2396 3584 in
2434 3527 2663 3598 spiritu,
2709 3540 2815 3580 non
2849 3538 2946 3579 eos
2985 3521 3161 3578 solum
3195 3523 3263 3576 de
3309 3519 3541 3574 Jndaico

1955 3623 2158 3694 populo
2185 3622 2277 3692 qui
2308 3619 2680 3688 evangelicam
2710 3616 3012 3672 doctrinam
3041 3615 3405 3676 admiserunt,
3441 3612 3540 3667 sed

1957 3714 2122 3766 etiam
2185 3710 2527 3766 ethnicorum
2587 3719 2814 3776 greges,
2856 3702 2948 3775 qui
3004 3703 3133 3757 olim
3191 3716 3540 3756 communem

1957 3801 2140 3874 regem
2187 3816 2253 3858 ac
2287 3799 2579 3857 Dominum
2634 3795 2999 3868 ignorabant,
3047 3793 3246 3849 divina:
3297 3793 3542 3849 scit-utne

1960 3894 2170 3954 radium
2201 3900 2542 3960 recepturos,
2564 3896 2620 3943 et
2646 3886 2912 3942 idolorum
2930 3901 3174 3941 errorem
3202 3885 3537 3956 abjectnrus.

1957 3983 2094 4038 Nam
2133 3983 2382 4052 quisnam
2434 3980 2590 4035 loctts
2627 3978 2828 4034 .divina
2876 3977 3047 4048 gloria
3096 3977 3452 4040 tlestituetur,
3489 3975 3539 4028 si

1959 4077 2175 4148 quidem
2235 4090 2383 4128 nunc
2441 4073 2612 4142 magis
2661 4085 2826 4140 quam
2879 4077 3039 4123 antea
3095 4083 3224 4122 verc
3264 4068 3465 4121 dicitur
3519 4083 3538 4122 :

1960 4169 2118 4226 Pleni
2153 4176 2277 4223 sunt
2306 4167 2420 4222 coeli
2455 4183 2516 4218 ac
2541 4173 2689 4218 terra
2713 4163 2888 4233 gloria
2913 4169 3032 4230 ejus
3057 4161 3101 4192 ⁸⁸
3125 4159 3149 4214 ῗ
3178 4159 3315 4214 Nam
3347 4160 3392 4214 si
3415 4158 3542 4228 quis

1959 4263 2228 4320 Graeciam
2254 4261 2500 4314 nominet
2521 4259 2602 4312 vel
2625 4255 2798 4310 Barba
2809 4271 2996 4309 roruut
3019 4265 3212 4314 terras.
3235 4260 3328 4306 aut
3348 4251 3540 4322 Italos,

1959 4366 2054 4410 aut
2076 4352 2382 4410 Germanos
2411 4348 2646 4405 dicendo
2671 4357 2954 4413 excurrat,
2987 4345 3072 4400 vel
3105 4347 3172 4398 ad
3197 4342 3407 4408 Gallos;
3438 4351 3539 4398 aut

1959 4448 2275 4514 Britannos,
2295 4451 2389 4497 aut
2422 4439 2808 4506 Libes,autad
2847 4438 3228 4511 [Egyptiorum
3259 4438 3538 4508 regionem

1961 4540 2229 4602 deveniat,
2247 4546 2340 4592 aut
2357 4535 2404 4591 si
2423 4535 2627 4590 Arabes
2647 4546 2696 4589 et
2713 4531 2913 4588 Persas
2929 4533 3111 4597 adeat,
3125 4531 3207 4584 vel
3226 4527 3541 4598 AitbiOpes,

1959 4636 2137 4700 Indos,
2169 4633 2428 4705 Scythas,
2457 4639 2513 4685 et
2539 4628 2842 4698 quamlibet
2863 4627 3048 4682 mundi
3078 4626 3194 4680 sive
3220 4635 3539 4680 terrestrem

1960 4730 2074 4785 sive
2094 4725 2424 4780 maritimam
2443 4722 2871 4788 extremitatem,
2885 4719 3093 4774 Christi
3112 4733 3306 4772 nomen
3327 4716 3543 4788 hymnis

1960 4813 2226 4870 celebrari
2275 4822 2443 4882 atque
2481 4810 2700 4866 adorari
2747 4807 3066 4877 comperiet.
3119 4805 3360 4862 Cunctos
3390 4806 3539 4861 enim

1962 4905 2192 4978 ρορυιοε
2224 4903 2552 4974 evangelicze
2584 4901 2991 4972 praedicationis
3019 4914 3224 4968 sagena
3255 4900 3400 4969 cepit
3437 4916 3451 4954 :
3486 4907 3542 4954 et

1961 4997 2285 5054 veneranda:
2307 4995 2594 5050 Trinitatis
2617 4992 2832 5058 notitia,
2853 5006 2990 5047 voce
3009 4991 3227 5048 illorum
3244 4996 3336 5063 qui
3352 5002 3546 5062 gentes

1961 5090 2342 5154 erudiverunt,
2373 5103 2474 5157 per
2503 5088 2816 5140 universum
2845 5087 3033 5140 urbem
3065 5085 3286 5140 dilatata
3321 5086 3418 5140 fuit
3440 5101 3463 5151 ;
3488 5095 3543 5140 ct

1964 5183 2166 5252 ubique
2198 5183 2358 5234 unius
2389 5195 2454 5235 ac
2483 5178 2656 5234 solius
2695 5177 2809 5233 veri
2855 5177 2948 5232 Dci
2973 5194 3039 5235 ac
3069 5177 3290 5232 Domini
3320 5179 3542 5232 univcr-

1959 5273 2092 5330 salis
2127 5279 2379 5328 versatur
2415 5271 2658 5342 cognitio
2691 5285 2705 5322 :
2751 5270 3040 5340 validaque
3064 5285 3198 5324 voce
3222 5286 3413 5325 omnes
3444 5281 3542 5335 po-

1962 5367 2071 5436 puli
2101 5379 2222 5420 cnm
2255 5362 2542 5418 Psalmista
2582 5362 2826 5418 clamant
2847 5403 2861 5428 ,
2898 5373 3182 5432 postquam
3213 5361 3306 5416 Dci
3341 5369 3540 5428 poten-

1965 5459 2090 5512 tiam
2121 5467 2176 5511 et
2209 5457 2414 5526 ubique
2459 5457 2744 5526 providam
2783 5455 3212 5526 magnitudinem
3257 5453 3359 5506 title
3404 5453 3540 5506 didi-

1963 5561 2157 5604 cerunt
2193 5567 2206 5604 :
2255 5549 2314 5604 Si
2352 5554 2641 5605 ascendere
2695 5550 2752 5603 in
2789 5550 2972 5603 mlum
2994 5588 3010 5612 ,
3045 5557 3104 5599 tn
3135 5547 3250 5600 illic
3286 5562 3373 5614 es;
3406 5556 3452 5600 et
3491 5547 3540 5601 si

335 5745 388 5780 “
435 5743 623 5802 Matth.
651 5760 746 5812 ιιι,
774 5743 864 5801 54.
943 5745 988 5778 ⁸⁸
1029 5743 1288 5811 Manius,
1319 5745 1410 5802 25.
1487 5748 1530 5779 ⁸⁷
1574 5747 1738 5802 Zacb.
1768 5763 1874 5810 xtv.

1958 5790 1962 5802 .
2036 5745 2084 5780 ⁸³
2118 5745 2278 5805 Pra-i.
2324 5751 2476 5805 miss.
2511 5767 2574 5805 ex
2603 5751 2706 5806 lss.
2732 5765 2807 5820 rt,
2845 5750 2898 5804 '5.
