4054 6204
411 233 527 302 1153
1331 281 1352 300 ι
1376 236 1846 300 oLOGE‘rIcu-s
1873 239 2028 300 me
2063 234 2328 300 SACRIS
2369 235 2847 305 IMAGINIBUS.
3573 234 3679 309 εει

422 347 824 418 ὐποπνεόμινα,
895 347 991 400 καὶ
1036 347 1094 400 ιν
1165 345 1264 418 ἴσῳ
1303 351 1495 414 πνοαῖς
1540 350 1636 403 καὶ
1691 349 1886 421 αῦραις
1919 351 1998 421 τῷ

2106 351 2336 406 Ubinam
2367 359 2511 406 nunc
2556 351 2736 408 Loxia:
2780 353 2862 410 'dei
2901 355 3245 411 vaticinantis
3290 355 3512 426 obliqua
3555 374 3683 413 ora-

415 441 530 494 δντι
559 437 838 508 λυόμενας
876 437 1002 502 Πῶς
1027 437 1062 507 ἠ
1089 438 1277 509 Δάφνη
1300 438 1704 510 κρυφθήσεται,
1736 441 1832 494 καὶ
1863 446 1992 492 ποία

2106 443 2256 507 tnla,
2287 445 2488 513 quibus
2527 446 2615 514 qui
2649 447 2877 502 credunt
2923 449 3090 502 stulte
3129 461 3293 520 atque
3337 451 3680 520 insipienter,

421 531 491 600 γῆ
539 529 748 600 ταύτην
782 529 858 593 ὡς
919 530 1110 601 μήτηρ
1168 532 1280 592 τοῖς
1335 530 1558 594 κόλποις
1612 531 1994 601 κατελεήσασα

2106 532 2325 599 imperia
2368 533 2482 601 ipsa
2519 535 3064 606 nesciipessumdant
3092 539 3160 594 ".

411 625 652 690 δέξεται,
691 625 782 678 ἵνα
827 623 1078 692 φυγοῦσα
1107 625 1198 678 τὸν
1223 628 1459 699 ἐραστὴν
1485 628 1582 697 τὴν
1637 627 1997 699 σωφροσύνην
2037 627 2392 697 διασώσηται,
2423 629 2519 680 καὶ
2569 630 2735 697 φυτὸν
2795 632 2860 702 τῇ
2893 630 3027 700 κόρῃ
3053 629 3346 701 ὁμώνυμον
3373 630 3523 702 αύτῷ
3553 632 3682 686 διν-..ιο

419 715 724 791 ϐλαστήσῃ,
785 720 921 789 πρὸς
970 719 1334 789 ψυχαγωγίαν
1391 722 1490 790 τῆς
1523 720 1869 786 ἀποτεύξεως
1935 719 2030 772 τοῦ
2070 721 2345 791 ἐρωμένου
2412 721 2861 791 περιγινόμενον;
2905 722 3014 774 Ποῦ
3050 721 3146 775 νῦν
3183 722 3278 776 τοῦ
3333 723 3528 791 Λοξίου
3549 721 3677 778 θεοῦ

417 811 512 864 τοῦ
541 814 924 884 χρησμολόγου
959 816 1026 870 τά
1059 814 1317 888 λοξότερα
1338 818 1818 888 χρησμῳδήματα,
1844 813 1926 878 οἷς
1947 817 1994 869 οἱ
2037 817 2334 887 πυθόμενοι
2389 817 2584 888 ἀγνοίᾳ
2659 819 2754 871 καὶ
2817 819 3063 888 ἀνοήτως
3103 817 3279 891 ἀρχὰς
3313 819 3680 876 καταλύουσιν

414 907 588 973 ἠγνοη
598 907 764 974 μένας
785 923 798 971 ;
2700 959 2703 968 ,

493 1003 568 1065 μ’.
610 997 718 1049 Καὶ
741 997 828 1050 ἵνα
853 998 920 1050 τὰ
940 999 1101 1053 λοιπά
1126 1000 1394 1071 παρῶμεν
1430 1004 1564 1071 (τοῖς
1586 983 1696 1072 γάρ
1725 1000 1998 1064 πλείστοις

2177 989 2266 1055 ιιι
2301 999 2475 1068 Atque
2517 1008 2580 1053 "ut
2629 1000 2832 1070 reliqua
2877 1009 3264 1066 prtetereamus
3310 1000 3454 1073 (nam
3487 1002 3533 1058 si
3567 1001 3684 1073 plu-

416 1085 699 1146 ἐπεξιοῦσι
751 1089 1232 1158 συμσήσεταιααὶ
1269 1093 1422 1162 ἡμῖν,
1470 1095 1582 1154 τοῖς
1629 1093 1852 1160 ὲναγέσι
1903 1091 1998 1144 καὶ

2106 1095 2240 1145 rima
2271 1094 2646 1147 discurramus
2670 1132 2686 1154 ,
2713 1093 2868 1147 nobis
2901 1105 3115 1163 quoque
3146 1109 3267 1148 cum
3299 1095 3509 1162 spurcis
3539 1096 3685 1165 ejus-

409 1176 698 1247 βδελυροῖς
718 1182 1288 1251 συγκαταχραίνεσθαι
1315 1184 1410 1236 καὶ
1437 1184 1808 1254 μολύνεσθαι),
1830 1184 1994 1238 αὐτοῦ

2106 1185 2244 1239 modi
2285 1191 2340 1239 et.
2383 1185 2768 1239 abominandis
2797 1186 3179 1240 commaculari
3211 1201 3275 1240 ac
3318 1185 3512 1241 faedari
3550 1202 3682 1242 con-

420 1283 525 1318 που
547 1267 636 1318 τὸν
663 1269 790 1337 περὶ
809 1267 1013 1322 τούτων
1033 1273 1466 1344 περιγράψωμεν
1490 1274 1672 1342 λόγον,
1698 1275 1886 1346 ἐπειδὴ
1901 1276 1994 1328 καὶ

2106 1276 2315 1346 linget,)
2351 1277 2435 1330 hic
2469 1273 2642 1329 ferme
2673 1289 2978 1330 sermOnetn
3033 1279 3098 1331 de
3146 1278 3230 1333 his
3261 1279 3680 1344 concludemus,

418 1355 591 1408 ταῦτα
616 1357 784 1409 πάλαι
809 1359 1250 1430 περιγέγραπται
1275 1365 1371 1414 καὶ
1404 1363 1691 1433 σεσίγηται
1715 1382 1730 1395 ⁸
1755 1365 1914 1435 δῆλον
1935 1365 1993 1418 δὲ

2106 1368 2542 1436 quandoquidettt
2570 1375 2624 1420 et
2651 1368 2778 1421 olim
2816 1368 2927 1421 haec
2960 1369 3128 1423 certis
3166 1369 3426 1423 limitibus
3450 1372 3684 1424 circum-

416 1445 566 1510 ὅπως
587 1449 687 1499 καὶ
735 1446 880 1511 ὅθεν,
933 1451 1372 1519 παραγεγονότος
1423 1452 1501 1521 τῷ
1549 1453 1744 1524 κόσμῳ
1779 1453 1877 1506 τοῦ
1907 1453 1997 1506 διά

2109 1457 2311 1524 scripta
2342 1465 2497 1510 erant
2522 1466 2576 1508 et
2610 1457 2829 1512 silentio
2867 1457 3063 1511 velata.
3093 1455 3319 1514 Cettstat
3341 1471 3520 1513 autem
3550 1473 3685 1528 quo-

411 1538 516 1591 ’τοῦ
573 1541 854 1611 προφήτου
923 1545 1342 1614 προειρηκότος·
1431 1544 1879 1614 Ἐξολοθρεύσω
1926 1545 1998 1600 τὰ

2110 1547 2281 1601 modo
2304 1557 2359 1601 et
2387 1547 2548 1610 unde,
2580 1551 2996 1615 superveniente
3035 1550 3085 1602 in
3117 1550 3373 1604 mundum
3407 1551 3498 1605 illo
3521 1566 3680 1621 quem

406 1631 688 1699 ’ὀνόματα
719 1630 839 1685 τῶν
874 1631 1138 1688 ειδώλων
1165 1636 1284 1689 ἀπὸ
1327 1636 1440 1705 τῆ(-
1487 1637 1625 1706 τῆς,
1672 1637 1771 1690 καὶ
1798 1635 1996 1691 οὐκέτι

2106 1638 2359 1706 propheta
2391 1638 2755 1706 praedixerat:
2791 1637 3107 1708 Disperdam
3150 1643 3367 1696 nomina
3413 1642 3684 1696 idolorum

408 1724 595 1779 ’ἐσται
627 1722 830 1778 αὐτῶν
849 1724 1030 1793 μνεία
1057 1741 1072 1756 ο
1107 1725 1293 1796 ὅτανὴ
1325 1727 1420 1779 τοῦ
1457 1727 1731 1799 σωτηρίου
1763 1728 2000 1799 σταυροῦ

417 1817 587 1886 χάρις
619 1816 908 1887 διέλαμψε,
941 1817 1036 1869 καὶ
1071 1816 1134 1869 τὸ
1167 1817 1310 1872 θεῖον
1356 1821 1699 1890 ἁπανταχόσε
1739 1820 1998 1892 διέδραμε

411 1908 716 1977 κήρυγμα,
745 1905 855 1977 ἆρα
880 1909 992 1980 γάρ
1019 1911 1081 1963 ού
1117 1909 1295 1964 πάντα
1324 1911 1390 1964 ὲκ
1429 1910 1606 1964 ποδῶν
1655 1911 1869 1980 γέγονε,
1905 1911 2002 1964 καὶ

417 1993 793 2062 ἀπελήλαται,
826 1995 922 2046 καὶ
949 1993 1121 2064 λήθης
1155 1993 1335 2064 βυθοϊς
1375 1994 1776 2064 παραδέδοται;
1829 1997 1877 2047 εί
1904 1995 2003 2064 μὲν

418 2086 537 2156 ’γάρ
555 2087 688 2149 είσι,
713 2083 1081 2139 δεικνύτωσαν
1098 2085 1199 2139 ποῦ
1237 2087 1329 2139 καὶ
1348 2087 1500 2158 παρὰ
1516 2086 1622 2140 τίσι
1642 2085 1814 2139 ταῦτα
1828 2101 1843 2116 ·
1866 2087 1914 2140 εἰ
1943 2086 2002 2140 δὲ

405 2178 529 2231 ·οὺκ
548 2176 782 2248 είσ“ιν(οὐ
797 2175 904 2247 γὰρ
924 2177 1077 2245 εἰσὶ),
1096 2177 1148 2229 τί
1183 2177 1360 2248 μάτην
1383 2177 1840 2248 διαλοιδοροῦνται
1872 2178 2006 2248 Χριι-

419 2272 692 2334 στιανοῖς,
713 2269 1141 2339 ἐπιφημίζοντες
1164 2271 1346 2334 αὐτοῖς
1369 2272 1418 2324 οἱ
1438 2272 1768 2340 συκοφάνται
1799 2272 1892 2325 καὶ
1905 2272 2004 2341 τῆς

421 2361 684 2431 ἀληθείας
719 2363 1034 2433 κατήγοροι,
1079 2361 1117 2416 ἃ
1157 2364 1292 2433 μήτε
1342 2362 1593 2433 ἔδρασαν,
1625 2365 1762 2435 μήτε
1800 2363 2007 2434 διενοή-

427 2467 594 2504 σαντο
649 2451 908 2515 πώποτες
946 2452 994 2504 εί
1043 2451 1100 2506 δὲ
1152 2451 1306 2504 αὐτοὶ
1357 2452 1729 2523 πεπλάνηνται
1768 2452 1864 2504 καὶ
1897 2452 2005 2504 εἶσὶ

401 2542 850 2615 ’δεισιδαίμονες,
905 2541 1116 2596 ἑαυτῶν
1213 2542 1710 2614 κατηγορείτωσαν,
1781 2544 2007 2606 ἑαυτοὺς

423 2632 831 2702 μωμείςθωσαν
859 2633 909 2686 οἱ
933 2631 1210 2700 ὲξάγιστοι
1236 2633 1335 2687 καὶ
1363 2633 1768 2700 διαγελάτωσαν
1791 2647 1806 2662 °
1841 2635 1874 2703 ή
1898 2634 2007 2703 γάρ

407 2720 523 2773 ’τοῦ
561 2720 698 2772 Θεοῦ
771 2720 1091 2792 Ἐκκλησία,
1146 2721 1380 2785 ἄσπιλος
1428 2722 1521 2774 καὶ
1569 2722 1762 2795 μώμου
1805 2723 2008 2785 παντὸς

417 2814 690 2884 ἐλευθέρα
721 2814 1015 2884 τυγχάνει·
1055 2813 1191 2866 ἀλλὰ
1242 2812 1516 2866 σιωπᾶται
1549 2811 1722 2866 ταῦτα
1751 2830 1765 2846 ο
1796 2813 2008 2882 σιωπῆς

419 2907 539 2977 γάρ
560 2905 728 2968 ὅντως
755 2907 849 2959 καὶ
875 2906 1043 2976 λήθης
1080 2905 1304 2976 βαθείας
1325 2905 1476 2972 ἄξια·
1503 2905 1578 2969 ὡς
1596 2905 1790 2974 ὄφελόν
1818 2922 1881 2974 γε
1912 2905 2030 2974 καὶ,

420 2997 587 3052 αὐτοὶ
614 2998 712 3068 τὴν
775 3000 985 3068 σιωπὴν
1038 2997 1298 3060 ὡσαύτως
1357 2998 1586 3061 ἐκείνοις
1637 2999 1957 3068 ⁴Ιισπάσσντο
1983 3014 1998 3030 ·

424 3090 661 3157 Ὅμοιοι
699 3089 808 3158 γὰρ
845 3087 1051 3153 αὐτοῖς
1079 3087 1348 3156 γένοιντο
1377 3091 1434 3143 οι
1469 3089 1788 3157 ,ποιοῦντες
1825 3091 1998 3159 αὐτὰ,

420 3181 530 3236 καὶ
585 3179 808 3246 πάντες
844 3182 900 3233 οἱ
927 3182 1274 3244 πεποιθότες
1303 3179 1398 3236 ἐπ’
1445 3179 1650 3248 αὐτοῖς
1672 3199 1689 3214 ο
1724 3183 1806 3236 ὅτι
1843 3186 2000 3254 σιγᾷν

421 3275 654 3343 ἄμεινον
685 3273 779 3327 καὶ
805 3271 1274 3344 λυσιτελέστερον,
1327 3272 1361 3343 ἢ
1391 3273 1572 3326 λαλεῖν
1601 3273 1880 3340 δυσσεδῶς
1908 3275 2001 3328 καὶ

425 3364 626 3427 ἀθέως,
655 3362 693 3419 ἃ.
725 3363 863 3434 μήτε
892 3362 1070 3432 λέγειν
1098 3365 1237 3434 μήτε
1275 3365 1474 3418 ἐννοεῖν
1507 3364 1665 3435 θέμις
1695 3368 1814 3430 τοῖς
1837 3383 1900 3435 γε
1927 3367 2004 3431 ὡς

425 3455 650 3524 ἀληθῶς
679 3455 852 3526 ἐρῶσι
903 3454 1000 3508 τοῦ
1040 3456 1373 3526 κρείττονος.
1425 3455 1520 3520 Τίς
1547 3457 1656 3527 γὰρ
1707 3455 1880 3521 οὕτως
1909 3457 2003 3511 ἐπὶ

427 3546 761 3618 ματαιότητι
787 3546 1117 3617 βεδοημένος
1165 3548 1334 3611 ἐστὶν,
1367 3548 1516 3612 ὅστις
1547 3548 1729 3603 αὐτῶν
1757 3551 1885 3613 τοὺς
1926 3550 2003 3602 εί-

417 3637 624 3700 καίους
645 3639 738 3692 καὶ
769 3638 1063 3701 ἀσυνέτους
1089 3639 1409 3706 ἀποδέξαιτο
1445 3639 1672 3708 λόγους;
1713 3640 1799 3704 τίς
1831 3640 2004 3704 οὕτως

417 3728 750 3800 ’ἠμοιρηκῲς
781 3729 1109 3800 αἰσθήσεως,
1129 3731 1225 3784 καὶ
1254 3733 1729 3802 παρενηνεγμένος
1761 3734 1856 3796 τὰς
1874 3733 2004 3804 φρέ-

427 3819 758 3884 νας;ούδεὶς
809 3819 952 3873 οὕτω
996 3820 1278 3892 κτηνώδης
1307 3823 1400 3876 καὶ
1437 3823 1616 3894 πάσης
1645 3822 2003 3894 βοσκηματώ-

417 3911 560 3974 ’δους
590 3911 776 3974 ἀνοίας
829 3912 1204 3983 ἀνοητότερος,
1241 3914 1442 3984 μᾶλλον
1467 3915 1525 3969 δὲ
1557 3915 1678 3969 οὐδὲ
1705 3913 2005 3987 δαιμονῶν-

430 4004 588 4076 τωνῆ
613 4004 983 4074 ἐξεστηκότων
1007 4021 1116 4067 τις.
1133 4005 1273 4057 ὥστε
1284 4005 1392 4058 τῶν
1413 4005 1778 4077 βληχημάτων
1803 4005 2003 4074 αὐτῶν,

433 4099 532 4150 καὶ
563 4095 899 4166 ληρημάτων
929 4095 1216 4166 ἀνέχεσθαι
1241 4113 1254 4128 ο
1306 4097 1442 4151 ἀλλά
1476 4098 1647 4152 ταῦτα
1689 4099 1788 4169 μὲν
1818 4099 2006 4163 παῖδες

451 4188 719 4256 Ἑλλήνων
747 4185 1113 4250 παιζέτωσαν,
1136 4188 1192 4241 οῖ
1219 4205 1279 4241 τε
1301 4189 1490 4255 πάλαι,
1521 4191 1616 4243 καὶ
1653 4191 1702 4243 οί
1724 4181 1854 4261 παρ⁴
1873 4192 2006 4260 ἡμῖν

2101 1728 2166 1780 de
2206 1737 2384 1791 terra,
2423 1743 2584 1796 neque
2624 1729 2837 1782 illorum
2881 1729 3126 1798 deinceps
3169 1733 3428 1785 memoria
3467 1732 3566 1786 erit
3613 1729 3680 1796 τ’,

2103 1831 2224 1870 cum
2257 1817 2548 1870 salutifera:
2575 1821 2753 1872 crucis
2787 1819 2960 1888 gratia
3005 1820 3220 1885 illuxit,
3253 1831 3304 1874 et
3341 1821 3520 1874 divina
3551 1833 3686 1889 qua-

2103 1913 2399 1974 que‘versus
2444 1906 2633 1961 dill'nsa
2688 1909 2929 1962 doctrina
2979 1919 3091 1973 est,
3134 1911 3310 1964 omnia
3353 1912 3496 1964 idola
3530 1912 3682 1981 pulsa

2102 1995 2346 2060 fuerint,
2389 1997 2703 2066 ejectaqne,
2767 2008 2821 2053 et
2864 1999 3153 2055 oblivionis
3203 2003 3402 2072 abysso
3457 2005 3679 2058 tradita.

2101 2091 2236 2146 Nam
2274 2093 2319 2146 si
2349 2090 2491 2146 forte
2534 2091 2707 2146 adhuc
2746 2100 2902 2156 Sunt,
2934 2092 3317 2148 demonstrent
3343 2093 3559 2149 ubinam
3584 2135 3599 2162 ,
3628 2101 3686 2151 et

2103 2185 2244 2251 apud
2288 2196 2552 2252 quosnam
2595 2182 2891 2250 supersint.
2929 2181 3082 2246 Quod
3135 2185 3177 2237 si
3226 2197 3333 2237 non
3385 2195 3550 2251 sunt,
3605 2190 3682 2242 uti

2105 2287 2296 2343 reapse
2323 2288 2426 2326 non
2459 2281 2622 2336 sunt,
2649 2287 2746 2327 cur
2778 2273 2978 2326 frustra
3008 2275 3384 2329 conviciantur
3413 2276 3684 2331 Christia-

2105 2365 2224 2429 nis,
2262 2364 2589 2433 imputantes
2622 2364 2700 2418 eis
2727 2377 2824 2432 per
2875 2365 3284 2435 sycophantiam
3331 2377 3388 2420 et
3437 2369 3684 2422 veritatis

2105 2453 2460 2517 calumniam,
2519 2467 2639 2522 qua:
2691 2468 2864 2524 neque
2916 2454 3163 2510 fecerunt
3224 2473 3403 2526 neque
3446 2474 3681 2528 unquam

2105 2542 2521 2612 cogitaverunt?
2559 2540 2672 2601 .Sin
2712 2554 2900 2598 contra
2922 2580 2938 2609 ,
2982 2544 3080 2614 ipsi
3105 2545 3286 2614 potius
3313 2557 3498 2602 errant
3526 2549 3688 2622 196

2107 2646 2161 2690 et
2204 2635 2589 2705 superstitione
2620 2635 2907 2698 laborant,
2959 2635 3064 2702 ipsi
3110 2638 3282 2707 magis
3321 2651 3490 2694 semet
3525 2657 3685 2695 accu-

2107 2735 2263 2792 sent,
2300 2736 2472 2781 semet
2519 2727 2919 2802 reprehendant
2965 2727 3019 2782 bi
3061 2727 3278 2784 scelesti
3327 2739 3493 2798 atque
3534 2733 3682 2787 deri-

2107 2818 2289 2871 deant.
2337 2814 2471 2871 Nam
2506 2815 2602 2872 Dei
2643 2826 2794 2872 certe
2822 2815 3070 2873 Ecclesia
3106 2819 3454 2875 immaculata
3503 2833 3590 2878 est
3629 2835 3685 2880 et

2107 2917 2262 2962 extra
2299 2922 2515 2963 omnem
2549 2908 3000 2978 vituperationem
3049 2911 3243 2977 posita.
3275 2913 3345 2967 Et
3389 2913 3525 2968 idola
3558 2915 3686 2985 qni-

2099 3002 2227 3054 dem
2255 3000 2367 3070 jam
2403 3001 2654 3064 silentur,
2681 3014 2800 3067 quae
2835 3013 3024 3070 reapse
3060 3001 3279 3057 silentio
3303 3002 3525 3073 altaque
3547 3005 3687 3059 oblio

2108 3091 2267 3145 vione
2288 3093 2448 3161 digna
2479 3101 2627 3146 sunt.
2669 3089 2882 3145 Utinam
2911 3104 3038 3146 vero
3063 3103 3118 3146 et
3144 3093 3196 3147 hi
3224 3093 3499 3149 silentium
3530 3107 3687 3164 teque

2108 3196 2170 3236 ac
2192 3183 2280 3237 illa
2303 3183 2616 3237 servarent!
2648 3181 2859 3237 Similes
2882 3183 3081 3253 quippe
3103 3183 3235 3252 ﬁant
3256 3187 3347 3250 qui
3366 3185 3573 3255 [aciuru
3598 3201 3681 3253 ea,

2106 3288 2155 3333 ei
2191 3291 2366 3331 omnes
2433 3277 2524 3344 qui
2556 3275 2848 3344 ron/idum
2922 3277 2978 3330 in
3026 3277 3102 3330 eis
3141 3277 3209 3330 ".
3254 3276 3468 3334 Etenim
3523 3280 3686 3335 silere

2107 3369 2304 3423 melius
2342 3376 2428 3422 est
2465 3375 2630 3434 atque
2669 3366 2894 3429 utilius,
2932 3380 3094 3434 quam
3130 3367 3297 3436 impie
3345 3367 3685 3439 scelesteque

2108 3456 2296 3525 loqui,
2343 3469 2461 3521 qua:
2503 3467 2603 3508 nec
2639 3453 2822 3508 dicere
2865 3466 3041 3523 neque
3072 3463 3254 3508 mente
3298 3455 3506 3523 agitare
3549 3457 3680 3512 licet

2106 3547 2176 3602 iis
2208 3547 2298 3616 qui
2329 3545 2574 3600 melioris
2597 3544 2770 3615 {rugis
2801 3554 2928 3599 sunt
2954 3545 3208 3602 studiosi.
3241 3546 3375 3613 Quis
3401 3548 3545 3603 enim
3570 3559 3683 3605 tam

2108 3634 2373 3692 confessae
2400 3635 2640 3689 stultitiae
2659 3645 2764 3700 est,
2799 3635 2887 3704 qui
2915 3635 3143 3690 istorum
3177 3651 3347 3692 vanos
3375 3640 3681 3710 stultosqne

2109 3739 2388 3782 sermones
2413 3726 2602 3780 audire
2633 3725 2904 3795 patiatur?
2941 3727 3103 3793 Quis,
3133 3728 3379 3799 inquam,
3410 3731 3482 3784 ita
3517 3745 3680 3787 sensu

2109 3833 2331 3881 carens,
2366 3825 2422 3872 et
2449 3824 2629 3871 mente
2654 3817 3174 3874 subversusiNemo
3201 3823 3338 3878 adeo
3369 3822 3638 3880 belluinus
3665 3863 3680 3892 ,

2109 3919 2164 3966 et
2191 3911 2335 3964 omni
2369 3910 2606 3980 pecudea
2643 3910 2856 3965 inscitia
2899 3911 3264 3983 insipientior,
3300 3917 3409 3971 imo
3433 3935 3501 3973 ne
3530 3933 3683 3974 arre-

2110 4002 2298 4072 ptitius
2331 4001 2546 4071 quidem
2568 4001 2764 4072 aliquis
2787 4015 2880 4057 aut
2902 4001 3252 4061 furiosus-est
3275 4047 3290 4072 ,
3329 4009 3420 4078 qui
3455 4011 3679 4064 istorum

2107 4096 2322 4151 balatus
2369 4105 2426 4150 et
2466 4095 2822 4149 deliramenta
2874 4098 3086 4152 toleret.
3131 4096 3516 4154 Verumtamen
3567 4103 3684 4156 line

2110 4183 2310 4238 ethnici
2344 4183 2561 4252 quidem
2595 4181 2858 4245 luseriut,
2892 4193 3001 4236 tum
3035 4183 3196 4245 olim,
3232 4194 3342 4238 tum
3380 4186 3547 4239 etiam
3587 4188 3680 4257 qui

435 4279 529 4332 νῦν
567 4280 966 4350 Ἕλλη-νίζοντες
985 4295 1000 4310 ·
1033 4281 1166 4350 ήμῖν
1191 4281 1248 4334 δὲ
1268 4281 1516 4350 τιμάσθω
1538 4281 1772 4351 Χριστὸς
1809 4283 1836 4334 ὁ
1875 4281 2002 4344 Θεὸς

2113 4274 2254 4343 apud
2288 4272 2763 4328 nos-ethnicorum
2801 4287 2954 4326 more
2987 4272 3196 4328 vivunt.
3232 4277 3277 4329 Α
3309 4276 3467 4331 nobis
3499 4285 3684 4334 autem

436 4370 614 4439 ήμῶν,
649 4372 743 4423 καὶ
766 4369 1180 4438 προσκυνείσθω
1203 4374 1261 4424 ὲν
1303 4369 1535 4442 ἀληθεία
1570 4371 1666 4426 καὶ
1711 4369 2004 4442 πνεύματι,

433 4461 511 4523 ὡς
542 4461 672 4524 Θεὸς
703 4462 839 4527 ὁμοῦ
880 4462 1238 4534 χρηματίζων
1276 4464 1368 4516 καὶ
1405 4463 1692 4534 ἄνθρωπος
1718 4480 1732 4496 ο
1771 4480 2007 4534 προσκυ-

437 4552 636 4606 νείσθω
692 4552 753 4606 δὲ
798 4553 894 4605 καὶ
946 4553 1009 4605 τὸ
1042 4553 1338 4624 σεϐάσμιον
1399 4553 1566 4607 αὐτοῦ
1613 4553 2004 4625 ἀπεικόνισμα,

437 4643 859 4715 προσκυνεῖσθαι
893 4644 1092 4714 χρεὼν,
1116 4645 1212 4698 καὶ
1259 4645 1557 4716 γραφέσθω
1583 4661 1598 4675 ο
1623 4645 1871 4714 γραπτὸν
1896 4644 2008 4716 γὰρ

432 4735 512 4798 ὡς
542 4735 754 4806 άληθῶς
791 4737 884 4789 καὶ
934 4738 1309 4808 περίγραπτον
1341 4737 1435 4790 καὶ
1478 4735 1742 4809 παθητὸν,
1771 4736 1912 4807 ὅπερ
1943 4737 2008 4790 lx

433 4830 533 4898 τῆς
556 4828 717 4896 ἁγίας
747 4811 1131 4899 ’Δειπαρθένου
1155 4828 1420 4883 Θεοτόκου
1453 4828 1784 4900 προσείληφε
1810 4827 1974 4898 σῶμα
1991 4843 2008 4863 ο

435 4919 595 4989 εἰπερ
623 4922 718 4971 xui.
751 4920 889 4989 αὑτὴ
924 4921 1144 4989 γραπτή
1177 4935 1235 4972 τε
1269 4923 1362 4972 καὶ
1389 4917 1748 4991 περιγραπτὴ
1777 4917 2012 4986 ὲτύγχαυ

434 5025 516 5071 νε,
556 5009 661 5062 κᾶν
685 5008 761 5080 μὴ
803 5009 1030 5062 θέλωσιν
1051 5012 1102 5062 ot
1136 5009 1484 5080 παράφρονες
1507 5025 1522 5039 ο
1549 5009 1610 5062 ού
1641 5007 2011 5080 χωριζόμενον

434 5103 513 5167 δὲ,
546 5101 651 5155 κᾶν
688 5103 970 5171 γράφοιτο,
1005 5101 1100 5154 τοῦ
1132 5101 1516 5172 συνηνωμένον
1547 5099 1696 5172 αὐτῷ
1721 5099 1848 5153 καθ’
1873 5099 2011 5154 ὑπό-

439 5210 626 5247 στασιν
652 5192 788 5247 Θεοῦ
820 5194 1018 5261 Λόγου,
1041 5191 1228 5264 ὥσπερ
1254 5193 1374 5247 οὐδὲ
1413 5192 1482 5246 τά
1511 5191 1653 5263 ὑπὲρ
1679 5189 1839 5260 ἡμῶν
1867 5190 2002 5243 ὑπο-

444 5285 601 5353 μένον
627 5285 798 5353 πάθη,
825 5286 920 5338 ἀπ’
945 5283 1110 5339 αὑτοῦ
1133 5284 1416 5355 διέστηκεν
1437 5299 1449 5313 ⁶
1478 5283 1630 5337 οὐδὲν
1661 5282 1771 5352 γὰρ
1797 5280 2003 5333 τούτων

438 5376 573 5445 πρὶς
599 5375 873 5430 διάστασιν
895 5376 1186 5447 ἐνεργῆσαι
1215 5376 1457 5432 δύναταιι

323 5640 336 5652 .
443 5621 492 5660 vi
523 5625 762 5678 (ηωςυς,
838 5621 881 5653 τ’
917 5619 1084 5674 lat-lt.
1121 5636 1240 5688 xm,
1269 5620 1320 5673 Si.
1402 5620 1446 5652 "
1485 5618 1628 5674 Psal.
1663 5635 1816 5686 Clilll,
1857 5619 1915 5673 8.

2109 4366 2322 4420 colatur
2359 4363 2611 4418 Christus
2654 4371 2860 4429 noster,
2907 4372 3072 4432 atque
3118 4363 3171 4418 in
3203 4365 3436 4420 veritate
3477 4377 3533 4421 et
3566 4369 3682 4437 spi-

2108 4459 2214 4513 ritu
2267 4459 2547 4524 adoretur,
2598 4471 2698 4512 ceu
2734 4455 2876 4510 Deus
2919 4455 3086 4511 simul
3133 4464 3188 4511 et
3230 4457 3412 4512 homo.
3455 4457 3682 4514 Colatur

2105 4552 2269 4604 etiam
2302 4549 2608 4604 veneranda
2641 4549 2812 4619 ipsius
2865 4548 3079 4618 imago,
3121 4564 3188 4603 eo
3216 4564 3326 4618 quo
3371 4550 3531 4604 decet
3571 4551 3678 4606 coli

2106 4640 2288 4695 modo.
2315 4638 2629 4694 Delineetur
2657 4640 2876 4709 utique,
2908 4643 3032 4710 quia
3068 4639 3273 4694 lineare
3305 4655 3492 4710 reapse
3518 4651 3604 4696 est
3626 4655 3679 4698 ε.

2105 4716 2576 4800 cireutttscriptuttt
2625 4740 2679 4785 et
2729 4731 2984 4800 passibile
3016 4731 3161 4800 quod
3205 4731 3324 4800 ipse
3367 4733 3437 4786 de
3485 4745 3675 4790 sancta

2106 4837 2320 4892 semper
2346 4823 2553 4892 virgine
2583 4821 2816 4892 Deipara
2851 4824 3083 4892 sumpsit
3129 4837 3327 4895 corpus
3349 4863 3367 4890 ,
3408 4826 3681 4899 siquidem

2109 4915 2222 4985 ipsa
2250 4928 2466 4984 quoque
2495 4922 2552 4970 et
2577 4914 2800 4970 linearis
2819 4925 2874 4969 et
2902 4916 3316 4987 circumscripta
3349 4929 3491 4983 erat,
3513 4920 3680 4974 velint

2107 5007 2280 5063 nolint
2314 5008 2366 5062 lti
2396 5005 2604 5060 vesani.
2633 5005 2818 5075 Neque
2841 5016 3020 5063 tamen
3049 5023 3248 5079 corpus
3277 5010 3429 5077 illud,
3457 5011 3673 5066 etiamsi

2106 5099 2362 5170 pingatur
2395 5098 2477 5153 vel
2521 5096 2822 5167 sculpatur,
2875 5101 2942 5154 ab
2989 5101 3142 5156 unito
3189 5101 3294 5156 sibi
3343 5102 3680 5173 ltypostetico

2114 5191 2206 5246 Dei
2251 5188 2432 5247 Verbo
2467 5197 2750 5260 separatur
2776 5229 2792 5257 ,
2827 5192 2986 5247 sicuti
3023 5207 3091 5247 ne
3137 5202 3251 5247 tum
3296 5193 3512 5263 quidem
3555 5208 3679 5246 cum

2112 5295 2210 5350 pro
2251 5282 2405 5337 nobis
2453 5282 2761 5353 passionem
2810 5285 3103 5351 sustinuit,
3155 5285 3224 5338 ab
3271 5283 3461 5337 eodem
3502 5279 3681 5337 Verbo

2111 5371 2307 5427 abfuit.
2361 5371 2508 5427 Nihil
2545 5374 2692 5430 enim
2739 5375 2932 5431 borum
2982 5375 3047 5432 ad
3095 5373 3422 5432 divisionem
3475 5373 3679 5444 aliquid

2111 5461 2339 5518 confert.
