4054 6204
343 285 511 372 res

1235 309 1805 374 APOLOGETICUS
1838 314 1986 373 PRO
2025 313 2292 375 SACRIS
2329 313 2806 376 IMAGINIBUS.

3496 318 3600 378 σεε

347 442 482 498 νῃσι
540 424 638 478 καὶ
669 422 828 489 ἄλλος
877 425 1088 496 ἀλλαχῆ
1116 425 1226 480 τῶν
1283 428 1622 494 ἀποστόλων,
1676 431 1744 482 τὰ
1793 428 1924 499 ἔθνη

2027 444 2121 484 seu
2157 429 2266 494 die,
2298 430 2584 500 ejecerunt-
2613 431 2666 485 id
2705 439 2786 486 est
2813 429 3160 486 detestandos
3200 429 3512 502 indicarunt
3543 442 3600 488 et

347 516 698 586 διαλαχόντες
720 514 817 570 τοῦ
855 515 1054 587 ἐχθροῦ
1082 517 1150 570 τὰ
1192 519 1440 587 ταμιεῖα,
1491 518 1586 572 καὶ
1615 519 1928 590 θησαυροὺς

347 608 479 672 τοὺς
501 607 926 678 ἑζωγρημένους
943 610 1023 672 εἰς
1043 609 1106 661 τὺ
1127 608 1337 662 ἐκείνου
1363 609 1574 680 θέλημα
1593 610 1927 680 διήρπασαν,

351 700 446 754 καὶ
499 699 581 769 τῷ
611 699 864 772 Δεσπότῃ
911 699 1022 753 τῶν
1047 700 1186 753 ὅλων
1241 700 1571 772 πρωτόλειον
1607 701 1800 772 ῶσπερ
1831 703 1926 774 καὶ

348 793 610 861 ἀπαρχὰς
637 791 740 862 ἠδη
770 792 1154 862 προσήγαγον·
1190 791 1334 844 κατὰ
1363 791 1554 845 τοῦτον
1587 794 1650 862 δὴ
1675 793 1770 846 τὸν
1801 811 1926 846 και-

350 884 446 954 ρὸν
496 883 597 936 καὶ
652 883 754 952 τὴν
801 883 1016 952 ἡμέραν
1067 882 1343 948 ἐξέϐαλον,
1393 883 1638 936 τούτέστι
1695 883 1932 954 βδελυρὰ

348 971 584 1043 ἡγοῦντο
608 989 666 1026 τε
693 971 790 1026 καὶ
810 972 1062 1026 διέπτυον
1081 989 1098 1005 ·
1139 975 1324 1026 ἐκεῖνα
1353 972 1420 1044 δὴ
1453 974 1520 1028 τὰ
1563 975 1924 1045 χειρόκμητα,

349 1064 449 1117 καὶ
481 1063 592 1117 τῶν
617 1062 868 1117 διανοιῶν
894 1063 1298 1133 ὲξωστράκιζον
1321 1080 1334 1094 ·
1375 1065 1452 1128 ὡς
1524 1065 1657 1136 μηδὲ
1706 1069 1928 1136 μνήμης

347 1156 536 1210 αὐτῶν
565 1157 858 1226 ἀνέχεσθαι
891 1156 1136 1222 πώποτε,
1172 1159 1275 1230 ἤδη
1305 1159 1362 1213 δὲ
1407 1161 1498 1213 καὶ
1521 1162 1618 1230 τὴν
1657 1159 1791 1230 ὓλην
1829 1163 1934 1214 αὑ-

347 1249 473 1316 τὴν,
501 1248 611 1300 κᾶν
636 1247 748 1302 τῶν
773 1248 1122 1318 τιμιωτάτων
1155 1249 1296 1304 οὖσα
1325 1250 1590 1322 ἐτύγχανε
1617 1252 1768 1322 παρὰ
1808 1255 1926 1317 τοῖς

346 1338 594 1403 πολλᾶς,
642 1338 730 1393 διὰ
775 1339 1052 1408 φιλοθεῖας
1103 1341 1433 1415 ὑπερϐολὴν,
1465 1343 1924 1416 παρεῤῥιμμένηγ

347 1431 448 1484 καὶ
495 1432 1066 1502 καταπεφρονημένην
1120 1432 1403 1504 δεδόχθαι,
1447 1438 1546 1504 τὴν
1591 1435 1648 1489 δὲ
1695 1435 1775 1504 τῷ
1805 1435 1936 1508 Θεῷ-

349 1521 504 1592 μόνῳ
560 1521 879 1592 πρέπουσαν
909 1522 1102 1576 θυσίαν
1141 1525 1456 1579 ἀνατιθέναι
1476 1541 1491 1558 ·
1531 1525 1728 1580 οὐκοῦν
1752 1525 1813 1580 τδ
1837 1526 1924 1580 κει

349 1612 554 1682 δδηλον
581 1613 678 1666 καὶ
724 1612 1006 1684 ἀπατηλόν
1048 1604 1274 1668 ἐκείνων
1311 1617 1792 1687 ἀποπεμπόμενοι,
1833 1618 1926 1671 ἐπὶ

341 1705 450 1776 τὴν
471 1704 698 1776 στερεὰν
719 1705 926 1776 πέτραν
949 1707 1261 1776 ἀναγκαίως
1284 1709 1378 1762 καὶ
1393 1709 1532 1776 ἄγαν
1555 1709 1923 1780 εὐκαιρότατα

2029 533 2399 592 conspuerunt
2440 523 2782 579 manufactos
2834 523 2955 578 illos
2987 525 3136 588 deos,
3167 533 3222 579 et
3263 534 3445 580 mente
3501 541 3598 580 sua

2030 624 2464 683 proterruerunt,
2495 615 2631 670 adeo
2662 625 2721 670 ut
2767 631 2834 670 ne
2859 616 3180 670 memoriam
3221 615 3436 684 quidem
3482 613 3600 671 illo.

2031 721 2149 760 rum
2183 705 2408 762 ulterius
2440 707 2551 778 pati
2581 709 2818 776 quirent.
2872 707 2991 762 lmo
3027 715 3081 763 et
3127 723 3316 761 eorum
3351 707 3596 774 materia,

2028 796 2128 851 etsi
2164 811 2194 850 a
2250 797 2434 850 multis
2483 799 2881 866 pretiosissima
2921 797 3314 863 :estimabntur,
3375 811 3598 866 propter

2029 886 2191 941 divini
2227 887 2427 942 amoris
2455 887 2831 954 eminentiam,
2864 889 3080 955 abiecta
3104 889 3234 960 ipsis
3277 897 3331 941 et
3361 899 3598 942 contem-

2029 990 2116 1048 pta
2154 979 2277 1044 fuit,
2317 981 2518 1048 unique
2572 979 2680 1034 Deo
2725 995 3022 1050 congruum
3059 978 3388 1034 sacrilicium
3441 976 3598 1032 obtu-

2025 1071 2226 1126 lerunt.
2263 1071 2448 1140 Itaque
2479 1071 2694 1125 illorum
2728 1069 2970 1126 falsitate
3004 1085 3070 1126 ac
3117 1071 3330 1123 fallacia
3373 1068 3594 1134 omissa,
3673 1095 3684 1106 -

2027 1163 2094 1217 ad
2123 1163 2330 1218 ﬁrmam
2357 1173 2564 1233 petram
2599 1163 2912 1219 necessario
2947 1174 2998 1218 et
3029 1163 3352 1230 tempestive
3381 1162 3432 1214 in
3484 1161 3594 1228 pri-

2026 1252 2130 1308 mis
2171 1261 2527 1320 acurrerunt;
2578 1269 2696 1320 qut»
2746 1253 2966 1322 quidem
3012 1253 3264 1308 Christus
3308 1261 3394 1307 est
3454 1250 3595 1305 Deus

2027 1351 2232 1405 noster,
2267 1351 2324 1395 ut
2351 1351 2550 1396 nostra:
2582 1342 2862 1414 theologia:
2891 1343 3138 1397 doctrina
3189 1340 3468 1410 percallet.
3504 1339 3596 1393 Ait

2025 1433 2167 1508 enim
2205 1434 2296 1502 qui
2361 1434 2774 1503 comprehendit
2829 1445 3098 1503 quatenus
3169 1433 3594 1501 comprehensus

2027 1521 2126 1576 fuit
2151 1525 2166 1556 ¹
2194 1542 2208 1578 :
2248 1523 2524 1588 Quomodo
2555 1533 2734 1594 patres
2763 1525 2929 1578 nostri
2957 1539 3134 1578 omnes
3153 1523 3386 1576 eamdem
3420 1536 3594 1574 escam

2025 1615 2314 1684 spiritalem
2352 1617 2828 1682 manducarerunt,
2853 1627 2902 1671 et
2939 1631 3117 1670 omnes
3150 1619 3387 1668 eumdem
3415 1623 3592 1681 potant

2025 1707 2312 1776 spiritalem
2331 1708 2588 1762 biberunt.
2629 1708 2882 1763 Bibebant
2915 1707 3050 1762 enim
3104 1722 3170 1760 ea:
3223 1703 3452 1773 spiritali
3505 1720 3592 1756 se-

342 1797 676 1868 ἠπείγοντο·
711 1799 747 1869 ή
772 1797 830 1850 δέ
858 1799 1027 1860 ἐστιν,
1077 1797 1154 1862 ῶς
1186 1801 1215 1852 ὁ
1235 1799 1333 1868 τῆς
1381 1799 1504 1854 καθ’
1531 1801 1682 1870 ἡμᾶς
1735 1799 1920 1853 θεοσο-

2021 1808 2206 1870 quente
2245 1815 2332 1852 eos
2358 1794 2510 1866 petra
2537 1838 2551 1862 ,
2592 1809 2744 1868 petra
2773 1810 2949 1853 autent
2989 1809 3102 1852 erat
3135 1796 3372 1851 Christus
3393 1796 3437 1850 '.
3489 1794 3590 1860 Qui

345 1889 480 1960 φίας
513 1889 866 1955 ἐξεπίσταται
895 1889 1076 1958 λόγος,
1108 1893 1136 1944 ό
1167 1891 1404 1961 Χριστὸς
1433 1892 1527 1944 καὶ
1547 1892 1681 1955 Θεὸς
1721 1891 1877 1963 ἡμῶν
1901 1907 1917 1924 ⁸

343 1983 487 2054 φησὶ
513 1981 625 2052 γὰρ
648 1982 678 2034 ό
705 1980 1030 2035 καταλαϐὼν
1061 1982 1187 2036 ὅσον
1209 1981 1523 2054 κατελήφθη
1544 1999 1562 2014 ·
1603 1982 1700 2049 Ὧς
1731 1986 1787 2037 ol
1812 1999 1922 2036 πα-

341 2072 524 2141 τέρες
538 2071 706 2140 ήμῶν
735 2072 961 2140 πάντες
998 2074 1064 2128 τὸ
1096 2074 1246 2130 αὐτὸ
1271 2075 1485 2144 βρῶμα
1515 2073 1922 2143 πνευματικὸν

287 2176 290 2179 ·
340 2159 600 2228 ἔρανον,
647 2161 744 2214 καὶ
776 2160 1002 2228 πάντες
1023 2161 1088 2215 τὸ
1135 2163 1282 2217 αὐτὸ
1311 2167 1473 2232 πόμα
1512 2163 1920 2232 πνευματικόν

340 2250 528 2314 ἔπιον
549 2265 564 2279 ·
613 2250 829 2304 ἔπινον
854 2251 964 2322 γὰρ
995 2253 1067 2306 ἐκ
1095 2252 1503 2322 πνευματικῆς
1553 2255 1920 2309 ἀκολουθού-

339 2358 472 2408 σης
521 2342 764 2410 πέτρας,
797 2342 836 2408 ἠ
883 2341 954 2396 δὲ
987 2343 1180 2413 πέτρα
1202 2341 1281 2414 ἦν
1307 2347 1340 2398 ό
1365 2347 1642 2412 Χριστός.
1687 2347 1744 2400 Ὁ
1772 2346 1818 2400 δ’
1851 2344 1919 2400 αὖ

339 2432 764 2505 κεκαθαρμένον
791 2434 852 2488 τδ
881 2435 981 2504 τῆς
1004 2435 1180 2506 ψυχῆς
1213 2436 1368 2505 ὄμμα
1397 2437 1490 2490 καὶ
1515 2437 1735 2506 διαυγὲς
1759 2439 1919 2509 ἔχων,

351 2525 518 2581 ’.ιδοὺ
545 2527 764 2594 τίθημι,
790 2526 920 2597 ἔφη,
953 2528 1026 2582 ἐν
1061 2527 1214 2582 Σιὼν
1237 2531 1409 2582 ,λίθον
1441 2531 1918 2600 προσκόμματος,

337 2618 452 2669 καί
483 2615 711 2684 πέτραν
737 2617 1092 2687 σκανδάλου
1113 2635 1129 2651 ·
1162 2620 1258 2673 καὶ
1282 2619 1398 2684 πᾶς
1423 2624 1458 2675 ὁ
1487 2623 1790 2675 πιστεύων
1827 2623 1921 2676 ἐπ’

2023 1906 2153 1945 vero
2179 1899 2464 1959 purgatum
2496 1891 2946 1961 perlucidumque
2976 1890 3174 1944 anima:
3218 1888 3434 1943 oculum
3483 1887 3584 1940 ha-

2020 1981 2219 2036 bebat:
2257 1982 2393 2034 Ecce
2416 1997 2575 2048 pono,
2600 1981 2773 2051 inquit
2799 1981 2840 2046 ³,
2867 1983 2920 2035 in
2960 1979 3118 2036 Sione
3160 1979 3386 2046 lapidem
3427 1977 3592 2046 allen-

2019 2072 2202 2139 diculi,
2239 2083 2286 2126 et
2317 2084 2516 2140 petram
2569 2074 2852 2140 scandali;
2903 2085 2949 2127 et
2991 2073 3160 2128 omnis
3191 2073 3282 2142 qui
3323 2072 3486 2126 credit
3534 2072 3590 2125 in

2019 2165 2193 2227 illum,
2251 2181 2353 2219 non
2423 2163 2836 2234 confundetur;
2889 2165 3018 2218 illud
3090 2164 3309 2233 quidem
3369 2173 3591 2232 prepter

2018 2255 2332 2320 oﬂ'ensores,
2372 2256 2474 2312 hoc
2507 2266 2687 2312 autem
2731 2267 2954 2326 propter
3005 2257 3311 2312 credentes.
3351 2253 3419 2308 Et
3465 2253 3590 2324 qui-

2016 2349 2137 2402 dem
2173 2347 2408 2418 Moysem
2443 2363 2660 2418 quoque
2718 2349 2922 2403 scimus
2973 2347 3264 2418 aliquando
3315 2357 3467 2417 petra
3521 2361 3580 2401 se

2023 2438 2348 2500 occuluisse.
2390 2443 2591 2511 vixque
2623 2441 2772 2496 illinc
2835 2442 2916 2496 sic
2975 2439 3233 2496 latentem
3285 2439 3585 2508 posteriora

2019 2533 2113 2588 Dei
2157 2535 2433 2602 vidisse‘;
2479 2550 2542 2589 ae
2569 2533 2872 2604 symbolice
2895 2531 3126 2587 obscura
3164 2531 3278 2586 hanc
3331 2528 3588 2586 salutaris

2017 2625 2410 2680 incarnationis
2453 2625 2651 2680 indicia
2687 2625 2937 2679 edoctum
2977 2623 3163 2678 fuisse.

336 2705 510 2772 αὐτῷ
538 2709 614 2762 οὐ
673 2709 1283 2778 καταισχυνθήσεται.
1339 2711 1415 2765 Τὸ
1469 2712 1590 2782 μὲν,
1641 2711 1728 2766 διά
1785 2716 1912 2778 τοὺς
1983 2717 2540 2787 προσκεκρουκότας·
2573 2715 2636 2768 τὸ
2711 2715 2789 2780 δὲ,
2835 2713 2926 2768 sua
2951 2714 3075 2778 τοὺς
3111 2709 3544 2773 πεπιστευκότας
3572 2725 3588 2740 ο

337 2799 444 2851 καὶ
487 2798 691 2852 Μωσέα
725 2800 884 2869 ἴσμεν
909 2793 972 2872 δῆ
1021 2817 1126 2854 που
1163 2804 1230 2872 τῇ
1262 2801 1438 2873 πέτρᾳ
1472 2803 1904 2874 καλυπτόμενον,
1940 2807 2036 2859 καὶ
2086 2807 2239 2876 μόλις
2288 2806 2708 2880 προσϐλέψαντα
2771 2805 2842 2860 τά
2913 2804 3136 2858 ὀπίσθια
3176 2803 3336 2868 Θεοῦ,
3377 2799 3590 2855 ἐκεῖθεν

336 2888 896 2966 ἀποκαλυπτόμενον,
941 2895 1037 2948 καὶ
1084 2896 1257 2951 ταῦτα
1303 2898 1648 2970 συμϐολικῶς
1693 2901 1912 2974 ἀμυδρά
1946 2903 2046 2974 τῆς
2091 2904 2404 2976 οἰκονομίας
2487 2904 2586 2974 τῆς
2657 2899 2926 2974 σωτηρίου
2965 2899 3346 2970 διδασκόμενον
3376 2898 3594 2976 ἀπηχή-

343 3001 516 3056 ματα.

416 3103 527 3155 Καὶ
561 3101 726 3155 Δαόὶδ
747 3103 776 3156 ό
797 3101 940 3166 θεῖος
962 3145 976 3168 ,
1003 3102 1061 3154 ὲν
1084 3102 1260 3174 πέτρα
1289 3103 1482 3158 ἑαυτὸν
1511 3105 1642 3176 ἡμῖν
1667 3104 1912 3176 ὑψούμε-
1941 3119 1945 3146 ε

2093 3107 2256 3163 Divus
2302 3123 2518 3178 quoque
2567 3105 2734 3162 David
2773 3105 2824 3160 in
2870 3114 3022 3176 petra
3077 3118 3137 3158 se
3206 3101 3383 3172 ipsum
3437 3098 3592 3152 nobis

343 3213 436 3249 νον
466 3193 824 3266 εἱσκεκόμικε
849 3210 864 3225 ·
918 3197 1016 3248 καὶ
1046 3195 1184 3250 ἀλλα
1220 3196 1362 3250 ἄττα
1414 3197 1550 3266 πρὸς
1594 3198 1702 3250 τῶν
1754 3197 1920 3268 ἱερῶν

343 3288 564 3357 Δογίων
611 3287 1026 3358 ὲκπεφασμένα,
1082 3287 1178 3342 καὶ
1235 3287 1516 3358 μυστικῶς
1569 3289 1669 3357 τὴν
1709 3288 1919 3358 πέτραν

341 3375 552 3446 ταύτην
573 3376 704 3446 ἡμῖν
731 3376 1100 3444 ὑποφαίνοντα
1150 3376 1584 3448 πεπαιδεύμεθα,
1613 3372 1682 3450 ἦς
1725 3377 1790 3449 δὴ
1823 3379 1922 3441 τὰς

346 3467 588 3537 σῃσμάς
617 3467 710 3520 καὶ
739 3467 840 3532 τὰς
873 3466 1124 3537 τριὶιγλας
1153 3467 1478 3530 είσδύονται,
1509 3471 1557 3522 οἱ
1585 3467 1722 3540 πρὸς
1751 3469 1921 3540 αὐτὴν

344 3559 787 3628 καταφεύγοντες
809 3575 823 3590 ·
851 3559 1074 3624 ἅστινας
1101 3559 1164 3630 δὴ
1214 3560 1416 3622 ταύτας
1445 3559 1820 3628 ύποληπτέον;
1853 3559 1922 3612 τά

343 3665 401 3701 τε
433 3649 536 3718 τῆς
559 3648 840 3717 θεολογίας
865 3649 1047 3718 ὑψηλά
1073 3651 1168 3704 και⁵
1186 3650 1498 3722 ἀπόρῤητα,
1537 3653 1629 3704 καὶ
1657 3651 1755 3720 τῆς
1783 3651 1924 3706 κατὰ

343 3741 586 3812 Χριστὸν
604 3739 918 3812 οἰκονομίας
944 3739 1014 3794 τά
1039 3740 1295 3794 ἐνδότατα
1327 3741 1421 3794 καὶ
1449 3742 1922 3813 ἀποκεκρυμμένα

345 3833 665 3904 μυστήρια·
703 3833 788 3885 ὅτι
819 3835 878 3885 ὲν
927 3831 1076 3902 αὐτῷ
1132 3833 1334 3896 πάντες
1392 3835 1443 3886 οἱ
1499 3833 1766 3905 θησαυροὶ
1818 3836 1922 3904 τῆς

341 3925 603 3992 γνώσεως
629 3924 724 3978 καὶ
753 3925 854 3993 τῆς
895 3922 1086 3994 σοφίας
1131 3923 1440 3995 ἀπόκρυφοι
1469 3942 1484 3957 ·
1519 3925 1557 3980 ἆ
1591 3925 1784 3995 πρῶτα
1819 3926 1922 3992 μὲν

339 4015 569 4087 ἐμφανῆ
625 4018 738 4080 τοῖς
773 4014 869 4068 ἀπ’
917 4017 1094 4087 ἀρχῆς
1139 4015 1440 4076 αύτόπταις
1469 4015 1562 4068 καὶ
1617 4016 1922 4087 ὑπηρέταις

337 4107 433 4160 τοῦ
485 4106 655 4175 λόγου
710 4107 1038 4179 καθέστηκε,
1087 4106 1156 4160 δι’
1187 4107 1366 4160 αὐτῶν
1411 4106 1468 4160 δὲ
1499 4107 1594 4160 καὶ
1616 4109 1769 4178 ἡμῖν,
1798 4106 1924 4162 καθ’

335 4199 466 4254 ὅσον
500 4197 746 4266 ἐφικτὸν,
784 4200 899 4260 τοῖς
931 4198 1227 4268 μετέπειτα
1262 4197 1669 4252 ἐκκαλύπτεται
1700 4199 1794 4252 καὶ
1834 4215 1922 4252 σο-

339 4293 458 4362 φῶς
503 4290 860 4360 ὑπανοίγεται
887 4307 902 4324 ·
937 4291 1178 4362 ὁπηνίκα
1223 4290 1332 4344 τῶν
1361 4291 1534 4344 ταῦτα
1557 4291 1919 4360 εὐαγγελιζοο

344 4389 556 4460 μένων,
585 4386 615 4436 ὁ
647 4385 746 4455 μὲν
775 4383 871 4454 τῆς
901 4383 1130 4455 βροντῆς
1155 4383 1268 4447 υίὸς
1296 4383 1503 4439 ἀνωθεν
1524 4383 1916 4455 ὲμπνεόμενος,

339 4482 435 4534 καὶ
464 4479 605 4549 πρὸς
633 4477 704 4530 τὰ
747 4475 856 4548 ὕψη
885 4477 986 4547 τῆς
1016 4475 1250 4546 θεωρίας
1279 4477 1372 4530 τὸν
1409 4476 1793 4549 καθαρώτατον
1823 4479 1920 4532 καὶ⁸

2021 3199 2218 3252 obtulit
2265 3200 2614 3254 sublimatum
2641 3199 2685 3254 ⁵.
2734 3197 2854 3251 Alia
2903 3195 3137 3264 denique
3193 3189 3498 3259 huiusmodi
3539 3189 3590 3240 in

2023 3290 2222 3344 divinis
2251 3291 2559 3361 Scripturis
2590 3291 2758 3344 relata
2783 3287 3010 3358 mystice
3037 3285 3180 3339 hanc
3209 3292 3418 3352 petram
3437 3280 3593 3334 nobis

2023 3383 2399 3437 demonstrant
2421 3399 2436 3448 ;
2461 3382 2619 3450 cujus
2640 3383 2912 3437 scissuras
2940 3389 3100 3448 atque
3121 3390 3382 3430 cavernas
3413 3373 3591 3442 ingre-

2022 3473 2245 3526 diuntur
2271 3473 2305 3527 ii
2339 3473 2428 3540 qui
2469 3473 2536 3526 ad
2569 3471 2738 3541 ipsam
2775 3467 3109 3536 confugiunt.
3140 3463 3396 3530 Quantam
3432 3475 3592 3528 p0l'l0

2023 3564 2106 3618 hae
2148 3573 2280 3619 sunt
2330 3562 2750 3618 existimanda?
2779 3559 2981 3628 Nempe
3033 3555 3315 3624 theologiac
3342 3544 3593 3606 sublimi-

2025 3665 2162 3711 tates
2187 3667 2242 3712 et
2277 3671 2496 3719 arcana,
2530 3664 2582 3710 et
2615 3654 2816 3709 Christi
2869 3647 3263 3706 incarnationis
3295 3642 3479 3697 intima
3527 3656 3592 3695 ac

2024 3749 2301 3802 recondita
2335 3745 2620 3818 mysteria;
2654 3746 2779 3816 quia
2815 3743 2866 3798 in
2899 3743 3016 3812 ipso
3055 3747 3181 3794 sunt
3228 3750 3416 3791 omnes
3467 3735 3591 3788 the-

2021 3841 2167 3898 sauri
2196 3841 2440 3895 scientiae
2462 3854 2526 3894 ac
2571 3837 2851 3906 sapientia:
2899 3830 3423 3911 absconditi‘;qum
3478 3843 3594 3900 my-

2021 3931 2217 3996 steria,
2246 3929 2424 3999 primo
2463 3927 2684 4000 quidem
2713 3927 3062 3980 innotuerunt
3111 3921 3244 3992 ipsis
3273 3917 3594 3988 spectatori-

2019 4023 2120 4079 bus
2150 4022 2300 4078 verbi
2356 4035 2432 4076 ac.
2471 4019 2737 4076 ministris
2771 4018 2821 4084 ";
2861 4029 2958 4087 per
3007 4015 3151 4084 ipsos
3205 4021 3386 4064 autem
3440 4007 3596 4061 nobis

2020 4129 2253 4184 quoque,
2283 4115 2551 4183 quantum
2590 4110 2708 4166 ﬁeri
2749 4116 2946 4178 potest,
2977 4104 3211 4176 posteris
3252 4102 3467 4155 illorum
3499 4112 3586 4152 re-

2020 4207 2268 4261 velantur
2311 4205 2701 4274 sapienterque
2727 4201 3068 4269 apcriuntur.
3115 4193 3399 4264 Siquidem
3429 4205 3496 4246 ex
3525 4189 3594 4243 iis

2018 4298 2112 4368 qui
2164 4297 2291 4351 talia
2343 4294 2884 4366 evangelizaverunt,
2939 4287 3164 4343 tonitrui
3195 4283 3410 4356 quidem
3454 4281 3596 4336 illius

2025 4400 2263 4457 superne
2299 4384 2624 4454 inspiratus,
2653 4393 2814 4450 atque
2846 4379 2912 4457 ad
2943 4373 3420 4444 contemplationis
3476 4371 3594 4441 api-

1951 4456 2000 4516 ι)
2027 4454 2143 4534 cent
2179 4476 2532 4548 purissimam
2583 4489 2734 4529 suam
2780 4454 3192 4528 et'defaaoatam
3229 4473 3460 4521 mentem
3505 4479 3596 4516 cx-

339 4569 681 4640 ἀκηλίδωτον
707 4567 836 4620 νοῦν
878 4566 1312 4636 ἀνανηξάμενος,
1347 4567 1442 4620 καὶ
1468 4566 1536 4620 τὰ
1578 4565 1696 4619 θεῖα
1721 4565 1923 4630 ὲνθέως

2027 4569 2244 4633 tollens,
2279 4575 2336 4622 et
2369 4566 2570 4622 divinis
2606 4565 2769 4620 rebus
2817 4561 3078 4618 divinitus
3126 4559 3393 4620 initiatus,
3450 4553 3598 4608 illinc

343 4661 676 4734 μυούμενος,
709 4657 920 4712 ἐκεῖθεν
963 4659 1094 4729 ἡμῖν
1127 4657 1227 4728 τὴν
1275 4656 1372 4710 τοῦ
1426 4657 1586 4724 λόγου
1646 4658 1782 4728 πρὸς
1830 4657 1922 4710 τὸν

2027 4659 2186 4714 nobis
2219 4655 2384 4712 Verbi
2415 4672 2540 4711 cum
2576 4655 2738 4711 Patre
2769 4669 2869 4709 suo
2905 4650 3268 4707 aternitatem
3303 4657 3598 4718 paremque

342 4755 562 4824 πατέρα
589 4750 860 4804 συναῖδιον
885 4749 980 4802 καὶ
1006 4748 1272 4818 ὁμότιμον
1303 4748 1654 4820 ἀπέστραψεν
1688 4745 1923 4816 ὓπαρξιν

2028 4750 2372 4818 maiestatem
2396 4749 2713 4804 illucescere
2742 4745 2891 4813 fecit,
2931 4745 2984 4798 in
3011 4741 3276 4814 principio
3313 4753 3432 4794 esse
3461 4737 3596 4793 Ver-

341 4846 400 4896 ὲν
431 4843 576 4911 ἀρχῇ
603 4835 745 4892 εἶναι
793 4837 884 4891 τὸν
913 4837 1107 4906 Λόγον,
1149 4837 1244 4890 καὶ
1271 4837 1410 4908 πρὸς
1467 4838 1561 4890 τὸν
1591 4838 1724 4890 Θεὸν
1753 4833 1914 4897 εἶναι,

2026 4843 2176 4909 Imm,
2199 4852 2256 4898 et
2293 4856 2418 4898 esse
2433 4843 2574 4912 apud
2610 4839 2804 4897 Deum.
2835 4847 2890 4892 et
2923 4837 3094 4890 Deum
3135 4847 3280 4898 esse,
3319 4831 3598 4886 declarans

340 4929 439 4982 καὶ
461 4927 598 4980 Θεὸν
619 4923 756 4978 εἶναι
773 4923 1078 4994 διατρανῶν
1093 4925 1186 4976 καὶ
1212 4923 1557 4980 ὲκπαιδεύων
1582 4925 1914 4996 σαφέστατα·

2027 4945 2083 4988 et
2107 4933 2550 4988 manifestissime
2583 4933 2802 4986 docens.
2840 4928 2940 4994 Qui
3012 4940 3146 4980 sane
3176 4924 3369 4979 divina:
3397 4920 3598 4976 conde-

338 5022 456 5076 όδὲ
487 5021 570 5082 είς
624 5017 693 5072 τὰ
733 5018 831 5088 τῆς
879 5016 1032 5079 θείας
1085 5017 1568 5084 ωγκαταδάσεως,
1621 5015 1743 5070 καθ’
1797 5017 1921 5070 ὅσον

2028 5023 2358 5089 srensionis,
2379 5033 2638 5092 quantum
2669 5019 2843 5090 gratia
2873 5033 2994 5072 eum
3028 5015 3352 5076 illustrahnt,
3383 5008 3600 5082 proluu-

344 5115 502 5186 σιαρά
517 5113 618 5182 τῆς
638 5111 862 5182 χάριτος
883 5109 1239 5179 ὲνελάμπετο,
1272 5109 1603 5180 ἀφικόμενος
1629 5109 1792 5182 βάθη,
1826 5109 1918 5163 τοῦ

2025 5116 2248 5170 ditatem
2277 5095 2588 5184 penetratt's,
2625 5110 2752 5166 Jestt
2778 5107 2980 5165 Christi
3006 5106 3415 5176 generationem
3441 5103 3598 5171 digne

340 5208 521 5277 Ἰησοῦ
540 5204 778 5277 Χριστοῦ
797 5203 894 5271 τὴν
915 5204 1169 5274 γέννησιν
1185 5202 1503 5274 θεοπρεπῶς
1525 5203 1715 5274 ὣσπερ
1729 5199 1796 5275 ἦν
1813 5206 1894 5258 εἰσ
1907 5231 1923 5243 ο

2036 5206 2194 5276 201
2233 5205 2363 5269 Deo,
2391 5213 2549 5274 prout
2569 5217 2758 5270 reapse
2777 5210 2916 5266 erat,
2938 5198 3230 5255 enarravit.
3261 5195 3459 5264 Utique
3487 5192 3599 5244 lucc

336 5302 592 5372 ηγήσατο
609 5314 622 5326 ·
647 5293 757 5350 εἶεν
772 5297 818 5349 δ’
839 5297 906 5351 ἂν
926 5295 1119 5359 ταῦτα,
1137 5295 1282 5348 εἴποι
1297 5313 1382 5358 τις
1399 5296 1485 5362 ἂν,
1514 5296 1611 5348 καὶ
1631 5296 1750 5348 λίαν
1776 5295 1927 5367 ὀρθό-

2026 5310 2175 5362 Sttnt,
2208 5298 2348 5352 dicet
2369 5296 2586 5364 aliquis,
2606 5294 2760 5349 valde
2789 5303 2952 5355 tecta,
2975 5291 3028 5346 in
3059 5307 3178 5360 qum
3217 5283 3604 5342 desiderabant

337 5406 506 5452 τατα,
539 5389 618 5450 είς
662 5387 698 5440 ἃ
731 5387 1038 5458 ἐπεθύμουν
1070 5385 1396 5457 παρακύψαι
1431 5387 1524 5438 καὶ
1553 5385 1796 5454 ἄγγελοι,
1847 5385 1922 5448 ὡς

2023 5390 2188 5442 etiam
2214 5389 2388 5456 angeli
2427 5388 2764 5458 proSpicere,
2798 5395 2986 5454 utpote
3029 5383 3157 5436 olitn
3211 5379 3342 5448 ipsis
3388 5388 3600 5442 quoque

339 5483 474 5536 ποτε
530 5481 628 5535 καὶ
659 5481 842 5543 αὑτοῖς
885 5477 1360 5550 ἀποκεκρυμμένα
1409 5477 1502 5531 καὶ
1529 5477 1728 5542 ἄϐατα,
1781 5479 1924 5530 κατὰ

2030 5481 2341 5535 abscondita
2411 5489 2576 5548 atque
2645 5479 2928 5549 impervia,
2993 5478 3085 5530 sed
3140 5473 3336 5527 idoneo
3383 5468 3599 5521 demunt

1701 5653 1855 5712 Rom.
1887 5657 1945 5712 IS

2021 5658 2095 5714 53.
2205 5655 2225 5686 ⁸
2263 5653 2436 5710 Exod.
2478 5669 2669 5718 sunt,
2702 5660 2791 5713 :22.
2913 5656 2935 5686 ⁸
2971 5650 3115 5705 ιιδαι.
3153 5664 3307 5713 nu,
3334 5649 3394 5716 6;
3430 5650 3597 5715 1.x,5.

411 5663 430 5740 ξ
472 5657 824 5740 Ρίιίιίιιῐι.ιιι,
857 5657 947 5740 1-9ἒ
1052 5657 1072 5686 ⁹
1113 5655 1131 5710 l
1167 5654 1293 5740 Cor.
1324 5671 1376 5724 ι,
1409 5656 1464 5710 5.
1569 5657 1589 5686 ³
1701 5653 1855 5712 Rom.
1887 5657 1945 5712 lS

2021 5658 2095 5714 53.
2205 5655 2225 5686 ⁸
2263 5653 2436 5710 Exod.
2478 5669 2669 5718 sunt,
2702 5660 2791 5713 :23.

333 5731 358 5765 ⁸
391 5729 610 5788 Celess.
643 5727 701 5795 ll,
739 5729 790 5782 ἰν.
868 5731 886 5758 ⁷
933 5728 1058 5784 Luc.
1093 5743 1140 5792 ι,
1171 5727 1228 5780 2.
