4054 6204
331 221 444 284 673

1191 216 1754 294 APOLOGETICUS
1789 215 1938 278 PRO
1975 219 2239 280 SACRIS
2278 220 2756 284 IMAGINIBUS.

3475 228 3578 291 674

339 336 524 404 μένως
555 331 828 402 σύνδρομα
850 329 1096 401 δέχονται
1148 331 1242 385 καὶ
1269 331 1377 384 τῶν
1407 331 1675 402 σωμάτων
1709 333 1756 385 oi
1813 333 1915 386 κά-

2025 334 2131 386 nml
2167 334 2500 420 recipiebant
2527 349 2816 406 corporum
2841 349 3054 406 quoque
3087 339 3464 408 agrotantium
3492 357 3582 395 sa-

341 440 571 496 μνοντες
600 422 668 476 τὰ
697 423 900 492 ίάματα
922 461 936 486 ,
956 419 1120 492 ἡνίκα
1149 419 1216 474 τὰ
1241 420 1454 490 μεγάλα
1483 424 1665 475 ἐκεῖνα
1699 421 1796 476 καὶ
1825 439 1918 475 πο-

340 515 530 586 λυειδῆ
577 513 978 583 ἐτελεσιούργει
1007 513 1292 584 τεράστια·
1333 512 1552 582 τυφλοῖς
1583 514 1680 584 μὲν
1717 515 1826 585 γὰρ
1858 512 1919 567 τὸ

341 606 564 678 βλέπειν
592 604 974 678 τερατουργῶν
1007 605 1320 677 ἐχαρίζετο,
1353 606 1574 676 λεπροῖς
1603 607 1660 659 δὲ
1686 607 1911 678 ἐνήργει

339 699 439 766 τὴν
477 697 786 768 κᾶθαρσιν,
829 695 1020 764 χωλοῖς
1061 694 1160 758 τάς
1215 695 1402 764 βάσεις
1443 695 1764 767 ἐπηνώρθου
1821 697 1917 751 καὶ

341 787 750 860 κατερρώννυεο
789 787 916 850 τοὺς
946 787 1312 863 παρειμένους
1343 789 1437 842 καὶ
1475 787 1918 860 κατεσκληκότας

339 883 406 936 τὰ
427 881 588 951 μέλη,
617 878 835 950 ἀρτίους
861 881 954 932 καὶ
969 878 1247 942 εὐσταλεῖς
1269 881 1580 951 γινομένους
1609 881 1880 950 ἀπέφαινε
1901 898 1916 913 ο

338 971 912 1044 δαιμόνωνλὲπιτιμῶν
940 972 1010 1024 τὰ
1035 973 1198 1041 στίφη
1226 973 1529 1042 ἀπήλαυνε,
1556 975 1651 1027 καὶ
1676 975 1802 1038 τοὺς
1826 973 1918 1027 ὑπ’

340 1065 528 1121 αὐτῶν
557 1063 915 1134 ὀχλουμένους
941 1101 956 1126 ,
985 1066 1086 1134 τῆς
1117 1064 1316 1146 ἀγρίας
1349 1054 1540 1133 ἐφόδου
1573 1063 1882 1136 ἀπήλλαττε
1901 1079 1916 1095 ⁸

341 1156 439 1210 καὶ
467 1155 648 1216 ἄλλοις
687 1153 821 1208 ἄλλα
851 1151 1066 1206 νοτοῦσι
1096 1152 1193 1223 τὴν
1236 1153 1428 1224 ῥώμην
1473 1155 1794 1224 παρείχετο,
1824 1155 1920 1208 καὶ

346 1245 690 1316 ἁπαξαπλῶς
732 1245 914 1298 πᾶσαν
963 1243 1117 1296 νόσον
1160 1244 1254 1297 καὶ
1300 1246 1478 1298 πᾶσαν
1526 1245 1799 1314 μαλακίαν
1845 1243 1920 1308 ὡς

333 1338 488 1400 ’Θεὸς
521 1333 866 1406 ὑπεράγαθος
891 1331 951 1384 τὸ
971 1333 1173 1384 οἰκεῖον
1198 1332 1582 1404 κατοικτείρων
1605 1332 1836 1402 ποίημα,
1862 1333 1920 1384 ἐν

346 1429 431 1499 τῷ
461 1427 575 1498 λαῴ
609 1420 928 1498 θεραπεύων
956 1423 1209 1504 διετέλει⁸
1241 1423 1338 1476 καὶ
1371 1423 1787 1493 ἁμαρτημάτων
1808 1461 1824 1485 ,
1859 1421 1922 1476 τὸ

344 1520 540 1589 μεῖζον
572 1515 668 1568 καὶ
718 1511 1046 1582 τελεώτερον
1108 1511 1226 1582 (καὶ
1265 1511 1374 1580 γὰρ
1420 1509 1506 1562 ἐπ’
1561 1509 1809 1574 ἐξουσίας
1852 1505 1921 1580 ἦν

341 1609 498 1680 αὐτῷ
570 1607 680 1660 τῶν
738 1603 1144 1675 ἡμαρτημένων
1205 1600 1514 1672 ἀνθρώποις
1563 1602 1598 1674 ὴ
1659 1603 1853 1671 ἄφεσις
1873 1601 1916 1668 ),

336 1678 1226 1772 τὴνἡέλευθερίανδωρούμενοςο
1275 1693 1447 1758 οὕτως
1495 1695 1545 1748 oi
1585 1693 1676 1747 τοῦ
1711 1694 1918 1763 λυτρω-
1953 1678 1992 1733 Β

332 1791 445 1846 τοῦ
501 1791 599 1842 καὶ
671 1787 923 1858 Σωτῆρος
993 1785 1150 1859 ﬁt).th
1207 1784 1479 1856 μαθηταὶ,
1540 1785 1776 1858 μιμηταὶ
1820 1785 1920 1855 τῆς

341 1881 560 1952 ἀφάτου
612 1877 778 1934 αὐτοῦ
841 1875 1251 1947 φιλανθρωπίας
1297 1876 1611 1945 γενόμενοι,
1655 1877 1778 1928 ἐπεὶ
1820 1875 1922 1944 τὴν

339 1972 561 2042 δωρεὰν
587 1968 683 2022 τοῦ
715 1967 1034 2038 Πνεύματος
1063 1967 1314 2030 ἐδέξαντο
1340 1967 1776 2062 θαυματουργεῖν
1813 1985 1921 2024 πα·
1947 1981 1955 2008 ι

343 2065 648 2134 ραπλήσια,
681 2060 774 2113 τὸν
823 2059 962 2131 πρὸς
1007 2061 1071 2128 τῇ
1114 2057 1293 2130 ὡραία
1330 2057 1424 2112 τοῦ
1439 2057 1610 2130 Ἱεροῦ
1647 2075 1923 2130 προσαγο-

343 2154 623 2229 ρευομένῃ
659 2152 801 2222 πύλῃ
836 2149 1267 2223 προσεδρεύοντα
1295 2149 1470 2219 χωλὸν
1495 2135 1740 2202 τελοῦσιν
1767 2149 1922 2222 ἀρτί-

340 2245 508 2298 ποδα·
537 2243 626 2297 ἵνα
654 2235 748 2296 καὶ
770 2241 856 2294 ἐπ’
885 2238 1032 2310 αὐτῷ
1061 2239 1126 2310 δὴ
1151 2239 1326 2310 τούτῳ
1355 2239 1417 2293 τδ
1440 2241 1922 2311 προφητευόμενον

339 2335 758 2406 ὲκπεραίνοιτο,
803 2331 1153 2394 Ἐεαλεῖται,
1214 2334 1462 2401 φάσκων,
1497 2332 1577 2395 ὡς
1626 2333 1852 2400 ἔλαφος
1888 2333 1922 2386 ό

325 2427 569 2497 χωλός.
600 2425 710 2478 Καὶ
737 2423 906 2478 τᾶλλα
946 2410 1124 2476 πάντα
1149 2422 1237 2477 διὰ
1275 2423 1375 2493 τῆς
1409 2421 1738 2494 ἐνεργούσης
1765 2423 1924 2491 χάρι-

335 2535 438 2580 τος
463 2515 749 2570 ἐπετέλουν
770 2511 827 2566 ἐν
853 2511 932 2582 τῷ
954 2511 1068 2582 λαῷ
1090 2511 1370 2584 θαυμάσια
1398 2507 1507 2580 οἷα,
1537 2511 1636 2566 καὶ
1661 2511 1796 2584 πρὸς
1819 2511 1921 2582 τὴν

335 2603 610 2676 ἀληθινὴν
635 2603 835 2672 γνῶσιν
867 2602 1222 2672 ἐπέστρεφον.

431 2696 594 2750 Ἀλλά
627 2697 736 2758 τοῖς
773 2693 871 2764 μὲν
900 2693 1178 2747 εύπειθέσι
1207 2708 1265 2744 τε
1297 2691 1391 2746 καὶ
1433 2689 1804 2763 εύγνὼμοσιν,
1832 2690 1924 2744 οὖ-

333 2807 455 2854 τως
496 2787 706 2842 ἀνωθεν
736 2785 806 2839 τὰ
831 2787 929 2854 τῆς
973 2783 1289 2851 ἐλευθερίας
1331 2782 1678 2860 παρεσχέθηῂ
1722 2785 1836 2846 τοῖς
1867 2783 1924 2836 δέ

337 2876 728 2946 ἀπειθοῦσι-τῇ
779 2873 1026 2944 ἀληθείᾳ,
1070 2873 1124 2926 τί
1174 2871 1374 2926 ἔδωκεν
1419 2874 1448 2924 ὀ
1481 2871 1648 2939 Θεόςς
1696 2869 1924 2942 Πνεῦμα

337 2965 729 3029 κατανύξεως,
780 2962 1097 3032 ὀφθαλμοὺς
1128 2960 1222 3014 τοῦ
1268 2963 1344 3031 μὴ
1387 2959 1605 3030 βλέπειν
1621 2961 1646 3025 ,’
1682 2963 1778 3014 καὶ.
1809 2956 1922 3014 ὦτα

337 3059 442 3114 τοῦ
475 3059 552 3129 μὴ
579 3055 818 3110 ἀκούειν.
863 3053 1081 3124 Ἐπειδὴ
1114 3052 1439 3116 ἀπεναντίας
1470 3052 1698 3116 ἐκείνοις
1731 3054 1789 3105 ἐν
1814 3053 1921 3106 ιτα-

341 3168 434 3204 σιν
471 3145 658 3221 ἦλθον.
707 3147 869 3216 ’Λκοῇ
901 3145 1008 3216 γὰρ
1043 3145 1283 3215 ἤκουσαν
1305 3143 1405 3195 καὶ
1437 3143 1498 3194 ού
1531 3141 1798 3213 συνῆκαν,
1825 3143 1924 3197 καὶ

343 3243 642 3313 βλέποντες
675 3237 905 3305 ἔϐλεψαν
945 3230 1041 3289 καὶ
1080 3235 1180 3288 οὐκ
1222 3229 1390 3288 εἶδον
1423 3233 1700 3302 ἐπαχύνθη
1739 3233 1848 3306 γὰρ
1889 3234 1924 3305 ἡ

339 3332 550 3403 καρδία
595 3329 797 3396 αὐτῶν,
839 3327 936 3381 καὶ
973 3328 1085 3389 τοίς
1123 3324 1230 3378 ὠσὶ
1276 3323 1489 3395 βαρέως
1536 3325 1797 3394 ἥκουσαν,
1829 3325 1925 3379 καὶ

342 3428 478 3488 τοὺς
531 3421 847 3493 ὀφθαλμοὺς
897 3419 1078 3472 αὐτῶν
1137 3417 1491 3487 ἐκάμμυσαν.
1553 3415 1761 3485 Καιροῦ
1814 3414 1927 3486 γὰρ

345 3515 702 3584 ἐνεστηκότος
730 3511 854 3566 καθ’
885 3511 944 3564 ὃν
982 3510 1044 3563 τὸ
1079 3508 1275 3580 ψεῦδος
1303 3505 1591 3572 ἐπέλασεν,
1625 3507 1674 3558 οἱ
1702 3505 1764 3558 τὸ
1794 3505 1925 3576 πρὶν

345 3609 426 3676 τῷ
455 3607 598 3676 φωτὶ
627 3607 724 3675 τῆς
758 3600 1016 3673 ἀληθείας
1053 3597 1520 3671 κατηὺγασμένοι,
1553 3595 1770 3656 ἑκόντες
1799 3597 1926 3659 τοὺς

343 3699 448 3768 τῆς
472 3695 714 3758 διανοίας
739 3691 1054 3762 ὀφθαλμοὺς
1075 3688 1569 3758 ἀπετυφλώθησαν,
1598 3688 1692 3740 καὶ
1717 3687 1786 3741 τά
1810 3681 1925 3741 ὦτα

345 3789 446 3859 τῆς
475 3787 707 3857 καρδίας
736 3782 1082 3853 ἀπέφραξαν,
1107 3781 1202 3834 καὶ
1235 3784 1371 3852 πρὸς
1398 3778 1496 3849 τὴν
1523 3779 1802 3850 ἐνέργειαν
1827 3777 1927 3850 τῆς

347 3880 563 3950 πλάνης
591 3874 1138 3948 προσκεχωρήκασιν,
1167 3871 1244 3934 ὡς
1277 3871 1398 3942 μηδ’
1424 3871 1604 3924 αὐτῶν
1658 3869 1768 3922 τῶν
1795 3886 1925 3940 προ-

346 3971 492 4042 φανῆ
551 3966 648 4020 καὶ
703 3961 1202 4034 δεδημοσιευμένην
1251 3961 1484 4031 ἐχόντων
1533 3959 1636 4028 τὴν
1685 3958 1926 4012 διάνοιαν

345 4055 712 4134 προφητικῶν
739 4055 954 4122 λογίων,
983 4052 1206 4106 ἀκούειν
1236 4049 1526 4121 ἀνέχεσθαι
1547 4067 1560 4080 ·
1596 4049 1650 4101 τί
1681 4049 1790 4118 γὰρ
1817 4046 1926 4102 τῶν

347 4151 630 4224 ῥηθέντων
659 4147 691 4217 ἢ
722 4145 1107 4219 ῥηθησομένων
1138 4143 1470 4213 σαφέστερον
1499 4141 1532 4211 ἢ
1565 4139 1923 4208 λευκότερον;

345 4245 464 4314 εχει
494 4241 608 4310 γὰρ
637 4235 761 4293 ὧδεο
791 4237 935 4293 Τάδε
963 4235 1126 4305 λέγει
1158 4237 1372 4301 Κιτροις
1402 4236 1435 4287 ὀ
1465 4231 1609 4297 Θεὸς
1647 4227 1922 4298 Ἰσραήλ·

347 4332 454 4385 Ἐγ
473 4327 550 4396 τῇ
582 4327 769 4396 ἡμέρᾳ
799 4326 1000 4392 ἐκείνῃ
1029 4321 1328 4387 πεποιθὼς
1359 4321 1531 4374 ἔσται
1563 4323 1596 4374 d
1619 4318 1928 4387 ἄνθρωπος
1958 4351 2001 4406 D

343 4421 447 4473 ἐπὶ
477 4420 590 4473 τὸν
616 4416 954 4485 ποιήσαντα
981 4415 1198 4468 αὐτόν’
1235 4415 1288 4466 οι
1316 4411 1382 4466 δὲ
1408 4409 1705 4480 ὀφθαλμοὶ
1737 4407 1925 4461 αὐτοῦ

341 4509 448 4561 ἐπὶ
482 4507 592 4560 τὸν
616 4504 784 4573 tirio»
815 4502 921 4558 τοῦ
972 4501 1224 4570 Ἰσραὴλ
1263 4499 1662 4568 ἐμϐλέψονται
1683 4513 1696 4528 ο
1727 4496 1822 4550 καὶ
1853 4497 1924 4549 οὐ

348 4600 434 4666 μὴ
456 4597 813 4659 πεποιθότες
837 4590 991 4650 ὦσιν
1012 4591 1210 4648 οὐκέτι
1232 4592 1328 4646 ἐπὶ
1358 4591 1499 4656 τοὺς
1522 4585 1928 4656 ἀδικήσαντας

347 4687 598 4752 αὐτοὺς,
626 4685 772 4740 οὐδὲ
787 4687 886 4740 ἐπὶ
915 4685 1038 4752 τοῖς
1047 4683 1296 4753 βωμοῖς,
1315 4681 1456 4738 οὐδὲ
1475 4682 1574 4736 ἐπὶ
1596 4680 1718 4746 τοῖς
1732 4681 1928 4748 ἔργοις

349 4777 473 4832 τῶν
501 4776 716 4846 χειρῶν
742 4775 963 4841 αὐτῶν,
997 4775 1034 4828 d
1071 4775 1370 4842 ἐποίησαν
1399 4775 1454 4826 οἱ
1487 4771 1776 4825 δάκτυλοι
1815 4771 1924 4824 ai!-

348 4868 488 4923 τῶν·
527 4867 666 4923 ἀλλ’
694 4868 940 4923 ἔσονται
972 4868 1326 4930 πεποιθότες
1356 4865 1455 4919 ἐπὶ
1482 4865 1590 4918 τὸν
1613 4863 1788 4933 ἅγιον
1814 4861 1922 4917 τοῦ

363 4959 629 5028 Ἰσραὴλ,
659 4959 758 5012 καὶ
779 4958 1071 5027 κόψονται
1099 4959 1170 5012 τὰ
1195 4956 1415 5024 δένδρα
1441 4955 1538 5010 καὶ
1566 4955 1638 5008 τὰ
1664 4954 1924 5022 £63.16?-

343 5066 508 5120 ματα
541 5047 760 5104 αὐτῶν.
793 5051 856 5104 Εἰ
881 5050 974 5104 οὖν
1007 5051 1066 5103 τὸ
1097 5049 1320 5102 ὀπτικδν
1351 5049 1449 5120 τῆς
1480 5047 1719 5110 διανοίας
1745 5045 1924 5100 αὐτῶν

354 5143 432 5211 μὴ
463 5141 646 5212 πάντη
680 5141 1027 5214 ἐπεπήρωτο,
1054 5141 1149 5195 καὶ
1176 5141 1234 5195 τὸ
1258 5141 1355 5212 τῆς
1377 5139 1545 5207 ἀκοῆς
1574 5139 1926 5210 αἰσθητήριον

355 5234 433 5301 μὴ
463 5231 589 5284 λίαν
630 5233 1000 5297 ἀπεδέδυστο,
1039 5233 1302 5303 ἐλέγομεν
1330 5233 1394 5285 ἂν
1423 5231 1560 5302 πρὸς
1589 5229 1813 5294 αὐτοὺς,
1845 5229 1927 5282 ὅτι

349 5323 736 5394 Βὶέψατε.,καὶ
772 5323 1043 5379 ἀκούσατε
1089 5323 1187 5378 καὶ
1237 5323 1532 5394 προσέχετε
1564 5324 1632 5391 τῇ
1667 5319 1926 5391 ἀληθείᾳ,

349 5414 446 5468 καὶ
473 5417 594 5478 τοῖς
623 5415 827 5483 λογίοις
871 5417 981 5479 τοῖς
1009 5411 1385 5476 θεοπνεύστοις
1432 5411 1507 5482 μὴ
1553 5410 1888 5482 ἀπειθήσητε
1909 5425 1924 5440 ο

348 5505 446 5561 νῦν
476 5507 539 5562 δὲ
573 5507 656 5568 είς
699 5507 928 5578 ἔσχατον
973 5504 1356 5576 παραπληξίας
1394 5503 1656 5569 ἐλάσασι,
1697 5501 1752 5554 τί
1795 5517 1924 5553 ποτε

2019 423 2246 486 uitales,
2281 438 2388 492 quo
2427 434 2669 493 tempore
2711 426 2937 496 grandia
2995 425 3082 481 illa
3117 442 3182 482 ac
3224 428 3582 484 multiformia

2017 515 2344 580 operabatur
2365 515 2630 569 miracula
2663 531 2684 569 :
2715 517 2876 599 caucis
2899 519 3044 572 enim
3077 519 3247 574 visum
3279 521 3584 590 prodigiose

1987 601 2368 673 ,largiebatur,
2403 607 2632 673 leprosis
2659 609 3036 677 purgationem
3081 607 3338 676 faciebat,
3371 611 3580 664 claudis

2019 693 2180 747 bases
2236 695 2574 748 instaurabat
2637 712 2698 751 ac
2763 698 3080 764 roborabat,
3138 700 3468 772 paralyticos
3526 708 3583 754 et

2021 786 2282 841 membris
2307 787 2600 843 dissolutos
2623 789 2920 846 incolumes
2947 803 3002 846 et
3027 793 3161 848 bene
3192 795 3433 848 valentes
3463 793 3582 849 em-

2019 877 2216 944 ciebat,
2240 879 2540 934 dietttonutn
2569 883 2781 949 agmina
2807 882 3142 953 objurgandn
3167 886 3416 955 pellebat,
3439 898 3492 940 et
3515 887 3582 942 ab

2019 967 2208 1022 borum
2240 984 2380 1024 sazva
2413 971 2724 1027 incursione
2745 975 3000 1029 obsessos
3031 975 3321 1039 liberabat,
3353 977 3585 1048 aliisque

2017 1060 2176 1114 aliter
2207 1061 2577 1116 laborantibus
2599 1064 2840 1133 vigorem
2868 1065 3111 1130 indebat,
3135 1073 3190 1118 et
3221 1068 3447 1121 omnino
3471 1083 3588 1120 ont-

2021 1167 2142 1206 nem
2181 1154 2429 1208 morbum
2465 1169 2790 1226 ournemque
2821 1156 3158 1226 languorem,
3190 1159 3266 1212 uti
3316 1158 3459 1212 Dens
3488 1160 3587 1214 be-

2021 1243 2397 1311 nignissimus,
2429 1246 2520 1314 qui
2547 1262 2658 1301 sum
2691 1257 2952 1302 creatura!
2979 1249 3289 1312 miseretur,
3312 1249 3366 1302 in
3389 1249 3588 1318 populo

2019 1335 2296 1391 medicans
2341 1339 2678 1394 versabatur.
2733 1339 3084 1400 Peccatouum
3134 1342 3388 1410 denique,
3443 1341 3587 1410 quod

2021 1424 2194 1492 majus
2228 1425 2631 1496 perfectiusque
2674 1443 2811 1496 opus
2841 1439 2924 1483 est
2956 1431 3224 1497 (namque
3253 1431 3305 1484 iu
3351 1431 3466 1496 ejus
3491 1445 3588 1500 po~

2018 1521 2216 1567 testate
2243 1523 2322 1568 est
2359 1527 2577 1583 peccata
2619 1517 2938 1572 bmninibus
2990 1518 3362 1586 candonare),
3397 1519 3588 1574 remis-

2020 1605 2224 1658 sionem
2275 1604 2533 1674 largiens.
2586 1607 2680 1662 Sic
2718 1607 3100 1678 Redemptoris
3159 1625 3224 1662 ac
3279 1609 3587 1664 Servatoris

2021 1695 2188 1748 nostri
2217 1696 2490 1764 discipuli,
2528 1699 2832 1754 imitatores
2856 1697 2985 1754 faeti
3017 1699 3310 1756 ineﬂ'abilis
3337 1700 3456 1770 ejus
3488 1705 3585 1757 be-

2022 1785 2319 1852 nignitatis,
2356 1799 2639 1856 postquam
2693 1787 2952 1859 Spiritus
2982 1792 3183 1844 donum
3242 1803 3584 1862 receperunt,

2020 1873 2217 1928 similia
2259 1875 2522 1930 miracula
2557 1880 2925 1948 perpetrandi,
2959 1881 3110 1935 illum
3134 1882 3200 1934 ad
3251 1884 3584 1950 speciosam,

2021 1962 2098 2016 uti
2127 1965 2440 2031 vocabatur,
2471 1967 2653 2036 templi
2693 1979 2902 2037 portam
2952 1969 3284 2024 residentem
3333 1971 3586 2028 claudum

2023 2055 2172 2109 sanis
2201 2055 2430 2124 pedibus
2457 2056 2787 2125 effecerunt;
2821 2068 2878 2112 nt
2909 2059 2960 2112 in
2989 2059 3090 2114 hoc
3118 2061 3236 2130 ipso
3271 2065 3585 2120 vaticinium

2021 2145 2247 2200 haberet
2275 2148 2506 2212 exitum,
2527 2150 2669 2218 quod
2694 2151 2771 2204 ait
2796 2167 2809 2204 :
2837 2147 3025 2218 Saliet,
3051 2152 3188 2206 sicut
3205 2170 3410 2218 cervus.
3435 2157 3588 2211 clau-

2020 2237 2120 2292 dus
2147 2237 2212 2291 ι’.
2243 2239 2470 2306 Aliaque
2507 2241 2689 2294 omnia
2722 2255 2820 2311 per
2841 2237 3156 2310 operantem
3187 2247 3241 2299 in
3267 2260 3327 2300 se
3355 2247 3587 2316 gratiam

2021 2325 2320 2383 efﬁciebant
2367 2331 2420 2382 in
2457 2331 2655 2400 populo
2689 2340 2970 2400 tantopere
3025 2333 3184 2401 mira,
3227 2344 3286 2391 ut
3320 2339 3466 2394 hunc
3519 2338 3590 2395 ad

2021 2432 2205 2472 veram
2239 2419 2538 2475 doctrinam
2563 2431 2964 2479 converterent.

2095 2683 2212 2737 Jam
2245 2697 2376 2738 vero
2393 2683 2660 2740 docilibus
2688 2686 2907 2754 quidem
2931 2695 2986 2762 et
3011 2689 3163 2744 boum
3184 2689 3478 2748 voluntatis
3502 2693 3594 2750 lto-

2027 2775 2262 2829 minibus
2299 2777 2371 2828 ita
2396 2790 2628 2844 superne
2653 2775 2878 2832 libertas
2905 2779 3148 2834 exhibita
3183 2780 3309 2837 fuit.
3335 2782 3592 2840 lncredu—

2027 2864 2094 2920 lis
2121 2875 2303 2919 autem
2337 2865 2600 2920 adversus
2646 2867 2930 2921 veritatem
2973 2870 3102 2938 quid
3138 2871 3282 2928 Deus
3326 2863 3594 2931 contulit?

2027 2956 2278 3034 spiritum
2311 2957 2764 3027 compunc’tionis,
2825 2959 3014 3016 oculos
3043 2971 3102 3016 ut
3153 2977 3258 3018 non
3317 2964 3588 3034 viderent,

2024 3030 2186 3102 aures
2205 3056 2262 3102 ut
2296 3063 2399 3102 non
2421 3049 2671 3102 audirent
2697 3049 2841 3104 ⁸⁰ο²¹.
2870 3047 3004 3104 Nam
3041 3064 3228 3108 contra
3247 3069 3440 3124 sensus
3466 3072 3594 3114 suos

2025 3153 2238 3209 semper
2259 3148 2510 3210 egerunt.
2543 3141 2741 3194 Auditu
2777 3141 2922 3195 enim
2947 3144 3256 3210 audierunt,
3289 3149 3415 3216 quin
3439 3149 3597 3204 intel-

2026 3230 2258 3300 ligerent
2283 3249 2299 3299 ;
2332 3232 2577 3288 videntes
2613 3234 2882 3302 viderunt,
2905 3247 2960 3291 et
2983 3237 3346 3293 nesciverunt.
3370 3238 3594 3296 Crassa-
3619 3267 3628 3288 ι

2027 3329 2138 3376 ιιιιη
2171 3331 2255 3376 est
2283 3337 2378 3375 cor
2409 3337 2622 3388 eorum,
2656 3335 2709 3379 et
2743 3327 2968 3381 auribus
3013 3329 3253 3397 graviter
3278 3330 3592 3396 audierunt,

2025 3419 2080 3466 et
2109 3411 2294 3487 oculos
2317 3428 2447 3468 suos
2471 3427 2911 3484 compresserunt
2928 3418 2996 3472 ³⁸.
3027 3417 3264 3473 Instante
3286 3421 3429 3474 enim
3455 3431 3592 3477 tem-

2027 3517 2184 3572 pore,
2216 3517 2324 3570 quo
2351 3507 2689 3560 mendacium
2723 3522 2782 3562 se
2813 3507 3067 3572 intendit,
3095 3509 3130 3563 ii
3153 3509 3246 3578 qui
3273 3520 3430 3565 antea
3453 3511 3597 3566 veri-

2031 3593 2157 3648 tatis
2182 3592 2386 3648 lumine
2413 3595 2668 3650 illustrati
2700 3596 2935 3664 fuerant,
2964 3600 3162 3654 mentis
3193 3601 3378 3657 oculos
3404 3611 3596 3672 sponte

2026 3685 2242 3754 pr0pria
2273 3685 2376 3740 sibi
2406 3696 2820 3742 excaeavernut
2841 3726 2858 3752 ,
2889 3695 2944 3742 et
2965 3690 3144 3744 cordis
3177 3705 3338 3746 aures
3385 3693 3595 3764 oppila-

2027 3785 2240 3841 verunt,
2273 3783 2330 3831 et
2362 3776 2430 3831 ad
2475 3777 2780 3831 faciendam
2831 3778 3168 3848 iniquitatem
3216 3783 3593 3852 incubuernnt,

2027 3865 2081 3920 in
2113 3873 2322 3920 tantum
2355 3876 2414 3922 ut
2445 3882 2512 3922 ne
2563 3869 2868 3938 perspicuae
2921 3871 3140 3938 quidem
3179 3882 3232 3928 et
3267 3877 3598 3944 pervulgatas

2027 3957 2313 4010 sententia:
2366 3957 2950 4026 prophetica-oracula
3013 3963 3202 4017 audire
3241 3975 3592 4033 .paterentnr.

2025 4045 2163 4100 Nam
2193 4046 2323 4115 quid
2351 4049 2679 4116 supradictis
2713 4051 2795 4105 vel
2831 4066 2952 4105 mox
2982 4053 3228 4107 dicendis
3255 4054 3595 4110 manifestius

2027 4144 2193 4204 atque
2234 4135 2546 4204 limpidius?
2571 4137 2782 4191 Etenim
2816 4139 2887 4192 ita
2915 4153 2975 4193 se
3007 4140 3208 4194 habent
3255 4139 3434 4196 :‘Htec
3467 4143 3594 4195 dicit

2025 4224 2282 4279 Dominus
2299 4225 2434 4280 Deus
2459 4225 2678 4281 Israelis
2703 4241 2722 4280 :
2745 4229 2798 4282 in
2825 4229 2908 4282 die
2937 4227 3030 4282 illa
3058 4230 3281 4298 conﬁdet
3309 4231 3461 4285 homo
3481 4229 3594 4284 Ιΐας

2028 4315 2162 4366 clari
2193 4329 2311 4378 suo,
2355 4315 2590 4384 oculique
2639 4314 2750 4385 ejus
2780 4319 2847 4369 ad
2895 4313 3148 4372 Sanctum
3180 4316 3398 4372 lsraelis
3432 4319 3599 4386 respi-

2027 4405 2182 4458 cieut.
2245 4405 2424 4478 Neque
2475 4407 2735 4476 conﬁdent
2783 4407 3004 4462 ulterius
3045 4406 3304 4464 malivolis
3334 4411 3465 4475 suis,
3502 4426 3595 4464 nc-

2026 4513 2124 4566 que
2147 4497 2277 4562 oris,
2308 4514 2472 4566 neque
2495 4499 2720 4566 api/iciis
2749 4515 3000 4552 manuum
3021 4517 3256 4563 suarum,
3279 4517 3396 4571 qua
3419 4503 3596 4572 digitis

2023 4590 2136 4643 suis
2155 4589 2419 4658 fecerunt;
2449 4593 2538 4644 sed
2574 4590 2835 4659 conﬁdent
2869 4589 3063 4646 Sancto
3082 4591 3316 4658 Isi-aclis,
3352 4606 3398 4647 et
3425 4595 3594 4648 succi-

2027 4684 2148 4734 dent
2203 4682 2348 4735 lucos
2405 4680 2568 4754 204
2611 4692 2658 4736 ct
2699 4683 3114 4737 abominationcs
3142 4682 3440 4738 illorum".
3476 4683 3591 4752 Nisi

2027 4784 2156 4840 ergo
2176 4773 2396 4827 visualis
2423 4775 2619 4828 mentis
2648 4775 2857 4828 illorum
2876 4775 2956 4828 vis
2975 4791 3058 4828 om
3069 4775 3194 4830 nino
3211 4787 3356 4832 esset
3373 4777 3588 4842 obtu’sa,

2028 4873 2081 4916 et
2113 4865 2324 4919 auditus
2358 4879 2548 4918 sensus
2583 4881 2685 4918 non
2721 4874 2863 4919 esset
2907 4861 3132 4919 adfatim
3167 4867 3464 4937 oppilatus,
3499 4869 3597 4922 uti-

2027 4967 2132 5022 que
2163 4953 2470 5007 diceremus
2499 4939 2604 5006 illis
2639 4969 2652 5004 :
2699 4951 2942 5016 Cernite,
2979 4961 3034 5005 et
3077 4953 3398 5018 auscultate,
3435 4962 3600 5024 atque

2030 5045 2293 5098 attendite
2348 5045 2582 5109 veritati,
2614 5054 2667 5099 et
2704 5043 2988 5114 inSpiratis
3035 5056 3066 5098 a
3097 5043 3208 5100 Deo
3235 5044 3472 5100 oraculis
3503 5059 3602 5100 no-

2032 5134 2126 5190 lite
2159 5136 2486 5191 discredere.
2517 5134 2671 5190 Nunc
2701 5151 2832 5190 vero
2865 5146 3110 5190 extrema
3146 5137 3366 5190 vesania
3428 5149 3610 5190 εστι-οι

2034 5228 2161 5297 ptis,
2183 5229 2309 5297 quid
2331 5228 2394 5282 iis
2411 5229 2676 5298 quispiam
2705 5228 2890 5282 dicet?
2919 5228 3024 5283 nisi
3060 5227 3190 5282 illud
3215 5229 3266 5282 in
3299 5225 3604 5296 Emitgeliis

2037 5319 2262 5374 relatum
2291 5317 2358 5381 ",
2393 5319 2534 5388 quod
2571 5319 2615 5373 si
2653 5317 2893 5390 Moysem
2925 5328 2980 5373 et
3034 5319 3331 5388 prophetas
3351 5332 3456 5370 non
3490 5330 3591 5368 au-

2033 5411 2207 5473 diunt,
2229 5425 2296 5465 ne
2317 5411 2360 5464 si
2384 5425 2413 5464 a
2435 5411 2663 5468 mortuis
2678 5411 2896 5484 quidem
2927 5419 3170 5481 resurget
3199 5407 3414 5478 aliquis,
3446 5406 3591 5466 hunc
3691 5419 3708 5499 _'

2033 5499 2269 5554 audituri
2303 5510 2452 5556 sunt.

427 5626 468 5658 "
498 5628 611 5680 lsa.
645 5639 810 5692 xxxv,
847 5626 898 5680 6.
978 5625 1086 5666 ²⁰ο²¹
1131 5622 1288 5678 llum.
1332 5637 1406 5686 xi,
1439 5620 1508 5680 8.,
1569 5621 1614 5652 ³⁸
1658 5617 1762 5676 lsa.
1807 5618 1931 5686 vr,l

2037 5619 2082 5652 ”
2120 5617 2224 5674 lsa.
2268 5633 2404 5688 xvn,
2438 5617 2492 5687 7,
2522 5619 2576 5678 8.
2655 5616 2848 5697 “'Luc
2870 5631 2982 5684 χιιι,
3015 5615 3112 5672 3!.
