4054 6204
481 295 587 360 679

1378 244 1383 253 ’
1458 288 1518 346 s.
1560 284 1979 346 NICEPHORI
2018 284 2524 347 PATRIARCH/e
2557 286 2667 349 ce.

3538 310 3543 313 μ
3620 285 3731 348 680

482 409 658 478 ﬁcabit
703 408 966 462 ciuitatem
1018 418 1206 466 meam,
1241 410 1287 454 et
1338 397 1695 467 captivitatem
1736 395 1915 464 populi
1954 395 2053 448 mei

2166 396 2539 466 οἰκοδομήσει
2561 394 2673 463 τὴν
2697 396 2882 449 πόλιν
2895 410 3036 462 μου,
3060 395 3159 448 και
3182 394 3297 463 τὴν
3311 396 3739 463 stimulantur

482 499 591 566 ipse
619 504 876 550 convertet
915 495 1027 547 sine
1054 490 1220 560 pretio
1251 498 1297 541 et
1333 488 1447 541 sine
1477 486 1805 549 muneribus,
1839 489 1911 538 ait
1944 484 2053 537 Do-

484 590 659 641 minus
721 585 1041 639 exercituum
1098 580 1163 634 ".
1217 579 1286 633 Et
1334 592 1523 632 rursus
1575 575 1742 646 :Ego
1794 576 2057 629 adducam

493 695 673 747 pacem
700 678 771 729 ad
805 675 1068 742 principes
1110 686 1315 736 eorum,
1350 684 1531 737 pacem
1564 678 1611 722 et
1663 668 1945 722 sanitatem
1988 668 2057 720 ad

487 778 659 845 ipsum
682 774 746 827 ³³.
781 770 1006 840 Magnus
1046 766 1373 837 principatus
1416 764 1552 835 ejus,
1602 775 1651 818 et
1697 765 1842 833 pacis
1892 764 2057 830 ipsius

489 882 592 919 non
628 874 703 916 est
739 860 1011 915 terminus.
1061 859 1231 923 Super
1260 854 1446 908 throno
1496 854 1717 908 Davidis
1755 854 1924 923 patris
1973 853 2059 906 sui

486 948 702 1012 sedebit,
732 957 784 999 ut
810 946 958 999 illum
982 953 1117 998 recte
1133 943 1444 1003 constituat,
1471 954 1692 1011 agatque
1717 958 1832 995 cum
1846 942 2058 1011 jnstitia

486 1052 534 1096 et
554 1038 762 1110 judicio
797 1036 986 1089 abhinc
1017 1045 1066 1089 et
1114 1035 1168 1087 in
1215 1044 1466 1087 retentum
1498 1042 1719 1099 tempus.
1754 1030 1914 1085 Zelus
1946 1032 2058 1085 Do-

488 1131 616 1186 mini
635 1129 959 1183 exercituum
988 1125 1098 1178 lucc
1118 1124 1275 1193 faciet
1298 1122 1529 1189 “.Quod
1552 1137 1681 1192 ergo
1705 1120 1818 1175 Rex
1849 1137 2055 1189 regum,

489 1232 546 1277 et
584 1221 844 1274 Dominus
886 1199 1305 1280 dominantium,
1355 1222 1609 1284 regnator
1662 1212 1814 1282 regni
1866 1213 1948 1266 sui
2005 1212 2060 1264 in

489 1322 774 1372 aeternum,
818 1322 916 1376 per
950 1307 1064 1359 haec
1109 1304 1276 1359 verba
1326 1303 1480 1357 nobis
1515 1302 1824 1366 denotatur,
1853 1302 1942 1371 qui
1979 1310 2061 1355 est

492 1401 743 1455 Christus
777 1395 923 1451 Deus
955 1402 1160 1459 noster,
1191 1392 1461 1447 neminem
1490 1392 1580 1460 qui
1612 1402 1892 1461 peractum
1919 1392 2060 1459 apud

492 1500 591 1539 nos
621 1482 1012 1541 incarnationis
1064 1481 1374 1551 mysterium
1420 1481 1651 1541 noverit,
1690 1480 2063 1534 contradictu-

491 1589 611 1629 rum
650 1582 798 1642 puto.
843 1572 964 1640 Ipse
1004 1571 1148 1625 enim
1181 1570 1464 1623 evidenter
1506 1579 1610 1634 est,
1642 1580 1699 1625 et
1736 1585 1841 1623 non
1899 1570 2055 1632 alius,

493 1680 586 1719 rex
615 1664 769 1717 nobis
798 1663 1114 1725 suscitatus,
1138 1659 1320 1730 justus
1370 1658 1670 1721 salvibcus,
1700 1660 1792 1727 qui
1824 1658 2059 1712 divinam

2157 486 2264 540 τοῦ
2287 485 2443 541 ,ιαοῦ
2462 502 2582 556 μου
2616 484 2798 551 αὐτὸς
2826 484 3176 554 ἐπιστρέψει
3194 523 3212 549 ,
3235 488 3308 540 οὐ
3328 486 3474 552 μετὰ
3498 486 3735 555 λύτρων

2157 578 2301 633 οὐδὲ
2328 580 2479 648 μετὰ
2523 578 2746 647 δώρων,
2772 574 2904 632 εἶχε
2934 579 3152 646 Κύριος
3181 576 3442 633 σασαώθ.
3480 579 3593 632 Καὶ
3626 579 3740 633 πάι

2157 673 2260 723 λιν·
2298 670 2447 741 Ἐγὼ
2475 670 2599 734 ἄξω
2625 670 2877 738 εἰρήνην
2897 668 2998 722 ἐπὶ
3022 668 3165 734 τοὺς
3193 668 3495 738 ἄρχοντας
3523 669 3739 732 αὑτοῦ,

2158 760 2411 829 εἰρήνην
2434 759 2533 814 καί
2557 760 2765 827 ὑγείαν
2791 757 2971 823 αὐτῷ·
2990 758 3223 827 μεγάλη
3264 759 3303 826 ἠ
3336 758 3494 827 ἀρχὴ
3523 759 3739 819 αὐτοῦ.

2158 851 2262 904 καὶ
2291 849 2403 919 τῆς
2434 850 2679 918 εἰρήνης
2707 849 2894 904 αὐτοῦ
2919 850 3031 902 οὐκ
3061 848 3236 902 ἔστιν
3268 848 3467 916 ὅριονο
3493 848 3594 902 ἐπὶ
3629 852 3747 903 τὸν

2160 945 2380 1011 θρόνον
2415 940 2595 995 Δαόὶδ
2625 940 2735 994 τοῦ
2764 939 2991 1008 πατρὸς
3017 937 3205 993 αὑτοῦ
3231 937 3560 1005 σταθήσεται
3580 979 3596 1003 ,
3628 938 3744 993 τοῦ

2158 1029 2536 1099 κατορθῶσαι
2580 1028 2797 1096 αὐτὴν,
2837 1028 2937 1082 καὶ
2974 1027 3361 1082 ἐπιλαϐέσθαι
3402 1029 3473 1082 ἐν
3513 1028 3745 1083 δικαιο-

2160 1122 2322 1188 σύνῃ
2352 1120 2449 1173 καὶ
2478 1120 2736 1187 κρίματι,
2769 1117 2888 1171 ἀπὸ
2914 1117 3018 1172 τοῦ
3047 1117 3165 1171 νῦν
3191 1116 3289 1171 καί
3316 1119 3404 1182 είς
3428 1118 3535 1171 τὸν
3550 1117 3746 1173 αἰῶνα

2161 1210 2402 1280 χρόνον.
2456 1210 2519 1262 '0
2543 1207 2722 1274 ζῆλος
2748 1209 2967 1277 Κυρίου
2990 1207 3235 1263 actan
3262 1209 3502 1275 ποιήσει
3525 1209 3739 1264 ταῦτα.

2163 1301 2287 1355 Ὀτι
2326 1299 2425 1369 μὲν
2446 1295 2539 1353 οῦν
2571 1300 2599 1351 6
2630 1298 2883 1369 βασιλεὺς
2912 1299 3020 1351 τῶν
3052 1298 3469 1368 βασιλευόντων,
3494 1301 3588 1352 καὶ
3615 1300 3739 1355 Κύ-

2165 1407 2279 1461 ριος
2308 1390 2415 1466 τῶν
2452 1389 2819 1459 κυριευόντων
2839 1427 2854 1452 ,
2881 1390 2910 1441 6
2938 1388 3216 1453 δεσπόζων
3246 1391 3304 1441 ἐν
3333 1391 3398 1459 τῇ
3440 1389 3743 1461 δυναστείᾳ.

2161 1480 2328 1536 αὐτοῦ
2365 1482 2459 1534 τοῦ
2499 1482 2725 1547 αἰῶνος,
2759 1479 2851 1535 διὰ
2896 1480 3103 1533 τούτων
3141 1482 3275 1550 ἡμῖν
3323 1482 3739 1551 εἰσενήνεκται,

2160 1575 2219 1638 ὃς
2247 1574 2365 1626 ἐστι
2398 1572 2635 1644 Χριστὸς
2671 1574 2701 1625 6
2731 1569 2860 1633 Θεὸς
2888 1569 3060 1639 οὴμῶν
3081 1610 3096 1635 ,
3127 1570 3318 1623 οὐδένα
3356 1569 3466 1623 τῶν
3504 1570 3569 1623 τὸ
3611 1569 3742 1624 καθ’

2161 1666 2311 1734 ἡμᾶς
2347 1661 2737 1731 ἐπεγνωκότων
2783 1663 3102 1731 μυστήριον,
3140 1662 3386 1731 ἀντερεῖν
3419 1655 3594 1730 οἶμαι·
3638 1662 3746 1716 a6-

487 1755 761 1824 justitiam
799 1767 898 1807 nos
927 1751 1130 1806 docuit.
1162 1750 1282 1820 Ipse
1313 1750 1468 1805 nobis
1498 1759 1582 1803 est
1612 1749 1809 1816 iactus,
1842 1759 1899 1802 ut
1928 1762 2058 1818 apo-

2166 1753 2251 1816 τὸς
2279 1754 2386 1823 γάρ
2406 1752 2470 1805 ἂν
2501 1752 2610 1821 εἴη.
2639 1750 2804 1805 παντί
2830 1767 2934 1803 που
2956 1750 3137 1819 δῆλον,
3160 1752 3254 1803 καὶ
3289 1752 3389 1822 οὐχ
3410 1751 3619 1822 ἐτερος,
3649 1751 3749 1821 βαε

492 1846 684 1901 stolice
711 1843 901 1912 loquar
945 1860 958 1896 :
990 1840 1261 1910 Sapientia
1291 1857 1323 1893 a
1378 1840 1482 1894 Deo
1525 1850 1572 1894 et
1612 1840 1828 1911 justitia
1856 1849 1903 1893 et
1936 1857 2062 1893 san-

492 1935 747 2005 ctiﬁcatio
803 1945 848 1987 et
879 1934 1163 2001 redemptio
1191 1932 1259 1987 ³⁸.
1294 1931 1397 1998 Qui
1426 1933 1593 1985 etiam
1641 1930 1733 1985 Dei
1788 1931 2063 1984 civitatem

493 2019 805 2090 mililicavit,
844 2042 949 2079 non
989 2035 1301 2079 terrestrem
1328 2023 1564 2092 aliquam
1604 2032 1920 2091 aeternaque
1947 2034 2064 2076 sla-

493 2122 702 2177 bilitate
755 2128 1055 2180 carentem,
1100 2116 1194 2169 sed
1253 2114 1398 2167 illam
1457 2113 1638 2183 potius
1694 2113 2064 2167 fundamentis

493 2214 700 2277 nixam,
728 2227 849 2280 quas
884 2209 992 2263 Deo
1030 2206 1193 2277 digna
1245 2204 1408 2276 206
1454 2205 1778 2274 intelligitur
1830 2218 2063 2272 superna

499 2304 820 2369 Jerusalem,
874 2301 1028 2371 cujus
1076 2298 1257 2369 Opil'ex
1292 2298 1650 2366 conditorque
1684 2297 1843 2362 Deus,
1877 2297 1927 2350 in
1962 2310 2065 2367 qua

493 2395 979 2466 primogenitorum
1018 2390 1269 2455 ecclesia,
1305 2389 1395 2459 qui
1430 2389 1481 2442 in
1516 2388 1639 2443 caeli
1672 2398 1797 2442 sunt
1823 2388 2068 2442 conscri-

496 2489 596 2558 pti,
631 2502 753 2541 cum
805 2482 1060 2551 supernis
1108 2480 1215 2535 illis
1273 2480 1634 2550 potestatibus
1688 2488 2065 2535 conversatur.

498 2574 687 2646 Populi
718 2588 934 2645 quoque
971 2572 1055 2627 sui
1097 2572 1470 2641 captivitatem
1509 2577 1831 2641 convertet;
1885 2570 2069 2637 Cujus-

470 2683 626 2737 ,nam
680 2680 807 2719 vero
844 2672 898 2718 et
945 2664 1250 2732 quomodo,
1302 2662 1628 2714 audiendum
1681 2670 1786 2714 est.
1842 2657 2070 2715 Eramus

498 2760 641 2814 enim
682 2770 870 2810 revera
914 2752 1042 2808 olim
1096 2766 1195 2806 nos
1228 2750 1496 2817 homines,
1528 2749 1807 2803 Creatoris
1832 2748 2071 2802 Domini-

498 2867 603 2922 que
626 2850 796 2904 nosui
832 2845 1028 2919 ignari,
1063 2853 1302 2899 nostram
1327 2859 1447 2897 cum
1487 2841 1577 2895 illo
1613 2832 2067 2895 necessitudinem

501 2946 859 3012 abnegantes,
919 2951 975 2995 et
1022 2940 1091 2994 ab
1146 2937 1260 3005 ejus
1313 2935 1574 3004 obsequio
1629 2933 1788 3002 longe
1848 2932 2069 2987 alienati

504 3046 727 3106 propter
752 3042 1030 3101 stuporem
1063 3038 1306 3083 nostrum
1340 3027 1393 3080 in
1424 3025 1688 3095 peccatis,
1709 3034 1764 3078 ct
1790 3023 2071 3078 dominan-

500 3134 608 3180 tem
660 3123 816 3177 nobis
861 3120 1059 3174 diaboli
1095 3118 1276 3171 dolum
1312 3134 1327 3172 :
1384 3116 1644 3185 suppositi
1682 3124 1860 3167 autem
1900 3115 2069 3169 hostis

493 3216 646 3286 jugo,
680 3232 780 3272 ceu
810 3214 1082 3283 mancipia
1118 3222 1173 3267 et
1220 3210 1418 3288 captivi
1460 3210 1578 3279 ejus
1606 3208 1837 3263 arbitrio
1875 3207 2065 3274 dediti,

500 3315 589 3381 qui
615 3325 806 3378 nempe
831 3309 1076 3363 libertate
1104 3305 1324 3370 amissa,
1348 3304 1555 3359 servire
1581 3302 1682 3371 ipsi
1707 3301 2057 3371 cogebamur.

500 3404 657 3475 ἡμῶν
702 3402 967 3472 ἐπήρειαν
990 3437 1006 3463 ,
1042 3394 1548 3465 ἀποπεφοιτηκότες
1592 3393 1666 3456 ώς
1696 3391 2068 3464 πορρωτάτω·

500 3492 816 3563 ποδισμένοι
842 3492 937 3545 καὶ
974 3488 1349 3560 ἐζωγρημένοι
1374 3488 1456 3551 είς
1479 3486 1540 3540 τὸ
1573 3485 1783 3539 ἐκείνου
1824 3483 2068 3554 θέλημα,

501 3587 927 3663 ἠναγκασμένοι.
1036 3632 1055 3643 κ

572 3680 679 3735 Sed
702 3678 832 3746 quia
868 3675 981 3730 tieri
1013 3690 1118 3731 non
1174 3680 1386 3744 poterat
1420 3670 1549 3741 quin
1592 3669 1737 3724 Deus
1774 3667 2071 3724 clementer

503 3781 808 3826 creaturam
844 3782 995 3820 suam
1056 3765 1372 3834 respiceret,
1427 3762 1677 3831 apparuit.
1710 3744 2069 3827 Redemptor,

505 3863 589 3915 cui
622 3873 798 3929 neque
812 3857 1127 3911 muneribus
1148 3870 1322 3924 neque
1339 3855 1511 3925 pretio
1529 3867 1665 3922 opus
1685 3859 1804 3905 erat
1821 3858 2071 3912 externo,

506 3951 603 4009 sed
651 3948 1001 4017 sctuetipsum
1043 3945 1363 4011 exinauivit,
1404 3944 1639 4013 pretium
1699 3943 1833 3995 dans
1861 3940 2073 3993 redem-

506 4043 709 4114 ptionis
755 4056 854 4112 pro
913 4037 1070 4092 nobis
1119 4036 1370 4091 omnibus
1416 4035 1693 4105 proprium
1752 4032 2070 4098 sanguinem

507 4134 773 4189 viviﬁcum
810 4146 874 4185 ac
918 4129 1243 4193 salutarem;
1280 4138 1335 4181 et
1388 4126 1639 4196 passione
1674 4139 1737 4178 ac
1767 4137 1928 4178 cruce
1973 4136 2071 4193 pro

2166 1844 2345 1907 σιλεὺς
2381 1842 2753 1913 ἐγηγερμένος
2780 1840 2987 1903 δίκαιος
3019 1842 3113 1894 καὶ
3140 1842 3355 1905 σώζων,
3381 1842 3440 1905 ὃς
3464 1842 3562 1914 τὴν
3589 1843 3749 1896 θείαν

2162 1935 2509 2005 δικαιοσύνην
2540 1934 3005 2005 ἡμῖνέγνώρισεν
3027 1933 3087 2003 ’ἢ
3118 1933 3283 1997 αὐτὸς
3301 1936 3431 2004 ἡμῖν
3478 1935 3747 2007 ἐγενήθη,

2164 2027 2537 2089 ἀποστολικῶς
2558 2028 2757 2079 εἰπεῖν·
2770 2026 2960 2094 Σοφία
2978 2026 3094 2079 ἀπὸ
3109 2026 3256 2082 Θεοῦ
3272 2027 3371 2080 καί
3384 2026 3749 2096 δικαιοσύνη

2163 2117 2262 2170 καὶ
2295 2115 2585 2185 ἁγιασμὸς
2633 2113 2733 2169 καὶ
2763 2114 3205 2182 ἀπολύτρωσις.
3248 2118 3345 2179 Ὃς
3384 2115 3450 2187 δὴ
3503 2118 3599 2169 καὶ
3644 2119 3749 2187 τὴν

2166 2207 2321 2260 πόλιν
2352 2206 2451 2275 τὴν
2481 2206 2576 2259 τοῦ
2605 2206 2743 2261 Θεοῦ
2783 2204 3135 2277 ᾠκοδόμησεν
3157 2246 3172 2271 ,
3201 2207 3262 2258 οὐ
3308 2207 3590 2276 περίγειὸν
3622 2223 3753 2261 τινα

2165 2300 2262 2356 καὶ
2294 2298 2355 2353 τὺ
2396 2298 2737 2370 ἡδρασμένον
2767 2300 2869 2352 οὐκ
2898 2298 3071 2352 εἰσαεὶ
3110 2298 3477 2367 κεκτημένην,
3525 2299 3751 2369 ἐκείνην

2165 2393 2221 2446 δὲ
2253 2391 2453 2463 μᾶλλον
2495 2390 2595 2462 τὴν
2662 2392 2790 2454 τοὺς
2825 2389 3109 2460 θεμελίους
3140 2390 3392 2459 ἔχουσαν,
3422 2390 3545 2461 ἥτις
3573 2393 3754 2444 νοοῖτο

2168 2482 2490 2553 θεοπρεπῶς
2529 2484 2562 2553 ὴ
2631 2482 2744 2536 ἄνω
2791 2480 3185 2552 Ἰερουσαλὴμ,
3237 2474 3306 2552 ἦς
3351 2480 3603 2552 τεχνίτης
3648 2482 3754 2537 καὶ

2166 2574 2498 2644 δημιουργὸς
2526 2575 2554 2626 6
2582 2572 2734 2638 Θεὸς,
2763 2571 2885 2625 καθ’
2908 2573 2974 2643 ῆν
3026 2572 3135 2624 τῶν
3167 2575 3529 2643 πρωτοτόκων
3555 2576 3589 2643 ἡ
3632 2574 3756 2628 Ἐκ-

2167 2666 2368 2735 κλησία
2423 2665 2532 2718 τῶν
2584 2666 2643 2720 ἐν
2696 2666 2950 2735 οὐρανοῖς
3006 2665 3554 2736 ἀπογεγραμμένων,
3620 2668 3755 2731 ταῖς

2170 2756 2344 2821 θείαις
2380 2756 2515 2827 όμοῦ
2551 2756 2916 2829 πανηγυρίζει
2959 2756 3284 2828 δυνάμεσινο
3327 2759 3647 2829 ἐπιστρέψει
3688 2758 3757 2813 δὲ

2168 2851 2249 2904 ὅτι
2276 2850 2371 2903 καὶ
2403 2849 2503 2921 τὴν
2532 2848 2913 2919 αἰχμαλωσίαν
2952 2850 3047 2901 τοῦ
3075 2849 3276 2902 οίκείου
3306 2848 3439 2902 λαοῦ
3460 2864 3472 2876 ·
3500 2849 3650 2914 τίνος
3681 2848 3758 2923 δὴ

2169 2940 2328 2995 τοῦτο
2360 2939 2456 2993 καὶ
2490 2939 2638 3002 ὅπως
2659 2977 2675 3003 ,
2706 2938 2927 2994 ἀκούειν
2963 2939 3246 3009 πάρεστιν·
3279 2937 3421 3011 ἦμεν
3451 2943 3562 3013 γάρ
3607 2943 3757 3016 ἀλη-

2171 3031 2280 3094 θῶς
2303 3046 2433 3083 ποτε
2457 3029 2755 3101 ἄνθρωποι,
2779 3030 2869 3084 τὸν
2899 3031 2996 3101 μὲν
3029 3030 3265 3102 Ποιητὴν
3294 3033 3627 3102 ἠγνοηκότες
3648 3034 3758 3089 ml.

2174 3118 2402 3190 Κύριον,
2428 3118 2529 3188 τὴν
2567 3117 2876 3187 οἰκειότητα
2906 3119 3004 3188 τὴν
3043 3118 3177 3189 πρὸς
3216 3119 3380 3172 αὐτὸν
3417 3119 3754 3191 ἠρνημένοι,

2173 3212 2267 3263 καὶ
2316 3210 2411 3264 τοῦ
2458 3209 2732 3263 δουλεύειν
2782 3209 2930 3280 αὐτῴ
2970 3210 3060 3263 διά
3108 3226 3170 3263 τε
3216 3211 3314 3281 τὴν
3366 3209 3425 3276 ἐξ
3467 3210 3758 3282 ἁμαρτίας

2170 3301 2529 3370 ἀναλγησίαν,
2570 3301 2662 3354 καὶ
2712 3302 2812 3371 τὴν
2855 3302 3164 3372 κρατοῦσαν
3206 3301 3301 3354 τοῦ
3337 3301 3583 3373 πονηροῦ
3622 3300 3759 3357 καθ’

2109 3391 2527 3463 ύπενηνέγμεθα
2584 3393 2641 3445 δὲ
2703 3396 2772 3464 τῇ
2799 3392 3002 3465 ζεύγλῃ
3040 3392 3131 3446 τοῦ
3166 3392 3399 3463 ἐχθροῦ,
3425 3390 3515 3447 οἷα
3546 3394 3759 3464 ἠνδρα-

2130 3484 2180 3537 οἱ
2210 3484 2308 3555 τὴν
2346 3482 2661 3554 ἐλευθερίαν
2733 3484 3113 3556 ἀφῃρημένοι,
3157 3484 3251 3537 καὶ
3292 3482 3570 3537 δουλεύειν
3595 3483 3757 3558 αὐτῷ

2255 3666 2395 3719 Ἀλλ’
2434 3666 2621 3739 ἐπειδή
2656 3666 2754 3720 οὐκ
2782 3662 2849 3738 ἦν
2886 3667 3022 3741 Θεοῦ
3052 3668 3130 3739 μὴ
3160 3669 3283 3739 οὐχὶ
3303 3669 3364 3723 τδ
3391 3673 3595 3726 οίκεϊον
3624 3675 3758 3744 φιλ-

2172 3757 2477 3827 ανθρώπως
2529 3758 2735 3812 ἐπιδεῖν
2779 3757 3012 3829 ποίημα,
3040 3759 3754 3835 ἐπιφαίνεταιόλυτρωτὴς,

2171 3842 2216 3916 ᾧ
2249 3865 2314 3916 γε
2340 3848 2400 3900 οὐ
2433 3846 2621 3921 δώρων
2646 3848 2765 3900 οὐδὲ
2795 3847 3007 3919 λύτρων
3037 3847 3226 3918 ἐδέησε
3257 3850 3366 3903 τῶν
3412 3851 3592 3918 ἐκτὸς,
3629 3851 3758 3908 ἀλλ’

2172 3941 2453 3995 ἐκένωσεν.
2468 3939 2686 4008 ἑαυτὸν,
2709 3939 2901 4010 λύτρον
2925 3939 3171 4003 δεδωκὼς
3197 3942 3317 4016 ἀντὶ
3340 3943 3560 3998 παντων
3585 3944 3755 4016 ἡμῶν

2176 4033 2237 4084 τὸ
2265 4033 2465 4085 οἰκεῖον
2489 4025 2631 4101 αἷμα
2649 4032 2710 4084 τὺ
2735 4030 2999 4094 ζωοποιδν
3028 4031 3122 4085 καὶ
3156 4034 3429 4103 σωτήριον
3459 4050 3475 4065 σ
3508 4034 3606 4089 καὶ
3645 4037 3756 4091 πάι

2178 4122 2268 4186 θος
2296 4123 2389 4177 καὶ
2411 4121 2647 4196 σταυρὸν
2680 4122 2820 4193 ὑπὲρ
2839 4122 2993 4191 ἡμῶν
3012 4121 3268 4186 ἀνατλὰς,
3296 4123 3464 4196 ἁνέόη
3488 4128 3569 4190 εἰς
3587 4124 3746 4197 ὕψος,

505 4222 661 4278 nobis
697 4220 941 4287 tolerata,
993 4219 1045 4272 in
1097 4220 1266 4272 altum
1301 4217 1643 4279 conscendit,
1676 4223 1731 4269 et
1777 4213 2066 4283 captivavit

2177 4212 2275 4266 καὶ
2298 4210 2719 4282 ᾐχμαλώτευσεν
2749 4211 3089 4281 ἐπιστρέψας
3129 4211 3229 4282 τὴν
3259 4215 3292 4283 ἡ
3303 4215 3420 4284 μῶν
3461 4217 3753 4288 αἰχμαλω..

505 4322 830 4369 convertens
877 4309 1241 4380 captivitatem
1277 4319 1547 4374 nostram;
1588 4307 1829 4375 eripiens
1881 4321 2066 4376 reapse

2177 4301 2297 4354 σίαν
2322 4318 2337 4332 ·
2372 4302 2673 4373 ῥυσάμενος
2704 4300 2870 4365 ὅντως
2903 4303 3049 4372 ἡμᾶς
3106 4303 3209 4373 τῆς
3256 4305 3568 4378 Χαλδαῖκῆς
3626 4311 3740 4365 τῶν

509 4420 606 4458 nos
634 4401 912 4457 chaldaica
944 4400 1225 4455 noxiorum
1263 4399 1568 4453 daemonum
1621 4406 1909 4466 potestate,
1950 4395 2075 4449 bar—

508 4490 736 4561 barique
761 4489 1145 4543 intellectualis
1169 4488 1413 4558 dynastas
1439 4503 1600 4540 manu
1625 4499 1823 4540 erueus
1845 4500 1861 4551 ;
1885 4485 2073 4554 acqui-

2172 4392 2468 4471 ἀλιτηρίων
2522 4392 2796 4462 δαιμόνων
2845 4390 3093 4457 ἐξουσίας
3123 4433 3136 4457 ,
3179 4394 3277 4447 καὶ
3321 4396 3422 4466 τῆς
3471 4395 3751 4470 βαρϐάρου

2170 4483 2264 4537 τοῦ
2289 4482 2482 4553 νοητοῦ
2517 4482 2778 4537 δυνάστου
2830 4484 3015 4556 χειρὸς
3067 4484 3286 4552 ἐξελὼν,
3328 4488 3424 4540 καλ⁵
3469 4491 3747 4562 ἐκτήσατο

506 4582 740 4651 sivitque
768 4596 867 4636 nos
895 4579 1150 4651 populum
1187 4574 1551 4648 peculiarem,
1566 4591 1661 4631 eos
1698 4574 1953 4629 videlicet
1982 4574 2066 4645 qui

2171 4577 2321 4648 ἡμᾶς
2365 4574 2493 4627 λαὸν
2523 4574 2862 4644 περιούσιον,
2927 4576 3054 4640 τοὺς
3107 4576 3178 4630 δι’
3225 4579 3576 4646 ἐπιγνώσεως
3645 4581 3747 4635 καὶ

507 4690 604 4746 per
642 4674 1088 4728 illuminationem
1122 4686 1186 4725 ac
1229 4669 1389 4724 ﬁdem
1441 4670 1714 4723 sinceram
1766 4676 2077 4734 rectamque

508 4770 573 4819 ad
604 4765 720 4834 eius
746 4765 1081 4820 dominatum
1104 4763 1484 4833 confugerint;
1515 4775 1748 4831 regnans
1770 4761 2073 4829 imperans-

509 4870 614 4924 que
651 4856 807 4910 nobis
838 4870 933 4925 per
963 4855 1184 4911 siceula.
1222 4853 1503 4910 Discredct
1534 4864 1712 4907 autem
1756 4865 1935 4919 nemo,
1967 4852 2073 4906 nisi

509 4947 606 5015 qui
640 4944 783 5000 iurte
808 4945 1036 5002 .lualaica
1071 4946 1452 5002 incredulitate
1474 4954 1527 4999 et
1562 4944 1896 5015 impudentia
1925 4942 2075 4997 labo-

512 5045 619 5101 rat,
659 5034 918 5088 abolitum
962 5035 1092 5089 illud
1124 5050 1320 5106 gerens
1370 5034 1549 5090 adhuc
1585 5035 1636 5088 in
1670 5035 1849 5088 anima
1871 5033 2072 5096 velum,

512 5127 814 5193 litteraeque
840 5125 1146 5180 crassitiem
1178 5130 1417 5181 nondum
1466 5127 1655 5180 volens
1690 5125 1757 5178 de
1788 5123 1952 5178 corde
1981 5137 2079 5177 suo

509 5215 799 5282 abradere,
857 5213 1086 5284 ideoque
1141 5214 1194 5268 in
1268 5214 1450 5283 divina
1527 5215 1788 5286 mysteria
1841 5212 2077 5266 nondum

511 5304 874 5375 introspicere
901 5301 1121 5372 dignus.
1152 5301 1307 5369 Quod
1344 5302 1391 5358 si
1419 5303 1544 5372 quis
1576 5302 1876 5358 dubitando
1912 5300 2077 5364 dicat,

512 5395 886 5466 propheticum
937 5408 1243 5450 sermonem
1301 5392 1589 5459 aﬂ'trmare,
1643 5391 1762 5447 fore
1801 5390 2079 5447 hominem

514 5488 800 5556 quemdam
826 5485 917 5543 oui
942 5483 1253 5540 Iudaeorum
1298 5484 1659 5555 principatum
1681 5486 1963 5549 obtineat,
1994 5484 2083 5537 hic

2175 4667 2413 4730 πίστεως
2437 4652 2766 4738 εἰλικρινοῦς
2796 4666 2891 4719 καὶ
2923 4666 3091 4739 ὀρθῆς
3119 4660 3613 4740 προσπεφευγότας
3646 4673 3747 4725 αὐ-

2176 4758 2271 4811 τοῦ
2296 4759 2360 4829 τῇ
2394 4757 2703 4829 δεσποτεία,
2743 4758 3036 4828 κατάρχων
3062 4759 3152 4812 καὶ
3176 4759 3478 4831 βασιλεύων
3496 4761 3582 4831 ἐφ’
3599 4763 3747 4834 ἡμᾶς

2179 4850 2260 4910 είς
2283 4848 2409 4909 τοὺς
2443 4846 2646 4909 αίῶνας
2677 4863 2692 4879 ο
2726 4842 3031 4917 ἀπιστήσει
3071 4848 3128 4901 δὲ
3155 4848 3352 4915 οὐδεὶς,
3380 4848 3415 4924 ἢ
3446 4851 3600 4915 ὅστις
3649 4852 3747 4919 τὴν

2193 4939 2492 5008 Ἰουδαῖκὴν
2529 4939 2792 4991 ἀπιστίαν
2832 4940 2925 4991 καὶ
2975 4940 3364 5011 ἀναισχυντίαν
3430 4943 3745 5013 νενόσηκεν,

2180 5026 2261 5079 ἔτι
2299 5026 2823 5098 καταργούμενονέν
2846 5031 2912 5099 τῇ
2942 5029 3088 5099 ψυχῇ
3122 5030 3438 5101 περιφέρων
3462 5032 3747 5103 κάλυμμα,

2175 5119 2272 5171 καὶ
2307 5117 2366 5171 τὸ
2397 5116 2572 5189 πάχος
2600 5119 2699 5189 τῆς
2717 5118 2909 5171 ἐαυτοῦ
2945 5120 3175 5191 καρδίας
3205 5120 3481 5187 ἁποξύσαι
3510 5122 3591 5193 μὴ
3634 5124 3753 5194 βουο

2176 5208 2363 5279 ληθεὶς
2393 5208 2455 5260 τὸ
2477 5207 2575 5261 τοῦ
2601 5209 2954 5280 γράμματος,
2987 5209 3081 5262 καὶ
3109 5210 3283 5284 ταύτῃ
3306 5228 3370 5280 γε
3395 5214 3477 5275 εἰς
3532 5214 3601 5267 τὰ
3630 5214 3749 5269 θεῖα

2178 5300 2502 5373 παρακύψαι
2537 5302 2813 5371 μυστήρια
2857 5301 3108 5373 οὐδαμῶς
3135 5302 3460 5373 ἀξιούμενος
3484 5320 3502 5338 ο
3557 5306 3612 5358 si
3645 5307 3749 5378 γάρ

2177 5409 2256 5445 τοι
2295 5391 2723 5465 διαμφισϐητοίη
2748 5393 2997 5462 φάσκων,
3029 5394 3112 5447 δτι
3141 5394 3206 5466 δη
3239 5395 3467 5465 βασιλέα
3491 5396 3600 5450 τῶν
3622 5399 3745 5451 καθ’

2179 5483 2327 5552 ἡμᾶς
2355 5499 2478 5536 τινα
2510 5484 2601 5536 ἐπὶ
2635 5484 2732 5556 τὴν
2784 5480 3053 5555 Ἰουδαίων
3084 5486 3262 5557 ἀρχὴν
3293 5487 3749 5567 προχειρισθηοόο

585 5666 629 5696 ³³
668 5663 771 5721 lsa.
814 5680 935 5733 xu,
970 5664 1056 5721 13.
1135 5664 1178 5697 υ
1219 5661 1319 5721 lsa.
1365 5680 1453 5735 ιι,
1491 5665 1572 5720 l7.
1649 5666 1694 5698 “
1735 5666 1838 5721 lsa.
1881 5628 2029 5735 tx,7.

2194 5668 2211 5722 ι
2251 5669 2376 5723 Cor.
2411 5683 2449 5731 ι,
2483 5666 2573 5721 50.
