4054 6204
331 283 442 351 381

1197 271 1766 340 APOLOGETI-CUS
1805 277 1957 340 PRO
1995 278 2262 343 SACRIS
2291 282 2774 345 IMAGINIBUS.
2879 337 2882 340 .

342 405 528 466 μενον,
561 390 591 444 ό
621 386 783 456 λόγος
805 381 1178 456 διασημαίνοι,
1203 382 1501 438 ἀκούσεται
1522 383 1659 454 πρός
1688 401 1743 438 τε
1769 383 1926 455 ἡμῶν

2045 387 2269 453 trmbis,
2316 387 2432 442 imo
2487 388 2556 442 ab
2611 388 2722 458 ipsa
2777 392 3001 447 veritate
3053 391 3256 459 audiet,
3307 397 3605 453 secundum

339 486 433 539 καὶ
475 481 576 552 τῆς
617 479 881 552 ἀληθείας
935 477 1130 548 αὐτῆς,
1157 475 1234 539 ὡς
1276 479 1418 529 κατὰ
1483 475 1586 546 τὴν
1621 475 1717 530 τοῦ
1772 475 1923 548 ἱεροῦ

2045 481 2206 548 γρείιιε
2259 493 2431 534 sacra:
2465 479 2684 536 Littera:
2736 483 3106 552 traditionem,
3143 492 3265 555 post
3299 483 3606 544 Judaeorum

336 573 684 645 Γράμματος
719 569 1040 642 παράδοσιν,
1075 567 1215 638 μετά
1243 567 1343 636 τὴν
1377 569 1444 620 ἐκ
1479 566 1800 630 Βαὸυλῶνος
1833 567 1932 622 αὖ·

2021 564 2340 637 eliabyioue
2365 566 2617 634 reditum,
2669 571 2944 625 nemiuem
3001 575 3142 642 apud
3199 590 3294 629 eo
3349 591 3609 646 apparere

337 661 447 718 τῶν
480 661 767 728 ἐπάνοδον,
787 661 966 724 οὐδείς
996 677 1084 714 πω
1114 657 1223 712 τῶν
1249 657 1382 728 παρ’
1414 654 1620 722 αὑτοῖς,
1645 657 1931 730 βασίλειον

2045 655 2124 723 qui
2173 656 2382 726 regium
2433 657 2710 726 diadema,
2763 677 2868 730 quo
2898 671 3056 718 antea
3113 681 3273 736 reges
3321 668 3600 739 inaugura-

339 755 616 827 φαίνεται,
674 749 821 828 ᾗπερ
868 751 931 805 τὸ
972 751 1104 822 πρὶν
1153 751 1228 833 οἱ.
1254 750 1378 804 κατ’
1437 751 1638 814 αὐτοὺς
1687 749 1932 820 βασιλεῖς

338 841 842 916 ικεχειροτόνηντο,
923 840 1161 910 διάδημα
1217 839 1688 911 καταδησάμενος,
1737 839 1770 911 ἦ
1817 843 1932 904 τοῖς

343 940 650 1010 σκήπτροις
685 935 782 990 τοῦ
816 931 1101 1004 βασιλικοῦ
1150 931 1466 1002 ἀξιώματος
1515 932 1934 1006 ὲντεθρονισμὲ-

343 1048 460 1094 νος,
489 1028 637 1084 οὕτω
665 1027 762 1081 τοῦ
789 1026 900 1080 τῶν
939 1026 1078 1080 ὅλων
1109 1025 1244 1080 Θεοῦ
1275 1025 1365 1078 διὰ
1393 1027 1578 1096 φωνῆς
1628 1025 1931 1098 προφητῶν

345 1121 820 1194 προθεσπίσαντος
843 1135 858 1149 ·
891 1118 999 1172 ὕπο
1023 1118 1382 1189 δημαγωγοῖς
1431 1118 1544 1188 γὰρ
1571 1117 1670 1170 καὶ
1721 1116 1934 1188 ἱερεῦσι

343 1215 410 1268 τὸ
436 1212 628 1266 λοιπδν
661 1210 1035 1274 διατελοῦντες
1066 1209 1484 1264 κατεδείκνυντο
1513 1225 1527 1241 ο
1579 1208 1702 1262 ὅθεν
1747 1208 1931 1278 δῆλον,

345 1308 434 1362 ὅτι
460 1308 520 1362 οὐ
553 1305 762 1376 ταύτην
810 1305 944 1374 ἡμῖν
992 1299 1284 1372 ἐμφανίζει
1320 1301 1419 1372 τὴν
1462 1299 1558 1355 ἐπὶ
1607 1299 1936 1364 Βαϐυλῶνος

349 1397 737 1470 αἰχμαλωσίαν
785 1397 812 1448 6
841 1395 999 1462 λόγος
1025 1411 1039 1424 ο
1081 1393 1446 1464 ἐγνωσμένων
1499 1393 1590 1462 ὑφ’
1625 1385 1704 1446 ὧν
1737 1410 1796 1445 τε
1841 1393 1936 1447 καὶ

347 1491 461 1561 ὅτῳ
497 1489 690 1560 τρόπῳ
745 1486 795 1539 οἱ
825 1486 925 1556 τῆς
956 1485 1312 1546 Βαϐυλωνίας
1351 1483 1600 1554 ἀνάγκης
1652 1483 1936 1556 ἀπηλλαγ-

355 1583 532 1652 μένοι,
565 1581 660 1634 ἐπὶ
687 1578 786 1651 τὴν
812 1577 1182 1648 Παλαιστίνην
1223 1575 1725 1646 παλινοστήσαντες
1763 1575 1938 1630 ὀπίσω

351 1673 819 1744 ἀνεκομίσθησαν,
846 1669 992 1724 καθά
1022 1669 1088 1742 δὴ
1121 1671 1180 1722 ὲν
1229 1671 1345 1732 τοῖς
1376 1668 1506 1740 περὶ
1537 1667 1746 1722 τούτων
1788 1669 1938 1721 ἱστο-

361 1739 650 1838 ρουμένοις
678 1739 868 1832 σαφῶς
913 1739 1340 1832 ἀναγέγραπται
1371 1774 1385 1790 ·
1441 1739 1525 1811 διὸ
1581 1759 1669 1812 ἐπ’
1705 1759 1938 1821 ἐκείνοις
1969 1739 2012 1794 Β

351 1853 670 1928 ἑξειλῆςὲθαι
695 1855 767 1910 τά
795 1855 1118 1925 προφητικὰ
1171 1851 1357 1922 λόγια,
1379 1850 1536 1919 λόγον
1573 1850 1673 1921 οὐχ
1700 1849 1814 1918 ἕξει
1854 1867 1868 1882 ·
1902 1849 1938 1904 ἃ

353 1949 410 2004 δὲ
441 1948 624 2020 ἴσμεν,
660 1946 758 2001 καὶ
796 1939 1271 2013 πεπιστεῦκαμεν,
1301 1942 1399 1996 καὶ
1421 1942 1472 1998 οἱ
1499 1944 1741 2014 πατέρες
1775 1941 1938 2013 ἡμῶν

353 2035 876 2111 διηγήσαντόήμῖν,
907 2038 966 2090 ὲν
999 2028 1084 2100 οἷς
1122 2035 1361 2106 ὲδραίως
1397 2033 1550 2106 μάλα
1594 2033 1936 2105 βεϐήκαμεν,

351 2125 532 2186 ταῦτα
562 2127 939 2200 κηρύσσομεν,
989 2125 1064 2192 ὡς
1105 2128 1271 2198 ἡμεῖς
1313 2126 1486 2196 ἐσμεν
1538 2123 1636 2189 οὓς
1662 2125 1722 2190 ἐξ
1763 2125 1938 2179 ἐθνῶν

355 2221 793 2293 συναγήγερκεν,
823 2219 874 2272 οἱ
911 2217 1148 2282 ἀκλινῶς
1185 2217 1274 2271 ἐπ’
1313 2217 1480 2270 αὑτὸν
1529 2215 1856 2287 ἠλπικότες,
1887 2218 1939 2270 oi

351 2313 752 2384 λελυτρωμένοι
781 2311 887 2365 ὑπὸ
908 2311 1139 2382 Κυρίου,
1164 2309 1260 2373 οὓς
1287 2308 1636 2382 ὲλυτρὼσατο
1659 2311 1723 2363 ἐκ
1755 2308 1942 2381 χειρὸς

353 2410 466 2464 τῶν
489 2409 737 2478 ἀοράτων
764 2403 998 2482 ἐχθρῶν,
1062 2406 1160 2458 καὶ
1191 2404 1261 2456 ἑκ
1289 2403 1398 2456 τῶν
1429 2403 1629 2474 χωρῶν
1677 2402 1786 2478 τοῦ
1809 2403 1941 2456 σκό-

354 2517 485 2564 τους
513 2501 608 2555 καὶ
629 2495 727 2568 τῆς
753 2495 846 2554 τοῦ
879 2495 1112 2549 θανάτου
1146 2495 1308 2556 σκιᾶς
1339 2493 1650 2580 συνήγαγεν
1678 2492 1787 2546 ἀπὸ
1809 2493 1939 2547 ἀνα.

354 2593 552 2656 τολῶν,
573 2591 668 2644 καὶ
695 2587 939 2660 δυσμῶν,
963 2587 1058 2640 καὶ
1085 2585 1277 2656 βορρᾶ,
1293 2585 1386 2638 καὶ
1401 2583 1703 2654 θαλάσσης,
1734 2584 1792 2637 ὲν
1806 2585 1942 2656 ὲρή-

360 2701 451 2754 μῳ
479 2683 578 2735 καὶ
605 2679 820 2750 ἀνύδρῳ
849 2677 948 2749 τῆς
986 2676 1249 2740 ἀπιστίας
1289 2678 1354 2730 ὲκ
1391 2675 1490 2746 τῆς
1525 2673 1620 2728 τοῦ
1639 2673 1940 2746 δυσμενοῦς

360 2773 651 2848 μεθοδείας
688 2769 1150 2840 πεπλανημένους
1181 2766 1332 2833 ποτὲ,
1363 2767 1461 2820 καὶ
1497 2767 1610 2821 τῶν
1653 2767 1942 2840 σωτηρίων

353 2871 461 2942 τῆς
497 2866 787 2928 εὐσεϐείας
819 2865 1080 2935 ναμάτων
1115 2862 1538 2932 ἐστερημένους,
1585 2857 1670 2927 οἷς
1714 2862 1814 2933 τὴν
1837 2861 1945 2932 χά·-

357 2983 447 3036 ριν
472 2964 572 3036 τῆς
605 2960 936 3031 θεογνωσίας
979 2957 1180 3013 ἄνωθεν
1219 2958 1354 3030 ημῖν
1387 2956 1802 3030 φιλανθρωπίας
1841 2955 1944 3027 δμ-

349 3057 516 3130 6ρόις
547 3036 778 3118 ὐετίζων
807 3051 1129 3120 δεδώρηται.

445 3149 536 3212 Ὡς
563 3146 608 3200 δ’
637 3140 731 3199 οὖν
763 3141 1077 3197 καθιεῖσθαι
1096 3139 1194 3194 ἐπὶ
1220 3139 1313 3194 τὸν
1359 3138 1552 3212 θρόνον
1582 3139 1745 3194 saeta
1789 3137 1940 3210 παρά
1969 3127 2010 3146 ’⁸

350 3239 458 3294 τοῦ
500 3232 846 3306 προφητικοῦ
878 3234 1036 3302 λόγου
1088 3235 1116 3286 ὁ
1167 3231 1360 3304 Σωτὴρ
1427 3232 1880 3304 προαγορεύεται,
1915 3233 1944 3284 ὁ

355 3332 510 3394 θεῖος
538 3327 777 3398 ἄγγελος
835 3325 1076 3379 πειθέτω
1105 3326 1234 3388 τοὺς
1279 3323 1586 3396 ἀνοήτους·
1639 3325 1690 3376 εἰ
1733 3322 1812 3395 μὴ
1854 3322 1946 3382 καὶ

357 3422 538 3486 αὐτὰς
557 3423 657 3484 τὰς
699 3419 852 3490 ίεράς
891 3434 999 3472 των
1053 3413 1408 3486 Εὐαγγελίων
1455 3413 1943 3480 ὲξουδενώσουσιν,

357 3513 559 3588 ὥσπερ
595 3513 692 3566 καὶ
727 3511 830 3575 τὰς
853 3509 1021 3575 ἄλλας
1045 3508 1143 3563 τοῦ
1175 3508 1494 3578 Πνεῦματος
1513 3505 1708 3579 ῥήσεις
1729 3523 1746 3538 ο
1793 3505 1852 3571 ὃς
1888 3505 1948 3573 ἐξ

357 3604 602 3678 οὐρανοῦ
641 3602 871 3668 κατιὼν,
907 3603 1003 3657 καὶ⁸
1051 3605 1121 3672 τῇ
1149 3599 1518 3672 παναχράντῳ
1559 3598 1654 3652 καὶ
1689 3600 1947 3670 Ἀειπαρ-

359 3699 700 3770 θενομήτορι
730 3696 791 3748 τὸ
823 3697 924 3764 τῆς
969 3693 1158 3766 κοινῆς
1213 3692 1416 3755 παντὸς
1461 3691 1556 3745 τοῦ
1593 3691 1802 3762 κόσμου
1841 3704 1950 3744 σω-

357 3790 564 3862 τηρίας
613 3784 1106 3858 εὗαγγελιζόμενος
1159 3785 1485 3854 κεφάλαιον,
1519 3783 1614 3837 τδν
1661 3782 1722 3848 ἐξ
1776 3781 1949 3852 αὐτῆς

357 3879 771 3952 τεχθησόμενον
823 3877 1058 3948 Σωτῆρα
1111 3875 1354 3940 πάντων,
1390 3875 1520 3928 Υίόν
1568 3891 1628 3927 τε
1687 3873 1947 3944 Ὑψίστου

360 3971 744 4044 κληθήσεσθαι
795 3966 1205 4041 προανεφώνει,
1241 3967 1336 4020 καὶ
1375 3965 1470 4018 τὸν
1537 3964 1734 4036 θρόνον
1785 3963 1949 4018 Δαϐὶδ

360 4065 660 4137 λήψεσθαι,
690 4065 784 4119 καὶ
811 4065 912 4135 τὴν
939 4061 1224 4134 βασιλείαν
1253 4058 1396 4125 ἕξειν
1425 4057 1582 4122 τέλος
1635 4058 1737 4128 οὐχ
1795 4057 1950 4122 E500-

363 4174 470 4212 σαν
499 4173 513 4186 ο
545 4157 681 4210 ἀλλά
719 4156 825 4227 μὴν
878 4156 969 4209 καὶ
999 4153 1174 4225 μέγαν
1221 4149 1445 4206 ἔσεσθαι
1495 4149 1589 4202 τδν
1639 4147 1806 4204 αὐτὸν
1853 4148 1949 4202 καὶ

367 4248 511 4318 μετά
551 4245 652 4316 τῆς
699 4243 1265 4316 προσληφθησομένης
1304 4241 1626 4312 προεμήνυε
1686 4240 1903 4310 φύσεως
1927 4255 1942 4270 ο

362 4339 524 4403 εἰδὼς
552 4339 717 4394 αὑτὸν
749 4339 843 4392 καὶ
865 4338 996 4392 ὄντα
1025 4337 1124 4391 καὶ
1155 4336 1418 4407 προόντα,
1437 4333 1532 4387 καὶ
1557 4333 1645 4387 ἀεὶ
1676 4332 1828 4396 ὄντα,
1853 4333 1947 4386 καὶ

1968 3092 2008 3146 C

2035 745 2256 810 bantur,
2292 749 2611 818 gestaverit,
2644 751 2727 804 vel
2779 748 2974 822 regalis
3023 755 3304 822 dignitatis
3336 769 3607 829 sceptrum

2037 839 2312 903 tenuerit;
2359 837 2439 894 sic
2474 840 2730 895 nimirum
2781 845 3076 900 universali
3109 845 3220 904 Deo
3252 861 3350 919 per
3377 853 3613 920 prophe-

2035 936 2214 982 tarum
2260 943 2450 987 vocem
2474 931 2587 1002 jam
2615 932 2880 1002 prmfatu;
2911 941 3006 990 sed
3035 937 3139 992 sub
3173 941 3353 1009 populi
3391 947 3614 1000 rectori-

2035 1019 2136 1074 bus
2164 1036 2228 1076 ac
2277 1023 2655 1083 sacer-(latibus
2683 1026 2878 1081 deinde
2912 1029 3306 1099 rempublicam
3332 1030 3499 1091 fuisse
3523 1051 3617 1091 co-

2038 1115 2372 1184 gnoscimus.
2414 1114 2574 1183 Unde
2599 1127 2836 1185 constat,
2861 1118 3005 1177 haud
3031 1121 3098 1176 de
3120 1123 3223 1178 hac
3254 1126 3411 1183 nobis
3441 1131 3617 1200 capti-

2037 1205 2204 1261 vitate
2235 1205 2565 1280 Babylonica
2593 1225 2809 1265 sacrum
2838 1226 3149 1270 sermonem
3176 1216 3322 1287 loqui
3347 1236 3360 1273 :
3388 1236 3510 1274 cum
3545 1223 3618 1276 sit

2037 1298 2377 1366 exploratum
2423 1316 2451 1353 a
2483 1302 2684 1370 quibus
2716 1313 2770 1358 et
2797 1319 2898 1374 qua
2938 1307 3148 1362 ratione
3184 1309 3352 1364 Judaei
3385 1310 3618 1384 Babylo-

2041 1390 2511 1448 nicacalamitate
2543 1393 2758 1452 liberati
2819 1397 2871 1451 in
2908 1396 3250 1456 Palaestinam
3284 1405 3617 1472 postliminio

2040 1480 2330 1550 redierint,
2351 1483 2493 1538 sicut
2522 1483 2576 1539 in
2606 1485 2819 1542 illarum
2851 1503 3034 1543 rerum
3065 1491 3309 1548 historiis
3334 1495 3615 1565 perspicue

2040 1571 2373 1644 descriptum
2424 1585 2530 1631 est.
2567 1576 2942 1644 Quamobrem
2987 1581 3056 1642 de
3116 1585 3454 1652 temporibus
3516 1585 3618 1640 illis

2042 1665 2357 1734 prophetica
2390 1666 2549 1722 eﬂ'ata
2599 1669 2922 1740 intelligere,
2975 1687 3084 1730 non
3125 1682 3210 1728 est
3242 1675 3440 1731 rationi
3490 1692 3622 1733 cnu-

2045 1765 2390 1812 sentaneum.
2459 1757 2590 1826 Quae
2649 1775 2779 1814 vero
2839 1771 2896 1816 et
2942 1763 3171 1830 scimus,
3219 1779 3271 1821 et
3323 1767 3618 1836 credimus,

2043 1855 2101 1900 et
2150 1855 2334 1914 patres
2387 1850 2560 1904 nostri
2609 1851 2768 1907 nobis
2822 1864 3222 1922 narraverunt,
3275 1859 3474 1928 quibus
3539 1861 3624 1914 lir-

2047 1935 2210 1990 miter
2253 1939 2498 2006 apprime
2531 1939 2842 2006 innitimur,
2874 1943 2992 1998 haec
3018 1945 3399 2015 pradicamus,
3431 1965 3624 2020 nempe

2046 2041 2148 2080 nos
2191 2041 2312 2082 esse
2353 2027 2476 2085 ilius
2523 2047 2663 2100 quos
2733 2032 2878 2089 Deus
2935 2035 3000 2090 de
3047 2038 3302 2105 gentibus
3339 2041 3442 2098 sibi
3484 2043 3622 2096 adu-

2045 2118 2216 2184 navit,
2271 2121 2362 2190 qui
2410 2133 2725 2180 constanter
2777 2125 2829 2180 in
2868 2140 2994 2181 eum
3024 2136 3350 2198 ‘sperantes,
3395 2133 3616 2188 redem-

2047 2211 2122 2278 pti
2157 2225 2184 2264 a
2223 2211 2452 2268 Domino
2475 2213 2698 2281 fuimus,
2727 2231 2866 2286 quos
2893 2220 2960 2274 de
2983 2218 3333 2276 invisibilium
3363 2223 3617 2280 inimico-

2052 2317 2170 2354 rum
2197 2318 2362 2359 manu
2383 2306 2610 2376 eripuit,
2640 2318 2694 2362 et
2723 2325 2754 2362 a
2777 2310 3122 2366 tenebrarum
3147 2315 3461 2384 regionibus
3479 2333 3620 2372 mor-

2050 2395 2232 2465 tisque
2285 2388 2478 2452 umbra
2507 2401 2727 2470 collegit
2768 2416 2832 2456 ex
2877 2404 3092 2460 oriente
3121 2415 3176 2460 et
3203 2422 3426 2477 occasu,
3471 2414 3626 2480 aqui-

2049 2484 2172 2541 lone
2193 2497 2248 2542 et
2271 2489 2432 2554 mari,
2457 2489 2676 2546 deserto
2697 2504 2752 2548 et
2776 2494 3041 2562 inaquoso
3064 2498 3463 2559 incredulitatis
3478 2507 3622 2571 loco,

2051 2576 2223 2633 hostis
2258 2581 2432 2634 nostri
2465 2584 2697 2650 artibus,
2724 2587 3066 2646 errabundus
3110 2592 3264 2661 olim,
3295 2605 3351 2650 et
3379 2595 3627 2652 salutari-

2050 2669 2150 2724 bus
2167 2681 2332 2726 rectae
2353 2673 2632 2744 religionis
2655 2677 2874 2736 liuentis
2891 2681 3158 2752 privatos,
3177 2686 3376 2755 quibus
3391 2690 3625 2760 gratiam

2051 2763 2556 2834 divinzeagnitionis
2594 2771 2844 2840 desuper,
2871 2771 3224 2846 benignitatis
3275 2793 3389 2834 suae
3437 2779 3628 2835 imbri-

2051 2857 2169 2924 bus,
2193 2856 2420 2930 larg-itus
2447 2871 2548 2917 est.
2723 2873 2726 2877 '

2123 3128 2274 3198 Quod
2305 3147 2436 3203 ergo
2477 3147 2756 3190 sessurum
2803 3149 2926 3194 esse
2968 3152 3132 3210 super
3183 3139 3402 3200 Davidis
3435 3143 3629 3200 throno

2055 3220 2400 3279 Servatorem
2429 3241 2455 3278 ιι
2485 3227 2800 3296 prophetico
2829 3243 3082 3286 sermone
3103 3233 3418 3300 pmdictum
3439 3233 3628 3302 fouit,

2051 3313 2210 3368 divus
2238 3316 2462 3386 angelus
2485 3318 2572 3374 liis
2597 3319 2806 3376 insanis
2827 3325 3154 3390 persuadeat
3182 3343 3198 3392 ;
3227 3326 3330 3383 nisi
3361 3327 3500 3384 forte
3537 3347 3631 3386 sa-

2050 3416 2174 3458 cras
2199 3416 2418 3475 quoque
2448 3407 2895 3481 Evangeliorum,
2925 3421 2981 3468 ut
3001 3413 3141 3468 alias
3167 3417 3343 3472 sancti
3368 3416 3628 3490 Spiritus,

2050 3494 2351 3554 locutiones
2373 3508 2753 3561 contemnunt.
2782 3501 2988 3574 Nempe
3019 3504 3108 3560 ille
3127 3506 3196 3562 de
3217 3508 3359 3564 caelo
3379 3511 3628 3578 veniens,

2049 3594 2106 3640 et
2138 3586 2504 3646 immaculata
2527 3606 2852 3665 semperque
2876 3593 3086 3667 Virgini
3116 3595 3297 3666 Matri,
3323 3607 3632 3659 communis

2029 3677 2222 3734 .totius
2280 3681 2464 3737 mundi
2521 3681 2716 3738 salutis
2788 3685 3037 3742 nuntium
3093 3688 3446 3761 signiﬁcans,
3504 3709 3630 3751 cum

2049 3783 2211 3838 quem
2234 3771 2348 3840 ipsa
2367 3773 2614 3840 paritura
2632 3784 2752 3832 erat
2777 3775 3126 3836 Servatorem
3150 3783 3416 3852 omnium,
3433 3785 3630 3842 Filium

2049 3861 2315 3921 Altissimi
2344 3878 2592 3924 vocatum
2621 3871 2687 3926 iri
2723 3870 3121 3941 proclamabat,
3149 3883 3202 3930 et
3235 3874 3454 3934 Davidis
3474 3880 3628 3935 thro.

2051 3971 2180 4009 num
2211 3967 2628 4028 occupaturum,
2659 3976 2994 4036 regnumque
3022 3966 3186 4037 207
3219 3969 3338 4024 sine
3385 3971 3492 4026 line
3531 3974 3628 4026 ha-

2050 4048 2312 4106 biturum.
2349 4052 2490 4118 Quin
2525 4055 2661 4110 adeo
2705 4072 2956 4129 magnum
3020 4061 3199 4128 ipsum
3234 4059 3472 4118 futurum
3505 4079 3628 4120 cum

2049 4151 2331 4211 assumpta
2354 4158 2572 4213 quoque
2591 4155 2780 4200 natura
2813 4150 3120 4217 portendit;
3152 4151 3334 4207 sciens
3359 4152 3616 4208 nimirum

2049 4232 2198 4288 illum
2229 4245 2285 4290 et
2323 4249 2473 4292 nunc
2497 4246 2552 4290 et
2583 4247 2740 4292 antea
2767 4247 2822 4293 et
2852 4253 3077 4308 semper
3099 4243 3481 4309 exsistentem,
3513 4262 3627 4300 ma-

2049 4340 2322 4396 gnumque
2376 4337 2433 4382 et
2483 4343 2646 4396 super
2699 4331 2884 4385 omnia
2943 4329 3132 4386 Deum.
3185 4331 3477 4406 Propterea
3530 4353 3626 4394 rex

366 4432 548 4501 μέγαν
571 4430 726 4496 ὅντα,
757 4430 855 4484 καὶ
886 4429 982 4483 ἐπὶ
1015 4429 1237 4483 πάντων
1285 4426 1418 4480 Θεὸν
1463 4425 1593 4480 ὄντα
1614 4442 1628 4458 ο
1668 4425 1944 4497 τοιγάρτοι

2054 4433 2264 4488 regum,
2288 4428 2344 4474 et
2369 4419 2424 4474 in
2448 4421 2662 4501 multas
2703 4428 2892 4492 gentes
2939 4421 3251 4492 dominans,
3283 4429 3444 4482 etiam
3486 4446 3626 4498 qua-

365 4522 626 4594 βασιλεὺς
655 4520 766 4575 τῶν
808 4519 1224 4591 βασιλευόντων,
1257 4520 1369 4572 καὶ.
1402 4516 1588 4588 ἄρχων
1618 4515 1831 4569 πολλῶν
1855 4515 1947 4570 ἑθ-

361 4612 520 4666 νῶνό
569 4610 946 4682 Ἐμμανουὴλ,
981 4609 1075 4664 καὶ
1113 4609 1188 4672 ὡς
1221 4607 1512 4679 ἄνθρωπος
1538 4607 1943 4678 ἐχρημάτισεν·

362 4701 733 4774 ὑπερίδρυται
755 4704 865 4773 γὰρ
899 4701 1055 4754 οὐδὲν
1083 4695 1269 4772 ἦττον,
1319 4701 1414 4754 καὶ
1465 4698 1609 4752 κατὰ
1641 4701 1859 4752 πάντων
1887 4698 1949 4750 τό

361 4809 422 4846 τε
461 4794 659 4862 κράτος
683 4793 776 4845 καὶ
824 4792 924 4862 τὴν
957 4791 1236 4862 ὑπεροχὴν
1261 4790 1549 4859 κέκτηται,
1590 4790 1648 4842 ὲν
1689 4791 1802 4852 τοῖς
1843 4788 1946 4858 τῆς

362 4881 620 4952 θεότητος
669 4881 766 4936 καὶ
828 4881 970 4954 μετά
1011 4881 1217 4953 σαρκὸς
1260 4869 1580 4951 διαπρέπων
1621 4879 1946 4949 πλεονεκτή-

364 4987 505 5042 μασι
529 4987 547 5004 ο
575 4970 679 5026 κᾶν
705 4972 1055 5043 ἔπτὼχευσεν
1103 4967 1245 5026 ἑκὼν
1269 4973 1338 5043 τῇ
1388 4971 1510 5043 θείᾳ
1537 4969 1945 5037 συγκαταϐάσει

355 5063 739 5136 χρησάμενος,
768 5064 868 5134 τὴν
902 5063 1026 5118 καθ’
1067 5065 1218 5135 ἡμᾶς
1253 5061 1526 5133 πτωχείαν
1557 5062 1735 5125 ἐνδὺς,
1768 5061 1844 5124 ὼς
1877 5064 1946 5114 ἂν

360 5157 526 5228 ἡμεῖς
558 5154 657 5226 τὴν
687 5155 898 5209 ἐκείνου
920 5153 1485 5223 καταπλουτισθῶμεν
1515 5151 1748 5224 θεότητα
1773 5169 1784 5181 ’
1815 5153 1946 5208 οῦκ-

359 5245 459 5301 οῦν
506 5240 658 5301 πᾶσα
685 5247 928 5318 ἀνάγκη,
972 5247 1033 5300 τδ
1069 5245 1470 5317 τοῦ-Σωτῆρος
1507 5245 1661 5315 ἡμῶν
1707 5244 1943 5315 Χριστοῦ

357 5339 454 5396 διὰ
507 5341 727 5398 πάντων
778 5342 1134 5419 εἰσφέρεσθαι
1186 5342 1479 5414 πρόσωπον
1505 5359 1519 5372 ⁸
1563 5341 1831 5413 βασιλέως
1887 5341 1945 5394 δὲ

359 5434 729 5504 ἀνισταμένου
767 5436 864 5490 καὶ
895 5433 1141 5490 τοιούτου
1173 5433 1463 5507 βασιλέως,
1502 5433 1798 5490 ἀκόλουθόν
1827 5451 1946 5498 πως

357 5522 460 5580 καὶ
495 5525 775 5598 εὐπρεπὲς
821 5528 918 5580 καὶ
964 5527 1236 5598 ἄρχοντας
1293 5526 1566 5598 ὑπάρχειν
1617 5526 1942 5596 ἀναλόγους,

358 5613 492 5686 Ξθνη
519 5631 582 5669 τι
603 5615 996 5688 ὑποτετάχθαι,
1017 5619 1112 5672 καὶ
1133 5620 1231 5688 οὐχ
1255 5616 1466 5682 ἀπλῶς,
1502 5617 1561 5671 ἀ)
1572 5616 1639 5670 λά
1666 5617 1843 5673 πάντα
1875 5617 1944 5672 τά

361 5700 525 5777 εθνηο
551 5703 770 5760 πάντων
791 5705 905 5778 γάρ
925 5705 1188 5772 Βασιλεύς
1213 5709 1329 5760 ἑστι
1349 5709 1445 5766 καὶ
1474 5705 1680 5780 Κύριος
1702 5723 1718 5738 ο
1751 5704 1943 5780 ὥσπερ

685 5801 954 5865 Panos.
994 5803 1113 5865 Gn.
1163 5805 1228 5867 ε.
1283 5879 1289 5884 _

2050 4517 2210 4564 tenus
2244 4496 2784 4576 homo,'Emmamtel
2833 4521 2950 4568 .cst.
2981 4512 3165 4584 JEque
3207 4518 3352 4570 enim
3395 4521 3626 4586 eminet,

2045 4609 2101 4654 et
2132 4615 2243 4666 pra:
2287 4601 2538 4656 omnibus
2589 4604 2830 4671 patentia
2877 4619 2942 4660 ac
2995 4606 3257 4676 dignitate
3290 4607 3458 4679 pollet
3513 4622 3624 4666 tum

2048 4693 2350 4747 divinitatis
2371 4704 2479 4748 tum
2506 4697 2688 4749 carnis
2705 4698 2982 4752 attributis
3009 4700 3625 4773 prarditus;quanquam

2047 4799 2254 4854 pauper
2281 4784 2385 4842 fuit
2435 4796 2650 4858 sponte,
2700 4787 2882 4841 divina
2933 4791 3400 4850 condescensione
3442 4806 3623 4862 utens,

2049 4889 2348 4948 nostraque
2391 4879 2572 4949 inopia
2602 4880 2846 4946 indutus,
2879 4890 2938 4935 ut
2987 4896 3086 4936 uos
3123 4883 3410 4940 divinitate
3459 4887 3627 4957 ipsius

2047 4975 2366 5025 ditaremur.
2409 4971 2642 5026 Prorsus
2683 4972 2868 5041 itaque
2923 4988 3149 5031 necesse
3178 4984 3288 5044 est,
3313 4978 3626 5035 Servatoris

2048 5063 2216 5118 nostri
2241 5063 2446 5118 Christi
2473 5064 2526 5117 in
2555 5065 2768 5120 cunctis
2809 5065 3000 5122 adesse
3023 5082 3339 5137 personam.
3379 5072 3626 5143 Cumque

2046 5171 2142 5209 rex
2175 5164 2358 5209 tantus
2392 5155 2464 5208 sit
2513 5157 2863 5222 constitutus,
2897 5160 3148 5230 sequitur
3180 5165 3626 5234 conveniensque

2047 5256 2131 5302 est
2163 5247 2436 5317 principes
2477 5263 2693 5317 quoque
2757 5251 2909 5320 regni
2965 5254 3080 5308 Iicri
3119 5265 3534 5315 consentaneus,
3570 5266 3626 5308 et

2046 5350 2234 5408 gentes
2251 5353 2376 5394 esse
2391 5339 2688 5410 subjectae,
2716 5359 2814 5398 nec
2837 5348 3269 5416 quomodolibet,
3287 5347 3380 5402 sed
3398 5359 3626 5403 cunctas

2045 5431 2268 5486 omnino
2285 5441 2507 5501 gentes;
2534 5444 2618 5489 est
2639 5437 2783 5491 enim
2807 5439 3047 5492 omnium
3070 5452 3167 5492 rex
3189 5453 3255 5494 ac
3272 5437 3628 5502 Dominus,et

2046 5523 2189 5578 sicut
2218 5526 2458 5578 omnium
2483 5542 2605 5580 cum
2629 5526 2792 5584 Patre
2811 5529 2864 5583 in
2896 5529 3052 5594 coelo,
3080 5530 3152 5584 ita
3182 5539 3239 5585 et
3261 5531 3313 5584 in
3345 5540 3489 5587 terra
3507 5549 3627 5588 om-

2045 5615 2196 5670 nium
2233 5617 2442 5687 pariter
2470 5618 2729 5675 Dominus
2777 5629 3214 5690 praepotensqne.
3245 5619 3371 5678 ideo
3419 5623 3623 5680 dictum

2045 5717 2124 5764 est
2156 5724 2169 5762 :
2195 5703 2265 5759 Et
2289 5708 2378 5778 qui
2408 5720 2584 5780 surget
2611 5713 2680 5762 ad
2707 5710 3092 5765 dominantium
3121 5712 3389 5781 gentibus,
3417 5712 3472 5768 in
3512 5715 3628 5781 ipso

3186 5806 3267 5869 22
