4054 6204
417 331 522 394 687

1435 335 1503 396 s.
1546 335 1967 396 NICEPHO’RI
2005 309 2506 394 PATRIARCHrE
2539 331 2650 392 σι).

3563 333 3672 400 688

421 439 584 513 ἁφῆς
617 437 728 510 τῆς
759 440 1152 514 ἐπιχορηγίας
1198 441 1326 497 κατ’
1350 440 1660 512 ἐνέργειαν
1708 445 1780 498 ἐν
1803 441 2000 514 μέτρῳ
2033 443 2174 511 ἐνὸς
2201 441 2466 497 ἑκάστου
2515 442 2766 512 μέλους,
2794 440 2910 508 τὴν
2971 441 3238 510 αὔξησιν
3267 443 3374 498 τοῦ
3396 443 3676 514 σώματος

421 533 671 590 ποιεῖται
697 537 786 602 είς
808 534 1136 606 οἰκοδομὴν
1161 537 1349 591 αὐτοῦ
1373 536 1445 590 ἐν
1465 534 1692 606 ἀγάπῃ.
1763 537 1872 592 Καὶ
1916 536 2078 591 πάλιν
2099 553 2114 570 ο
2149 537 2279 590 Ὅτι
2315 539 2348 590 ό
2369 535 2526 604 ἀνὴρ
2574 532 2810 604 κεφαλή
2871 531 2982 604 τῆς
3019 535 3332 604 γυναικὸς,
3372 535 3528 590 οὕτω
3573 537 3676 591 καὶ

420 628 453 681 ὁ
473 626 728 698 Χριστὸς
743 627 981 696 κεφαλὴ
999 626 1110 696 τῆς
1153 629 1528 696 Ἐκκλησίας,
1543 660 1556 676 ι

489 717 784 788 Postquam
817 720 999 788 itaque
1020 726 1182 788 caput
1201 728 1256 773 et
1287 719 1501 774 initium
1533 721 1774 775 omnium
1802 729 1993 776 osten-
2023 725 2068 776 Α

421 807 500 862 dit
543 821 664 862 esse
692 805 972 861 Christum
1001 821 1156 862 sacer
1201 808 1512 878 Apostolus,
1538 825 1831 882 regemque
1869 810 1992 864 uni-

419 913 703 953 versorum
755 897 1172 964 demonstravit,
1225 899 1420 955 deinde
1476 901 1686 957 inducit
1742 900 1992 958 eumdem

419 990 766 1046 «rodentibus
801 1005 1018 1062 quoque
1047 991 1100 1046 in
1149 992 1347 1061 ipsum,
1380 993 1700 1065 largientem
1747 1008 1992 1063 regnum,

421 1084 512 1138 ubi
541 1084 618 1138 ait
651 1100 666 1137 :
704 1082 894 1154 Itaque
946 1101 1162 1156 regnum
1197 1087 1462 1140 immobile
1496 1087 1858 1154 suscipientes,
1899 1085 1995 1138 ha-

2179 707 2335 762 Ἐπεὶ
2364 703 2458 762 οὖν
2477 705 2719 777 κεφαλὴν
2747 706 2843 760 καὶ
2863 705 3038 776 ἀρχὴν
3068 707 3286 761 πάντων
3315 709 3562 782 ἀπέφηνε
3584 715 3681 769 τὸν

2099 800 2336 872 Χριστὸν
2365 799 2394 852 ὁ
2433 799 2576 870 ἱερὸς
2624 799 2966 863 Ἀπόςτολος,
3002 800 3099 854 καὶ
3124 799 3355 870 βασιλέα
3399 805 3510 858 τῶν
3537 807 3683 864 ὅλων

2097 890 2500 954 ἀποδείκνυσιν,
2537 889 2750 958 εἰσάγει
2780 889 2944 943 αὑτὸν
2977 889 3072 943 καὶ
3107 892 3224 954 τοῖς
3245 899 3679 952 πεπιστευκόσιν

2095 981 2246 1052 αὐτῷ
2299 981 2576 1052 βασιλείαν
2623 981 3006 1054 χαριζόμενον,
3078 983 3136 1035 ὲν
3199 978 3282 1046 οἷς
3334 1002 3468 1057 φησι
3501 1005 3516 1018 ⁸
3576 991 3680 1044 Διὸ

2090 1073 2424 1140 ,βασιλείαν
2479 1070 2829 1127 ἀσάλευτον
2900 1074 3480 1144 παραλαμϐάνοντες
3539 1079 3682 1149 ἔχο-

420 1177 600 1229 bemtts
631 1175 886 1244 gratiam,
929 1191 1021 1243 per
1057 1191 1213 1246 quam
1251 1178 1542 1231 serviamus
1581 1176 1844 1244 placentes
1885 1173 1992 1228 Deo

2100 1181 2208 1234 μεν
2229 1164 2428 1246 χάριν,
2447 1163 2523 1217 δι’
2541 1159 2617 1234 ἧς
2634 1165 3007 1234 λατρεύομεν
3028 1167 3374 1235 εὐαρέστως
3411 1169 3494 1236 τῷ
3522 1173 3672 1238 Θεῷ,

420 1281 542 1319 cum
573 1275 712 1319 metu
751 1273 800 1318 et
841 1268 1132 1320 reverentia
1163 1266 1230 1320 "‘.
1267 1266 1332 1320 Et
1365 1285 1378 1322 :
1405 1266 1622 1321 Gratias
1644 1274 1856 1336 agentes
1881 1264 1993 1320 Deo

2100 1256 2244 1326 μετὰ
2263 1254 2472 1322 αἰδοῦς
2503 1255 2602 1309 και
2620 1257 2957 1323 εὐλαϐείας.
2981 1257 3124 1310 Καί·
3153 1262 3680 1338 Εὐχαριστοῦντες

419 1354 602 1420 Patri,
635 1357 727 1418 qui
759 1354 972 1409 idoneos
1008 1373 1102 1410 nos
1139 1355 1261 1422 fecit
1293 1357 1346 1410 in
1371 1365 1575 1426 partem
1601 1357 1758 1410 sortis
1779 1365 1992 1409 sancto-

421 1463 540 1501 rum
576 1449 632 1502 in
667 1449 900 1511 lumine;
937 1448 1026 1517 qui
1053 1449 1243 1516 eripuit
1269 1464 1367 1501 nos
1383 1449 1447 1501 de
1475 1459 1729 1516 potestate
1756 1446 1996 1501 tenebra-

421 1555 540 1594 rum
577 1547 627 1593 et
665 1538 942 1592 transtulit
983 1539 1038 1592 in
1072 1556 1300 1608 regnum
1330 1537 1465 1594 Filii
1517 1541 1820 1595 dilectionis
1860 1555 1990 1604 sum,

420 1631 473 1686 in
513 1647 617 1701 quo
646 1630 898 1684 habemus
939 1630 1368 1698 redemptionem,
1421 1632 1779 1686 remissionem
1811 1648 1996 1702 pecca-

422 1731 595 1774 torum
616 1721 684 1774 “.
719 1717 792 1774 Ut
815 1729 996 1774 autem
1031 1719 1126 1774 lilii
1153 1720 1400 1775 simulet
1424 1719 1622 1776 fratres
1647 1731 1702 1776 et
1731 1723 1994 1788 haeredes,

421 1813 858 1868 animadvertere
895 1811 1153 1867 debemus
1185 1827 1200 1865 :
1247 1811 1422 1868 Sicuti
1445 1830 1578 1867 nunc
1607 1813 1890 1868 revelatum
1917 1823 1992 1866 est

422 1903 622 1957 sanctis
650 1899 904 1970 apostolis
943 1907 994 1954 et
1038 1901 1300 1970 prophetis
1331 1902 1388 1954 in
1413 1901 1644 1971 Spiritu,
1685 1913 1861 1971 gentes
1887 1917 1997 1957 esse

421 1991 588 2064 309
598 1988 892 2044 cohmredes
913 1999 960 2044 et
979 1990 1379 2057 consarporales
1398 2000 1445 2044 et
1459 1993 1856 2059 comparticipes
1873 2007 1995 2059 pro-

2095 1346 2176 1412 τῷ
2204 1345 2386 1414 Πατρὶ
2410 1344 2490 1410 τῷ
2517 1343 2878 1400 ἱκανώσαντι
2902 1345 3057 1415 ἡμᾶς
3081 1337 3168 1416 εὶς
3191 1349 3305 1416 τὴν
3320 1353 3538 1420 μερίδα
3568 1355 3680 1408 τοῦ

2095 1438 2324 1507 κλήρου
2360 1435 2479 1490 τῶν
2525 1438 2710 1506 ἁγίων
2755 1439 2826 1492 ἐν
2876 1437 2958 1504 τῷ
3006 1441 3158 1510 φωτί
3184 1459 3198 1472 ·
3251 1439 3320 1510 ὃς
3377 1445 3682 1512 ἐρρύσατο

2095 1529 2254 1598 ἡμᾶς
2285 1529 2354 1582 ἐκ
2404 1527 2514 1596 τῆς
2569 1529 2864 1596 ἐξουσίας
2915 1530 3023 1584 τοῦ
3053 1533 3340 1600 σκότους,
3395 1535 3496 1588 καὶ
3531 1553 3680 1604 μετ-

2095 1619 2366 1688 έστησεν
2418 1622 2506 1687 είς
2537 1617 2654 1687 τὴν
2665 1620 2999 1684 ,βασιλείαν
3021 1621 3128 1676 τοῦ
3156 1623 3293 1676 Υίοῦ
3309 1622 3419 1691 τῆς
3436 1625 3682 1695 ἀγάπης

2094 1712 2305 1776 αὑτοῦ,
2328 1711 2398 1766 ἐν
2413 1705 2462 1779 ᾧ
2483 1713 2703 1780 ἔχομεν
2715 1712 2836 1778 ,τὴν
2857 1713 3302 1781 ἀπολύτρωσιν,
3320 1715 3436 1783 τὴν
3455 1717 3684 1786 ἄφεσιν

2095 1803 2217 1858 τῶν
2247 1803 2702 1875 ἁμαρτημάτων.
2747 1804 2838 1869 Ὠς
2865 1805 2924 1859 δὲ
2971 1806 3162 1871 τέκνα,
3185 1809 3281 1862 καὶ
3315 1809 3559 1879 ἀδελφοὶ,
3582 1811 3684 1867 καὶ

2095 1897 2428 1968 κληρονόμοι
2454 1899 2502 1950 oi
2541 1896 2720 1960 αὐτοὶ,
2759 1898 3054 1971 προσέχειν
3079 1899 3218 1953 δέον·
3265 1901 3361 1968 Ὠς
3411 1903 3530 1957 νῦν
3560 1905 3682 1960 ἀι-

2095 1987 2404 2055 εκαλύφθη
2432 1985 2559 2052 τοῖς
2581 1977 2776 2056 ἁγίοις
2803 1989 3178 2052 ἀποστόλοις
3215 1991 3313 2047 καὶ
3334 1995 3683 2063 προφήταις

422 2083 690 2137 missionis
711 2081 826 2150 ejus
850 2083 902 2132 in
935 2079 1147 2135 Christo
1184 2077 1312 2134 Iesu
1340 2097 1433 2150 per
1452 2079 1817 2152 Evangelium,
1841 2084 1994 2152 cujus

2100 2076 2168 2132 ἐν
2213 2077 2531 2147 Πνεύματι,
2561 2074 2717 2132 εἶναι
2775 2078 2848 2133 τὰ
2880 2079 3026 2147 ἔθνη
3062 2085 3558 2154 συγκληρονόμα,
3579 2086 3680 2140 καί

421 2173 602 2244 factus
623 2188 736 2226 sum
757 2171 996 2225 minister
1007 2171 1051 2202 ⁸⁷
1063 2169 1422 2244 .—Audacius
1435 2181 1614 2226 autem
1629 2173 1816 2241 scripsi
1833 2173 1994 2240 vobis,

421 2264 615 2329 fratres
637 2299 651 2323 ,
679 2273 744 2312 ea:
780 2268 930 2326 parte
949 2296 964 2323 ,
1008 2267 1262 2328 tanquam
1297 2261 1351 2312 in
1380 2260 1686 2313 memoriam
1711 2275 1802 2314 uos
1833 2261 1996 2316 redu-

419 2371 562 2414 cens,
584 2363 794 2422 propter
807 2353 1045 2422 gratiam
1069 2366 1184 2420 qua:
1205 2351 1332 2404 data
1349 2360 1422 2404 est
1448 2350 1580 2404 mihi
1601 2367 1633 2404 a
1664 2349 1791 2416 Deo,
1808 2363 1862 2405 ut
1895 2353 1996 2406 sim

421 2444 660 2498 minister
675 2442 804 2496 Jesu
822 2441 1020 2496 Christi
1041 2443 1095 2496 in
1121 2440 1382 2512 gentibus,
1404 2443 1742 2512 sanctiﬁcans
1759 2442 1998 2514 Evange-

421 2537 576 2601 lium,
632 2543 690 2590 ut
725 2535 824 2604 ﬁat
875 2534 1070 2591 oblatio
1106 2535 1338 2606 gentium
1381 2544 1615 2604 accepta,
1666 2537 1998 2602 sanctiﬁcata

421 2629 480 2682 in
504 2626 715 2696 Spiritu
733 2636 918 2680 sancto
947 2625 1016 2680 ⁸³.
1052 2623 1122 2678 Ει
1144 2624 1342 2679 deinde
1375 2641 1388 2677 :
1415 2625 1539 2680 Non
1563 2625 1699 2681 enim
1719 2628 1996 2697 accepistis

421 2718 670 2788 spiritum
695 2715 964 2770 servitutis
986 2716 1180 2769 iterum
1205 2715 1276 2768 ad
1311 2711 1574 2781 timorem,
1599 2717 1690 2770 sed
1723 2719 1995 2788 accepistis

421 2811 670 2879 spiritum
693 2808 1016 2879 adoptionis,
1047 2807 1102 2862 in
1137 2823 1240 2876 quo
1259 2807 1578 2871 clamamus,
1614 2807 1786 2876 Abba,
1810 2808 1994 2864 Pater.

421 2900 552 2970 Ipse,
577 2898 812 2969 Spiritus
851 2899 1172 2969 testiﬁcatur
1197 2899 1412 2968 spiritui
1438 2910 1640 2968 nostra,
1659 2899 1798 2972 quod
1830 2903 1994 2956 simus

420 2992 524 3062 ﬁlii
543 2992 657 3048 Dei.
685 2991 840 3058 Quod
857 2992 902 3046 si
919 2991 1042 3061 ﬁlii,
1063 3003 1108 3045 et
1125 2989 1377 3054 hazredes;
1396 2991 1628 3047 hwredes
1645 2994 1855 3062 quidem
1874 2993 1994 3060 Dei,

423 3087 719 3140 coheredes
743 3093 916 3137 autem
947 3083 1146 3138 Christi
1157 3083 1229 3137 ⁵⁸.
1252 3083 1512 3153 Etpostea
1543 3102 1558 3140 :
1585 3085 1725 3150 Quia
1739 3085 1854 3154 jam
1892 3103 1995 3140 non

427 3195 482 3232 es
505 3194 706 3242 seruus,
755 3177 845 3230 sed
875 3175 1026 3245 ﬁlius
1074 3187 1121 3229 et
1161 3177 1329 3231 Itwres
1366 3177 1461 3230 Dei
1484 3193 1579 3247 per
1623 3177 1891 3232 Christum
1925 3179 1992 3234 °°.

427 3267 638 3334 Quibus
667 3265 850 3321 verbis
877 3265 1201 3320 consonabit
1231 3264 1370 3320 alius
1401 3265 1720 3335 theologus:
1748 3263 1898 3318 Dedit
1921 3265 1996 3332 eis

423 3369 731 3430 potestatem
754 3357 896 3426 filios
930 3355 1026 3410 Dei
1054 3355 1193 3426 ﬁeri,
1231 3356 1312 3410 his
1337 3356 1428 3426 qui
1463 3355 1682 3410 credunt
1711 3355 1765 3408 in
1787 3355 1996 3426 nomine

424 3455 542 3521 ejus
563 3451 630 3506 ⁸⁸.
657 3451 832 3505 Addet
853 3447 937 3502 bis
974 3445 1256 3519 Evangelii
1280 3447 1510 3518 [quoque
1533 3447 1784 3502 miuiSter
1807 3463 1822 3500 :
1853 3445 1997 3511 Quia

425 3560 516 3599 ros
545 3543 671 3598 estis
715 3557 903 3610 corpus
931 3536 1154 3606 Christi,
1193 3547 1242 3592 et
1293 3537 1526 3592 membra
1552 3551 1617 3592 ex
1663 3549 1810 3605 parte
1839 3536 1908 3591 ⁸³.
1929 3565 2000 3578 --

426 3634 651 3691 Decebat
681 3634 817 3688 enim
839 3649 983 3699 eum,
1007 3639 1220 3703 propter
1245 3647 1396 3702 quem
1429 3631 1638 3702 omnia,
1665 3640 1710 3682 et
1738 3645 1830 3697 per
1851 3644 2000 3699 quem

428 3727 632 3790 omnia,
666 3727 758 3797 qui
789 3725 982 3780 multos
1004 3723 1158 3797 ﬁlios
1187 3724 1244 3776 in
1291 3719 1515 3792 gloriam
1547 3719 1864 3784 adduxerat,
1899 3733 2004 3772 ιιιι-

427 3829 626 3875 ctorem
656 3817 848 3871 salutis
877 3828 1071 3872 nostra:
1103 3816 1425 3868 cruciatibus
1447 3828 1828 3868 consummare.
1865 3809 2003 3863 Nam

427 3921 478 3964 et
500 3905 903 3980 quisanctiﬁcut
927 3917 972 3961 et
1001 3908 1091 3978 qui
1121 3907 1643 3974 sanctiﬁcantur,.ex
1673 3920 1774 3958 uno
1803 3919 2000 3960 omnes.

433 4002 608 4068 Quum
631 3999 694 4054 ob
711 4015 930 4055 causam
961 4014 1065 4052 non
1086 3998 1341 4052 erubescit
1373 3996 1564 4066 fratres
1594 3995 1710 4048 illos
1735 3985 2006 4048 nominare

427 4089 612 4146 dicens
645 4106 666 4145 .'
703 4089 1045 4144 Annuntiabo
1073 4101 1261 4142 nomen
1291 4096 1439 4140 tuum
1471 4086 1728 4155 fratribus
1760 4087 1922 4150 meis;
1953 4085 2008 4136 in

430 4185 605 4238 medio
660 4181 912 4236 Ecclesia:
964 4177 1196 4232 la‘udabo
1241 4189 1290 4232 te
1341 4178 1406 4232 ⁸³.
1453 4177 1520 4231 Ει
1567 4192 1753 4231 rursus
1801 4191 1816 4229 :
1861 4177 2008 4242 Quos

431 4276 700 4350 pra'scirit
744 4285 792 4329 et
840 4272 1239 4343 prtrdestinavit
1291 4271 1588 4341 conformes
1630 4269 1750 4339 ﬁeri
1791 4268 2010 4339 imagini

434 4365 566 4424 Filii
596 4371 704 4434 sui,
737 4378 792 4422 ut
829 4367 896 4422 sit
949 4367 1060 4436 ipse
1097 4365 1480 4436 primogenitus
1515 4365 1571 4418 in
1617 4362 1799 4418 multis
1825 4361 2010 4432 {ratri-

435 4466 530 4518 bus
579 4460 646 4516 “.
695 4461 762 4515 Et
815 4468 1116 4528 praeterea:
1153 4455 1221 4510 In
1277 4473 1379 4528 quo
1436 4456 1794 4509 abundantius
1832 4452 2008 4508 volens

434 4553 578 4607 Deus
607 4547 882 4604 ostendere
906 4546 1305 4616 pollicitationis
1345 4535 1639 4598 liceredibus
1673 4543 2012 4597 immobilita-

437 4652 539 4699 tem
583 4641 798 4696 consilii
833 4640 938 4702 sui,
993 4637 1306 4706 interposuit
1347 4635 1769 4709 jusjurandum;
1815 4645 1869 4688 ut
1918 4651 2010 4703 per

2013 3414 2066 3474 C

2101 2169 2531 2239 σύσσωμα,και
2567 2169 2919 2240 συμμέτοχα
2957 2169 3070 2240 τῆς
3095 2172 3470 2243 ἐπαγγελίας
3488 2175 3682 2230 αὐτοῦ

2099 2260 2171 2318 ἐν
2199 2259 2449 2330 Χριστῷ,
2497 2261 2598 2315 διὰ
2630 2263 2738 2316 τοῦ
2774 2263 3150 2333 Εὐαγγελίου
3204 2265 3504 2332 ἐγενήθην
3551 2266 3684 2321 διά-

2101 2369 2304 2418 κονος.
2323 2381 2394 2393 -—
2415 2353 2856 2423 Τολμηρότερον
2875 2353 2945 2408 δὲ
2959 2355 3194 2424 ἔγραψα
3215 2355 3377 2424 ὑμῖν,
3398 2357 3678 2426 ἀδελφοὶ.

2100 2444 2219 2500 ἀπὸ
2243 2447 2487 2514 μέρους,
2521 2445 2603 2508 ὠς
2637 2445 3196 2516 ἐπαναμιμνήσκων
3222 2447 3378 2515 ὑμᾶς
3430 2449 3530 2501 διὰ
3561 2448 3682 2517 τὴν

2101 2537 2279 2607 χάριν
2315 2538 2432 2606 τὴν
2457 2537 2744 2594 δοθεῖσάν
2765 2555 2870 2607 μοι
2911 2539 3032 2593 ὑπὸ
3077 2539 3185 2592 τοῦ
3233 2539 3406 2605 Θεοῦ,
3466 2541 3557 2605 εις
3609 2540 3680 2594 τὸ

2100 2627 2256 2689 εἷναί
2286 2649 2364 2702 με
2387 2630 2746 2701 λειτουργὸν
2778 2629 2977 2698 Ἰησοῦ
2997 2629 3260 2700 Χριστοῦ
3288 2633 3377 2696 εις
3399 2631 3472 2684 τὰ
3503 2631 3678 2698 ἔθνη,

2101 2720 2524 2792 ἱερουργοῦντα
2551 2719 2615 2772 τὸ
2649 2705 3021 2790 Εῦαγγέλιον
3057 2718 3164 2772 τοῦ
3196 2718 3346 2774 Θεοῦ
3378 2735 3393 2749 ο
3446 2720 3547 2772 ἵνα
3585 2720 3682 2790 γό-

2101 2828 2276 2881 νηται
2327 2813 2366 2880 ἡ
2408 2813 2725 2881 προσφορὰ
2776 2811 2896 2864 τῶν
2943 2809 3138 2866 ἐθνῶν
3183 2811 3678 2880 εὐπρόσδεκτος,

2101 2901 2439 2974 ἡγιασμένη
2489 2903 2558 2957 ἐν
2606 2903 2905 2971 Πνεύματι
2953 2902 3118 2972 ἁγίῳ.
3172 2901 3282 2957 Καὶ
3347 2897 3506 2957 sis-2'
3543 2903 3680 2957 "Ott

2102 2996 2213 3049 οὐκ
2245 2993 2494 3048 ἐλάϐετε
2527 2993 2766 3062 πνεῦμα
2790 2993 3076 3058 δουλείας
3097 2991 3289 3046 πάλιν
3315 2995 3406 3060 είς
3457 2994 3674 3063 φόϐον,

2102 3083 2240 3137 ἀλλ’
2267 3083 2507 3137 ἐλάϐετε
2539 3082 2777 3152 πνεῦμα
2817 3083 3156 3147 υἱοθεσίας,
3178 3081 3248 3136 ἐν
3276 3075 3339 3149 (If
3363 3080 3672 3152 κράζομεν,

2115 3172 2290 3226 Ἀϐϐὰ
2317 3175 2350 3226 ό
2378 3171 2581 3240 Πατήρ
2607 3187 2622 3204 ·
2678 3170 2826 3227 αὐτὸ
2855 3168 2948 3225 τὸ
2990 3171 3236 3240 Πνεῦμα
3267 3155 3684 3240 συμμαρτυρεῖ

2101 3260 2183 3328 τῷ
2214 3263 2508 3334 πνεύματι
2529 3261 2698 3333 ἡμῶν
2723 3262 2814 3316 ὅτι
2841 3260 3032 3332 ἐσμὲν
3063 3261 3250 3318 τέκνα
3273 3261 3423 3316 Θεοῦ
3454 3277 3470 3293 ο
3522 3265 3580 3317 si
3607 3261 3680 3317 δὲ

2090 3353 2307 3420 ιτέκνα,
2353 3355 2450 3408 καὶ
2496 3355 2885 3424 κληρονόμοι,
2925 3353 3293 3422 κληρονόμοι
3335 3352 3454 3422 μὲν
3501 3351 3675 3420 Θεοῦ,

2101 3447 2585 3516 συγκληρονόμοι
2633 3442 2702 3499 δὲ
2758 3443 3045 3518 Χριστοῦ.
3105 3443 3215 3496 Καὶ
3247 3443 3456 3498 ,ἔπειτα
3489 3460 3506 3475 ο
3545 3443 3680 3497 Ὀτι

2101 3537 2303 3592 οὐκέτι
2358 3533 2416 3592 el
2467 3536 2716 3602 δοῦλος,
2749 3535 2933 3590 ,ἀλλὰ
2981 3535 3112 3600 υίὸς
3151 3534 3251 3588 καὶ
3287 3533 3674 3602 κληρονόμος

2103 3629 2253 3684 Θεοῦ
2300 3629 2398 3684 διὰ
2443 3628 2725 3698 Χριστοῦ.
2761 3623 2859 3691 Οἷς
2902 3627 3196 3700 συνηχήσει
3241 3626 3350 3680 τῶν
3412 3625 3679 3694 Θεολόγων

2101 3722 2288 3792 ἕτερος
2337 3721 2510 3790 λέγων
2538 3737 2552 3752 ο
2598 3719 2865 3778 Ἔδωκεν
2903 3717 3109 3784 αὐτοῖς
3149 3718 3446 3782 ἐξουσίαν
3491 3720 3682 3772 τέκνα

2106 3813 2254 3867 Θεοῦ
2297 3813 2598 3884 γενέσθαι,
2646 3813 2772 3878 τοῖς
2807 3801 3214 3865 πιστεύουσιν
3245 3811 3330 3875 εις
3377 3809 3444 3862 τὸ
3489 3809 3684 3878 ὄνομα

2103 3902 2310 3956 αὑτοῦ.
2350 3901 2620 3973 Προσθείη
2649 3901 2696 3956 δ’
2717 3901 2783 3955 ἂν
2813 3903 2842 3954 ὁ
2866 3898 2960 3954 τοῦ
2982 3897 3326 3968 Εὐαγγελίου
3349 3897 3677 3966 ἱερουργόςι

2108 3995 2235 4048 Ὅτι
2269 3993 2439 4064 ὑμεῖς
2463 3993 2604 4047 ἐστε
2631 3981 2804 4062 σῶμα
2832 3991 3092 4060 Χριστοῦ
3145 3989 3246 4044 ual
3280 3987 3440 4056 μέλη
3473 3988 3543 4040 ἐκ
3575 3985 3680 4054 ps-

2096 4100 2250 4154 ρους
2273 4099 2288 4113 ·
2311 4083 2535 4151 ἔπρεπε
2561 4079 2672 4150 γὰρ
2694 4078 2854 4144 αὑτῷ
2877 4079 2952 4133 δι’
2983 4078 3055 4133 ὃν
3095 4077 3169 4132 τὰ
3203 4077 3426 4140 πάντα,
3475 4079 3573 4129 καὶ
3604 4073 3680 4128 δι’

2106 4172 2180 4232 οὗ
2214 4173 2286 4228 τὰ
2304 4173 2522 4239 πάντα,
2543 4171 2820 4238 πολλοὺς
2847 4169 3019 4236 υἱοὺς
3039 4171 3126 4235 εις
3148 4167 3340 4231 δόξαν
3355 4167 3680 4236 ἀγαγόντα,

2107 4265 2216 4320 τὸν
2231 4256 2502 4338 ἀρχηγὸν
2522 4251 2646 4332 ’τῆς
2677 4263 2979 4332 σωτηρίας
2995 4259 3164 4330 ἡμῶν
3193 4257 3290 4313 διὰ
3314 4256 3685 4326 παθημάτων

2106 4356 2422 4414 τελειῶσαι
2443 4372 2458 4386 ι
2492 4355 2526 4408 ὅ
2554 4371 2618 4408 τε
2641 4353 2750 4424 γὰρ
2783 4353 3034 4424 ἁγιάζων
3063 4351 3164 4406 καὶ
3192 4353 3249 4405 οἱ
3278 4349 3682 4419 ἁγιαζόμενοι,

2107 4451 2176 4516 ἐξ
2191 4449 2329 4515 ἐνὸς
2346 4445 2576 4512 πάντες
2601 4461 2616 4476 ο
2648 4444 2724 4498 δι’
2755 4443 2838 4512 ἣν
2860 4445 3060 4502 αἰτίαν
3085 4445 3199 4498 οὐκ
3243 4440 3683 4508 ἐπαισχύνεται

2107 4537 2410 4608 ἀδελφοὺς
2446 4535 2670 4602 αὐτοὺς
2691 4535 2924 4596 καλεῖν,
2955 4533 3152 4604 λέγων
3177 4547 3193 4564 ο
3237 4529 3574 4600 Ἀπαγγελῶ
3618 4528 3688 4582 τὸ

2109 4615 2300 4701 ὄνομά
2318 4646 2434 4686 σου
2458 4627 2582 4695 τοῖς
2598 4626 2886 4696 ἀδελφοῖς
2906 4643 3048 4696 μου,
3075 4628 3146 4679 ἐν
3159 4621 3329 4693 μέσῳ
3345 4621 3687 4688 ἐκκλησίας

433 4736 572 4787 duas
604 4747 689 4784 res
727 4727 1040 4790 immobiles,
1095 4723 1285 4808 quibus
1323 4723 1642 4794 impossibile
1677 4729 1752 4777 est
1797 4721 2000 4777 mentiri

2107 4722 2366 4794 ὑμνήσω
2401 4737 2506 4776 σε.
2556 4719 2668 4774 Καὶ
2696 4719 2861 4772 πάλιν
2885 4735 2900 4750 ο
2948 4715 3067 4782 οὓς
3106 4713 3374 4783 προέγνω
3411 4712 3511 4766 καὶ
3545 4727 3691 4808 προ-

439 4823 628 4886 l)eum,
682 4819 911 4874 validum
939 4807 1196 4872 solatium
1239 4813 1525 4868 habeamus
1551 4814 1643 4884 qui
1674 4811 2000 4883 confugimus

2112 4811 2294 4883 ὠρισε
2313 4809 2714 4882 συμμόρφους
2748 4805 2862 4875 τῆς
2899 4805 3134 4870 εἰκόνος
3154 4803 3266 4860 τοῦ
3302 4802 3440 4857 Υιοῦ
3474 4797 3686 4863 αὑτοῦ,

438 4912 507 4965 ad
554 4915 830 4964 tenendam
860 4908 1183 4977 propositam
1224 4918 1368 4974 spem
1399 4902 1466 4958 ⁸⁸.
1503 4901 1570 4958 Et
1603 4903 1780 4958 adhuc
1813 4917 1828 4956 :
1879 4901 2000 4956 Dies

2109 4905 2197 4970 εις
2220 4903 2287 4956 τὸ
2305 4896 2460 4956 εἶναι
2483 4898 2674 4954 αὐτὸν
2703 4897 3084 4966 πρωτότοκον
3107 4895 3179 4948 ἐν
3215 4891 3472 4964 πολλοῖς
3512 4889 3690 4968 ἀδελ-

438 5005 624 5059 Jesum
675 4998 948 5056 Christum
1000 4999 1304 5052 ministrum
1358 4995 1524 5067 fuisse
1591 4993 2000 5048 circumcisionit

2113 4993 2250 5066 φοῖς
2271 5009 2284 5023 ·
2324 4994 2419 5048 καὶ
2457 4993 2553 5045 ἐπὶ
2582 4989 2796 5070 τούτοις
2818 5007 2832 5022 ο
2866 4990 2976 5044 Ἐν
3007 4981 3056 5056 ᾧ
3087 4985 3522 5056 περισσότερον
3534 4980 3690 5048 ,ϐου-

440 5105 658 5170 propter
685 5094 952 5150 ceritatem
985 5093 1103 5158 Dei,
1129 5094 1196 5146 ad
1228 5092 1618 5162 conﬁrmandos
1643 5089 2000 5158 promissione:

2113 5088 2368 5156 λόμενος
2405 5087 2437 5137 ὀ
2465 5082 2610 5150 Θεὸς
2635 5079 2928 5166 ἐπιδεῖξαι
2971 5079 3096 5144 τοῖς
3143 5075 3543 5170 κληρονόμοις
3580 5070 3691 5170 τῆς

443 5163 697 5259 patrum;
725 5195 902 5259 gentes
930 5194 1106 5238 autem
1138 5201 1294 5253 super
1320 5179 1681 5239 misericordia
1721 5179 2000 5250 gloriﬁcart

2117 5174 2480 5246 ἐπαγγελίας
2535 5171 2603 5227 τὸ
2635 5163 2999 5242 ἀμετάθετον
3023 5168 3134 5239 τῆς
3185 5164 3431 5234 ,βουλῆς
3477 5163 3694 5259 αὑτοῦ,

451 5253 635 5345 Deum,
665 5253 822 5334 sicuti
847 5277 1094 5344 scriptum
1115 5284 1188 5326 est
1217 5289 1236 5326 :
1277 5273 1556 5342 Propterea
1595 5271 1880 5338 conﬁtebor
1923 5269 1994 5322 tib

2118 5268 2512 5337 ἐμεσίτευσεν
2533 5265 2690 5332 ὅρκῳ
2713 5279 2726 5292 ·
2765 5263 2868 5317 ἵνα
2887 5261 2986 5316 διὰ
3019 5259 3130 5315 δύο
3159 5257 3522 5329 πραγμάτων
3553 5253 3692 5323 άμε-

445 5374 503 5426 in
541 5370 804 5441 gentibus,
854 5365 1098 5426 Domine,
1148 5372 1197 5415 et
1259 5365 1454 5416 nomini
1508 5373 1598 5416 tuo
1649 5360 2000 5430 psallam“'.l

2122 5358 2400 5420 ταθέτων,
2423 5355 2493 5410 ἐν
2511 5350 2602 5422 οἷς
2625 5355 2929 5410 ἀδύνατον
2955 5353 3301 5423 ψεύσασθαι
3325 5348 3495 5414 Θεὸν,
3523 5348 3696 5415 ισχυ-

3281 5555 3326 5594 ⁸⁹
3368 5552 3526 5608 Rom.
3574 5564 3694 5617 νιιι,

1818 5563 1862 5596 ⁸⁷
1905 5561 2102 5628 Epiros.
2139 5577 2220 5619 ιιι.
2255 5554 2446 5624 5,6,¹7.
2495 5558 2542 5592 ⁸⁸
2585 5559 2737 5614 Rom.
2795 5573 2886 5617 xv,
2932 5557 3017 5618 15,
3088 5555 3171 5610 ιϐ.
3281 5555 3326 5594 ⁸⁹
3368 5554 3526 5608 Rom.
3574 5564 3668 5602 νιιι

1877 5633 1920 5664 η
1954 5631 2120 5677 lCnr.
2154 5648 2250 5677 λιι-
2288 5628 2375 5677 ⁸27-
2487 5631 2532 5663 ⁸³
2579 5629 2740 5677 Hebr.
2777 5643 2834 5677 ιι.
2879 5626 3065 5677 10-12.
3177 5626 3222 5656 “
3259 5623 3420 5677 Rom.
3451 5635 3570 5677 mi.
3601 5617 3672 5672 29

3403 5657 3420 5675 ο
3454 5651 3570 5686 vui,
3605 5651 3696 5673 ινα

521 5579 568 5614 ⁵⁵
608 5577 778 5632 Hebr.
809 5589 908 5636 xu,
941 5570 1033 5624 28.
1110 5566 1156 5598 "
1195 5565 1406 5622 Colossi.
1440 5580 1480 5626 ι,
1518 5564 1606 5628 12,
1641 5565 1728 5618 15.
1818 5564 1862 5596 ⁵⁷
1905 5564 1998 5628 Epl

521 5646 641 5694 ~17.
741 5644 785 5678 ⁸⁸
825 5643 1000 5694 Galat.
1047 5652 1118 5694 ιν.
1150 5637 1206 5690 7.
1311 5637 1351 5666 "‘
1395 5635 1550 5690 Juutt.
1597 5651 1636 5694 1,
1680 5634 1760 5687 1'2.
1877 5633 1920 5664 ⁶¹
1954 5631 2000 5684 ll

2100 5601 2102 5612 .
2139 5577 2220 5619 ιιι.
2255 5564 2446 5624 5,ϋ,’1.
2495 5564 2542 5592 ⁸⁵
2585 5564 2737 5614 Rom.
2795 5573 2886 5617 xv.
2932 5564 3017 5618 15,

2100 5650 2120 5684 ·.
2154 5648 2252 5694 λιι,
2288 5628 2376 5686 ‘27.
2487 5631 2532 5663 ⁸⁸
2578 5629 2740 5684 llebr.
2777 5643 2834 5690 II,
2879 5626 3065 5681 10-12.

457 5646 641 5700 15-17.
741 5644 785 5678 ⁸⁸
825 5634 1000 5698 Gal-at.
1047 5652 1118 5700 ιν,
1150 5637 1206 5690 7.
1311 5637 1351 5666 "‘
1395 5635 1550 5690 Joatt.
1597 5651 1636 5700 ι,
1680 5634 1760 5687 ιι).

453 5717 499 5747 ⁸⁵
540 5717 700 5770 ilcbr.
736 5729 810 5777 γι,
839 5713 920 5767 ι’ῖ.
952 5710 1196 5763 “'Rum.
1229 5723 1315 5782 XV,
1350 5715 1403 5770 9.
