4054 6204
390 273 491 340 θοι
1383 289 1444 349 S.
1489 289 1904 354 NICEPHORI
1945 294 1982 352 P

2084 294 2171 352 ’RI
2180 293 2449 354 ΑΒΟΗΕ
2485 293 2595 353 CP.
3557 285 3666 350 (592

389 417 648 482 ασεᾶείας
679 421 987 494 περιουσίᾳ,
1056 423 1177 476 οὐδὲ
1215 423 1312 487 τὰς
1381 425 1571 496 ψυχὰς
1631 429 1742 481 τῶν
1829 429 2275 500 προωδευκότων,
2331 427 2776 494 εἰδωλολατρείας
2831 425 3238 496 ὲξωθήσονται·
3295 423 3362 478 δι’
3429 413 3508 477 ὧν
3574 439 3667 494 μοι

391 509 542 562 δοκεῖ
567 511 662 564 καὶ
685 509 948 576 αὔξεσθαι
971 513 1151 566 αὐτῶν
1183 514 1286 585 τὴν
1348 519 1712 589 κατηγορίαν,
1743 521 1840 574 καὶ
1888 521 2101 591 μείζοσι
2139 522 2350 585 δίκαις,
2382 521 2458 585 ώς
2485 521 2546 573 τὺ
2584 520 2752 594 εζκὸς,
2817 515 3127 586 ὑπάγεσθαι
3148 534 3164 550 ⁸
3196 515 3291 580 οὓς
3308 515 3372 587 δὴ
3405 516 3502 569 καὶ
3530 513 3669 579 ζῶσι

395 602 493 670 καὶ
537 606 752 674 νεκροῖς
802 604 1096 669 ὑποδίκους
1131 609 1533 678 γεγενημένους
1580 615 1963 680 ἀπολιπόντες,
1991 599 2099 672 ¹τοῦ
2133 615 2338 671 σκοποῦ
2397 632 2459 669 τε
2526 613 2636 668 τῶν
2681 613 3180 685 ἐγκεχειρισμένων
3243 609 3666 682 ἐπειλημμένοι,

394 695 507 750 τῶν
531 695 660 762 ἑξῆς
692 695 970 767 ιχώμεθα.

467 784 562 842 ιδ.
597 782 736 838 Nam
764 794 1038 854 quatenus
1061 795 1148 842 est
1167 790 1416 860 gentium
1439 807 1558 858 rex,
1587 798 1976 865 promissiones

2152 789 2272 864 μς’.
2305 787 2407 846 Οἷα
2440 790 2550 862 γὰρ
2578 791 2607 844 ὁ
2629 789 2737 844 τῶν
2778 788 2948 843 ἐθνῶν
2979 788 3240 860 βασιλεὺς
3266 791 3382 853 τοῖς
3411 787 3668 860 βασιλευ.

396 872 634 926 subditis
661 872 850 938 edicit,
871 875 1028 943 quasi
1049 878 1346 946 quamdam
1377 887 1880 942 remunerationem
1913 903 1976 942 ac

400 963 683 1030 prtemium
718 962 844 1020 fidei
875 981 1003 1036 erga
1029 967 1205 1037 ipsum
1237 980 1403 1040 atque
1425 971 1783 1043 obcdientim;
1810 995 1976 1048 quam

403 1070 516 1111 rem
545 1056 738 1113 audire
767 1073 952 1128 operte
983 1061 1215 1130 pretium
1244 1073 1350 1118 est.
1373 1061 1556 1120 Faciet
1584 1069 1757 1140 enim,
1779 1069 1974 1142 inquit,

403 1147 667 1202 Dominus
691 1148 834 1206 Deus
855 1151 1099 1207 Sabaoth
1125 1155 1330 1208 cunctis
1351 1157 1594 1226 gentibus
1619 1175 1778 1228 super
1799 1173 1978 1216 monte

397 1237 497 1291 hoc
524 1253 544 1291 :
592 1237 774 1292 bibent
822 1240 1090 1308 la'titiam,
1140 1242 1319 1296 bibent
1361 1245 1561 1313 uiuunt,
1605 1260 1872 1319 unguento
1905 1251 1978 1305 li-

399 1328 612 1388 uieutur
649 1330 708 1384 iu
735 1342 910 1386 meme
943 1333 1048 1386 isto
1081 1335 1150 1390 ".
1175 1335 1287 1404 Age
1318 1351 1470 1402 vero,
1501 1341 1745 1408 nunquid
1783 1341 1977 1396 horum

399 1435 555 1490 spem
623 1421 875 1478 fefellit?
930 1423 1050 1480 lino
1104 1427 1394 1482 manifeste
1448 1430 1534 1484 his
1587 1433 1772 1491 verbis
1818 1449 1977 1490 sacra

401 1515 664 1584 mysteria
710 1517 877 1573 divini
927 1519 1054 1575 doni
1099 1523 1398 1592 gratiaeque
1433 1527 1725 1592 docemur;
1779 1543 1978 1599 nempe

399 1607 629 1674 pretiosi
663 1610 950 1678 sanguinis
973 1610 1286 1670 Servatoris
1315 1618 1488 1673 nostri
1521 1617 1726 1674 Christi
1751 1621 1978 1692 partici-

399 1697 702 1764 pationem,
722 1708 778 1754 et
799 1701 978 1756 divini
994 1702 1200 1760 lavacri
1224 1709 1710 1766 sanctiﬁcationem
1734 1729 1750 1778 ;
1780 1712 1978 1782 quibus

400 1786 652 1854 profecto
677 1791 810 1862 quid
835 1791 1130 1862 jucundius
1152 1800 1354 1868 quidve
1377 1801 1614 1858 divinius
1629 1803 1703 1858 sit
1723 1803 1788 1858 ad
1808 1804 1978 1860 animi

400 1881 650 1938 laetitiam
701 1897 757 1940 et
810 1887 1310 1948 illuminationem?
1362 1893 1504 1949 Hinc
1536 1898 1712 1951 denuo
1756 1891 1979 1951 mandat

403 1973 510 2028 illis
547 1984 605 2029 ut
632 1975 699 2031 de
728 1981 973 2035 vocantis
1007 1982 1384 2040 muniﬁcentia
1430 1987 1704 2054 lmtentur,
1744 1990 1976 2044 dicens:

399 2064 628 2132 La'tare,
665 2070 888 2134 sterilis,
924 2089 1042 2143 qua:
1081 2091 1186 2129 non
1213 2079 1396 2145 paris;
1435 2096 1654 2146 erumpe
1688 2091 1740 2136 et
1778 2083 1974 2148 clama,

399 2173 522 2226 qua
546 2175 650 2214 non
679 2163 960 2230 parturis;
995 2167 1126 2234 quia
1159 2143 1340 2234 plures
1391 2169 1492 2238 ﬁlii
1541 2143 1788 2236 desertis,
1818 2143 1975 2244 quam
2007 2143 2050 2198 Β

398 2248 513 2317 eius
545 2268 666 2322 qua:
711 2255 870 2310 liabet
899 2257 1072 2311 uirum
1104 2257 1171 2314 ⁷⁸.
1205 2257 1324 2315 lam
1355 2271 1411 2315 et
1439 2266 1686 2330 quautam
1732 2263 1872 2318 bona
1925 2267 1978 2320 hi

399 2342 492 2409 qui
533 2345 602 2399 ad
654 2347 962 2403 vocationis
999 2350 1232 2420 gratiam
1267 2354 1648 2408 concurrerint
1692 2357 1803 2410 sint
1837 2357 1979 2411 rela-

401 2433 532 2497 turi,
569 2433 732 2493 facile
759 2453 1099 2508 cognoscens
1125 2442 1355 2512 quilibet
1381 2445 1519 2501 dicet
1550 2463 1564 2500 :
1599 2445 1854 2516 Tempore
1881 2449 1978 2504 illo

397 2526 691 2595 afereutur
740 2529 880 2587 dona
933 2533 1162 2589 Domino
1231 2535 1465 2593 Sabaoth
1535 2549 1644 2592 tant
1701 2559 1732 2594 a
1787 2542 1980 2610 populo

398 2618 596 2688 afflicto
626 2630 678 2674 et
711 2623 927 2690 misero,
963 2641 1121 2696 quam
1153 2643 1185 2681 a
1213 2629 1409 2696 papula
1441 2645 1666 2706 magno;
1705 2645 1769 2684 ea:
1811 2631 1908 2684 hoc
1931 2621 1978 2686 et

397 2726 564 2781 usque
593 2712 648 2766 in
682 2725 938 2770 uernum
973 2729 1176 2784 tempus
1206 2719 1277 2776 ".
1314 2719 1462 2774 Dona
1501 2732 1686 2774 autem
1721 2737 1976 2792 quamam

406 2803 806 2874 intelligantur,
839 2807 946 2864 nisi
975 2801 1197 2865 omnino
1245 2811 1421 2866 laudis
1470 2813 1720 2884 Spiritale
1771 2815 1980 2871 sacrili-

398 2895 568 2959 cium,
617 2908 672 2951 et
709 2899 997 2956 rationalis
1027 2902 1207 2957 cultus
1251 2919 1281 2957 a
1337 2907 1553 2961 cunctis
1603 2909 1695 2978 qui
1743 2917 1871 2963 sunt
1925 2909 1977 2964 in

397 2986 648 3042 Ecclesia
698 2990 914 3058 populis
957 2993 1072 3048 Deo
1115 2994 1634 3066 adhibitus;quem
1689 2997 1780 3054 ille
1812 3001 1977 3056 veluti

398 3078 628 3135 odorem
659 3083 948 3139 suavitatis
991 3087 1233 3154 excipit?
1264 3089 1420 3154 Quod
1473 3102 1653 3145 autem
1695 3093 1826 3160 ipsis
1854 3110 1976 3164 gra-

409 3172 540 3224 tiam
568 3173 906 3241 redditurus,
955 3176 1222 3246 donisque
1265 3196 1362 3236 eos
1401 3195 1851 3239 remuneraturus
1882 3186 1975 3249 sit,

400 3277 593 3318 rursus
625 3264 804 3320 dicit:
847 3264 1121 3322 Adducam
1178 3269 1319 3324 illos-
1354 3273 1410 3326 in
1463 3283 1687 3328 montem
1734 3286 1977 3330 sanctum

398 3369 600 3422 meum,
639 3365 692 3411 et
729 3358 1044 3427 jucundabo
1077 3377 1164 3417 eos
1217 3364 1272 3417 in
1318 3367 1474 3419 domo
1510 3369 1768 3422 orationis
1808 3385 1935 3422 metr
1957 3385 1978 3433 ;

2079 884 2404 958 θησομένοις
2427 882 2766 954 ἐπήγγελται
2790 882 3045 952 ποιήσειν
3069 923 3086 948 ,
3113 879 3307 952 ῶσπερ
3344 882 3669 937 ἀντέκτισίν

2077 995 2202 1032 τινα
2245 975 2338 1030 καὶ
2366 971 2505 1030 ἆθλα
2537 975 2637 1045 τῆς
2675 973 2812 1045 πρδς
2845 973 3006 1027 αὑτὸν
3054 973 3306 1044 ὑπακοῆς
3336 991 3397 1027 τε
3444 975 3544 1029 καὶ
3572 975 3670 1028 πί-

2081 1083 2252 1130 στεως
2280 1064 2614 1136 προστιθεὶς,
2642 1061 3024 1124 διακούσεσθαι
3046 1062 3217 1127 ἄξιον.
3252 1061 3504 1130 Ποιήσει
3526 1064 3667 1134 γὰρ,

2081 1158 2236 1228 φησι,
2271 1157 2489 1225 Κύριος
2519 1159 2553 1210 ό
2582 1157 2730 1222 Θεὸς
2759 1151 3004 1209 Σαϐαὼθ
3055 1153 3209 1209 πᾶσι
3235 1154 3360 1220 τοῖς
3412 1156 3668 1210 ἔθνεσιν

2078 1249 2178 1302 ἐπὶ
2203 1247 2269 1302 τὸ
2291 1247 2429 1315 ὄρος
2457 1247 2634 1301 τοῦτο
2653 1262 2668 1276 ο
2695 1247 2934 1300 πιονται
2963 1246 3384 1313 εὐφροσύνην,
3417 1247 3664 1299 πίονται

2080 1337 2271 1406 οἶνον,
2301 1340 2616 1408 χρίσονται
2648 1339 2847 1406 μύρον
2869 1337 2942 1390 ἐν
2968 1335 3047 1402 τῷ
3091 1337 3212 1405 ὄρει
3257 1337 3470 1401 τούτῳ.
3513 1332 3664 1408 Ἆρα

2079 1433 2204 1488 τίνα
2227 1432 2337 1487 τῶν
2367 1431 2590 1485 πάντων
2620 1429 2991 1498 διαπέφευγεν
3020 1446 3036 1495 ;
3075 1429 3160 1482 δτι
3189 1428 3547 1500 σαφῶς.ἠμῖν
3573 1429 3666 1486 διὰ

2078 1526 2308 1591 τούτων,
2347 1523 2458 1577 τῶν
2509 1523 2669 1594 ἱερῶν
2726 1521 3044 1594 μυστηρίων
3095 1521 3196 1591 τῆς
3249 1520 3404 1585 θείας
3447 1521 3666 1594 δωρεᾶς

2078 1633 2138 1670 τε
2166 1616 2264 1669 καὶ
2287 1616 2511 1686 χάριτος
2542 1614 2905 1685 προεισῆκται
2956 1614 3018 1666 τδ
3047 1611 3394 1666 διδασκάλιον
3415 1629 3430 1644 ο
3467 1613 3573 1684 τῆς
3601 1630 3662 1667 τε

2080 1707 2370 1770 κοινωνίας
2411 1705 2508 1760 τοῦ
2555 1705 2742 1775 τιμίου
2789 1703 3022 1775 αῐματος
3057 1703 3154 1758 τοῦ
3205 1703 3462 1775 Σωτῆρος
3501 1703 3664 1776 ήμῶν

2079 1799 2320 1872 Χριστοῦ
2343 1839 2358 1863 ,
2397 1800 2494 1851 καὶ
2525 1797 2620 1851 τοῦ
2654 1798 2932 1870 ἁγιασμοῦ
2956 1796 3053 1850 τοῦ
3089 1796 3234 1854 κατὰ
3268 1797 3331 1850 τὸ
3359 1797 3505 1850 θεῖον
3531 1797 3663 1850 λουο

2077 1893 2206 1965 τρόν
2224 1910 2237 1924 ⁸
2269 1885 2343 1945 ὧν
2373 1892 2426 1944 τί
2455 1891 2520 1945 ἂν
2545 1892 2759 1959 γένοιτο
2782 1892 2864 1954 είς
2888 1889 3230 1960 εὐφροσύνην
3255 1890 3349 1942 καὶ
3379 1891 3665 1959 φωτισμὸν

2079 1984 2257 2056 ψυχῆς
2285 1983 2638 2054 χαριέστερον
2661 1981 2696 2054 ἢ
2729 1981 3077 2052 ἐνοεέστερον
3101 1997 3116 2047 ;
3145 1979 3400 2033 ἐντεῦθεν
3427 1981 3664 2050 προστέ-

2081 2093 2216 2146 ταχε
2257 2075 2419 2128 πάλιν
2451 2074 2635 2137 αὐτοῖς
2669 2070 3060 2145 εὐφραίνεσθαι
3089 2071 3181 2124 ἐπὶ
3212 2069 3274 2124 τὸ
3303 2069 3398 2124 τοῦ
3430 2070 3664 2124 καλοῦν-

2079 2185 2171 2230 τος
2203 2165 2498 2236 φιλόδωρον
2522 2205 2537 2228 ,
2569 2165 2746 2234 λέγων
2771 2181 2787 2195 ο
2835 2162 3237 2232 Εὐφράνθητι,
3263 2161 3475 2230 στεῖρα
3506 2164 3546 2232 ἡ
3587 2163 3661 2218 σὺ

2078 2259 2391 2322 τίκτουσα,
2421 2256 2620 2326 ῥῆξον
2657 2257 2756 2311 καὶ
2788 2256 3053 2324 βόησον,
3098 2256 3137 2323 ή
3166 2256 3280 2309 οὐκ
3321 2253 3656 2316 ὠδίνουσα,

2080 2349 2170 2404 ὅτι
2212 2351 2416 2404 πολλὰ
2443 2351 2515 2403 τὰ
2539 2348 2723 2402 τέκνα
2757 2345 2867 2416 τῆς
2904 2345 3151 2417 ἐρήμου,
3185 2343 3430 2416 μᾶλλον
3471 2344 3510 2412 ἢ
3544 2343 3662 2411 τῆς

2079 2440 2352 2509 ἐχούσης
2397 2437 2504 2492 τὸν
2538 2435 2750 2502 ἄνδρα.
2808 2437 2970 2490 Ἀλλὰ
3002 2436 3110 2507 μὴν
3157 2436 3253 2490 καὶ
3282 2437 3445 2488 ὁποῖα
3489 2435 3540 2490 oi
3567 2434 3662 2487 διὰ

2080 2530 2180 2601 τῆς
2209 2533 2269 2585 ὲν
2291 2530 2476 2600 χάριτι
2509 2529 2756 2600 κλήσεως
2801 2527 3354 2599 προσδεδραμηκότες
3388 2527 3662 2582 ἀντεισοί-

2082 2639 2304 2689 σουσιν,
2355 2621 2662 2674 εὐσύνοπτοι
2711 2622 2857 2690 ὲρεῖο
2925 2621 3028 2674 Ἐν
3079 2617 3162 2686 τῷ
3206 2619 3389 2686 καιρῷ
3440 2621 3661 2685 ἐκείνῳ

2081 2715 2552 2784 ἁιένεχθήσεται
2578 2709 2736 2781 δῶρα
2756 2711 2951 2780 Κυρίῳ
2983 2710 3225 2766 Σαϐαὼθ
3243 2749 3259 2776 ,
3286 2711 3356 2764 ἐκ
3385 2709 3541 2765 λαοῦ
3569 2726 3664 2764 τε·

2081 2799 2406 2878 θλιμμένου
2434 2805 2534 2860 καί
2571 2802 2873 2867 ταπεινοῦ,
2895 2802 3015 2861 ἀπὸ
3039 2802 3196 2858 λαοῦ
3219 2801 3511 2872 μεγάλου,
3537 2801 3662 2856 ἀπὸ

2080 2901 2186 2957 τοῦ
2216 2899 2334 2954 νῦν
2379 2900 2477 2953 καί
2508 2900 2597 2964 είς
2630 2899 2736 2952 τὸν
2785 2895 2974 2950 αίῶνα
3004 2895 3260 2964 χρόνονο
3292 2893 3443 2964 δῶρα
3470 2893 3566 2960 δὲ,
3606 2892 3664 2947 τί

2080 2994 2209 3049 ἄλλο
2243 2990 2488 3062 νοηθείεν
2517 2987 2640 3059 ἃ.νῆ
2677 2989 2896 3051 πάντως
2926 2989 2961 3056 ἡ
2995 2987 3094 3056 τῆς
3117 2985 3382 3056 αίνέσεως
3413 3001 3637 3054 πνευμα

2080 3086 2210 3158 τικὴ
2237 3084 2398 3138 θυσία
2418 3125 2434 3149 ,
2461 3084 2496 3154 ή
2525 3081 2720 3152 λογικὴ
2749 3079 2974 3151 λατρεία
3002 3077 3161 3150 παρὰ
3190 3077 3414 3131 πάντων
3453 3077 3566 3130 τῶν
3601 3079 3662 3131 ἐν

2078 3181 2146 3250 τῇ
2167 3174 2470 3246 Ἐκκλησία
2496 3173 2667 3226 ἐθνῶν
2692 3169 3080 3244 προσαγομένη
3095 3168 3173 3240 τῷ
3197 3167 3339 3238 Θεῷ,
3367 3170 3433 3238 ἢν
3471 3168 3548 3232 ὡς
3571 3169 3665 3221 ὀσ-

2083 3271 2192 3342 μὴν
2224 3269 2454 3331 εὐωδίας
2484 3264 2918 3336 προσδεχόμενος
2937 3263 3084 3329 ;“Ὀτι
3110 3262 3298 3324 αὐτοῖς
3320 3263 3663 3332 ἀντιχαριεί-

2079 3381 2188 3427 ται,
2218 3361 2312 3414 καὶ
2344 3355 2426 3423 οἷς
2464 3357 3010 3426 ἁντιφιλοτιμήσεται
3043 3353 3260 3426 δώροις,
3299 3353 3460 3408 πάλιν
3487 3353 3658 3422 λέγει·

401 3443 718 3504 holocausta
743 3467 927 3506 eorum
947 3449 1295 3524 acceptabilia
1320 3467 1471 3510 erunt
1499 3458 1657 3511 altari
1679 3474 1813 3512 meo.
1838 3457 1976 3511 Nam

2086 3453 2327 3518 Είσάξω
2348 3451 2572 3516 αὐτοὺς
2599 3452 2686 3514 είς
2719 3449 2784 3502 τὸ
2813 3443 2956 3516 ὅρος
2980 3447 3044 3500 τὸ
3075 3447 3248 3518 ἅγιόν
3263 3465 3407 3515 μου,
3435 3448 3534 3501 καί
3563 3449 3664 3501 εὑ-

399 3537 590 3594 domus
620 3557 758 3606 mea,
789 3543 979 3601 domus
1015 3549 1278 3604 orationis
1307 3550 1583 3606 vocabitur
1615 3551 1817 3605 cunctis
1848 3565 1980 3625 gen:

401 3629 541 3685 tibus
595 3633 664 3688 ".
712 3633 885 3692 Porro
947 3639 1090 3694 haud
1121 3641 1363 3697 arbitror
1419 3643 1472 3697 in
1507 3651 1714 3697 tantam
1769 3643 1984 3698 venisse

403 3723 673 3778 insanlam
705 3741 968 3782 novorum
995 3731 1404 3800 judaizantium
1437 3733 1676 3805 aliquos,
1703 3743 1762 3788 nt
1793 3744 1986 3804 putent

405 3812 681 3880 praedictis
718 3815 906 3872 verbis
937 3816 1166 3874 localem
1201 3824 1576 3877 tantummodo
1607 3825 1747 3892 apud
1793 3822 1986 3878 Hiero-

403 3901 616 3972 solyma
633 3904 836 3960 cultum
859 3908 1132 3964 denotari.
1165 3909 1300 3966 Nam
1320 3913 1443 3982 quis
1465 3915 1537 3967 ita
1567 3915 1638 3968 sit
1661 3924 1982 3980 contumax,

409 4003 695 4065 postquam
742 4011 806 4052 ex
839 4013 1072 4067 persona
1122 4004 1457 4059 universalis
1491 4003 1585 4060 Dei
1610 4006 1818 4076 jamdiu
1861 4021 1985 4074 pro-

406 4087 584 4155 phetae
621 4087 1022 4158 clamaverunt,
1063 4094 1153 4148 illa
1207 4095 1612 4152 immolatarum
1663 4098 1984 4153 animalium

403 4186 462 4232 et
492 4181 742 4236 carnium
788 4183 988 4239 abolita
1043 4201 1167 4241 esse
1231 4201 1298 4243 ac
1348 4189 1627 4260 repudiata
1686 4191 1983 4257 sacriﬁcia,

405 4271 602 4343 hisque
651 4273 1010 4332 substitutum
1067 4278 1272 4334 cultum
1317 4281 1596 4336 hominum
1635 4280 1803 4336 Deum
1833 4283 1988 4338 invo-

406 4365 647 4419 cantium
693 4375 748 4421 et
791 4366 844 4422 in
891 4369 1084 4436 spiritu
1133 4369 1601 4427 sacriﬁcantium?
1634 4371 1778 4438 Quid
1831 4375 1982 4440 mihi,

411 4455 608 4524 inquit,
647 4458 1031 4526 sacriﬁciorum
1069 4470 1364 4516 uestrorum
1397 4463 1718 4527 multitudo,
1769 4467 1846 4518 ait
1875 4464 1987 4520 Do-

407 4549 629 4606 minus?
661 4553 846 4620 plenus
872 4567 1028 4614 sum;
1059 4553 1372 4609 holocausta
1405 4559 1660 4622 arietum,
1694 4567 1743 4612 et
1775 4558 1986 4628 adipem

408 4654 690 4709 tignorum,
735 4651 784 4695 et
823 4643 1131 4712 sanguinem
1185 4653 1463 4696 taurorum
1510 4657 1666 4714 atque
1718 4647 1988 4701 hircorum

407 4743 592 4785 renuo.
643 4729 776 4794 Quis
805 4729 947 4784 enim
995 4729 1110 4785 lucc
1152 4732 1218 4784 de
1247 4734 1490 4787 titanibus
1525 4736 1712 4788 vestris
1763 4735 1987 4805 requisi-

2085 3545 2292 3620 φρανῶ
2335 3543 2560 3610 αὐτοὺς
2588 3543 2660 3596 ἐν
2689 3539 2769 3608 τῷ
2798 3541 2942 3608 οικῳ
2979 3540 3090 3608 τῆς
3124 3539 3476 3609 προσευχῆς
3494 3539 3660 3609 μου’,

2085 3640 2158 3693 τὰ
2205 3632 2671 3703 ὁλοκαυτώματα
2723 3629 2921 3686 αὐτῶν
2965 3630 3063 3684 καί
3103 3632 3163 3683 al
3219 3631 3426 3684 θυσίαι
3463 3628 3666 3684 αὐτῶν

2085 3731 2329 3786 ἔσονται
2357 3726 2560 3808 δεκταί
2597 3725 2698 3779 ἐπὶ
2724 3723 2792 3777 τὸ
2827 3720 3267 3791 θυσιαστήριόν
3301 3739 3422 3792 μου
3447 3737 3460 3751 °
3491 3723 3525 3774 ό
3554 3719 3666 3790 γὰρ

2087 3819 2253 3886 οἶκός
2311 3837 2433 3890 μου
2483 3816 2653 3885 οἶκος
2693 3813 3042 3886 προσευχῆς
3095 3814 3464 3896 κληθήσεται
3514 3811 3667 3868 πᾶσι

2087 3914 2214 3980 τοῖς
2237 3915 2500 3970 ἔθνεσιν.
2541 3911 2656 3964 Οὐκ
2686 3909 2754 3963 ἂν
2784 3909 2840 3961 δὲ
2886 3902 3046 3979 οἶμαι
3085 3907 3180 3960 ἐπὶ
3207 3905 3436 3960 τοσοῦτο
3468 3907 3666 3976 μανίας

2087 4004 2196 4058 τῶν
2249 4001 2568 4076 ἀρτιφανῶν
2640 3998 2910 4054 ’Ῑουδαίων
2967 3995 3271 4068 ὲξοίχεσθαί
3309 4013 3483 4061 τινας,
3523 3995 3666 4050 ὥστε.

2087 4095 2297 4150 οἴεσθαι
2333 4093 2420 4148 διὰ
2465 4092 2675 4146 τούτων
2703 4092 2803 4163 τὴν
2832 4089 2918 4161 ἐφ’
2956 4091 3037 4144 ἑνὶ
3076 4090 3230 4162 τόπῳ
3259 4091 3317 4142 ὲν
3359 4088 3662 4160 Ἰεροσολύιι

2095 4205 2239 4262 μοις,
2275 4187 2449 4258 φημὶ,
2490 4185 2926 4258 περιειργμένην
2959 4182 3220 4254 λατρείαν
3261 4181 3616 4254 εἰσφέρεσθαι
3646 4197 3661 4211 ·

2089 4279 2176 4342 τίς
2212 4276 2324 4348 γὰρ
2357 4274 2532 4340 οὕτως
2560 4275 2816 4346 ἀνήκοος,
2847 4275 2912 4327 ὲκ
2945 4270 3243 4344 προσώπου
3272 4271 3376 4325 τοῦ
3395 4271 3507 4325 τῶν
3529 4270 3664 4325 ὅλων

2091 4367 2231 4424 Θεοῦ
2282 4365 2860 4439 προανακεκραγότων
2903 4363 3014 4418 τῶν
3067 4362 3390 4435 προφητῶν,
3445 4362 3667 4426 ὲκείνας

2094 4463 2196 4535 μὲν
2226 4461 2326 4524 τὰς
2349 4459 2459 4513 τῶν
2490 4456 2911 4524 ζωοθυτούντων
2937 4456 3034 4511 καὶ
3053 4455 3504 4527 κρεουργοῦντων
3530 4456 3667 4508 ἀπο-

2091 4549 2436 4624 κεκηρύχθαι
2458 4550 2553 4604 καὶ
2581 4547 2943 4621 ἐκκεκρίσθαι
2975 4547 3191 4611 θυσίας,
3223 4545 3336 4600 τῶν
3361 4546 3418 4600 δὲ
3448 4545 3668 4600 θεοκλυο

2089 4642 2328 4698 τούντων
2358 4643 2453 4696 καὶ
2479 4639 2900 4712 ίερολογούντων
2934 4641 2992 4693 ὲν
3014 4637 3289 4710 πνεύματι
3315 4636 3668 4708 ἀντεισῆχθαι

2093 4735 2356 4805 λατρείας
2385 4750 2400 4800 ;
2441 4732 2502 4788 Tl
2526 4749 2631 4802 μοι
2665 4729 2898 4799 πλῆθος
2927 4729 3048 4784 τῶν
3075 4729 3304 4784 θυσιῶν
3330 4728 3521 4799 ὑμῶν,
3565 4727 3669 4784 λέ-

408 4820 480 4874 rit
503 4819 589 4874 "1
617 4819 942 4878 Neomenias
972 4837 1103 4878 vero
1133 4833 1187 4879 et
1230 4823 1470 4878 Sahbata
1498 4840 1558 4880 se
1580 4825 1692 4894 jam
1735 4841 1839 4881 non
1881 4827 1982 4896 pati

2093 4843 2184 4897 ret
2204 4827 2423 4894 Κύριος
2440 4839 2460 4888 ;
2479 4822 2720 4891 πλήρης
2739 4822 2860 4892 ειμι
2877 4839 2891 4853 °
2913 4821 3304 4891 όλοκαύτωμα
3323 4819 3442 4874 τῶν
3466 4818 3670 4889 κριῶν,

411 4911 655 4966 declarat
682 4910 750 4966 ".
789 4910 946 4969 Sicut
985 4916 1151 4970 etiam
1202 4915 1491 4972 Psalmista
1537 4919 1731 4986 spiritu
1775 4934 1988 4990 praeve-

409 5001 571 5058 niens
595 5002 816 5073 scripsit
847 5023 862 5062 :
895 5004 1235 5077 Sacriﬁcium
1264 5021 1312 5063 et
1365 5009 1684 5063 oblationem
1743 5011 1982 5075 noluisti,

411 5093 724 5150 holocausta
765 5112 860 5164 pro
893 5108 1109 5166 peccato
1150 5115 1252 5154 non
1281 5102 1566 5170 postulasti
1593 5101 1660 5156 ".
1701 5101 1986 5172 lieutque:

409 5185 570 5259 21],
609 5183 678 5240 Et
710 5203 814 5242 non
849 5189 1110 5255 accipiam
1151 5191 1216 5246 de
1258 5192 1414 5246 domo
1451 5205 1543 5247 tua
1582 5195 1791 5260 vitulos,
1825 5209 1989 5264 neque

410 5291 478 5332 ea:
500 5278 743 5348 gregibus
776 5279 883 5334 tuis
915 5280 1089 5334 hircos
1120 5281 1191 5334 ".
1241 5283 1350 5337 Et:
1379 5281 1438 5338 Si
1470 5285 1745 5350 voluisses,
1776 5283 1984 5351 sacri/i-

411 5370 552 5424 cium
573 5373 828 5427 dedissem
853 5373 1055 5443 utique,
1073 5373 1402 5429 holocaustis
1429 5393 1533 5431 uon
1552 5377 1892 5433 delectaberls
1919 5377 1987 5431 "'.

413 5455 697 5532 Spiritalia
733 5480 862 5520 vero
923 5467 1180 5536 proponit
1240 5468 1532 5533 sacriﬁcia,
1590 5469 1986 5526 adhortando:

483 5617 532 5650 ⁸⁸
569 5616 672 5690 Ιςιι.
706 5633 834 5690 sxy,
864 5617 921 5690 θ.
976 5617 1042 5690 _"°
1081 5617 1190 5673 lsa.
1219 5634 1328 5688 Liv,
1367 5620 1418 5674 Ι.
1452 5689 1467 5690 7
1495 5621 1536 5652 "
1582 5621 1684 5676 lsa.
1717 5638 1876 5690 XVIII,
1916 5624 1970 5679 7.

2084 5628 2092 5657 '
2126 5623 2230 5682 lsa.
2257 5637 2368 5690 ινι,
2399 5623 2453 5678 7.
2512 5623 2560 5655 ⁷³
2592 5623 2696 5678 lsa.
2726 5637 2768 5688 ι,
2801 5619 2889 5674 ll.

417 5701 606 5758 usis.
645 5689 700 5748 7.
779 5689 824 5720 "
866 5686 1011 5746 Psal.
1039 5703 1186 5756 sus,
1225 5690 1280 5746 9.
1315 5686 1322 5688 ⁷
1355 5690 1400 5723 τ’
1443 5689 1586 5748 Psal.
1619 5707 1692 5770 ιι,
1721 5691 1807 5748 l8.

2098 4919 2196 4973 καί
2227 4918 2412 4985 στέαρ
2463 4914 2687 4985 ἀρνῶν,
2723 4913 2822 4968 καί
2847 4909 2991 4983 αἷμα
3039 4913 3271 4982 ταύρων
3312 4913 3410 4966 καί
3440 4913 3674 4982 τράγων

2096 5013 2169 5066 οὐ
2195 5009 2518 5077 ,ϐούλομαι⁸
2554 5008 2648 5074 τίς
2673 5007 2784 5076 τὰρ
2813 5006 3068 5077 ἐζήτησε
3099 5009 3290 5063 ταῦτα
3308 5002 3377 5062 ἐκ
3404 5006 3526 5064 τῶν
3553 5025 3675 5077 χει-

2091 5099 2221 5171 ρῶν
2248 5098 2459 5170 ὐμῶν;
2492 5097 2812 5169 Νουμηνίας
2849 5100 2907 5154 δὲ
2947 5099 3042 5154 καὶ
3074 5101 3329 5156 Σάϐϐατα
3388 5101 3525 5172 μηδὲ
3574 5103 3676 5154 ἀν-

2096 5192 2343 5263 έχεσθαι.
2385 5192 2482 5254 “Ac
2505 5189 2570 5261 δὴ
2611 5189 2706 5243 καὶ
2730 5191 2760 5242 ὁ
2783 5189 3002 5260 ψάλλων
3033 5193 3092 5245 ὲν
3121 5190 3394 5262 πνεύματι
3423 5189 3676 5258 ὑποφθὰς

2101 5281 2478 5354 περιέγραψε,
2521 5282 2776 5346 Θυσίαν,
2812 5281 3010 5352 λέγων,
3044 5283 3143 5337 καί
3180 5282 3542 5353 προσφορὰν
3561 5284 3676 5335 οὐκ

2096 5375 2406 5445 ἠθέλησας
2423 5391 2436 5404 ·
2470 5371 2936 5442 ὁλοκαυτώματα
2961 5374 3060 5428 καί
3089 5373 3221 5444 περὶ
3241 5374 3533 5446 ἁμαρτίας
3561 5374 3676 5428 οὐκ

2096 5466 2410 5538 ἐζήτησας.
2443 5465 2556 5518 Καὶ
2593 5461 2722 5535 μὴν,
2755 5465 2862 5519 Καί
2893 5467 2966 5519 οὐ
2995 5464 3243 5537 δέξομαι
3271 5467 3340 5520 ἐκ
3369 5463 3476 5519 τοῦ
3503 5464 3673 5518 οικου

3001 5619 3048 5652 ⁷⁸
3095 5619 3223 5675 ibid.
3257 5619 3342 5674 15.
3421 5619 3466 5651 ⁷³
3498 5615 3646 5673 Psnl.
