4054 6204
371 213 477 281 695

1367 215 1426 276 S'.
1469 215 1885 280 NICEPHORI
1922 217 2430 282 ΡΑΤΒΙΑΒΟΗᾸΞ
2465 217 2574 279 CP.

3535 206 3644 272 696

347 338 624 392 'membra
673 352 740 392 ex
789 344 968 406 parte,
1015 347 1292 404 unumque
1347 347 1546 412 corpus
1598 345 1722 389 esse
1761 334 1960 389 mullos

2066 333 2240 388 τοίνυν
2266 331 2368 402 τῆς
2406 329 2739 403 Ἐκκλησίας
2761 331 2790 386 ό
2817 327 3213 400 νυμφαγωγὸς,
3250 321 3646 384 {meatode

375 429 598 496 dctinit;
657 428 1102 500 quandoquidem
1146 442 1312 482 unum
1359 425 1720 494 eumdemqne
1764 440 1956 493 panem

378 521 762 592 mysteriorum
794 518 1195 575 benedictionis
1245 516 1661 586 participamus,
1696 518 1954 572 unitatem

375 626 500 667 cum
533 613 656 682 ipso
685 627 781 680 per
806 608 967 666 iidem
1001 611 1204 680 adepti.
1230 609 1464 678 Moxque
1488 609 1708 666 sublimi
1731 611 1958 664 eximia-

377 719 485 772 que
518 704 763 758 doctrina
811 702 1103 758 declarans
1147 702 1570 772 illuminansque
1615 702 1956 772 mysterium,

376 794 482 849 sub
527 794 748 848 Inttnani
787 793 1022 864 conjugii
1076 793 1330 866 imagine,
1365 793 1480 848 haec
1525 795 1698 863 pergit
1728 793 1908 847 dicere
1941 809 1955 846 :

377 885 465 938 Ita
490 887 591 938 viri
619 885 810 940 debent
835 901 1026 940 uxores
1059 903 1190 940 suos
1225 886 1465 956 diligere,
1495 897 1548 939 ut
1585 901 1806 951 corpora
1837 901 1955 939 sua.

377 973 484 1044 Qui
522 991 678 1030 suam
729 992 947 1031 uxorem
997 975 1198 1046 diligit,
1236 993 1292 1030 se
1328 976 1501 1044 ipsum
1541 974 1740 1042 diligit.
1788 971 1956 1026 Nemo

377 1066 517 1118 enim
549 1082 780 1136 unquam
823 1083 1038 1121 carnem
1083 1083 1234 1120 suam
1273 1065 1396 1120 odio
1432 1065 1634 1127 habuit,
1663 1063 1756 1117 sed
1789 1060 1956 1116 nutrit

377 1169 424 1210 et
457 1159 596 1225 [oret
622 1175 760 1224 eam,
785 1161 922 1213 sicut
947 1150 995 1214 et
1026 1157 1268 1213 Christus
1292 1156 1584 1212 Ecclesium
1599 1173 1620 1221 ;
1643 1155 1769 1226 quia
1801 1170 1958 1208 ntem-

379 1249 472 1302 bra
504 1266 686 1304 sumus
715 1253 952 1319 corporis
979 1251 1120 1321 ejus,
1151 1261 1201 1305 et
1232 1250 1298 1304 de
1325 1250 1530 1304 ossibus
1557 1249 1696 1318 ejus.
1735 1245 1962 1316 Propter

377 1341 474 1392 hoc
507 1340 758 1412 relinquet
808 1344 962 1398 homo
1009 1351 1214 1414 patrem
1242 1351 1294 1396 et
1323 1340 1487 1410 212
1518 1348 1741 1392 matrem
1771 1340 1958 1406 tutam,

377 1439 425 1481 et
457 1430 748 1487 adhturebit
779 1433 934 1488 uxori
965 1449 1096 1499 sum,
1121 1441 1172 1488 et
1197 1441 1350 1487 erunt
1396 1431 1506 1484 duo
1541 1431 1596 1483 in
1623 1444 1784 1482 carne
1823 1443 1953 1482 una.

379 1519 781 1579 Sacramentum
824 1527 925 1580 hoc
956 1541 1206 1596 maguum
1251 1533 1362 1590 est;
1406 1539 1500 1595 ego
1539 1532 1716 1578 autem
1755 1521 1876 1576 dice
1901 1521 1958 1576 in

379 1609 592 1668 Christo
619 1625 671 1670 et
711 1616 769 1670 in
798 1614 1037 1672 Ecclesia
1066 1617 1134 1672 ⁸⁸.

2055 423 2226 492 αὐτὴν
2255 421 2350 476 καὶ
2376 421 2612 476 συνδέων
2636 421 2716 493 τῷ
2737 424 3016 494 μνηστῆρι
3037 419 3260 493 Χριστῷ
3279 418 3643 486 ὲνθεέστατα,

2055 518 2154 569 καὶ
2178 513 2270 568 τὸν
2323 512 2623 584 σύνδεσμον
2656 513 3004 583 ὲπισφίγγων
3044 513 3140 568 καὶ
3168 511 3269 583 τήν
3311 511 3644 580 συνάφειαν,

2057 605 2222 676 σῶμα
2257 599 2402 658 εἶναι
2441 605 2684 676 Χριστοῦ
2724 606 2822 659 καὶ
2859 604 2998 676 μέλη
3050 607 3114 657 ἐκ
3155 603 3360 676 μέρους
3385 643 3402 669 ,
3451 603 3550 656 καὶ
3585 601 3646 654 ἓν

2056 699 2220 770 σῶμα
2253 693 2551 762 εἶναιτοὺς
2595 697 2829 760 πολλοὺς
2855 694 3186 767 διορίζεται·
3223 694 3530 766 ἐπειδήπερ
3582 692 3647 759 ἐξ

2058 791 2176 854 ἐνὸς
2205 789 2418 844 καὶτοῦ
2451 788 2618 843 αὐτοῦ
2647 789 2816 859 ἄρτου
2854 788 2966 842 τῶν
2991 788 3092 860 τῆς
3125 786 3378 854 εὐλογίας
3411 784 3648 856 μετέχο-

2060 899 2163 954 μεν
2209 881 2550 952 μυστηρίων,
2606 881 2840 951 ἑνότητα
2875 879 2976 952 τὴν
3006 879 3150 950 πρὸς
3176 878 3340 933 αὐτὸν
3373 878 3645 948 λαχόντες

2053 971 2143 1027 διὰ
2163 971 2401 1035 πίστεως
2418 986 2432 1000 '
2463 973 2559 1026 καὶ
2577 971 2654 1034 ὡς
2677 973 2738 1026 ὲν
2759 971 2993 1044 θεωρίας
3019 971 3238 1044 ὑψηλῆς
3257 971 3355 1025 καὶ
3371 967 3646 1032 θεοειδοῦς

2054 1062 2240 1133 τρόπῳ
2267 1061 2550 1132 διασαφῶν
2578 1063 2672 1116 καὶ
2707 1062 2928 1134 τρανῶν
2953 1063 3016 1116 τὸ
3059 1062 3382 1133 μυστήριον,
3415 1058 3505 1113 διά
3540 1057 3644 1128 τῆς

2053 1153 2196 1209 κατά
2232 1155 2324 1206 τὸν
2351 1153 2640 1224 ἄνθρωπον
2670 1154 2956 1222 συζυγίας,
2985 1153 3164 1208 τοιάδε
3197 1153 3320 1206 τινά
3347 1151 3602 1217 διέξεισιν
3623 1165 3642 1181 ·

2063 1247 2262 1312 οὕτως
2285 1247 2642 1316 ὀφείλουσιν
2662 1251 2715 1301 οὶ
2752 1245 2970 1316 ἄνδρες
3006 1244 3250 1316 ἀγαπᾷν
3281 1247 3387 1311 τὰς
3405 1241 3647 1300 ἑαυτῶν

2057 1337 2372 1407 γυναῖκας,
2397 1339 2479 1405 ὡς
2494 1338 2570 1394 τὰ
2593 1337 2826 1394 ἑαυτῶν
2861 1339 3109 1408 σώματα
3130 1355 3146 1371 ’
3177 1341 3211 1393 ὁ
3237 1337 3490 1408 ἀγαπῶν
3527 1339 3649 1402 τὴν

2056 1430 2277 1486 ἑαυτοῦ
2303 1419 2563 1501 γυναῖκα
2600 1433 2822 1488 ἑαυτὸν
2848 1431 3088 1504 ἀγαπᾷ·
3121 1431 3326 1498 οὐδεὶς
3355 1429 3469 1502 γάρ
3498 1445 3648 1483 ποτε

2055 1521 2172 1589 τὴν
2198 1522 2418 1578 ἑαυτοῦ
2443 1522 2646 1592 σάρκα
2677 1524 2997 1593 ἐμίσησεν,
3025 1522 3188 1581 ἀλλὰ
3217 1522 3497 1592 ἐκτρέφει
3541 1519 3647 1574 καί

2055 1613 2273 1668 θάλπει
2329 1615 2546 1685 αὐτὴν,
2593 1616 2792 1684 καθὼς
2840 1617 2939 1671 καί
2974 1619 3008 1672 ό
3040 1616 3300 1686 Χριστὸς
3332 1613 3449 1683 τὴν
3506 1614 3650 1668 Ἐκ·-

378 1707 648 1772 κλησίαν
671 1725 688 1739 ο
709 1705 798 1762 ὅτι
823 1707 983 1778 μέλη
1011 1707 1202 1777 ἐσμὲν
1225 1707 1331 1763 τοῦ
1354 1707 1630 1778 σώματος
1651 1704 1840 1761 αὑτοῦ
1860 1745 1876 1769 ,
1906 1704 1978 1758 ἐκ
2015 1703 2129 1772 τῆς
2190 1705 2421 1775 σαρκὸς
2463 1707 2652 1763 αὐτοῦ
2715 1708 2811 1762 καί
2835 1709 2905 1762 ἐκ
2949 1706 3070 1762 τῶν
3110 1706 3340 1762 ὀστέων
3411 1703 3606 1759 αὐτοῦ
3630 1719 3650 1735 ’

377 1799 512 1853 ἀντὶ
547 1801 765 1856 τούτου
810 1803 1165 1872 καταλείψει
1221 1801 1538 1872 ἄνθρωπος
1571 1800 1679 1855 τὸν
1733 1797 1960 1868 πατέρα
2029 1798 2219 1853 αὑτοῦ
2267 1799 2370 1854 καί
2393 1799 2511 1868 τὴν
2559 1801 2809 1870 μητέρα,
2877 1801 2976 1855 καὶ
3027 1798 3654 1870 προσκολληθήσεται

377 1891 531 1960 πρὸς
560 1891 678 1961 τὴν
696 1891 965 1962 γυναῖκα
989 1893 1180 1950 αὐτοῦ
1207 1933 1224 1960 ,
1247 1893 1346 1948 καί
1373 1893 1622 1949 ἔσονται
1648 1893 1702 1946 oi
1727 1891 1838 1946 δύο
1868 1893 1958 1956 είς
1989 1887 2196 1960 σάρκα
2213 1891 2391 1962 μίαν*
2415 1891 2838 1962 τὺμυστήριον
2888 1892 3066 1948 τοῦτο
3084 1891 3242 1963 μέγα
3300 1891 3497 1952 ἐστίν.
3529 1889 3660 1959 ἐγὼ

376 1987 448 2041 δὲ
468 1985 626 2058 ,λέγω
651 1989 740 2053 είς
759 1987 1022 2058 Χριστὸν
1045 1989 1144 2044 καί
1173 1992 1268 2056 εις
1297 1989 1416 2058 τὴν
1461 1987 1850 2058 Ἐκκλησίαν.

448 2079 541 2135 47.
580 2079 814 2136 Veniant
869 2095 1012 2137 nunc
1058 2080 1362 2151 iniquitatis
1423 2089 1739 2152 Operatores
1795 2089 1958 2150 atque

2133 2077 2241 2150 μς.
2297 2081 2612 2137 ’ίῐκέτωσαν
2641 2076 2737 2138 οῦν
2767 2083 2819 2138 οί
2849 2085 2951 2154 τῆς
2982 2083 3214 2154 ἀνομίας
3247 2080 3512 2150 ἐργάται,
3549 2081 3650 2134 καὶ

381 2175 758 2230 demonstrent
791 2171 1068 2242 quomodo
1090 2181 1151 2228 et
1170 2173 1499 2244 quibusnam
1527 2173 1812 2244 inspiratis
1836 2187 1962 2228 ora-

381 2265 523 2322 culis
570 2264 876 2322 Ecclesium
920 2267 992 2323 ab
1028 2267 1230 2323 unione
1275 2265 1666 2322 cum'Cbristo
1725 2266 1963 2324 sceleste

382 2354 676 2412 divellant?
733 2355 1008 2425 quomodo
1079 2354 1393 2413 coheredes
1435 2364 1492 2412 et
1545 2355 1963 2426 concorporalcs

381 2447 592 2504 Christi
653 2446 948 2504 simulacra
1013 2449 1082 2506 ab
1129 2449 1444 2507 inﬁdelibus
1503 2449 1648 2506 culta
1697 2447 1964 2504 adorant?

383 2539 668 2607 Quomodo
697 2554 830 2611 ergo
857 2555 1046 2603 verum
1087 2541 1296 2608 dicant,
1333 2543 1428 2614 qui
1459 2540 1686 2597 falsitati
1723 2541 1963 2612 patroci-

383 2630 627 2688 nantur?
651 2628 885 2686 Videant
924 2631 1110 2704 igitur,
1143 2633 1249 2689 nisi
1284 2633 1427 2690 forte
1463 2633 1644 2704 ipsum
1684 2633 1963 2688 Christum

385 2720 673 2789 profanum
729 2723 862 2794 quid
921 2733 976 2780 et
1027 2724 1300 2794 impurum
1360 2735 1583 2795 propter
1635 2734 1858 2780 vocatos
1907 2725 1963 2780 in

383 2813 624 2884 ejusdem
673 2824 882 2871 sortem
928 2823 986 2872 et
1027 2817 1470 2888 concorporalem
1523 2817 1962 2872 communionem

385 2906 736 2974 existimant;
781 2906 1024 2974 videant,
1071 2909 1320 2979 inquam,
1359 2923 1429 2965 ne
1460 2906 1812 2979 blasphemiae
1843 2908 1964 2963 cul-

388 2996 1040 3068 menattingantNerum
1067 2997 1124 3054 hi
1155 3013 1334 3067 neque
1363 3013 1424 3055 se
1454 2998 1633 3066 obrui,
1675 3013 1872 3068 neque,
1907 3007 1966 3052 ut

385 3088 464 3143 ita
494 3087 699 3153 dicam,
736 3086 920 3142 defodi
957 3074 1202 3143 sentiunt
1223 3088 1443 3160 propria
1484 3089 1806 3158 ignominia,
1837 3089 1962 3144 dum

386 3180 674 3248 loquentes
706 3177 760 3233 in
793 3177 1003 3248 Spiritu
1053 3179 1148 3236 Dei
1190 3190 1411 3236 sanctos
1455 3179 1754 3251 prophetas
1801 3189 1966 3251 atque

387 3267 668 3340 apostolos
687 3267 1000 3340 abrogant,
1047 3283 1254 3335 eosque
1291 3270 1556 3339 profanos
1594 3270 1760 3327 veluti
1797 3281 1966 3342 atque

389 3361 588 3432 impios
643 3369 799 3418 vates
850 3361 1135 3432 clamitant
1179 3373 1237 3418 et
1286 3365 1577 3433 magistros
1630 3378 1700 3420 ex
1745 3366 1966 3435 proprio

386 3459 579 3508 ventre
599 3451 912 3522 loquentes.
939 3449 1182 3518 Quorum
1205 3451 1461 3508 vitandos
1486 3467 1824 3524 spurcosque
1847 3422 1968 3508 ser-
1992 3422 2037 3483 ο

389 3557 582 3598 mones
607 3543 675 3600 ad
707 3543 794 3598 sui
827 3541 1038 3598 erroris
1082 3542 1558 3599 conﬁrmationem
1595 3543 1922 3614 pertrahunt
1949 3563 1970 3600 :

391 3633 666 3702 Particeps
717 3633 988 3688 idolorum
1018 3631 1281 3702 Ephraim
1314 3635 1490 3700 posuit
1537 3635 1640 3690 sibi
1666 3635 1924 3692 scandala
1946 3653 1972 3694 :

389 3727 616 3780 irritavit
645 3723 1000 3790 Chananwos,
1033 3725 1262 3798 legimus
1285 3727 1330 3760 ⁸⁷
1354 3745 1370 3794 ;
1399 3737 1456 3783 at
1485 3727 1828 3786 Christianos
1852 3730 1971 3786 ido-

389 3817 566 3872 lorum
603 3807 902 3888 participes
955 3818 1132 3888 iisque
1179 3820 1651 3878 communicantes
1699 3836 1970 3892 nusquam

391 3923 565 3979 usque
587 3909 655 3964 ad
681 3908 825 3967 hanc
854 3909 999 3966 diem
1029 3925 1058 3964 a
1090 3910 1345 3981 quopiam
1369 3913 1476 3968 dici
1505 3915 1832 3980 audivimus,
1863 3916 1972 3972 nisi

389 4001 460 4057 ab
492 4003 560 4058 iis
591 4012 820 4082 tantum,
851 4003 944 4076 qui
967 4004 1232 4061 adversus
1263 4003 1470 4062 Christi
1503 4007 1814 4078 gloriam-et
1837 4025 1973 4066 con-

389 4104 474 4149 tra
525 4103 676 4150 recte
730 4109 857 4150 eum
921 4094 1171 4152 colentes
1235 4107 1401 4166 atque
1461 4099 1779 4157 adorantes
1820 4100 1974 4158 rabie

390 4188 691 4243 insaniunt.
721 4186 909 4258 Neque
927 4188 979 4243 id
1008 4189 1228 4246 mirum.
1255 4189 1371 4246 Mos
1397 4201 1484 4247 est
1502 4193 1648 4248 enim
1677 4194 1969 4263 impiorum

390 4277 716 4335 adversandi
744 4279 1088 4344 melioribus,
1117 4289 1175 4335 et
1203 4280 1490 4337 veritatem
1523 4281 1877 4353 depravandi,
1915 4294 1974 4341 ut

390 4370 678 4426 sententia:
701 4385 815 4425 sure
841 4369 1248 4439 improbitatem
1270 4371 1456 4428 velare
1477 4382 1702 4443 queant.
1731 4373 1974 4430 Dictum-

392 4478 498 4536 que
533 4478 564 4518 a
599 4464 807 4519 sanctis
844 4464 980 4519 viris
1022 4475 1177 4520 recte
1234 4463 1354 4530 fuit,
1395 4464 1653 4522 latentem
1709 4463 1972 4522 malitiam

390 4556 728 4628 proclamata
767 4569 889 4613 esse
917 4555 1228 4612 notiorem.

463 4824 556 4880 t8.
587 4824 654 4880 lii
685 4825 889 4896 quippe
913 4826 1091 4897 palam
1117 4785 1417 4899 propriam
1449 4827 1782 4899 impietatem
1835 4845 1976 4885 nun-

2063 2167 2429 2236 δεικνύτωσαν
2463 2171 2628 2227 πόθεν
2669 2173 2770 2246 τὴν
2815 2173 3148 2244 Ἐκκλησίαν
3177 2213 3192 2238 ,
3225 2172 3324 2227 καὶ
3373 2173 3445 2224 ὲκ
3473 2171 3651 2226 ποίων

2065 2260 2440 2318 θεοπνεύστων
2489 2265 2688 2333 λογίων
2714 2307 2729 2332 ,
2770 2265 2874 2336 τῆς
2906 2268 3048 2321 κατά
3083 2265 3323 2338 Χριστδν
3397 2262 3653 2328 ἔνώσεως

2063 2353 2339 2426 ἀθεμίτως
2356 2355 2679 2428 διορίζουσις
2709 2357 2826 2422 πῶς
2851 2359 2902 2412 oi
2927 2357 3367 2430 συγκληρονόμοι
3390 2356 3486 2411 καὶ
3515 2355 3649 2410 σύσ-

2067 2455 2241 2518 σωμοι
2263 2449 2501 2522 Χριστοῦ
2536 2449 2744 2515 ξοάνοις
2771 2453 2884 2515 τοῖς
2911 2450 3023 2505 τῶν
3057 2452 3302 2505 ἀπίστων
3335 2448 3659 2521 σεδάσμαστ

2064 2539 2490 2611 λεὶιατρεύκασις
2524 2542 2694 2597 Πόθεν
2737 2543 2833 2598 οῦν
2876 2544 2939 2598 τὸ
2978 2543 3177 2614 ἀληθὲς
3225 2542 3648 2610 ἀπενέγκοιντο,

2064 2633 2114 2686 oi
2143 2632 2220 2704 τῷ
2247 2632 2436 2704 ψεύδει
2473 2632 2930 2706 συναγορεύοντες
2952 2652 2967 2702 ;
2989 2633 3377 2688 Σκοπείτωσαν
3401 2632 3458 2686 δὲ
3489 2634 3537 2686 εί
3573 2631 3650 2704 μή

2067 2723 2162 2776 καὶ
2181 2722 2416 2794 Χριστὸν
2433 2723 2616 2789 αὐτόν,
2646 2724 2826 2778 κοινόν
2846 2740 2899 2776 τι
2927 2723 3024 2777 καὶ
3047 2721 3386 2793 ἀκάθαρτον,
3416 2719 3504 2775 διά
3518 2721 3656 2783 τούς

2070 2815 2651 2887 συγκληρονομοῦντας
2685 2818 2782 2870 καὶ
2811 2815 2911 2887 τήν
2941 2814 3086 2870 κατὰ
3115 2814 3176 2868 τδ
3203 2815 3492 2886 σύσσωμον
3525 2829 3650 2866 κοι-

2068 2905 2262 2962 νωνίαν
2283 2908 2600 2978 ἡγήσαιντο,
2628 2906 2724 2960 καὶ
2753 2907 2814 2960 τὸ
2829 2906 2950 2960 ὅλον
2979 2905 3080 2976 τῆς
3109 2905 3464 2978 βλασφημίας
3491 2902 3652 2958 αὐτοὶ

2068 2996 2608 3069 κληρονομείτωσαν
2667 2997 2784 3052 ἀλλ’
2843 2999 2946 3051 οὐκ
3001 2997 3440 3066 ὲγκαλύπτονται
3464 3035 3481 3060 ,
3527 2993 3652 3048 οὐδδ

2068 3089 2426 3145 καταδύονται
2463 3091 2557 3144 ἐπὶ
2580 3093 2644 3163 τῇ
2698 3090 2912 3146 ἑαυτῶν
2945 3087 3180 3162 αἰσχύνῃ
3203 3131 3220 3157 ,
3249 3091 3379 3154 τούς
3414 3087 3514 3160 μὲν
3543 3088 3650 3142 λατ

2014 3229 2030 3240 .
2067 3183 2293 3250 λοῦντας
2319 3187 2380 3240 ὲν
2397 3185 2677 3257 Πνεύματι
2692 3186 2828 3240 Θεοῦ
2850 3187 3130 3258 μυστήρια
3149 3185 3440 3256 προφήτας
3459 3184 3665 3254 ἁγίους

2067 3277 2166 3332 καὶ
2191 3277 2526 3342 ἀποστόλους
2545 3277 3038 3351 παραγραφόμενοί
3065 3294 3124 3332 τε
3153 3278 3247 3332 καὶ
3271 3276 3654 3348 διωθούμενοι,

2067 3369 2283 3440 ἐναγεῖς
2323 3370 2381 3424 δέ
2410 3388 2565 3437 τινας
2594 3373 2688 3426 καὶ
2720 3371 2974 3436 ἀνοσίους
3007 3372 3300 3443 προφήτας
3349 3369 3654 3442 αὐχοῦντες

2077 3461 2170 3515 καὶ
2198 3461 2554 3526 διδασκάλους
2583 3464 2646 3516 ὲκ
2671 3461 2774 3533 τῆς
2808 3462 2946 3526 ιδίας
2976 3461 3499 3534 ἀποφθεγγομένους
3537 3478 3656 3516 κοι-

2075 3551 2198 3616 λίας
2223 3569 2239 3585 ο
2275 3549 2350 3610 ὧν
2397 3553 2458 3608 τὺ
2505 3553 2745 3624 φευκτὸν
2777 3555 2873 3610 καὶ
2900 3554 3137 3618 δυσῶδες
3168 3554 3278 3608 τῶν
3309 3553 3486 3624 λόγων
3508 3593 3522 3619 ,
3554 3553 3658 3624 τῆς

2079 3643 2217 3708 ιδίας
2250 3643 2430 3698 αὐτῶν
2483 3643 2700 3716 ἀπάτης
2751 3643 2889 3715 πρὸς
2947 3642 3213 3698 πίστωσιν
3249 3643 3610 3714 ὲπισύρονται
3637 3659 3654 3675 ο

2077 3735 2349 3805 Μέτοχος
2380 3735 2644 3792 είδώλων
2683 3736 2940 3807 Ἐφραίμ
2969 3735 3191 3804 ἔθηκεν
3228 3734 3424 3802 ἑαυτῷ
3459 3734 3656 3790 σκάνδ-

2079 3827 2239 3883 δαλα
2255 3842 2271 3858 ·
2309 3827 2550 3897 ᾐρέτισε
2571 3827 2972 3895 Χαναναίους,
2998 3827 3319 3899 ἀνέγνωμεν
3343 3843 3358 3858 °
3391 3828 3662 3900 Χριστια⁹

2078 3923 2204 3986 νούς
2249 3922 2308 3976 δὲ
2353 3919 2590 3976 εἰδώλων
2643 3920 2906 3991 μετόχους
2960 3919 3058 3974 καὶ
3097 3919 3398 3984 κοινωνοὺς
3440 3918 3658 3973 οὐδέπω

2081 4012 2181 4068 καὶ
2209 4013 2452 4083 σήμερον
2481 4011 2616 4080 παρ’
2641 4007 2863 4064 ὁτουοῦν
2887 4008 3228 4080 ἀκηκόαμεν,
3258 4008 3343 4062 ὅτι
3371 4009 3448 4080 μὴ
3476 4008 3658 4080 μόνων

2078 4102 2190 4158 τῶν
2222 4101 2364 4158 κατά
2395 4101 2498 4172 τῆς
2526 4101 2686 4172 δόξης
2715 4098 2960 4172 Χριστοῦ
2989 4101 3085 4153 καὶ
3115 4099 3228 4153 τῶν
3261 4099 3440 4171 ὀρθῶς
3468 4100 3656 4154 σεϐόν-

2079 4213 2186 4250 των
2240 4195 2336 4248 καὶ
2375 4193 2827 4266 προσκυνούντων
2882 4191 3033 4262 αὐτῷ
3079 4184 3521 4263 λελυττηθιότωνο
3559 4193 3656 4246 καὶ

2082 4287 2402 4358 θαυμαστόν
2429 4303 2494 4355 γε
2524 4285 2678 4340 οὐδέν
2702 4302 2718 4318 ο
2759 4284 2882 4350 ἔθος
2920 4284 3030 4358 γὰρ
3075 4288 3190 4349 τοῖς
3223 4286 3518 4340 άσεσοῦσιν
3543 4287 3663 4338 ἐπι-ι

2081 4377 2362 4432 δουλεύειν
2387 4378 2502 4440 τοῖς
2540 4375 2842 4448 κρείττοσι,
2873 4377 2972 4430 καὶ
3013 4375 3204 4430 δολοῦν
3241 4377 3341 4447 τὴν
3369 4376 3658 4447 ἀλήθειαν,

2083 4472 2171 4526 ἶνα
2193 4469 2292 4544 τὴν
2319 4469 2530 4524 ἑαυτῶν
2553 4469 2756 4524 κακίαν
2783 4467 3108 4540 δεδογμένον
3133 4469 3318 4534 αὐτοῖς
3352 4471 3656 4524 κατασκιά·

2082 4563 2196 4628 ζειν
2226 4562 2581 4634 κρατύνωσιο
2635 4561 2732 4614 καὶ
2780 4560 2963 4624 καλῶς
3013 4577 3079 4630 γε
3127 4561 3348 4634 εἴρηται
3398 4562 3660 4635 ἀνδράσιν

2087 4656 2285 4725 ἀγίοις,
2319 4655 2409 4708 ὃτι
2435 4653 2786 4710 λανθάνουσα
2819 4651 3054 4726 πονηρία
3074 4692 3091 4717 ,
3126 4655 3226 4726 τῆς
3273 4671 3665 4728 προκεκηρυγ-

2007 4783 2054 4840 D
2090 4747 2264 4840 μένης
2293 4746 2702 4840 θλρϐερωτέρα.

2157 4838 2272 4912 μη’.
2299 4831 2467 4894 Οὗτοι
2502 4837 2614 4911 γὰρ
2650 4839 2716 4892 ἐκ
2769 4837 2866 4894 τοῦ
2912 4837 3231 4910 προφανοῦς
3280 4839 3663 4912 παρρησιάζεο

393 4929 561 4986 quam
595 4923 878 4972 ostentare
911 4916 1201 4986 audentes,
1252 4933 1472 4988 gravem
1509 4935 1664 4976 suam
1711 4920 1965 4978 adversm

2085 4932 2212 4986 σθαι
2245 4931 2502 5002 οὐδαμῶς
2535 4931 2896 5002 ὑφιστάμενοι
2915 4931 3018 5004 τὴν
3050 4931 3412 4994 uiduam-rb
3445 4932 3549 5001 τῆς
3585 4931 3665 4994 είς

393 5007 600 5064 cultum
637 5017 898 5062 nostrum
935 5006 1192 5076 iniuriam
1240 5011 1625 5080 subverentes,
1672 5012 1965 5084 multosque

2080 5023 2182 5093 τήν
2203 5021 2510 5094 θρησκείαν
2537 5020 2694 5092 ήμῶν
2713 5021 2929 5092 ὕϐρεως
2951 5021 3262 5092 ὑπέρογκον
3293 5019 3668 5090 ὐπειδόμενοι,

393 5101 568 5156 latere
608 5108 885 5168 putantes,
917 5101 1074 5170 quasi
1105 5100 1382 5158 Christum
1403 5119 1514 5160 non
1546 5103 1824 5162 oﬂ'endant
1846 5107 1965 5162 dum

2081 5102 2371 5170 λανθάνειν
2415 5130 2477 5168 τε
2510 5113 2637 5176 τοὺς
2672 5113 2906 5177 πολλοὺς
2938 5112 3214 5184 πιόμενοι,
3251 5111 3444 5183 ὥσπερ
3477 5113 3542 5165 οὐ
3589 5110 3670 5184 τῷ

393 5191 514 5262 ejus
544 5191 740 5246 divinae
768 5191 994 5262 imagini
1021 5194 1408 5250 contumeliam
1436 5195 1668 5266 iaciunt,
1694 5199 1824 5268 quid
1861 5214 1965 5254 rno-

2083 5205 2315 5280 Χριστῷ
2341 5205 2776 5279 προσκρούουσι,
2811 5205 2874 5259 τὸ
2911 5205 3056 5259 θεῖον
3101 5204 3270 5258 αὐτοῦ
3303 5203 3671 5276 καθυϐρίζονο

334 5303 339 5308 ι
394 5285 642 5340 liunturi
665 5283 801 5352 Quia
837 5284 1022 5340 sciunt
1051 5294 1247 5340 natura
1278 5301 1658 5359 comparatum
1690 5307 1799 5349 non
1827 5307 1965 5362 esse,

2084 5314 2175 5364 τες
2195 5299 2591 5370 ἀπεικόνισμα,
2619 5297 2674 5352 τί
2703 5295 3058 5369 μηχανῶνται
3080 5313 3095 5362 ς
3125 5297 3201 5362 ὡς
3221 5296 3330 5350 τῶν
3357 5296 3457 5366 μὲν
3481 5313 3669 5366 πραγο

394 5387 574 5434 utres
609 5377 739 5448 ipsa
781 5385 1084 5446 mutentur,
1121 5379 1340 5435 nomina
1367 5393 1551 5439 autem
1582 5399 1726 5458 saepe
1761 5385 1965 5444 indih‘e-

2092 5392 2280 5464 μάτων
2320 5390 2528 5456 ειδότες
2564 5389 2626 5444 τὸ
2664 5389 3024 5461 μεταδὰλλειν
3063 5389 3125 5442 οὐ
3178 5389 3529 5459 πεφυκότων,
3557 5389 3671 5445 τῶν

397 5470 628 5526 tentiam
663 5486 773 5542 prae
802 5486 864 5528 se
908 5470 1078 5539 ferre,
1108 5474 1175 5529 ad
1211 5475 1672 5536 denominationis
1720 5480 1965 5540 dill‘eren-

2088 5485 2373 5557 ὀνομάτων
2401 5485 2458 5539 δὲ
2485 5485 2561 5548 ὡς
2585 5483 2652 5539 τὰ
2683 5483 2853 5540 πολλά
2875 5482 2935 5538 τὸ
2964 5482 3278 5553 ἀδιαφορεῖν
3310 5482 3666 5554 ἐνδεικνυμέ-

465 5648 512 5683 ⁸⁶
553 5651 752 5724 Ιοὶριιει.
776 5667 829 5721 v,
861 5651 1050 5710 28-32.
1125 5653 1172 5687 ⁸⁷
1210 5651 1348 5711 Osee
1371 5670 1448 5724 tv,
1479 5656 1557 5712 l7.
