3812 6198
474 254 588 322 699‘

1467 252 1532 316 S.
1571 252 1994 314 NICEPllORI
2039 255 2062 313 Ι

2166 254 2318 314 .‘RlA
2328 251 2551 314 ΒΟΗίΕ
2590 251 2702 314 CP.
3551 251 3640 318 700

479 362 819 434 populusque
851 361 1250 432 acquisitionis,
1297 373 1426 430 gens
1456 373 1667 428 sancta,
1699 378 1870 431 genus
1911 363 2055 418 elec-

2166 361 2402 434 Χριστοῦ
2424 362 2543 415 ἐστι
2574 377 2633 415 τε
2670 359 2766 414 καὶ
2791 359 3032 428 λέγεται,
3065 360 3154 414 καὶ
3177 359 3292 424 λαδς
3313 361 3385 426 είς
3411 367 3644 436 περιποιη.

477 465 630 522 tum,
677 451 858 524 regale
901 451 1300 516 sacerdotium,
1355 450 1641 508 lia-reditas
1681 455 1881 526 inclyta
1931 455 2060 522 Dei,

479 546 658 616 portio
716 543 957 610 Domini,
1003 541 1280 596 funiculus
1326 541 1668 600 haereditatis
1723 545 1885 617 ejus,
1933 549 2063 604 vitis

484 637 694 693 Domini
724 634 989 701 Sabaoth,
1025 634 1117 688 ﬁlii
1155 633 1370 700 dilecti,
1388 632 1590 691 fratres
1621 638 1891 708 germani,
1918 640 2060 694 servi

485 728 916 792 familiarissimi,
969 727 1226 795 templum
1271 727 1392 794 Dei,
1421 729 1572 797 regni
1609 729 1873 796 heredes,
1903 747 2065 787 voca-

485 821 646 876 tionis
678 819 918 874 ctelestis
967 818 1287 888 participes,
1341 820 1636 876 rationales
1693 837 1824 878 oves
1862 823 2062 880 summi

479 911 738 986 pastoris.
779 909 963 977 Quare
995 921 1049 965 et
1076 911 1307 966 virtutes
1349 910 1468 980 ejus
1512 913 1924 982 annuntiamus,
1970 917 2062 986 qui

481 984 827 1058 vocavitnos
869 1019 900 1057 e
951 1002 1191 1057 tenebris
1223 1002 1276 1056 in
1306 1003 1628 1058 admirabile
1656 1004 1836 1078 lumen
1879 1022 2068 1073 suum,

483 1092 760 1162 Deumque
783 1104 836 1146 et
861 1090 1064 1163 Regem
1087 1104 1140 1148 et
1177 1091 1846 1161 Dominum,Crealorem,
1875 1095 2066 1151 Serva-

486 1193 656 1238 torem
687 1182 1216 1252 Rcdemptoremque
1253 1184 1598 1240 nominamus
1627 1195 1683 1241 et
1716 1187 2066 1252 conﬁtemur,

483 1285 538 1328 ct
564 1275 824 1346 quidquid
885 1285 1148 1346 praeterea
1183 1293 1213 1330 a
1246 1278 1402 1331 nobis
1459 1278 1510 1331 in
1562 1278 1784 1348 hymnis
1844 1279 2062 1334 dicitur.

487 1366 580 1421 Sic
627 1366 738 1421 veri
793 1364 1081 1422 Trinitatis
1130 1370 1448 1424 adoratores
1493 1370 1686 1438 agniti,
1737 1369 2063 1426 diabolicam

483 1473 700 1512 omnem
753 1457 992 1514 fraudem
1026 1460 1354 1528 pratcrimus
1386 1477 1451 1515 ac
1481 1461 1818 1532 despuimus,
1849 1477 2064 1517 omnem

2166 473 2273 520 σιν,
2306 456 2402 510 καὶ
2426 453 2584 518 ἔθνος
2623 453 2805 522 ἅγιον,
2839 453 2934 506 καὶ
2961 451 3116 520 γένος
3146 451 3395 518 ἐκλεκτὸν,
3421 455 3500 508 καὶ
3528 456 3647 526 βιοῖ.

2163 548 2308 602 λειον
2341 547 2667 619 ἱεράτευμα,
2711 542 3170 614 καὶηκληρονομία
3207 543 3551 610 Θεοῦ-ἔνδοξος,
3573 549 3648 600 καὶ

2167 639 2325 711 μερὶς
2369 637 2574 710 Κυρίου
2595 676 2611 700 ,
2655 637 2752 692 καὶ
2800 635 3087 706 σχοίνισμα
3133 635 3464 706 κληρονομίας
3500 638 3646 704 αὑτοῦ,

2165 733 2260 786 καὶ
2287 729 2550 801 ᾁμπελὼν
2581 728 2788 798 Κυρίου
2811 726 3062 790 Σαϐαὼθ,
3085 729 3175 780 καὶ
3188 728 3342 781 τέκνα
3363 729 3650 800 ὴγαπημένα,

2165 822 2261 876 καὶ
2293 820 2514 888 ἀδελφοὶ
2540 819 2878 882 πιστότατοι,
2911 818 3004 872 καὶ
3040 817 3215 870 δοῦλοι
3245 818 3551 882 οἰκειότατοι,
3581 821 3653 874 καί

2165 911 2290 975 ναὸς
2329 909 2490 977 Θεοῦ,
2530 911 2625 964 καὶ
2655 909 2936 981 βασιλείας
2965 909 3306 981 κληρονόμοι,
3349 911 3433 963 καὶ
3463 910 3654 981 κλήσεως

2165 1002 2498 1074 ἐπουρανίου
2535 1002 2782 1073 μέτοχοι,
2808 1005 2903 1055 καὶ
2933 1000 3182 1072 πρόϐατα
3215 1000 3396 1070 λογικὰ
3429 1001 3510 1054 τοῦ
3535 1003 3654 1072 ἁρχι-

2167 1093 2430 1164 ποιμένος
2450 1111 2462 1125 ·
2495 1093 2578 1146 διὸ
2612 1093 2710 1146 καὶ
2733 1091 2832 1155 τὰς
2873 1091 3078 1164 ἀρετὰς
3121 1091 3281 1146 αὑτοῦ
3316 1091 3654 1162 ἐξαγγέλλομεν,

2163 1185 2260 1239 τοῦ
2290 1185 2622 1250 καλέσαντος
2665 1186 2817 1256 ἡμᾶς
2859 1185 2925 1238 ὲκ
2965 1184 3188 1247 σκότους
3213 1184 3291 1247 εἰς
3329 1183 3384 1236 τὸ
3417 1184 3656 1253 θαυμαστὸν

2167 1275 2333 1330 αὑτοῦ
2379 1275 2520 1345 φῶς,
2561 1275 2713 1334 Θεόν,
2741 1291 2803 1328 τε
2843 1275 2941 1328 καὶ
2959 1273 3213 1338 Βασιλέα,
3253 1274 3343 1327 καὶ
3383 1273 3570 1345 Κύριον,
3587 1275 3658 1326 καὶ

2168 1367 2425 1440 Ποιητὴν,
2449 1369 2545 1421 καὶ
2585 1367 2841 1438 Σωτῆρα,
2867 1367 2966 1420 καὶ
3012 1366 3300 1437 Λυτρωτὴν
3323 1367 3658 1437 έπιγραφόμεθα

2171 1460 2265 1514 καὶ
2281 1459 2678 1529 ὁμολογοῦμεν,
2704 1458 2802 1512 καὶ
2819 1457 2873 1511 ετ
2886 1475 2938 1511 τι
2950 1457 3037 1510 ἓτε
3045 1475 3138 1528 ρον
3158 1457 3288 1528 πρὸς
3303 1458 3444 1528 ήμῶν
3461 1457 3658 1526 ἀνυμνεῑ-

486 1548 739 1603 idolicum
787 1565 1029 1606 errorem
1085 1552 1304 1607 odimus
1356 1563 1520 1623 atque
1571 1553 1976 1618 abominamur,
2009 1561 2062 1608 ct

2166 1569 2292 1607 ται·
2317 1551 2462 1606 οὕτω
2488 1551 2866 1624 προσκυνηταὶ
2897 1551 2999 1621 τῆς
3025 1549 3250 1620 Τριαδος
3276 1547 3493 1617 ἀληθινοὶ
3512 1562 3658 1648 γνωρι-

481 1638 576 1708 qui
612 1654 718 1695 non
763 1640 838 1694 ita
878 1657 937 1696 se
973 1641 1180 1696 habent
1212 1652 1266 1698 et
1293 1645 1644 1709 conﬁtentur,
1697 1645 2062 1699 anathemati-

2169 1643 2421 1714 ζόμενοι,
2466 1645 2651 1698 πᾶσαν
2694 1643 3018 1714 δαιμονικὴν
3073 1641 3276 1710 πλάνην
3315 1638 3660 1708 καταπατοῦμεν

485 1731 584 1785 bus
632 1731 974 1802 subjicimus.
1009 1732 1208 1790 Nostra
1263 1736 1448 1804 itaque
1495 1735 1766 1792 confessio
1793 1737 2062 1807 ejusmodi

2289 1736 2652 1806 διαπτύομεν,
2685 1712 2870 1790 πᾶσαν
2901 1712 3191 1805 ειδωλικὴν
3219 1732 3419 1801 ἀπάτην
3451 1729 3661 1801 μυσαττό-

483 1831 587 1877 est.
625 1821 730 1878 Sed
747 1824 858 1894 jam
892 1827 958 1880 ad
998 1827 1143 1882 illam
1175 1839 1366 1884 contra
1399 1828 1732 1899 irreligiosos
1761 1829 2064 1886 orationem

481 1929 513 1966 a
542 1930 644 1984 qua
677 1913 1026 1972 discessimus
1062 1928 1422 1974 revertamur.

2177 1827 2319 1899 μεθα
2349 1827 2446 1882 καὶ
2475 1826 2904 1898 βδελυσσόμεθα,
2941 1827 3039 1878 καὶ
3065 1826 3191 1888 τοὺς
3223 1823 3294 1894 μὴ
3323 1822 3476 1884 οὕτως
3499 1820 3662 1891 ἔχοντες

2173 1922 2270 1974 καὶ
2309 1917 2706 1990 ὁμολογοῦντας
2755 1920 2870 1981 τοῖς
2901 1916 3210 1987 ἀναθέμασι
3253 1911 3662 1981 καταζευγνύομεν.

496 2007 560 2062 Ἡ
597 2010 696 2078 μὲν
735 2007 828 2065 οὖν
867 2010 992 2064 καθ’
1037 2012 1184 2082 ἡμᾶς
1230 2012 1494 2083 ὁμολογία
1525 2011 1751 2085 τοιαύτη
1795 2013 1890 2069 καὶ
1927 2013 2103 2079 οὕτως
2140 2014 2374 2085 ἔχουσα·
2412 2013 2507 2067 ἐπὶ
2543 2012 2601 2066 δὲ
2638 2012 2730 2066 τὸν
2795 2011 2932 2079 πρὸς
2979 2010 3109 2073 τοὺς
3147 2008 3354 2072 ἀσεϐεῖς
3392 2007 3543 2076 λόγον,

485 2103 774 2174 ὲξέθημεν,
809 2103 974 2158 πάλιν
1005 2103 1257 2175 μέτιμεν.

553 2193 646 2248 49.
680 2194 819 2261 Quid
847 2211 979 2266 ergo
1007 2197 1224 2252 dicitis?
1263 2197 1376 2252 Rex
1429 2199 1514 2254 hic
1556 2215 1786 2270 magnus
1816 2201 2066 2272 magniﬁ-

483 2300 614 2350 cus,
681 2285 835 2354 cujus
903 2288 1308 2358 magniﬁcentia
1372 2290 1540 2345 cwlos
1603 2301 1932 2359 exsuperat,
1981 2293 2066 2344 cui

483 2378 730 2434 omnium
765 2395 946 2434 rerum
977 2391 1218 2451 potestas
1243 2393 1347 2450 est,
1381 2385 1585 2453 quique
1610 2385 1896 2454 imperium
1928 2403 2068 2440 sem-

485 2471 758 2540 piternum
807 2475 1061 2543 obtinet;
1127 2493 1294 2548 regno
1347 2479 1490 2532 enim
1525 2480 1648 2548 ejus
1687 2479 1895 2534 nullum
1947 2496 2068 2535 οεκο

489 2563 652 2618 ﬁnem
706 2565 1030 2620 conﬁtemur
1084 2569 1728 2640 quotidie;-:mgelormn
1784 2572 2062 2634 Dominus,

483 2654 810 2728 caelestium,
845 2661 1209 2727 terrestrium,
1248 2669 1410 2730 atque
1440 2662 1774 2718 infernarum
1823 2663 2065 2733 impera-

489 2759 594 2810 tor,
625 2749 894 2805 universze
945 2761 1210 2807 creaturae
1263 2763 1478 2819 auctor,
1521 2753 1725 2824 quique
1773 2755 1966 2809 omnia
1995 2771 2062 2810 ex

483 2854 590 2894 non
616 2843 959 2898 exstantibus
983 2845 1049 2896 ad
1076 2845 1449 2898 cxsistendum
1481 2847 1766 2914 produxit;
1795 2849 2065 2916 quomodo

485 3033 636 3078 tanto
671 3039 796 3095 rege
827 3027 1076 3095 populus,
1114 3043 1273 3094 quem
1302 3031 1366 3082 de
1399 3030 1788 3096 perduellionis
1835 3033 2068 3087 crimine

487 3117 683 3170 merito
704 3117 829 3186 quis
859 3117 1164 3182 accusabit,
1195 3135 1362 3173 vacua
1395 3131 1522 3174 sunt
1546 3119 1657 3188 jam
1685 3123 1830 3191 regia
1863 3124 2062 3192 palatia

481 3217 536 3260 ct
563 3207 798 3273 deserta,
830 3209 1051 3264 alterius
1074 3211 1214 3280 regis
1241 3222 1425 3280 partes
1447 3223 1769 3282 sequuntur.
1801 3213 2062 3282 Hujusce-

483 3298 626 3354 modi
669 3309 753 3354 est
793 3301 1175 3355 seditiosorum
1227 3301 1418 3356 horum
1464 3303 1665 3368 oratio,
1713 3305 1807 3372 qui
1859 3306 2062 3362 Christi

485 3403 648 3457 regno
699 3387 820 3443 ideo
867 3387 1104 3444 fortaSse
1157 3405 1265 3445 non
1324 3391 1644 3458 subjaccnt,
1701 3394 1828 3462 quia
1883 3410 2062 3464 regem

483 3479 685 3534 habent
713 3480 1035 3536 Mamonam.
1069 3483 1182 3552 Age
1214 3483 1370 3538 nobis
1400 3483 1586 3539 dicant
1615 3484 1939 3540 defectionis
1967 3489 2067 3540 hn-

474 3570 567 3635 jus
599 3572 855 3641 modum;
891 3584 1171 3644 quaeratur
1209 3591 1460 3646 quamam
1495 3576 1666 3632 fuerit
1691 3579 2067 3634 conversionis

481 3662 642 3718 istius
673 3679 834 3720 causa
863 3683 878 3732 ;
910 3665 955 3719 si
987 3675 1182 3736 sponte
1215 3667 1432 3736 quidem
1462 3683 1492 3722 a
1526 3667 1854 3723 dominantis
1905 3684 2065 3724 manu

485 3752 714 3822 populus
747 3769 807 3808 se
844 3756 1124 3819 subduxit,
1168 3768 1423 3812 utrumne
1467 3759 1594 3828 quia
1645 3759 1749 3814 ille‘
1798 3761 2065 3816 dominari

485 3835 756 3909 nesciret,
797 3859 864 3898 an
911 3845 1037 3914 quia
1089 3848 1228 3901 tueri
1265 3863 1358 3902 eos
1410 3865 1513 3904 non
1553 3860 1753 3919 posset.
1819 3854 1982 3921 Atqui
2021 3854 2065 3909 is

479 3943 567 3987 est
595 3933 686 4002 qui
715 3933 769 3988 in
796 3949 962 4004 regno
987 3951 1086 3991 suo
1111 3937 1424 3994 dominatur
1449 3957 1476 3994 a
1503 3942 1723 4006 sazcnlo,
1750 3943 1840 4012 qui
1864 3944 2062 3999 caelum

481 4035 794 4096 terramque
818 4027 1022 4098 implet,
1044 4029 1200 4098 cujus
1219 4031 1272 4085 in
1299 4047 1460 4085 manu
1485 4048 1676 4088 omnes
1703 4036 1836 4090 ﬁnes
1863 4047 2022 4092 terra:
2045 4053 2064 4103 ;

482 4117 578 4188 qui
606 4117 748 4174 Dens
773 4121 839 4174 ad
861 4119 1177 4176 salvandum
1221 4123 1454 4190 dicitur;
1491 4134 1547 4177 et
1572 4125 1711 4179 Deus
1743 4127 2062 4182 salutarium

2238 2198 2346 2269 μθθ.
2388 2195 2454 2250 Τί
2495 2189 2587 2250 οὖν
2623 2212 2793 2266 φατες
2831 2197 2860 2249 6
2889 2193 3148 2265 βασιλεὺς
3189 2185 3360 2256 οὗτος,
3396 2192 3422 2243 ὁ
3459 2189 3611 2260 μέγας,
3642 2190 3662 2240 ό

2167 2288 2624 2362 μεγαλοπρεπὴς,
2650 2281 2774 2359 abi)
2818 2286 3271 2358 μεγαλοπρέπεια
3309 2283 3425 2346 τοὺς
3466 2280 3662 2352 οὐρανοὺς

2165 2379 2556 2451 ὑπεράλλεται,
2588 2381 2616 2432 6
2646 2379 2792 2433 κατὰ
2824 2377 3048 2432 πάντων
3099 2375 3402 2447 ἁνημμένος
3423 2373 3476 2426 τὸ
3497 2371 3662 2442 κράτος,

2164 2474 2262 2528 καὶ
2285 2475 2385 2543 τὴν
2414 2473 2593 2544 ἀρχὴν
2625 2471 2980 2542 κεκτημένος.
2997 2470 3296 2540 ἀπέραντον
3319 2481 3334 2496 ⁸
3371 2466 3458 2536 τῆς
3476 2465 3564 2533 γὰρ
3597 2462 3664 2532 βα·
3772 2509 3773 2516 η

2175 2565 2378 2628 σιλείας
2405 2563 2572 2618 αὑτοῦ
2602 2563 2677 2634 μὴ
2695 2559 2838 2616 εἶναι
2870 2561 3026 2624 τέλος
3053 2557 3412 2631 ὁμολογοῦμεν
3441 2552 3664 2624 ὁσημέραι.
3772 2617 3773 2634 ἦ

2171 2658 2201 2710 6
2219 2656 2323 2710 τῶν
2339 2655 2588 2724 ἀγγέλων
2617 2653 2843 2725 Κύριος,
2861 2654 2889 2706 ὁ
2909 2653 3024 2706 τῶν
3046 2649 3332 2722 οὐρανίων,
3353 2649 3438 2702 καὶ
3453 2643 3664 2738 ἐπιγείων,
3772 2685 3773 2738 Ξ

2174 2747 2271 2802 καὶ
2299 2746 2672 2817 καταχθονίων
2700 2745 3004 2810 δεσπόζων,
3027 2745 3056 2796 6
3079 2745 3252 2812 πάσης
3281 2736 3580 2811 Δημιουρτδς
3595 2735 3666 2802 τῆς
3772 2735 3773 2760 ί

2176 2838 2429 2903 κτίσεως,
2476 2839 2572 2892 καὶ
2621 2838 2884 2906 παράγων
2927 2837 3110 2889 πάντα
3159 2831 3218 2899 ἐξ
3258 2833 3354 2886 οὐκ
3390 2829 3534 2884 ὄντων
3569 2824 3668 2893 πρὸς
3772 2873 3773 2930 ἦ

475 2931 592 2999 jam
643 2932 722 2986 vel
771 2933 966 2988 saltem
1014 2935 1288 3002 aliquibus
1341 2936 1744 2992 dominabitur?
1789 2937 1994 2994 Defecit
2032 2958 2061 2992 a

2169 2927 2435 3000 ὓπαρξιν,
2492 2927 2608 2994 πῶς
2656 2927 2738 2980 ἔτι
2789 2926 3106 2996 βασιλεύσει
3151 2923 3185 2994 ἢ
3236 2921 3477 2992 κατάρξει
3517 2915 3665 3002 τινῶν,

2180 3021 2592 3092 Ἀπέστραπται
2636 3022 2664 3074 6
2691 3018 2786 3072 τοῦ
2831 3018 3162 3088 τηλικούτου
3198 3015 3446 3086 βασιλέως
3479 3011 3604 3073 λαὸς,
3625 2999 3669 3059 οὗ

2165 3115 2230 3184 δὴ
2258 3113 2600 3184 λειποταξίου
2639 3111 2862 3182 γραφὴν
2891 3113 2973 3176 είς
3011 3110 3133 3164 δέον
3167 3127 3251 3172 τις
3301 3105 3548 3175 καταχέοι,
3573 3099 3669 3154 κενᾶ

2166 3204 2354 3258 λοιπὸν
2377 3205 2448 3259 τὰ
2481 3203 2730 3276 βασίλεια
2761 3203 2859 3256 καὶ
2886 3203 3076 3274 ἔρημα
3100 3201 3521 3260 καταλέλειπται,
3543 3194 3671 3262 ἑτέρῳ

2169 3297 2494 3367 προσέθεντο
2519 3298 2749 3368 βασιλεῖ·
2785 3295 3038 3361 τοιοῦτος
3061 3295 3171 3368 γὰρ
3193 3298 3220 3348 6
3246 3295 3351 3348 τῶν
3373 3289 3669 3346 ἁϐασιλεύτων

2167 3392 2347 3460 λόγος,
2378 3391 2427 3445 οἳ
2451 3391 2550 3462 οὐχ
2591 3391 2696 3443 ὑπὸ
2729 3389 2830 3462 τὴν
2866 3388 3118 3458 Χριστοῦ
3163 3387 3428 3460 βασιλείαν
3459 3385 3575 3452 τάχα
3593 3376 3672 3432 κεί-

2169 3501 2373 3549 σονται,
2415 3482 2684 3554 έτὲρωθέν
2723 3499 2786 3552 γε
2833 3481 2932 3535 καὶ
2975 3481 3118 3554 πρὸς
3160 3479 3254 3534 τοῦ
3306 3477 3535 3548 Meuania
3564 3473 3672 3542 βασι·

2166 3577 2478 3646 λευόμενοιο
2531 3567 2848 3644 λεγέτωσαν
2893 3573 2952 3628 δὲ
3007 3575 3114 3644 τῆς
3169 3568 3570 3642 ὲγκαταλείψεως
3609 3561 3675 3615 τὸν

2167 3667 2367 3737 τρόπον
2389 3681 2403 3697 ’
2433 3664 2708 3736 ξητείσθω
2735 3665 2821 3729 τίς
2863 3667 2896 3738 η
2939 3667 3100 3720 αἰτία
3144 3666 3242 3736 τῆς
3293 3661 3618 3734 μεταθέσεως
3640 3653 3673 3704 εἰ

2169 3759 2269 3831 μὲν
2295 3757 2438 3812 ἑκὼν
2472 3761 2501 3812 6
2537 3758 2668 3823 λαὸς
2695 3759 2796 3827 τῆς
2823 3757 3012 3828 χειρὸς
3047 3759 3257 3830 ἀπέδρα
3283 3751 3375 3810 τοῦ
3406 3747 3676 3821 ἐξουσιάζονο

2167 3868 2278 3917 τος,
2325 3852 2558 3923 πότερον
2600 3851 2676 3914 ὡς
2717 3850 2813 3905 τοῦ
2848 3851 3048 3922 ἄρχειν
3094 3853 3194 3905 οὐκ
3243 3849 3523 3920 ἰσχύοντος,
3551 3842 3578 3912 ἢ
3605 3835 3675 3891 τ’)ὗ

2169 3943 2362 4008 σώζειν
2388 3945 2448 3998 ού
2489 3943 2795 4007 σθένοντας.
2812 3943 2925 3997 Καὶ
2973 3943 3087 4014 μὴν
3114 3947 3142 3997 6
3169 3940 3437 4006 δεσπόζων
3471 3937 3520 3990 ἐν
3539 3931 3674 4004 11:60-

2167 4035 2391 4107 ναστείᾳ
2435 4034 2598 4088 αὐτοῦ
2647 4034 2742 4089 τοῦ
2777 4036 2994 4102 αἰῶνος,
3044 4036 3210 4100 αὐτός
3245 4037 3396 4088 ἐστιν
3431 4033 3458 4085 6
3507 4021 3675 4094 πληρῶν

2165 4128 2258 4181 τὸν
2294 4127 2526 4198 οὐρανὸν
2548 4128 2646 4181 καὶ
2671 4127 2770 4200 τὴν
2807 4127 2934 4199 γῆν,
2953 4123 3064 4184 ’καὶ
3105 4129 3165 4182 έν
3193 4131 3258 4200 τῇ
3296 4124 3432 4197 χειρὶ
3460 4115 3592 4176 αὐτοῦ
3621 4109 3676 4164 τὰ

481 4223 828 4285 nostrorum;
861 4226 914 4272 et
939 4217 1053 4286 ipse
1084 4228 1244 4274 natus
1271 4230 1356 4276 est
1379 4220 1538 4276 nobis
1569 4219 1830 4278 Servator
1875 4224 2061 4278 Domi-

2168 4220 2382 4291 πέρατα
2410 4220 2507 4291 τῆς
2529 4219 2634 4290 γῆς
2654 4236 2669 4251 ο
2705 4220 2799 4273 καὶ
2821 4219 2954 4283 Θεὸς
2993 4219 3094 4276 τοῦ
3139 4219 3334 4284 σώζειν
3376 4204 3676 4314 life-causai-

483 4323 620 4374 nus;
643 4317 706 4364 et
735 4311 824 4380 qui
855 4310 1051 4372 salvet.
1085 4321 1282 4382 praeter
1309 4313 1479 4379 illum,
1513 4331 1675 4372 nemo
1695 4326 1800 4371 est.
1829 4315 1909 4370 An
1936 4317 2064 4386 quia

481 4411 587 4452 non
613 4399 882 4466 providet,
905 4416 1008 4458 nec
1035 4400 1144 4457 Deo
1165 4402 1323 4472 digne
1351 4413 1532 4459 nostra
1554 4405 1669 4460 haec
1691 4406 2060 4472 administrat,

482 4489 626 4544 hunc
661 4494 960 4546 recusant?
989 4494 1150 4562 Atqui
1177 4493 1294 4564 ipse
1323 4506 1406 4549 est
1433 4497 1522 4566 qui
1571 4499 1702 4553 oriri
1735 4498 1865 4553 facit
1895 4498 2063 4556 solem

481 4595 637 4634 suum
691 4597 855 4654 supra
912 4585 1082 4638 malos
1112 4593 1165 4639 et
1208 4584 1400 4648 bonos,
1429 4597 1485 4642 et
1516 4587 1650 4656 pluit
1693 4602 1856 4658 super
1884 4587 2064 4656 jnstos

481 4683 642 4744 atque
691 4673 957 4743 iniustos;
1006 4675 1098 4746 qui
1145 4677 1234 4730 dat
1266 4687 1427 4733 terrae
1459 4678 1687 4734 imbrem
1732 4681 2060 4734 matutinum

479 4773 536 4820 et
568 4767 886 4830 serotinum,
915 4768 1010 4838 qui
1037 4772 1128 4822 dat
1149 4784 1328 4824 escam
1381 4769 1528 4824 omni
1556 4771 1730 4824 carni.
1764 4769 1868 4838 Et,
1901 4769 2068 4824 Pater

484 4871 651 4920 meus,
684 4857 879 4927 inquit,
905 4877 1068 4931 usque
1097 4859 1250 4914 modo
1273 4871 1545 4931 operatur,
1569 4872 1620 4916 et
1655 4878 1748 4932 ego
1780 4879 1968 4930 operor
1991 4864 2060 4917 9’.

484 4945 693 5012 Quibus
730 4950 910 5006 verbis
943 4968 1127 5008 curam
1165 4953 1256 5011 Dei
1289 4956 1357 5011 de
1388 4955 1554 5028 214
1580 4957 1737 5012 nobis
1769 4959 2065 5026 providen-

483 5037 725 5107 tiamque
753 5043 964 5097 suadet.
997 5045 1076 5097 An
1109 5061 1296 5104 rursus
1315 5063 1414 5103 ceu
1445 5065 1550 5104 non
1579 5063 1833 5119 maguum
1865 5059 2065 5120 negant

481 5129 807 5186 admittere?
853 5132 1016 5204 Atqui
1074 5153 1168 5192 rex
1223 5156 1449 5210 magnus
1514 5157 1680 5210 super
1749 5142 2061 5197 universam

483 5233 693 5280 terram
733 5233 838 5289 est,
869 5235 924 5280 et
957 5231 1346 5297 magnitudinis
1375 5233 1494 5303 ejus
1529 5249 1638 5289 non
1677 5243 1760 5290 est
1802 5235 1948 5290 ﬁnis.
1982 5236 2061 5288 An

482 5318 698 5373 demum
725 5318 878 5387 quasi
898 5321 1137 5390 .partiale
1160 5331 1213 5378 et
1229 5323 1706 5395 circumscriptum
1740 5327 2062 5383 habeat-im-

483 5411 717 5477 perium,
749 5413 834 5470 vei
867 5413 1051 5486 aliquo
1083 5424 1329 5487 tempore
1357 5417 1679 5476 deﬁnitum?
1709 5422 1870 5491 Atqui
1899 5437 2064 5488 regno

479 5503 598 5565 eius
653 5522 758 5562 non
807 5509 910 5564 erit
957 5511 1111 5575 linis;
1153 5521 1208 5566 ct
1247 5511 1348 5582 ipsi
1387 5512 1642 5584 ,ﬁeetitnr
1694 5531 1857 5568 omne
1916 5528 2060 5583 genu

552 5657 595 5688 “
635 5658 792 5720 Joan.
837 5683 887 5734 ν,
923 5669 998 5722 Π.

2165 4313 2298 4376 Θεὸς
2323 4313 2432 4366 τῶν
2476 4311 2767 4382 σωτηριῶν
2804 4311 2964 4382 ἡμῶν
2984 4327 2997 4341 ·
3033 4313 3135 4367 καὶ
3168 4312 3345 4374 αὐτὸς
3381 4303 3548 4377 έτέχθη
3575 4299 3673 4368 ἡμῖν

2163 4405 2356 4477 Σωτὴρ
2384 4403 2610 4476 Κύριος,
2638 4403 2734 4456 καὶ
2761 4402 2949 4466 σώζων
2973 4403 3078 4457 οὐκ
3111 4404 3190 4457 ἔτι
3226 4402 3364 4474 πλὴν
3387 4397 3550 4454 αὑτοῦ·
3574 4390 3674 4460 ῆότι

2161 4500 2222 4552 ού
2247 4501 2467 4570 προνοεῖ
2493 4496 2590 4552 καὶ
2619 4495 2860 4565 διεξάγει
2904 4500 2970 4549 τὰ
3005 4498 3136 4569 τῇδε
3189 4492 3508 4564 θεοπρεπῶς,
3532 4483 3674 4539 τοῦτον

2162 4591 2538 4662 ἀπήρνηνταις
2568 4589 2686 4642 ἀλλ’
2717 4588 2884 4652 αὐτός
2907 4591 3058 4642 ἐστιν
3088 4593 3117 4644 6
3143 4589 3446 4643 ἀνατέλλων
3471 4583 3544 4635 τὸν
3561 4575 3675 4676 ill-t0?

2163 4681 2329 4736 αὑτοῦ
2375 4681 2467 4734 ἐπὶ
2513 4680 2786 4751 πονηροὺς
2817 4680 2928 4734 καὶ
2969 4681 3238 4749 ἀγαθοὺς,
3272 4681 3364 4734 καὶ
3401 4675 3576 4747 βρέχων
3605 4668 3672 4717 ἐπὶ

2163 4775 2412 4838 δικαίους
2441 4775 2537 4828 καὶ
2560 4773 2798 4837 ἀδίκους·
2831 4774 2861 4826 6
2885 4773 3066 4836 διδοὺς
3103 4777 3172 4845 τῇ
3207 4778 3274 4844 γῇ
3304 4771 3448 4826 ὑετὸν
3483 4763 3672 4834 πρὼῑμῡν

2165 4867 2260 4920 καὶ
2285 4866 2505 4936 ὄψιμον,
2540 4866 2636 4918 καὶ
2656 4863 2833 4929 διδοὺς
2856 4865 3066 4936 τροςιὴν
3101 4866 3252 4937 πάσῃ
3287 4862 3461 4934 σαρκί.
3488 4855 3593 4916 Καὶ,
3627 4849 3672 4899 ’0

2163 4959 2367 5028 Πατήρ
2399 4976 2542 5028 μου.
2590 4959 2754 5028 φησὶν
2777 4997 2794 5023 ,
2829 4957 2941 5024 ἕως
2981 4959 3089 5013 τοῦ
3137 4960 3258 5013 νῦν
3286 4954 3578 5027 ἐργάζεται.
3604 4939 3672 4998 καὶ

2161 5049 2276 5118 ἐγὼ
2298 5047 2642 5119 ἐργάζομαι·
2675 5049 2800 5112 τοὺς
2827 5049 2926 5120 τῆς
2965 5049 3097 5119 περὶ
3137 5051 3288 5120 ἡμᾶς
3327 5040 3606 5118 κηδεμονίας
3629 5045 3674 5082 τε

2161 5143 2256 5196 καὶ
2304 5141 2560 5212 προνοίας
2606 5141 2842 5208 εἰσάγων
2897 5141 3155 5195 ἐντεῦθεν
3207 5142 3410 5206 λόγους.
3452 5135 3510 5189 Ἦ
3548 5131 3606 5191 ὡς
3629 5123 3675 5176 οὗ

2165 5232 2342 5304 μέγαν
2366 5232 2816 5303 ούπροσίενταις
2842 5234 2980 5288 ἀλλὰ
3018 5234 3276 5304 βασιλεὺς
3309 5231 3472 5302 μέγας
3503 5217 3674 5278 ἐπὶπᾶ-

2164 5342 2262 5378 σαν
2291 5325 2391 5394 τὴν
2423 5324 2530 5394 γῆν
2557 5327 2704 5378 ἐστι’
2743 5327 2840 5378 καὶ
2871 5327 2970 5396 τῆς
3007 5323 3396 5397 μεγαλωσύνης
3433 5314 3576 5374 αὑτοῦ
3599 5308 3672 5364 οὒκ

2161 5417 2278 5469 εστι
2324 5417 2522 5486 πέραςο
2561 5415 2702 5470 Ἀλλ’
2743 5416 2818 5480 ὡς
2870 5418 3108 5489 μερικὴν
3139 5417 3174 5484 ἢ
3217 5403 3673 5488 περιγεγραμμένην

2170 5506 2637 5579 περιῧεϐλημένον
2665 5506 2762 5578 τὴν
2809 5507 3006 5577 ἀρχὴν,
3040 5505 3275 5576 ῆχρόνῳ
3316 5490 3674 5570 πεπερασμένην
