4054 6204
319 299 434 368 τοι

1185 312 1752 376 APOLOGETICUS
1785 317 1938 377 PRO
1976 319 2242 379 SACRIS
2281 319 2764 382 IMAGINIBUS.

3499 320 3606 384 702

321 416 471 483 τινίς
520 414 682 470 Ἀλλὰ
721 415 824 486 τῆς
864 415 1146 488 βασιλείας
1189 421 1356 476 αὐτοῦ
1399 423 1501 476 οὐκ
1549 424 1705 478 ἔσται
1738 423 1916 489 τέλος,

2030 428 2351 496 εωιοςιὶυιιι,
2387 431 2726 485 terrestrium
2755 439 2808 484 et
2831 430 3193 486 infernorum.
3219 429 3300 484 An
3334 439 3605 500 postremo

323 505 426 561 καὶ
458 504 612 577 αὐτῷ
640 505 887 578 κάμπτει
919 509 1028 562 πᾶν
1062 510 1194 578 γόνυ
1224 513 1570 584 ἐπουρανίων
1595 531 1654 568 τε
1682 517 1919 569 καὶ-ἐπι-

323 597 498 666 γείων
525 596 622 650 καὶ
644 597 1040 668 καταχθονίων.
1069 601 1142 653 Ἦ
1161 601 1238 663 ὡς
1257 602 1355 656 τοῦ
1377 603 1618 660 συνιέναι
1641 606 1916 674 ένδὲοντα;

339 688 504 743 Ἀλλὰ
535 688 636 760 τῆς
672 689 945 752 συνέσεως
983 688 1152 743 αὐτοῦ
1187 691 1290 746 οὐκ
1311 691 1458 748 ἐστιν
1491 695 1726 767 ἀριθμός
1748 713 1764 728 ο
1799 697 1920 751 οὐδὲ

326 781 476 850 Εγνω
503 797 590 844 τις
635 779 764 834 νοῦν
791 779 1002 851 Κυρίου
1024 795 1037 808 °
1074 781 1125 834 εί
1163 781 1222 836 δὲ
1253 783 1332 847 ὼς
1357 785 1457 838 οὐκ
1491 789 1920 858 ὲπιστρεπτικὸν

326 873 366 943 ἢ
413 870 802 942 κηδεμονικὸν,
845 873 942 926 καὶ
989 873 1075 938 τίς
1113 874 1264 928 ἐστιν
1305 879 1335 929 ό
1371 877 1547 946 λέγων
1593 879 1685 934 διά
1735 882 1920 950 φωνῆς

325 963 526 1032 ἁγίων,
585 963 672 1017 ὅτι
723 963 802 1017 Oti
847 961 1117 1034 βούλομαι
1139 964 1233 1019 τὸν
1264 965 1500 1022 θάνατον
1537 969 1633 1022 τοῦ
1679 971 1922 1043 ἀποθνή-

335 1072 582 1121 σκοντος,
616 1055 694 1120 ὡς
721 1058 784 1109 τὸ
820 1057 1153 1128 ἐπιπρέψαι
1183 1058 1346 1114 αὐτὸν
1391 1060 1502 1114 ἀπὸ
1527 1062 1631 1132 τῆς
1665 1063 1790 1116 ὀδοῦ
1825 1064 1924 1118 αύ-

331 1146 452 1213 τοῦ,
475 1148 571 1200 καὶ
605 1145 708 1218 ζῇν
736 1147 834 1218 τὴν
857 1147 1035 1220 ψυχὴν
1065 1148 1234 1204 αὑτοῦ
1254 1166 1270 1182 ο
1312 1151 1410 1204 καὶ⁹
1450 1153 1509 1206 έν
1538 1155 1615 1224 τῷ
1647 1161 1716 1224 με
1747 1156 1921 1208 εἰπεῖν

325 1237 408 1310 τῷ
437 1239 647 1306 ἀσεϐεῖ,
665 1237 896 1310 Θανάτῳ
925 1239 1310 1316 θανατωθήσῃ,
1330 1243 1428 1296 καὶ
1449 1244 1787 1316 ἀποστρέψει
1813 1247 1922 1300 ἀπὸ

324 1333 433 1402 τῆς
462 1329 584 1386 ὁδοῦ
613 1330 806 1396 αὐτοῦ,
837 1332 932 1386 καὶ
963 1333 1187 1404 ποιήσει
1215 1337 1394 1405 κρῖμα
1427 1336 1524 1389 καὶ
1550 1335 1920 1410 δικαιοσύνην,

329 1424 431 1478 καὶ
457 1424 518 1476 ἐν
545 1422 932 1494 προστάγμασι
959 1423 1108 1494 ζωῆς
1135 1423 1577 1494 διαπορεύσεται,
1615 1426 1729 1498 ζωῇ
1761 1427 1926 1500 ζήσε-

327 1531 448 1582 ται,
479 1515 578 1568 καὶ
611 1512 674 1567 ού
707 1513 784 1584 μὴ
813 1513 1067 1586 ἀποθάνῃ
1091 1531 1106 1546 ·
1149 1516 1325 1568 πᾶσαι
1371 1517 1427 1570 αἱ
1468 1517 1920 1588 ἁμαρτίαιαύτοῦ

326 1607 398 1671 ἃς
433 1607 714 1679 ἥμαρτεν,
763 1606 826 1660 ού
878 1603 954 1678 μὴ
999 1607 1464 1679 άναμνησθῶσιν;
1501 1611 1572 1663 Ἦ
1614 1611 1688 1674 ὡς
1729 1613 1923 1680 σοφίας

2022 523 2148 588 quia
2203 521 2484 574 intellectu
2537 521 2823 590 indigeat?
2872 521 3035 590 Atqui
3079 521 3449 592 intelligentiae
3489 520 3607 589 ejus

2022 632 2128 668 non
2186 625 2270 670 est
2317 633 2605 681 numerus;
2657 632 2758 671 nec
2815 621 3102 686 quisquam
3162 617 3312 671 novit
3369 626 3603 670 mentem

2024 709 2264 765 Domini.
2309 707 2462 774 Quod
2510 709 2554 764 si
2601 709 2743 764 forte
2795 711 2959 764 Deum
3006 711 3226 763 minimc
3276 707 3604 763 exorabilem

2023 815 2121 854 nec
2141 800 2312 854 nostri
2341 800 2634 854 sollicitum
2661 801 2994 868 existimant,
3019 803 3162 870 quis,
3197 801 3437 869 inquam,
3468 815 3606 868 pra:-

2025 901 2108 947 ter
2142 892 2322 958 illum,
2376 902 2690 948 sanctorum
2736 909 2868 948 voce
2917 893 3157 959 loquitur
3209 893 3288 948 sic
3323 910 3336 946 :
3368 889 3506 944 Nolo
3547 901 3608 944 ut

2022 983 2187 1038 homo
2220 992 2395 1040 morte
2429 984 2713 1049 moriatur,
2751 984 2846 1040 sed
2873 995 3227 1040 convertatur
3251 984 3431 1054 potius
3459 999 3486 1036 a
3521 982 3604 1035 via

2023 1089 2144 1142 sua,
2171 1075 2426 1146 vivatque
2458 1077 2643 1130 anima
2674 1075 2791 1144 ejus
2818 1095 2830 1140 ;
2874 1092 3082 1146 egoque
3105 1078 3242 1147 ipse,
3276 1077 3365 1144 qui
3391 1077 3478 1130 aio
3501 1075 3598 1128 im-

2024 1167 2134 1235 pio,
2167 1165 2338 1221 Morte
2372 1167 2646 1234 morieris,
2669 1168 2806 1223 idem
2839 1169 2984 1234 dico,
3009 1171 3152 1236 quod
3183 1169 3226 1223 si
3256 1175 3608 1223 convertetur

2024 1277 2053 1314 a
2081 1244 2167 1314 via
2199 1275 2318 1324 sua,
2357 1270 2609 1330 recteque
2635 1270 2687 1316 et
2709 1259 2858 1330 juste
2891 1269 3032 1331 aget,
3062 1271 3116 1315 et
3145 1263 3197 1314 in
3230 1263 3350 1316 vita:
3386 1261 3606 1314 manda-

2027 1351 2095 1406 tis
2118 1335 2436 1415 ambulabit,
2481 1352 2591 1406 vita
2621 1353 2769 1407 vivet
2798 1362 2852 1408 et
2884 1369 2986 1406 non
3025 1355 3290 1408 morietur
3317 1371 3331 1407 :
3361 1351 3603 1406 omnium

2023 1453 2368 1515 peccatorum
2391 1445 2507 1514 ejus
2532 1445 2847 1500 obliviscar.
2872 1445 3137 1515 Superest
3165 1456 3224 1499 ut
3245 1445 3422 1505 Deum
3447 1459 3512 1514 pa
3525 1452 3604 1495 rte

2025 1535 2204 1604 aliqua
2249 1535 2532 1605 sapientia:
2573 1536 2655 1590 vel
2692 1536 2922 1604 justitize
2963 1536 3285 1591 destitutmn
3332 1535 3604 1590 arbitren-

2027 1637 2134 1682 tur.
2166 1626 2330 1696 Atqui
2361 1628 2615 1698 abyssum
2647 1626 2930 1696 sapientiae
2963 1625 3081 1694 ejus
3110 1627 3192 1680 vel
3222 1630 3602 1684 connaturalis

331 1699 468 1770 γοῦν
499 1699 596 1754 καὶ
623 1698 976 1766 δικαιοσύνης
1005 1699 1153 1755 κατά
1178 1715 1232 1753 τι
1264 1699 1400 1768 γοῦν
1443 1700 1916 1772 ἀπολειπόμενον;

2030 1719 2203 1790 potius
2253 1717 2498 1774 scientia:
2543 1717 2670 1787 quis
2723 1719 3016 1773 metietur?
3068 1717 3280 1772 Etenim
3333 1720 3602 1788 sapientia

333 1793 432 1848 καὶ
455 1793 539 1859 τίς
585 1791 1028 1864 ἐξαριθμήσαιτο
1066 1793 1168 1865 τὴν
1211 1792 1453 1848 ἄϐυσσον
1495 1795 1596 1865 τῆς
1650 1794 1844 1864 σοφίας
1883 1794 1918 1866 ἢ

336 1883 541 1955 μᾶλλον
569 1882 938 1954 αὐτοσοφίαςς
969 1885 1036 1955 τῇ
1083 1883 1196 1956 γάρ
1235 1884 1405 1956 σοφίᾳ
1447 1883 1686 1951 ἐξέτεινε
1713 1885 1808 1939 τὸν
1835 1885 1923 1939 ού-

336 1975 523 2047 ρανδν,
553 1977 658 2045 τὴν
701 1975 810 2046 γῆν
852 1973 1188 2045 έθεμελίωσε
1228 1975 1324 2029 καὶ
1360 1974 1704 2040 ἁπαξαπλῶς
1745 1977 1923 2030 πάντα

333 2070 394 2122 ἐν
449 2065 618 2138 σοφίᾳ
655 2066 940 2136 ἐποίησεν.
967 2065 1203 2135 ’Λγαθὸς
1247 2065 1295 2118 δ’
1332 2067 1416 2120 ὅτι
1442 2069 1594 2133 ἐστὶ,
1637 2069 1732 2121 mi.
1753 2069 1924 2124 τᾶλλα

334 2160 519 2214 πάντα
557 2154 638 2222 οἷς
675 2157 830 2228 παρά
873 2157 1096 2212 πάντων
1123 2158 1442 2228 έξυμνεῖταί
1479 2160 1667 2214 τεκαὶ
1699 2159 1922 2227 δοξάζεο

333 2268 464 2306 ται·
497 2251 558 2322 τί
585 2250 669 2304 δεῖ
705 2249 815 2304 τῶν
861 2250 1005 2322 ὑπὲρ
1042 2249 1256 2305 ἔννοιαν
1293 2251 1390 2305 καὶ
1437 2250 1597 2320 λόγον
1635 2251 1730 2306 τοῦ
1787 2253 1922 2307 Θεοῦ

337 2341 650 2413 μεγαλείων
691 2341 1060 2412 ἐφάπτεσθαι,
1111 2342 1206 2396 καὶ
1247 2341 1358 2397 τῶν
1399 2341 1711 2412 ἀνεφίκτων
1750 2361 1924 2397 κατα-

331 2433 580 2505 τολμᾷν;
608 2435 839 2506 Μήποτε
871 2433 1129 2505 λάθοιμεν
1161 2435 1394 2498 ἑαυτοὺς
1417 2435 1648 2506 ἀπονοίᾳ
1671 2437 1766 2489 καὶ
1794 2435 1922 2489 δυσ-

334 2526 533 2600 ϐουλίᾳ
555 2529 672 2592 τοῖς
703 2527 956 2583 ἀσεϐέσιν
1005 2526 1272 2608 ὡσαύτως
1307 2525 1646 2598 ἀνοητότατα
1697 2528 1924 2598 περιπί-

335 2637 590 2685 πτοντες.

409 2712 532 2767 Τίνι
573 2711 670 2766 οὖν
696 2713 726 2765 ὁ
755 2710 1096 2782 ἠθετημένος
1145 2711 1457 2781 ἠλάττωται
1511 2712 1608 2764 mi.
1649 2710 1920 2782 δεδέηται,

2025 1811 2224 1866 caelum
2247 1810 2515 1873 extendit,
2537 1819 2740 1863 terram
2764 1809 3032 1876 lnmlavit,
3049 1813 3602 1880 cunctaque‘omuino

2024 1902 2078 1956 in
2129 1901 2396 1971 sapientia
2449 1899 2600 1956 fecit.
2651 1899 2914 1970 Quodque
2969 1903 3146 1959 bonus
3200 1904 3292 1971 sit,
3325 1915 3381 1959 et
3423 1907 3603 1961 omnia

2024 1993 2242 2058 habeat,
2267 1995 2336 2048 ob
2365 2009 2486 2064 quae
2513 1994 2580 2048 ab
2625 1995 2882 2049 omnibus
2929 1995 3241 2050 celebratur
3289 1997 3510 2069 hymnis
3543 2009 3600 2054 et

2024 2086 2382 2156 gloriﬁcatur,
2416 2100 2514 2140 cur
2543 2101 2682 2156 opus
2709 2095 2790 2140 est
2818 2101 2980 2154 supra
3011 2088 3213 2142 mentis
3259 2087 3422 2158 atqu’e
3465 2105 3606 2143 ora-

2028 2177 2191 2232 tionis
2239 2177 2344 2231 vim
2378 2177 2468 2232 Dei
2511 2179 2783 2249 magna‘lia
2835 2180 3128 2248 attingere,
3155 2189 3211 2234 et
3245 2179 3603 2250 impossibilia

2025 2269 2264 2324 audere?
2291 2267 2368 2324 Ne
2395 2269 2536 2324 forte
2581 2269 2781 2325 incauti
2818 2271 2988 2324 stulto
3031 2270 3262 2326 consilio
3287 2282 3344 2326 et
3370 2272 3602 2339 insania,

2023 2377 2178 2432 aeque
2209 2379 2273 2418 ac
2302 2363 2390 2417 isti
2435 2363 2606 2434 impii,
2652 2364 2702 2418 in
2755 2364 3080 2433 insipientia:
3133 2363 3345 2420 foveam
3397 2365 3605 2421 incida-

2026 2471 2144 2512 mus
2163 2455 2176 2508 !

2101 2721 2199 2778 llic
2234 2737 2362 2793 ergo
2415 2723 2729 2790 repudiatus
2790 2723 2932 2776 Deus
2975 2700 3211 2790 quanam
3243 2738 3301 2777 re
3329 2721 3400 2776 sit
3425 2721 3606 2776 immi-

332 2801 871 2872 γλωσσαλγείτωσαν
909 2803 1006 2858 καὶ
1042 2802 1356 2870 λεγέτωσαν
1379 2819 1394 2835 ο
1425 2787 1513 2854 ἵνα
1559 2800 1798 2866 ὀκλάσας
1829 2803 1924 2856 καὶ

2030 2825 2192 2868 nutus
2219 2825 2314 2868 aut
2351 2787 2529 2883 egeat,
2566 2811 2618 2866 hi
2649 2811 2956 2866 blaterones
2985 2787 3202 2876 dicunt;
3236 2822 3294 2866 ut
3318 2811 3407 2866 hic
3452 2813 3607 2880 igna-

333 2893 596 2950 ἀπειπὼν
621 2893 762 2967 πρὸς
787 2893 888 2968 τὴν
935 2895 1176 2966 σπουδὴν
1215 2893 1660 2966 καταπροῖξηται
1699 2894 1798 2965 τὴν
1827 2895 1920 2964 ἀρ,

2030 2919 2120 2959 rus
2163 2913 2220 2959 et
2267 2902 2554 2973 languidus
2596 2902 2664 2956 ad
2707 2902 2967 2968 cilicium,
3021 2902 3240 2970 abjiciat
3289 2903 3606 2971 imperium.

335 2990 474 3060 χήνο
525 2988 730 3060 μᾶλλον
773 2987 854 3056 δὲ,
911 2987 988 3052 ὡς
1025 2990 1056 3042 ὁ
1090 2987 1365 3069 ἡμέτερος
1415 2987 1608 3056 λόγος,
1642 2989 1786 3042 τίσιν
1824 2988 1922 3057 ούχ

2030 2995 2166 3063 Quin
2208 2995 2406 3066 potius,
2441 3005 2498 3048 ut
2537 3009 2633 3049 nos
2681 2995 2940 3058 dicimus,
2991 2995 3322 3064 quibusnam
3373 3009 3477 3049 non
3525 3001 3611 3048 est

338 3080 656 3153 ὐπερῆρται
681 3081 780 3136 καὶ
794 3079 1280 3151 ὑηραναόέϐηκες
1299 3061 1453 3142 ποῖος
1475 3079 1633 3148 λόγος
1661 3079 1723 3132 τὸ
1754 3080 1922 3149 ὑπερ-

2030 3087 2276 3156 superior
2321 3098 2374 3140 et
2413 3087 2685 3140 excelsior
2741 3084 2921 3138 Deus?
2981 3085 3113 3150 Qua:
3173 3084 3349 3139 oratio
3395 3084 3606 3138 culmen

338 3174 500 3244 οἴρον
554 3173 974 3244 παραστήσεται
1053 3171 1156 3241 τῆς
1219 3170 1643 3241 μεγαλειότητος
1685 3171 1779 3224 καὶ
1825 3170 1927 3240 τῆς

337 3262 627 3335 δυνάμεως
656 3263 720 3318 τὸ
761 3264 1082 3336 ἀπρόσιτον,
1117 3263 1150 3333 ἢ
1175 3261 1276 3332 τῆς
1304 3261 1560 3327 ἔξουσίας
1598 3263 1659 3316 τδ
1683 3263 1930 3334 ἀμέτρη-

335 3373 458 3425 τον,
485 3357 582 3411 καὶ
621 3355 718 3411 τοῦ
751 3357 896 3410 κατά
929 3355 1150 3410 πάντων
1185 3357 1422 3427 κράτους
1453 3353 1926 3426 ἀπειροδύναμον;

339 3451 440 3505 καὶ
476 3451 566 3505 ἵνα
599 3450 675 3522 μὴ
717 3450 832 3514 τοῖς
860 3450 1144 3512 ταπεινοῖς
1182 3447 1396 3512 τούτοις
1433 3448 1834 3518 ἀποσεμνύνειν
1869 3447 1930 3499 τὸ

341 3545 554 3616 ὑψηλὸν
598 3543 893 3608 δόξαντες,
945 3541 1495 3614 κατασμικρύνοιμεν
1546 3539 1647 3612 τῆς
1705 3538 1932 3610 κυρείας

337 3635 602 3694 ἁπάντων
631 3638 730 3690 καὶ
769 3633 1092 3696 δεσποτείας
1139 3632 1202 3685 τὸ
1237 3632 1616 3704 ἀνέκφραστον
1636 3670 1652 3696 ,
1687 3630 1721 3702 ἡ
1754 3631 1930 3684 πάντα

343 3729 754 3804 ἀπαρασλήτως
777 3745 840 3782 τε
872 3727 972 3782 καὶ
1012 3725 1370 3798 ἀσυγκρίτως
1420 3723 1808 3796 ὑπερθρώσκει
1838 3725 1931 3776 καὶ

455 3821 726 3896 ρίδρυται,
764 3821 861 3874 καὶ
903 3819 1073 3872 πᾶσιν
1110 3817 1312 3888 ὁμοίως
1357 3815 1560 3881 ἄσατός
1589 3816 1651 3868 τέ
1694 3818 1810 3867 ἐστι
1840 3815 1932 3867 καὶ

339 3913 612 3986 ἄληπτος,
639 3912 735 3969 καὶ
761 3910 1192 3984 ἀποκέκρυπται
1223 3908 1302 3980 νῷ
1329 3907 1422 3962 καὶ
1451 3907 1596 3976 λόγῳ
1625 3905 1811 3970 παντὶ,
1842 3899 1931 3958 οἷα

341 4005 409 4077 δὴ
445 4005 668 4060 πάντων
695 4002 1015 4074 ἐξῃρημένη
1045 3999 1258 4073 ὁρατῶν
1299 4015 1368 4064 τε,
1405 3997 1498 4052 καὶ
1526 3996 1805 4068 ἀοράτων,
1836 3998 1931 4049 καὶ

339 4095 552 4160 παντὸς
581 4095 848 4165 ὀνόματος
882 4094 940 4147 έν
969 4092 1048 4164 τῷ
1072 4092 1230 4145 αἰῶνι
1276 4091 1452 4160 τούτῳ
1484 4085 1931 4156 κατονομαζομέ-

343 4200 439 4240 νου
471 4184 570 4238 καὶ
593 4185 654 4236 έν
681 4182 759 4255 τῷ
790 4182 1067 4254 μέλλοντι,
1085 4181 1195 4235 τῶν
1223 4179 1487 4234 τοιούτων
1511 4178 1585 4243 ὡς
1611 4175 1752 4249 ὑπὲρ
1783 4176 1932 4248 ἡμᾶς

339 4274 710 4348 ἁφεξώμεθαο
751 4277 800 4330 εί
822 4275 880 4330 δὲ
913 4275 1014 4347 οὐχ
1039 4273 1182 4328 έκὼν
1211 4275 1240 4327 ό
1269 4269 1675 4344 έκκεχωρηκὼς
1721 4270 1785 4323 τὸ
1829 4270 1933 4322 ὑπ-

343 4371 512 4441 ήκοον
545 4365 611 4438 δὴ
645 4365 807 4421 τοῦτο
852 4363 1205 4438 μετετάξατο,
1240 4363 1523 4436 βεϐίασται
1551 4363 1806 4426 πάντως,
1834 4360 1931 4413 καὶ
1962 4406 2007 4462 D

343 4463 410 4517 τὸ
443 4458 753 4532 ἡγεμονοῦν
796 4460 1226 4531 τετυράννηται·
1257 4458 1350 4512 καὶ
1381 4457 1468 4521 τίς
1495 4459 1524 4510 ὁ
1558 4457 1624 4527 τῇ
1653 4453 1928 4526 τυραννίδι

346 4539 691 4624 ἐπιθέμενος,
733 4551 919 4606 καὶτὸ
953 4555 1180 4622 κρατεῖν
1231 4549 1605 4618 ἀφελόμενος;
1639 4547 1734 4600 καὶ
1775 4545 1928 4599 ἔσται

345 4647 376 4700 ὁ
399 4644 748 4717 τυραννήσας
787 4635 1212 4716 εὐσθενέστερός
1253 4659 1310 4696 τε
1353 4643 1447 4694 καὶ
1487 4637 1926 4710 ὲπικλεέστερος,

345 4738 448 4792 καὶ
479 4737 732 4790 τοσοῦτον
759 4737 890 4790 ὅσον·
913 4736 1010 4788 καὶ
1039 4735 1100 4789 τὸ
1127 4735 1227 4807 τῆς
1255 4735 1416 4805 νίκης
1441 4730 1800 4805 ὑπερτεροῦν,
1833 4730 1929 4786 καὶ⁹

342 4832 420 4885 τὰ
451 4829 519 4884 δι’
547 4821 624 4883 ὧν
645 4827 712 4883 ἂν
740 4829 774 4900 ή
804 4827 930 4898 νίκη
964 4828 1026 4880 τὸ
1051 4827 1243 4898 περιὸν
1273 4825 1417 4904 ἔχοις
1452 4824 1510 4879 ὲν
1541 4825 1640 4895 μὲν
1675 4823 1782 4894 γὰρ
1817 4826 1930 4887 τοῖς

343 4921 654 4995 ὁρωμένοις
679 4920 774 4974 καὶ
800 4918 1183 4992 ἀνθρωπίνοις,
1211 4917 1451 4989 ὁπηνίκα
1481 4917 1540 4970 τὸ
1570 4917 1813 4970 ἐναντίον
1837 4915 1930 4969 καὶ

348 5015 598 5086 μάχιμον
631 5011 700 5066 τὰ
745 5010 886 5082 πρὸς
928 5010 1020 5064 τὸν
1049 5008 1292 5080 πόλεμον
1331 5006 1684 5080 έξαρτύηται,
1714 5007 1809 5060 καὶ
1849 5006 1931 5069 είς

344 5103 602 5176 ἀλλήλων
629 5105 823 5174 χεῖρας
863 5103 1130 5174 ἥκωνται,
1165 5100 1318 5164 τέλος
1344 5099 1455 5154 τῶν
1489 5100 1670 5152 ὃπλων
1700 5099 1795 5152 καὶ
1820 5097 1932 5151 τῶν

345 5196 532 5250 πόνων
567 5196 620 5248 οί
643 5194 707 5248 τὸ
745 5197 996 5266 κρεῖττον
1021 5195 1462 5262 ἀπενεγκάμενοι
1495 5194 1759 5262 ἴσχουσιν,
1799 5191 1832 5264 ἢ
1872 5193 1933 5245 έν

341 5291 418 5362 τῇ
441 5289 596 5363 μάχῃ
632 5289 1034 5360 κρατήσαντες,
1074 5285 1447 5358 χειρώσασθαι
1471 5285 1808 5358 τρεψάμενοι
1842 5285 1934 5340 τὸν

343 5380 670 5446 ἀντίπαλον,
701 5379 762 5446 έξ
789 5374 852 5434 οὗ
887 5379 1177 5450 συμϐαίνει
1209 5379 1424 5432 σκύλων
1457 5396 1516 5432 τε
1551 5379 1650 5433 καὶ
1673 5377 1934 5449 λαφύρων

344 5473 523 5546 πόρον
548 5473 632 5526 ὅτι
663 5473 920 5526 πλεῖστον
949 5471 1298 5542 ἐνέγκασθαι,
1325 5471 1503 5524 ὅπλων
1539 5489 1596 5524 τε
1641 5473 1836 5541 κτῆσιν
1858 5471 1934 5538 ὡς

347 5565 624 5639 μεγίστην
667 5564 1092 5640 περιραλέσθαι,
1141 5565 1174 5634 ἢ
1208 5565 1394 5636 χώραν
1434 5564 1788 5638 καταδῃῶσαι
1836 5566 1934 5635 τὴν

343 5658 794 5730 πολεμιωτάτην,
819 5657 916 5712 καί⁵
939 5657 1124 5728 σφίσιν
1157 5658 1344 5721 αὐτοῖς
1369 5657 1639 5728 κατήκοον
1699 5659 1934 5728 ποιήσα-

349 5752 506 5818 σθαι,
533 5750 627 5807 καὶ
650 5749 1123 5826 δασμοφορεῌείς
1142 5749 1202 5804 τὸ
1225 5749 1411 5806 λοιπὸν
1440 5750 1566 5815 τοὺς
1586 5749 1934 5823 κεκρατημέ-

2027 3179 2416 3234 demonstrabit
2457 3179 2845 3248 magnitudinis
2889 3178 3028 3247 ejus,
3076 3177 3406 3247 virtutisque
3434 3177 3598 3230 ﬁnem

2030 3270 2402 3332 interminum,
2459 3269 2540 3324 vel
2587 3279 2912 3337 potestatem
2985 3267 3510 3332 imtuensurabilem,
3556 3277 3611 3320 et

2027 3363 2289 3418 adversus
2333 3377 2522 3417 omnes
2585 3361 2926 3416 fortitudinis
2960 3361 3065 3415 vim
3099 3361 3372 3414 infinitam
3395 3361 3420 3413 ?
3447 3359 3511 3412 Et
3543 3377 3610 3412 ne

2031 3455 2433 3511 hishumilibus
2461 3455 2638 3508 verbis
2683 3453 2952 3506 exornare
3003 3452 3280 3506 excelsum
3334 3461 3606 3518 putantes,

2031 3556 2387 3601 extenuemus
2445 3544 2622 3612 potius
2675 3535 2998 3596 universalis
3055 3541 3364 3596 dominatus
3419 3551 3610 3610 poteu~

2034 3645 2286 3702 latusque
2319 3631 2646 3688 ineffabilem
2673 3631 3022 3699 dignitatem,
3057 3647 3177 3700 qua:
3209 3630 3613 3698 incomparabi-

2033 3729 2156 3782 liter
2177 3739 2230 3780 et
2263 3727 2467 3794 absque
2496 3725 2600 3776 ulla
2638 3724 2869 3793 puritate
2895 3724 3076 3778 Omnia
3116 3720 3354 3776 transilit
3380 3733 3432 3775 et
3459 3736 3614 3775 σχεθε

2033 3819 2132 3879 dit.
2159 3819 2478 3886 eum-lisque
2515 3818 2793 3870 inaccessa
2825 3825 2880 3870 et
2904 3814 3475 3884 tneomprehensibilis
3503 3824 3610 3876 est.

2031 3910 2286 3978 omnique
2317 3909 2480 3962 menti
2513 3924 2574 3962 ac
2610 3909 2848 3964 sermoni
2881 3907 3285 3976 impervia,ceu
3311 3923 3432 3977 quae
3454 3916 3610 3959 extra

2031 4016 2249 4055 omnem
2315 3999 2578 4052 visibilem
2640 3999 3082 4067 invisibilemque
3144 4013 3257 4052 rem
3311 4006 3396 4052 est
3449 4004 3614 4064 atque

2033 4107 2192 4148 olune
2224 4106 2421 4144 nomen
2457 4090 2572 4145 sive
2595 4089 2648 4145 in
2684 4091 2938 4159 praesenti
2971 4089 3086 4143 sive
3117 4089 3170 4141 in
3204 4086 3387 4142 futuro
3413 4088 3614 4150 saeculo

2032 4184 2452 4249 nominandum;
2494 4183 2598 4243 his,
2638 4183 2884 4251 inquam,
2917 4179 3182 4240 dicendis,
3217 4194 3314 4232 ceu
3354 4178 3612 4232 facultate

2033 4286 2220 4332 nostra
2308 4273 2639 4342 majoribus,
2715 4274 3112 4326 abstineamus.
3180 4270 3336 4334 Quod
3379 4269 3424 4324 si
3472 4269 3614 4323 haud

2033 4380 2227 4439 sponte
2272 4369 2570 4438 gradu‘suu
2603 4365 2826 4431 cedens,
2863 4364 3010 4416 dicto
3037 4362 3264 4415 audiens
3293 4361 3470 4416 factus
3505 4373 3610 4425 est,

2035 4465 2226 4532 utique
2257 4463 2336 4516 vis
2377 4461 2425 4514 ei
2459 4459 2602 4514 illata
2652 4456 2790 4522 fuit;
2824 4466 2876 4511 et
2916 4456 3007 4525 qui
3047 4455 3296 4526 princeps
3331 4463 3471 4520 erat,
3515 4455 3615 4508 Sub

2037 4555 2380 4628 tyrannidem
2425 4551 2649 4607 decidit.
2705 4550 2838 4618 Quis
2885 4563 3047 4618 porro
3087 4549 3224 4601 hanc
3265 4547 3612 4618 tyrannidem

2036 4647 2286 4718 arripuit,
2318 4657 2372 4700 et
2407 4644 2710 4715 imperium
2742 4643 2817 4696 illi
2849 4641 3112 4697 abstulit?
3143 4643 3274 4695 Sine
3318 4639 3484 4694 dubio
3522 4641 3612 4707 qui

2039 4752 2302 4814 tyrannus
2341 4746 2427 4793 est
2459 4737 2661 4802 tactus,
2695 4735 2889 4790 fortior
2922 4733 3238 4802 t'eliciorque
3275 4740 3378 4797 est,
3417 4741 3614 4801 quate-

2036 4848 2140 4888 nus
2173 4831 2390 4901 quidem
2425 4829 2601 4881 victor
2625 4826 2926 4896 praevaluit,
2952 4835 3006 4878 et
3039 4824 3414 4891 comparandae
3443 4824 3618 4879 victo-

2037 4927 2134 4982 riae
2185 4924 2334 4979 vires
2387 4921 2594 4978 habuit.
2629 4918 2762 4974 Nam
2815 4929 2966 4974 certe
3005 4918 3058 4972 in
3104 4919 3190 4972 his
3227 4917 3529 4972 visibilibus
3562 4925 3618 4971 et

2035 5017 2314 5080 humanis,
2351 5030 2473 5069 cum
2503 5015 2567 5068 ad
2603 5029 2837 5084 pugnant
2873 4999 3160 5080 aciemque
3187 5025 3276 5065 res
3307 5010 3431 5064 belli
3457 5011 3618 5064 deve-

2037 5110 2138 5170 nit,
2171 5117 2222 5164 et
2246 5121 2440 5163 manus
2465 5112 2851 5167 conseruntur,
2878 5099 3116 5155 l’ructum
3149 5092 3424 5154 armomm
3451 5106 3615 5166 atque

2040 5197 2285 5252 laborum
2317 5195 2369 5251 hi
2401 5193 2493 5264 qui
2527 5191 2841 5263 superiores
2871 5190 3157 5246 discedunt
3183 5187 3450 5252 referunt,
3485 5187 3611 5240 dum

2038 5291 2250 5357 hostem
2299 5287 2494 5356 proelio
2547 5285 2750 5339 victum
2797 5284 2854 5338 in
2891 5283 3262 5355 captivitatem
3318 5279 3611 5347 redigunt;

2038 5383 2184 5438 unde
2215 5380 2468 5450 sequitur
2497 5379 2693 5446 praedae
2727 5388 2784 5434 et
2813 5377 3192 5432 manubiarum
3223 5372 3440 5440 copiosa
3476 5368 3607 5423 ade-

2040 5477 2176 5548 ptio,
2209 5488 2484 5528 armorum
2519 5485 2736 5542 quoque
2759 5470 2995 5540 plurima
3029 5465 3292 5527 accessio,
3321 5461 3402 5514 vel
3437 5459 3614 5514 hosti-

2041 5567 2108 5622 lis
2135 5565 2372 5637 regionis
2396 5562 2742 5634 depopulatio
2770 5572 2932 5631 atque
2959 5561 3012 5614 in
3045 5556 3318 5626 propriam
3353 5553 3612 5606 ditionem

2042 5659 2306 5721 reductio,
2338 5656 2730 5727 stipendiorum
2757 5653 2809 5707 in
2835 5659 3112 5722 posterum
3144 5656 3355 5715 tempus
3379 5641 3612 5698 violenta

2041 5749 2265 5806 indictio
2310 5759 2564 5820 tanquam
2605 5745 2760 5801 victis
2801 5751 2853 5800 et
2897 5743 2951 5798 in
2993 5739 3309 5796 servitutem
3351 5732 3610 5793 redactis.
