4054 6204
444 280 550 349 703

1316 314 1323 317 ι
1416 273 1941 349 S..N1CEPHORI
1980 267 2488 334 PATRIARCHJE
2528 259 2668 329 GP."-

3593 245 3731 327 τω.

446 392 602 458 Quod
646 398 825 445 autem
860 389 929 444 ab
958 385 1326 443 invisibilibus
1362 384 1727 454 potestatibus
1771 398 2017 439 commo-

2139 397 2246 447 ρους
2274 379 2351 445 ὡς
2392 378 2794 451 δουλουμένους
2844 373 3287 432 καταδιάσασθᾶι
3313 388 3328 406 '
3362 375 3392 428 6
3437 372 3497 428 et
3554 372 3711 445 παρὰ

451 495 565 538 tum
610 482 810 537 bellum
836 489 941 547 est,
972 495 1002 535 a
1035 477 1235 547 quibus
1274 474 1430 531 nobis
1470 476 1585 531 haec
1623 485 1814 532 contra
1860 475 2020 530 tidem

449 575 682 647 pmcella
711 573 1093 643 permiscetur,
1128 568 1263 624 nihil
1297 568 1493 623 horum
1525 578 1713 637 sperat
1752 569 1856 623 sibi
1885 569 2024 624 bene

446 677 790 723 eventurum.
844 663 959 717 Non
1007 663 1152 717 enim
1207 676 1305 730 par
1338 668 1423 715 est
1471 660 1619 715 illius
1664 668 1827 726 atque
1863 659 2025 728 hujus

451 758 577 813 belli
610 766 786 809 motus
824 767 841 807 :
874 768 1050 822 neque
1085 761 1146 806 ut
1178 751 1415 821 aliquam
1448 765 1561 804 rem
1608 760 1892 805 externam
1924 767 2025 806 no-

450 858 621 903 stram
654 846 827 900 hostis
857 844 1131 913 acquirat,
1174 843 1436 897 adversus
1468 858 1566 897 nos
1598 844 1901 913 consurgit,
1931 844 2028 897 sed

452 950 515 995 ut
542 954 641 993 nos
684 937 900 1009 penitus
954 945 1121 1002 totos,
1171 934 1223 989 id
1259 943 1344 990 est
1393 934 1686 991 rationales
1735 935 1948 989 animas
1972 944 2030 990 et

453 1030 739 1085 rectricem
803 1028 1039 1083 hominis
1096 1036 1332 1082 mentem
1390 1026 1745 1097 depopuletur
1817 1025 2031 1095 sibique

452 1118 741 1188 subjiciat,
794 1116 1230 1187 persuadeatque
1269 1125 1327 1169 ut
1356 1131 1535 1186 regem
1586 1114 1748 1185 215
1797 1115 2031 1186 appelle-

452 1226 595 1277 mus,
634 1208 914 1279 Deumque
947 1209 1309 1263 confiteamur
1341 1207 1493 1263 illum
1520 1208 1611 1277 qui
1643 1208 1736 1261 Dei
1772 1207 2031 1262 adversa-

457 1300 572 1355 rius
607 1312 711 1364 est,
745 1300 971 1368 ejusque
1017 1298 1398 1354 abominandis
1443 1299 1750 1367 animaeque
1781 1298 2033 1355 exitiosis

451 1393 696 1462 jussibus
727 1391 1203 1461 obtemperemus;
1229 1398 1283 1445 ct
1324 1405 1391 1446 ne
1432 1391 1548 1460 ipse
1577 1390 1726 1445 solus
1772 1391 2033 1459 gehennae

458 1485 532 1539 sit
556 1484 828 1548 addictus,
867 1484 965 1539 sed
1002 1484 1168 1539 etiam
1199 1493 1484 1539 consortes
1520 1497 1650 1537 suos
1684 1482 1737 1536 in
1771 1493 2031 1539 eternium

457 1577 639 1648 ignem
682 1591 865 1631 secum
910 1576 1188 1645 conjiciat.
1230 1575 1287 1629 Id
1320 1578 1464 1631 enim
1511 1574 1744 1631 oﬂicium
1773 1575 1847 1630 ab
1874 1575 2033 1631 initio

458 1667 559 1719 fuit
592 1664 759 1719 invidi
792 1666 1057 1721 dzemonis
1088 1675 1141 1721 et
1166 1664 1444 1735 llugitiosi,
1478 1679 1671 1735 nempe
1703 1673 1763 1718 ut
1804 1679 1902 1720 nos
1933 1680 2030 1733 paa

2125 474 2235 528 τῶν
2265 473 2516 545 ἀοράτων
2545 470 2867 542 κινούμενος
2898 469 3157 539 πόλεμος,
3206 465 3297 535 ὑφ’
3328 459 3406 520 ὧν
3439 465 3576 535 ἡμῖν
3614 461 3714 518 νῦν

2124 567 2154 620 ό
2200 565 2342 619 κατά
2390 565 2494 635 τῆς
2540 564 2780 628 πίστεως
2825 562 2989 627 σάλος
3026 559 3454 623 ἐπανασείεται,
3500 556 3717 612 τούτων

2126 657 2277 711 οὐδὲν
2304 658 2363 712 ἐν
2389 656 2574 711 ἐλπίσι
2595 653 3125 726 κατορθωθήσεσθαι
3149 652 3362 706 τίθεται
3381 667 3398 684 ·
3421 651 3485 706 οὐ
3511 651 3623 723 γὰρ
3647 650 3714 720 δή

2129 766 2235 803 που
2269 749 2429 802 τοῦτο
2468 748 2822 820 τηλικοῦτον,
2864 746 3055 818 ἡλίκον
3078 745 3292 799 ἐκείνου
3329 742 3427 797 τοῦ
3469 741 3716 812 πολέμου

2127 839 2191 893 τὸ
2238 839 2481 911 κίνημα⁶
2531 841 2631 910 οὐχ
2675 841 2825 904 ὅπως
2871 841 2985 911 γάρ
3036 856 3092 892 τι
3130 837 3244 892 τῶν
3286 835 3581 907 ἡμετέρων
3617 834 3722 888 καὶ

2130 933 2362 997 ἐκτὸς,.ό
2390 932 2583 1003 ἐχθρὸς
2613 932 3027 1004 σφετερίσηται,
3057 931 3182 987 καθ’
3215 929 3376 1001 ήμῶν
3398 926 3717 999 ἐπιφύεται,

2129 1024 2246 1078 ἀλλ’
2275 1024 2425 1088 ὅπως
2466 1023 2626 1087 ὅλους
2666 1026 2819 1095 ήμᾶς
2857 1025 3080 1087 αὐτοὺς.
3123 1021 3306 1093 ψυχάς
3347 1019 3576 1089 λογικὰς
3619 1018 3721 1072 καὶ

2129 1115 2221 1169 τὸν
2244 1114 2492 1185 ἡγεμόνα
2511 1114 2635 1168 νοῦν
2657 1115 3049 1185 καταληῖσαιτο
3070 1115 3166 1169 καὶ
3187 1114 3296 1167 ὑπὸ
3317 1114 3479 1183 χεῖρα
3493 1110 3718 1181 ἀγάγοι,

2131 1204 2404 1275 ἀναπείσῃ
2438 1221 2500 1257 τε
2531 1204 2756 1274 βασιλέα
2785 1205 2990 1266 καλεῖν.
3024 1205 3116 1258 καὶ
3153 1203 3286 1258 Θεὸν
3320 1204 3604 1273 ὁμολογεῖν
3626 1202 3721 1255 τὸν

2133 1297 2397 1362 ἀντίθεον,
2427 1298 2657 1361 καὶτοῖς
2693 1296 3062 1368 ψυχοφθόροις
3087 1296 3186 1351 καὶ
3211 1295 3520 1365 βδελυκτοῐς
3546 1295 3720 1348 είκειν

2133 1387 2552 1458 προστάγμασιν
2577 1405 2593 1421 ο
2624 1388 2713 1442 ἵνα
2742 1388 2806 1459 δὴ
2843 1387 2919 1459 μὴ
2945 1387 3107 1451 αὐτὸς
3142 1387 3303 1457 μόνος
3328 1386 3523 1457 γεέννῃ
3547 1399 3722 1438 κατα-

2131 1478 2427 1555 δικάζοιτο,
2467 1480 2568 1551 ήδη
2601 1480 2659 1534 δέ
2695 1481 2792 1536 καὶ
2820 1481 2949 1544 τοὺς
2988 1478 3612 1550 συγκληρονομήσοντας
3639 1475 3722 1546 τῷ

2134 1572 2272 1641 πυρὶ
2312 1571 2391 1643 τῷ
2428 1571 2635 1643 αίωνίῳ
2672 1573 3142 1640 συνεπαγάγοιτο·
3189 1569 3349 1624 τοῦτο
3399 1568 3511 1640 γὰρ
3556 1567 3722 1639 ἔργον

2137 1661 2198 1726 ἐξ
2231 1662 2408 1733 ἀρχῆς
2447 1662 2527 1734 τῷ
2567 1662 2839 1733 βασκάνῳ.
2875 1663 2970 1717 καὶ
3015 1662 3284 1733 ἀλιτηρίῳ
3327 1660 3566 1730 δαίμονι,
3609 1658 3721 1713 τῶν
3824 1720 3831 1729 α

461 1755 593 1809 ralis
621 1757 806 1821 generi
832 1764 1019 1809 nostro
1042 1756 1339 1810 boniscum
1366 1753 1538 1809 livore
1563 1754 1783 1808 irruens
1811 1754 2030 1822 spoliet,

2139 1730 2594 1826 ηὐτρενπισμένων
2621 1730 2845 1824 ἀγαθών
2867 1755 2947 1825 τῷ
2970 1754 3117 1824 γένει
3157 1730 3235 1824 τῷ
3258 1730 3392 1807 καθ’
3416 1753 3566 1823 ήμᾶς
3586 1750 3722 1821 φθο-

457 1856 514 1902 et
542 1863 652 1903 suae
683 1848 852 1901 ruinae
885 1848 1066 1902 socios
1110 1846 1293 1901 faciat.
1317 1844 1436 1900 Jam
1462 1860 1592 1900 vero
1628 1846 1674 1901 is
1706 1847 1791 1901 cui
1831 1846 2035 1900 subditi

458 1936 633 2007 erepti
693 1944 839 1999 sunt,
902 1938 1214 2005 principatu
1269 1936 1534 2005 spoliatus
1587 1944 1695 2001 est,
1752 1944 1807 1990 et
1857 1935 2037 2005 digni-

463 2037 571 2083 tate
622 2028 888 2097 privatus,
952 2038 1120 2097 atque
1168 2028 1391 2083 omnino
1445 2036 1714 2098 potestate
1766 2027 2036 2083 seclusus.

460 2118 674 2174 Nudum
711 2120 786 2174 illi
818 2130 1069 2190 superest
1109 2135 1335 2188 nomen;
1377 2120 1462 2175 vel
1493 2121 1596 2175 hoc
1626 2120 1824 2190 ipsum,
1859 2127 2041 2189 utpar

457 2219 566 2274 est,
596 2225 819 2279 prorsus
845 2219 1159 2265 evanescat.
1194 2209 1337 2280 Ergo
1370 2208 1528 2278 hujus
1570 2209 1741 2281 gloria
1774 2209 1841 2263 ad
1875 2209 2041 2264 mise-

464 2302 603 2357 riam
639 2300 1153 2371 deformitatemque
1190 2302 1418 2357 recidet.
1469 2300 1575 2357 Ubi
1622 2301 1771 2357 enim
1806 2316 1910 2357 non
1957 2308 2042 2356 est

461 2393 734 2455 subditus.
770 2394 843 2448 ibi
871 2409 940 2448 ne
986 2409 1167 2464 regem
1202 2394 1419 2464 quidem
1473 2394 1779 2450 consistere
1816 2408 2043 2449 necesse

461 2490 572 2536 est.
610 2480 754 2537 Cur?
802 2482 931 2551 quia
976 2483 1065 2538 hic
1116 2482 1313 2553 quibus
1369 2483 1602 2553 imperet
1649 2497 1754 2538 non
1802 2481 2040 2536 habebit.

466 2569 561 2625 Sic
589 2571 676 2625 isti
705 2570 1013 2626 calamitosi
1047 2572 1275 2626 daemoni
1311 2571 1536 2641 largiter
1558 2568 1824 2635 faventes,
1853 2578 2045 2640 putant

465 2663 726 2718 adversus
770 2662 973 2719 Christi
1005 2678 1231 2733 regnum
1268 2662 1490 2717 fortiter
1530 2676 1739 2733 gerere.
1772 2672 2045 2716 nostram-

464 2770 572 2825 que
623 2757 781 2811 fidem
837 2757 1067 2812 viriliter
1126 2770 1462 2826 oppugnare,
1522 2769 1729 2825 nosque
1774 2770 1803 2808 a
1850 2753 2045 2808 divinis

456 2844 733 2919 depellere
756 2845 1125 2914 dogmatibus.
1161 2845 1416 2900 Attamen
1459 2845 1720 2900 divinitus
1756 2845 2045 2914 inspiratas

466 2936 690 2990 audiant
726 2951 886 2992 voces
915 2955 928 2990 :
960 2935 1167 2991 Stultus
1207 2936 1371 2991 stulta
1426 2936 1693 3007 loquetur,
1722 2945 1770 2991 et
1803 2952 1895 2990 cor
1927 2934 2043 3006 ejus

465 3043 600 3081 vana
626 3026 877 3097 cogitabit
911 3027 981 3081 θ’.

539 3290 629 3346 50.
666 3288 807 3356 Quid
841 3300 1020 3346 autem
1058 3292 1160 3347 hoc
1186 3293 1435 3350 insanius
1472 3304 1566 3348 aut
1600 3294 1856 3349 stultius?
1894 3293 2045 3350 Vana

469 3398 597 3438 vere
650 3384 915 3438 adversus
947 3384 1225 3441 Christum
1278 3387 1530 3442 meditati
1584 3395 1731 3452 sunt,
1770 3388 2050 3460 stultaque

470 3473 711 3543 ipsorum
746 3475 975 3529 consilia
1026 3475 1243 3531 fuerunt
1292 3487 1348 3531 et
1402 3478 1779 3550 cogitationes,
1820 3480 2049 3536 mentis-

468 3575 577 3631 que
625 3562 838 3619 ratione
872 3565 1111 3621 carentis
1153 3572 1213 3621 et
1257 3566 1507 3623 absurdae
1553 3578 1764 3639 partus,
1800 3585 2051 3647 veraeque

471 3648 767 3716 fatuitatis,.
797 3653 906 3707 imo
937 3653 1145 3708 malitia
1192 3655 1465 3711 atbeismo
1501 3672 1823 3728 summaque
1850 3659 2050 3729 impie-

473 3749 581 3796 tate
609 3742 785 3813 major
817 3761 832 3799 :
867 3758 1101 3813 quorum
1140 3746 1344 3802 nullam
1370 3756 1606 3817 partem,
1641 3764 1711 3805 ne
1735 3748 1789 3804 in
1812 3760 2047 3807 mentem

470 3831 689 3901 quidem
737 3833 964 3902 homini,
1015 3837 1258 3906 recipere
1303 3838 1462 3907 licet,
1494 3839 1569 3895 ita
1621 3849 1682 3895 ut
1723 3841 2049 3897 stultissime

472 3929 643 3991 putet,
681 3932 736 3978 et
760 3923 1153 3982 scelestissime'
1170 3928 1498 3993 committat,
1533 3930 1600 3985 ad
1638 3938 1843 3985 tantam
1894 3931 2049 3986 infir-

473 4013 713 4069 mitatem
746 4024 802 4070 et
835 4016 1070 4071 dedecus
1094 4032 1407 4088 supremum
1443 4020 1536 4075 Dei
1582 4020 1921 4077 dominatum
1949 4024 2049 4078 de-

473 4107 726 4178 primere.
772 4107 887 4175 Qua
917 4112 1132 4179 quidem
1163 4125 1222 4165 re
1245 4112 1376 4181 quid
1403 4113 1693 4168 absurdius
1722 4128 1844 4170 esse
1873 4125 2052 4186 potest

473 4211 634 4270 atque
662 4201 1187 4272 irreligiosiusised
1228 4219 1367 4259 nova
1392 4206 1664 4275 quaedam,
1704 4215 1763 4261 ut
1806 4208 2049 4276 videtur,

471 4295 736 4351 adversus
768 4295 971 4351 Christi
997 4311 1218 4368 regnum
1248 4298 1315 4353 ab
1348 4299 1432 4353 his
1452 4299 1657 4370 iniquis
1676 4300 1851 4355 oritur
1886 4317 2050 4356 accu—

2138 1845 2313 1917 vept'bc
2341 1847 2550 1901 ἐπιόντι
2568 1848 3000 1920 ἀποστερήσειν,
3019 1845 3229 1900 καὶτοῦ
3252 1843 3449 1898 ἐαυτοῦ
3473 1842 3728 1915 συμμεθ-

2138 1937 2280 2005 έξειν
2312 1937 2609 2009 πτώματος
2630 1955 2647 1971 ·
2674 1940 2703 1993 ό
2743 1939 2926 1993 τοίνυν
2970 1936 3330 2010 ἀφῃρημένος
3355 1935 3417 1990 τὸ
3444 1936 3724 2005 ὑπήκοον,

2138 2028 2490 2100 γεγύμνωται
2531 2031 2631 2101 τῆς
2664 2030 2843 2102 ἀρχῆς
2882 2030 2975 2085 καὶ
3017 2029 3393 2101 ἀπεστέρηται
3429 2026 3526 2081 τοῦ
3556 2026 3725 2092 ἀξιώ-

2143 2136 2333 2191 ματος.
2382 2119 2480 2174 καὶ
2520 2120 2622 2190 τῆς
2662 2121 2914 2187 ἐξουσίας
2963 2118 3337 2191 ἐκδέδληταμ
3368 2117 3525 2187 ψιλὸν
3573 2115 3726 2186 αὐτῷ

2143 2209 2305 2281 μόνον
2338 2211 2843 2281 ἐπιφημισθήσεται
2871 2210 3130 2282 τοῦνομα,
3159 2211 3193 2283 ἢ
3217 2211 3315 2265 καὶ
3335 2210 3468 2264 αὐτὸ
3479 2209 3639 2279 λιατά
3664 2209 3730 2263 τὸ

2142 2300 2288 2364 είκδς
2318 2301 2551 2371 πάμπαν
2594 2302 2917 2372 οἰχήσεται⁸
2968 2301 3420 2372 συνενεχθήσεται
3470 2300 3530 2354 δέ
3574 2299 3728 2371 αὐτῷ

2142 2390 2394 2445 ἐντεῦθεν
2423 2393 2505 2455 είς
2534 2392 2598 2446 τὸ
2641 2393 2894 2464 πενιχρὸν
2918 2394 3015 2446 καὶ
3040 2392 3275 2455 ἀκαλλὲς
3323 2391 3387 2445 τὸ
3424 2394 3525 2462 τῆς
3563 2389 3729 2462 δόξης

2143 2482 2577 2553 περιστήσεσθαι
2604 2499 2617 2514 ·
2660 2477 2722 2536 οὗ
2755 2484 2864 2555 γάρ
2904 2483 2981 2555 μὴ
3010 2484 3244 2556 ὑπάρχει
3297 2483 3593 2554 κατήκοον,
3624 2482 3729 2535 οὐκ

2144 2572 2211 2627 ἂν
2247 2573 2479 2644 συσταίη
2512 2573 2573 2628 τὸ
2617 2574 2933 2645 βασιλευθέν
2971 2574 3245 2645 οὐδαμώς’
3277 2574 3474 2641 πόθενς
3512 2573 3575 2627 οὺ
3616 2573 3729 2642 γάρ

2142 2678 2226 2715 τοι
2254 2662 2367 2727 ἕξει
2405 2655 2482 2716 ὧν
2520 2661 2587 2719 ἂν
2614 2663 2940 2734 κατάρξειεν
2959 2681 2972 2695 ’
3000 2663 3222 2718 τοιαῦτα
3249 2663 3300 2717 οἱ
3330 2662 3730 2734 κακοδαίμονες

2142 2752 2223 2823 τῷ
2250 2752 2467 2824 δαίμονι
2500 2753 2853 2826 χαριζόμενοι
2875 2755 3193 2826 φιλοτίμως,
3225 2756 3428 2810 οἴονται
3459 2755 3561 2824 τῆς
3588 2755 3732 2823 Χρι-

2146 2839 2275 2898 στοῦ
2305 2844 2757 2916 κατανδρίζεσθαι
2799 2847 3112 2918 βασιλείας,
3143 2848 3238 2902 καὶ
3279 2847 3381 2917 τῆς
3409 2848 3534 2901 καθ’
3580 2849 3733 2918 ἡμᾶς

2144 2935 2656 2992 κατανεανιεύεσθαι
2689 2941 2951 3004 πίστεως,
2980 2940 3076 2993 καὶ
3104 2938 3211 2993 τῶν
3254 2939 3416 3012 ἱερῶν
3441 2940 3599 3010 ήμῶν
3624 2957 3728 2993 καο

2072 3067 2115 3124 c
2147 3022 2360 3077 ταθέειν
2381 3024 2668 3117 δογμάτων
2683 3026 2849 3081 ἰάλλά
2869 3026 2978 3081 τῶν
2999 3027 3301 3082 θεολέκτων
3322 3028 3515 3098 φωνῶν
3535 3030 3733 3083 ἀκουέ-

2146 3129 2346 3180 τωσαν,
2391 3115 2473 3169 ὅτι
2517 3114 2581 3169 '0
2601 3116 2801 3186 μωρὸς
2813 3118 2982 3188 μωρὰ
3024 3120 3311 3188 λαλήσει,
3331 3121 3428 3175 καὶ
3454 3121 3492 3190 ἡ
3518 3122 3732 3191 καρδία

2146 3205 2335 3263 αὐτοῦ
2366 3204 2587 3275 μάταια
2619 3207 2858 3274 νοήσει.

2218 3293 2281 3351 ν’.
2311 3296 2423 3350 Καὶ
2474 3296 2527 3349 τί
2578 3295 2785 3352 τούτων
2838 3297 3200 3371 ἀνοητότερον
3237 3300 3271 3372 ἢ
3322 3300 3731 3371 ματαιότερον;

2147 3388 2280 3442 κενά
2303 3387 2411 3461 γάρ
2425 3386 2503 3459 τῷ
2526 3387 2642 3442 όντι
2673 3389 2815 3443 κατά
2843 3388 3086 3461 Χριστοῦ
3110 3390 3472 3459 ἐμελέτησαν,
3504 3391 3599 3444 καὶ
3627 3391 3735 3461 μά-

2147 3495 2281 3532 ταια
2307 3477 2488 3533 αὐτῶν
2502 3478 2574 3532 τά
2595 3478 2945 3550 βουλεύματα
2972 3480 3068 3533 καὶ
3097 3480 3461 3552 διανοήματα,
3485 3482 3580 3535 καὶ
3598 3498 3734 3552 φρε-

2148 3568 2239 3631 νὸς
2263 3567 2460 3637 ἀλόγου
2496 3569 2593 3622 καὶ
2625 3569 2917 3622 ἀλλοκότου
2951 3570 3236 3640 κυήματα,
3268 3570 3364 3624 καὶ
3411 3570 3625 3641 μωρίας
3657 3570 3735 3635 ώς

2148 3657 2366 3727 ἀληθῶς
2391 3659 2488 3712 καὶ
2532 3659 2874 3731 σκαιότητος,
2920 3660 3122 3731 μᾶλλον
3158 3660 3215 3714 δὲ
3248 3660 3440 3726 ἀθεῖας
3488 3663 3586 3717 καὶ
3609 3665 3739 3717 ἀσε-

2150 3749 2301 3813 ϐείας
2332 3750 2433 3821 τῆς
2467 3751 2695 3807 ἀπασῶν
2730 3752 2971 3825 ἐσχάτης
3002 3752 3282 3821 ἐπέκεινα,
3312 3748 3388 3808 ὧν
3424 3756 3486 3808 ού
3512 3755 3737 3826 θεμιτόν

2149 3855 2202 3895 τι
2231 3841 2337 3896 κᾶν
2375 3841 2509 3911 γοῦν
2551 3843 2713 3914 μόνον
2749 3845 2829 3907 είς
2861 3842 2989 3898 νοῦν
3025 3845 3239 3899 ἐπιέναι
3270 3844 3548 3918 ἀνθρώπῳ
3577 3847 3738 3915 δοξά-

2152 3930 2264 3997 ζειν
2286 3934 2644 4004 ἀνοητότατα,
2675 3936 2771 3989 καὶ
2806 3936 2940 4007 δρᾷν
2968 3935 3035 3990 τά
3061 3936 3421 4004 ἀνοσιώτατα,
3455 3941 3537 4004 είς
3576 3939 3736 3994 τοῦτο

2153 4023 2433 4089 ἀσθενείας
2464 4024 2563 4077 καὶ
2603 4024 2860 4090 ἀκλειῒας
2905 4025 3006 4096 τὴν
3044 4027 3155 4082 τῶν
3195 4027 3333 4082 ὃλων
3381 4028 3737 4096 ὑποδιδάζειν

2151 4116 2329 4187 ἀρχήν
2349 4132 2362 4147 ·
2391 4109 2453 4170 οὗ
2490 4117 2542 4170 τί
2568 4116 2635 4171 ἂν
2674 4118 2886 4186 γένοιτο
2923 4118 3272 4192 ἀτοπώτερον
3309 4121 3343 4192 ἢ
3387 4120 3733 4193 ἀθεώτερον;

2165 4204 2328 4261 Ἀλλά
2348 4207 2510 4279 καινή
2525 4208 2719 4273 τις,ώς
2737 4208 2903 4276 ἔοικε,
2920 4210 3063 4265 κατά
3080 4211 3181 4282 τῆς
3197 4211 3438 4284 Χριστοῦ
3458 4213 3734 4284 βασιλείας

2154 4298 2304 4369 παρά
2324 4298 2431 4352 τῶν
2458 4299 2804 4370 ἀνομούντων
2826 4302 2996 4372 ἀνέφυ
3023 4306 3209 4376 γραφή
3229 4320 3245 4335 ·
3278 4304 3413 4361 δέον-
3428 4310 3538 4378 γὰρ
3566 4308 3738 4381 αὐτὴν

472 4386 632 4442 satio.
673 4385 811 4442 Cum
849 4388 996 4443 enim
1040 4393 1094 4443 ln
1140 4387 1419 4445 Christum
1471 4400 1747 4460 oporteret
1790 4392 2040 4450 celsiores

2154 4391 2273 4453 ταῖς
2300 4389 2529 4443 ἀπασῶν
2561 4390 2924 4463 ὑψηλοτέραις
2950 4396 3381 4467 καταγεραίρειν
3415 4400 3626 4468 τιμαῖς,
3655 4400 3739 4464 εἰς

472 4494 717 4550 quosque
764 4496 1059 4551 congerere
1119 4483 1377 4548 honores,
1425 4481 1478 4535 in
1525 4493 1825 4539 extremam
1873 4486 2040 4555 potius

2153 4479 2383 4552 ἔσχατον
2410 4481 2625 4547 ἀδοξίας
2665 4483 2785 4537 καις
2815 4485 3093 4551 εὐτελείας
3136 4488 3445 4560 περιέλκειν
3492 4492 3553 4544 οὐ
3599 4508 3739 4546 κατ-

477 4570 825 4642 ignominiam
875 4589 940 4628 ac
986 4572 1248 4626 vilitatem
1294 4575 1542 4627 eumdem
1586 4574 1879 4629 detrahere
1942 4593 2053 4633 non

474 4663 825 4730 erubescunt,
856 4674 916 4718 ut
943 4663 995 4719 ei
1024 4663 1265 4719 detracta
1290 4678 1409 4734 quae
1437 4664 1547 4719 Deo
1590 4667 1844 4736 congruit
1873 4667 2054 4737 digni-

478 4764 608 4820 tate,
650 4757 917 4811 minorem
976 4757 1374 4821 demonstrent,
1400 4758 1709 4829 divinisque
1761 4758 2052 4828 qualitati-

2151 4572 2503 4646 ερυθριῶσιν,
2535 4574 2623 4627 ἴνα
2652 4575 2713 4628 τὸ
2748 4576 2949 4647 προσὸν
2981 4577 3055 4639 ώς
3087 4578 3215 4649 Θεῷ
3232 4580 3451 4653 ἀξίωμα
3489 4582 3742 4654 περιελό-

2155 4682 2325 4737 μενοι,
2357 4666 2663 4738 ἡττημένον
2688 4668 2851 4722 αύτὸν
2876 4669 3245 4740 παραδείξωσι
3271 4712 3289 4737 ,
3320 4673 3545 4728 καὶτῶν
3574 4674 3737 4731 θείων

2152 4756 2646 4827 πλεονεκτημάτων
2689 4757 3133 4828 ἀπογυμνώσωσι
3154 4798 3169 4823 ,
3219 4760 3316 4813 καὶ
3365 4761 3518 4831 ψιλὸν
3575 4762 3736 4817 αὐτὸν

479 4849 578 4902 bus
602 4847 1294 4919 spolient,simplicemque
1338 4849 1615 4905 hominem
1658 4865 1937 4920 unumque
1984 4852 2040 4908 dt

2151 4847 2438 4917 ἄνθρωπον
2475 4848 2572 4902 καὶ
2603 4849 2712 4902 τῶν
2737 4850 2860 4902 καθ’
2899 4851 3047 4920 ἡμᾶς
3084 4851 3215 4904 ὄντα
3252 4854 3733 4924 καταστήσωνται,

477 4936 635 4991 nobis
653 4950 775 4992 esse
796 4946 1055 5006 statuant,
1085 4948 1250 5011 atque
1277 4941 1569 4996 universali
1602 4955 1723 5011 quae
1766 4941 1868 5006 ipsi
1911 4941 2040 4998 inest

2157 4939 2253 4993 καὶ
2284 4940 2380 5011 τῆς
2409 4939 2636 5011 ἐνούσης
2669 4940 2817 5011 αὐτῷ
2866 4941 3008 4995 κατά
3039 4942 3257 4998 πάντων
3286 4944 3538 5009 ἐξουσίας
3568 4947 3739 5015 ὕπερ-

479 5035 745 5098 potestate
773 5028 1063 5097 depellant.
1089 5030 1146 5086 In
1173 5043 1377 5088 tantam
1399 5032 1611 5089 scilicet
1640 5032 2040 5103 improbitatem

2158 5032 2419 5101 ορίσωσιν
2442 5045 2454 5057 ⁸
2485 5033 2575 5095 είς.
2610 5031 2868 5104 τοιαύτην
2910 5033 3146 5088 ἀτοπίαν
3176 5034 3272 5088 καὶ
3295 5035 3488 5089 ἀθεϊαν
3516 5035 3587 5089 τά
3607 5053 3722 5107 παρ

477 5129 641 5189 atque
667 5118 1127 5191 irreligiositatem
1152 5125 1381 5180 istorum
1412 5124 1665 5197 dogmata
1689 5134 2040 5180 consectanee

2156 5124 2339 5187 αὐτοῖς
2369 5122 2837 5193 δογματιζόμενα,
2858 5125 3000 5178 κατά
3028 5125 3090 5178 τὸ
3121 5125 3415 5179 ἀκόλουθον
3445 5127 3742 5199 περιέστη-

478 5224 642 5264 cursu
683 5211 1053 5268 devenerunt!
1092 5214 1199 5272 Sed
1240 5217 1293 5271 hi
1344 5218 1505 5272 rudes
1538 5227 1702 5289 atque
1735 5217 1916 5273 stolidi
1950 5233 2040 5273 nor

2157 5230 2286 5268 σαν⁸
2311 5214 2448 5268 ἀλλά
2477 5214 2593 5277 πῶς
2621 5213 2796 5268 ταῦτα
2823 5216 3099 5281 πείσεται,
3136 5216 3197 5269 οὐ
3238 5216 3479 5281 συνῆκαν
3502 5219 3553 5271 οἱ
3592 5219 3740 5289 ἀμα-

476 5302 808 5373 cogitarunt,
840 5307 1112 5374 quomodo
1147 5307 1261 5363 haec
1291 5307 1383 5362 ille
1411 5311 1483 5363 sit
1507 5324 1790 5378 passurus,
1822 5310 1914 5379 qui
1946 5307 2040 5365 for‘

2158 5304 2269 5370 θεῖς
2301 5306 2398 5361 καὶ⁸
2419 5306 2669 5376 ἀνόητοι·
2692 5308 2720 5360 ό
2744 5306 2836 5362 τὸν
2869 5308 3089 5379 ἰσχυρὴν
3111 5307 3281 5379 δήσας
3310 5307 3407 5362 καὶ
3427 5309 3744 5380 διαρπάσας

478 5403 584 5448 tem
609 5392 871 5465 alligavit,
909 5396 1132 5469 ejusque
1154 5414 1285 5454 vasa
1315 5398 1574 5475 diripuit,
1608 5408 1772 5471 atque
1815 5415 1845 5454 a
1875 5399 2040 5456 furort

2157 5398 2320 5453 αὑτοῦ
2353 5399 2424 5454 τά
2456 5400 2650 5472 σκεύη,
2685 5399 2907 5470 καὶτῆς
2940 5398 3066 5453 καθ’
3107 5399 3266 5470 ήμῶν
3304 5399 3514 5471 λύσσης
3547 5401 3744 5473 ἀπείρο

478 5495 667 5541 contra
714 5503 811 5544 nos
856 5492 1211 5562 compescuit.
1238 5488 1530 5558 Quomodo
1580 5490 1671 5562 qui
1730 5491 2040 5550 invisibilen

2159 5491 2277 5559 ξας,
2325 5492 2444 5558 πῶς
2476 5492 2506 5546 ό
2539 5490 2631 5547 τὸν
2669 5491 2901 5563 ἀόρατον
2952 5490 3409 5563 αἱχμαλωτεύσας
3454 5492 3745 5566 τύραννον,

555 5668 602 5699 ’⁵
633 5669 703 5725 Is.
745 5687 914 5738 um,
944 5672 989 5728 6.
