4054 6204
337 305 458 370 705

1205 303 1772 364 APOLOGETICUS
1828 303 1978 362 PRO
2020 304 2285 365 SACRIS
2319 301 2803 366 IMAGINIBUS.

3521 303 3630 370 Ἱθδ

343 418 448 472 καὶ
469 415 719 472 καθελὼν
737 417 798 470 τὸ
818 413 1154 484 δυσάντητον
1174 413 1396 484 κράτος,
1415 411 1758 485 ἀντεσυλήθη
1779 411 1942 468 πάλιν

2047 412 2676 484 captivavittyrannum,
2705 422 2759 468 et
2811 411 3216 469 formidabilem
3261 413 3468 471 delevit
3526 431 3626 486 po-

341 508 706 581 ὴττὼμενοςς
733 507 828 574 Ἐξ
855 507 1072 571 ἀτονίας
1094 506 1204 578 ἄρα
1220 504 1514 570 πεπονθὼς
1537 506 1718 572 τοῦτο,
1748 505 1782 577 ἢ
1808 523 1941 560 κατ·

344 592 702 674 ολιγωρήσας
767 598 864 654 τοῦ
915 599 1398 670 προσκτηθέντος,
1451 597 1550 654 καὶ
1607 601 1782 654 ταῦτα
1844 598 1940 652 ἐπὶ

344 691 633 754 τοσούτοις
673 689 863 763 ίδρῶσι
911 689 1008 744 καὶ
1036 690 1305 753 πάθεσιν,
1358 690 1448 746 ἵνα
1487 691 1627 762 μετά
1653 690 1748 744 τοῦ
1777 690 1941 744 δύνα-

349 784 478 838 σθαι
507 784 962 854 παραιρήσωνται
991 781 1174 846 αὐτὸν,
1205 780 1302 836 καὶ
1337 781 1438 852 τῆς
1463 782 1775 852 προσούσης
1810 781 1940 853 περὶ

347 877 502 946 ἡμᾶς
526 872 862 942 κηδεμονίας
883 873 980 927 καὶ
1002 871 1262 942 προνοίας
1289 871 1468 943 adad};
1489 873 1655 937 Κενὺς
1675 869 1769 926 οὖν
1789 872 1939 944 αὑτῷ

347 969 382 1020 ὀ
413 965 565 1035 ἀγὼν
591 965 716 1019 κατ’
758 965 978 1029 αὐτοὺς,
1013 964 1110 1018 καὶ
1150 964 1328 1034 μάτην
1357 965 1390 1034 ή
1419 964 1558 1036 πρὸς
1584 963 1677 1018 τὸν
1708 964 1940 1019 ἀντίπα-

347 1055 447 1108 λον
499 1053 745 1125 διαμάχη
803 1051 1132 1123 ἐξήνυσταιο
1181 1053 1324 1124 τάχα
1369 1070 1473 1106 που
1527 1053 1622 1107 καὶ
1668 1053 1940 1126 δευτέρων

351 1147 585 1214 ἀγώνων
613 1145 760 1216 αὐτῷ
791 1145 995 1217 δεήσει,
1029 1145 1122 1198 καὶ
1150 1147 1454 1216 πράγματα
1480 1145 1612 1212 ἔξει,
1649 1146 1746 1200 καὶ
1775 1163 1940 1218 φρον-

351 1238 517 1292 τίδων
532 1237 656 1291 ⁴τῶν
697 1237 838 1308 πρὸς
867 1237 1060 1308 ἐχθρὸν
1085 1237 1187 1291 οὐκ
1233 1237 1516 1307 ἀπολήξει,
1546 1235 1640 1290 καί
1677 1254 1808 1290 ποτε
1843 1238 1940 1291 καὶ

351 1330 523 1402 ἄλλης
552 1329 703 1400 αὑτῷ
739 1330 968 1401 μελήσει
994 1324 1354 1399 σαρκὼσέως,
1385 1329 1483 1382 καὶ
1519 1329 1753 1399 σταυρὸν
1780 1328 1940 1384 ἄλλον

352 1422 454 1476 καὶ
504 1422 678 1486 πάθος
723 1422 1035 1488 ἐκδέξεται·
1083 1421 1143 1488 ἐξ
1187 1415 1250 1474 οὗ
1294 1420 1634 1492 συμϐήσεται
1673 1415 1940 1490 ἀνάλογον

353 1513 573 1576 τούτοις
602 1511 748 1577 ἕξειν
774 1511 872 1566 κσὶ
892 1511 992 1582 τήν
1017 1511 1346 1583 θρησκείαν·
1384 1514 1434 1565 εί
1473 1512 1583 1582 γὰρ
1617 1513 1940 1583 κατήργηκε

353 1603 462 1674 τὴν
495 1600 915 1671 είδωλολατρίαν
941 1601 1201 1668 Χριστὸς,
1229 1599 1328 1656 καὶ
1353 1599 1512 1654 τοῦτο
1536 1601 1782 1673 ὑπῆρξεν
1807 1603 1941 1673 ἡμῖν

354 1691 550 1762 ψυχῶν
591 1689 828 1762 ἰατρεία,
869 1683 989 1747 εἶτα
1021 1691 1297 1762 ἐπανῆκεν
1344 1691 1693 1747 ἀναπνεῦσαν
1719 1693 1782 1746 τὸ
1812 1691 1940 1764 βλα-

2049 505 2318 569 tentiam,
2373 504 2636 574 spoliatus
2704 503 2870 559 fuerit
2918 503 3272 576 vicissimque
3343 507 3628 562 devictus?

2044 593 2185 648 Num
2215 593 2500 649 debilitate
2523 609 2617 649 sua
2651 595 2703 649 id
2731 610 2945 664 passus,
2969 607 3062 650 aut
3097 597 3379 665 acquisita:
3412 597 3489 651 rei
3530 612 3627 652 ne-

2051 689 2330 760 gligentia,
2369 698 2424 743 et
2464 689 2683 758 quidem
2715 695 2839 758 post
2862 695 2940 742 tot
2969 689 3197 744 sudores
3219 698 3379 756 atque
3405 688 3622 744 crucia-

2049 779 2176 834 tus?
2229 779 2493 842 Patietur,
2530 778 2776 848 inquam,
2810 779 3029 850 spoliari
3077 795 3136 835 se
3183 794 3305 834 cunt
3355 779 3620 848 potentia,

2047 886 2143 928 sua
2177 884 2391 939 quoque
2419 883 2547 938 erga
2598 883 2698 924 nos
2723 884 2853 924 cura
2895 885 2956 923 ac
3001 869 3382 939 providentia?
3409 866 3623 922 Vanum

2047 961 2234 1030 itaque
2261 959 2366 1015 fuit
2393 959 2511 1027 ejus
2543 968 2843 1024 certamen,
2881 957 3084 1014 frustra
3116 969 3306 1013 contra
3359 960 3624 1013 adversa-

2045 1055 2187 1108 rium
2222 1067 2456 1123 pugnam
2488 1065 2641 1105 suam
2676 1051 3094 1104 consummavit.
3123 1049 3380 1105 Fortasse
3411 1057 3468 1104 et
3500 1049 3626 1103 aliis

2046 1157 2185 1211 opus
2205 1141 2257 1196 ei
2282 1142 2386 1195 erit
2413 1140 2823 1200 certaminibus,
2847 1149 2900 1194 et
2931 1141 3204 1208 negotium
3223 1141 3272 1195 ei
3299 1141 3620 1206 facessetur,

2046 1245 2222 1300 neque
2256 1247 2285 1285 a
2313 1231 2776 1288 sollicitudinibus
2805 1231 2876 1286 ob
2922 1232 3132 1286 hostem
3162 1247 3319 1286 suum
3350 1231 3620 1298 cessabit;

2045 1330 2102 1376 et
2130 1322 2196 1376 de
2231 1321 2337 1376 alia
2361 1321 2626 1393 cogitabit
2655 1321 2946 1392 aliquando
2980 1321 3376 1388 incarnatione,
3416 1332 3470 1376 et
3493 1337 3624 1377 cru-

2047 1413 2357 1468 cem'aliam
2372 1429 2438 1468 ac
2454 1413 2761 1484 passionem
2791 1413 3028 1484 excipiet
3049 1427 3147 1480 ;ex
3183 1428 3292 1482 quo
3319 1415 3622 1482 continget,

2046 1509 2107 1558 ut
2132 1503 2216 1558 bis
2241 1503 2530 1574 analogum
2563 1518 2779 1573 quoque
2808 1505 3011 1558 cultum
3043 1505 3115 1558 sit
3145 1503 3452 1558 habiturus.
3490 1504 3624 1558 Nam

2046 1596 2094 1651 si
2125 1595 2399 1670 destruxit
2429 1593 2794 1650 idololatriam
2823 1595 3098 1660 Christus,
3135 1593 3296 1662 idque
3344 1595 3498 1650 nobis
3523 1594 3625 1650 fuit

2047 1687 2352 1741 animarum
2373 1686 2749 1753 medicamen;
2775 1695 2960 1756 postea
2985 1701 3117 1742 vero
3149 1687 3262 1740 haec
3295 1688 3462 1756 pestis
3501 1700 3626 1741 rur-

357 1783 548 1854 ϐερὸν,
589 1781 781 1850 ἐτέρας
827 1777 982 1846 αὖθις
1027 1781 1330 1854 θεραπείας
1359 1782 1657 1854 »δεήσεταιο
1696 1784 1838 1856 ὅπερ
1876 1783 1941 1856 δὴ

2047 1791 2139 1833 sus
2178 1777 2431 1848 spiritum
2474 1779 2726 1848 sumpsit,
2765 1777 2872 1833 εἶξε
2917 1779 3100 1833 denuo
3165 1778 3434 1834 medicina
3485 1791 3624 1848 opus

360 1875 460 1928 ἐπὶ
491 1874 600 1928 τῶν
623 1873 767 1928 κατά
793 1874 854 1928 τὸ
888 1873 1050 1944 σῶμα
1076 1875 1406 1946 νοσημάτων
1429 1876 1615 1949 ἐὑρεῖν
1653 1858 1802 1931 ἔστιν
1822 1893 1836 1907 ⁸
1865 1877 1943 1942 ὡς

359 1967 532 2029 ειτις
576 1963 780 2036 ίατρῶν
817 1964 918 2038 τῂν
963 1965 1248 2036 παροῦσαν
1287 1966 1609 2034 ἑξιάσασθαι
1649 1968 1805 2022 νόσον
1845 1967 1942 2023 τοῦ

359 2061 668 2131 κάμνοντος
698 2056 943 2130 βούλοιτο
962 2097 978 2121 ,
1009 2059 1304 2130 κεράννυσι
1339 2059 1442 2130 μὲν
1473 2061 1539 2130 τῇ
1571 2061 1712 2130 νόσῳ
1743 2060 1944 2116 κατάλ-

359 2149 502 2220 ληλα
533 2149 802 2222 φάρμακα
821 2165 838 2180 ο
873 2145 992 2202 εἶτα
1018 2149 1048 2204 ὃ
1071 2149 1248 2202 ἐδόκει
1279 2148 1658 2221 ἀλεξητήριον,
1683 2167 1945 2222 περιτρα-

363 2239 470 2292 πὲν
507 2239 556 2291 εί
581 2237 738 2308 τύχοι
763 2239 955 2306 γέγονε
1003 2237 1352 2310 δηλητήριον,
1379 2239 1457 2301 ὡς
1505 2239 1660 2294 οὐδέν
1703 2257 1760 2294 τι
1785 2242 1940 2314 ῥᾷον,

361 2330 551 2399 χεῖρον
572 2327 629 2380 δὲ
663 2327 863 2398 μᾶλλον
891 2326 1124 2398 σχούσης
1151 2329 1253 2399 τῆς
1279 2328 1570 2394 διαθέσεως
1587 2345 1602 2361 ⁶
1629 2332 1945 2402 ἀναγκαίως

333 2415 460 2472 -οὗν
481 2418 777 2487 ἀγωνιάσει
801 2419 898 2472 καὶ
923 2417 1264 2484 διασπεύσει,
1315 2420 1526 2490 ἑτέροις
1551 2423 1944 2496 ἐπιχειρήμασι

364 2509 673 2580 μεθοδεύων
695 2509 963 2567 διαθεῖναι
987 2509 1046 2563 τὺ
1063 2511 1233 2580 ῐαμα’
1264 2511 1314 2564 εί
1335 2511 1468 2580 γοῦν
1499 2513 1591 2566 καὶ
1621 2513 1827 2569 τούτων
1869 2517 1944 2589 μὴ

362 2599 742 2666 ὲπιτεύξοιτο,
794 2599 1059 2675 προσθείη
1103 2602 1274 2675 δήπου
1319 2603 1417 2657 καὶ
1467 2605 1670 2676 ἕτερα,
1720 2607 1816 2660 καὶ
1863 2609 1946 2672 είς

361 2691 598 2763 ἄπειρον
637 2693 736 2763 τὴν
778 2694 976 2762 πεῖραν
1025 2690 1346 2760 κενώσειεν,
1383 2693 1502 2748 ἐστι
1537 2695 1596 2748 δὲ
1635 2696 1820 2752 λοιπὸν
1845 2699 1946 2753 οὐκ

369 2782 590 2853 ἰατρεία
619 2781 682 2834 τὸ
711 2779 1013 2853 δρώμενον,
1043 2781 1159 2835 ἀλλ’
1199 2783 1402 2855 ἀπορία
1449 2784 1544 2838 καὶ
1576 2785 1819 2850 ἀτευξία,
1849 2789 1946 2842 καὶ

343 2873 469 2942 τῆς
493 2871 586 2924 τοῦ
615 2871 895 2936 νοσοῦντος
933 2872 1306 2936 κακοπαθείας
1351 2873 1592 2939 ἐπίδοσις
1611 2891 1626 2908 ο
1661 2876 1755 2930 τὸν
1781 2877 1945 2931 αὐτὸν

361 2966 572 3039 τρόπον
607 2966 698 3019 καὶ
725 2965 795 3017 τὰ
823 2965 968 3020 κατά
1006 2965 1106 3038 τὴν
1143 2965 1237 3019 τοῦ
1273 2967 1523 3038 Σωτῆρος
1557 2967 1713 3038 ήμῶν
1737 2969 1946 3024 οίκονο-

350 3057 780 3130 μίαν-Χριστοῦ
807 3057 1250 3128 διαχλευάζοντες
1269 3101 1283 3124 ,
1315 3057 1642 3130 διορίζεσθαι
1687 3061 1737 3114 oi
1767 3062 1942 3116 ἄθλιοι

368 3149 674 3220 βούλονται,
699 3149 776 3213 ὡς
801 3150 956 3203 οὐδὲν
981 3150 1190 3221 οὐδαμῇ
1220 3151 1443 3222 ἐνεργὸν
1476 3149 1509 3219 ἢ
1539 3149 1771 3222 βεϐηκὸς
1800 3153 1944 3224 ἔχειν

369 3241 543 3313 αὐτὴν
582 3241 974 3312 διανοούμενοι.
1028 3243 1288 3306 Παίζεται
1353 3239 1446 3298 οὖν
1500 3245 1630 3316 παρ’
1671 3246 1857 3310 αὐτοῖς
1879 3247 1948 3300 τά

369 3333 496 3388 καθ’
526 3335 675 3405 ἡμᾶς
714 3335 1013 3406 μυστήριας
1043 3335 1136 3388 καὶ
1185 3333 1293 3388 τῶν
1319 3335 1412 3388 ἐπὶ
1443 3336 1650 3408 σκηνῆς
1677 3337 1848 3404 οὐδὲν,
1871 3337 1948 3402 ὡς

368 3422 540 3487 ἔοικε,
567 3422 896 3494 διενήνοχεν.

427 3513 637 3582 -Ἦμετς
663 3513 720 3566 δὲ
747 3515 868 3577 ταῖς
904 3511 1183 3582 ἀληθείαις
1233 3513 1529 3584 χρώμενοι,
1557 3514 1654 3568 καὶ
1696 3514 1794 3586 τῆς
1833 3516 1946 3570 τῶν

371 3605 718 3676 πραγμάτων
739 3604 922 3658 αὐτῶν
935 3604 1172 3668 πίστεως
1187 3603 1575 3676 καὶδυνάμεως
1598 3607 1948 3678 ἀντεχόμενοι

369 3695 606 3766 λέγομεν
629 3709 643 3724 ’
664 3695 918 3766 Τοσούτῳ
935 3696 1222 3765 περιέσται
1244 3695 1320 3767 τῷ
1343 3699 1538 3769 νικητῇ
1569 3697 1662 3753 τοῦ
1683 3699 1947 3772 τυράννου

371 3786 470 3842 καὶ
497 3785 591 3842 τοῦ
621 3785 852 3840 θανάτου
879 3785 1100 3858 Χριστῷ
1131 3788 1198 3841 τά
1233 3789 1330 3858 τῆς
1351 3788 1537 3858 νίκης⁸
1561 3789 1637 3853 ὡς
1665 3789 1764 3862 ἤδη
1797 3791 1892 3844 καὶ
1919 3793 1948 3846 ὁ

367 3879 590 3950 δράκων
613 3879 642 3931 ὁ
657 3877 910 3948 πανώλης
937 3877 998 3944 ἐξ
1017 3877 1325 3950 ἀπληστίας
1346 3879 1439 3934 καὶ
1456 3879 1605 3950 αὐτῷ
1625 3881 1948 3952 προσϐαλὼν

367 3969 452 4040 τῷ
487 3967 730 4039 Χριστῷ,
769 3969 865 4038 καὶ
885 3967 962 4038 τῷ
1004 3969 1312 4041 φαινομένῳ
1338 3968 1680 4050 ἐπιδραμὼν,
1717 3973 1948 4047 ἐπείπερ

365 4061 538 4114 οίονε)⁵
564 4058 758 4128 δέλεαρ
787 4058 940 4128 αὐτῷ
971 4059 1312 4132 προύϐάλετο
1352 4061 1416 4112 τὸ
1449 4049 1819 4131 ἀνθρώπινον,
1850 4064 1948 4118 καὶ

369 4149 522 4220 μάλα
555 4148 779 4213 ἐλπίσας
797 4148 1078 4220 θηράματι
1105 4147 1295 4221 ὥσπερ
1331 4150 1437 4204 τινὶ
1481 4151 1788 4224 περιτυχὼν
1817 4169 1948 4208 κατ-

367 4240 683 4311 εδηδοκέναι
699 4239 758 4294 τὸ
783 4241 1120 4311 προσπεσὶν,
1139 4239 1216 4311 τῷ
1235 4241 1516 4314 ἀγκίστρῳ
1533 4247 1856 4314 περιπίπτει
1871 4246 1950 4299 δε-

365 4331 622 4395 λεασθεὶς
641 4333 738 4400 τῆς
770 4330 1046 4401 θεότητος,
1073 4331 1166 4385 καὶ
1187 4329 1281 4394 οὓς
1313 4331 1486 4385 πάλαι
1507 4332 1749 4402 λαφύξας
1774 4351 1948 4390 καταο

2041 1871 2177 1937 erit;
2201 1868 2254 1924 id
2275 1870 2418 1938 quod
2447 1869 2500 1923 in
2525 1869 2901 1938 corpora-libus
2919 1869 3121 1924 morbis
3145 1877 3486 1938 compertum
3503 1877 3584 1923 est
3605 1884 3623 1934 ;

2043 1975 2166 2016 cum
2191 1959 2238 2022 si
2269 1960 2392 2029 quis
2417 1960 2660 2014 medicus
2675 1970 2998 2029 praesentem
3032 1958 3278 2014 morbum
3307 1959 3629 2029 egrotanti;

2043 2065 2240 2108 sanare
2262 2050 2411 2116 velit,
2433 2052 3014 2106 consentaneamorbo
3026 2051 3317 2120 pharmaca
3341 2051 3624 2121 propinat;

2043 2143 2238 2198 deinde
2282 2143 2502 2207 accidit,
2534 2153 2595 2197 ut
2654 2144 2800 2213 quod
2840 2143 3138 2198 remedium
3179 2141 3488 2206 videbatur,
3520 2141 3624 2195 ali-

2044 2235 2262 2305 quando
2308 2249 2620 2304 perversutn
2670 2235 2764 2288 ﬁat
2825 2243 2992 2302 atque
3047 2231 3426 2292 mortiferum.
3491 2231 3620 2302 quia

2047 2341 2240 2397 nempe
2286 2325 2455 2381 nihilo
2505 2326 2734 2394 melior,
2765 2325 2878 2380 imo
2929 2324 3082 2394 pejor
3129 2323 3199 2378 sit
3230 2325 3358 2392 aegri
3403 2333 3622 2390 status;

2046 2418 2360 2475 necessario
2411 2418 2596 2488 itaque
2624 2416 2876 2472 aestuabit
2909 2417 3151 2470 medicus
3193 2423 3248 2468 et
3294 2413 3428 2468 satis
3475 2425 3618 2484 aget,

2046 2513 2168 2567 aliis
2214 2513 2589 2567 molitionibns
2626 2511 2852 2566 studens
2897 2522 3227 2578 componere
3273 2507 3618 2562 medicinam.

2047 2602 2198 2669 Quod
2256 2602 2300 2657 si
2331 2617 2400 2657 ne
2425 2601 2497 2655 ita
2529 2599 2746 2670 quidem
2787 2613 2950 2667 scopo
3000 2597 3259 2668 potiatur,
3290 2597 3452 2650 addet
3491 2595 3620 2662 alia,

2051 2703 2215 2763 atque
2253 2694 2307 2747 in
2377 2691 2651 2746 inﬁnitum
2701 2689 2992 2744 exhauriet
3033 2687 3199 2757 216
3224 2686 3618 2756 experimenta.

2046 2785 2153 2842 Sed
2207 2785 2320 2854 jam
2373 2783 2575 2849 dehinc
2635 2783 2779 2852 quod
2844 2782 2922 2845 lit,
2973 2796 3080 2835 non
3124 2789 3208 2833 est
3249 2777 3480 2842 medela,
3526 2778 3624 2831 sed

2047 2877 2374 2948 ambiguitas
2402 2886 2456 2930 et
2477 2873 2752 2929 aberratio
2783 2882 2835 2927 et
2856 2873 2982 2943 aegri
3014 2872 3296 2926 doloribus
3321 2872 3626 2924 incremen-

2045 2978 2178 3026 tum,
2210 2969 2332 3023 Pari
2373 2967 2534 3020 modo
2577 2964 2886 3019 Servatoris
2929 2977 3148 3032 quoque
3202 2961 3378 3016 nostri
3419 2959 3624 3016 Christi

2047 3059 2476 3114 incarnationem
2519 3055 2812 3109 irridentes
2843 3054 2896 3108 bi
2945 3053 3128 3108 miseri
3159 3052 3384 3107 delinire
3413 3051 3622 3117 volunt,

2050 3150 2186 3204 nihil
2212 3151 2432 3204 omnino
2462 3149 2652 3204 ellicax
2684 3154 2777 3201 aut
2813 3146 3008 3208 stabile
3045 3147 3249 3200 habere
3295 3145 3467 3215 ipsam
3502 3141 3624 3198 exi-

2050 3242 2351 3297 stimantes.
2387 3239 2650 3294 Ludibrio
2702 3240 2884 3308 itaque
2931 3238 3200 3292 habentur
3262 3237 3396 3307 ipsis
3434 3245 3624 3292 nostra

2051 3333 2330 3406 mysteria,
2361 3330 2600 3400 nihilque
2631 3345 2661 3384 a
2693 3329 2926 3386 scenicis
2963 3327 3148 3394 rebus,
3176 3337 3237 3383 ut
3267 3330 3507 3395 videtur,
3535 3327 3618 3384 di-

2049 3423 2273 3478 Stantia.

2123 3515 2192 3567 At
2221 3515 2367 3569 enim
2399 3528 2518 3580 nos,
2539 3514 2788 3572 veritatis
2837 3528 2994 3568 usum
3036 3511 3314 3574 habentes,
3354 3521 3406 3566 et
3443 3525 3626 3565 rerum

2049 3619 2319 3680 gestarum
2345 3609 2466 3663 lidei
2485 3624 2550 3664 ac
2582 3608 2766 3662 virtuti
2794 3608 3159 3669 adhaerentes,
3185 3607 3413 3662 dicimus
3438 3622 3452 3659 :
3475 3605 3629 3659 Adeo

2051 3715 2147 3755 sua
2223 3709 2434 3754 constat
2503 3699 2726 3756 victoria
2803 3699 3014 3770 tyranni
3066 3699 3364 3768 mortisque
3431 3697 3626 3752 victori

2051 3791 2294 3858 Christo,
2326 3791 2514 3862 utjatn
2547 3791 2813 3847 exitiosus
2839 3792 3025 3857 draco,
3062 3791 3426 3847 insatiabilem
3473 3807 3627 3846 suam

2051 3883 2406 3938 voracitatem
2463 3883 2516 3937 in
2569 3881 2843 3937 Christum
2907 3881 3081 3952 ipsum
3127 3881 3438 3948 intendens,
3473 3890 3527 3936 et
3572 3881 3626 3936 in

2051 3982 2373 4042 praesentem
2420 3972 2640 4028 irruens
2675 4013 2692 4040 ,
2750 3981 3034 4042 postquam
3103 3971 3270 4026 veluti
3321 3986 3446 4026 esca
3521 3969 3625 4040 ipsi

2049 4067 2262 4135 objecta
2296 4075 2384 4122 est
2428 4067 2761 4134 humanitas,
2795 4067 2948 4135 isque
3005 4065 3198 4134 cupide
3245 4079 3343 4121 ceu
3392 4063 3642 4134 praedam.

2047 4159 2336 4232 quamdam
2364 4161 2558 4214 nactus
2593 4173 2786 4213 vorare
2816 4159 3046 4227 putavit,
3079 4157 3130 4209 in
3159 4157 3392 4210 hamum
3411 4155 3628 4208 deitatis

2047 4251 2307 4320 deceptus
2325 4249 2647 4316 incurrerit;
2668 4257 2724 4304 et
2741 4263 2880 4318 quos
2897 4247 3024 4300 olim
3050 4245 3308 4315 liguriens
3333 4243 3629 4312 ingurgita-

2050 4352 2221 4408 verat,
2239 4341 2558 4406 dillicultate
2583 4341 2690 4395 cibi
2724 4337 3066 4408 prmfocatus,
3088 4337 3286 4390 invitus
3307 4335 3624 4390 cvomuerit.

365 4421 643 4487 πεπώκει,
655 4411 798 4496 ’πρὸς
821 4423 884 4477 τὸ
905 4423 1234 4492 δυσάντητον
1262 4423 1583 4496 ἀπαυδήσας
1610 4428 1709 4497 τῆς
1739 4425 1940 4498 θοίνης,

2050 4435 2340 4506 Propterea
2370 4433 2638 4500 homines,
2668 4432 2766 4502 qui
2799 4440 2956 4490 antea
2994 4431 3173 4498 praeda
3205 4439 3360 4482 erant
3384 4427 3541 4484 obvia
3572 4435 3622 4478 ct

367 4522 466 4569 atat
489 4515 590 4568 οὐκ
615 4515 818 4570 ἐθέλων
844 4516 1118 4586 ἀπήμεσε.
1148 4513 1334 4570 Ταῦτά
1351 4533 1434 4568 τοι
1458 4517 1554 4570 καὶ
1570 4517 1620 4570 οῑ
1653 4517 1783 4588 πρὶν
1809 4519 1944 4589 πρὸς

367 4607 547 4678 θήραν
567 4605 790 4676 ἑτοίμην
819 4605 915 4660 καὶ
941 4605 1140 4676 ἐδωδὴν
1167 4605 1392 4678 ἡδίστην
1421 4607 1571 4678 αὑτῷ
1609 4609 1947 4680 ὑπεκκείμε-

367 4717 456 4754 νοι
493 4699 686 4752 ἔλαϐον
725 4697 977 4763 ἐξουσίαν
1005 4697 1163 4768 παρὰ
1202 4697 1296 4751 τοῦ
1328 4699 1420 4752 τὸν
1455 4701 1664 4768 κόσμον
1686 4701 1946 4772 νικήσαν-

369 4808 486 4856 τος,
531 4789 630 4844 καὶ
663 4788 764 4860 τὴν
806 4789 1156 4861 ὑπερήφανον
1200 4789 1296 4843 καὶ
1342 4789 1586 4860 δυσμενῆ
1629 4790 1948 4856 καθελόντος

369 4880 466 4936 τοῦ
514 4880 758 4951 Πονηροῦ
799 4878 1144 4944 δυναστείαν,
1181 4881 1374 4932 πατεῖν
1420 4881 1606 4934 ἐπάνω
1647 4881 1824 4950 ὄφεων
1853 4881 1948 4935 καὶ

371 4969 802 5040 exoptabam-xci
834 4969 928 5022 ἐπὶ
953 4971 1136 5024 πᾶσαν
1160 4968 1260 5040 τὴν
1287 4969 1382 5024 τοῦ
1417 4971 1650 5041 Ἐχθροῦ
1675 4971 1908 5042 δύναμιν
1929 4987 1946 5004 ο

367 5058 511 5116 ἀλλά
548 5061 646 5114 καὶ
695 5059 917 5126 ἄξουσιν
952 5063 1012 5114 ὲν
1052 5061 1338 5133 ἀγκίστρῳ
1381 5063 1473 5115 τὸν
1514 5062 1806 5135 δράκοντα,
1843 5066 1950 5138 ἀφ-

370 5151 572 5221 άψουσι
599 5151 656 5206 δὲ
679 5151 942 5222 φορϐειάν
959 5152 1086 5222 περὶ
1117 5155 1266 5224 ῥῖνας
1290 5151 1480 5218 αὐτοῦ,
1500 5153 1722 5224 δήσουσι
1747 5153 1804 5210 δὲ
1835 5155 1953 5226 κρί-

373 5260 471 5296 κον
500 5245 558 5295 ὲν
577 5241 656 5312 τῷ
679 5243 922 5314 μυκτῆρι
943 5243 1133 5306 αὑτοῦ,
1153 5243 1470 5314 καὶιψελλίῳ
1495 5246 1556 5296 τὸ
1578 5246 1755 5316 χεῖλος
1784 5247 1949 5303 αὐτοῦ

369 5332 727 5402 διατρήσουσι
747 5347 762 5362 ο
795 5331 898 5386 κάν
920 5334 970 5388 οἱ
1000 5336 1120 5398 ταῖς
1145 5335 1352 5402 πάγαις
1388 5335 1490 5406 τῆς
1530 5337 1737 5409 πλάνης
1769 5357 1950 5394 συνει-

371 5421 666 5492 λημμένοι,
695 5422 774 5492 τῷ
803 5421 1058 5497 δεσμώτῃ
1085 5425 1178 5478 καὶ
1204 5427 1528 5498 τετρημένῳ
1561 5429 1656 5482 καὶ⁸
1687 5433 1952 5506 μαστιγία

369 5517 436 5570 τὸ
458 5513 645 5582 σέϐας,
695 5517 772 5581 ὡς
819 5508 982 5571 αὐτοί
1019 5534 1214 5588 φασιν,
1271 5520 1515 5592 ἀνοήτως
1564 5523 1948 5594 προσάγωσιν·

372 5607 546 5670 ὅντως
572 5609 674 5662 οὐκ
698 5610 1009 5682 ἐφρόνησαν
1031 5611 1265 5666 συνιδεῖν
1290 5611 1323 5684 ἦ
1356 5613 1592 5668 συνιέναι
1623 5617 1673 5669 oi
1698 5616 1948 5683 τάλανεςο

371 5699 462 5756 διὰ
491 5699 654 5755 τοῦτο
689 5702 790 5772 τῆς
815 5701 1076 5773 ἀληθεῐας
1113 5697 1671 5777 καταλαζονεύονται,
1710 5709 1952 5782 τολμῶσί

2047 4527 2393 4597 gratissimus
2435 4524 2589 4579 cibus
2644 4524 2890 4587 draconi,
2928 4530 3249 4591 potestatem
3277 4528 3623 4588 acceperunt,

2046 4619 2198 4674 abeo
2243 4621 2335 4688 qui
2388 4619 2648 4672 mundum
2704 4615 2926 4680 devicit,
2983 4615 3381 4684 superbamque
3431 4622 3488 4665 et
3525 4625 3623 4664 sa:-

2047 4725 2168 4763 vam
2205 4710 2400 4764 diaboli
2435 4709 2729 4780 potentiam
2751 4706 3041 4771 destruxit,
3074 4706 3314 4760 calcandi
3343 4711 3627 4773 serpentes

2048 4811 2101 4858 et
2129 4803 2452 4871 scorpiones
2491 4815 2818 4869 omnemque
2849 4797 3056 4852 inimici
3090 4796 3352 4867 vint.,Sed
3383 4805 3436 4849 et
3465 4794 3628 4847 hantn

2049 4894 2342 4948 draconem
2394 4893 2694 4955 attrahent,
2724 4891 3020 4960 capistrutn
3051 4888 3376 4956 tibulanzque
3407 4887 3626 4940 naribus

2049 4983 2169 5050 ejus
2218 4979 2489 5049 injicient,
2523 4979 2851 5048 armillaque
2891 4977 3092 5034 labitnn
3139 4977 3254 5044 ejus
3285 4976 3623 5046 perludient;

2051 5072 2449 5144 quantumlibet
2494 5071 2547 5126 hi
2607 5073 2813 5127 erroris
2847 5072 2928 5127 sui
2979 5071 3186 5141 laqueis
3214 5070 3354 5140 capti
3410 5071 3627 5138 captivo

2050 5173 2106 5219 et
2161 5161 2436 5232 perforato
2483 5169 2541 5216 et
2598 5161 2862 5232 mastigia:
2915 5161 3141 5226 cultunt,
3176 5169 3233 5216 ut
3289 5160 3388 5230 ipsi
3451 5161 3622 5222 aiunt,

2052 5254 2246 5310 stolide
2285 5253 2598 5310 exhibeant.
2635 5251 2775 5308 Vere
2805 5267 2912 5308 non
2946 5254 3324 5324 cogitaverunt
3349 5267 3542 5321 sapere
3571 5261 3625 5303 et

2053 5344 2357 5414 intelligere
2389 5343 2634 5420 infelices
2665 5343 2740 5399 hi.
2775 5343 2904 5401 ldeo
2931 5344 3195 5399 adversus
3224 5342 3506 5396 veritatem
3539 5341 3625 5395 iu-

2053 5435 2331 5492 solescunt
2363 5474 2380 5500 ,
2445 5435 2753 5504 audentque
2809 5451 2930 5506 quae
2985 5450 3084 5490 nec
3148 5432 3393 5488 barbaris
3452 5448 3627 5502 neque

2051 5527 2259 5584 Graecis
2297 5526 2556 5583 audenda
2592 5528 2792 5582 forent.
2821 5527 2965 5594 Quid
2993 5527 3195 5589 dicent,
3222 5525 3309 5578 ubi
3355 5525 3628 5582 audierint

2052 5635 2173 5690 qua:
2205 5619 2257 5674 in
2293 5618 2601 5692 Evangeliis
2627 5629 2814 5676 noster
2834 5619 3038 5673 diserte
3063 5617 3176 5672 Rex
3207 5625 3257 5672 et
3289 5627 3476 5692 pasipt‘
3515 5621 3630 5672 riu-

2055 5715 2218 5769 mavil
2258 5733 2272 5768 :
2307 5713 2437 5769 Ores
2489 5730 2616 5770 mea?
2661 5729 2826 5769 rorem
2882 5727 3046 5766 meum
3101 5713 3348 5781 audiunt,
3378 5725 3422 5767 et
3474 5729 3627 5772 nemo
