4054 6204
406 224 505 290 717

1259 210 1827 273 APOLOGETICUS
1860 210 2012 272 PRO
2048 209 2316 272 SACRIS
2351 206 2833 273 IMAGINIBUS.

3556 205 3661 269 718

405 336 761 409 κατεπίμπλα
802 334 930 400 τούς
968 331 1283 390 εἰσακούειν
1318 331 1644 396 ἐθέλοντας,
1684 328 1746 383 οὐ
1782 322 1983 400 νόμούς

2090 343 2184 399 ges
2209 328 2444 399 scriptas
2478 323 2744 389 tradebat,
2764 338 2881 403 ’non
2912 330 3069 378 terra:
3112 320 3273 390 hujus
3296 321 3528 379 visibilis
3561 340 3658 396 pc-

402 430 685 499 γραπτοὺς
730 427 1030 493 διετίθετο,
1070 427 1132 480 οὐ
1176 428 1277 497 γῆς
1301 422 1403 494 τῆς
1430 420 1720 494 δρωμένης
1753 420 1846 475 καὶ
1879 438 1984 475 παι

399 518 673 589 τουμένης
722 518 975 588 ἐκνὲμων
1034 516 1431 589 σχοινίσματα,
1478 514 1600 568 οὐδὲ
1639 530 1689 569 τι
1723 511 1833 567 τῶν
1863 513 1987 567 ἐπι-

402 610 590 680 κήρων
621 624 682 662 τε
710 608 806 661 καὶ
839 609 1077 679 ῥεόντων
1122 605 1469 678 κληροδοτῶν
1499 607 1581 669 είς
1621 604 1983 674 κατάσχεσιν,

402 699 541 752 ἀλλὰ
565 697 848 770 βασιλείαν
875 700 1149 770 ἐκήρυσσε
1180 697 1281 765 τὴν
1314 696 1567 767 οὐράνιον
1586 737 1600 762 ,
1628 696 1725 749 κα)⁸
1755 694 1985 748 πλοῦτον

404 791 775 862 ἀναφαίρετον
836 770 1164 861 ἐχαρίζετο,
1219 789 1313 846 καὶ
1366 788 1548 860 χαρὰν.
1599 786 1987 858 εὐηγγελίζετο

402 880 772 950 ἀνεκλάλητον
796 916 813 944 ,
860 880 1044 934 πᾶσάν
1070 897 1130 933 τε
1160 879 1320 935 νόσον
1366 881 1463 934 καὶ
1516 880 1790 951 μαλακίαν
1819 881 1876 935 ἐν
1908 878 1987 950 τῷ

402 971 518 1040 λαῷ
544 971 870 1042 ἐθεράπευε,
903 971 997 1025 καὶ
1026 972 1203 1026 πάντα
1230 972 1472 1042 πορίζων
1499 973 1599 1027 ὅσα
1623 967 1689 1045 ἦν
1712 972 1813 1043 τῆς
1838 972 1988 1036 θείας

403 1062 823 1133 φιλανθρωπίας
865 1064 980 1126 τοῖς
1032 1062 1217 1116 πίστει
1267 1063 1781 1135 προσερχομένοις,
1841 1079 1987 1133 παρ-ο

403 1154 628 1225 ἐχεσθαι
663 1152 810 1218 ἄξια.
852 1153 917 1206 Τί
964 1154 1071 1225 χρὴ
1114 1154 1329 1225 λέγειν;
1373 1155 1697 1225 Πνεύματος
1724 1153 1989 1226 χορηγίαν

401 1246 636 1314 ἄφθονον
664 1243 1014 1315 ἐπιδαψιλευό
1028 1263 1221 1315 μενον,
1257 1247 1326 1301 δι’
1359 1240 1436 1301 ὧν
1467 1246 1727 1300 ἁπάντων
1755 1248 1789 1317 ἡ
1826 1246 1990 1317 χάρις

404 1339 501 1393 καὶ
545 1338 778 1408 δύναμις
826 1335 922 1390 τοῦ
953 1339 1307 1410 ἐνεργοῦντος
1339 1340 1436 1393 καὶ
1461 1338 1814 1410 δωρουμένου
1849 1336 1990 1393 ἐδεί-

403 1451 589 1490 κνυτο.
632 1437 724 1490 Διὸ
765 1436 862 1490 καὶ
883 1433 1290 1507 προηγορεύετο
1309 1447 1324 1463 ⁸
1361 1434 1443 1486 Οὐ
1471 1431 1622 1486 κατὰ
1650 1428 1765 1498 τὴν
1781 1428 1990 1496 διαθή-

403 1544 523 1596 κην
556 1526 637 1596 ἦν
678 1527 959 1597 διεθέμην
1004 1526 1129 1592 τοῖς
1157 1524 1457 1593 πατράσιν
1487 1521 1705 1576 αὐτῶν.
1742 1521 1824 1574 Τὰ
1884 1522 1992 1590 γάρ

2086 421 2353 489 dibusque
2398 418 2619 473 calcata
2690 416 2971 485 portiones
3035 413 3293 470 funiculis
3338 414 3661 483 dividebat,

2087 510 2223 565 nihil
2250 509 2547 580 temporale
2584 516 2641 563 et
2693 506 2894 562 ﬂuxum
2944 507 3011 559 ad
3055 506 3440 575 possidendum
3483 508 3683 563 trade-'

2087 602 2200 667 bat,
2227 603 2324 658 sed
2369 601 2590 656 cmleste
2620 599 2957 669 prmdicabat
3005 614 3253 670 regnum,
3296 609 3353 656 et
3391 600 3667 657 inamissia

2086 695 2227 750 biles
2281 708 2413 763 opes
2461 694 2817 763 largiebatur,
2844 691 3100 763 gaudium
3151 691 3423 748 ineﬂ'abile
3452 708 3669 749 annun-

2088 786 2282 853 tiabat,
2353 799 2681 854 omnemque
2748 786 2998 840 morbum
3037 793 3203 855 alque
3246 784 3563 856 languorem
3612 786 3665 839 in

2087 879 2288 951 populo
2310 878 2574 945 curabat;
2610 876 2790 935 omnia
2830 878 3049 933 demum
3079 877 3378 948 praestabat
3410 892 3667 946 quaecun-

2087 988 2194 1043 que
2221 987 2253 1027 a
2278 971 2458 1027 divina
2498 970 2833 1039 benignitate
2868 970 2938 1025 iis
2978 970 3070 1040 qui
3098 970 3166 1024 ad
3204 970 3366 1026 tidem
3396 972 3666 1027 accessis-

2089 1075 2210 1120 sent
2237 1063 2465 1135 praeberi
2501 1064 2722 1134 dignum
2749 1072 2889 1119 erat.
2915 1063 3057 1130 Quid
3091 1064 3266 1118 dicam
3295 1062 3535 1132 Spiritus
3569 1079 3669 1119 co-
3712 1048 3717 1053 ’

2090 1158 2300 1228 piosam
2344 1157 2904 1213 subministrationem
2939 1158 3008 1213 ab
3034 1172 3099 1212 eo
3140 1156 3360 1215 datam?
3381 1158 3668 1228 quibusex

2088 1250 2341 1305 omnibus
2362 1250 2539 1320 gratia
2589 1251 2872 1319 virtusque
2913 1253 3188 1321 operantis
3216 1260 3381 1322 atque
3415 1251 3670 1307 donantis

2090 1342 2586 1398 demonstrabatur.
2634 1343 2843 1415 Idcirco
2890 1344 3056 1399 etiam
3114 1346 3484 1414 praedicebat:
3545 1344 3672 1398 Non

2083 1432 2245 1501 juxta
2266 1433 2436 1502 {tedas
2467 1436 2607 1502 quod
2631 1435 2803 1504 pepigi
2827 1451 2947 1488 cum
2973 1435 3189 1490 illorum
3210 1437 3468 1505 patribus.
3497 1434 3672 1491 Nam-

2091 1539 2197 1594 que
2221 1524 2590 1594 evangelicam
2638 1524 3039 1593 legislationem
3091 1527 3290 1582 deinde
3344 1526 3612 1582 subint‘ert
3654 1546 3668 1582 :

402 1636 489 1671 τοι
540 1620 638 1689 τῆς
679 1619 1055 1689 εὐαγγελικῆς
1107 1616 1432 1690 νομοθεσίας
1469 1610 1861 1689 ἐξῆςσέπάγει,
1895 1614 1990 1666 Δι-

2097 1616 2241 1671 Datis
2284 1617 2421 1686 leges
2476 1633 2617 1671 meas
2677 1618 2732 1671 in
2776 1627 3002 1671 mentem
3033 1633 3251 1683 eorum,
3302 1629 3352 1672 et
3404 1620 3463 1673 in
3515 1623 3670 1675 corde

400 1711 553 1779 δοὺς
597 1713 825 1781 νόμους
862 1728 984 1780 μου
1023 1713 1112 1776 είς
1147 1708 1422 1762 διάνοιαν
1469 1704 1706 1772 αὐτῶν,
1752 1704 1852 1759 καί
1888 1703 1990 1759 ἐπὶ

2091 1712 2391 1764 eorundem
2436 1708 2666 1764 scribam
2707 1709 2856 1764 illas.
2904 1709 3110 1765 Gratiae
3139 1710 3288 1779 leges
3318 1725 3422 1765 nou
3463 1713 3670 1767 suntin

403 1821 502 1871 sea;
520 1802 656 1868 δίας
703 1801 899 1857 αὐτῶν
954 1800 1265 1872 ἐπιγράψω
1301 1799 1542 1865 αὐτούς.
1590 1799 1652 1857 Οἱ
1701 1797 1856 1866 νόμοι
1888 1797 1990 1868 τῆς

403 1895 664 1965 χάριτος,
701 1895 803 1947 οὐκ
839 1895 897 1946 ἐν
935 1894 1113 1964 κάρτῃ
1167 1892 1263 1945 καὶ
1319 1889 1545 1961 μέλανι·
1590 1883 1702 1943 οἷόν
1737 1905 1790 1941 τι
1836 1888 1934 1942 καὶ
1963 1889 1993 1941 ό

415 1985 747 2050 ’Δπόστολος
795 1985 1095 2040 αἰνίττεται
1121 1984 1295 2053 λέγων
1319 1999 1335 2015 ο
1383 1983 1455 2037 Ἡ
1494 1980 1794 2050 ἐπιστολὴ
1822 1978 1994 2051 ἡμῶν

401 2077 578 2149 ὑμεῖς
649 2078 792 2132 ἐστε
813 2116 829 2143 ,
894 2074 1340 2147 ἐνγεγραμμένη
1396 2073 1467 2129 ἐν
1532 2072 1667 2139 ταῖς
1720 2070 1993 2140 καρδίαις

402 2169 609 2242 ὑμῶν’
641 2168 742 2223 καὶ
766 2169 1202 2238 φανερούμενοι
1230 2166 1320 2220 ὅτι
1352 2165 1496 2221 ἐστὲ
1518 2162 1817 2233 ἐπιστολή
1859 2166 1993 2233 Χρι-

401 2260 592 2323 στοῦ.
640 2258 1074 2328 διακονηθεῖσα
1130 2257 1232 2327 ὑφ’
1289 2255 1494 2326 ὑμῶν,
1545 2253 1993 2325 ἐνγεγραμμένη

406 2354 484 2407 οὐ
515 2350 760 2422 μέλανι,
784 2349 950 2406 em
992 2350 1293 2419 Πνεύματι
1312 2346 1460 2402 Θεοῦ
1486 2344 1703 2413 ζῶντος
1722 2361 1737 2375 ’
1783 2348 1895 2399 οὐκ
1926 2344 1997 2397 ἐν

405 2442 575 2506 suat:
581 2443 598 2494 ι
623 2441 907 2507 λιθίναις,
927 2436 1068 2493 ἀλλ’
1090 2438 1157 2492 ἐν
1179 2436 1367 2503 πλαξὶ
1386 2434 1637 2505 καρδίας
1654 2433 1995 2502 σαρκίναις.

407 2536 487 2588 Οὐ
514 2534 620 2605 γὰρ
649 2535 708 2587 ἐν
731 2532 961 2604 ἀψύχοις
985 2530 1136 2596 ὕλαις
1165 2529 1570 2601 ἐγγράφονται,
1610 2521 1728 2581 ἀλλ⁴
1754 2526 1848 2579 ἐπί
1871 2527 1991 2589 ταῖς

402 2624 668 2688 διανοίαις
705 2623 815 2678 τῶν
846 2622 1081 2693 λογικῶν
1128 2621 1376 2689 δακτύλῳ
1424 2618 1559 2672 Θεοῦ
1615 2620 1709 2671 καὶ
1763 2616 1994 2687 καλάμῳ

404 2717 707 2772 τυποῦνται
728 2716 807 2788 τῷ
836 2715 1116 2787 Πνεύματι
1136 2731 1151 2747 ο
1182 2714 1291 2767 τῶν
1313 2715 1372 2767 ἐν
1388 2711 1619 2782 ἀληθείᾳ
1645 2711 1745 2780 και
1766 2710 1994 2782 εἱλικρι-

406 2812 532 2882 νείᾳ
550 2808 756 2864 τούτων
781 2807 1212 2880 περιεχομένων,
1231 2806 1325 2860 καὶ
1349 2804 1531 2876 ψυχὴν
1553 2805 1646 2858 καὶ
1665 2803 1789 2858 νοῦν
1805 2801 1997 2857 ἐκκαθ-

407 2901 662 2976 αίροντες
683 2915 697 2930 ·
728 2900 883 2955 οὐδὲν
909 2901 1022 2970 γὰρ
1066 2898 1345 2971 ἔγγραφον
1386 2900 1416 2951 ό
1450 2896 1720 2969 ἡμέτερος
1752 2895 1995 2967 παραδέ-

2090 1802 2279 1856 cbarta
2300 1810 2462 1870 atque
2485 1810 2812 1866 atramento,
2833 1801 2976 1856 sicut
2998 1802 3159 1857 etiam
3184 1802 3476 1871 Apostolus
3496 1804 3675 1858 innuit

2091 1892 2332 1948 dicens:
2370 1890 2616 1962 Epistula
2643 1904 2827 1947 nostra
2868 1911 2956 1949 vos
2991 1896 3140 1959 estis,
3173 1896 3379 1965 scripta
3408 1897 3463 1950 in
3491 1899 3639 1951 cordi
3650 1929 3674 1939 -

2091 1981 2186 2037 bus
2215 1985 2435 2048 vestris;
2466 1981 2821 2057 manifestati
2850 1985 2993 2053 quod
3030 1984 3145 2037 sitis
3185 1982 3401 2051 Christi,
3424 1986 3671 2055 cpistola,

2091 2075 2395 2129 ministrata
2427 2091 2460 2129 a
2487 2075 2663 2139 nobis,
2707 2076 2913 2144 scripta
2946 2091 3049 2129 non
3082 2085 3401 2141 atramento,
3427 2082 3520 2131 sed
3551 2076 3677 2144 Spi-

2094 2168 2200 2220 ritu
2229 2164 2328 2220 Dei
2355 2167 2475 2231 ciui,
2533 2166 2718 2221 nonin
2762 2166 2959 2220 tabulis
2994 2167 3241 2237 lapideis,
3293 2171 3385 2223 sed
3420 2171 3474 2223 in
3511 2171 3675 2224 tubu-

2093 2258 2159 2310 lis
2215 2258 2389 2311 cordis
2444 2258 2654 2312 carneis
2686 2257 2750 2310 “.
2787 2255 2907 2311 Non
2962 2260 3107 2314 enim
3162 2259 3216 2313 in
3269 2260 3500 2316 inanimi
3557 2278 3676 2315 ma-

2097 2349 2232 2404 teria
2262 2350 2601 2415 scribuntur,
2633 2352 2727 2406 sed
2752 2351 2846 2404 Dei
2878 2351 3068 2420 digito,
3103 2361 3158 2407 et
3196 2352 3433 2422 Spiritus
3465 2354 3678 2409 calamo

2097 2440 2511 2510 imprimuntur,
2556 2442 2610 2496 in
2654 2443 3003 2498 rationalium
3038 2443 3326 2500 hominum
3381 2448 3674 2511 mentibus,

2095 2532 2330 2586 veritate
2353 2546 2418 2586 ac
2440 2532 2755 2589 sinceritate
2794 2533 3160 2609 imbutorum;
3201 2550 3405 2613 eaeque
3436 2538 3674 2593 animum

2100 2635 2166 2677 ac
2204 2630 2440 2677 mentem
2465 2624 2774 2694 puriﬁcant.
2812 2623 2962 2681 Nibil
2994 2624 3141 2681 enim
3172 2629 3438 2699 scriptum
3464 2628 3676 2700 legisla~

2102 2724 2187 2783 tor
2215 2724 2401 2771 noster
2428 2717 2682 2783 tradidit;
2725 2732 2852 2772 nam
2890 2717 3219 2797 factis,‘nou
3247 2721 3465 2787 litteris,
3500 2725 3678 2777 virtu-

2101 2808 2395 2872 tibus,non
2417 2809 2849 2875 cltaracteribus,
2883 2810 3081 2865 divinae
3104 2810 3251 2880 leges
3277 2827 3374 2867 ceu
3399 2814 3465 2867 ad
3490 2825 3675 2868 osten-

2104 2899 2311 2956 sionem
2347 2900 2582 2969 Spiritus
2616 2902 2683 2956 in‘
2729 2902 3017 2958 animabus
3074 2903 3447 2959 stabiliumur.
3496 2905 3589 2959 Sic
3621 2906 3676 2960 in

403 2992 554 3048 δωκε
582 2994 882 3066 νομοθέτης
903 3011 918 3026 ο
968 2993 1259 3065 πράγμασι
1293 2991 1425 3062 γὰρ,
1453 2991 1516 3044 οὐ
1546 2989 1861 3060 γράμμασι,
1903 2987 1999 3041 καί⁵

2106 2989 2212 3046 illis
2236 2990 2548 3061 evangelica
2572 2992 3148 3062 prtesignilicabantur
3174 2995 3531 3051 charismata.

404 3085 724 3155 δυνάμεσιν,
757 3085 818 3149 οὐ
842 3084 1220 3155 χαράγμασιν,
1250 3085 1301 3137 oi
1336 3081 1473 3137 θεῖοι
1497 3080 1657 3151 νόμοι
1686 3079 1762 3143 ὡς
1781 3081 1842 3134 ἐν
1867 3078 2140 3145 ἀποδείξει
2180 3081 2498 3153 Πνεύματος
2543 3085 2669 3146 ταῖς
2694 3083 2897 3155 ψυχαῖς
2930 3084 3350 3159 ἐγκαθίδρυνται
3374 3105 3389 3120 υ
3412 3089 3588 3154 οὕτως
3618 3092 3677 3155 ἐν

410 3178 643 3242 ἐκείνοις
670 3177 739 3231 τὰ
764 3178 1097 3247 εὐαγγελικά
1129 3175 1624 3248 προδιεσῃμαίνετο
1646 3172 1986 3251 χαρίσματα.

488 3313 560 3366 Ἣ
597 3314 718 3384 οὐχὶ
760 3313 937 3368 ταῦτά
963 3315 1115 3368 ἐστιν
1137 3316 1171 3386 ὴ
1211 3314 1351 3385 καλή
1385 3330 1447 3366 τε
1490 3314 1582 3383 καὶ
1616 3311 1843 3381 γόνιμος
1874 3310 1945 3380 γῆ
1968 3347 1984 3374 .

2166 3308 2352 3367 Nonne
2402 3312 2518 3366 haec
2556 3320 2640 3366 est
2689 3310 2914 3383 pulchra
2964 3323 3019 3367 et
3064 3313 3257 3369 fertilis
3292 3325 3460 3383 terra,
3501 3319 3672 3386 pulte-

408 3405 450 3476 ἡ
499 3404 735 3473 εὐθαλὴς
778 3421 840 3458 τε
894 3406 992 3458 καὶ
1043 3404 1323 3476 εὐκαρπος
1351 3406 1599 3477 ἄρουρα,
1634 3403 1667 3473 ἡ
1708 3402 1800 3456 τὸν
1848 3400 1992 3453 θεῖον

411 3496 794 3569 ὑποδεξαμένη
833 3497 1069 3568 σπόρον,
1126 3498 1365 3570 ὁπηνίκα
1415 3498 1445 3551 ό
1505 3495 1746 3567 σπείρων
1801 3492 1992 3564 ἐξῆλθε

411 3585 750 3642 καταϐαλεῖν
794 3588 889 3643 τοῦ
937 3587 1097 3658 λόγου
1146 3590 1214 3644 τὰ
1248 3589 1575 3660 σπέρματα,
1621 3587 1656 3656 ἡ
1701 3600 1991 3656 καρποφο-

414 3679 585 3750 ροῦσα
639 3681 722 3744 είς
766 3680 1062 3752 τριάκοντα
1101 3681 1195 3735 καὶ
1223 3678 1511 3751 ἐξήκοντα,
1554 3678 1650 3731 καὶ
1686 3676 1752 3748 δὴ
1785 3677 1878 3729 καί⁵
1909 3676 1990 3739 είς

411 3771 643 3835 ἑκατὸν,
681 3770 710 3824 δ
747 3772 1004 3842 μέγιστον
1054 3772 1149 3825 καί⁸
1197 3771 1542 3842 ἀκρότατον;
1587 3769 1794 3825 τούτων
1833 3771 1990 3840 ἀκρι-

411 3860 531 3926 ϐεῖς
582 3860 692 3916 τῶν
744 3862 928 3931 νόμων
985 3862 1327 3933 ὑπογραφεῖς
1362 3864 1453 3916 καὶ
1497 3862 1736 3934 μύσται,
1769 3863 1817 3916 oi
1856 3862 1989 3915 θεῖοι

410 3944 705 4007 ἀπόστολοι
732 3952 1030 4023 ὤφθησαν,
1063 3954 1371 4026 κρείττονος
1407 3955 1441 4025 ἢ
1470 3956 1613 4009 κατά
1648 3955 1856 4023 Minoia.
1889 3954 1989 4026 τῆς

412 4044 673 4108 θεοπτίας
713 4062 775 4099 τε
804 4047 898 4099 καὶ
940 4046 1246 4117 ὑπηρεσίας
1271 4048 1641 4117 τετυχηκότες
1665 4063 1681 4078 ο
1709 4046 1758 4100 οἳ
1789 4046 1856 4119 δὴ
1895 4047 1989 4101 καὶ

370 4145 387 4153 ’
411 4135 706 4207 θαρραλέῳ
727 4138 1138 4209 φιλοτιμοῦνται
1161 4139 1238 4210 τῷ
1267 4140 1581 4212 φρονήματι
1607 4139 1807 4209 λέγειν*
1839 4138 1989 4195 Θεοῦ

408 4228 909 4300 ἐσμενσυνεργοί
940 4229 1066 4297 τοῖς
1087 4232 1446 4287 πιστεύουσι
1462 4249 1475 4263 ·
1511 4232 1660 4287 Θεοῦ
1684 4232 1987 4301 γεώργιον.

414 4318 569 4371 Θεοῦ
597 4320 881 4389 οίκοὸομή
929 4322 1090 4376 ἐστε.
1131 4323 1194 4377 El
1223 4320 1315 4377 οὖν
1342 4324 1518 4378 ταῦτα
1556 4323 1766 4395 ἀληθῆ,
1798 4323 1988 4395 ὥσπερ

411 4408 479 4477 δὴ
503 4411 597 4462 καί⁸
627 4410 755 4476 εἰσὶ,
785 4412 904 4476 πὼς
936 4412 996 4467 οὐ
1039 4414 1441 4486 κατερυθριῶσι
1471 4415 1581 4469 τῶν
1612 4415 1989 4473 ἀποστολικῶν

414 4500 510 4553 καὶ
561 4501 915 4571 προφητικῶν
954 4503 1150 4569 φωνῶν
1182 4504 1586 4575 καταφλυαρεῖν
1615 4505 1664 4558 oi
1696 4498 1987 4574 παραφρο-

412 4607 525 4657 νες,
558 4590 633 4655 ὡς
661 4592 761 4662 τὴν
786 4592 884 4646 τοῦ
913 4594 1052 4648 Θεοῦ
1092 4595 1382 4667 οἰκοδομὴν
1413 4595 1841 4664 κατασκάψαντα
1870 4612 1985 4666 χει-

413 4683 692 4754 ρώσασθαι
713 4683 806 4737 τὸν
828 4684 1107 4751 ἀντίθεον,
1133 4687 1229 4740 καὶ⁵
1255 4662 1688 4759 καταληῖσασθαι
1720 4686 1781 4740 τὸ
1806 4662 1984 4758 γειύρ-
2018 4662 2063 4718 D

408 4786 563 4839 γιον,
632 4773 729 4825 καὶ
790 4773 992 4827 διδόναι
1046 4773 1126 4845 τῷ
1185 4775 1499 4846 ἐνεργοῦντι
1559 4777 1631 4830 δι’
1682 4776 1862 4829 αὐτῶν
1916 4776 1987 4830 τά

408 4864 739 4934 νικητήρια;
775 4865 945 4929 ὅντως
975 4866 1083 4920 τῶν
1124 4867 1343 4921 οἰκείων
1384 4867 1669 4939 γεωργίων
1707 4868 1985 4939 ἀμήσουσι

405 4954 477 5007 τὰ
504 4956 796 5027 δράγματα
831 4960 882 5012 οἱ
915 4958 1141 5013 δείλαιοι
1165 4975 1181 4990 ’
1214 4956 1370 5022 εἶτα,
1411 4961 1543 5015 Ἐπί
1587 4959 1836 5029 καρδίας
1875 4962 1987 5015 αὑ·-

404 5043 528 5097 τών
556 5045 865 5115 ἐπιγράψω
913 5048 1156 5114 αὐτούς.
1204 5048 1472 5104 Ἐνταῦθα
1502 5047 1611 5103 τῶν
1642 5051 1709 5102 τὰ
1744 5050 1982 5119 εὐαγγε-

403 5130 535 5187 λικά
558 5134 898 5206 δεδεγμένων
935 5138 1281 5211 ἐντάλματα,
1325 5140 1447 5193 ἀντὶ
1493 5138 1719 5192 πλακῶν
1757 5139 1978 5193 λιθίνων

403 5226 506 5291 τὰς
533 5228 795 5298 καρδίας,
814 5230 1070 5303 καθάπερ
1098 5235 1253 5297 τινὰς
1280 5231 1544 5303 λαμπρὰς
1568 5234 1665 5286 καὶ
1692 5233 1977 5303 διαφανεῖς

405 5317 613 5387 στήλας
647 5319 901 5383 ὑπέθετο,
936 5322 1060 5375 καθ’
1087 5322 1156 5387 ἀς
1191 5326 1240 5376 οί
1282 5323 1415 5376 θεῖοι
1446 5324 1601 5393 νόμοι
1632 5306 1824 5389 οὐκίέξ
1857 5328 1980 5378 ἐπι-

406 5407 577 5479 πολῆς
630 5412 1096 5482 ἐγχαράσσονται,
1132 5413 1268 5467 ἀλλά
1307 5413 1396 5468 διὰ
1427 5412 1629 5485 βάθους
1678 5416 1979 5506 εἱοςύονται

476 5616 517 5648 ¹¹
552 5614 595 5669 ll
624 5614 749 5672 Cor.
790 5632 871 5681 m,
904 5617 958 5671 2.
1039 5617 1080 5649 "
1112 5616 1133 5670 Ι
1168 5616 1291 5672 Cor.
1330 5633 1411 5687 ut,
1442 5618 1493 5673 θ.

2098 3415 2259 3457 scens
2289 3413 2342 3456 et
2364 3400 2700 3457 fructuosum
2750 3415 2963 3464 arvum,
3011 3402 3157 3471 quod
3182 3402 3426 3461 divinum
3461 3410 3677 3476 excepit

2095 3505 2316 3558 semen;
2355 3506 2477 3545 cum
2530 3501 2680 3546 sator
2706 3490 2842 3547 exiit
2873 3493 2939 3546 ad
2986 3492 3381 3561 projiciendum
3406 3495 3675 3553 doetrinm

2093 3582 2339 3637 semina?
2371 3590 2514 3637 terra
2566 3583 2680 3637 lucc
2724 3582 2945 3652 triginta
3000 3594 3055 3639 et
3082 3584 3404 3656 sesaginta,
3462 3589 3572 3644 imo
3620 3601 3675 3643 et

2092 3683 2308 3726 centum
2340 3673 2535 3739 reddit,
2568 3672 2659 3740 qui
2680 3681 2763 3726 est
2789 3675 3058 3729 maximus
3080 3684 3136 3729 et
3162 3690 3411 3735 summus
3437 3677 3666 3735 fructus.

2092 3763 2294 3818 Harum
2325 3764 2565 3819 act-.ursti
2601 3763 2778 3835 legum
2802 3764 3104 3835 scriptores
3125 3781 3190 3821 ac
3222 3769 3462 3825 ministri
3492 3774 3662 3827 exsti-

2092 3863 2275 3911 terunt
2306 3855 2413 3909 divi
2444 3855 2701 3925 apostoli,
2748 3856 2815 3909 ad
2845 3857 3113 3935 potiorem
3141 3874 3309 3930 quam
3337 3860 3549 3935 Moyses
3578 3865 3672 3919 Dei

2090 3946 2596 4016 contemplationem
2641 3956 2699 4001 et
2744 3946 3104 4005 ministerium
3163 3951 3324 4016 elati;
3362 3956 3454 4024 qui
3503 3956 3668 4010 etiam

2090 4036 2335 4092 animosa
2395 4038 2662 4093 sententia
2718 4039 3017 4115 gloriantur
3073 4041 3307 4097 dicere:
3351 4043 3454 4103 Dei
3487 4063 3669 4101 sumas

2089 4128 2357 4196 adjutores
2420 4129 2561 4194 apud
2634 4128 2903 4203 credentes
2936 4144 2955 4183 :
2998 4129 3096 4186 Dei
3146 4128 3516 4203 agricultura,
3567 4121 3668 4193 Dei

2088 4217 2373 4287 aediﬁcatio
2410 4220 2534 4271 estis
2565 4219 2633 4294 τ’.
2668 4218 2822 4294 Quod
2863 4220 2909 4273 si
2955 4219 3077 4274 haec
3126 4236 3253 4275 vera
3292 4234 3441 4290 sunt,
3504 4227 3668 4285 sicuti

2078 4298 2280 4379 reapse
2335 4318 2481 4372 sunt,
2538 4292 2810 4379 quomodo
2869 4324 2976 4364 non
3026 4311 3355 4369 erubescunt
3396 4317 3665 4375 adversus

2087 4399 2416 4469 apostolicas
2451 4401 2914 4472 propheticasque
2941 4416 3103 4458 voces
3135 4406 3323 4474 nugari
3364 4407 3425 4463 lii
3454 4414 3660 4476 vesani,

2086 4486 2241 4561 quasi
2278 4491 2373 4549 Dei
2411 4493 2699 4549 mdilicium
2727 4494 3097 4551 Anticltristus
3135 4492 3446 4557 subfossum
3496 4517 3659 4559 occu-

2087 4576 2319 4654 paverit,
2370 4586 2634 4656 praedium
2699 4588 3017 4652 vastaverit,
3083 4590 3364 4647 victoriam
3400 4570 3529 4655 cum,
3555 4596 3662 4651 illis

2088 4691 2319 4745 operans
2346 4678 2636 4733 retulerit?
2662 4678 2864 4736 Deinde
2893 4697 2909 4736 :
2943 4679 3008 4735 In
3042 4688 3199 4736 corde
3217 4700 3399 4740 eorum
3431 4687 3662 4743 scribam

2087 4770 2231 4824 illas.
2264 4768 2363 4833 Hic
2395 4771 2629 4836 illorum,
2663 4772 2754 4844 qui
2782 4773 3091 4845 evangelica
3137 4787 3404 4848 praecepta
3435 4792 3662 4851 recepe-

2088 4871 2235 4928 runt,
2293 4878 2391 4934 pro
2435 4864 2633 4919 tabulis
2693 4865 2941 4935 lapideis,
2978 4867 3143 4921 corda
3194 4883 3295 4924 ceu
3346 4870 3660 4940 splendidos

2087 4955 2350 5025 quosdam
2385 4954 2745 5026 limpidosque
2784 4958 2970 5026 cippos
3005 4963 3308 5030 proposuit,
3358 4964 3411 5020 in
3466 4964 3665 5036 quibus

2086 5047 2278 5102 divina:
2309 5047 2453 5117 leges
2489 5048 2630 5102 haud
2671 5048 2722 5101 in
2754 5048 2914 5123 221
2945 5051 3232 5120 superﬁcie
3271 5053 3659 5121 cltarasantur,

2086 5139 2180 5193 sed
2213 5138 2321 5193 alte
2345 5147 2653 5208 penetrant.
2680 5142 2746 5194 ad
2779 5157 2952 5210 usque
2984 5144 3206 5201 intimas
3230 5146 3410 5201 cordis
3428 5147 3663 5216 plicatu-

2090 5247 2181 5286 ras
2210 5242 2473 5295 meantes,
2503 5240 2561 5286 ut
2587 5233 2901 5290 indelebilcs
2924 5236 3301 5307 diuturnmque
3331 5252 3660 5295 conserven-

2091 5332 2199 5391 tur,
2234 5332 2294 5380 et
2346 5323 2399 5379 in
2433 5340 2594 5381 omne
2635 5342 2810 5383 aevum
2867 5329 3165 5385 incolumes
3207 5339 3483 5384 maneant.
3526 5330 3664 5388 lliuc

2092 5418 2401 5487 unicuique,
2427 5418 2473 5474 si
2504 5420 2663 5476 modo
2694 5422 2842 5489 vclit,
2872 5422 3177 5492 intelligere
3206 5422 3329 5479 licet
3353 5434 3552 5493 quanta
3576 5436 3662 5491 est
