4054 6204
303 239 413 304 723

1300 241 1360 301 S.
1396 241 1815 302 NICEPHORI
1836 244 2362 316 ΡΑἹἩΙΑΗΕΗᾹΞ
2402 248 2512 307 CP.

3455 256 3563 320 721

297 345 608 418 benignitas
628 346 936 419 praet-aluit.
969 345 1310 415 Pmpittabor
1345 335 1507 412 enim,
1534 348 1732 419 inquit,
1767 349 1873 404 ini-

1982 370 2094 418 τας,
2141 353 2274 406 ἀλλὰ
2302 355 2428 424 νικᾷ
2459 355 2522 406 τδ
2559 353 2961 426 φιλάνθρωπον.
3020 358 3227 424 “Mean;
3274 358 3387 428 γὰρ
3421 359 3559 417 ἔσο.

296 440 589 508 quitatibus
614 453 818 493 eorum.
856 436 967 492 Nos
994 450 1124 492 vero
1157 438 1248 505 qui
1285 436 1413 509 talia
1437 434 1651 510 experti
1680 454 1871 495 sumus

298 542 355 585 et
380 532 703 597 credimus,
760 528 1042 585 victoriale
1099 529 1265 583 simul
1324 539 1380 585 et
1446 530 1871 591 eucharisticnm

220 622 225 626 ’
300 627 563 696 hymnum
626 622 904 677 Servatori
950 633 1137 675 nostro
1173 620 1459 686 canimus,
1484 631 1538 677 et
1572 624 1873 693 gratiarum

301 717 572 770 actionem
600 712 845 782 quotidie
874 706 1180 773 oll‘erimus,
1224 718 1509 767 cantantes
1540 722 1703 782 atque
1726 712 1875 781 psal-

300 809 477 865 lentes
524 825 538 860 :
592 804 726 871 Quis
779 805 1028 875 loquetur
1089 803 1356 872 potentias
1391 804 1627 867 Domini,
1661 805 1875 858 auditas

300 899 460 970 faciet
495 913 675 951 onanes
706 896 894 950 laudes
926 896 1041 965 ejus
1063 895 1109 928 “
1138 896 1164 949 ί
1194 895 1326 962 Quis
1356 894 1682 949 annuntiare
1710 895 1876 950 mise-

301 991 571 1046 ricordias
603 988 723 1059 ejus
759 1003 822 1044 ac
853 988 1123 1043 mirabilia
1167 989 1310 1043 satis
1357 986 1571 1042 valeat?
1605 988 1736 1053 Quae
1767 986 1876 1040 lin-

305 1098 408 1154 gua
438 1081 870 1150 magnitudinem
905 1079 1293 1135 beneﬁciorum
1318 1078 1435 1146 eius
1458 1080 1618 1149 digne
1636 1078 1875 1147 eloqua-

307 1175 448 1231 ιιιτῖ
493 1189 618 1244 quae
686 1175 866 1228 oratio
922 1172 1219 1244 excogitari
1280 1171 1458 1241 possit
1513 1170 1874 1241 magnitudini

305 1267 554 1321 datorum
585 1269 654 1321 ab
705 1281 773 1321 eo
813 1266 1084 1322 bonorum
1138 1264 1272 1334 par?
1317 1264 1480 1332 Atqui
1546 1278 1653 1318 non
1699 1263 1878 1317 solum

308 1370 415 1409 non
442 1354 654 1424 punivit
688 1366 862 1424 neque
897 1354 1161 1425 gehennae
1185 1353 1430 1417 tradidit,
1464 1353 1558 1408 sed
1592 1351 1880 1421 indulgens

307 1446 412 1501 iuit
441 1446 819 1516 iniquitatibus
853 1446 1086 1510 nosilris;
1119 1446 1230 1500 imo
1252 1447 1397 1515 quod
1420 1452 1618 1498 cuncta
1639 1444 1876 1509 excedit,

305 1549 362 1594 et
381 1538 680 1593 orationem
711 1552 929 1597 omnem
962 1546 1276 1606 exsuperat,
1305 1535 1625 1606 mysterium
1662 1534 1870 1590 saluta-

307 1630 385 1684 ris
414 1627 811 1684 incarnationis
835 1627 992 1682 nobis
1020 1635 1281 1697 operatus
1305 1635 1408 1681 est.
1445 1625 1560 1681 Cur
1587 1636 1769 1681 autem
1796 1625 1878 1680 vel

1970 461 2113 513 μαι,
2159 446 2330 514 φησὶ,
2365 444 2497 511 ταῖς
2549 444 2813 512 ἀδικίαις
2862 446 3085 500 αὐτῶν.
3133 448 3246 502 Καὶ
3300 451 3463 519 ἡμεῖς
3509 452 3563 506 ol

1973 537 2145 597 ταῦτα
2178 539 2270 591 καὶ
2318 538 2582 601 παθόντες
2624 539 2719 592 καὶ
2773 539 3207 605 πιστεύσαντες,
3248 544 3345 595 τὸν
3388 546 3565 598 ἐπινί-

1975 646 2090 683 κιον
2141 631 2277 700 ὁμοῦ
2308 632 2403 684 καλ⁵
2450 633 2807 702 χαριστήριον
2841 632 2920 703 τῷ
2957 635 3223 687 σεσωκότι
3273 632 3426 689 αἶνον
3463 638 3562 693 καὶ

1975 721 2075 790 τὴν
2124 721 2478 792 εὐχαριστίαν
2525 723 2916 794 προσφέρομεν
2973 725 3275 789 ἑκάστοτε,
3337 726 3563 798 ᾄδοντες

1976 811 2071 864 καὶ
2136 810 2429 879 ψάλλοντες
2450 827 2465 841 ·
2517 813 2614 879 Τίς
2677 812 2942 880 λαλήσει
3019 816 3128 881 τὰς
3190 816 3562 887 δυναστείας

1975 902 2200 969 Κυρίου
2220 944 2235 968 ,
2283 903 2595 970 ἀκουστὰς
2620 906 2865 972 ποιήσει
2912 907 3121 973 πάσας
3155 908 3263 975 τὰς
3295 911 3563 978 αίνέσεις

1976 992 2203 1057 αὑτοῦ;
2243 993 2340 1057 Τίς
2375 996 2557 1057 ἱκανὸς
2598 997 2924 1065 ἀναγγεῖλαι
2966 999 3037 1051 τὰ
3085 999 3212 1069 ἐλέη
3256 1000 3425 1054 αὑτοῦ
3465 1003 3563 1057 καὶ

1976 1081 2044 1136 τὰ
2083 1082 2402 1155 θαυμάσιας
2446 1086 2573 1140 ποία
2609 1087 2835 1154 γλῶσσα
2869 1087 3112 1154 ἐπαξίως
3147 1091 3243 1144 τοῦ
3294 1091 3562 1161 μεγέθους

1977 1175 2087 1227 τῶν
2121 1177 2582 1248 εὐεργετημάτων
2629 1180 2960 1248 euersam;
2999 1185 3154 1246 ποῖος
3197 1173 3359 1251 λόγος
3407 1184 3561 1251 ἐξευο

1980 1267 2162 1339 ρεθείη
2187 1271 2252 1339 τῇ
2277 1270 2658 1342 μεγαλειότητι
2686 1271 2797 1325 τῶν
2824 1274 3240 1343 κεχαρισμένων
3266 1277 3402 1345 ἡμῖν
3422 1276 3563 1344 ἀγα-

1979 1354 2088 1408 θῶν
2143 1357 2581 1428 παρισούμενος;
2634 1359 2744 1429 ἄρα.
2799 1360 2911 1431 γὰρ
2963 1362 3065 1415 οὐκ
3111 1362 3343 1416 ἐκόλασε
3396 1365 3562 1433 μόνον

1978 1446 2100 1499 οὐδὲ
2135 1448 2331 1518 γεέννῃ
2383 1449 2809 1519 παραδέδωκεν,
2850 1451 3012 1515 ἵλεως
3059 1452 3117 1505 δὲ
3163 1454 3381 1521 ἐγένετο
3434 1457 3563 1519 ταῖς

1978 1536 2217 1600 ἀδικίαις
2248 1540 2281 1607 ἡ
2292 1537 2406 1608 μῶν
2428 1578 2443 1602 ,
2479 1539 2513 1609 ἢ
2547 1540 2642 1593 κα)⁸
2666 1540 2729 1593 τὸ
2751 1541 2971 1594 πάντων
3000 1543 3261 1597 ἐπέκεινα
3287 1546 3383 1598 καὶ
3415 1545 3561 1617 πέρα

1979 1627 2138 1696 λόγου
2168 1629 2391 1692 παντὸς,
2442 1632 2746 1701 μυστήριον
2780 1632 2882 1702 τῆς
2926 1634 3201 1704 σωτηρίου
3244 1636 3561 1704 οἰκονομίας

308 1716 618 1781 quomodo?
645 1715 763 1771 Non
801 1716 1031 1786 punivit,
1061 1716 1157 1771 sed
1186 1716 1411 1785 punitus
1438 1725 1561 1781 est;
1616 1730 1723 1770 non
1766 1716 1880 1785 pls-

1983 1722 2118 1789 ἡμῖν
2166 1720 2556 1791 ἐξειργᾶσατο·
2594 1722 2713 1785 πῶς
2754 1722 2831 1787 δὲ,
2876 1725 2972 1777 καὶ
3011 1702 3133 1777 τίνα
3164 1726 3368 1798 τρόπον
3394 1702 3561 1793 point

304 1822 429 1874 gain
464 1804 666 1872 intulit,
693 1805 1083 1877 sed-plagatus‘
1116 1814 1198 1859 est
1233 1805 1350 1875 ipse
1377 1805 1431 1859 in
1456 1805 1657 1860 dilecta
1692 1805 1876 1863 domo.

308 1898 537 1952 Dorsum
567 1912 727 1952 suum
758 1897 908 1955 dedit
957 1900 1010 1952 in
1056 1896 1312 1962 verbera,
1345 1905 1402 1963 et
1432 1911 1603 1967 genas
1635 1911 1767 1952 suas
1807 1898 1875 1952 ad

306 1988 516 2057 alapas.
546 1987 834 2044 Postremo
871 1984 1242 2058 turpissimam
1275 1989 1456 2044 crucis
1486 2002 1675 2044 necem
1715 2003 1880 2044 exce-

308 2082 408 2149 pit,
451 2081 744 2151 ignominia
806 2090 1137 2151 contempta,
1170 2095 1357 2136 secum
1394 2080 1544 2135 cruci
1601 2080 1880 2151 conligens

305 2173 570 2238 scriptum
610 2173 875 2228 adversus
909 2187 1010 2231 nos
1036 2172 1481 2242 chirographum,
1533 2179 1597 2227 ut
1619 2186 1717 2226 nos
1753 2186 1876 2241 pec-

305 2271 434 2318 cato
459 2262 716 2331 eriperet,
743 2273 800 2318 et
827 2263 894 2318 de
919 2271 1190 2332 potestate
1214 2262 1561 2317 tenebrarum
1597 2261 1877 2317 liberaret.

307 2353 452 2409 idem
502 2356 683 2423 itaque
726 2355 987 2411 sacerdos
1017 2364 1072 2410 et
1110 2355 1356 2420 victima,
1410 2356 1552 2409 idem
1590 2355 1879 2411 immutans

307 2444 480 2498 nostri
501 2458 691 2510 causa,
716 2445 1066 2501 sacriticatus
1097 2444 1259 2499 simul
1289 2453 1345 2498 et
1368 2442 1604 2499 oﬂ‘erens
1633 2442 1746 2498 Deo
1774 2443 1880 2496 Pa-

308 2537 376 2590 tri
399 2536 654 2605 populum
684 2537 1039 2606 peculiarem.
1065 2535 1207 2591 Hinc
1235 2550 1338 2591 nos
1360 2537 1429 2591 de
1455 2535 1736 2591 dominatu
1776 2535 1881 2588 ini-

307 2629 433 2684 mici
498 2629 767 2700 redempti
826 2629 1068 2694 luimus,
1133 2628 1458 2702 Patremque
1519 2627 1617 2697 per
1682 2625 1877 2681 Filium

306 2721 647 2790 agnovimus,
688 2729 746 2776 et
771 2720 992 2792 genuini
1036 2718 1329 2775 Trinitatis
1358 2718 1681 2773 adoratores
1712 2718 1882 2772 exsti-

308 2814 493 2867 timus.
525 2813 597 2868 At
624 2814 771 2869 enim
796 2814 887 2882 qui
914 2814 984 2867 ab
1010 2811 1283 2882 ejusmodi
1323 2811 1497 2880 gratia
1528 2819 1656 2865 sunt
1689 2810 1876 2876 alieni,

308 2904 504 2958 horum
538 2905 783 2961 omnium
833 2904 1011 2968 obliti,
1035 2917 1304 2971 auresque
1357 2910 1415 2956 et
1461 2902 1642 2957 cordis
1693 2901 1883 2957 oculos

308 2996 378 3050 ad
423 3005 532 3050 tam
591 2995 930 3051 venerandae
983 2993 1356 3064 amabilesque
1417 3007 1506 3047 res
1542 2992 1879 3058 claudentes,

1985 1812 2278 1876 ἐκόλασεν,
2325 1814 2441 1867 ἀλλ’
2475 1813 2741 1885 ἐκολάσθη
2763 1856 2778 1878 ,
2826 1816 2928 1868 οὐκ
2968 1816 3239 1885 ἐπήνεγκε
3286 1815 3385 1887 τὴν
3422 1818 3563 1885 πλη-

1985 1903 2120 1974 γὴν,
2154 1903 2267 1958 ἀλλ’
2294 1903 2508 1976 ἐπλήγη
2544 1906 2602 1958 ἐν
2630 1905 2710 1976 τῷ
2736 1906 2871 1976 οἴκῳ
2898 1904 2975 1976 τῷ
3000 1905 3271 1976 ἀγαπητῷ
3293 1923 3310 1939 ο
3334 1908 3425 1961 τὸν
3455 1907 3561 1961 νῶ-

1985 2010 2077 2046 τον
2104 1995 2269 2048 αὐτοῦ
2311 1994 2511 2049 ἔδωκεν
2554 1997 2635 2058 εἰς
2682 1995 2985 2066 μάστιγας,
3034 1994 3260 2058 καὶτὰς
3300 1995 3562 2064 σιαγόνας

1984 2082 2151 2136 αὐτοῦ
2199 2084 2279 2146 είς
2332 2083 2672 2152 ῥαπίσματα.
2728 2084 2836 2136 Καὶ
2869 2084 3024 2146 τέλος
3060 2083 3150 2136 τὸν
3179 2084 3267 2137 διὰ
3320 2082 3561 2153 σταυροῦ

1986 2176 2263 2247 αἴσχιστον
2289 2175 2462 2229 εἵλετο
2496 2174 2723 2230 θάνατον
2746 2216 2760 2237 ,
2798 2175 3059 2245 αἰσχύνης
3098 2175 3558 2245 καταφρονήσας,

1986 2267 2045 2319 ἐν
2073 2264 2231 2334 αύτῴ
2269 2264 2629 2336 προσηλώσας
2671 2265 2733 2317 τὸ
2784 2266 2906 2318 καθ’
2950 2265 3111 2336 ἡμῶν
3160 2264 3563 2336 χειρόγραφον,

1987 2355 2074 2409 ἵνα
2104 2355 2251 2426 ἡμᾶς
2286 2353 2530 2426 ἐξέληται
2563 2353 2665 2424 τῆς
2697 2355 3005 2425 ἁμαρτίας,
3036 2356 3132 2408 καὶ
3153 2355 3267 2425 ,τῆς
3310 2353 3563 2420 ἐξουσίας

1986 2446 2081 2502 τοῦ
2135 2448 2357 2509 σκότους
2405 2444 2750 2516 ἐλευθερώσῃ
2778 2462 2792 2476 ·
2849 2445 3014 2509 αὐτὸς
3060 2444 3192 2514 γοῦν
3231 2443 3327 2496 καὶ
3362 2443 3559 2513 ιίερεὺς

1987 2539 2083 2592 καὶ
2112 2540 2327 2606 ἱερεῖον,
2360 2536 2521 2599 αὐτὸς
2541 2536 2639 2589 καὶ
2661 2536 2803 2589 θύων
2829 2536 2925 2589 καὶ
2954 2534 3390 2605 σφαγιαζόμενος
3418 2533 3565 2606 ὑπὲρ

1986 2629 2145 2702 ἡμῶν
2164 2670 2177 2695 ,
2203 2633 2301 2683 καὶ
2334 2624 2591 2697 θυόμενος
2622 2630 2716 2684 καὶ
2748 2627 3041 2697 προσάγων
3067 2625 3145 2696 τῷ
3173 2625 3293 2695 Θεῷ
3324 2626 3421 2678 καὶ
3447 2626 3563 2678 Πα-

1984 2725 2077 2794 τρὶ
2122 2722 2251 2776 λαὸν
2294 2714 2610 2791 περιούσιον
2635 2736 2648 2750 ·
2691 2719 2943 2773 ἐντεῦθεν
2975 2720 3140 2789 ἡμεῖς
3184 2716 3287 2787 τῆς
3319 2717 3561 2771 καταδυ-

1987 2814 2242 2877 ναστείας
2277 2812 2372 2866 τοῦ
2407 2810 2639 2882 Ἐχθροῦ
2662 2810 3182 2880 λελυτρώμεθα,καὶ
3212 2810 3305 2863 τὸν
3338 2809 3561 2879 Πατέρα

1988 2905 2055 2960 δι’
2091 2905 2221 2959 Υἱοῢ
2257 2904 2608 2974 ἐπέγνωμεν,
2642 2904 2737 2957 καὶ
2775 2902 3152 2972 προσκυνηταὶ
3201 2901 3420 2971 γνήσιοι
3462 2902 3561 2969 τῆς

1988 2998 2216 3070 Τριάδος
2246 2997 2702 3066 ἁναδεδείγμεθαο
2743 2996 2793 3048 oi
2836 2995 2894 3048 δέ
2927 2994 3139 3063 δωρεᾶς
3162 2993 3368 3063 ταύτης
3406 2992 3561 3046 ἀλλό-

308 3083 575 3154 quidquid
631 3083 849 3138 demum
895 3083 1085 3138 volunt
1136 3084 1360 3139 adorent
1417 3093 1471 3139 et
1498 3084 1698 3138 colant.
1728 3083 1880 3150 Quod

1983 3109 2124 3163 τριοι
2146 3130 2163 3156 ,
2202 3092 2422 3147 πάντων
2448 3090 2651 3144 τούτων
2685 3088 2858 3160 λήθην
2901 3087 3179 3151 λαθόντες,
3212 3086 3307 3138 καὶ
3343 3083 3410 3137 τὰ
3445 3081 3564 3136 ὦτα

310 3176 577 3246 deinceps
605 3173 781 3231 deifer
821 3174 1084 3244 propheta
1115 3174 1362 3244 subjicit,
1394 3174 1553 3244 quale
1592 3183 1884 3243 quantum-

309 3282 414 3338 que
440 3269 561 3322 est!
599 3265 671 3320 Et
718 3276 1054 3338 peccatorum
1079 3282 1263 3321 eorum
1314 3266 1538 3320 ulterius
1571 3281 1675 3320 non
1708 3281 1883 3320 recor-

309 3359 477 3413 dabar
512 3357 579 3412 “.
633 3357 747 3414 Hoc
793 3362 910 3413 loco
947 3372 1101 3413 mens
1132 3358 1293 3430 223
1324 3357 1561 3422 vacillat,
1610 3356 1888 3427 multaque

309 3450 668 3521 perplexitate
717 3450 965 3519 laborat,
1007 3459 1324 3518 mutumque
1374 3449 1556 3517 potius
1600 3449 1879 3503 silentium

309 3552 597 3612 praeoptat,
628 3543 757 3614 quia
795 3544 864 3597 ad
918 3540 1352 3598 inextricabilem
1383 3542 1689 3597 divinorum
1737 3539 1885 3606 judi-

312 3636 525 3690 ciorum
574 3635 939 3707 labyrinthum
998 3633 1236 3691 devenit.
1288 3634 1525 3691 Unicum
1582 3648 1710 3689 vero
1773 3648 1887 3703 per-

312 3726 557 3795 plexitati
607 3741 720 3781 sua:
750 3728 957 3783 exitum
989 3728 1212 3795 reperit,
1245 3736 1302 3781 ut
1360 3740 1552 3794 nempe
1589 3740 1711 3781 cum
1754 3725 1888 3780 inef-

313 3817 561 3873 fabilium
593 3833 772 3873 rerum
821 3826 1131 3889 spectatore
1154 3829 1208 3873 et
1246 3829 1418 3889 mysta
1444 3820 1589 3875 dicat
1617 3836 1633 3874 :
1678 3818 1723 3874 0
1753 3818 1883 3873 alti-

314 3910 443 3966 tudo
475 3909 784 3964 divitiarum
815 3919 864 3964 et
906 3911 1180 3978 sapientia:
1219 3921 1270 3966 et
1291 3912 1523 3965 scientia:
1552 3912 1688 3964 Dei!
1724 3926 1885 3981 quam

310 4000 683 4054 inserutabilia
720 4009 846 4055 sunt
863 4001 1078 4070 judicia
1104 4000 1243 4070 ejus,
1273 4011 1321 4056 et
1357 3992 1738 4071 insestigabiles
1789 4003 1889 4057 uite

314 4092 429 4162 ejus
463 4091 547 4147 “l

1980 3185 2075 3237 καὶ
2134 3185 2263 3246 τοὺς
2317 3182 2631 3252 ὀφθαλμοὺς
2688 3182 2788 3252 τῆς
2839 3179 3069 3251 καρδίας
3123 3179 3261 3250 πρὸς
3315 3174 3382 3231 τὰ
3416 3174 3562 3228 οὕτω

1982 3276 2158 3330 σεπτὰ
2188 3276 2284 3329 καλ⁸
2312 3274 2621 3343 ἀξιάγαστα
2666 3272 2856 3336 κακῶς
2884 3270 3269 3341 ἁπομύσαντες
3287 3311 3302 3335 ,
3327 3270 3356 3322 ὅ
3384 3283 3438 3320 τι
3466 3268 3564 3320 καὶ

1983 3367 2269 3438 βούλονται
2316 3367 2796 3438 προσκυνείτωσαν
2839 3367 2936 3419 καὶ
2979 3361 3369 3416 σεϐέσθωσαν·
3400 3359 3464 3412 τὸ
3502 3358 3565 3411 δὲ·

1982 3458 2111 3528 ἑξῆς
2161 3458 2242 3530 τῷ
2291 3457 2536 3530 θεοφόρῳ
2572 3458 2971 3529 προσκείμενον
3021 3455 3211 3525 ἡλίκον
3259 3454 3356 3505 καὶ
3393 3454 3560 3515 ὄσον;

1987 3551 2096 3605 Καί
2126 3551 2246 3605 τῶν
2270 3550 2569 3623 ἁμαρτιῶν
2600 3548 2796 3604 αὐτῶν
2819 3550 2890 3603 οὐ
2919 3547 3005 3616 μὴ
3027 3545 3279 3616 μνησθῶ
3305 3545 3414 3599 ἔτι.
3473 3541 3562 3595 Ἐν

1987 3640 2202 3703 τούτοις
2237 3641 2545 3711 ἰλιγγιάσας
2572 3644 2601 3694 ό
2636 3639 2783 3704 νοῦς,
2807 3640 2902 3693 καὶ
2927 3638 3147 3710 ἀπορίᾳ
3167 3636 3335 3706 πολλῇ
3364 3650 3562 3704 συσχε-

1988 3733 2133 3799 θεὶς,
2180 3734 2275 3787 καὶ
2314 3731 2614 3802 ἀφθεγξίαν
2655 3733 2856 3803 μᾶλλον
2884 3731 2987 3785 καὶ
3023 3728 3233 3800 σιωπὴν
3286 3727 3566 3798 προτιμήο

1988 3842 2108 3890 σας,
2134 3825 2277 3896 πρὸς
2297 3824 2358 3878 τὸ
2381 3823 2716 3895 ἀδιεξίτητον
2737 3821 2847 3877 τῶν
2868 3821 3029 3876 θείων
3053 3838 3145 3891 κρι
3154 3821 3337 3890 μάτων
3357 3818 3563 3888 ᾗκιστα

1987 3918 2377 3987 ἐφικνούμενος
2399 3931 2414 3947 ·
2462 3915 2594 3987 μίαν
2624 3915 2688 3985 δὴ
2716 3914 2923 3985 ταύτην
2956 3914 3051 3967 καὶ
3082 3912 3250 3983 μόνην
3273 3908 3385 3963 τῶν
3419 3908 3562 3966 ἀπό-

1990 4026 2098 4080 ρων
2123 4008 2336 4078 ἐξεύροι
2382 4008 2448 4061 ἂν
2477 4009 2723 4079 μηχανὴν
2742 4048 2759 4073 ,
2789 4006 2867 4078 τῷ
2901 4004 3010 4058 τῶν
3036 4005 3365 4076 ἀπορρήτων
3395 3999 3563 4070 θεατῇ

1987 4100 2083 4154 καὶ
2115 4098 2291 4172 μύστῃ
2322 4099 2829 4170 συμφθεγγόμενος
2859 4098 2928 4153 Ὦ
2953 4096 3149 4163 ,ϐάθος
3175 4095 3444 4149 πλούτου
3466 4091 3562 4144 καί

309 4158 554 4254 ἀοφίας,
586 4184 780 4255 λέγων,
811 4185 909 4241 καί
937 4158 1216 4255 γνώσεώς
1246 4186 1394 4241 Θεοῦ
1418 4187 1438 4242 .'
1465 4184 1544 4253 ὡς
1604 4164 2043 4260 ἀνεξερεύνητα
2220 4158 2491 4263 -νὲρίμιὲτὶι
2528 4158 2718 4249 άὸτὲῦ
2738 4233 2755 4260 ,
2787 4158 2901 4247 καὶ
2956 4158 3433 4258 ⁷ἀνείῖιχνίασντοι
3505 4188 3564 4239 ai

309 4275 441 4330 ὁδοί
471 4276 699 4333 aurai}!

383 4372 473 4427 55.
498 4370 626 4425 llaec
651 4370 809 4425 nobis
844 4368 1103 4425 Servator
1130 4383 1228 4439 per
1272 4368 1511 4440 divinam
1553 4368 1693 4423 sacri
1730 4366 1880 4422 lava—
1913 4372 1960 4429 Ι)

310 4463 391 4518 cri
423 4463 825 4532 generationem
856 4460 1082 4530 largitus
1113 4467 1221 4522 est,
1262 4459 1315 4512 in
1346 4473 1454 4525 quo
1487 4457 1646 4527 plena
1683 4472 1881 4528 purga-

313 4554 391 4608 tio
428 4552 784 4625 lustraliaque
821 4550 1123 4605 animarum
1154 4547 1236 4615 ﬁt,
1270 4556 1325 4602 et
1349 4563 1379 4601 a
1414 4548 1651 4617 peccatis
1682 4546 1883 4603 libera-

313 4643 410 4700 tio.
446 4644 563 4700 Has
584 4658 688 4714 ego
714 4656 877 4699 voces
913 4639 1130 4713 plurimi
1167 4638 1334 4704 facio,
1371 4639 1467 4692 has
1502 4637 1802 4706 amplector
1830 4644 1887 4693 et

310 4749 473 4802 amo;
518 4736 647 4805 quia
710 4735 845 4790 mihi
895 4735 1056 4790 dulce
1108 4746 1197 4789 est
1223 4742 1388 4801 atque
1419 4730 1724 4799 jucundum
1784 4731 1884 4787 has

311 4838 495 4883 mente
520 4828 823 4893 reuoluere,
851 4836 905 4883 et
937 4828 1024 4883 his
1051 4825 1354 4898 cogitandis
1383 4823 1667 4880 alacritate
1697 4825 1886 4891 reple~

314 4920 383 4983 ri,
417 4925 472 4974 et
499 4916 926 4973 consolator-ium
957 4926 1307 4987 peccatorum
1346 4916 1593 4972 invenire
1628 4916 1883 4985 pharma-

304 5026 457 5075 ‘cum,
505 5010 652 5065 etad
698 5010 895 5064 bonam
928 5022 1078 5079 spem
1132 5010 1291 5080 erigi,
1341 5018 1400 5065 et
1449 5008 1885 5078 desperationem

309 5103 567 5172 abjicere,
614 5101 821 5172 Deique
867 5102 1261 5172 benignitatem
1325 5117 1390 5158 ae
1445 5100 1877 5157 misericordiam

309 5209 663 5267 cognoscere.
724 5194 938 5250 Etenim
996 5194 1317 5250 delictorum
1359 5194 1691 5250 oblivionem
1726 5194 1884 5248 nobis

309 5296 722 5358 repraesentant,
772 5297 827 5344 et
870 5286 1279 5343 misericordem
1310 5297 1474 5356 atque
1508 5285 1878 5356 indulgentem

2056 4373 2158 4436 vf.
2188 4367 2373 4422 Ταῦτα
2402 4367 2491 4422 διὰ
2525 4369 2626 4437 τῆς
2655 4365 3000 4435 θεογενεσίας
3032 4364 3124 4418 τοῦ
3157 4364 3305 4417 θείου
3334 4364 3562 4436 λουτροῦ

1980 4460 2012 4513 ὁ
2049 4458 2243 4531 Σωτὴρ
2272 4461 2403 4531 ἡμῖν
2424 4458 2738 4530 ἐχαρίσατο,
2773 4456 2936 4529 suo.»
2969 4455 3211 4525 παντελῆ
3240 4456 3332 4509 καὶ
3359 4454 3563 4527 κάθαρ-

1983 4563 2069 4601 σιν
2091 4547 2202 4600 τῶν
2224 4547 2413 4617 ψυχῶν
2430 4547 2665 4617 ἔχοντος,
2689 4546 2907 4600 καὶτῶν
2920 4544 3336 4616 ἁμαρτημάτων
3352 4543 3561 4597 ἐλευθε-

1986 4642 2108 4714 ρίαν
2129 4640 2474 4712 είσφέροντος
2492 4657 2508 4672 ·
2530 4638 2732 4703 ταύτας
2754 4638 2929 4708 ἔγωγε
2951 4639 3051 4702 τὰς
3069 4636 3273 4706 φωνὰς,
3301 4636 3494 4690 πολλοῦ
3505 4649 3571 4703 γε

1983 4731 2051 4787 ἂν
2086 4729 2461 4802 τιμησαίμην,
2489 4729 2693 4793 ταύτας
2720 4727 3162 4800 περιπτύσσομαι
3204 4726 3299 4779 καὶ
3329 4725 3565 4789 ἀσπάζου

1992 4840 2111 4897 μαι,
2129 4823 2207 4887 ὡς
2221 4821 2324 4894 ἡδύ
2346 4822 2544 4894 μοικαὶ
2571 4820 2760 4891 χαρίεν
2777 4821 2856 4883 είς
2881 4821 3104 4889 μνήμην
3130 4819 3342 4871 τούτων
3357 4815 3559 4874 ἵεσθαι,

1990 4916 2086 4971 καὶ
2117 4916 2325 4980 ταύτας
2355 4912 2813 4984 ἀναλαμϐάνοντα
2842 4909 3156 4981 προθυμίας
3200 4905 3563 4979 πληροῦσθαι,
3585 4976 3600 4989 .

1991 5010 2086 5064 καὶ
2135 5006 2492 5079 παραμυθίας
2518 5005 2627 5059 τῶν
2659 5003 3068 5075 ἡμαρτημένων
3101 5001 3381 5072 εὑρίσκειν
3422 4998 3563 5068 φάρ-

1995 5117 2199 5173 μακον,
2226 5099 2324 5152 καὶ
2354 5097 2489 5170 πρὸς
2515 5096 2760 5169 χρηστὰς
2789 5093 3163 5163 ἐπανάγεσθαι
3190 5091 3291 5155 τὰς
3319 5087 3563 5151 ἐλπίδας,

1957 5180 1969 5197 ”
1991 5195 2087 5249 καὶ⁹
2125 5192 2486 5261 καταφρονεῖν
2530 5188 2929 5256 ἀπογνώσεως,
2968 5187 3063 5240 καὶ¹
3098 5182 3405 5256 μανθάνειν,
3428 5181 3568 5235 Θεοῦ

1993 5283 2409 5357 φιλανθρωπίαν
2438 5283 2535 5336 καὶ
2580 5281 2764 5337 ἔλεον
2817 5280 3122 5351 ἀμνηστίαν
3158 5277 3270 5348 γὰρ
3318 5276 3429 5329 τῶν
3466 5291 3569 5327 πε-

309 5377 600 5440 Dominum
663 5383 1094 5452 Creatoremque
1153 5383 1568 5449 demonstrant;
1629 5389 1795 5449 atque
1829 5387 1884 5434 ut

1994 5376 2476 5449 πλημμελημένων
2530 5376 2664 5445 ἡμῖν
2714 5372 3093 5437 ὑποτίθενται,
3150 5370 3310 5423 θεῶν
3359 5386 3417 5423 τε
3471 5369 3573 5422 καὶ⁸

312 5472 555 5532 breviter
586 5477 766 5533 dicam
821 5476 1016 5535 salutis
1043 5475 1202 5533 nobis
1220 5474 1478 5530 datorem
1502 5474 1733 5530 suadent
1764 5488 1884 5527 esse

1997 5467 2355 5542 συγγνώμονα
2402 5470 2493 5524 τὸν
2551 5466 2829 5537 Δεσπότην
2900 5466 2994 5520 καὶ
3062 5460 3305 5535 Ποιητὴν
3367 5459 3568 5515 διαδει-

383 5630 430 5665 ⁸⁸
463 5630 606 5688 Psal.
636 5646 724 5702 εν,
751 5634 809 5688 9..
886 5634 932 5667 ”
965 5631 1164 5691 Jerem.
1202 5646 1352 5696 xxxt,
1382 5631 1471 5686 36.
1550 5630 1594 5662 ³⁸
1633 5627 1792 5686 Rom.
1815 5644 1894 5697 xi,
1926 5629 2016 5684 55.
