3812 6198
163 357 255 420 725

958 360 1529 424 APOLOGETICUS
1568 363 1718 425 Puo
1756 365 2019 429 SACRIS
2054 358 2536 435 lMAGINIBUS.

3254 371 3356 434 726

165 464 352 520 κνύουσι
373 479 386 494 ⁸
414 461 586 517 καὶτὸ
621 464 730 518 πᾶν
762 463 961 532 εἰπεῐν,
979 468 1258 537 σωτηρίας
1292 469 1425 538 ήμτν
1459 470 1695 541 χορηγὸν

1814 485 2038 530 tostrum
2091 475 2480 546 legislaturem.
2533 476 2661 534 Haec
2682 487 2805 534 sunt
2863 478 2996 551 legis
3055 492 3253 538 nostra:
3298 502 3365 541 se

162 561 235 614 τὸν
276 557 524 630 ήμὲτερον
565 556 864 629 νομοθέτην
902 558 1290 628 εἰσηγοῦνται·
1330 559 1558 615 τοιαῦτα
1591 560 1688 615 τοῦ

163 650 261 704 καθ’
288 650 425 720 ἡμᾶς
446 646 609 718 νόμου
636 648 733 703 καὶ
764 649 1060 719 νομοθέτου
1082 649 1152 704 τὰ
1178 651 1572 721 ἐπαγγέλματα
1595 653 1691 707 καὶ

161 740 462 809 διδάγματα·
489 739 538 792 εἰ
570 737 629 792 δέ
659 756 712 791 τι
745 739 854 812 χρὴ
894 740 1370 811 μουσουργοῦντα.
1408 741 1693 812 τὸνλόγον

164 828 511 899 ἰπιχρωννύειν
546 847 606 883 τε
660 830 758 884 καὶ
806 831 1250 885 καταποικίλλειν
1298 832 1377 896 ὡς
1426 832 1691 902 μάλιστα,

162 922 235 975 καὶ
263 924 372 983 ταῖς
392 920 602 974 πλείοσι
639 920 749 974 τῶν
779 921 1060 994 θεηγόρων
1094 922 1412 993 διακοσμεῖν
1448 928 1689 992 φωναῖς,

162 1012 375 1081 καθάπερ
391 1011 569 1066 εἰκόνα
591 1011 764 1082 καλήν
783 1028 842 1065 τε
860 1013 955 1065 καὶ
969 1015 1221 1085 ἐκπρεπῆ
1236 1016 1285 1067 οἱ
1306 1014 1694 1086 ἐμπειρότατοι

161 1104 246 1158 τῶν
262 1104 551 1173 ζωγράφων
570 1105 892 1174 ἀποφαίνειν
909 1105 1386 1175 ὲκμηχανώμενοι,
1402 1105 1555 1170 ὕλαις
1573 1108 1694 1170 ταῖς

161 1194 505 1265 φαιδροτέραις
549 1195 641 1249 καὶ
686 1194 945 1267 χρώμασι
986 1195 1097 1250 τῶν
1145 1195 1583 1269 διαφανεστέρων
1633 1193 1692 1252 εὖ

163 1285 283 1354 μάλα
305 1284 397 1355 τὴν
427 1287 752 1355 ἐπιφάνειαν
792 1286 1180 1351 ἐπανθίζοντες
1199 1326 1214 1351 ,
1248 1287 1606 1358 ἐξωραῖζουσί
1636 1305 1694 1341 τε

161 1377 238 1428 καὶ
267 1374 607 1450 άγλατζουσιν
626 1416 644 1441 ,
688 1375 765 1440 ὡς
793 1375 861 1431 ἂν
898 1376 959 1430 τὺ
998 1377 1239 1448 ἐμφερὲς
1268 1379 1348 1439 εἰς
1381 1377 1444 1430 τὸ
1471 1376 1695 1448 ἀκριδὲ-

163 1482 331 1537 στιρον
361 1465 683 1531 διασώζοιτο
705 1482 723 1498 ο
768 1467 865 1522 καὶ
887 1468 998 1539 γὰρ
1026 1467 1117 1521 διὰ
1143 1466 1252 1521 τῶν
1280 1468 1508 1521 εἰκόνων
1526 1508 1541 1533 ,
1584 1468 1696 1521 τῶν

160 1554 325 1625 ἀρχετύ
336 1574 441 1610 πων
467 1558 603 1627 ήμῖν
625 1560 659 1628 ή
700 1558 905 1628 γνῶσις
931 1559 1231 1628 ἐγγίνεται.
1265 1558 1376 1613 Καὶ
1401 1558 1559 1621 ἄλλος
1588 1558 1697 1611 τῶν

162 1646 435 1716 θεολήπτων
468 1648 786 1721 κεκλήσθω,
813 1654 927 1714 τοῖς
952 1652 1392 1724 προηγορευκόσι
1443 1650 1699 1721 συμφρά·

162 1735 285 1806 δμων
308 1738 585 1808 ἐσόμενος,
605 1741 699 1794 καὶ
716 1741 781 1810 δὴ
805 1743 901 1796 καὶ
927 1742 1142 1812 άφξχθω
1167 1742 1270 1795 ἀνά
1296 1742 1390 1796 τὸν
1420 1743 1564 1813 ἰερδν
1576 1757 1697 1796 του-

1798 563 2122 633 legislatnris
2170 574 2434 636 praecepta
2464 576 2521 622 et
2566 568 2855 623 doctrinm.
2904 569 3058 637 Quod
3116 570 3162 626 si
3225 571 3363 629 forte

1799 663 2018 722 oportet
2048 662 2263 726 poetico
2297 672 2463 729 prope
2519 672 2668 714 more
2698 661 2997 717 orationem
3036 663 3281 720 colorare
3315 675 3369 720 et

1799 745 2089 815 plurimum
2127 749 2361 816 variare,
2391 749 2685 820 multisque
2714 752 3089 822 deiloquorum
3122 755 3361 811 virorum

1799 851 1997 891 ornare
2022 839 2267 903 vocibus,
2295 839 2456 895 veluti
2481 842 2761 912 pulchram
2788 845 3151 915 decorumque
3177 847 3369 918 imagi-

1801 942 1922 982 nem
1953 928 2268 997 peritissimi
2309 930 2546 998 pictores
2578 932 2838 989 exhibere
2871 942 3084 1000 curant,
3122 939 3367 993 materiis

1800 1026 2062 1085 quantum
2092 1016 2206 1073 ﬂeri
2257 1028 2433 1088 potest
2473 1021 2803 1092 splendidis,
2826 1024 3098 1080 coloribus
3128 1025 3369 1083 clarissi-

1802 1108 1906 1162 mis
1935 1110 2150 1179 egregie
2209 1110 2447 1165 tabulam
2505 1113 2830 1179 animantes,
2867 1126 3264 1186 venustantque
3314 1128 3369 1174 et

1801 1199 2130 1265 exhilarant,
2193 1210 2250 1255 ut
2293 1203 2591 1259 similitudo
2646 1207 2954 1264 accuratior
2982 1207 3113 1274 ﬂat;
3164 1211 3365 1265 etenim

1801 1304 1866 1344 ex
1899 1290 2228 1359 imaginibus
2274 1292 2566 1363 archetypa
2616 1294 2774 1351 nobis
2814 1296 3202 1361 innotescunt;
3232 1299 3370 1353 alius

1804 1382 1984 1449 itaque
2022 1380 2410 1451 inspiratorum
2452 1384 2690 1438 virorum
2735 1386 3049 1452 advocatur,
3100 1390 3372 1459 qui‘pre-

1802 1473 1962 1527 dictis
2012 1487 2319 1531 consonans
2384 1475 2496 1541 ﬁat,
2555 1476 2740 1530 veniat
2796 1476 3001 1533 scilicet
3044 1480 3097 1534 in
3150 1482 3366 1535 sacrum

1802 1559 2130 1617 deiferorum
2155 1563 2345 1617 borum
2374 1573 2597 1630 castum,
2629 1572 2684 1619 et
2706 1565 2808 1619 hoc
2839 1565 3081 1620 divinent
3126 1560 3359 1623 stadium

1804 1652 2158 1720 ingrediatur,
2187 1653 2455 1722 simulque
2479 1668 2707 1722 agonem
2731 1666 2976 1725 peragat,
3005 1656 3395 1727 coniiciatque'

1805 1743 2020 1812 pietatis
2046 1744 2261 1799 diaulon
2291 1744 2381 1799 ille
2417 1745 2772 1815 mysticarum
2811 1747 3179 1817 mirarumqne
3205 1749 3391 1805 visio'r

161 1829 266 1880 τωνί
285 1827 383 1880 τῶν
411 1826 691 1899 θεοφόρων
715 1831 1029 1903 τὸνὸμιλον,
1061 1832 1159 1887 καὶ
1184 1814 1516 1904 εἰσερχέσθω
1543 1831 1694 1886 τουτὶ
1724 1880 1725 1883 η

1814 1848 1926 1887 tum
1957 1841 2012 1888 et
2039 1833 2335 1889 cmlestium
2387 1814 2712 1903 potestatum
2758 1847 3032 1906 spectator
3054 1814 3118 1893 ac
3162 1848 3362 1910 mysta,

159 1918 207 1970 τὸ
233 1918 444 1984 θεοειδὲς
488 1921 737 1993 στάδιον,
774 1923 870 1976 καὶ
905 1924 1311 1995 συνδιαφερέτω
1346 1924 1438 1978 τὸν
1475 1924 1697 1993 ἀγῶνα,

160 2011 235 2065 καὶ
262 2010 628 2078 συνεξανυέτω
661 2015 765 2084 τῆς
794 2015 1078 2080 εὐσεϐείας
1117 2016 1209 2071 τὸν
1252 2017 1468 2071 δίαυλον
1498 2018 1701 2081 ἐκεῖνος

159 2102 294 2157 ότῶν
314 2102 631 2175 θεομύστων
656 2106 753 2160 καὶ
780 2108 1103 2178 παραδόξων
1126 2107 1450 2175 ὲποτιτειῶν,
1475 2109 1567 2163 καὶ
1592 2107 1700 2164 τῶν

162 2196 258 2248 κατ’
278 2196 540 2269 οὐρανοὺς
573 2198 860 2268 δυνάμεων
890 2200 1091 2273 θεωρός
1118 2218 1178 2255 τε
1209 2203 1305 2256 καὶ
1336 2203 1578 2274 μύστης,
1608 2204 1702 2258 καὶ

160 2289 476 2356 προσκείσθω
508 2292 626 2353 τοῖς
665 2293 1142 2364 προπεπονήκόσιν
1182 2297 1262 2359 εἰς
1300 2295 1391 2348 τὸν
1426 2288 1576 2349 οἷκον
1604 2295 1702 2366 τῆς

160 2379 351 2449 σοφίας,
377 2381 495 2435 τῶν
522 2382 824 2451 ἐξαγίστων
851 2384 1202 2456 θριαμϐεύων
1227 2386 1287 2440 τὸ
1314 2386 1574 2452 δυσσεᾶὲς
1607 2388 1703 2442 καὶ

160 2470 443 2542 παράνομον
467 2512 484 2537 ,
541 2474 694 2537 ὅπως
742 2475 877 2544 μηδὲ
938 2476 1102 2540 αὐτὸς
1163 2477 1258 2531 τοῦ
1308 2478 1457 2533 θείου
1510 2479 1700 2533 τούτου

162 2560 384 2631 συλλόγου
454 2564 919 2634 ὰπολιμπάνοιτο,
982 2569 1278 2639 συνηχήσει
1336 2569 1393 2623 δὲ
1454 2570 1702 2642 καθάπερ

160 2652 390 2725 πλήκτρῳ
438 2654 525 2725 τῷ
558 2653 687 2724 θείῳ
713 2656 1042 2728 κρουόμενος
1082 2660 1396 2729 [Ινεύματι.
1433 2661 1527 2715 καὶ
1567 2662 1704 2730 ἄγαν

157 2743 353 2810 ἀστείως
392 2749 515 2810 τοῖς
563 2746 806 2813 ἰσοκλεὲς
848 2749 1073 2819 λαχοῦσι
1106 2750 1168 2804 τὸ
1201 2751 1444 2825 χάρισμα
1480 2752 1706 2820 θεοφάνο

157 2852 302 2907 τορσι,
323 2840 412 2891 καὶ
455 2839 520 2909 δὴ
554 2840 649 2892 καὶ⁸
672 2840 859 2910 ⁸λέξεν
896 2839 1041 2897 Τάδε
1071 2841 1236 2911 λέγει
1265 2842 1511 2911 Κύριος’
1559 2842 1706 2896 Ἰδοὺ

154 2925 248 2995 ἆτὼ
271 2928 557 3000 λαμϐάνω
579 2929 779 2984 πάντα
798 2926 967 2985 οἷκον
1009 2930 1264 3001 Ἰσραὴλ
1289 2933 1354 2986 ἐκ
1369 2932 1561 3002 μέσου
1589 2934 1709 2989 τῶν

156 3018 338 3086 ἐθνῶν,
370 3018 455 3078 οὗ
480 3022 862 3088 εἰσήλθοσαν
900 3023 1045 3091 ἐκεῖ,
1084 3023 1186 3080 καί
1213 3025 1462 3090 συνάξω
1488 3027 1709 3095 αὐτοὺς

1802 1924 2004 2003 ﬁatque
2055 1924 2481 1980 additamentum
2524 1927 2593 1984 iis
2627 1942 2747 1995 quas
2803 1938 2967 1984 antea
2998 1929 3053 1983 in
3084 1930 3366 1998 sapientia

1802 2018 1962 2072 domo
1989 2014 2263 2072 elaborata
2291 2016 2463 2081 fuere,
2489 2017 2663 2089 deque
2697 2019 2892 2077 horum
2923 2019 3367 2076 detestandorum

1803 2109 2082 2178 impietate
2108 2123 2174 2164 ac
2204 2108 2442 2177 nequitia
2476 2109 2791 2177 triumphet,
2824 2119 2883 2164 ut
2909 2124 2976 2165 ne
3007 2111 3122 2180 ipse
3153 2110 3371 2180 quidem

1803 2200 1859 2254 in
1884 2199 1987 2254 hoc
2016 2214 2173 2255 sacro
2200 2198 2818 2269 collegio'desideretur,
2842 2201 2950 2255 imo
2982 2209 3223 2263 assonet,
3254 2200 3372 2271 ple-

1802 2300 1920 2346 ctro
1950 2291 2113 2347 veluti
2149 2301 2306 2347 utens
2337 2292 2519 2347 divino
2555 2289 2782 2361 Spiritu,
2810 2292 3049 2346 suaviter
3074 2291 3366 2367 admodum

1805 2384 2234 2453 czeterisparem
2265 2385 2496 2455 gratiam
2530 2384 2747 2441 sortitis
2765 2384 2999 2444 vatibus.
3030 2392 3191 2453 atque
3207 2383 3373 2438 dicat.

1807 2471 1938 2528 Hm
1954 2475 2028 2527 ait
2058 2472 2314 2528 Dominus
2336 2490 2355 2529 :
2378 2472 2512 2528 Ecce
2540 2490 2635 2545 ego
2661 2474 2814 2543 capio
2838 2474 3136 2527 universam
3152 2471 3374 2525 domum

1811 2562 2031 2621 lsraelis
2068 2580 2135 2618 ea:
2190 2565 2362 2618 medio
2393 2566 2650 2633 gentium,
2711 2564 2780 2619 ad
2832 2579 2968 2632 quas
3013 2570 3284 2625 venerunt,
3327 2570 3375 2614 et

1805 2657 2127 2730 congregabo
2165 2673 2253 2713 eos
2307 2673 2373 2711 ea:
2405 2659 2609 2714 cunctis
2665 2656 2907 2725 finitimis
2939 2656 3201 2725 ipsorum,
3228 2663 3278 2708 st
3317 2654 3372 2706 in

1807 2750 2066 2817 regionem
2094 2745 2314 2813 Israelis
2347 2749 2614 2812 reducam,
2656 2747 2953 2818 faciamque
3000 2763 3113 2802 eos.
3126 2743 3376 2815 populum

1808 2842 1864 2896 in
1893 2850 2032 2894 terra
2062 2856 2176 2919 mea
2209 2851 2255 2896 et
2291 2841 2347 2894 in
2377 2840 2640 2894 montibus
2672 2838 2893 2894 Israelis
2914 2839 2981 2892 ³⁸.
3017 2838 3169 2904 Quod
3200 2836 3380 2904 itaque

1808 2932 1965 2987 divus
1996 2932 2084 2986 hic
2116 2932 2411 3002 propheta,
2466 2930 2648 2985 divina
2693 2937 2971 3000 permotus
3000 2928 3195 2996 gratia,
3227 2940 3380 2980 com-

1811 3023 1991 3077 munis
2045 3023 2217 3076 nostri
2261 3021 2569 3079 Servatoris
2608 3019 2812 3077 Christi
2852 3016 3243 3077 incarnationis
3288 3016 3376 3070 his

154 3110 251 3166 ἀπὸ
290 3114 542 3167 πάντων
570 3111 692 3171 τῶν
736 3116 1076 3184 περικύκλῳ
1110 3114 1328 3183 αὐτῶν,
1364 3119 1461 3172 καί
1490 3119 1710 3185 εἰσάξω

1814 3116 1993 3170 verbis
2044 3114 2326 3185 perspicue
2377 3113 2696 3185 mysterium
2763 3112 3063 3176 describat,
3111 3108 3382 3163 neminem

155 3198 347 3271 αὖτοὺς
378 3208 481 3271 εις
514 3206 633 3274 τὴν
660 3204 780 3275 τῆν
815 3207 923 3261 τοῦ
974 3207 1244 3277 Ἰσραὴλ,
1276 3209 1372 3263 καί
1402 3208 1573 3264 δώσω
1600 3212 1708 3264 αὺ-

156 3293 274 3359 τοὺς
300 3299 383 3364 εἰς
416 3297 607 3362 ἔθνος
637 3295 712 3365 τῆ
750 3296 828 3368 τῇ
869 3316 1026 3367 μου,
1071 3300 1169 3353 καὶ
1216 3298 1287 3354 ἐν
1330 3300 1458 3368 τοῖς
1508 3300 1713 3370 ὄρεσιν

168 3383 427 3456 Ἰσραήλο
467 3389 557 3451 ,ὅτι
601 3386 701 3458 μὲν
729 3385 822 3442 οὖν
850 3384 1006 3453 οὗτος
1038 3392 1067 3444 ό
1097 3390 1244 3455 θεῖος
1274 3394 1559 3464 προφήτης
1594 3392 1716 3465 θείᾳ

160 3476 460 3547 κινούμενος
491 3480 702 3551 χάριτι,
742 3482 841 3552 τῆς
876 3480 972 3535 τοῦ
1008 3483 1225 3537 πάντων
1258 3484 1511 3557 Σωτῆρος
1557 3486 1716 3556 ήμῶν

160 3566 371 3637 Χριστοῦ
402 3560 757 3642 οἰκονομίας,
809 3574 898 3628 διὰ
941 3574 1147 3643 τούτων
1198 3577 1334 3647 ήμῖν
1368 3576 1493 3629 μτῶν
1541 3575 1717 3645 λόγων

158 3657 377 3731 ἐναργῶς
401 3664 835 3735 προῦπογράφει
861 3665 922 3718 τδ
946 3667 1264 3736 μυστήριον,
1289 3666 1390 3721 οὐκ
1416 3661 1569 3737 οῐμαί
1595 3684 1718 3722 τινα

159 3748 249 3801 τῶν
274 3753 394 3807 νοῦν
442 3752 678 3824 ἐχόντων
725 3756 972 3826 ἁντερείν
992 3771 1007 3788 ο
1040 3756 1409 3833 συμπνεύσειε
1440 3756 1549 3828 γάρ
1593 3756 1720 3811 κάν-

160 3841 312 3897 ταῦθα
356 3848 478 3909 τοῖς
525 3846 935 3918 προειληφόσι,ι
974 3850 1069 3904 καὶ
1108 3849 1282 3921 ταύτῃ
1327 3851 1462 3924 μηδὲ
1518 3849 1717 3922 πολλῆς

160 3930 351 3989 δεῖσθαι
393 3936 503 4007 τῆς
539 3937 648 3990 τῶν
684 3941 1069 4010 προκειμένων
1120 3942 1578 4011 ἁνακαθάρσεως,
1624 3938 1720 3996 καὶ⁵

164 4027 344 4097 συχνῆς
374 4029 484 4098 τῆς
515 4029 604 4082 διὰ
649 4029 827 4098 λόγων
872 4030 1258 4097 ἀναπτύξεως,
1309 4032 1574 4094 πολλάκις
1611 4032 1721 4087 τῶν

161 4117 400 4172 τοιούτων
444 4120 542 4172 καὶ
584 4120 788 4190 ὁμοίων
822 4122 880 4174 ὲν
921 4122 1034 4185 τοῖς
1072 4121 1383 4193 ἔμπροσθεν
1413 4122 1721 4188 διεξοδικώ-

161 4222 305 4277 τερον
326 4210 827 4282 προεξητασμένων
842 4230 858 4261 .-
879 4212 992 4266 ἀλλ’
1016 4214 1207 4285 ἐπειδὴ
1230 4213 1409 4268 ταῦτα
1434 4214 1725 4287 ἰστορικῶς

162 4296 543 4373 ἐξειλημμένα,
571 4302 653 4374 τῷ
677 4304 818 4358 κατὰ
846 4307 1031 4376 σάρκα
1078 4305 1297 4377 Ἰσραὴλ
1327 4304 1721 4377 ἐφαρμόζεται,

164 4385 228 4448 ὡς
262 4387 326 4441 ἂν
380 4391 457 4461 μή
499 4408 646 4454 τινες
682 4391 794 4447 τῶν
829 4392 926 4446 νῦν
974 4393 1462 4465 παραδεδεγμένων
1493 4393 1594 4466 τήν
1629 4394 1724 4449 τοῦ

1817 3216 1994 3265 mente
2029 3209 2312 3278 praeditum
2348 3206 2818 3264 contradicturum
2849 3214 2999 3274 puto.
3055 3197 3403 3271 Conspira'nt_

1815 3300 1957 3369 enim
1994 3314 2115 3354 cum
2140 3299 2591 3373 praecedentibus,
2619 3311 2799 3367 neque
2824 3311 2961 3364 opus
2983 3296 3090 3350 erit
3112 3293 3281 3348 multa
3309 3292 3384 3347 rei

1816 3391 2105 3460 proposita:
2146 3389 2512 3446 declarations
2542 3398 2596 3444 et
2622 3388 2881 3444 continua
2920 3401 3017 3456 per
3047 3393 3385 3445 commenta-

1818 3484 1930 3537 rios
1983 3481 2382 3551 explanatione,
2438 3480 2563 3551 quia
2598 3479 2765 3536 multa
2819 3477 2924 3532 alia
2979 3475 3289 3544 huiusmodi
3321 3473 3379 3528 in

1818 3574 2191 3645 superioribus
2224 3570 2469 3628 diﬂ'usius
2503 3572 2748 3642 exposita
2779 3579 2927 3628 sunt.
2962 3568 3066 3625 Sed
3104 3568 3229 3637 quia
3266 3567 3385 3621 haec

1820 3664 2117 3721 secundum
2178 3664 2498 3720 historicum
2573 3678 2793 3718 sensum
2848 3669 3093 3729 accepta,
3182 3653 3387 3713 carnali

1820 3755 2005 3811 lsraeli
2047 3764 2461 3826 congruunt,ne
2493 3756 2584 3824 qui
2635 3754 2779 3810 forte
2825 3768 3039 3817 eorum,
3097 3749 3190 3821 qui
3245 3763 3389 3803 nunc

1822 3847 2059 3903 Iudaica:
2112 3848 2311 3902 mentis
2364 3847 2667 3902 crassiticm
2721 3846 3074 3915 adoptarunt,
3129 3841 3390 3897 adversus

1825 3937 2079 4007 praedicta
2119 3938 2461 4007 impudenter
2477 3951 2537 3991 se
2563 3934 2833 3998 attollant,
2862 3931 3021 3988 oﬂlcii
3060 3930 3230 3986 nostri
3265 3942 3388 3984 esse

1816 4030 2204 4096 indicavimus,
2266 4029 2490 4099 vestigia
2549 4027 2751 4098 ubique
2805 4038 3084 4081 sacrorum
3138 4020 3392 4077 Ecclesia:

1827 4124 2209 4192 magistrorum
2252 4121 2548 4185 calcantes,
2599 4128 2791 4175 contra
2841 4118 3059 4172 insanas
3085 4112 3392 4185 stellasque

1827 4214 2138 4269 vecordium
2198 4204 2523 4282 quaestiones
2579 4212 2863 4279 insurgere
2897 4222 2962 4262 ac
2991 4204 3188 4268 dicere,
3251 4201 3393 4273 quod

1828 4304 1943 4358 haec
1969 4296 2271 4358 umbratilia
2318 4303 2450 4372 ipsis
2504 4311 2559 4356 et
2594 4292 2897 4369 figuraliter
2937 4297 3137 4364 scripta
3172 4292 3390 4347 iuerint.

1831 4390 2074 4465 Namque
2104 4405 2159 4451 et
2210 4396 2342 4466 ipsis
2388 4394 2584 4451 divinae
2637 4376 3003 4445 Providentiae
3042 4396 3173 4441 cura
3222 4388 3397 4439 s'emet

175 4477 462 4537 Ἰουδαϊκοῦ
511 4486 867 4557 φρονήματος
908 4485 1192 4557 παχύτητα
1220 4525 1235 4550 ,
1287 4486 1425 4557 πρὸς
1478 4489 1578 4559 τήν
1618 4488 1725 4542 τῶν

1834 4486 2132 4542 revelabat.
2163 4484 2378 4555 Reapse
2410 4486 2591 4539 autem
2648 4494 2882 4550 vereque
2919 4479 3035 4532 haec
3084 4477 3138 4531 in
3175 4472 3396 4530 salutari

166 4579 699 4648 προκεκηρυγμένων
748 4580 1230 4648 ἁπαναισχυντοίεν
1294 4578 1581 4651 ἀλήθειαν,
1644 4582 1727 4646 εἰς

164 4663 272 4718 δέον
300 4669 669 4738 κεκρίκαμεν,
695 4671 756 4723 ἐν
795 4670 929 4723 πᾶσι
956 4670 1078 4723 κατ’
1107 4670 1252 4740 ἴχνος
1281 4670 1392 4724 τῶν
1430 4671 1595 4745 ἱερῶν
1626 4672 1725 4742 τῆς

178 4753 499 4829 Ἐκκλήσίας
538 4757 877 4814 διδασκάλων
916 4758 1194 4830 βαίνοντες
1218 4802 1232 4825 ,
1267 4759 1404 4833 πρὸς
1432 4761 1533 4825 τάς
1566 4762 1725 4833 ἀνοήο

1832 4576 2036 4635 Christi
2074 4577 2284 4633 Domini
2339 4570 2406 4631 ad
2449 4590 2537 4630 res
2574 4575 2843 4629 humanas
2896 4568 3221 4625 demissione
3249 4579 3398 4619 com-

1832 4670 2139 4740 p1ebantur.
2177 4668 2529 4723 Abundanter
2560 4666 2701 4722 enim
2734 4664 2786 4718 in
2817 4678 2916 4717 nos
2937 4658 3053 4714 sua!
3074 4672 3201 4729 erga
3231 4655 3403 4712 homi-

1833 4771 1931 4831 nes
1954 4761 2300 4833 benignitatis
2328 4759 2607 4816 scatebras
2636 4750 2843 4813 etl’udit.

169 4859 279 4910 τους
337 4850 435 4903 καὶ
466 4849 658 4922 μωρὰς
690 4849 800 4905 τῶν
860 4853 1135 4905 ἀσυνέτων
1168 4852 1426 4924 ζητήσεις
1493 4854 1891 4925 ἀνταναστῆναι
1914 4854 2009 4908 καὶ
2068 4853 2261 4923 φάναι,
2309 4844 2501 4922 ὅτιπερ
2547 4852 2622 4915 ὡς
2699 4850 2758 4902 ὲν
2805 4848 2982 4908 σκιαῖς
3034 4843 3127 4896 καὶ
3208 4840 3399 4899 τύποις

168 4939 593 5013 προδιεγράφετο
620 4941 794 4997 ταῦτα
821 4945 917 4997 καὶ
946 4945 1037 4999 ἐπ’
1064 4946 1329 5011 ἐκείνοις⁹
1363 4946 1601 5019 καῖ’γὰρ
1667 4948 1763 5001 καὶ
1800 4946 1887 5001 ἐπ’
1938 4948 2135 5011 αὐτοὺς
2178 4946 2248 5000 τὰ
2287 4942 2386 5015 τῆς
2434 4944 2584 5007 θείας
2622 4932 2970 5013 Κηδεμονίας
3036 4935 3397 4992 διεδείκνυτο’

168 5032 239 5105 τῷ
262 5033 377 5090 ὄντι
403 5038 458 5091 δὲ
490 5032 587 5092 καὶ
610 5041 751 5094 κατὰ
776 5039 1054 5111 ἀλήθειαν,
1082 5043 1175 5096 ἐπὶ
1241 5044 1342 5114 τῆς
1374 5044 1644 5116 σωτηρίου
1675 5042 1768 5095 τοῦ
1842 5042 2116 5095 Δεσπότου
2184 5039 2421 5112 Χριστοῦ
2504 5024 2966 5107 συγκαταϐάσεως
3042 5030 3363 5103 ἐπεραίνετο
3386 5043 3398 5057 ·

170 5130 430 5198 πλουσίως
456 5134 567 5207 γὰρ
597 5135 686 5205 ἐφ’
714 5137 862 5206 ἡμᾶς
883 5137 951 5190 τὰ
978 5137 1079 5206 τῆς
1115 5136 1526 5208 φιλανθρωπίας
1551 5137 1716 5192 αὐτοῦ
1747 5138 2071 5221 ὑπερεξέχεε
2098 5137 2333 5207 νάματα.

233 5221 541 5293 νδ.Συνῆξε
561 5226 673 5294 γὰρ
689 5227 854 5297 ἡμᾶς,
880 5227 1124 5281 τουτέστι
1140 5228 1232 5282 τὸν
1254 5228 1445 5300 νοητὸν
1491 5231 1732 5301 Ἰσραήλ,

171 5312 261 5364 καὶ
286 5312 394 5383 τῆς
423 5315 569 5368 κατὰ
597 5315 695 5368 τὸν
724 5319 1073 5390 πατριάρχην
1108 5318 1368 5391 ’Δύραὰμ
1399 5321 1733 5390 ἐπαγγελίας

171 5396 335 5455 τέκνα
368 5404 831 5475 χρηματίζοντας,
857 5408 953 5461 καὶ
980 5406 1327 5479 ἐλυτρὼσατο
1350 5409 1501 5480 ἡμᾶς
1527 5407 1616 5464 διὰ
1638 5411 1733 5465 τοῦ

171 5493 407 5564 σταυροῦ
433 5495 603 5550 αὐτοῦ
631 5497 699 5550 ἐκ
719 5497 1293 5569 χειρδς”Εχθροῦ,καὶ
1320 5499 1409 5554 διά
1434 5500 1529 5554 τοῦ
1570 5502 1735 5572 εὐαγ-

171 5582 391 5655 γελικοῦ
416 5587 774 5660 κηρύγματος
816 5590 885 5643 ἐκ
907 5590 1016 5645 τῶν
1060 5590 1255 5668 χωρῶν
1310 5594 1608 5665 συνήγαγε,
1644 5595 1737 5649 καὶ

247 5736 297 5769 ⁸⁸
333 5736 529 5799 Kueh.
568 5758 778 5810 xxxvii,
804 5745 894 5800 2|.

1902 5228 1989 5284 54.
2021 5216 2384 5298 Congregavit
2407 5227 2605 5297 quippe
2628 5240 2745 5301 nos,
2775 5226 2826 5279 id
2870 5231 2953 5278 est
2978 5214 3397 5277 intellectualem

1831 5318 2162 5385 Israelem,et
2174 5319 2552 5389 promissionis
2565 5310 2730 5389 22η
2749 5316 3062 5370 Ᾱιηοιιειιιο
3080 5305 3402 5379 patriarcha:

1832 5410 1987 5466 facta:
2016 5406 2177 5475 ii‘lios,
2215 5425 2417 5481 perque
2452 5416 2602 5465 suam
2631 5422 2849 5466 crucem
2892 5406 2958 5460 de
2992 5397 3197 5455 inimici
3233 5411 3394 5450 man"

1832 5504 2052 5574 eripuit,
2088 5510 2142 5560 et
2196 5502 2475 5577 Evangelii
2506 5501 2892 5576 praedicatione
2931 5511 2999 5552 ex
3039 5490 3274 5549 diversis
3317 5504 3404 5545 re-

1834 5597 2085 5667 gionibus
2111 5596 2347 5669 collegit,
2379 5607 2542 5667 atque
2583 5595 2637 5649 in
2663 5588 2878 5647 israelis
2903 5596 3072 5653 terra,
3096 5600 3216 5654 qua:
3242 5579 3404 5638 Chriw
