4054 6204
458 191 566 256 739
652 254 655 257 .
1457 186 1521 246 S.
1562 182 1987 245 NICEPHORI
2026 181 2533 248 PATRIABCHJE
2565 179 2675 241 GP.
3621 174 3735 239 ἨΟ

462 319 562 374 χου
580 298 833 370 γλωσσης
855 295 1036 351 αὐτῶν
1056 292 1497 368 προῖσχομέκων,
1534 291 1608 356 ώς
1636 291 2063 362 βλαϐερωτάτων
2103 291 2196 343 καὶ
2261 289 2628 343 ἀτοπωτάτων
2695 284 3132 359 παραπεμπτέον
3168 298 3183 313 '
3216 282 3272 337 οἷ
3298 298 3364 350 γε
3402 281 3509 352 γὰρ
3559 285 3740 352 ἠρνη-

464 405 620 471 μενοι
641 391 743 467 τῆς
765 394 1127 463 ἀδελφότητος
1147 392 1249 462 τὴν
1274 388 1416 444 κατά
1442 390 1682 460 Χριστόν
1704 390 1920 453 ἐνωσιν,
1986 390 2079 443 καὶ
2152 386 2248 443 τοῦ
2299 389 2399 457 τῆς
2426 384 2697 448 υἱοθεσίας
2748 380 3188 452 διημαρτηκότες
3245 378 3586 471 ἀξιώματος,
3638 378 3734 432 καὶ

466 490 703 563 Χριστὸν
751 488 785 559 ἢ
834 484 1087 557 οὐδαμῶς
1148 483 1504 551 ἐνδυσάμενοι
1555 480 1800 546 πώποτε,
1847 480 1882 551 ἢ
1942 480 2042 534 καὶ
2116 477 2581 547 ἀπεκδυσάμενοι,
2622 476 2769 529 καθά
2794 490 2859 543 γε
2914 472 3072 524 αὐτοὶ
3160 471 3291 540 περὶ
3326 470 3539 522 ἑαυτῶν
3594 471 3736 523 ἀπο-

470 561 775 654 φαίνονται,
812 581 979 634 πόθεν
1004 582 1073 634 ἂν
1102 580 1282 649 σχοῖεν
1306 577 1480 630 ταῦτα
1534 576 1628 628 καὶ
1676 574 1891 645 μαθεῖν,
1928 575 2020 626 καὶ
2058 572 2274 636 παθεῖν,
2301 570 2397 627 καὶ
2444 569 2547 638 τῆς
2569 568 2663 620 τοῦ
2718 564 2992 637 ἀγιασμοῦ
3058 561 3442 627 ἐπιτεύξεσθαι
3471 563 3732 633 χάριτοςς

466 674 520 725 εί
556 675 662 740 γάρ
690 670 827 740 πρὸς
859 671 959 739 τὴν
990 668 1252 738 ἀθέτησιν
1276 665 1638 719 ἐκκεκλίκασι
1664 663 1893 725 τούτων,
1965 663 2131 733 σχολῇ
2168 678 2231 729 γε
2262 660 2328 713 ἂν
2394 659 2501 712 τῶν
2554 658 2807 728 χρηστῶν
2870 675 2923 709 τι
2963 654 3062 710 καὶ
3091 654 3436 727 ὀνησιφόρων
3467 655 3679 708 ’ἕλοιντο
3706 670 3722 686 ⁸

468 763 695 817 τοιαῦτα
719 761 817 831 μὲν
847 763 916 813 τὰ
943 762 1038 830 τῆς
1064 761 1289 821 ἐκείνων
1321 759 1550 827 ἀλογίας
1573 757 1665 810 καὶ
1697 756 2058 826 ματαιότητος
2099 753 2472 824 ληρῳδήματα
2501 753 2598 802 καὶ
2638 749 2987 819 βληχήματα.

540 903 628 958 58.
663 899 775 956 Nos
804 915 933 954 vero
961 901 1025 951 ad
1060 914 1176 953 rem
1226 910 1473 951 nostram
1518 897 1822 956 veniamus,
1858 904 1913 947 et
1952 892 2047 962 qui

2222 896 2325 959 νη’.
2365 890 2561 958 Ἡμεῖς
2587 888 2646 943 δὲ
2675 887 2775 953 τὴν
2803 884 3085 956 ἡμετέραν
3125 884 3445 955 ἐρχώμεθα,
3497 886 3590 939 καὶ
3625 886 3736 939 τῶν

466 995 648 1047 adhuc.
679 1007 744 1044 ex
775 988 1260 1056 bierophantarum
1290 999 1521 1039 numero
1554 984 1917 1037 nominandus
1956 997 2051 1035 su-

468 1092 674 1154 perest,
703 1082 748 1134 is
799 1095 1019 1133 sacrum
1054 1079 1196 1131 hunc
1229 1086 1284 1129 et
1346 1076 1486 1129 bene
1530 1074 1836 1126 ordinatum
1880 1074 2053 1124 intro-

468 1163 636 1228 ducat
682 1174 935 1235 chorum,
975 1178 1030 1222 et
1081 1166 1355 1221 coronidis
1401 1166 1579 1218 instar
1625 1164 1933 1231 imponatur
1972 1159 2054 1213 di-

472 1269 679 1320 vinitus
718 1266 1010 1318 aediﬁcata:
1038 1259 1245 1322 domui,
1278 1268 1331 1311 et
1355 1255 1635 1325 sapientia:
1661 1255 1830 1305 aedem
1888 1253 2053 1320 perii-

471 1360 603 1422 (εἰει,
640 1357 836 1410 decore
873 1351 1161 1404 admodum
1190 1358 1246 1400 et
1300 1347 1436 1397 mire
1468 1352 1754 1403 structam,
1798 1341 2051 1411 pulchre—

468 1463 580 1516 que
625 1461 656 1499 a
706 1444 910 1511 Spiritu
979 1439 1417 1507 compaginatam
1479 1442 1645 1501 atque
1707 1441 2052 1488 exornatam.

472 1536 751 1593 Consudet
790 1536 973 1599 itaque
1002 1545 1124 1583 cum
1154 1538 1314 1580 antea
1344 1527 1755 1579 decertantilms
1786 1526 1872 1577 hic
1914 1538 2047 1591 quo-

473 1642 581 1695 que
610 1639 793 1680 sacros
824 1623 1039 1674 labores
1064 1618 1367 1684 excipiens,
1400 1631 1462 1667 ac
1487 1615 1650 1682 sigilli
1684 1616 1864 1667 instar
1911 1629 2055 1682 prae-

475 1714 640 1765 dictis
674 1722 996 1780 apponatur,
1030 1707 1213 1769 homo,
1254 1705 1495 1772 inquam,
1525 1702 1641 1765 Dei,
1662 1702 2052 1757 desideriorum

479 1803 582 1862 vir.
613 1803 914 1872 gratiarum
956 1797 1195 1868 Spiritus
1242 1791 1555 1857 thesaurus,
1593 1797 1828 1848 altorum
1889 1810 2051 1848 arca-

479 1908 670 1946 norum
720 1891 1007 1951 revelator,
1060 1887 1464 1941 reconditarum
1528 1901 1708 1940 rerum
1757 1895 2052 1950 scrutator,

477 1984 840 2038 Barbarorum
898 1980 1176 2048 magister,
1212 1975 1456 2030 ferarum
1517 1985 1854 2044 temperator
1892 1994 1906 2031 :
1944 1978 2057 2031 ior-

479 2086 620 2129 tasse
671 2076 757 2127 hic
789 2073 1170 2126 Ilodiernornm
1227 2085 1443 2139 quoque
1510 2069 1800 2139 impiorum
1832 2070 2053 2123 sbellui-

477 2183 602 2220 nam
625 2174 679 2220 et
720 2164 997 2220 elferatam
1048 2162 1447 2216 incredulitatis
1470 2161 1671 2215 molliet
1706 2164 2053 2215 sententiam.

475 2261 677 2313 Adesto
738 2257 941 2326 itaque,
990 2256 1023 2307 ὀ
1091 2254 1481 2321 prophetarum
1560 2254 2052 2320 pervidentissime,
2088 2230 2128 2285 Β

479 2350 753 2420 llabylone
800 2357 857 2401 et
888 2362 951 2399 ex
1012 2345 1294 2398 barbarica
1326 2358 1422 2396 ora
1474 2344 1752 2412 prodlens,
1800 2351 1853 2395 et
1898 2351 2057 2412 prout

478 2441 768 2509 prudentia
830 2436 1208 2506 sapientiaque
1260 2449 1496 2503 superna
1551 2433 1861 2499 inspiraris,
1895 2449 2056 2487 narra

481 2531 637 2585 nobis
662 2546 781 2598 qua:
818 2529 911 2581 tibi
940 2536 1217 2580 nocturna:
1246 2526 1550 2577 divinarum
1590 2525 1863 2578 visioonm
1919 2525 2057 2577 haud

480 2622 699 2676 fallaces
728 2620 1240 2688 cantemplatioues,
1268 2617 1527 2670 defaecata
1567 2617 1617 2669 in
1650 2627 1849 2679 mente,
1876 2615 2055 2683 limpi-

478 2712 660 2777 doque
719 2709 990 2763 intellectu
1052 2710 1467 2777 impressernnt,
1511 2716 1893 2775 patentemque
1917 2721 2056 2775 prte-

479 2804 981 2857 buernntrerarum
1015 2814 1196 2853 rerum
1234 2798 1663 2862 revelationem;
1709 2807 1821 2851 tum
1887 2811 2057 2866 expe-

480 2895 592 2948 dita
670 2892 876 2959 lingua,
930 2890 1192 2957 claraque
1243 2903 1395 2953 voce,
1460 2898 1703 2941 nostrum
1760 2888 2059 2943 vaticinare

482 2986 682 3053 Regem
718 2998 781 3036 ac
808 2982 1114 3043 Dominum,
1142 2980 1423 3047 imperium
1447 2980 1562 3033 sine
1580 2981 1695 3031 line
1728 2979 2059 3048 gloriamque

482 3084 754 3129 tenentem
778 3083 1073 3134 aeternam;
1107 3080 1270 3136 atque
1308 3070 1379 3122 ita
1424 3069 1716 3137 impiorum
1747 3078 1803 3123 et
1860 3080 2057 3123 contu-

485 3164 716 3218 macium
748 3158 1053 3216 vecordiam
1111 3156 1367 3228 infringe.
1398 3159 1624 3212 Disertis
1656 3158 1802 3212 enim
1851 3159 2056 3220 verbis,

483 3266 543 3310 ut
565 3255 698 3317 scio,
721 3252 967 3307 clamasti
1000 3265 1121 3303 cum
1183 3248 1477 3303 sinunianti
1522 3237 1776 3301 Chaldaeo
1821 3248 2060 3317 dilapsas

482 3345 754 3399 oblivione
782 3342 975 3397 somnii
1005 3342 1242 3395 visiones
1290 3339 1615 3408 exposuisti.
1659 3347 1715 3392 et
1768 3338 2055 3392 dubiorum

483 3437 778 3492 solutiones
801 3434 995 3499 iecisti,
1029 3434 1142 3487 haec
1168 3432 1557 3500 pronuntians:
1584 3427 1651 3482 Et
1669 3431 1766 3483 erit
1790 3430 1845 3483 in
1873 3430 2058 3482 diebus

483 3543 661 3599 regunt
696 3527 929 3589 illorum,
974 3524 1247 3577 suscitabit
1289 3522 1426 3576 Deus
1459 3522 1574 3575 coeli
1606 3536 1840 3590 regnum,
1892 3520 2057 3592 229

481 3619 1091 3690 quodiumternumnon
1144 3613 1879 3681 drssipabitur;regnumque
1937 3610 2053 3678 ejus

484 3708 634 3761 alteri
648 3707 837 3774 populo
851 3721 952 3758 non
973 3704 1315 3768 relinquetur.
1333 3702 1397 3756 Et
1418 3702 1738 3756 comminuet
1751 3701 2055 3771 frangetque

484 3797 660 3850 omnia
688 3810 865 3862 regno,
920 3804 967 3846 et
1023 3794 1191 3861 ipsum
1216 3794 1269 3845 in
1297 3803 1553 3845 internum
1593 3792 1847 3846 nerstnbit
1885 3791 1954 3843 ⁸⁸.
1992 3788 2059 3844 Et

478 3891 684 3953 postea.
728 3885 974 3938 Videbunt
1000 3885 1056 3937 in
1094 3885 1290 3936 visione
1321 3884 1507 3944 noctis,
1533 3893 1580 3935 el
1608 3898 1723 3935 ecce
1758 3883 1811 3935 in
1830 3882 2055 3935 nubibus

484 3979 598 4031 cali
625 3982 825 4031 veniens
854 3975 1091 4043 quidam,
1114 3975 1204 4040 qui
1235 3987 1394 4040 usque
1415 3974 1482 4024 ad
1508 3974 1795 4038 Antiquam
1843 3972 2051 4027 dierum

482 4070 736 4137 pervenit,
766 4076 813 4119 et
842 4081 1019 4118 coram
1052 4063 1259 4117 oblatus
1288 4072 1386 4126 est,
1413 4074 1460 4116 et
1489 4063 1589 4131 ipsi
1623 4063 1779 4117 dotus
1810 4074 1884 4116 est
1901 4065 2051 4131 priu-

482 4162 710 4230 cipatus,
740 4168 787 4211 et
818 4158 1004 4222 honor,
1034 4166 1081 4209 et
1124 4171 1339 4225 regnum
1360 4172 1379 4220 ;
1402 4167 1449 4208 et
1500 4171 1677 4209 omnes
1717 4155 1918 4224 populi,
1951 4158 2051 4209 tri-

482 4254 597 4314 bus,
639 4249 836 4317 lingua:
891 4247 991 4314 ipsi
1045 4246 1294 4299 servient.
1349 4241 1600 4297 Potentia
1664 4243 1780 4312 ejus
1819 4243 2053 4313 potentia

482 4354 680 4397 mterna
704 4355 823 4410 qua:
851 4355 954 4394 non
975 4338 1266 4408 printer-ibit
1286 4376 1302 4402 ,
1326 4344 1376 4391 et
1406 4351 1623 4406 regnum
1671 4336 1785 4405 ejus
1815 4351 1917 4389 non
1966 4337 2057 4389 de-

480 4446 716 4488 struetur
737 4435 804 4488 ³⁸.

2157 980 2495 1049 ἱεροφαντῶν
2520 982 2549 1030 6
2578 977 2905 1046 λειπόμενος
2928 977 3023 1029 τὸν
3045 976 3191 1047 ίερδν
3221 976 3415 1029 τοῦτον
3432 976 3532 1030 καὶ
3581 977 3739 1048 εὔρυ-

2156 1071 2293 1141 θμον
2310 1067 2671 1123 εἰσελαυνέτω
2694 1068 2878 1138 χορὸν,
2912 1069 3007 1120 καὶ
3021 1062 3110 1121 οἷα
3135 1068 3370 1139 κορωνὶς
3388 1068 3739 1137 προσκείσθω

2153 1157 2230 1227 τῷ
2265 1154 2570 1226 θεοτεύκτῳ
2592 1154 2766 1224 δόμῳ,
2812 1156 2907 1209 καὶ
2955 1155 3411 1223 συναπαρτιζέτω
3443 1154 3535 1209 τὸν
3582 1152 3737 1211 οἶκον

2153 1252 2252 1319 τῆς
2288 1248 2482 1315 σοφίας
2515 1262 2529 1277 ⁸
2575 1246 2721 1317 μάλα
2747 1245 3047 1316 ἐκπρεπῶς
3080 1247 3176 1300 καὶ
3207 1247 3410 1309 ἐνθέως
3458 1247 3737 1317 δομούμεσ-

2154 1357 2266 1403 νον,
2295 1341 2389 1392 καὶ
2420 1338 2605 1400 καλῶς
2627 1337 2708 1408 τῷ
2738 1338 3020 1407 Πνεῦματι
3055 1337 3436 1408 ἁρμοζόμενον
3492 1340 3594 1393 καὶ
3641 1356 3739 1395 κο-

2167 1429 2478 1499 σμούμενον
2507 1445 2522 1461 ·
2572 1428 2896 1496 συνιδρώσει
2930 1445 2990 1481 τε
3029 1431 3138 1490 τοῖς
3179 1428 3579 1499 προηθληκόσι,
3623 1430 3740 1485 τῶν

2154 1522 2320 1591 ίερῶν
2380 1521 2560 1574 πόνων
2606 1520 3065 1594 ἀντειλημμένος,
3097 1521 3436 1594 καὶιῶσπερ
3493 1525 3735 1593 σφραγὶς

2155 1586 2457 1665 ἐπικείσθω
2511 1614 2623 1673 τοῖς
2656 1586 3227 1681 χπροεκτεθειμένοιςί
3261 1613 3291 1663 6
3327 1586 3422 1663 τοίι
3464 1586 3604 1664 Θεοί)

2157 1702 2397 1773 θρωπος,
2426 1704 2455 1755 6
2486 1701 2598 1755 τῶν
2636 1701 2948 1771 ἐπιθυμιῶν
2980 1701 3139 1772 ἀνὴρ,
3179 1703 3208 1754 6
3237 1702 3348 1755 τῶν
3373 1703 3736 1773 χαρισμάτων

2155 1780 2260 1848 ’ποῦ’
2292 1792 2616 1865 Πνεύματος
2664 1792 2957 1862 θησαυρὸς,
2987 1794 3016 1846 6
3047 1793 3117 1845 τὰ
3170 1792 3339 1862 βαθέα
3390 1794 3737 1848 ἐκκαλυπτό-

2160 1904 2321 1957 μενος
2356 1887 2450 1940 καὶ
2485 1887 2805 1957 ἀπόκρυφα,
2846 1886 2876 1939 6
2908 1884 3017 1939 τῶν
3041 1885 3369 1955 ἀπορρήτων
3413 1885 3735 1957 ἐξεταστὴς,

2155 1979 2185 2030 ὁ
2212 1979 2319 2031 τῶν
2360 1977 2664 2048 Βαρϐάρων
2692 1978 3012 2046 παιδευτὴς,
3048 1978 3077 2029 6
3109 1976 3218 2029 τῶν
3261 1977 3473 2047 θηρίων
3507 1992 3734 2049 σωφροο

2159 2056 2367 2137 νιττὴξ,
2395 2068 2526 2129 ἴσως
2574 2067 2705 2121 ποτὲ
2748 2068 2843 2121 καὶ
2891 2067 3122 2119 τουτωνὶ
3175 2067 3288 2121 τῶν
3344 2068 3582 2121 ἀνοσίων
3636 2068 3737 2139 τὴν

2160 2159 2401 2228 θηριώδη
2434 2159 2528 2210 καὶ
2553 2157 2993 2228 ἀπηγριωμένην
3028 2158 3127 2228 τῆς
3174 2158 3430 2223 ἀπιστίας
3487 2148 3735 2231 καταμαρ

2166 2250 2345 2313 λάξειε
2376 2248 2628 2319 γνώμην.
2652 2250 2823 2320 Δεῦρο
2848 2250 2912 2319 δὴ
2951 2247 3070 2315 οὖν,
3098 2243 3144 2303 ὧ
3188 2250 3484 2322 προφητῶν
3520 2252 3729 2325 θεωρηο

2155 2340 2419 2395 τικώτατε
2447 2344 2542 2394 καὶ
2566 2341 3010 2413 διορατικώτατε,
3052 2347 3116 2396 ἐκ
3147 2344 3469 2409 Βαϐυλῶνος
3500 2348 3597 2399 καὶ
3627 2347 3731 2416 τῆς

2159 2433 2505 2504 βαρϐαρικῆς
2538 2434 2708 2504 ὄχθης
2740 2436 3001 2503 ἀνίσχων,
3032 2435 3109 2498 ὡς
3150 2435 3215 2506 δὴ
3249 2437 3465 2490 συνέσει
3510 2440 3606 2491 καὶ
3645 2456 3734 2493 σο-

2157 2525 2257 2594 φίᾳ
2283 2526 2350 2593 τῇ
2381 2524 2587 2578 ἀνωθεν
2614 2525 3009 2595 ἐμπνεόμενος,
3050 2528 3394 2599 προαγόρευε
3422 2530 3557 2599 ἡμῖν
3586 2531 3733 2602 ἅπερ

2158 2632 2243 2668 σοι
2268 2618 2324 2667 αἱ
2383 2616 2697 2685 νυκτεριναὶ
2748 2617 2859 2670 τῶν
2913 2617 3074 2671 θείων
3124 2618 3431 2672 ἐποπτειῶν
3481 2620 3737 2689 ἀψευδεῖς

2156 2704 2408 2776 θεωρίαι,
2436 2700 2837 2777 κεκαθαρμένῳ
2889 2706 2967 2778 τῷ
2991 2709 3331 2779 ἡγεμονικῷ,
3387 2711 3484 2763 κα)⁸
3526 2711 3735 2777 ἀπεξε-

2159 2796 2341 2867 σμένῳ
2356 2796 2434 2867 τῷ
2452 2796 2775 2868 θεωρητικῷ
2796 2800 3028 2852 ἐντυπού
3038 2817 3219 2869 μεναι,
3236 2801 3578 2855 εὐκάτοπτον
3595 2819 3735 2874 παρ-

2157 2888 2319 2956 έσχον
2384 2889 2497 2941 τῶν
2554 2888 2771 2959 ἀληθῶν
2815 2890 2914 2960 τὴν
2950 2891 3275 2961 ἐμφάνειαν,
3330 2894 3426 2946 καὶ
3459 2909 3737 2961 τετρανω-

2162 2978 2299 3049 μένῃ
2324 2979 2391 3048 τῇ
2418 2976 2637 3048 γλώσσῃ
2663 2978 2762 3030 καὶ⁸
2805 2978 3076 3053 διαλεύκῳ
3108 2984 3284 3052 φωνῇ,
3340 2981 3433 3034 τδν
3467 2983 3737 3054 ἡμέτερον

2159 3069 2619 3136 προανακήρυσσε
2649 3066 2886 3121 Βασιλέα
2915 3069 3009 3121 καὶ
3039 3070 3268 3141 Κύριον,
3286 3072 3595 3142 ἀπέραντον
3633 3075 3737 3143 τὴν

2158 3158 2334 3227 ἀρχὴν
2377 3159 2472 3210 καὶ
2502 3159 2604 3229 τὴν
2631 3158 2789 3222 δόξαν
2818 3160 3158 3231 κεκτημένον
3191 3162 3435 3228 αἰώνιον,
3476 3165 3571 3217 καὶ
3623 3164 3739 3219 τῶν

2157 3250 2372 3303 ἀσεϐῶν
2403 3251 2497 3304 καὶ
2537 3250 2914 3305 ἀδασιλεότων
2944 3250 3261 3322 κατάθραυε
3289 3254 3390 3324 τὴν
3436 3255 3696 3309 ἀπόνοιαν
3717 3271 3733 3285 ³

2156 3338 2457 3408 διαρρήδην
2487 3341 2598 3411 γὰρ
2626 3340 2961 3411 ἐμϐοήσειας
2984 3380 3000 3405 ,
3038 3339 3097 3395 εὖ
3121 3343 3301 3411 ἴσμεν,
3320 3346 3482 3398 ὁπότε
3527 3348 3736 3417 ὀνειρο-

2161 3429 2415 3483 πολοῦντι
2469 3430 2547 3499 τῷ
2578 3431 2835 3500 Χαλδαίῳ
2880 3431 2950 3485 τά
2993 3430 3404 3503 διαπεφευγότα
3461 3436 3570 3488 τῶν
3602 3438 3736 3507 μεθ-

2159 3519 2367 3574 υπνίων
2388 3521 2563 3591 ὄψεων
2586 3524 2944 3594 ἐκφράσειας,
2962 3524 3057 3577 καὶ
3076 3524 3187 3576 τῶν
3218 3526 3616 3597 ἀπορουμένων
3636 3527 3738 3590 τάς

2159 3610 2342 3675 λύσεις
2404 3613 2757 3682 προσάξειας,
2824 3614 3054 3668 τοιαῦτα
3114 3618 3563 3685 προαναφαίνων*
3624 3620 3735 3672 Καὶ

2158 3702 2327 3754 ἔσται
2374 3701 2444 3754 ἐν
2483 3702 2614 3767 ταῖς
2647 3703 2896 3772 ἡμέραις
2942 3703 3060 3758 τῶν
3109 3705 3424 3770 βασιλέων
3464 3708 3733 3774 ἐκείνων,

2160 3792 2492 3860 ἀναστήσει
2533 3796 2566 3847 ό
2610 3795 2755 3859 Θεὸς
2775 3795 2885 3850 τοῦ
2912 3796 3175 3864 οὐρανοῦ
3212 3797 3569 3863 βασιλείαν,
3602 3800 3737 3867 ἥτις

2161 3883 2249 3947 εἷς
2272 3882 2414 3949 τοὺς
2426 3883 2648 3949 αἰῶνας
2676 3887 2749 3938 οὐ
2770 3885 3243 3954 διαφθαρήσεται
3272 3902 3288 3919 ο
3318 3890 3416 3942 καί
3462 3891 3503 3957 ἠ
3549 3891 3735 3954 βασι-

2160 3973 2297 4026 λεία
2319 3974 2505 4028 αὐτοῦ
2528 3974 2658 4040 λαῷ
2682 3975 2863 4044 ἑτέρῳ
2891 3980 2964 4031 οὐ
2969 3995 3006 4046 χ
3048 3980 3565 4049 ὐπολειφθήσεται
3588 3997 3603 4012 ·
3632 3983 3735 4037 καί

2154 4065 2447 4120 λεπτυνεῖ
2477 4067 2578 4119 καί
2638 4069 2927 4137 λικμήσει
2982 4070 3187 4137 πάσας
3248 4071 3359 4137 τὰς
3379 4074 3733 4142 βασιλείας,

2155 4157 2254 4211 καὶ
2288 4159 2441 4224 αὑτὴ
2458 4159 2872 4229 ἀναστήσεται
2905 4164 2993 4228 εις
3012 4161 3154 4227 τοὺς
3177 4162 3421 4229 αἰῶνας.
3459 4166 3568 4218 Καὶ
3604 4182 3733 4237 μετ-

2157 4248 2350 4303 έπειτα
2370 4264 2385 4279 '
2443 4251 2775 4320 Ἐθεώρουν
2821 4254 2892 4307 ἐν
2923 4254 3169 4324 ὁράματι
3222 4256 3332 4325 τῆς
3362 4258 3605 4323 νυκτὸς,
3631 4259 3731 4313 καί

2160 4340 2296 4394 ἰδοὺ
2318 4345 2470 4411 μετὰ
2509 4342 2629 4396 τῶν
2672 4346 2949 4414 νεφελῶν
2986 4346 3091 4400 τοῦ
3122 4348 3386 4415 οὐρανοῦ
3406 4350 3732 4418 ἐρχόμενος

2158 4424 2259 4499 ἦν,
2284 4433 2379 4484 καί
2403 4431 2515 4499 ἓως
2542 4434 2649 4488 τοῦ
2670 4436 2942 4490 Παλαιοῦ
2963 4437 3082 4491 τῶν
3096 4437 3336 4507 ἡμερῶν
3353 4441 3601 4510 ἔφθασε,
3628 4442 3730 4495 καὶ

481 4529 736 4585 ἐνώπιον
756 4525 946 4582 αὑτοῦ
979 4522 1394 4594 προσηνέχθη,
1415 4522 1525 4576 ora!
1549 4521 1712 4587 αὐτῷ
1738 4520 1917 4589 ἐδόθη
1945 4523 1985 4590 ἠ
2013 4523 2169 4594 ἀρχὴ
2208 4525 2307 4582 καὶ
2342 4528 2377 4594 ἡ
2400 4528 2559 4595 τιμὴ,
2587 4528 2685 4583 καί
2710 4531 2748 4596 ἡ
2766 4530 3083 4598 βασιλεία,
3112 4534 3209 4587 καί
3243 4533 3465 4600 πάντες
3484 4537 3539 4587 οι
3568 4534 3730 4601 λαοί,

481 4623 688 4692 φυλαὶ,
751 4617 1050 4691 γλῶσσαι,
1088 4612 1251 4679 αὐτῷ
1287 4614 1771 4667 δουλεύσουσιν
1805 4614 1843 4681 ἠ
1870 4615 2126 4677 ἐξουσία
2162 4618 2349 4672 αὐτοῦ
2386 4620 2640 4681 ἐξουσία
2702 4622 2964 4690 αἰώνιος,
3004 4624 3134 4692 ἥτις
3162 4627 3249 4695 ,οὐ
3281 4628 3726 4696 παρελεύσεται,

482 4713 579 4768 καί
627 4712 666 4779 ἡ
692 4708 986 4775 ,βασιλεία
1011 4704 1199 4760 αὑτοῦ
1234 4706 1308 4758 οὺ
1332 4702 1822 4771 διαφθαρήσεται.

558 4828 623 4881 Et
654 4827 768 4880 hare
798 4824 1016 4895 quidem
1047 4820 1329 4892 praplteta.
1383 4815 1584 4871 Horum
1619 4831 1748 4871 vero
1779 4816 2054 4871 detestan-

2234 4818 2315 4873 Τά
2348 4820 2445 4891 μὲν
2484 4819 2579 4875 τοῦ
2608 4823 2892 4895 προφήτου
2920 4823 3175 4881 τοιαῦτα·
3218 4827 3287 4880 τά
3326 4827 3383 4882 δέ
3409 4827 3518 4881 τῶν
3551 4828 3729 4897 ἐξαγί-

483 4921 678 4974 dorum
710 4914 1189 4984 qualiaYPrimum
1219 4910 1436 4981 quidem
1461 4908 1729 4964 mendacii
1764 4909 2056 4963 traducunt

484 5010 653 5066 divini
712 5007 947 5076 Spiritus
998 5004 1238 5060 oracula.
1296 5002 1500 5058 Deinde
1561 4999 1776 5055 Patrem
1840 5014 2056 5069 quoque

482 5102 651 5158 Deum
680 5101 733 5153 in
781 5097 1013 5167 propriis
1040 5097 1297 5165 operibus
1340 5094 1567 5148 scientia
1634 5106 1699 5145 ac
1734 5091 2057 5161 prmvisioue

482 5195 803 5251 destitutum
862 5191 1144 5243 inducunt.
1207 5187 1435 5257 insuper
1490 5184 1763 5255 Unigeniti
1830 5198 2055 5253 regnum

482 5288 800 5343 dissolutum
826 5284 993 5347 aiunt,
1023 5295 1120 5335 ceu
1145 5281 1287 5349 quod
1338 5289 1655 5348 perpetuum
1703 5291 1923 5331 manere
1948 5291 2055 5330 non

483 5379 755 5453 potuerit;
799 5376 942 5447 quod
981 5387 1048 5429 ne
1072 5372 1140 5427 ab
1184 5370 1339 5426 initio
1374 5371 1591 5439 quidem
1638 5368 1739 5438 ipsi
1795 5367 2054 5422 traditum

543 5562 589 5598 "
622 5560 758 5615 Dan.
793 5576 853 5622 ιι,
884 5559 972 5612 ιι.
1048 5556 1093 5588 ⁸⁸
1123 5555 1259 5609 Dnn.
1292 5568 1385 5618 vn,
1418 5552 1506 5615 l5,
1536 5552 1619 5605 Η.

2165 4927 2306 4979 στων
2333 4915 2527 4978 ὁποία;
2566 4913 2769 4984 Πρῶτα
2793 4915 2896 4985 μὲν
2926 4915 3098 4986 ψευδῆ
3133 4916 3201 4970 τὰ
3241 4916 3338 4970 τοῦ
3366 4917 3527 4978 ,θείου
3563 4916 3729 4973 ΙΙνεύ-

2167 5018 2336 5071 ματος
2370 5002 2770 5072 είκαιολογοῦσι
2813 5006 3270 5078 χρησμῳδήματα
3290 5022 3306 5039 ’
3333 5007 3529 5063 ἔπειτα
3553 5007 3611 5061 δὲ
3641 5006 3737 5091 καὶ

2162 5093 2253 5146 τὸν
2285 5094 2417 5148 Θεὸν
2452 5096 2674 5165 Πατέρα
2735 5095 2864 5165 περί
2916 5096 3071 5149 τετά
3120 5100 3296 5151 οἰκεῖα
3348 5097 3488 5167 ιργα
3538 5099 3640 5169 τήν
3674 5115 3736 5152 τε

2162 5185 2475 5255 ἐπιστήμην
2525 5186 2622 5238 καὶ
2674 5186 3008 5257 πρόγνωσιν,
3060 5188 3375 5256 εἰσφέρουσι
3425 5188 3732 5258 διαμαρτάα
3842 5216 3851 5221 -

2164 5290 2353 5327 νοντασ
2381 5274 2473 5327 ἐπὶ
2501 5273 2713 5336 τούτοις
2740 5274 2796 5327 δὲ
2830 5275 2922 5327 καὶ
2960 5275 3059 5345 τὴν
3082 5276 3177 5329 τοῦ
3217 5276 3555 5343 Μονογενοῦς
3580 5276 3734 5347 βασιο

2165 5365 2318 5420 λείαν
2336 5365 2773 5437 διεφθάρθαι,ώς
2800 5367 3043 5440 διαρκεῖν
3056 5366 3136 5431 είς
3162 5367 3335 5420 αἰῶνα
3355 5367 3431 5438 μὴ
3455 5367 3738 5438 ἐξισχύον-
