4054 6204
317 214 427 292 ἰιι

1180 210 1750 273 APOLOGETICUS
1782 210 1935 281 PRO
1973 208 2252 283 SACRIS
2292 208 2782 275 IMAGINIBUS.

3480 209 3591 277 πε

322 344 430 385 σαν
460 336 477 354 ⁶
534 323 592 397 ἢ¹
620 323 763 397 μηδὲ
820 323 923 393 τὴν
974 317 1153 392 ἀρχὴν
1204 318 1358 391 αὐτῷ
1421 319 1702 385 δεδόσθαι,
1774 321 1911 392 μήτε

2020 317 2207 385 fuerit,
2233 331 2416 389 neque
2474 317 2590 389 ipse
2638 332 2678 373 ~a
2695 316 2898 401 linguis
2929 334 2995 375 ac
3041 317 3289 387 tribubus
3329 320 3589 380 adoratus

325 419 439 491 μὴν
490 413 600 469 ύπδ
659 412 923 483 γλωσσῶν
967 411 1070 467 ,καὶ
1126 410 1312 482 φυλῶν
1346 410 1909 483 προσκεκυνῆσθαι,ἢ

320 504 735 570 δεδουλεῦσθαι,
766 504 899 558 λαόν
938 522 997 557 τε
1038 502 1428 575 διακεκτῆσθαι
1457 504 1552 559 καὶ
1579 502 1911 574 διηρπάσθαι

321 596 405 668 τῷ
437 595 865 666 τυραννήσαντι,
902 593 996 657 καὶ
1035 592 1339 664 συλλήὸδην
1357 593 1553 659 είπεῖν,
1583 591 1913 656 ἀπεναντίας

323 667 385 741 ιν
402 667 590 741 ’ἅπασι
620 683 699 754 τῷ
721 684 979 756 προφήτῃ
994 683 1371 754 διανενόηνται
1388 700 1400 712 °
1428 684 1599 736 ταῦτα
1630 684 1675 737 δ’
1700 684 1912 738 ἅπαντα

329 780 553 850 μικροῖς
579 774 966 846 συνειληφότες
995 776 1229 846 ῥήμασι,
1261 774 1526 846 μεγίστην
1545 773 1645 846 τὴν
1669 774 1914 848 βλασφη-

328 872 464 943 μίαν
512 869 657 922 κατά
690 868 789 937 τῆς
828 867 979 932 θείας
1011 868 1377 940 ὲτεκτήναντο
1403 866 1589 939 δόξης,
1621 867 1907 925 εἰδωλολατ-

323 960 491 1029 τρίαν
522 957 701 1021 ἀθέως
738 957 832 1009 καὶ
880 954 1185 1021 δυσσεϐῶς,
1218 955 1316 1028 τὴν
1345 957 1693 1028 Χριστιανῶν
1723 957 1911 1011 θεοσέ-

326 1048 486 1101 ϐειαν
516 1044 861 1100 ἀποκαλέσαι
887 1043 1281 1115 τολμήσαντες,
1324 1046 1422 1099 καὶ
1447 1048 1706 1118 τοιαύτην
1752 1046 1911 1113 δόξαν

326 1139 515 1204 ἄλλοις
561 1155 621 1192 τε
679 1137 773 1191 καὶ
828 1139 1040 1202 ἑαυτοῖς
1108 1138 1511 1204 ἔπικλώσαντες
1544 1156 1558 1170 ·
1595 1140 1713 1203 πῶς
1752 1140 1808 1194 δὲ
1849 1141 1909 1194 ού

327 1230 747 1300 κατεπτήχασιν
773 1228 900 1282 οὐδὲ
933 1228 1365 1300 κατεπλάγησαν
1392 1229 1490 1300 τὴν
1537 1227 1740 1300 ψυχὴν,
1774 1230 1913 1302 πρὸς

325 1322 396 1376 τὰ
426 1318 572 1375 οὕτω
603 1320 750 1390 σαφῆ
779 1321 873 1372 καὶ
912 1319 1294 1389 ἀναμφίλεκτα
1345 1318 1638 1390 προπετῶς
1669 1319 1912 1374 ἀντιϐλέ-

328 1428 549 1479 ποντες,
584 1411 640 1464 of
680 1427 745 1479 γε
784 1411 881 1464 καὶ
936 1410 1147 1465 ἀναιδεῖ
1176 1409 1456 1482 προσώπῳ
1509 1411 1603 1464 καὶ
1635 1427 1909 1484 πεπωρῳτ

331 1505 473 1575 μ’ένῃ
518 1501 718 1573 καρδίᾳ
771 1501 1156 1573 ὑφιστάμενοι,
1212 1500 1355 1555 κατά
1396 1498 1497 1572 τῆς
1533 1500 1628 1554 τοῦ
1661 1502 1912 1573 Σωτῆρος

327 1594 783 1665 ἀπηυθαδίσαντο
817 1592 1009 1662 δόξηςς
1036 1592 1174 1647 ἀλλά
1200 1592 1366 1645 πόθεν
1382 1593 1567 1657 αὐτοῖς
1595 1593 1656 1646 τὸ
1687 1594 1908 1646 θεοστυ-

2016 410 2182 466 fuerit
2221 410 2435 480 ipsique
2472 409 2759 478 servitum,
2796 424 2972 483 neque
2999 411 3252 483 populum
3284 414 3591 483 possederit

2016 511 2253 573 tyranno
2277 501 2447 570 priori
2481 514 2757 572 ereptum,
2794 512 2957 573 atque
3007 513 3065 558 ut
3114 503 3355 558 breviter
3385 504 3586 569 dicam,

2012 588 2290 651 contraria
2315 595 2499 650 omnia
2532 596 2807 666 propheta:
2834 603 3076 651 censent.
3101 593 3227 649 llaec
3255 596 3438 650 omnia
3460 608 3591 666 pau-

2014 686 2093 738 cis
2143 684 2326 740 verbis
2379 686 2927 756 comprehendentes,
2976 686 3268 740 maximam
3331 686 3586 754 blasphe-

2014 777 2181 847 iniam
2212 778 2475 853 adverstts
2500 778 2740 834 divinam
2782 779 3013 850 gloriam
3038 778 3440 842 instruxerunt,
3471 778 3589 832 ido-

2013 867 2286 923 lolatriam
2323 868 2490 938 impie
2530 884 2595 923 ac
2639 870 2870 924 sceleste
2902 869 3334 925 Christianorum
3371 868 3589 937 religio-

2013 972 2137 1014 nem
2164 959 2440 1030 appellare
2470 960 2752 1023 audentes,
2786 961 3037 1033 hancque
3053 960 3366 1030 opinionem
3400 957 3503 1012 sibi
3532 966 3588 1011 et

2013 1047 2137 1103 aliis
2165 1050 2576 1105 contrahentes.
2631 1049 2827 1116 Quidni
2890 1063 3020 1103 vero
3078 1049 3587 1104 cohorrueruntat-

2012 1154 2117 1208 que
2166 1141 2350 1197 animo
2407 1143 2639 1197 attonito
2686 1141 2929 1208 Iueruut,
2960 1141 3086 1195 dum
3118 1142 3203 1196 his
3240 1151 3347 1194 tant
3406 1141 3584 1194 mani-

2013 1229 2169 1287 festis
2199 1242 2255 1288 et
2284 1232 2524 1287 indubiis
2551 1244 2753 1288 temere
2769 1249 2888 1289 sese
2921 1232 3299 1301 opponerent?
3331 1234 3422 1310 qui
3453 1245 3589 1288 sane

2014 1322 2324 1394 impudente
2357 1323 2496 1378 facie
2531 1335 2582 1379 e-t
2633 1340 2778 1380 caeco
2808 1325 2971 1378 corde
3026 1331 3361 1393 perstantt‘s,
3394 1334 3584 1377 contra

2014 1413 2326 1471 Servatoris
2358 1415 2586 1488 gloriam
2613 1427 2789 1472 semet
2815 1419 3080 1471 audacter
3096 1417 3433 1470 extulerunt.
3470 1415 3577 1469 Sed

2014 1506 2284 1561 undenam
2343 1506 2474 1575 ipsis
2525 1521 2625 1575 pro
2685 1506 2789 1562 hoc
2847 1506 2960 1561 Deo
3016 1507 3204 1562 odibill
3244 1506 3589 1575 absurdoque

2012 1596 2263 1667 dogmate
2306 1596 2547 1652 ﬁducia?
2577 1597 2709 1651 Nam
2762 1598 2807 1651 si
2841 1599 3165 1668 simpliciter
3217 1597 3579 1665 principatum

325 1659 621 1755 τὶς-τοῦτο
653 1683 750 1736 καὶ
778 1659 980 1736 ἄτοπον
1017 1682 1460 1755 παρῤησιάσεται
1483 1682 1696 1753 δόγμα;
1725 1685 1773 1735 εί
1811 1682 1909 1753 μὲν

2017 1704 2077 1743 ac
2112 1705 2337 1760 regnum
2368 1690 2696 1746 universalis
2727 1689 2821 1745 Dei
2863 1690 3213 1761 propheticus
3238 1704 3419 1744 scrtno
3450 1686 3588 1743 fuis-

326 1775 442 1844 γὰρ
466 1772 653 1838 ἀπλῶς
687 1774 786 1844 τὴν
843 1772 1022 1844 ἀρχὴν
1061 1774 1157 1827 καὶ
1183 1774 1286 1844 τὴν
1331 1773 1610 1844 βασιλείαν
1656 1773 1749 1827 τοῦ
1801 1773 1910 1826 τῶν

326 1867 470 1921 ὅλων
504 1864 639 1918 Θεοῦ
664 1865 693 1917 δ
719 1864 1060 1935 προφητικὸς
1086 1865 1533 1937 προανεκήρυττε
1553 1864 1711 1933 λόγος
1742 1881 1909 1937 προσ-

329 1955 625 2029 διορισμοῦ
680 1955 825 2027 δίχα,
881 1954 1206 2026 ὲπεφύησαν
1265 1957 1332 2009 ἂν
1386 1957 1787 2027 ἀκρατέστερον
1818 1958 1913 2011 καὶ

329 2048 675 2123 θρασύτερον
722 2050 837 2111 τοῖς
876 2047 987 2128 τῶν
1018 2046 1198 2120 ὀρθῶν
1238 2047 1340 2117 τῆς
1378 2047 1664 2111 εὐσεϐείας
1705 2047 1913 2119 δογμά-

327 2162 442 2197 των
472 2140 924 2212 ἐπειλημμέναις.
958 2142 1022 2195 ὲκ
1062 2143 1357 2209 περιέργου
1382 2138 1579 2208 λέσχης
1599 2138 1659 2191 τὸ
1683 2140 1915 2209 μάταιον

329 2234 429 2286 καὶ
464 2233 821 2294 ἀπόπληκτον
880 2231 989 2286 τῶν
1018 2232 1196 2299 λόγων
1235 2230 1413 2283 αὐτῶν
1453 2230 1911 2301 ἐπιτειχίζοντεςο

327 2328 426 2381 καὶ
459 2325 650 2395 ὥσπερ
687 2324 737 2377 οἱ
791 2324 884 2377 ἐπί
914 2340 965 2377 τι
996 2323 1224 2395 θήραμα
1270 2322 1651 2387 καταθέοντες,
1678 2325 1779 2395 τῆς
1808 2324 1914 2378 τῶν

306 2392 642 2491 ,εἰρημένων
674 2416 977 2486 ἁπλότητος
1000 2392 1410 2484 καταῖρυόμενοι
1435 2457 1450 2481 ,
1488 2392 1915 2489 μεμετρημένην

326 2530 449 2573 πως
494 2511 589 2564 καὶ
617 2509 1048 2580 πεπερασμένην
1068 2508 1167 2577 τὴν
1200 2506 1442 2578 Χριστοῦ
1477 2507 1758 2577 βασιλείαν
1798 2510 1914 2569 eis-

325 2602 471 2671 ἦγον
499 2616 516 2633 ο
563 2601 641 2667 εί,
678 2599 733 2651 δὲ
800 2601 866 2669 τῇ
920 2596 1171 2668 βασιλείᾳ
1222 2597 1545 2666 πρόσκειται
1591 2598 1652 2653 τὸ
1680 2597 1916 2664 αἰώνιος

308 2695 431 2749 ,καὶ
462 2694 787 2762 ἄφθαρτος,
833 2690 926 2743 καὶ
952 2689 1013 2741 τὸ
1038 2687 1100 2741 οῦ
1132 2705 1259 2741 ποτε
1288 2689 1741 2759 παρελεύσεσθαι,
1769 2690 1822 2744 τί
1849 2690 1915 2763 δή

328 2802 467 2840 ποτε
488 2785 588 2839 οὐκ
606 2782 993 2852 ὲπιτεθήσεται
1010 2780 1193 2833 αὐτῶν
1209 2783 1276 2852 τῇ
1290 2780 1660 2853 ἀθυροστομίᾳ
1678 2783 1912 2854 χαλινὸς,

314 2878 487 2938 ὅπως
515 2873 864 2943 ἀποφραγείη
893 2872 1000 2924 πᾶν
1023 2872 1196 2941 στόμα
1221 2869 1368 2925 κατά
1389 2871 1481 2926 τοῦ
1508 2871 1783 2937 Βασιλέως
1806 2871 1916 2929 τῶν

326 2968 550 3023 αἰώνων
614 2964 809 3021 λαλοῦν
865 2965 1062 3029 ἀδικα;
1099 2966 1127 3016 ὁ
1178 2964 1288 3035 γάρ
1345 2981 1426 3018 τοι
1464 2964 1767 3036 βασιλεύων
1823 2967 1915 3020 τὸν

327 3059 509 3114 αἰῶνα
532 3057 627 3114 καὶ
658 3057 746 3110 ἐπ’
773 3054 946 3109 αἰῶνα
976 3054 1068 3108 καὶ
1087 3054 1191 3118 ἔτι,
1223 3055 1334 3109 οὖτ⁴
1361 3056 1428 3110 ἀν
1450 3073 1580 3109 ποτε
1609 3057 1710 3127 τῆς
1740 3057 1916 3128 ἀρχῆς

330 3152 435 3209 καὶ
451 3150 554 3218 τῆς
572 3149 728 3219 δόξης
745 3147 1096 3219 ἀφαιρεθείη.
1110 3146 1224 3200 οὒτ’
1237 3146 1341 3200 ὃ.νὸ
1356 3146 1459 3200 ὑπὸ
1479 3151 1635 3218 χεῖρα
1648 3149 1741 3200 καὶ
1754 3149 1916 3216 ὲγνω-

330 3244 452 3307 κὼς
478 3240 640 3295 αὑτὸν
668 3238 819 3302 λαὸς,
850 3239 1021 3310 ἑτέρῳ
1043 3236 1336 3307 πρόσθοιτο
1354 3236 1559 3307 βασιλεῖ
1578 3254 1593 3269 ⁸
1613 3238 1731 3290 οὐδὲ
1760 3237 1867 3305 γὰρ
1887 3238 1917 3292 ὁ

332 3333 633 3407 κρείττων,
676 3325 738 3387 οῦ
795 3330 1176 3401 ἐπιλήψονται,
1237 3328 1383 3381 ἐστιν
1437 3328 1470 3398 ἢ
1522 3329 1659 3391 ὅλως
1724 3328 1913 3381 ἔσται’

334 3425 541 3481 οὐκοῦν
581 3423 643 3477 ού
676 3421 1098 3492 τετυράννηται,
1134 3418 1259 3472 οὐδὲ
1288 3419 1646 3490 διήρπασται.
1668 3419 1788 3473 οὐδὲ
1818 3420 1916 3488 τῆς

334 3518 592 3586 ἐξουσίας
626 3515 952 3585 ἑκδέδληται
977 3530 991 3543 ’
1035 3513 1124 3566 διὰ
1154 3512 1315 3566 τοῦτο
1361 3511 1483 3565 οὐδὲ
1530 3512 1593 3565 τὸ
1641 3512 1734 3565 ὑπ’
1768 3511 1918 3582 αύτῷ

333 3608 531 3665 τελοῦν
564 3608 713 3662 ἀπαν
742 3605 986 3669 εἰδώλοις
1030 3604 1337 3677 πρόσεισιν,
1375 3604 1409 3674 ἢ
1432 3602 1548 3674 δοίη
1581 3604 1642 3656 τὸ
1674 3602 1917 3674 προῦχον

334 3700 419 3772 τῷ
452 3699 670 3770 δαίμονι
709 3714 724 3728 ·
761 3697 895 3751 Θεὸν
924 3696 1034 3766 γὰρ
1086 3696 1182 3751 καὶ
1238 3695 1444 3767 Κύριον
1477 3696 1588 3748 τῶν
1615 3695 1772 3762 ὅλων,
1825 3695 1918 3750 τὸν

337 3793 564 3847 πάντων
614 3787 776 3859 ἡμῶν
812 3787 1043 3860 Σωτῆρα
1080 3787 1325 3859 ’Χριστὸν
1387 3785 1763 3855 ἐπιγινώσκει,
1822 3786 1919 3841 καὶ

337 3879 493 3947 αύτῷ
528 3878 864 3947 προσκυνέει
894 3874 1065 3940 Αὐτῷ
1123 3876 1233 3945 γὰρ
1291 3873 1548 3946 κάμπτει
1595 3874 1720 3933 πᾶν
1768 3874 1918 3945 γόνυ

333 3969 721 4036 ἐπουρανίων
744 3966 844 4021 καί
874 3966 1161 4036 ἐπιγείων
1197 3967 1296 4021 καὶ
1338 3968 1771 4036 καταχθόνίων,
1819 3966 1920 4021 καὶ

336 4059 516 4118 πᾶσα
538 4058 794 4129 γλῶσσα
816 4058 1291 4128 ἐξομολογεῖται,
1321 4059 1408 4112 ὅτι
1428 4061 1533 4126 Kr};
1555 4077 1643 4126 ιος
1678 4058 1921 4127 Ἰησοῦς

337 4154 553 4222 Χριστέ
565 4171 598 4218 ς
613 4153 699 4217 εις
716 4149 907 4216 δόξαν
924 4150 1071 4205 Θεοῦ
1091 4150 1341 4217 Πατρός.
1361 4150 1808 4223 Ἀμήν.Φανερὸν
1826 4147 1922 4206 οὖν

340 4245 437 4300 καὶ
456 4242 713 4311 ἱντεῦθεν
731 4243 814 4296 ὅτι
832 4243 898 4296 ὲκ
922 4240 1018 4295 τοῦ
1064 4241 1310 4307 ὶναντίου
1340 4240 1651 4313 πνεύματος
1667 4240 1922 4296 λαλοῦσιν

336 4338 387 4389 οἱ
411 4335 813 4407 Χριπομάχοι,
865 4334 941 4398 ὡς
972 4331 1246 4387 ἀντίπαλα
1279 4332 1375 4386 καὶ
1406 4333 1664 4389 ἀντίθετα
1686 4333 1794 4388 τῶν
1822 4333 1918 4388 τοῦ
1950 4330 1997 4387 D

338 4424 494 4479 θείου
528 4423 846 4495 Πνεύματος
872 4421 1070 4491 λογίων
1108 4420 1492 4492 φθεγγόμενοι.

412 4558 515 4613 νθ⁹.
543 4556 929 4613 Σκοπείτωσαν
952 4557 1010 4611 δὲ
1034 4559 1258 4612 κάκεῖνο
1278 4559 1329 4611 οἱ
1359 4558 1724 4627 ἀϐασίλευτοι,
1756 4561 1839 4615 ὅτι
1862 4562 1922 4616 τὸ

336 4650 648 4718 ,βασιλεὺς
670 4648 843 4720 ὄνομα
860 4650 960 4703 οὐκ
984 4649 1101 4703 ἔστι
1117 4649 1227 4703 τῶν
1248 4650 1538 4716 ἀπολύτως
1561 4651 1658 4708 καὶ
1679 4652 1922 4726 ἀσχέτως

341 4740 676 4812 λεγομένων,
699 4741 808 4795 τῶν
832 4740 965 4813 πρός
981 4758 1035 4795 τι
1054 4741 1131 4805 δὲ,
1152 4742 1247 4795 καὶ
1270 4741 1379 4796 τῶν
1402 4745 1461 4797 ἐν
1484 4743 1669 4814 σχέσει
1689 4743 1923 4817 θεωρουο

346 4835 567 4906 μένων·
606 4833 670 4886 οὐ
696 4833 810 4905 γὰρ
830 4832 897 4888 ἂν
918 4834 1141 4906 νοηθείη
1176 4834 1457 4905 βασιλεὺς,
1493 4835 1605 4889 τῶν
1640 4835 1922 4906 βασιλευο-

348 4926 533 4998 μένων
577 4925 743 4980 ἄνευ·
800 4925 924 4979 οὐδὲ
974 4926 1184 4997 ἄρχων,
1239 4926 1348 4979 τῶν
1403 4927 1723 4997 ἀρχομένων
1768 4927 1920 4997 δίχα’

344 5018 565 5089 ἀνάγκη
597 5018 706 5091 γὰρ
736 5018 925 5089 ἑτέρου
952 5018 1064 5071 τῶν
1096 5018 1490 5089 προσηγοριῶν
1513 5017 1723 5072 τούτων
1749 5017 1925 5070 τεθει-
1976 5066 1989 5075 .

346 5111 542 5182 μένου,
590 5106 1010 5177 συνεισάγεσθαι
1045 5107 1139 5161 καὶ
1168 5108 1395 5180 θάτερον
1457 5108 1646 5178 ὥσπερ
1676 5107 1741 5177 δὴ
1772 5108 1927 5161 ἀναι-

346 5205 617 5277 ρουμένου
676 5201 1124 5273 ωναναιρείσθαι
1152 5219 1165 5232 ·
1195 5203 1338 5258 οὕτω
1384 5205 1493 5276 γάρ
1532 5203 1601 5256 τὰ
1621 5202 1716 5256 τοῦ
1751 5200 1926 5266 εἴδους

342 5292 460 5348 τῶν
508 5292 791 5362 ὀνομάτων
845 5292 1051 5345 τούτων
1110 5291 1503 5364 μεταλαχόντα,
1556 5292 1807 5363 ἀλλήλοις
1844 5293 1924 5344 oi-

344 5379 627 5439 κειοῦνται
679 5384 754 5447 ὡς
788 5384 857 5437 τὰ
914 5382 1084 5436 πολλά
1138 5384 1229 5435 καλ⁸
1278 5383 1624 5436 συνδέονταιν
1658 5382 1732 5445 ὡς
1787 5381 1923 5451 μήτε

416 5606 463 5639 ⁸⁷
497 5605 690 5676 Philip.
722 5623 780 5669 ιι,
818 5607 896 5660 i0.

2010 1792 2093 1840 set
2123 1783 2449 1836 vaticinatus
2496 1782 2616 1838 sine
2661 1781 2923 1851 peculiari
2958 1780 3300 1845 deﬁnitione,
3332 1780 3580 1849 insurge-

2011 1881 2135 1937 rent
2168 1885 2297 1925 sane
2328 1869 2562 1939 ferocius
2586 1880 2750 1941 atque
2772 1868 3034 1925 audacius
3063 1880 3254 1924 contra
3308 1876 3579 1922 rectorum

2013 1965 2292 2034 religionis
2325 1965 2641 2034 degmatum
2669 1972 2994 2029 sectatores,
3020 1964 3238 2018 curiosa
3266 1960 3592 2031 garrulitate

2012 2054 2312 2109 vanitatem
2336 2062 2389 2108 et
2424 2052 2728 2109 fatuitatem
2756 2067 3069 2109 sermonum
3109 2066 3333 2106 suorum
3357 2062 3590 2119 exagge-

2013 2154 2237 2209 rantes;
2276 2157 2341 2197 ac
2367 2142 2539 2198 veluti
2579 2142 2613 2196 ii
2650 2143 2742 2212 qui
2773 2143 2825 2197 in
2858 2143 3091 2211 praedam
3126 2140 3393 2205 involant,
3422 2140 3593 2194 dicto-

2014 2248 2133 2288 rum
2164 2233 2451 2288 verborum
2471 2232 2875 2302 simplicitatem
2894 2241 3244 2299 oecupantes,
3273 2231 3588 2286 demensum

2014 2337 2078 2380 ac
2144 2322 2436 2378 litnitatum
2494 2323 2714 2379 Christo
2743 2339 2970 2394 regnum
3021 2323 3413 2393 assignassent.
3482 2321 3590 2377 Sed

2015 2416 2162 2479 enim
2196 2417 2323 2485 quia
2360 2430 2527 2486 regno
2550 2416 2795 2477 additum
2822 2424 2905 2469 est
2924 2416 3226 2483 epithetum
3246 2426 3514 2469 aeternum
3537 2424 3594 2468 et

2017 2507 2454 2578 incorruptibile,
2495 2510 2718 2579 etquod
2770 2523 2876 2562 non
2916 2509 2988 2563 sit
3013 2507 3384 2563 transitorium
3414 2522 3430 2572 ;
3461 2506 3590 2576 quid

2017 2601 2069 2655 ni
2111 2599 2225 2669 jam
2261 2600 2571 2669 imponetur
2622 2600 2937 2672 loquacitati
2982 2615 3170 2654 eorum
3229 2598 3468 2662 frenum,
3532 2606 3593 2650 ut

2016 2692 2332 2748 obstruetur
2347 2706 2509 2747 omne
2539 2707 2601 2747 os
2619 2678 2877 2747 adversus
2918 2706 3100 2760 regem
3132 2689 3454 2744 saeculorum
3487 2688 3592 2741 ini-

2016 2798 2118 2854 qua
2152 2782 2578 2852 loquens?Nam
2616 2784 2705 2854 qui
2749 2793 2989 2854 regnata
3022 2781 3220 2837 smculo
3244 2789 3298 2836 et
3329 2781 3380 2834 itt
3422 2794 3595 2834 saecu-

2016 2874 2125 2928 lum
2150 2884 2203 2935 et
2237 2873 2399 2948 ultra,
2436 2890 2709 2945 nunquam
2760 2890 2892 2929 sane
2953 2875 3262 2944 principatu
3308 2874 3592 2944 gloriaque

2018 2979 2113 3019 sua
2137 2965 2485 3034 spoliabitur,
2507 2981 2681 3037 neque
2712 2966 2944 3035 populus
2986 2967 3033 3020 ei
3061 2965 3342 3033 subjectus
3366 2966 3589 3036 ejusque

2018 3055 2210 3110 nutitia
2256 3054 2521 3123 imbutus,
2555 3056 2665 3127 regi
2694 3056 2847 3111 alteri
2880 3066 3059 3111 semet
3124 3053 3358 3109 addicet.
3409 3052 3596 3123 Neque

2017 3148 2164 3202 enim
2223 3147 2433 3213 melior,
2465 3149 2549 3203 cui
2605 3149 2938 3213 adhaereant,
2967 3148 3176 3218 υςρί.ιση
3212 3157 3295 3200 est
3349 3145 3434 3199 vel
3476 3161 3595 3198 om-

2018 3237 2149 3290 nino
2187 3237 2324 3291 erit.
2341 3238 2481 3308 Ergo
2501 3253 2677 3308 neque
2710 3238 2817 3292 ulla
2850 3239 3136 3309 tyrannide
3167 3252 3461 3306 oppressus
3490 3235 3595 3289 fuit

2019 3342 2198 3398 neque
2238 3328 2503 3398 direptus,
2529 3344 2705 3399 neque
2739 3340 3009 3399 potestate
3042 3328 3304 3398 dcjeetns.
3331 3328 3590 3397 Propter-

2016 3433 2083 3474 ea
2141 3433 2241 3473 nec
2264 3422 2547 3489 quisquam
2585 3420 2636 3472 in
2669 3420 2784 3489 ejus
2817 3420 3021 3472 ditione
3070 3420 3293 3485 degens,
3327 3418 3393 3471 ad
3451 3416 3592 3470 idola

1996 3513 2251 3585 accedit,
2283 3522 2377 3565 aut
2424 3510 2651 3566 damoni
2684 3510 2890 3580 primas
2927 3510 3194 3563 attribuit.
3226 3508 3360 3561 Nam
3420 3509 3588 3560 Deum

2028 3604 2427 3673 Dominamque
2450 3603 2693 3657 omnium
2717 3617 2897 3658 rerum
2937 3601 3208 3656 Christum
3247 3599 3593 3654 St-rtatorcnt

2019 3697 2284 3769 agnoscit,
2302 3710 2535 3765 eumque
2561 3704 2871 3749 veneratur.
2892 3691 3004 3762 Ipsi
3034 3692 3174 3747 enim
3190 3692 3424 3761 ﬂcttitttr
3442 3704 3595 3744 omne

2019 3807 2154 3863 genu
2184 3788 2489 3854 calestium,
2520 3787 2845 3841 terrestrium
2871 3794 2919 3839 et
2951 3784 3299 3855 infernarum,
3347 3793 3395 3836 et
3426 3782 3597 3836 omnis

2021 3883 2201 3950 lingua
2256 3878 2533 3947 conﬁtetur
2582 3879 2723 3949 quod
2778 3876 3038 3930 Dominus
3070 3874 3228 3930 Jestts
3273 3874 3513 3928 Christus
3542 3875 3596 3925 in

2020 3973 2189 4042 gloria
2214 3979 2289 4024 est
2332 3968 2426 4023 Dei
2465 3967 2667 4025 Patris.
2699 3970 2862 4024 Amen
2888 3968 2957 4022 ".
2996 3966 3136 4020 Hinc
3178 3967 3341 4020 etiam
3379 3966 3439 4019 lit
3464 3980 3596 4035 ergo

2021 4061 2359 4130 exploratum
2381 4059 2826 4115 Christomachos
2841 4058 3119 4113 contrario
3148 4056 3346 4126 spiritu
3381 4055 3592 4109 alllatos

2021 4151 2149 4215 fari,
2182 4151 2307 4230 quia
2333 4150 2607 4205 contraria
2630 4150 2843 4205 scilicet
2895 4159 2955 4203 et
3002 4148 3361 4217 repugnantia
3422 4145 3592 4200 divini
3626 4198 3633 4203 .

2023 4243 2258 4315 Spiritus
2292 4244 2530 4299 oraculis
2559 4242 2914 4312 eloquuntur.

2099 4556 2188 4612 59.
2223 4553 2354 4610 illud
2386 4566 2601 4621 quoque
2632 4549 2976 4605 considerent
3004 4556 3384 4609 contumaces,
3405 4556 3599 4597 nomen

2032 4663 2124 4702 rea:
2153 4662 2260 4701 non
2290 4628 2407 4700 esse
2433 4645 2497 4699 de
2530 4640 2915 4697 vocabulorum
2952 4651 3177 4692 numero
3206 4651 3326 4704 quae
3354 4634 3602 4689 absolute

2029 4748 2084 4793 et
2107 4738 2230 4793 laxo
2260 4752 2424 4791 sensu
2454 4734 2731 4800 dicuntur,
2772 4730 2867 4786 sed
2898 4730 2961 4784 ad
2990 4728 3263 4796 peculiare
3295 4725 3496 4791 aliquid
3526 4740 3598 4778 re-

2028 4831 2184 4894 ferri,
2213 4839 2406 4885 etcum
2434 4829 2693 4884 relatione
2734 4822 2993 4896 spectari.
3026 4819 3140 4873 Non
3168 4819 3314 4872 enim
3351 4816 3609 4887 intelligi—

2029 4934 2114 4977 tur
2145 4936 2237 4975 rett
2267 4922 2387 4976 sine
2413 4928 2637 4989 regnato
2662 4916 2881 4986 populi),
2903 4928 3078 4983 neque
3098 4925 3297 4981 praeses
3325 4910 3443 4963 sine
3462 4924 3602 4978 pra:-

2024 5013 2257 5067 l'ectura.
2276 5008 2509 5066 Necesse
2538 5008 2736 5079 quippe
2753 5016 2857 5070 est,
2884 5005 3149 5058 alterutro
3174 5016 3238 5055 ex
3260 5000 3344 5054 his
3366 4998 3603 5053 vocabu-

2024 5105 2093 5160 lis
2126 5105 2327 5175 posito,
2352 5097 2739 5172 comprehendi
2770 5107 2823 5152 et
2859 5097 3087 5150 alterum
3113 5112 3128 5160 ;
3169 5109 3278 5164 quo
3304 5101 3604 5162 perempto,

2027 5198 2173 5252 aliud
2228 5176 2387 5251 simul
2423 5194 2579 5262 perit.
2617 5192 2862 5259 Namque
2903 5189 3016 5242 haec
3083 5187 3302 5241 nomina
3340 5183 3503 5253 230
3553 5182 3605 5233 id

2034 5305 2205 5360 genus
2224 5297 2375 5351 sunt,
2409 5284 2715 5339 utinvieem
2746 5280 3034 5336 fatuiiiaria
3069 5278 3389 5348 plerumque
3413 5275 3523 5325 sint
3555 5280 3610 5322 et

2035 5360 2284 5450 capulum
2307 5378 2414 5444 ;ita
2435 5386 2491 5430 ut
2519 5390 2693 5446 neque
2719 5376 2820 5428 hoc
2856 5373 2973 5428 sine
3004 5372 3096 5425 illo
3124 5367 3413 5437 Cogitetur,
3435 5376 3608 5430 nequit!
