4054 6204
329 353 444 426 745

1201 349 1768 429 APOLOGETICUS
1803 346 1951 418 PRO
1989 345 2262 421 SACBIS'
2290 350 2770 425 IMAGINIBUS.

3486 364 3592 432 746

332 479 525 551 ψύχων
555 478 649 533 τοῦ
687 475 1002 552 Πνεῦματος
1043 481 1187 536 ναῶν
1213 480 1598 551 ἐξυφήναντες,
1649 477 1708 530 οὐ
1753 475 1912 547 μέχρι

2015 470 2316 530 subsistunt
2339 478 2469 546 ;sed
2494 477 2608 548 jam
2643 487 2832 534 contra
2877 477 3176 537 inauimata
3203 497 3418 553 quoque
3451 493 3588 538 tem.

336 573 534 626 τούτου
570 571 810 644 ἔστησαν
829 589 842 604 ο
873 573 976 644 ἥδη
1007 574 1065 628 δὲ
1089 574 1182 628 καὶ
1205 573 1346 628 κατὰ
1368 571 1479 627 τῶν
1509 571 1732 642 ἀψύχων
1749 571 1913 634 ναῶν,

337 663 502 719 θείων
529 663 576 718 δ’
603 664 776 736 ὅμως,
809 664 906 727 τὰς
943 665 1192 728 ἀνοσίους
1220 665 1410 736 χεῖρας
1441 662 1797 718 καθώπλισαν
1817 678 1830 692 ·
1863 661 1918 716 oi

334 773 399 824 γε
439 755 518 826 τῷ
546 755 662 808 ὄντι
682 747 844 818 ναούς
871 755 1166 824 δαιμονίων
1196 755 1295 819 τὰς
1327 754 1480 826 σφῶν
1514 755 1695 809 αὐτῶν
1736 753 1916 824 ψυχὰς

336 844 752 912 ἀποφαίνοντες,
785 845 894 899 ἀπὸ
941 846 1037 898 τοῦ
1074 844 1322 912 δοξάζειν
1359 842 1600 907 εἰδώλοις
1649 843 1724 906 ὡς
1773 843 1916 905 θεοῖς

337 937 645 1010 προσιέναι,
679 938 768 992 ἵνα
817 937 1096 992 κάνταῦθα
1122 939 1184 992 τὸ
1230 939 1369 1010 πρὸς
1401 938 1686 992 εὐσέϐειαν
1728 937 1913 1000 αὐτοῖς

335 1027 705 1099 ἀκοινώνητον
740 1027 1189 1099 μαρτυρούμενον
1237 1027 1568 1099 διαφαίνοιτο
1592 1043 1606 1058 ·
1652 1025 1777 1080 οὔτε
1805 1026 1913 1096 γὰρ

337 1117 594 1172 κοινωνία
632 1119 773 1188 φωτὶ
818 1118 954 1188 πρὸς
987 1119 1200 1183 σκότος,
1245 1119 1322 1182 ὡς
1357 1119 1480 1173 οὐδὲ
1511 1117 1914 1189 συγκατάθεσις

336 1209 454 1280 ναῷ
477 1208 616 1262 Θεου
634 1208 788 1280 ,μετὰ
819 1208 1074 1276 εἰδώλων,
1105 1213 1196 1264 καὶ
1221 1209 1362 1264 ὥστε
1397 1212 1471 1284 μὴ
1502 1213 1560 1266 ὲν
1601 1211 1914 1291 λόγοιςμό-

336 1319 430 1356 νον
458 1300 530 1354 τά
556 1302 653 1372 τῆς
684 1299 1035 1372 βλασφημίας
1061 1303 1244 1367 αὐτοῖς
1273 1302 1514 1374 ἐξέρποι,
1547 1303 1663 1357 ἀλλ’
1692 1304 1795 1375 ἤδη
1821 1303 1915 1356 καὶ

335 1397 396 1448 ἐν
431 1394 752 1466 πράγμασιν
781 1393 1138 1465 ὲξανυόμενον
1167 1396 1348 1450 αὐτῶν
1391 1397 1688 1466 καθορᾶται
1733 1397 1794 1450 τὸ
1824 1415 1917 1450 κα-

337 1486 656 1558 κούργημα,
704 1485 799 1540 xui.
833 1485 957 1557 μηδ’
993 1487 1165 1556 ἀκοῆς
1205 1487 1366 1557 μέχρι
1415 1487 1811 1558 περιθρυλῆται
1854 1488 1914 1541 τὸ

342 1577 650 1648 δύσφημον,
681 1575 816 1630 ἀλλά
867 1579 970 1630 κάν
1005 1581 1126 1642 ταῖς
1161 1578 1418 1632 ἁπάντων
1445 1579 1618 1648 ὕψεσι·
1644 1577 1914 1650 βλεπόμε-

336 1687 429 1725 νον
459 1669 783 1742 προκέηται.

413 1759 476 1824 ξ’.
503 1757 634 1833 'Ap'
672 1755 766 1814 οὖν
796 1759 1204 1831 κατεψεύσαντο
1223 1763 1322 1832 μὲν
1353 1765 1447 1818 καὶ
1495 1765 1911 1836 κατηγόρευσαν

2016 565 2128 635 pla,
2153 575 2207 621 et
2244 577 2425 623 tamen
2460 569 2664 636 divina,
2699 586 2890 625 manus
2921 582 3236 640 armarunt;
3264 574 3356 645 qui
3398 589 3586 630 revera

2017 655 2404 712 daemoniorum
2430 660 2628 728 templa
2652 661 2864 716 animas
2891 676 3022 718 suas
3039 677 3163 720 esse
3187 666 3584 732 demonstrant,

2016 748 2139 802 dum
2167 749 2486 805 existimant
2537 752 2604 805 ad
2638 752 2780 808 idola
2831 763 3084 824 tanquam
3147 757 3214 812 ad
3253 757 3382 813 deos
3426 774 3586 814 aere-

2014 838 2176 903 dere;
2212 847 2268 892 ut
2317 839 2368 893 id
2393 841 2555 894 etiam
2585 841 2822 910 ipsorum
2849 859 2876 896 a
2901 853 3052 899 recta
3091 845 3350 916 religione
3382 847 3590 903 aliena-

2017 927 2218 984 tionem
2263 938 2511 986 testetur.
2540 929 2734 1002 Neque
2782 934 2926 989 enim
2961 943 3045 990 est
3094 938 3405 994 communio
3455 939 3592 995 lueis

2015 1033 2138 1073 eum
2171 1022 2434 1088 tenebris,
2461 1039 2560 1080 nec
2586 1027 2924 1082 consortium
2959 1027 3147 1098 templi
3190 1029 3281 1086 Dei
3311 1046 3432 1086 cum
3463 1031 3584 1088 ido-

2017 1109 2100 1165 lis.
2141 1113 2291 1168 Adeo
2323 1123 2382 1168 ut
2417 1102 2528 1170 non
2556 1117 2849 1173 verborum
2887 1115 3061 1174 tenus
3081 1119 3423 1191 blasphemia
3465 1123 3590 1179 illo-

2016 1213 2132 1258 rum
2159 1216 2362 1276 serpat,
2388 1207 2608 1277 sedjam
2640 1211 2896 1280 operibus
2919 1227 3134 1284 quoque
3166 1216 3354 1286 peragi
3390 1219 3590 1288 nequi-

2021 1297 2088 1349 tia
2128 1296 2340 1351 illorum
2398 1311 2706 1371 spectetur;
2733 1319 2908 1371 neque
2960 1306 3184 1362 auribus
3213 1310 3590 1366 tantummodo

2017 1387 2240 1444 infamia
2292 1390 2508 1446 illorum
2574 1394 2811 1460 insonet,
2857 1397 2952 1453 sed
3006 1406 3063 1453 et
3114 1401 3359 1455 omnium
3419 1401 3592 1456 oculis

2016 1481 2398 1550 conspicienda
2423 1494 2659 1552 prostet.

2084 1745 2172 1803 60.
2201 1747 2418 1818 Ergone
2449 1758 2725 1820 negantet
2752 1749 3010 1811 incusant
3043 1755 3281 1812 divinant
3308 1775 3592 1816 arcanam-

334 1855 438 1924 τῆς
465 1823 615 1913 θείας
667 1852 763 1906 καὶ
815 1823 1322 1926 ἀπορρήτουοδόξης
1351 1873 1412 1909 τε
1465 1857 1560 1910 καὶ
1607 1823 1912 1928 δύνάμεως,

2019 1837 2122 1910 que
2155 1841 2495 1912 majestatem
2526 1854 2689 1914 atque
2711 1847 3029 1915 potentiam,
3066 1859 3119 1906 et
3163 1860 3272 1906 tttm
3299 1852 3591 1924 inspirato-

335 1947 438 2016 τῆς
489 1961 550 1998 τε
585 1943 695 1998 τῶν
737 1942 1145 2006 θεοπνεύστων,
1198 1947 1294 2000 καὶ
1329 1947 1431 2018 τῆς
1483 1948 1590 2002 τῶν
1650 1949 1916 2019 θεολόγων

336 2035 798 2108 ωτεφλυάρησαν
837 2035 1223 2103 διδασκαλιας,
1259 2038 1427 2110 δρῶσι
1464 2041 1522 2093 δὲ
1564 2035 1637 2095 ὧν
1673 2042 1916 2096 involo-

336 2144 517 2198 τησαν
544 2127 762 2200 ἥττονα,
811 2128 846 2198 ἢ
888 2127 1190 2196 καθυφιᾶσι
1239 2133 1354 2194 τοῖς
1409 2129 1916 2204 βλασφημουμένοις

336 2219 578 2287 ὲκδείξαι
635 2219 1016 2291 παρισούμενα
1066 2219 1135 2272 τά
1193 2219 1566 2292 πραττόμενα,
1606 2221 1638 2294 ἢ
1683 2224 1745 2278 οὐ
1795 2224 1916 2277 λίαν

338 2309 752 2381 ὑπεραίροντας
783 2306 856 2364 Οὐ
886 2325 986 2379 μεν
1007 2307 1101 2362 οῦν
1123 2325 1138 2340 ο
1160 2309 1276 2364 ἀλλ’
1301 2311 1358 2364 ὲν
1389 2305 1434 2379 ᾧ
1467 2312 1559 2365 τὸν
1588 2313 1800 2384 πατέρα
1821 2312 1914 2366 τοῦ

333 2401 572 2472 ψεύδους
599 2399 848 2455 διάϐολον
877 2397 1050 2454 πάλαι
1089 2395 1516 2472 ἀπολειπόμενον
1545 2402 1640 2456 καὶ
1663 2403 1912 2473 ἡττώμε-

335 2509 431 2546 νον
455 2491 720 2562 εγνωμεν,
771 2491 932 2560 τοῦτο
967 2491 1064 2546 νῦν
1097 2491 1526 2563 προστιθέμενον
1567 2493 1784 2565 ὁρῶμεν
1823 2495 1916 2548 καὶ

335 2582 712 2652 ὲπαυξόμενον
735 2597 752 2614 ο
788 2581 850 2652 τδ
871 2583 1003 2654 πρὶν
1027 2581 1136 2654 γὰρ
1167 2583 1224 2636 ὲν
1245 2581 1422 2651 λόγοις
1451 2581 1614 2652 μόνον
1642 2582 1734 2636 τὸν
1773 2584 1917 2637 κατά

332 2675 438 2745 τῆς
475 2673 804 2744 Ἐκκλησίας
855 2673 1093 2745 ἄρασθαι
1148 2674 1384 2744 πόλεμον
1406 2675 1532 2738 τούς
1580 2673 1915 2740 ἀσεϐοῦντας

332 2766 794 2838 παρασκευάσας,
829 2767 928 2820 atati.
965 2767 1167 2838 μυρίας
1214 2767 1348 2832 ὅσας
1405 2766 1650 2838 αἱρέσεις
1697 2769 1756 2821 ὲν
1799 2771 1915 2846 τοῖς

330 2857 688 2928 Χριστιανοῖς
719 2857 1067 2929 παρενείρας,
1103 2859 1162 2910 ὲν
1191 2858 1270 2928 τῷ
1301 2859 1394 2912 νῦν
1419 2859 1480 2912 οὐ
1515 2858 1693 2928 λόγοις
1730 2859 1912 2930 μόνον,

332 2947 440 3018 ἥδη
467 2946 526 3000 δὲ
554 2949 815 3019 προσθεὶς
853 2948 1034 3002 καὶτὸ
1081 2949 1424 3021 λειπόμενον,
1457 2953 1552 3006 καὶ
1598 2951 1782 3025 ἔργοις
1815 2954 1914 3007 αὐ-

331 3041 450 3103 τοῖς
491 3039 632 3094 κατά
669 3039 780 3092 τῶν
837 3039 998 3094 θείων
1041 3041 1220 3113 δόμων
1251 3044 1346 3098 καὶ
1389 3043 1498 3098 τῶν
1540 3044 1714 3099 ἄλλων
1754 3046 1914 3117 ἱερῶν

331 3132 706 3204 ἀναθημάτων
743 3132 1126 3204 ὲξεϐάκχευσε,
1177 3135 1246 3189 τά
1284 3135 1421 3208 πρὸς
1461 3136 1784 3208 καθαίρεσιν
1813 3139 1908 3195 τοῦ

335 3223 552 3294 κόσμου
581 3225 676 3278 καὶ
704 3225 805 3296 τῆς
842 3227 1178 3298 εὐπρεπείας
1207 3229 1412 3295 αὐτῶν,
1445 3229 1908 3302 κατεργάζεσθαι,

331 3315 412 3378 ώς
431 3314 500 3368 ἂν
517 3314 588 3368 δι’
613 3317 938 3392 ἀμφοτέρων
981 3318 1042 3372 τὸ
1072 3319 1154 3384 είς
1186 3319 1384 3374 κακίαν
1427 3322 1724 3393 περιφανὲς
1773 3323 1910 3377 ἀπο-

333 3405 591 3478 φέροιντο
615 3421 632 3438 ⁶
657 3407 900 3480 τολμῶσι
919 3409 1049 3479 γοῦν
1076 3413 1126 3464 οἱ
1155 3409 1431 3480 ὲξάγιστοι
1455 3412 1598 3466 κατά
1623 3413 1730 3465 τῶν
1753 3413 1911 3486 ίερῶν

335 3502 433 3554 καὶ
467 3499 632 3556 θείων
669 3499 859 3557 τύπων
905 3505 997 3556 κ;ι“ι
1041 3504 1324 3574 συμϐόλων
1350 3505 1449 3574 τῆς
1497 3503 1766 3577 σωτηρίου
1815 3505 1910 3558 τοῦ

331 3593 474 3646 Θεοῦ
501 3595 676 3659 Λόγου
703 3595 1014 3666 οἰκονομίας
1037 3613 1094 3648 τε
1127 3583 1220 3650 καὶ
1245 3595 1592 3665 σαρκώσεως,
1621 3597 1712 3650 καὶ
1741 3595 1834 3650 τὸν
1853 3597 1912 3649 ὲν

331 3688 452 3748 τοῖς
487 3685 664 3754 ἁγίοις
685 3687 858 3750 οίκοις
897 3686 1270 3758 ἐπιχειροῦσιν
1317 3687 1680 3758 ἀπαγλαῖςειν
1731 3686 1912 3742 διάκο-

336 3793 496 3846 σμον,
563 3778 660 3831 καὶ
712 3777 1044 3847 καθαιροῦσι
1094 3778 1194 3850 τῆς
1229 3779 1472 3850 ἱστορίας
1517 3779 1579 3833 τὸ
1631 3779 1806 3846 ἅγιον,
1842 3780 1912 3833 τά

332 3865 552 3935 σεμνῶς
574 3867 944 3936 τετυπωμένα
970 3863 1294 3930 ἁποξέοντες
1317 3864 1674 3936 ἀνοητότατα.
1718 3865 1782 3916 Ὢ
1809 3863 1911 3934 τῆς

334 3950 571 4020 μανίαςί
594 3948 640 4002 ὣ
670 3950 771 4019 τῆς
798 3944 1003 4020 τόλμας
1025 3951 1118 4003 καὶ
1150 3951 1248 4022 τῆς
1266 3949 1622 4020 ἀναισχύντου
1643 3947 1866 4018 γνώμης
1888 3947 1905 4002 i

335 4041 524 4110 ’Δπερ
548 4040 648 4110 ήδη
675 4040 1019 4112 Χριστιανῶν
1046 4043 1096 4094 οί
1122 4039 1499 4111 εὐσεϐέστεροι
1528 4039 1619 4093 καὶ
1645 4038 1905 4110 φιλόθεοι,

329 4131 392 4185 τὸ
415 4129 682 4185 ἀνέκαθεν
705 4131 870 4198 ἱερεῖς
885 4147 965 4194 τε,
986 4131 1151 4200 φημὶ,
1169 4132 1264 4184 καὶ
1293 4129 1554 4200 βασιλεῖς,
1577 4129 1692 4182 ὅσοι
1710 4145 1770 4182 τε
1797 4127 1907 4181 τῶν

331 4224 390 4276 ὲν
420 4223 586 4284 τέλει,
623 4223 717 4276 καὶ
749 4222 856 4276 τῶν
889 4223 1064 4277 ἀλλων
1085 4222 1139 4276 οἳ
1178 4223 1306 4290 περὶ
1335 4217 1752 4293 τὴνέὐσέϐειαν
1783 4218 1906 4288 θερ-

335 4315 556 4386 μότεροί
585 4332 643 4368 τε
669 4316 764 4369 καὶ
793 4313 1218 4384 σπουδαιότεροι,
1244 4313 1490 4385 διαπύρῳ
1523 4311 1674 4383 πόθῳ
1696 4311 1789 4366 καὶ
1815 4309 1906 4364 πί·-

333 4423 450 4461 στει
489 4407 758 4478 θερμῇτῇ
805 4408 885 4468 είς
916 4405 1148 4476 Χριστὸν
1199 4406 1292 4458 καὶ
1341 4406 1466 4468 τούς
1515 4405 1703 4472 ἁγίους
1734 4420 1903 4456 κατα-

2021 1948 2135 1985 runt
2189 1939 2301 1985 tum
2350 1931 2516 1986 etiam
2575 1930 2950 2006 theologorum
2984 1952 3350 2010 aspernantur
3387 1945 3594 2000 doctri-

2018 2037 2136 2085 nas,
2174 2021 2381 2080 faciunt
2433 2035 2612 2080 tamen
2666 2027 2879 2084 minora
2942 2031 3124 2098 dictis,
3162 2043 3256 2089 aut
3315 2036 3592 2108 negiigunt

2017 2115 2392 2170 demonstrare
2419 2117 2568 2187 paria
2593 2117 2947 2188 blasphemiis
2985 2120 3146 2188 facta,
3183 2123 3264 2180 vel
3295 2141 3398 2180 non
3425 2128 3584 2198 231

2015 2209 2209 2275 oppido
2261 2207 2509 2278 majora?
2565 2209 2712 2265 Nihil
2770 2213 2970 2268 minus.
3005 2212 3112 2268 Sed
3167 2217 3309 2284 quod
3367 2233 3397 2272 a
3433 2229 3590 2288 patre

2018 2299 2280 2353 mendacii
2341 2301 2558 2357 diabolo
2598 2303 2862 2358 omissum
2891 2305 3043 2370 olim,
3090 2307 3172 2362 vel
3225 2318 3384 2366 tenue
3421 2311 3590 2368 fuisse

2015 2393 2242 2458 scimus,
2289 2397 2430 2450 nunc
2453 2395 2672 2450 demum
2711 2397 2988 2467 adjectum
3037 2400 3284 2456 videmus
3317 2411 3369 2456 et
3395 2419 3588 2458 cuntuo

2015 2483 2201 2540 latum.
2230 2485 2363 2545 Nam
2393 2501 2514 2542 eum
2551 2497 2708 2543 antea
2735 2489 2806 2543 ad
2825 2484 3022 2544 belium
3054 2501 3243 2566 contra
3265 2492 3584 2558 Ecclesium,

2019 2577 2234 2632 nonnisi
2267 2577 2449 2634 verbis
2483 2579 2804 2649 gerendum,
2825 2581 3022 2652 impios
3046 2596 3440 2654 comparasset,
3467 2587 3589 2656 plu-

2017 2669 2293 2739 rimasque
2325 2670 2564 2727 haereses
2597 2673 2742 2728 inter
2791 2673 3138 2732 Christianos
3181 2679 3434 2745 sevisset,
3485 2682 3588 2737 hoc

2013 2761 2230 2816 demum
2253 2761 2496 2835 tempere
2525 2781 2629 2821 non
2659 2767 2841 2824 verbis
2863 2777 3099 2838 tantum,
3120 2772 3213 2826 sed
3237 2774 3382 2842 quod
3401 2771 3588 2829 deerat

2015 2853 2246 2924 adjecto,
2286 2853 2452 2912 factis
2505 2871 2722 2928 quoque
2771 2859 2903 2930 ipsis
2927 2869 3115 2918 contra
3171 2864 3382 2920 divinas
3439 2867 3586 2922 aedes

2015 2955 2178 3014 atque
2233 2945 2336 3000 alia
2369 2959 2523 3004 sacra
2561 2950 2784 3006 donaria
2818 2951 3140 3021 bacchatur,
3165 2956 3376 3012 illorum
3421 2973 3586 3014 orna-

2017 3041 2131 3087 tum
2177 3045 2341 3104 atque
2375 3035 2719 3106 splendorem
2773 3039 3122 3110 pessumdare
3171 3045 3396 3103 studens
3439 3065 3455 3102 ;
3510 3048 3586 3102 ita

2017 3130 2074 3175 ut
2105 3133 2333 3192 utraque
2359 3139 2418 3179 re
2475 3127 2680 3183 malitia
2708 3129 2940 3184 istorum
2997 3143 3343 3206 coarguatur.
3380 3134 3588 3193 Furunt

2021 3211 2185 3282 igitur
2214 3213 2268 3267 lii
2295 3213 2512 3270 nefandi
2537 3227 2732 3272 contra
2760 3233 2946 3276 sacros
2971 3221 3296 3294 divinosque
3327 3234 3481 3298 typos
3523 3243 3590 3284 ac

2019 3301 2262 3370 symbola
2293 3303 2549 3360 salutaris
2582 3303 2675 3360 Dei
2704 3305 2865 3362 Verbi
2897 3313 3214 3366 oeconomiae
3245 3324 3298 3368 et
3335 3315 3590 3372 incarna-

2019 3393 2200 3456 tionis,
2225 3402 2280 3448 et
2304 3409 2462 3448 sacra
2499 3395 2551 3449 in
2598 3397 2812 3466 templis
2845 3411 3159 3456 ornamenta
3211 3405 3459 3460 nituntur
3495 3409 3588 3464 dc-

2021 3491 2258 3552 turpare,
2291 3487 2584 3554 impressas
2619 3486 2672 3541 in
2713 3488 2872 3544 altari
2906 3491 3160 3546 historias
3191 3493 3394 3563 delent,
3443 3500 3588 3553 scul-

2018 3574 2166 3645 ptilia
2187 3586 2371 3632 sancta
2395 3576 2714 3634 stultissime
2737 3579 3028 3636 abradunt.
3048 3582 3093 3640 Ο
3114 3583 3348 3642 furorem
3371 3589 3386 3643 l
3424 3605 3458 3642 ο
3485 3607 3586 3645 au-

2016 3667 2226 3720 daciam
2277 3677 2332 3722 et
2390 3668 2758 3738 impudentem
2806 3672 2976 3726 animi
3035 3665 3392 3734 sententiam!
3439 3681 3586 3749 Quas

2021 3759 2455 3815 Christianorum
2481 3761 2803 3832 pientissimi
2831 3774 2886 3818 ct
2901 3764 3316 3836 religiosissimi,
3334 3773 3585 3842 superio-

2019 3864 2132 3916 res,
2165 3850 2410 3920 inquam,
2449 3857 2761 3910 sacerdotes
2789 3871 2852 3910 ac
2871 3871 3044 3928 reges,
3084 3859 3470 3934 etqtticuttqttc
3499 3867 3586 3920 di-

2017 3943 2224 4012 gnitate
2255 3941 2554 4010 fulgebant,
2587 3947 2877 4018 ceterique
2914 3960 3176 4022 quotquot
3211 3953 3409 4023 pietate
3475 3957 3584 4010 fer-

2019 4034 2289 4089 veutiores
2343 4046 2498 4090 erant
2528 4048 2583 4092 et
2613 4041 2989 4107 studiosiores,
3040 4042 3369 4100 inflammato
3397 4062 3585 4104 amore

2017 4127 2303 4196 calidaque
2362 4127 2416 4181 in
2465 4129 2738 4185 Christum
2796 4131 2920 4186 iide'
2951 4144 3274 4201 sanctosque
3309 4139 3578 4204 succensi,

2013 4217 2364 4271 elaborarunt
2397 4226 2565 4286 atque
2597 4218 2838 4274 historiis
2861 4231 3146 4286 ornarnut,
3185 4227 3575 4296 imagunculae.

2012 4309 2253 4380 inquam,
2279 4311 2394 4378 pias
2420 4323 2735 4379 sacrasque,
2767 4313 3084 4366 etomnium
3119 4315 3228 4369 Deo
3261 4316 3312 4370 in
3337 4315 3578 4370 delubris

2013 4418 2039 4454 a
2073 4421 2130 4458 se
2153 4403 2436 4457 :vdillcatis
2475 4416 2840 4478 sculpserunt,
2878 4415 3035 4474 prout
3055 4407 3192 4461 ratio
3221 4409 3477 4480 cujusque
3501 4413 3576 4466 rei

332 4499 698 4569 φλεγόμενοι,
762 4497 1174 4568 ὲκπεπονήκασί
1236 4514 1294 4550 τε
1351 4499 1446 4550 καὶ
1497 4495 1898 4566 ἀνιστόρησαν’

2013 4510 2408 4570 reprmsentatae
2438 4499 2668 4565 ferebat,
2703 4514 2808 4554 non
2841 4499 3268 4570 perhorrescunt
3293 4501 3345 4556 bi
3391 4503 3575 4558 miseri

331 4591 625 4660 ἀγάλματα
659 4590 776 4644 θεῖα
803 4591 896 4644 καὶ
937 4590 1077 4659 ίερά,
1109 4591 1167 4642 ἐν
1203 4583 1286 4653 οἷς
1307 4587 1634 4659 καθίδρυσαν
1677 4585 1756 4657 τῷ
1782 4584 1901 4656 Θεῷ

330 4681 444 4735 τῶν
473 4681 610 4735 ὅλων
641 4683 827 4750 σηκοῖς
847 4680 1310 4750 ὲντυπωσάμενοι,
1333 4677 1453 4732 καθ’
1482 4677 1510 4731 ὃ
1531 4678 1762 4730 ἑκάστου
1791 4675 1900 4729 τῶν

330 4769 694 4842 τυπουμένων
729 4772 759 4824 ό
805 4770 964 4840 λόγος
1013 4769 1302 4834 ἐπέϐαλεν,
1354 4769 1415 4822 οὐ
1455 4768 1770 4839 φρίττουσιν
1808 4767 1901 4821 ἀν·

329 4862 582 4935 ορύττειν
613 4862 707 4916 καὶ
751 4861 1112 4927 καταπαίζειν
1146 4863 1195 4914 oi
1223 4861 1479 4914 δείλαιοι·
1510 4859 1611 4914 κᾶν
1639 4858 1902 4930 ἠπείθησέ

325 4971 413 5018 τις
451 4953 637 5018 αὐτοῖς
663 4951 749 5022 ἐφ’
770 4947 853 5016 οἷς
883 4953 1066 5016 κακῶς
1103 4944 1198 5008 καὶ
1225 4951 1400 5016 ἀθέως
1429 4951 1731 5018 δοξάζουσι,
1768 4950 1904 5022 πρὸς

324 5046 388 5100 τδ
410 5046 623 5118 ἀπηχὲς
651 5038 744 5098 καὶ
771 5043 1186 5116 δυσφοριίπατον
1224 5042 1556 5116 σχετλιάζων
1587 5042 1680 5098 τοῦ
1719 5043 1898 5112 λόγου,

323 5139 375 5194 εί
409 5138 486 5212 μὴ
523 5139 675 5193 ἀθεεὶ
703 5138 1133 5209 αὐτουργοῦντας
1161 5139 1229 5192 τὰ
1274 5137 1496 5192 τοιαῦτα
1528 5136 1672 5208 ἐώρα
1695 5154 1709 5168 ο
1759 5135 1899 5189 ὥστε

322 5231 528 5294 αὐτοὺς
560 5233 636 5294 είς
669 5230 961 5302 βεϐαίωσιν
989 5231 1097 5284 τῶν
1127 5230 1384 5302 ἀθέσμως
1429 5231 1760 5302 λεγομένων,
1791 5229 1901 5282 τῶν

322 5323 624 5396 δρωμένων
649 5324 792 5394 ἔχειν
819 5323 880 5376 τὸ
929 5323 1272 5394 παράνομον⁹
1315 5320 1432 5386 πῶς
1477 5321 1586 5394 γὰρ
1614 5323 1714 5375 οὐκ
1749 5319 1902 5388 θέτ’

322 5435 517 5491 χονται
571 5417 820 5489 φανερῶς
883 5417 959 5490 τῷ
1017 5419 1130 5472 butt
1176 5415 1724 5488 είδωλολατρώντεςς
1753 5418 1902 5472 ἀναι-

325 5511 575 5583 σχύντως
599 5512 773 5578 οὐτως
800 5513 942 5568 κατά
970 5511 1079 5566 τῶν
1107 5510 1200 5565 τοῦ
1245 5509 1381 5565 Θεοῦ
1427 5509 1594 5564 οίκων
1617 5510 1902 5580 ἑπιμαινό-

323 5621 510 5677 μενοι,
560 5603 636 5668 ώς
693 5606 856 5677 ἑτέρᾳ
915 5603 1182 5676 θρησκείᾳ
1229 5601 1753 5674 μυσταγωγούμενοι
1809 5602 1902 5656 καὶ

319 5695 668 5768 τελούμενοι,
695 5698 730 5769 ἡ
761 5697 846 5760 τίς
871 5695 1004 5749 ποτέ
1031 5697 1201 5758 ἐστιν,
1259 5694 1414 5749 αὐτοὶ⁸
1449 5695 1644 5748 εἰδεῖεν
1673 5694 1759 5759 ἂν,
1807 5695 1901 5746 καὶ

321 5787 419 5844 τὸν
449 5786 660 5861 Κύριον
687 5788 846 5859 ἡμῶν
910 5786 1118 5858 Ἰησοῦν
1173 5787 1412 5860 Χριστζιν
1441 5785 1533 5840 τὸν
1561 5786 1651 5841 ἐπὶ
1681 5786 1899 5841 πάντων

645 5881 915 5942 ΡΑτιιοι.
947 5883 1062 5942 Gn.
1121 5880 1186 5937 C.

2006 4590 2295 4647 subfodere
2339 4601 2392 4646 et
2417 4590 2665 4648 illude‘re.
2704 4589 2767 4646 Et
2797 4591 2886 4646 vix
2917 4591 3204 4663 quisquam
3233 4605 3425 4662 pravas
3453 4609 3575 4650 esse

2011 4693 2291 4752 tantopere
2323 4681 2624 4751 impiasque
2674 4679 2886 4736 illorum
2918 4681 3202 4751 opiniones
3241 4684 3577 4746 erederet,et

2005 4773 2407 4829 intolerabilem
2451 4773 2630 4844 petius
2664 4771 2950 4828 verborum
2976 4773 3170 4840 quibus
3199 4781 3425 4829 utuntur
3450 4790 3576 4846 pra-

2005 4869 2224 4921 vitatem
2282 4875 2649 4930 aversurelur,
2691 4865 2794 4920 nisi
2849 4866 2965 4935 ipso
2999 4879 3163 4934 opt-re
3204 4867 3318 4922 haec
3367 4868 3572 4923 scelera

2005 4969 2288 5030 patrautcs
2314 4968 2598 5021 cerneret;
2636 4956 2778 5010 unde
2821 4956 3071 5024 sequitur
3117 4967 3176 5010 ut
3221 4957 3256 5013 ii
3283 4960 3574 5014 verborum

2005 5049 2359 5105 nefandorum
2396 5055 2586 5104 testem
2623 5047 3100 5117 liabeautoperum
3145 5051 3573 5120 improbitatem.

2005 5143 2200 5210 Quidni
2244 5143 2387 5196 enim
2441 5139 2722 5194 evidenter
2763 5141 3163 5203 convinyuutnr
3205 5157 3326 5198 esse
3350 5144 3576 5198 iduluia-

2007 5233 2138 5288 me?
2169 5235 2292 5287 dum
2327 5232 2400 5286 ita
2429 5231 2773 5300 impudenter
2797 5240 2984 5286 contra
3016 5231 3106 5286 Dei
3138 5233 3338 5302 templa
3362 5232 3570 5295 furunt,

2003 5327 2155 5396 quasi
2196 5325 2297 5394 ipsi
2352 5323 2510 5377 alteri
2539 5321 2786 5390 religioni
2837 5325 2947 5378 sint
2979 5325 3203 5390 initiati,
3234 5325 3340 5378 imo
3371 5337 3572 5378 conse-

2003 5418 2161 5480 crati,
2191 5431 2321 5493 qum
2367 5414 2666 5485 cujusmodi
2725 5415 2797 5470 sit
2843 5416 2942 5486 ipsi
2992 5419 3280 5480 noverint;
3319 5424 3371 5470 et
3411 5413 3571 5483 quasi

2003 5509 2288 5562 Dominum
2368 5516 2612 5562 nostrum
2662 5505 2852 5564 Jesutn
2915 5507 3186 5563 Christum
3255 5519 3569 5574 supremum

2001 5600 2168 5656 Deum
2193 5599 2600 5671 abuegaveriut,
2631 5611 2687 5655 ut
2722 5615 2789 5656 ex
2818 5601 2902 5654 his
2937 5596 3324 5668 consequentia
3383 5595 3570 5650 existi-

2001 5707 2150 5746 mare
2171 5693 2399 5748 suadent
2425 5708 2440 5758 ;
2469 5693 2622 5762 quasi
2645 5691 2879 5761 denique
2903 5688 3104 5744 frustra
3131 5687 3567 5744 Christianorum

2002 5801 2198 5842 nomen
2253 5785 2572 5840 retineant:
2626 5782 2860 5838 falsitate
2889 5782 3032 5837 enim
3083 5780 3412 5848 Innituntur,
3453 5778 3567 5834 sola

3212 5877 3291 5939 24
