4054 6204
327 277 438 348 ’153

1171 285 1738 348 APOLOGETICUS
1779 288 1926 348 PRO
1965 289 2232 349 SACRIS
2274 289 2760 352 IMAGINIBUS.

3473 291 3578 352 754

333 395 401 445 ἐκ
445 391 553 446 τῶν
607 391 893 464 παρόντων
942 393 1344 462 καθίστασθαι,
1403 397 1479 460 ὡς
1531 397 1690 468 εἴπερ
1733 399 1914 462 αὐτοῖς

2023 409 2262 472 tempore
2289 401 2540 456 Christus
2574 402 2926 468 humanatus,
2969 410 3126 455 terra:
3157 401 3348 456 incolis
3387 419 3582 456 secun-

331 483 516 554 ὲφεῖτο
565 484 876 554 ὲνακμάσαι
923 485 1048 540 καθ’
1082 485 1141 540 ὃν
1180 487 1368 558 χρόνον
1402 489 1430 541 ό
1479 489 1712 560 Χριστὸς
1755 491 1909 560 ἐνην-

334 573 644 646 θρωπηκὼς
678 577 934 640 τοίςλέπὶ
965 578 1070 649 γῆς
1117 578 1261 632 κατὰ
1311 580 1494 652 σάρκα
1541 581 1911 652 ὀπτανόμενος

336 666 840 734 συνεπολιτεξύσατο,
897 669 1075 740 πολλῷ
1127 669 1238 724 τῶν
1287 671 1591 742 τηνικαῦτα
1643 671 1911 726 Ἰουδαίων

333 757 687 832 εκτοπώτερα
711 762 788 824 εἰς
831 761 994 814 αὐτὸν
1033 761 1476 834 διαπεπραχέναι
1514 765 1607 817 καὶ
1643 765 1912 818 ἀπευκτο-

328 865 488 920 τερα·
523 850 640 903 ἀλλ’
686 851 810 905 ἐπεὶ
859 853 987 924 περ)⁸
1034 854 1196 907 αὐτὸν
1243 853 1414 919 οὕτως
1455 855 1910 926 καταπράξασθαι

326 937 422 994 τοῦ
450 940 647 1012 χρόνου
684 943 759 1014 μὴ
789 943 1030 1008 ἐνδόντος
1067 945 1510 1016 διημαρτήκασι,
1544 947 1684 1001 κατὰ
1707 948 1804 1016 τῆς
1836 949 1912 1002 εἰς

328 1032 488 1095 κόνος
514 1033 766 1104 ἐκχέουσι
799 1034 898 1098 τὰς
926 1035 1097 1104 ὀργὰς
1143 1038 1238 1090 καὶ
1263 1038 1360 1102 τὰς
1399 1039 1650 1110 μήνιδαςο
1681 1039 1804 1094 καθ’
1841 1033 1912 1112 ἧς

326 1121 792 1194 ἐπιλυττήσαντες
821 1125 892 1179 τὰ
919 1127 1020 1196 τῆς
1048 1128 1482 1201 ἀθεμιτουργίας
1519 1129 1908 1185 ἐνδείκνυνταιο

325 1213 425 1267 καί
472 1231 562 1284 μοι
593 1214 844 1269 δοκοῦσιν
887 1217 1174 1296 εὐθαρσῶς
1217 1218 1360 1287 ἄγαν
1402 1219 1906 1292 διακεκράξασθαι,

325 1305 404 1369 ὡς
434 1305 506 1358 Et
534 1322 598 1374 γε
623 1307 750 1370 τοὺς
783 1307 892 1362 τῶν
930 1309 1183 1380 πατέρων
1206 1311 1620 1382 κατειλήφαμεν
1647 1313 1871 1385 χρόνους
1891 1355 1906 1381 ,

324 1397 736 1470 ἀπεπλήσαμεν
771 1400 836 1454 ἂν
867 1401 1012 1472 ἇσπερ
1035 1403 1190 1455 αὐτοὶ
1222 1403 1681 1476 παραλελοίπασι,
1717 1405 1777 1458 τὸ
1813 1407 1910 1476 μὲν

323 1491 580 1558 γενναῖον
609 1489 768 1561 ἡμῶν
797 1490 891 1544 καὶ
920 1492 1172 1556 εὐσθενὲς
1201 1494 1301 1565 τῆς
1339 1495 1420 1558 είς
1465 1495 1554 1550 τὸν
1580 1494 1786 1550 δίκαιον
1829 1513 1910 1550 τι-

333 1577 554 1648 ampla;
590 1577 852 1647 ἀνδρείως
875 1579 1277 1644 διαδεικνύντες
1300 1620 1316 1646 ,
1353 1581 1412 1634 τὺ
1432 1579 1489 1634 δὲ
1519 1581 1744 1647 ἀσθενὲς
1767 1584 1910 1638 ἐκεί-

2014 489 2137 544 dum
2169 506 2387 545 carnem
2422 489 2653 547 visibilis
2703 491 3150 556 conversabatur,
3187 491 3352 545 multo
3385 479 3578 544 absur-

2013 580 2164 634 diora
2191 581 2450 636 adversus
2475 597 2598 642 eum
2625 583 3024 638 commisissent
3047 594 3209 652 atque
3237 580 3578 651 indigniora?

2013 671 2119 728 Sed
2155 673 2276 744 quia
2317 683 2506 728 contra
2547 673 2722 743 ipsum
2751 675 2822 728 ita
2859 688 3040 744 agere,
3095 683 3336 744 tempore
3393 673 3576 742 prohi-

2012 763 2192 828 bente,
2247 779 2350 818 nun
2383 773 2693 834 potuerunt,
2729 781 2872 820 uttuc
2923 775 3110 819 contra
3145 765 3260 836 ejus
3289 765 3577 834 imaginem

2011 854 2122 910 iras
2149 853 2433 910 elTunduut
2463 865 2624 925 atque
2675 855 2936 922 furorem,
2983 857 3034 910 in
3084 872 3248 925 quam
3293 858 3578 910 saevientes

2015 945 2250 1001 facinora
2282 947 2446 1016 impia
2499 955 2739 1018 patrant.
2768 948 2830 1002 Et
2865 949 2991 1002 mihi
3041 948 3293 1000 ridentur
3322 947 3580 1000 audacter

2011 1037 2309 1104 clamitare,
2342 1039 2485 1108 quod
2527 1038 2814 1108 sl'patrum
2852 1047 3088 1107 tempora
3125 1037 3288 1109 234
3324 1051 3583 1106 ορριιριιεο

2010 1145 2213 1196 senius,
2257 1132 2631 1202 explessemus
2666 1133 2851 1202 utique
2891 1133 3150 1202 quidquid
3200 1131 3332 1198 ipsis
3377 1130 3583 1185 Omise‘

2014 1229 2157 1288 runt,
2194 1231 2437 1278 nostram
2474 1224 2633 1277 simul
2670 1212 3059 1278 strenuitateui
3090 1225 3366 1289 roburque
3403 1219 3454 1272 iu
3485 1234 3584 1288 op-

2011 1312 2290 1382 primendo
2324 1312 2535 1368 fortiter
2581 1312 2730 1382 justo
2766 1317 3232 1374 demonstrantes,
3273 1321 3326 1365 et
3365 1311 3580 1362 illorum

2011 1402 2342 1456 debilitatem
2401 1413 2457 1458 et
2514 1403 2856 1459 timiditatem
2935 1414 3328 1472 eoarguentes;
3388 1416 3582 1470 nempe

2009 1492 2377 1559 asperioribus
2437 1495 2768 1549 cruciatibus
2827 1505 2990 1564 atque
3037 1493 3251 1562 injuriis
3305 1491 3579 1544 Christum

2011 1581 2323 1645 allicientes,
2379 1594 2540 1654 atque
2587 1585 2659 1638 ita
2711 1585 2956 1654 patribus
2995 1582 3387 1637 imbecillitatis
3417 1591 3580 1654 atque
3657 1632 3660 1640 ,

349 1683 440 1730 ιον
476 1667 569 1721 καὶ
593 1667 786 1724 ἄναλκι
815 1670 1202 1742 διελέγχοντες’
1237 1673 1676 1747 αὐστηροτέραις
1703 1674 1909 1740 αίκίαις

2015 1674 2238 1743 ignaviae
2284 1674 2489 1728 crimen
2534 1675 2914 1746 impiugentes,
2967 1675 3119 1742 quasi
3173 1673 3305 1726 nihil
3353 1671 3576 1725 omnino

371 1755 425 1806 αὶ
457 1755 679 1826 ὕϐρεσιν
724 1757 886 1812 αὐτόν
938 1759 1348 1831 μετερχόμενοι,
1390 1761 1530 1814 ὥστε
1571 1763 1668 1815 καὶ
1696 1763 1905 1833 διαμοι-

331 1846 552 1914 μείσθαι
581 1848 680 1916 τῆς
713 1847 1003 1920 ἁδρανείας
1045 1851 1264 1915 αὐτοὺς,
1296 1851 1391 1904 καὶ
1427 1850 1698 1924 ῥᾳθυμίας
1731 1871 1902 1926 προσο

325 1935 561 2005 επάγειν
589 1937 893 2011 ἐπίκλημα,
946 1939 1023 2004 ὡς
1067 1940 1100 2011 ἢ
1143 1941 1298 1995 οὐδὲν
1342 1941 1479 2006 ὅλως
1519 1943 1552 2015 ἢ
1601 1945 1772 2016 μικρὰ
1826 1947 1906 2011 εἰς

323 2027 496 2082 αὐτὸν
526 2027 848 2100 δεδρακόσι·
879 2031 960 2086 διὸ
989 2033 1085 2087 καὶ
1122 2033 1218 2088 νῦν
1251 2035 1445 2106 καιρὸς
1486 2036 1577 2088 τὸν
1609 2037 1902 2106 μαστιγούι

2015 1765 2098 1818 vt'l
2128 1781 2314 1835 parum
2345 1769 2607 1823 adversus
2635 1767 2910 1822 Christum
2943 1767 3176 1836 egerint.
3229 1763 3408 1830 Quare
3467 1763 3579 1831 jam

2014 1867 2226 1926 tempus
2255 1868 2363 1924 est,
2392 1868 2449 1912 ut
2503 1859 2808 1930 ﬂagellatus
2839 1860 2904 1913 ab
2936 1859 3018 1913 his
3047 1868 3100 1912 et
3133 1855 3476 1912 contumeliis
3499 1851 3581 1906 af-

2011 1944 2184 2004 fectus
2212 1949 2462 2004 Christus
2491 1951 2638 2004 dicat
2666 1951 2748 2006 eis
2788 1967 2802 2006 :
2839 1948 2968 2004 Filii
2995 1950 3117 2004 estis
3158 1948 3582 2006 homicidarum:

2009 2049 2054 2095 et
2079 2058 2165 2095 vos
2204 2041 2412 2110 implete
2441 2053 2737 2096 "censuram
2761 2055 2968 2111 patrum
2997 2051 3282 2096 vestrorum
3310 2040 3379 2093 “.

327 2136 494 2190 μενον
525 2121 618 2174 καὶ
667 2119 1026 2192 ὑϐριζόμενον
1065 2123 1243 2192 λέγειν
1281 2125 1417 2195 πρὸς
1469 2126 1701 2192 αὐτοὺς,
1747 2127 1828 2181 ὅτι
1871 2129 1993 2182 Υίοί
2049 2131 2191 2186 ἐστε
2263 2131 2380 2186 τῶν
2437 2131 2768 2204 φονευτῶν,
2834 2132 2932 2186 καὶ
3012 2131 3182 2202 ὑμεῖς
3224 2124 3580 2195 ἀναπληρώ-

323 2229 481 2270 σατε
505 2214 574 2269 τὸ
589 2214 814 2284 μέτρον
835 2215 954 2272 τῶν
979 2219 1255 2289 πατέρων
1286 2219 1474 2290 ὑμῶν.

398 2309 500 2375 ξδ’.
539 2309 730 2362 Αὐτῶν
755 2309 813 2363 δὲ
857 2311 1127 2379 λεγόντων
1166 2311 1412 2379 ἀκούειν,
1455 2313 1518 2368 τὺ
1559 2316 1639 2380 εἰς
1667 2316 1904 2388 Χριστὸν

323 2400 492 2473 ἔχθος
523 2401 844 2456 ὡδινόντων·
877 2402 1045 2474 βαρὺς
1073 2405 1205 2476 ἡμῖν
1234 2406 1384 2458 ἐστιν
1403 2407 1432 2460 ό
1460 2407 1694 2479 Χριστὸς
1722 2410 1818 2462 καὶ
1847 2412 1906 2464 ὲν

323 2492 504 2546 εἰκόνι
539 2492 902 2563 βλεπόμενοςι
923 2494 1034 2548 τίσι
1071 2495 1297 2559 τούτους
1347 2497 1744 2566 ductitent-50v;
1775 2499 1908 2568 φασί

323 2585 431 2647 τὰς
457 2583 757 2654 παρδάλεις
785 2585 1020 2656 φυσικήν
1051 2603 1176 2640 τινα
1218 2585 1364 2657 ἔχειν
1397 2589 1532 2660 προς
1561 2589 1652 2642 τὸν
1693 2589 1906 2660 ἄνθρω⁴

323 2692 434 2728 πον
464 2675 657 2746 όργὴν,
701 2676 798 2730 καὶ
843 2677 921 2740 ὡς
963 2675 1245 2746 πεφύκασι
1295 2678 1533 2750 μάλιστα
1564 2683 1675 2746 τοῖς
1712 2680 1907 2752 ὀφθαλ-

327 2770 462 2839 μοῖς
481 2769 593 2821 τῶν
621 2767 924 2840 ἀνθρώπων
955 2771 1285 2840 ἐφάλλεσθαι
1303 2788 1317 2802 ο
1359 2775 1410 2826 οἰ
1441 2773 1620 2827 τοίνυν
1647 2774 1910 2829 καταπαί-

325 2859 522 2925 ζοντες
553 2861 654 2931 τῆς
681 2862 880 2932 μανίας
909 2861 1004 2917 τοῦ
1033 2861 1247 2935 θηρίου,
1279 2866 1334 2918 ὲν
1357 2866 1532 2938 χάρτῃ
1557 2867 1741 2920 εἰκόνα
1775 2883 1909 2940 προ-

323 2951 669 3008 δεικνύουσιν
697 2952 773 3018 ὡς
798 2953 1102 3026 ἄνθρωπον·
1131 2955 1192 3010 τὸ
1218 2955 1275 3009 δὲ
1301 2957 1405 3010 ὑπὸ
1425 2959 1523 3028 τῆς
1543 2959 1678 3028 ἄγαν
1707 2960 1910 3032 ὁρμῆς,

2081 2312 2173 2369 64.
2203 2311 2354 2382 Ipsos
2385 2322 2564 2368 autem
2592 2313 2839 2368 dicentes
2869 2312 3142 2380 audimus,
3173 2312 3298 2366 dum
3335 2329 3490 2368 suum
3524 2315 3578 2371 in

2009 2404 2282 2462 Christum
2307 2405 2486 2460 odium
2514 2405 2728 2475 pariunt
2755 2423 2767 2460 :
2797 2404 2992 2461 Gravis
3031 2414 3115 2460 est
3142 2405 3297 2460 nobis
3331 2405 3580 2462 Christus

2015 2497 2068 2550 iu
2100 2496 2332 2566 imagine
2357 2495 2520 2550 etiam
2553 2507 2850 2565 spectatus.
2882 2493 3218 2561 Quibusnam
3258 2495 3314 2550 lii
3361 2511 3580 2568 compa-

2016 2589 2364 2642 randi‘sunt?
2393 2588 2555 2642 Aiunt
2586 2588 2896 2658 pantheras.
2947 2587 3259 2642 naturalem
3288 2589 3577 2659 quamdam

2013 2677 2273 2734 adversus
2325 2677 2600 2732 hominem
2652 2691 2842 2747 gerere
2893 2677 3050 2743 iram,
3103 2687 3158 2731 et
3204 2677 3256 2730 iu
3299 2677 3578 2732 hominum

2014 2767 2286 2838 praecipue
2320 2769 2504 2822 oculos
2535 2766 2762 2820 insilire.
2789 2765 2888 2832 Qui
2939 2781 3070 2836 ergo
3113 2767 3304 2820 volunt
3341 2766 3468 2822 ferae
3498 2765 3588 2818 [ιιι.

2015 2859 2123 2913 rori
2158 2857 2408 2924 illudere,
2437 2858 2488 2912 in
2518 2858 2708 2913 charta
2743 2857 3010 2927 objiciunt
3037 2859 3086 2912 ei
3122 2857 3357 2912 hominis
3411 2857 3586 2911 veluti

2014 2949 2272 3019 ﬁguram;
2305 2949 2394 3005 illa
2431 2960 2609 3005 autem
2644 2965 2841 3018 magno
2882 2965 3004 3005 cum
3042 2949 3243 3019 impetu
3274 2965 3372 3004 cett
3407 2948 3596 3005 humi--

323 3043 405 3108 ὡς
451 3035 735 3116 ἄνθρωπον
760 3045 1068 3116 σπαράσσει
1097 3047 1189 3101 τὸν
1218 3048 1448 3120 χάρτην,
1479 3051 1640 3104 κάκεῖ
1667 3051 1906 3104 δείκνυσι

2015 3057 2131 3097 nem
2159 3043 2404 3098 chartam
2429 3041 2686 3098 dilacerat
2705 3082 2720 3108 ,
2747 3043 2926 3112 ibique
2957 3058 3115 3098 suum
3140 3043 3378 3097 hominis
3395 3042 3578 3097 odium

324 3137 393 3190 τὸ
429 3136 815 3207 μισάνθρωπον
837 3153 850 3168 ·
881 3137 1144 3202 ὡσαύτως
1183 3141 1276 3193 καὶ
1320 3133 1502 3204 οὗτοι,
1533 3141 1592 3194 ὲν
1629 3144 1694 3213 τῇ
1741 3141 1910 3196 εἰκόνι

327 3227 580 3297 Χριστοῦ
617 3227 678 3280 τὸ
727 3229 1076 3299 μισόχριστον
1117 3230 1542 3286 ἐπιδείκνυνταιο
1567 3230 1754 3302 ἐπειδὴ
1802 3232 1912 3304 γὰρ

328 3315 685 3386 προσψαῦσαι
718 3316 882 3370 αὐτοῦ
926 3317 1004 3388 τῷ
1050 3318 1123 3390 μὴ
1159 3321 1414 3390 παρεῖναι
1447 3320 1774 3389 σωματικῶς
1811 3322 1912 3375 οὐκ

331 3405 635 3475 ἰσχύουσιν,
685 3406 832 3478 ἔχθει
866 3408 948 3480 τῷ
973 3411 1054 3473 εἰς
1093 3410 1253 3464 αὐτὸν
1302 3411 1393 3464 ἐπὶ
1428 3413 1528 3480 τὴν
1568 3411 1749 3466 εἰκόνα
1768 3430 1911 3484 παρ-

327 3496 544 3560 δάλεως
575 3497 729 3569 δίκην
770 3499 1090 3570 ἑφάλλονται
1125 3503 1534 3572 σπαράσσοντές
1563 3521 1620 3556 τε
1667 3503 1758 3557 καὶ
1793 3503 1909 3558 δια-

331 3588 674 3660 φθείροντες⁸
723 3589 933 3664 ῶστεή
985 3593 1124 3646 κατὰ
1169 3591 1280 3646 τῶν
1327 3593 1693 3663 δμοιωμάτων
1744 3593 1910 3648 αὐτοῦ

333 3679 527 3747 μανία,
553 3677 825 3745 ἀπόδειξιν
867 3680 976 3750 ἔχει
1009 3681 1102 3734 τοῦ
1146 3680 1448 3753 θεολιάχους
1481 3683 1680 3740 αὐτοὺς
1721 3680 1860 3738 εῖναι
1891 3724 1907 3748 ,

328 3767 435 3823 καὶ
475 3770 617 3823 κατὰ
646 3771 884 3841 Χριστοῦ
920 3772 1296 3844 ἐπανῃρῆσθαι
1344 3773 1433 3826 τὸν
1468 3773 1724 3844 πὲλεμον·
1771 3773 1914 3828 οὕτω

335 3862 444 3932 μὲν
481 3859 576 3914 οὖν
623 3863 692 3916 τὰ
739 3864 978 3934 Χριστοῦ
1030 3866 1123 3918 καὶ
1169 3864 1508 3936 Χριστιανῶν
1563 3864 1913 3930 ἐξουδένωται

333 3952 473 4022 παρ’
504 3951 689 4016 αὐτοῖς
712 3953 806 4006 καὶ
833 3953 1262 4024 κατέστραπται,
1289 3953 1384 4025 έθη
1418 3970 1478 4006 τε
1511 3955 1606 4008 καί.
1639 3954 1790 4026 νόμοι
1819 3957 1914 4009 καὶ

335 4043 656 4114 μυστήρια,
696 4046 790 4098 καὶ
831 4047 867 4116 ἡ
911 4045 1118 4099 ἄνωθεν
1184 4048 1560 4116 κεκρατηκυῖα
1587 4045 1736 4117 παρά
1787 4048 1916 4118 Χρι-

337 4136 586 4198 στιανοῖς
647 4135 964 4204 παράδοσις,
1021 4137 1116 4190 καὶ
1177 4135 1496 4207 ἀρχαιότητι
1559 4133 1912 4206 διαφέρουσα,

338 4225 447 4282 καὶ
492 4225 580 4280 διὰ
631 4227 792 4282 τοῦτο
849 4227 909 4282 τὺ
967 4227 1248 4298 αἰδέσιμον
1297 4225 1456 4298 παρᾶ
1494 4225 1602 4278 τῶν
1665 4221 1723 4279 εὖ
1785 4244 1916 4296 φρο-

340 4321 588 4373 νούντων
639 4317 872 4390 ἔχουσαο
911 4319 1045 4373 ἀλλὰ
1079 4317 1163 4383 τίς
1213 4317 1320 4372 τῶν
1371 4316 1630 4371 ἐπιεικῶν
1680 4319 1774 4371 καὶ
1822 4334 1913 4385 φι-

2015 3133 2370 3189 deuionstrat.
2401 3133 2493 3188 Sic
2520 3143 2576 3188 et
2600 3134 2652 3188 hi
2691 3132 2896 3190 Citriin
2926 3135 3108 3188 odium
3158 3134 3422 3188 adversus
3465 3135 3580 3203 ejus

2014 3225 2304 3296 imaginem
2363 3233 2710 3296 expromunt.
2754 3224 2890 3292 Quia
2937 3227 3082 3280 enim
3130 3241 3251 3280 cum
3306 3225 3578 3294 attingere

2013 3315 2366 3384 corporaliter
2423 3323 2742 3386 praesentem
2800 3324 3096 3385 nequeunt,
3155 3316 3278 3371 odio
3331 3315 3447 3382 ejus
3493 3317 3581 3368 in-

2013 3407 2220 3471 stiucti,
2247 3417 2434 3462 contra
2469 3408 2640 3477 ipsius
2668 3407 2955 3476 imaginem
2991 3407 3263 3476 pantherae
3303 3406 3472 3461 instar
3495 3405 3580 3459 iu-

2014 3495 2225 3562 silEunt,
2263 3497 2564 3552 lacerantes
2596 3507 2757 3567 atque
2787 3505 3220 3564 corrumpentes.
3255 3494 3372 3561 Quo
3410 3495 3487 3560 lit,
3522 3502 3582 3548 ut

2017 3587 2176 3643 furor
2231 3590 2492 3644 adversus
2540 3588 2656 3659 ejus
2702 3587 2990 3644 simulacra
3031 3588 3280 3642 ostendat
3321 3587 3420 3642 hos
3461 3601 3582 3642 esse

2018 3681 2390 3743 theomachos,
2421 3691 2474 3734 et
2499 3679 2829 3748 Christoque
2862 3679 3058 3734 bellum
3092 3679 3374 3736 indixisse.
3433 3679 3582 3734 Adeo

2014 3768 2212 3824 Christi
2231 3769 2773 3839 Christianorumque
2801 3787 2886 3825 res
2909 3770 3080 3825 abhis
3102 3781 3432 3840 spernuntur
3459 3787 3576 3840 pes-

2015 3877 2249 3932 sumque
2275 3863 2490 3928 dantur,
2525 3877 2704 3917 mores
2741 3862 2996 3933 legesque
3028 3874 3080 3917 et
3129 3873 3491 3925 sacramenta,
3531 3874 3583 3914 ct

2015 3951 2178 4007 altius
2216 3961 2425 4021 recepta
2470 3967 2532 4006 ac
2566 3961 2776 4007 retenta
2805 3953 2943 4023 apud
2973 3952 3312 4007 Christianos
3339 3954 3580 4011 traditio.

2018 4041 2340 4112 antiquitate
2385 4059 2482 4098 sua
2532 4044 2748 4110 nobilis,
2783 4045 3013 4114 ideoque
3037 4045 3177 4113 apud
3216 4054 3366 4097 recta
3401 4055 3581 4098 mente

2018 4135 2270 4206 pranlitos
2299 4135 2641 4190 venerabilis.
2661 4135 2776 4191 iam
2797 4137 3042 4206 quisnam
3065 4137 3214 4206 pius,
3251 4135 3340 4188 Dei
3368 4151 3595 4198 amans,

2017 4237 2074 4282 et
2113 4237 2258 4281 recta
2295 4227 2552 4298 religione
2592 4227 2882 4282 innutritus
2939 4242 3044 4280 non
3085 4227 3322 4297 graviter
3351 4225 3579 4294 iugemi-
3643 4231 3658 4240 ‘

2019 4328 2137 4375 seat
2173 4327 2228 4374 et
2255 4319 2451 4390 lugeat,
2481 4334 2601 4374 cum
2634 4334 2820 4374 sacras
2849 4321 2992 4374 mdes
3042 4319 3336 4387 divinaque
3393 4318 3584 4370 altaria

339 4408 547 4464 λοθὲων
574 4410 670 4462 καὶ
699 4409 955 4481 εὐσεϐείᾳ
1001 4408 1414 4480 τεθραμμένων,
1455 4408 1517 4462 οὐ
1551 4409 1694 4478 μέγα
1724 4425 1910 4462 κατοι-

2020 4411 2216 4466 violata
2247 4411 2426 4466 videat
2457 4421 2511 4465 et
2548 4409 2797 4478 suffossa,
2827 4425 3034 4480 suoque
3075 4420 3268 4465 ornatu
3301 4409 3530 4478 spoliata
3552 4408 3577 4460 ?

342 4498 548 4570 μὼξειε
577 4499 670 4552 καὶ
702 4499 1022 4572 θρηνήσειεν
1048 4515 1061 4562 ;
1095 4499 1293 4553 ὁπόταν
1326 4499 1453 4563 τοὺς
1487 4497 1664 4566 ἰερούς
1693 4497 1877 4562 οἴκους
1896 4541 1913 4566 ,

339 4589 442 4644 καὶ
485 4589 556 4643 τὰ
601 4589 720 4644 θεῖα
770 4590 1130 4660 θυσιαστήρια
1181 4575 1287 4662 δρᾷ
1337 4588 1780 4660 καθυϐριςόμενα
1822 4591 1916 4643 καὶ

338 4680 732 4750 διορυττόμενα
756 4719 772 4745 ,
834 4681 928 4734 καὶ
987 4679 1078 4733 τὸν
1131 4678 1340 4734 ἑαυτῶν
1389 4678 1767 4734 ἀποϐάλλοντα
1824 4679 1918 4732 κό-

342 4787 511 4842 σμον·
541 4771 902 4844 θυσιαστήρια
939 4773 1263 4842 ἡτιμωμένα
1297 4771 1390 4826 καί⁵
1426 4769 1880 4843 καταϐεϐλημένα
1901 4813 1914 4838 ,

339 4863 442 4918 καὶ
470 4865 628 4934 χερσὶ
662 4863 909 4935 βεϐήλοις
933 4862 1428 4936 καταχραινόμενα,
1489 4865 1585 4918 καὶ
1634 4863 1911 4932 γλώσσαις

342 4955 640 5028 θεομάχοις
687 4955 928 5027 αἰσχρῶς
969 4955 1418 5026 δυσφημούμενα·
1459 4955 1552 5010 καὶ
1599 4954 1674 5020 ὡς
1715 4954 1780 5009 ἄν
1831 4973 1913 5018 τις

343 5047 446 5101 ῐδοι
482 5047 569 5100 ἐπ’
615 5047 878 5113 εὐθαλοῦς
925 5049 1020 5102 καὶ
1065 5047 1398 5120 χλοαζούσης
1443 5050 1537 5103 καὶ
1583 5050 1914 5120 διωραῖσμέ-

343 5155 442 5208 νης
498 5139 633 5200 πόας
695 5139 757 5192 τὸ
807 5139 1182 5211 διηνθισμένον
1227 5142 1320 5194 καὶ
1361 5140 1554 5212 εὔχαρι
1585 5143 1683 5213 τῆς
1737 5143 1916 5214 κόμης

342 5231 823 5303 ἁποκειραμένης,
878 5233 912 5304 ἦ
969 5233 1082 5286 τῶν
1139 5233 1259 5286 κατ’
1313 5233 1584 5306 ἀνθηροὺς
1638 5234 1912 5305 λειμῶνας

346 5320 623 5394 βρυόντων
663 5323 724 5377 τὸ
763 5323 993 5395 εὐχρουν
1041 5326 1135 5378 καὶ
1180 5325 1456 5388 πολυειδὲς
1493 5326 1593 5395 τῆς
1651 5327 1922 5392 ποικιλίας

344 5413 458 5468 τῶν
496 5413 936 5488 ἀνθοφορούντων
963 5418 1074 5479 τοῖς
1105 5415 1464 5488 δρεψαμένοις
1488 5417 1914 5488 περιῃρημένον,

348 5504 496 5558 οὓτω
527 5505 804 5560 κάνταῦθα
833 5507 1076 5562 θεάσοιτο
1107 5508 1203 5561 σὺν
1233 5507 1311 5580 τῷ
1340 5508 1527 5578 κόσμῳ
1551 5549 1565 5573 ,
1611 5507 1705 5560 καὶ
1745 5509 1837 5562 τόν
1859 5509 1917 5564 ἐν

425 5661 469 5694 ⁸⁸
500 5660 691 5719 Matth.
727 5680 882 5730 χχιιι,
915 5665 1004 5720 51.

2016 4505 2231 4569 altaria,
2263 4505 2504 4575 inquam,
2527 4504 2882 4558 dehonestata
2899 4511 2954 4557 et
2977 4500 3210 4570 dejecta,
3231 4501 3582 4570 profanisque

2018 4595 2266 4650 manibus
2289 4595 2533 4665 impiata,
2562 4605 2620 4666 et
2674 4596 2783 4650 Deo
2819 4595 3067 4650 hostibus
3108 4593 3306 4663 linguis
3356 4594 3587 4662 turpiter

2018 4686 2328 4742 maledicta.
2370 4684 2549 4740 Veluti
2591 4687 2634 4741 si
2673 4687 2794 4755 quis
2822 4699 3008 4742 cernat
3045 4687 3096 4740 in
3161 4686 3501 4756 germinante
3529 4693 3584 4738 et

2019 4781 2228 4834 virente
2271 4790 2600 4850 venustaque
2636 4781 2800 4834 herba
2847 4779 3091 4834 floridam
3120 4779 3240 4842 ejus
3268 4785 3592 4848 gratamque

2020 4882 2230 4923 comam
2262 4869 2570 4936 desectam,
2607 4869 2689 4924 vel
2715 4870 2766 4924 in
2797 4867 3003 4924 ﬂoridis
3044 4869 3220 4924 hortis
3249 4868 3586 4940 surgentium

2023 4960 2251 5014 calicum
2277 4961 2570 5016 coloratam
2611 4962 2924 5031 variamque
2961 4963 3196 5031 speciem
3224 4978 3252 5014 a
3293 4962 3588 5036 decerpen-

2025 5053 2166 5106 tibus
2217 5053 2559 5108 demessum:
2597 5054 2678 5108 sic
2728 5053 2812 5108 his
2854 5053 3020 5108 etiam
3062 5070 3164 5108 una
3205 5070 3329 5108 cum
3385 5064 3582 5108 ornatu

2023 5145 2437 5199 atsliumliouetu
2488 5158 2705 5214 quoque
2752 5151 2807 5199 et
2857 5146 3179 5200 memoriam
3225 5146 3584 5200 subtractam.

2027 5255 2044 5288 ι
2072 5235 2282 5290 Etenim
2315 5234 2456 5289 nulla
2486 5235 2665 5304 templi
2696 5235 2833 5290 ratio
2865 5236 3094 5291 habetur
3127 5239 3268 5304 quod
3291 5234 3586 5289 simulacro

2029 5341 2133 5379 non
2154 5333 2398 5389 ornatur,
2418 5343 2436 5376 ι
2465 5335 2522 5380 ιιι
2543 5325 2758 5395 quidam
2778 5325 2992 5382 esacris
3019 5325 3393 5396 religiosisque
3413 5320 3588 5375 homi-

2027 5418 2185 5472 nibus
2202 5417 2339 5471 dixit
2357 5414 2422 5472 "ﬁ
2461 5418 2640 5486 Quare
2667 5433 2774 5474 non
2803 5417 3039 5473 absurde
3066 5415 3260 5486 aliquis
3283 5415 3445 5478 dicat,
3473 5412 3590 5466 hmo

2027 5495 2416 5570 instat-ineuntis
2433 5527 2551 5570 esse
2570 5513 2742 5570 sacris
2769 5511 2998 5584 templis,
3028 5520 3080 5565 et
3098 5507 3328 5564 maxime
3349 5504 3604 5576 propt°ia,_

1082 5666 1124 5698 ⁸²
1152 5666 1339 5723 lsidor.
1373 5669 1553 5728 Peius.
1594 5671 1764 5741 Epist.
1794 5671 1886 5727 lib.
1923 5689 2000 5740 Iv,
2036 5673 2122 5728 7'5.
