4054 6204
273 241 394 305 757
1139 243 1704 307 APOLOGETICUS
1741 249 1887 311 PRO
1927 252 2192 314 SACRIS
2233 255 2713 322 IMAGINIBUS.
3440 259 3558 322 753

279 355 546 425 τιμῆσαι·
577 353 636 406 οὐ
671 351 781 423 γὲρ
815 351 968 422 παρὰ
1015 351 1077 406 τὸ
1109 355 1296 419 κακῶς
1344 358 1470 420 τοὺς
1503 359 1758 427 ἀμαθεῖς,
1791 361 1876 412 ἵνα

1982 367 2220 421 coelestia
2269 369 2408 423 male
2451 370 2690 424 venerati
2718 375 2866 434 sunt,
2901 367 3152 425 Creatori
3205 383 3538 439 opponentes

279 448 385 501 καὶ
418 445 572 500 τοῦτο
594 444 1002 514 συγχωρηθείη,
1033 447 1149 510 τοῖς
1180 447 1348 518 ἱεροῖς
1374 450 1679 518 προσιέναι,
1709 451 1880 506 ταῦτα

280 538 606 610 ἠτιμῶσθαι
639 538 869 591 δίκαιον
921 537 1042 591 οὐδὲ
1096 539 1205 609 γὰρ
1235 540 1420 612 ἐπειδή
1471 559 1616 605 τινες
1651 543 1878 613 οὐρανόν

278 649 345 684 τε
406 631 500 684 καὶ
534 630 601 682 τὰ
653 629 772 682 κατ’
828 629 1062 700 οὐρανὸν
1111 631 1297 693 κακῶς
1347 633 1746 704 ἐσεῦάσθησαν,
1800 634 1876 706 τῷ

281 722 505 793 Κτίστῃ
548 719 1042 785 κατεξανιστὰντες
1088 720 1186 792 τὴν
1207 723 1410 789 κτίσιν,
1441 724 1531 778 διὰ
1569 723 1726 779 τοῦτο
1757 727 1878 780 ἀτι-

285 811 531 882 μαστέον
581 813 650 864 τὰ
686 810 783 864 τοῦ
827 811 962 864 Θεοῦ
1011 814 1320 884 tamquam“
1351 816 1466 869 ἀλλ’
1497 801 1742 887 ὑϐρίζεις
1787 821 1875 870 αἱ·
1917 840 1923 845 ’

285 905 499 976 σχρῶς,
534 905 784 972 συγκλῶν
821 907 913 958 καὶ
960 907 1299 979 διαρῤηγνὺς
1335 909 1428 962 καὶ
1461 911 1566 962 ὑπὸ
1603 912 1770 975 πόδας
1802 927 1878 964 τι-

285 998 410 1060 θεὶς
429 996 496 1050 τὰ
527 997 818 1067 ςεόἀσμια·
845 997 946 1051 οὐκ
971 999 1365 1073 ἐμπίμπρασαι
1393 999 1490 1070 τὴν
1512 1000 1720 1071 ψυχὴν,
1740 1002 1876 1073 πυρὶ

285 1093 664 1163 παραδιδούς
710 1094 771 1148 οὐ
816 1096 1105 1168 συμφλέγῃ
1152 1097 1246 1149 καὶ
1275 1099 1562 1169 κατατήκῃ
1593 1098 1684 1150 τὸν
1712 1095 1836 1150 νοῦν
1861 1097 1900 1128 ”

287 1189 387 1239 καί
417 1189 606 1256 χεῖρας
635 1187 892 1257 ἀθέσμως
937 1190 1240 1258 προτείνων
1270 1191 1362 1242 ἐπὶ
1399 1189 1458 1242 τὸ
1491 1189 1878 1261 θυσιαστήριον

1981 467 2308 524 creaturam,
2349 471 2631 529 prepterea
2667 460 3017 531 depretianda
3065 469 3191 515 sunt
3227 459 3318 514 Dei
3344 476 3530 531 opera.

1978 549 2046 601 At
2062 549 2202 602 enim
2229 558 2282 602 tu
2309 552 2536 619 turpiter
2553 553 2742 618 violas,
2770 561 3059 607 conterens
3080 550 3542 620 confringensque

1978 650 2026 693 et
2077 641 2299 709 pedibus
2329 642 2547 697 calcans
2591 657 2777 698 sacras
2828 658 2934 698 res.
2972 642 3164 697 Nonne
3213 642 3310 696 tibi
3363 643 3543 696 uritur

1975 733 2179 799 anima,
2217 732 2342 786 dum
2372 749 2527 788 saera
2559 735 2809 789 cremas?
2835 750 2938 789 non
2965 735 3058 789 tibi
3095 735 3466 790 inﬂammatur
3489 745 3544 787 et

1979 824 2315 894 colliqneseit
2347 826 2612 880 mens?et
2653 827 2777 880 dmn
2818 826 2980 894 impie
3023 841 3214 880 manus
3267 825 3424 880 altari
3461 826 3546 878 in-

1978 915 2108 983 l‘ers,
2154 931 2261 970 non
2303 914 2676 985 obstupescis?
2709 914 2845 970 llinc
2886 917 2944 970 ﬁt
2975 916 3312 984 exploratum
3375 923 3424 969 te
3471 918 3548 968 vi-

1981 1008 2119 1062 tioso
2147 1007 2424 1063 eirculo'in
2457 1017 2622 1062 temet
2673 1008 2940 1072 recidere,
2973 1019 3138 1077 atque
3169 1018 3224 1061 ut
3247 1022 3438 1062 canem
3476 1009 3543 1061 ad

1978 1097 2251 1167 proprium
2276 1097 2537 1150 vomitum
2572 1097 2791 1153 reverti.
2837 1095 2906 1150 Et
2937 1097 3152 1152 illorum
3184 1097 3398 1167 quidem
3441 1097 3541 1152 im-

1979 1189 2218 1258 probitas
2243 1202 2306 1242 ae
2329 1188 2551 1244 stultitia
2571 1187 2642 1242 ita
2667 1203 2725 1243 se
2753 1189 2937 1243 habet.

287 1281 352 1332 οὐ
408 1285 798 1354 καταναρκᾷςς
861 1283 986 1350 Ὑφ’
1013 1275 1107 1334 ,ὧν
1159 1282 1518 1352 ἐληλεγμένος
1567 1281 1636 1348 εἴ,
1669 1283 1744 1348 ὠς
1791 1283 1872 1345 εἰς
1911 1281 2100 1334 ἑαυτὸν
2136 1279 2431 1351 ἐπανήκεις
2453 1323 2466 1346 ,
2501 1281 2597 1334 καὶ
2647 1281 2724 1344 ὡς
2755 1282 2900 1335 κύων
2928 1283 3021 1336 ἐπὶ
3042 1284 3133 1339 τὺν
3193 1284 3324 1336 ἴδιον
3355 1283 3550 1357 ἔμετον

287 1374 606 1446 ἐπιστρέφῃ
638 1375 738 1443 τῆς
766 1373 978 1438 ἀθεῖαςσ
1015 1377 1110 1426 καὶ
1143 1376 1170 1427 6
1206 1374 1305 1442 μὲν
1336 1375 1437 1444 τῆς
1470 1375 1692 1429 ἐκείνων
1727 1374 2048 1445 σκαιότητος
2077 1375 2171 1428 καὶ
2209 1374 2569 1444 ματαιότητος
2596 1375 2801 1446 τρόπος
2823 1377 3088 1441 τοιοῦτος.
3541 1365 3544 1368 ’

365 1463 480 1528 ξς⁹⁸
524 1463 582 1517 Ὀ
611 1464 667 1516 δέ
691 1481 752 1532 γε
777 1466 874 1534 τῆς
891 1463 1146 1534 ἀληθείας
1176 1463 1333 1533 λόγος
1365 1466 1505 1534 ιξωτὶ
1531 1467 1732 1536 ὁμοίως
1762 1468 1874 1530 τοῖς

290 1556 560 1625 exi-agon
599 1555 927 1626 διαλάμπει·
961 1557 1032 1610 τὰ
1060 1557 1169 1628 γὰρ
1214 1557 1388 1628 σεμνά
1437 1559 1828 1629 ἀπεικάσματα
1852 1601 1867 1625 ,

2052 1464 2139 1518 66.
2177 1464 2394 1519 Interim
2423 1479 2588 1532 porro
2622 1466 2861 1520 veritatis
2911 1467 3068 1532 ratio,
3109 1481 3204 1521 ceu
3258 1467 3371 1530 lux,
3400 1481 3541 1523 cor—

1979 1556 2122 1610 datis
2185 1552 2496 1610 hominibus
2537 1555 2932 1624 explendescit.
2977 1555 3107 1609 Nam
3168 1567 3369 1611 sanctae
3409 1557 3548 1610 ima-

288 1645 363 1698 δι’
390 1638 470 1698 ὧν
492 1645 562 1698 -αί
594 1645 806 1714 μνῆμαι
854 1644 962 1698 τῶν
999 1644 1168 1712 ἁγίων
1203 1645 1332 1714 ἡμῖν
1365 1645 1706 1714 ἐγγίνονται,
1745 1644 1868 1716 ἱερά

1982 1650 2148 1717 gines,
2177 1646 2370 1715 quibus
2417 1659 2727 1700 sanctorum
2767 1643 3021 1700 memoria
3047 1649 3200 1702 nobis
3231 1647 3544 1712 refricalur,

288 1737 352 1790 τέ
387 1737 532 1802 είσι,
561 1735 653 1788 καὶ
683 1736 810 1798 τοὺς
840 1734 908 1787 τὰ
944 1737 1074 1803 ἅγιοι
1105 1735 1471 1806 περιέποντας
1503 1735 1738 1806 evita-.1,
1781 1738 1874 1790 καὶ

291 1830 527 1901 χάριτος
592 1827 1042 1896 ἀναπιμπλᾶσιν·
1121 1825 1312 1896 ὥσπερ
1367 1829 1460 1880 καὶ
1504 1827 1613 1880 τῶν
1667 1827 1876 1896 ἐναγῶν

291 1921 476 1990 ἐναγῆ
508 1919 602 1974 καὶ
635 1919 802 1987 ἄγους
835 1919 1260 1988 ἀποπληροῦντα
1283 1935 1296 1950 '
1329 1919 1525 1990 ἐπίσης
1559 1920 1666 1990 γὰρ
1690 1921 1875 1984 αὐτοῖς

292 2015 362 2067 τὰ
391 2013 492 2066 τοῦ
515 2012 837 2083 πράγματος
861 2011 970 2080 ἔχει
991 2029 1005 2042 ·
1029 2010 1230 2080 τιμῶσι
1247 2010 1535 2080 τοιγαροῦν
1557 2011 1678 2074 τοὺς
1701 2010 1877 2074 θείους

289 2105 490 2166 οἷκους
517 2143 532 2165 ,
582 2103 696 2156 οὐκ.
736 2103 958 2172 αἴσχους
1003 2102 1379 2171 ἀποπληροῦσι
1407 2142 1421 2168 ,
1470 2099 1720 2171 καθάπερ
1771 2103 1878 2154 τινὶ

290 2195 411 2250 τῶν
449 2195 714 2263 θεολόγων
757 2195 1016 2265 Πατὲρων
1044 2193 1199 2264 ἡμῶν
1233 2193 1662 2264 πεφιλοσόφηται
1701 2193 1878 2246 ἐνθεί-

297 2289 485 2342 στοιτά
516 2307 575 2341 τε
619 2289 714 2342 xai.
751 2287 1061 2358 ὑψηλότατα
1087 2305 1098 2316 ο
1132 2289 1210 2350 είς
1267 2287 1391 2339 ὅσον
1430 2287 1485 2340 δὲ
1531 2288 1876 2356 παρανομίας

293 2380 396 2432 καὶ
432 2378 663 2443 ἀτοπίας
686 2381 714 2433 6
744 2379 901 2448 λόγος
925 2377 1105 2430 αὐτῶν
1136 2377 1232 2431 καὶ
1264 2377 1325 2430 τὸ
1364 2377 1671 2447 ἐγχείρημα
1714 2378 1877 2448 αἵρε-

296 2486 417 2532 ται,
463 2470 560 2523 καὶ
607 2467 858 2522 ἐντεῦθεν
907 2467 1236 2536 κατάφωρον
1286 2465 1662 2536 ποιησόμεθα·
1698 2468 1876 2518 ἐκεῖνο

298 2559 528 2630 πρῶτον
565 2559 886 2620 ἐπελθόντες
912 2556 992 2624 τῷ
1015 2555 1338 2625 λόγῳ,ὄπερ
1371 2555 1480 2607 οὐδ’
1507 2554 1681 2619 αὐτοὶ,
1711 2552 1786 2616 ὥς
1809 2571 1873 2622 γε

297 2645 488 2720 οἶμαι,
523 2647 810 2720 ἀρνηθεῖεν
831 2689 844 2713 ,
877 2649 926 2700 εἰ
958 2647 1034 2718 μὴ
1067 2645 1378 2717 ὀλοτρόπως
1409 2646 1502 2698 καὶ
1537 2644 1732 2716 φρενὸς
1780 2645 1875 2698 καὶ

295 2741 392 2794 νοῦ
428 2739 522 2792 τοῦ
565 2739 902 2807 καθήκοντος
937 2739 1124 2808 πόρρω
1162 2735 1440 2805 γεγόνασι.
1475 2737 1659 2806 Φαμέν
1697 2735 1875 2790 τοίνυν

295 2831 374 2893 ὡς
432 2832 459 2884 6
493 2829 636 2883 κατὰ
677 2828 883 2883 Μωσὲα
926 2827 1090 2898 νόμος
1127 2828 1334 2880 δέδοται
1383 2826 1534 2898 παρὰ
1577 2827 1713 2880 Θεοῦ
1763 2831 1876 2892 τοῖς

296 2920 618 2992 ἀνθρώποις
645 2958 661 2983 ,
695 2920 862 2972 οἱονεὶ
905 2917 1162 2989 φραγμοῦ
1219 2917 1532 2988 μεσότοιχον
1583 2935 1874 2989 παρεμπε-

1981 1745 2033 1790 et
2077 1749 2243 1788 sacra:
2289 1745 2433 1798 sunt,
2475 1745 2526 1788 et
2581 1748 2673 1788 eos
2718 1735 3067 1804 qni‘sanctas
3106 1734 3204 1788 has
3239 1749 3322 1788 res
3365 1735 3550 1790 colunt

1973 1827 2156 1896 juvant
2187 1825 2468 1896 gratiaque
2504 1825 2798 1880 cumulant.
2845 1824 2997 1879 Sicut
3031 1841 3060 1879 e
3116 1826 3390 1880 contrario
3445 1827 3548 1879 im-

1979 1925 2234 1986 purorum
2280 1932 2365 1970 res
2409 1917 2631 1984 impurae
2659 1927 2806 1980 sunt,
2842 1928 2895 1971 et
2946 1916 3259 1985 impuritate
3294 1917 3544 1971 homines

1979 2008 2234 2062 obruunt.
2277 2005 2376 2059 Par
2415 2007 2555 2060 enim
2589 2007 2662 2060 rei
2691 2007 2974 2075 utriusque
3000 2007 3244 2061 elTeetus.
3267 2005 3551 2060 llonorant

1981 2101 2164 2169 itaque
2197 2114 2384 2154 sacras
2410 2099 2552 2153 mdes
2589 2101 2875 2167 imagines,
2909 2115 3011 2152 non
3045 2099 3338 2168 ignominia
3371 2099 3550 2167 inqui-

1981 2203 2134 2257 nant,
2163 2193 2305 2247 sicut
2335 2191 2552 2260 quidam
2586 2191 2951 2260 theologorum
2989 2190 3207 2244 Patrum
3243 2190 3550 2244 sublimiter

1981 2283 2344 2351 divinitusqne
2376 2281 2786 2350 philosophatus
2834 2293 2914 2336 est
2942 2280 3076 2348 ('73).
3107 2280 3276 2346 Quam
3305 2293 3432 2334 vero
3475 2279 3553 2332 sit

1981 2375 2139 2442 itnpia
2189 2363 2354 2442 atque.
2393 2373 2640 2426 absurda'
2674 2371 2899 2424 istorum
2956 2371 3153 2434 oratio,
3181 2370 3306 2424 hinc
3331 2383 3551 2438 quoque

1981 2465 2400 2534 patr-faciemus;
2430 2463 2555 2516 illud
2605 2473 2728 2516 ante
2771 2461 2949 2515 omnia
3008 2462 3268 2526 (licentes,
3299 2460 3436 2528 quod
3483 2471 3550 2510 ne

1981 2558 2082 2625 ipsi
2112 2557 2354 2626 quidem,
2386 2566 2441 2608 ut
2473 2563 2622 2624 puto,
2663 2555 2955 2622 negabunt,
2986 2553 3091 2608 nisi
3124 2552 3262 2606 forte
3291 2551 3456 2606 corde
3486 2565 3550 2604 ac

1980 2647 2209 2700 mentea
2249 2656 2402 2700 recto
2435 2661 2656 2715 prorsus
2680 2645 2854 2698 oliitio
2904 2652 3274 2699 recesserunt.
3311 2641 3551 2696 Dicimus

1981 2736 2159 2804 itaque
2193 2735 2479 2789 MOsaiCam
2528 2735 2698 2804 legent
2727 2749 2762 2788 τι
2797 2734 2905 2789 Deo
2940 2736 3117 2788 datam
3161 2733 3326 2788 fuisse
3378 2731 3552 2787 homi-

1982 2827 2161 2890 nibus,“
2187 2836 2246 2880 ut
2286 2835 2428 2880 esset
2461 2836 2713 2896 tanquam
2759 2828 2936 2895 paries
2967 2824 3321 2892 interpositus
3365 2835 3549 2876 secer-

1983 2933 2115 2972 nens
2147 2929 2309 2987 atque
2370 2920 2706 2987 distinguens
2746 2932 2862 2986 qua:
2914 2929 3318 2986 quoqueversus
3361 2927 3560 2983 sparsa

298 3011 454 3077 σὼν,
489 3012 744 3083 διείργων
789 3011 886 3064 καὶ
917 3009 1172 3080 διορίζων
1205 3010 1276 3062 τὰ
1315 3010 1489 3080 πάντη
1541 3009 1875 3081 διῳκισμένα

1982 3023 2135 3069 erant
2185 3024 2238 3067 et
2291 3013 2500 3075 inﬁnite
2533 3011 2820 3074 distantia;
2853 3021 3014 3080 atque
3064 3025 3090 3062 a
3125 3008 3550 3072 ‘deterioribus,

297 3105 401 3158 καὶ
430 3105 508 3166 είς
535 3103 761 3172 ἄπειρον
799 3101 1182 3170 ἀφεστηκότα,
1218 3103 1312 3154 καὶ
1341 3101 1447 3154 ἀπὸ
1480 3101 1579 3171 μὲν
1617 3101 1724 3154 τῶν
1763 3119 1879 3170 χει-

302 3195 486 3268 ρόνων
509 3195 600 3248 καὶ
632 3193 913 3264 βλαϐερῶν
942 3193 1040 3265 τῆς
1062 3193 1170 3246 τῶν
1200 3192 1443 3262 ψευδωνύ
1453 3209 1570 3264 μων
1599 3191 1735 3247 θεῶν
1759 3193 1882 3263 βδε-

297 3285 505 3359 λυρίας
543 3286 636 3338 καὶ⁹
692 3285 1058 3357 ματαιότητος
1105 3284 1408 3355 ἁπείργων,
1458 3284 1783 3354 μετανιστάς
1823 3283 1882 3337 δέ

300 3378 405 3434 καὶ
442 3376 696 3451 μετάγων
729 3376 821 3428 ἐπὶ
847 3375 918 3428 τὰ
957 3375 1194 3445 κρείττω
1232 3373 1324 3428 καὶ
1357 3373 1706 3443 ἀσυγκρίτως
1728 3372 1878 3444 ,ὑψη-

298 3471 508 3540 λότερα
533 3512 549 3534 ,
577 3468 676 3542 τὴν
706 3465 799 3522 τοῦ
839 3467 1010 3533 ὅντως
1051 3464 1201 3531 ὄντος
1251 3461 1386 3521 Θεοῦ
1419 3465 1719 3534 ἐπέγνωσιν
1769 3467 1882 3520 eis-

303 3559 648 3630 ηγούμενοςο
686 3561 861 3627 ἐφιεὶς
891 3559 946 3611 δὲ
968 3559 1102 3621 τέως
1135 3557 1249 3620 τοῖς
1279 3555 1340 3608 τὸ
1367 3555 1623 3627 τηνικάδε
1653 3555 1750 3618 τὰς
1775 3557 1882 3609 τῶν

299 3649 522 3719 ἀλόγων
553 3647 710 3716 ζώων
760 3649 950 3714 θυσίας
977 3689 992 3714 ,
1023 3649 1112 3702 διὰ
1155 3647 1216 3701 τό
1248 3647 1360 3702 τῶν
1403 3647 1883 3720 νομοθετουμένων

300 3740 558 3806 ἀσθενὲς,
591 3740 686 3794 καὶ
716 3740 804 3794 ἀεὶ
834 3739 973 3810 πρὸς
988 3739 1049 3792 τὸ
1076 3740 1258 3812 χεῖρον
1279 3739 1600 3813 ἐπιρρεπές,
1630 3739 1884 3812 καὶπρὸς

297 3833 361 3885 τὸ
400 3831 692 3896 ζωοθυτεῖν
741 3830 912 3892 πάλαι
952 3829 1400 3902 προειθισμένον,
1439 3829 1652 3884 ἐκεῖθέν
1695 3848 1755 3884 τε
1789 3847 1886 3901 με·

297 3919 694 3990 ταρρυθμίζων
726 3919 820 3972 ἐπὶ
845 3918 906 3972 τὸ
931 3919 1184 3984 εὐπειθὲς
1212 3921 1304 3972 καὶ
1333 3920 1566 3990 εὐήνιον,
1600 3919 1692 3972 ἵνα
1739 3919 1882 3974 κατά

301 4009 486 4080 βραχὺ
517 4009 776 4090 πρδςςιὴν
797 4010 906 4063 τῶν
935 4010 1280 4083 τελεωτέρων
1310 4009 1426 4075 ἕξιν
1443 4010 1878 4080 κατεθιζόμενοι,

301 4104 708 4171 μετανασταῖεν
740 4104 831 4156 ἐπὶ
857 4103 917 4156 τὸ
945 4102 1168 4174 ἄμεινόν
1199 4119 1258 4154 τε
1287 4102 1378 4155 καὶ
1406 4101 1824 4173 θεοειδέστερον.

387 4192 528 4246 Ἀλλ’
572 4193 698 4247 ἐπεὶ
743 4195 772 4246 6
826 4195 990 4266 νόμος
1023 4194 1178 4248 οὐδὲν
1215 4193 1552 4258 ἐτελείωσεν,
1607 4193 1777 4265 ὀργὴν
1823 4191 1895 4245 δέ-

303 4284 514 4354 μᾶλλον
545 4285 623 4354 τῷ
665 4287 1080 4357 παραὸεδάσθαι
1124 4285 1550 4357 κατειργάζετο,
1583 4285 1644 4338 οὐ
1688 4284 1774 4338 διὰ
1819 4277 1881 4336 τό

302 4377 568 4446 ςορτικδν
591 4377 698 4430 τῶν
725 4378 1119 4449 νομιζομένων,
1151 4379 1240 4432 διὰ
1273 4379 1334 4429 τδ
1369 4377 1642 4447 μοχθηρὸν
1681 4377 1738 4430 δέ
1765 4377 1874 4430 τῶν

301 4467 756 4538 παραϐαινόντων
788 4469 1027 4538 (ἠσθένει
1056 4469 1164 4538 γὰρ
1190 4469 1325 4522 διότι
1352 4470 1554 4531 πάντες
1580 4469 1671 4537 ὑφ’
1696 4469 1874 4538 ἁμαρ-

298 4559 424 4611 τίαν
473 4559 626 4622 ὄντες
655 4559 953 4630 ἐτύγχανον
982 4602 996 4625 ,
1041 4563 1316 4632 προήγετο
1363 4561 1419 4614 δὲ
1465 4561 1602 4632 πρὸς
1634 4561 1732 4630 τὴν
1778 4561 1876 4630 τῆς

301 4651 584 4720 ἁμαρτίας
612 4652 926 4720 διάγνωσιν,
969 4653 1027 4720 ἐξ
1061 4648 1122 4705 οῦ
1151 4653 1412 4723 ἠλέγχετο
1433 4653 1491 4705 τὸ
1522 4652 1746 4714 ἀσθενὲς
1779 4652 1876 4721 τῆς

302 4744 545 4812 φύσεως,
579 4745 674 4798 καὶ
698 4745 756 4798 τὸ
784 4744 918 4814 πρὸς
941 4745 1140 4798 κακίαν
1163 4745 1482 4811 εὐόλισθον),
1502 4745 1672 4798 ἐδεῖτο
1693 4744 1878 4797 λοιπὸν

301 4836 395 4888 τοῦ
427 4837 764 4901 τελειοῦντος
793 4839 890 4890 καὶ
927 4840 1256 4909 μετάγοντος
1280 4840 1374 4892 ἐπὶ
1407 4839 1466 4890 τό
1492 4838 1698 4908 βέλτιον
1724 4854 1738 4869 ’
1766 4854 1876 4890 τοι-

302 4927 497 4997 γάρτοι
531 4929 590 4981 τὸ
618 4927 880 4982 ἀδύνατον
911 4929 1004 4982 τοῦ
1033 4929 1196 5000 νόμον
1227 4931 1284 4981 ἐν
1309 4922 1352 4998 ᾧ
1382 4930 1604 5002 ἠσθένει
1628 4969 1642 4992 ,
1685 4932 1712 4982 ὁ
1745 4929 1877 4992 Θεὸς

301 5019 394 5072 τὸν
428 5018 630 5072 ἑαυτοῦ
656 5001 1054 5091 Υίὸνπέμψας,
1091 5021 1381 5090 κατέκρινε
1417 5019 1515 5091 τὴν
1557 5019 1832 5090 ἁμαρτίαν
1857 5036 1872 5051 ·

299 5109 735 5180 Δεδικαιώμεθα
764 5115 873 5182 γὰρ
897 5113 967 5166 ἐν
994 5111 1227 5182 Χριστῷ
1268 5111 1364 5165 διὰ
1396 5112 1674 5178 πίστεως.
1708 5110 1879 5164 Τοῦτο

303 5203 418 5274 γὰρ
447 5205 764 5258 ἐτελείωσεν
803 5206 837 5276 ἡ
887 5204 1049 5276 χάρις
1079 5202 1621 5274 καταπεφοιτηκότος
1667 5199 1758 5253 ἐπὶ
1780 5201 1880 5273 τῆς

303 5297 414 5368 γῆς
445 5296 540 5350 τοῦ
565 5299 769 5369 Λόγου,
799 5301 896 5353 καὶ
933 5298 1021 5353 διὰ
1045 5299 1248 5370 σαρκὶς
1269 5297 1577 5370 ἀνθρώποις
1608 5311 1876 5366 προσομι-

382 5465 429 5499 ⁶⁸
457 5471 613 5528 Rom.
673 5489 704 5528 v
727 5471 816 5540 ,1.

1985 3107 2184 3170 noxiis,
2218 3103 2448 3172 falsique
2475 3103 2709 3155 nominis
2739 3102 2841 3155 diis
2873 3100 3290 3154 abominationis
3319 3109 3370 3152 et
3399 3097 3552 3150 vani-

1986 3196 2110 3247 tatis
2135 3194 2410 3255 avertens,
2456 3191 2787 3245 transferens
2829 3199 3005 3241 autem
3041 3195 3552 3257 atque,convertens

1983 3289 2050 3339 ad
2091 3285 2313 3340 meliora
2349 3293 2402 3339 et
2439 3282 2936 3352 incomparabiliter
2965 3281 3286 3346 excelsiora,
3324 3281 3547 3349 verique

1987 3376 2076 3430 Dei
2135 3376 2383 3428 notitiam
2420 3376 2674 3429 edocens.
2708 3373 2772 3426 Et
2819 3371 3140 3442 permittens
3184 3371 3399 3439 quidem
3443 3369 3550 3424 He-

1985 3465 2141 3522 braeis
2194 3466 2411 3523 interim
2453 3465 2850 3520 irrationalium
2912 3461 3224 3516 animalium
3256 3459 3546 3521 sacriﬁcia,

1985 3567 2205 3629 propter
2237 3557 2336 3627 legi
2376 3559 2712 3611 subditorum
2751 3553 3118 3616 inﬁmitatem,
3143 3557 3198 3604 et
3234 3547 3549 3604 continuam

1985 3646 2050 3700 ad
2098 3645 2251 3716 pejus
2295 3644 2722 3714 proclivitatem,
2774 3658 2982 3698 necnon
3045 3649 3264 3712 prepter
3316 3648 3551 3694 veterem

1985 3737 2234 3792 victimas
2262 3734 2573 3790 inunolantli
2602 3748 2804 3789 morem
2831 3749 2846 3798 ;
2871 3734 2964 3787 sed
3020 3742 3202 3786 tamen
3235 3745 3300 3784 ea
3343 3730 3552 3783 ratione

1987 3827 2334 3906 conformans
2367 3828 2431 3880 ad
2481 3825 2840 3882 obedientiam
2889 3824 3054 3896 236
3085 3837 3148 3877 ac
3201 3821 3554 3886 docilitatem,

1987 3931 2044 3975 ιιι
2081 3919 2406 3990 pedetentim
2460 3919 2524 3972 ad
2563 3916 2882 3987 perfectiora
2943 3915 3243 3986 proﬁtenda
3305 3911 3550 3977 excitati,

1984 4008 2050 4062 ad
2083 4008 2359 4062 meliorem
2389 4007 2808 4076 divinioremque
2831 4006 3044 4061 vivendi
3076 4005 3340 4060 rationem
3358 4006 3553 4059 immu-

1985 4107 2247 4152 tarentur.

2054 4189 2160 4244 Sed
2183 4185 2434 4258 quoniam
2467 4189 2551 4241 lex
2585 4188 2717 4241 nibil
2750 4186 3049 4240 absolutum
3079 4181 3276 4250 eﬂ'ecit,
3297 4183 3390 4238 sed
3416 4183 3550 4237 iram

1985 4281 2162 4351 potius
2193 4281 2262 4335 ob
2309 4280 2768 4348 transgressiones
2801 4288 3021 4349 operata
3055 4286 3156 4340 est,
3183 4289 3286 4330 non
3332 4283 3550 4355 propter

1984 4373 2361 4441 mandatorum
2418 4373 2760 4438 gravitatem,
2802 4370 2898 4424 sed
2934 4368 3031 4423 *ob
3080 4379 3548 4436 transgressurum

1983 4465 2286 4529 malitiam;
2340 4463 2552 4516 inlirma
2610 4461 2754 4516 enim
2810 4470 2966 4526 erat,
3027 4462 3152 4530 quia
3203 4471 3392 4512 omnes
3448 4457 3550 4512 sub

1985 4567 2209 4626 peccato
2239 4563 2415 4617 erant,
2451 4555 2564 4622 ipsa
2592 4562 2768 4607 autem
2803 4553 2868 4605 ad
2917 4562 3194 4622 peccatum
3225 4553 3550 4620 dignoscan-

1986 4639 2110 4703 tluin
2136 4647 2387 4708 ducebat,
2419 4647 2560 4699 unde
2591 4654 2795 4698 natura:
2818 4643 3102 4698 inﬁrmitas
3135 4641 3554 4710 coarguebatur,

1989 4749 2041 4794 et
2075 4720 2138 4793 ad
2170 4738 2504 4808 peccandum
2533 4738 2875 4805 proclivitas;
2907 4736 3132 4804 ideoque
3168 4739 3355 4804 egebat
3383 4735 3548 4789 homo

1987 4831 2301 4902 perﬁciente
2323 4846 2404 4896 se,
2437 4839 2491 4884 et
2521 4829 2586 4882 ad
2620 4830 2843 4884 meliora
2881 4829 3230 4893 traducente;
3266 4837 3548 4897 propterea

1987 4925 2127 4996 quod
2179 4934 2294 4980 erat
2343 4921 2678 4993 impossibile
2716 4921 2838 4992 legi,
2882 4922 2931 4974 in
2989 4937 3094 4991 quo
3148 4921 3549 4988 inﬁrmabator,

1989 5016 2126 5070 Deus
2158 5014 2352 5068 Filium
2372 5029 2527 5068 suum
2561 5012 2798 5077 mittens,
2836 5020 3118 5082 peceatum
3152 5011 3552 5065 condemnavit.

1985 5105 2278 5174 Justiﬁcat.‘
2302 5106 2438 5158 enim
2476 5104 2674 5173 fuimus
2723 5104 2776 5155 in
2819 5100 3022 5158 Christo
3065 5117 3160 5170 per
3201 5101 3469 5171 ﬁdem”.
3501 5101 3554 5154 Id

1987 5197 2131 5252 enim
2180 5194 2405 5264 perfecit
2455 5195 2649 5265 gratia,
2694 5191 2866 5246 Verbo
2908 5193 2958 5245 in
3001 5203 3172 5246 terras
3207 5189 3549 5254 adveniente,

1987 5297 2042 5342 et
2081 5303 2176 5358 per
2219 5301 2440 5342 carnem
2469 5301 2589 5342 cum
2646 5284 2952 5341 hominibus
3005 5286 3380 5340 conversante.
3409 5279 3578 5334 llinc'

385 5629 500 5701 (75)
533 5627 789 5686 Fortasse
818 5627 1133 5699 intelligitur
1163 5626 1302 5684 idem
1335 5624 1571 5680 lsidorus
1607 5623 1896 5690 Pelusiota,
1939 5623 2098 5692 paulo
2125 5627 2252 5678 ante
2285 5620 2555 5678 laudatus.
