4024 6214
400 223 502 292 761

1247 235 1812 302 APOLOGETICUS
1847 242 2000 304 PRO
2033 244 2298 305 SACRIS
2325 243 2806 308 IMAGINIBUS.

3545 256 3652 318 762

403 341 496 393 καὶ
528 339 696 412 ἀνοχῇ
738 339 1194 414 ἀνεξερεύνητοςί
1241 345 1346 398 ποῦ
1377 364 1510 400 ποτε
1546 347 1656 420 ἀρα
1688 349 1790 421 τὴν
1833 350 1980 404 κατὰ

2083 352 2278 420 impios
2323 353 2606 419 cohibens,
2645 356 2934 424 praesentia
2979 356 3274 427 tolerabis?
3305 361 3648 428 quandonam

395 428 508 484 τῶν
535 428 750 484 ἀσεϐῶν
779 431 950 504 όργὴν
968 433 1340 506 ταμιευομένη
1370 435 1439 488 τά
1460 435 1556 491 νῦν
1580 438 1973 511 ύπερτίθωαι;

395 520 530 573 πότε
567 520 628 574 δὲ
657 521 768 577 τῶν
813 522 1377 596 πεπλημμελημένων
1407 529 1487 592 εἰς
1523 527 1585 582 σὲ
1630 531 1762 603 παρ’
1795 532 1978 588 αὐτῶν

397 616 684 688 μετέλθοις
710 618 1011 685 δικάζουσα
1041 621 1114 676 τά
1137 622 1470 695 τολμήματα
1495 643 1513 694 ;

467 708 572 780 ξη’.
612 711 834 776 ΙΙἌκουε,
857 712 1055 784 ούρανὲ
1076 751 1094 782 ,
1140 714 1237 769 καὶ
1278 716 1557 783 ένωτίζου,
1595 717 1630 788 ἡ
1668 716 1768 788 γῆ,
1800 719 1896 774 καὶ
1942 722 1976 792 ή

394 801 578 866 κτίσις
608 803 643 874 ἠ
697 801 987 874 σύμπασα,
1019 804 1259 877 πρόσεχε
1283 821 1298 836 °
1333 808 1362 860 ὁ
1389 806 1556 878 νόμος
1582 806 1742 876 ἅγιος
1762 848 1778 875 ,
1805 811 1900 863 καὶ
1941 812 1975 881 ἡ

394 891 590 963 ἐντολὴ
627 892 785 961 ἀγία,
806 893 902 947 καὶ
927 893 1134 961 δικαία,
1160 897 1256 950 καὶ
1295 895 1498 967 ἀγαθή·
1532 896 1715 962 καλῶς
1733 915 1748 929 ο
1777 899 1902 952 ἀλλ’
1927 899 1981 952 εί

391 983 667 1052 γε·ταῦτα
697 984 849 1054 ἅγια,
883 985 954 1040 τά
982 1002 1047 1054 γε
1069 986 1442 1058 ἀμυδρότερόν
1474 1004 1592 1052 πως
1618 989 1714 1042 καὶ
1744 989 1978 1061 μετριώ-

391 1088 582 1144 τερον,
615 1075 708 1130 καὶ
734 1075 812 1139 ὡς
831 1076 938 1130 ὑπὸ
964 1077 1430 1148 παραπετάσματι
1457 1077 1536 1148 τῷ
1563 1079 1852 1150 γράμματι
1881 1082 1975 1134 καὶ

391 1167 518 1228 ταῖς
557 1167 738 1228 σκιαῖς
769 1165 870 1236 τὴν
908 1165 1060 1220 θείαν
1089 1166 1293 1235 γνῶσιν
1320 1167 1457 1238 ἡμῖν
1487 1167 1862 1237 ὑποφαίνοντα
1882 1211 1898 1235 ,
1939 1172 1974 1236 ἠ

392 1257 556 1328 χάρις
579 1256 745 1310 πόσον
782 1257 1061 1329 ἀγιωτέρα
1095 1258 1192 1313 καὶ
1244 1257 1659 1330 θεοειδεστέρα,
1686 1261 1721 1332 ἠ
1750 1259 1841 1314 διά
1877 1259 1974 1314 τοῦ

391 1347 534 1401 Θεοῦ
582 1348 760 1416 Λόγου
808 1350 894 1412 εἰς
937 1349 1086 1418 ἡμᾶς
1126 1349 1498 1420 γεγενημένης
1533 1349 1886 1421 ἀσυγκρίτως
1912 1351 1975 1404 τὸ

393 1439 888 1511 ύπεραναόεϐηκὸς
925 1440 1018 1494 τοῦ
1060 1441 1226 1512 νόμου
1264 1440 1464 1511 ἔχουσα
1492 1441 1879 1514 ὲκτυπὼτερόν
1910 1459 1972 1496 τε

393 1531 491 1584 καὶ
527 1530 876 1603 ὲνθεέστερον
901 1572 918 1596 ,
951 1531 1050 1600 τὴν
1075 1531 1178 1601 τῆς
1229 1531 1460 1603 Τριάδος
1488 1534 1624 1604 ἡμῖν
1655 1533 1970 1604 φανέρωσιν

392 1623 453 1675 ἐν
488 1621 758 1692 πνεύματι
783 1624 880 1676 καὶ
909 1621 1137 1694 ἀληθείᾳ
1167 1623 1585 1690 ὲκπαιδεύουσα,
1620 1625 1717 1678 καὶ
1743 1624 1840 1696 τὴν
1891 1628 1971 1690 είς

390 1713 485 1768 τὸν
508 1715 603 1768 ένα
636 1715 730 1769 καὶ
757 1715 917 1786 μόνον
946 1714 1079 1769 Θεὸν
1107 1715 1286 1785 ἀληθῆ
1319 1715 1414 1770 καὶ
1451 1715 1722 1787 εἰλικρινῆ
1756 1717 1968 1788 μυοῦσα

390 1807 488 1859 καὶ
531 1805 902 1877 διατρανοῦσα
929 1806 1136 1875 γνῶσίν
1169 1823 1229 1860 τε
1267 1807 1362 1860 καὶ
1413 1808 1810 1878 προσκύνησιν,
1839 1810 1969 1862 ἀνα-

390 1897 644 1967 γεννῶσα
662 1897 722 1952 δὲ
743 1899 826 1962 εἰς
846 1897 1140 1962 ζυίοθεσίαν
1183 1897 1273 1950 διά
1308 1897 1402 1951 τοῦ
1435 1899 1754 1968 Πνεύματος
1787 1899 1968 1970 κρείτ-

387 2003 541 2053 τονα,
587 1987 684 2041 καὶ
727 1985 1008 2058 βασιλείας
1043 1986 1290 2057 οὐρανῶν
1314 1986 1506 2040 ἐλπίδα
1536 1987 1727 2057 σαφῶς
1758 2004 1968 2042 κατεπ-

388 2077 772 2146 αγγέλλουσαο
799 2077 916 2132 ἀλλ’
945 2077 995 2130 οἰ
1025 2076 1126 2145 τῆς
1155 2077 1380 2148 χάριτος
1435 2076 1621 2148 ἐχθροὶ
1674 2076 1966 2130 εἰδωλολα-

387 2164 551 2235 τρίαν
590 2163 768 2218 ταῦτα
817 2167 995 2219 πάντα
1037 2164 1366 2235 ἀπέφηναν
1414 2164 1641 2218 τοιαῦτα
1698 2165 1807 2234 γὰρ
1865 2166 1968 2235 τῆς

355 2313 367 2324 ,
389 2255 618 2310 ἐκείνων
645 2256 995 2327 παρανομίας
1016 2255 1088 2308 τά
1109 2255 1318 2310 ἀτοπαί
1359 2254 1548 2315 Οῦτως
1585 2257 1664 2318 εἰς
1693 2255 1966 2326 ἀϐούλητα

389 2349 487 2401 καὶ
519 2347 724 2417 μάταια
767 2347 829 2412 ἐξ
857 2345 1059 2401 ἀθλίων
1093 2347 1433 2417 σκεμμάτων
1477 2349 1964 2420 κατενηνεγμένοι,

387 2435 656 2507 λογισμοῦ
706 2435 802 2489 τοῦ
856 2434 1162 2506 πρέποντος
1213 2435 1715 2506 διαμαρτάνουσινί
1768 2435 1890 2491 Ἔτι
1938 2439 1967 2491 ό

388 2529 556 2597 νόμος
577 2527 734 2580 σκιὰν
764 2525 904 2596 έχων
930 2525 1037 2580 τῶν
1067 2525 1377 2598 μελλόντων
1402 2525 1646 2594 ἀγαθῶν,
1671 2528 1771 2580 ούκ
1790 2527 1961 2598 αύτὴν

383 2621 490 2688 τὴν
523 2619 709 2672 εἰκόνα
731 2617 842 2671 τῶν
881 2617 1248 2690 πραγμάτων,
1277 2617 1396 2671 κατ’
1427 2617 1674 2672 ἐνιαυτὸν
1703 2621 1827 2682 ταῖς
1865 2619 1966 2673 αύ-

387 2715 513 2774 ταῐς
543 2710 758 2774 θυσίαις
785 2709 852 2774 ἀς
883 2709 1290 2782 προσφέρουσιν
1337 2710 1417 2772 εἰς
1445 2708 1506 2762 τὸ
1529 2709 1804 2780 διηνεκὲς,
1843 2710 1966 2764 ούδέ

391 2816 531 2855 ποτε
569 2800 791 2854 δύναται
815 2800 942 2864 τοὺς
974 2799 1450 2872 προσερχομένους
1474 2798 1802 2854 τελειῶσαι·
1841 2801 1966 2854 ἐπεὶ

387 2895 492 2948 οὐκ
537 2892 603 2946 ἃν
657 2892 969 2946 ἐπαύσαντο
1029 2891 1516 2963 προσφερόμεναι·
1562 2893 1679 2945 ἀλλ’
1721 2893 1750 2944 ὁ
1801 2894 1965 2964 νόμος

388 2984 583 3052 ἅγιος,
633 2982 731 3037 καὶ
759 2983 936 3038 ταῦτα
981 2985 1056 3056 μὴ
1087 2984 1392 3054 δυνάμενος
1423 2984 1552 3049 τοὺς
1587 3002 1754 3056 προσε
1767 2985 1964 3056 ρχομέ-
1993 3025 2036 3082 c

388 3093 518 3140 νους
561 3075 876 3130 τελειῶσαι.’
912 3077 1008 3130 καὶ
1065 3077 1098 3147 ἡ
1141 3075 1332 3147 ἐντολὴ
1380 3077 1514 3145 ἀγία
1541 3115 1557 3144 ,
1592 3078 1770 3130 καίτοι
1805 3076 1964 3130 σκιὰν

387 3163 505 3237 εἶχε
533 3165 643 3220 τῶν
676 3166 982 3236 μελλόντων
1012 3166 1114 3220 οὐκ
1143 3167 1313 3238 αὐτὴν
1341 3168 1528 3221 εἰκόνα
1559 3168 1670 3222 τῶν
1705 3167 1964 3238 πραγμά-

382 3275 529 3310 των·
569 3257 714 3312 αὑτά
739 3257 796 3311 δὲ
829 3259 896 3312 τά
931 3257 1233 3328 πράγματα
1275 3252 1352 3314 ὧν
1387 3258 1584 3329 ὀνόμος
1618 3260 1766 3323 σκιὰ,
1796 3277 1956 3312 τουτ-

389 3349 538 3402 έστιν
593 3349 626 3418 ἠ
698 3347 857 3418 χάρις
909 3347 1004 3400 καὶ
1051 3349 1084 3418 ὴ
1137 3347 1386 3420 ἀλήθεια,
1451 3349 1574 3417 ἥτις
1627 3349 1714 3424 διά
1773 3348 1949 3422 Ἰησοῦ

384 3434 623 3508 Χριστοῦ
653 3436 892 3506 ἐγένετο,
913 3438 967 3490 τί
987 3437 1165 3501 ἔσται,
1191 3438 1242 3491 οἰ
1269 3439 1380 3492 νέοι
1397 3437 1660 3509 Ἕλληνες
1675 3439 1957 3505 γλωσσαλ-

383 3526 679 3596 γείτωσανο
711 3524 829 3580 εἷτα
857 3529 886 3580 ό
904 3527 1070 3597 νόμος
1095 3528 1248 3581 ούδὲν
1273 3527 1614 3593 ἐτελείωσεν,
1643 3528 1758 3581 ἀλλ’
1777 3515 1952 3598 ἆγιοςο

383 3619 623 3690 Χριστὸς
649 3619 728 3684 δὲ,
770 3619 830 3682 ὃς
857 3620 958 3691 μιᾷ
997 3621 1298 3692 ’προσφορᾷ
1350 3619 1704 3674 τετελείωκεν
1755 3623 1837 3686 είς
1893 3623 1954 3676 τὸ

2080 445 2420 513 peccantium
2460 446 2512 500 in
2563 456 2616 501 te
2666 446 2906 503 facinora
2953 449 3150 504 merito
3198 447 3404 517 judicio
3457 466 3682 522 perse-.

2079 534 2262 603 queris
2286 535 2309 589 ἲ

2151 713 2239 767 68.
2273 715 2430 775 Audi,
2461 714 2657 769 cretum
2679 733 2692 781 ;
2718 718 2942 770 auribus
2967 718 3203 786 percipe,
3237 727 3377 772 terra
3405 735 3420 785 ;
3445 727 3503 774 et
3523 719 3648 775 uni-

2078 819 2235 858 versa
2264 814 2534 868 creatura,
2569 804 2806 862 attende.
2857 805 2967 862 Lex
3000 815 3212 871 sancta,
3246 819 3301 862 et
3329 810 3642 864 mandatum

2078 904 2356 960 sanctum,
2405 896 2610 964 justum
2649 884 2980 967 bonumque.
3015 899 3203 954 Recte.
3235 898 3397 966 Atqui
3442 899 3488 954 si
3529 900 3646 955 haec

2077 995 2262 1040 sancta
2311 994 2458 1048 sunt,
2488 999 2606 1054 quin
2631 985 2916 1040 obscurius
2952 996 3012 1042 et
3036 987 3260 1053 arctius,
3289 997 3344 1042 et
3379 997 3634 1057 tanquam

2079 1078 2184 1134 sub
2224 1077 2342 1132 velo
2377 1078 2553 1131 littera
2589 1086 2642 1131 et
2672 1076 2879 1131 umbris
2912 1077 3150 1130 divinam
3191 1077 3441 1132 notitiam
3483 1078 3645 1133 nobis

2075 1183 2217 1236 aegre
2272 1167 2590 1232 ostendunt,
2615 1178 2821 1237 quanto
2879 1169 3119 1223 sanctior
3168 1169 3512 1239 diviniorque
3540 1171 3647 1225 erit

2075 1262 2268 1330 gratia,
2291 1277 2408 1329 quze
2447 1262 2602 1318 nobis
2634 1277 2664 1315 a
2713 1262 2819 1316 Deo
2865 1260 3038 1316 Verbo
3085 1259 3402 1316 confertur?
3437 1261 3644 1316 incom-

2075 1348 2392 1415 parabiliter
2418 1347 2518 1416 legi
2548 1349 2816 1418 superior,
2834 1349 3254 1418 evidentiusqne
3279 1358 3333 1404 et
3357 1349 3642 1404 sublimius

2075 1437 2359 1492 Trinitatis
2399 1439 2556 1494 nobis
2589 1439 3086 1493 manifestationem
3115 1439 3167 1492 in
3196 1439 3387 1507 spiritu
3413 1453 3478 1494 ac
3499 1439 3644 1493 veri-

2077 1540 2182 1585 tate
2208 1531 2434 1598 faciens,
2463 1543 2518 1586 et
2548 1534 2705 1588 unius
2737 1533 3108 1586 tantummodo
3139 1532 3226 1586 Dei
3257 1545 3438 1586 veram
3464 1532 3642 1586 since-

2076 1640 2294 1694 ramquc
2309 1626 2527 1680 tradens
2544 1627 2957 1693 edisserensque
2973 1624 3212 1678 notitiam
3234 1633 3394 1692 atque
3413 1625 3638 1684 cultum,

2071 1727 2232 1785 atque
2262 1716 2312 1768 in
2346 1716 2622 1770 meliorem
2644 1731 2967 1786 regenerans
2987 1731 3081 1784 per
3101 1716 3361 1785 Spiritum
3397 1716 3640 1786 adoptio-

2071 1820 2213 1870 nem,
2233 1805 2487 1874 regnique
2510 1807 2768 1859 caelorum
2788 1821 2934 1874 spem
2963 1816 3149 1874 aperte
3165 1807 3507 1859 annuntians.
3532 1805 3638 1861 Sed

2069 1896 2254 1962 gratia:
2289 1895 2471 1952 hostes
2509 1906 2699 1951 cuncta
2733 1897 2847 1951 haec
2883 1897 3200 1951 idololatriae
3253 1898 3430 1952 instar
3459 1897 3643 1950 tradu-

2069 1995 2217 2040 cunt.
2248 1985 2418 2040 Tanta
2444 1987 2640 2056 quippe
2675 1995 2758 2041 est
2801 1987 3162 2056 improbitatis
3200 1987 3413 2040 illorum
3451 1986 3642 2040 absur-

2070 2076 2242 2130 ditasl
2277 2077 2369 2130 Sic
2422 2076 2473 2131 in
2517 2076 2914 2130 inconsiderata
2949 2085 3004 2128 et
3039 2091 3177 2128 vana
3219 2090 3284 2130 ex
3330 2073 3640 2128 infelicibus

2068 2165 2312 2219 consiliis
2345 2165 2569 2234 delapsi,
2607 2180 2635 2216 a
2663 2165 2845 2218 debito
2895 2165 3184 2219 ratiocinio
3231 2165 3518 2218 dcerrant!
3547 2163 3640 2218 ln-

2067 2273 2231 2326 super
2256 2256 2342 2312 lex
2376 2259 2621 2312 umbram
2647 2255 2949 2309 futurorum
2980 2255 3240 2310 bonorum
3276 2271 3494 2326 gerens,
3529 2270 3636 2310 non

2068 2349 2337 2417 propriam
2376 2361 2552 2401 rerum
2597 2345 2908 2416 imaginem,
2939 2347 3134 2400 annuis
3169 2347 3295 2414 ipsis
3329 2346 3634 2411 sacrificiis,

2068 2453 2188 2508 quae
2229 2447 2488 2508 perpetua
2546 2436 2938 2502 offerebantur,
2973 2452 3244 2504 nunquam
3287 2439 3459 2506 potuit
3488 2436 3640 2488 obla-

2069 2541 2211 2586 tores
2231 2530 2496 2599 perfectos
2513 2528 2756 2591 efficere;
2784 2543 2952 2597 quare
2971 2537 3024 2582 et
3049 2528 3385 2582 incessanter
3412 2529 3634 2609 fiebant.

2069 2621 2175 2677 Sed
2218 2633 2394 2676 tamen
2427 2621 2508 2673 lex
2565 2631 2753 2673 sancta
2799 2629 2940 2685 erat,
2975 2619 3188 2674 etiamsi
3235 2619 3472 2673 asseclas
3509 2633 3636 2671 suns

2070 2715 2208 2768 haud
2235 2712 2495 2782 perficere
2529 2719 2760 2780 poterat.
2797 2711 2862 2764 Et
2885 2711 3195 2764 mandatum
3237 2717 3510 2771 sanctum,
3532 2710 3634 2763 et~i

2073 2806 2324 2857 umbram
2361 2813 2568 2856 tantum
2602 2805 2822 2856 tenebat
2857 2802 3182 2864 futurorum,
3212 2818 3314 2854 non
3361 2802 3634 2870 propriam

2072 2911 2250 2949 rerum
2276 2895 2580 2962 imaginem.
2613 2893 2719 2948 Res
2750 2910 2879 2948 vero
2903 2895 3050 2960 ipsa',
3071 2909 3299 2963 quarunt
3335 2893 3414 2947 lex
3445 2897 3636 2944 umbra

2070 2993 2207 3048 erat,
2275 2985 2326 3038 id
2381 2999 2462 3038 est
2515 2987 2685 3053 gratia
2740 2993 2794 3038 et
2855 2987 3076 3046 veritas,
3125 2999 3242 3051 qua:
3298 2999 3392 3050 per
3452 2981 3635 3035 Jesnm

2068 3074 2344 3130 Christum
2376 3076 2676 3143 contigere,
2706 3075 2834 3144 quid
2881 3075 3010 3138 sint,
3045 3074 3165 3128 novi
3224 3074 3426 3128 ethnici
3462 3073 3634 3128 blate-

2069 3175 2208 3220 reut.
2247 3163 2448 3219 Deinde
2481 3165 2563 3218 lex
2613 3165 2743 3218 nihil
2798 3165 3044 3232 perfecit,
3071 3166 3162 3218 sed
3207 3175 3398 3218 sancta
3453 3174 3632 3218 tamen

2071 3266 2188 3310 erat
2214 3272 2228 3321 ;
2259 3255 2509 3311 Christus
2549 3266 2730 3308 autem
2762 3257 2850 3323 qui
2900 3272 3001 3308 una
3055 3257 3329 3310 oblatione
3381 3270 3636 3310 consum-

2067 3350 2235 3404 mavit
2291 3350 2342 3403 in
2378 3349 2766 3418 sempiternum
2824 3348 3193 3403 sanetillcatos
3239 3347 3308 3418 (is
3335 3348 3482 3401 enim
3511 3345 3635 3399 fidei

2068 3450 2264 3494 nostra:
2291 3450 2372 3494 est
2402 3449 2826 3500 consummatur,
2873 3441 2927 3493 in
2959 3454 3116 3508 quem
3169 3439 3489 3506 respicimus
3523 3435 3630 3504 '°);

2063 3531 2332 3593 Christus,
2376 3530 2618 3598 inquam,
2666 3529 2832 3598 quid?
2869 3529 3026 3583 llnnc
3075 3529 3196 3582 novi
3241 3527 3414 3582 Judaei
3459 3528 3638 3582 cruci-

2067 3621 2250 3691 ligant.

397 3712 650 3784 διηνεκὲς
717 3714 845 3778 τοὺς
905 3714 1298 3784 ἁγιαζομένους
1343 3715 1544 3786 (αύτδς
1595 3715 1704 3786 γὰρ
1751 3718 1780 3769 ό
1827 3717 1924 3788 τῆς
1961 3716 2198 3780 πίστεως
2233 3713 2392 3786 ήμῶν
2464 3712 2788 3782 τελειωτὴς,
2823 3714 2901 3776 εἰς
2948 3713 3006 3765 ὃν
3076 3710 3420 3783 ἀφορῶμεν),
3453 3709 3633 3778 τί;οἰ

375 3811 702 3881 ἀρτιφανείς
753 3807 994 3861 Ἰουδαῖοι
1022 3807 1570 3878 ἁνασταυρούτωσαν.

453 3900 537 3954 Τά
581 3899 640 3954 δὲ
687 3899 814 3971 ἑξῆς
857 3900 1045 3965 ὁποῖα,
1087 3901 1472 3973 σκοπήσωμεν.
1513 3902 1652 3956 Ἀλλ’
1705 3904 1799 3957 ἐπὶ
1858 3904 1958 3966 τάς

379 3990 600 4045 Παύλου
631 3992 814 4059 φωνάς
840 3987 1003 4044 πάλιν
1047 3989 1178 4060 ἡμῖν
1208 3990 1377 4056 ἰτέον,
1408 3991 1502 4044 καὶ
1534 3991 1723 4061 ἡλίκον
1763 3991 1874 4044 τῶν
1900 3993 1956 4044 ὲν

379 4083 533 4154 νόμῳ
576 4081 766 4152 ἱερέων
805 4079 1038 4134 καὶτῶν
1087 4081 1214 4151 παρ’
1250 4082 1433 4145 αὐτοῖς
1480 4081 1862 4154 ίερευομένων,
1895 4083 1957 4135 τὸ

380 4176 483 4245 τῆς
511 4171 631 4226 καθ’
663 4173 812 4243 ἡμᾶς
833 4170 1092 4244 λατρείας
1125 4173 1419 4243 ύπερτενές
1472 4190 1531 4226 τε
1561 4175 1655 4228 καὶ
1689 4173 1960 4245 προφερέ-

380 4283 602 4333 στατον,
629 4263 706 4329 ὠς
735 4263 815 4318 ενι
851 4263 1088 4334 μάλιστα
1127 4263 1585 4336 καταθρήσωμεν.
1630 4267 1694 4318 Ui
1721 4267 1779 4320 ὲν
1807 4265 1956 4336 νόμῳ

2132 3897 2335 3953 Czetera
2391 3911 2510 3966 quae
2552 3897 2662 3949 sint
2695 3895 2992 3947 videamus.
3031 3893 3136 3947 Sed
3186 3894 3328 3948 enim
3382 3895 3447 3948 ad
3484 3893 3633 3949 Pauli

2065 3988 2371 4044 locutiones
2426 3989 2756 4041 redenmlum
2811 3995 2928 4051 est;
2965 3994 3020 4038 et
3078 3986 3212 4054 legis
3257 3985 3634 4040 sacerdotibus

2061 4096 2357 4147 eorumque
2385 4079 2700 4132 ministeriis
2730 4089 2930 4146 quanto
2959 4077 3239 4130 sublimior
3271 4077 3338 4130 sit
3370 4085 3421 4129 et
3451 4076 3630 4130 excel-

2064 4173 2259 4228 lentior
2283 4172 2460 4226 cultus
2489 4180 2692 4234 noster,
2722 4179 2987 4238 quantmn
3020 4170 3168 4232 licet,
3203 4179 3460 4222 accurate
3501 4184 3632 4222 con-

2064 4259 2583 4333 templetnur.-Natn
2649 4259 2926 4314 constituti
2973 4261 3071 4312 sub
3123 4259 3239 4328 lege
3301 4259 3631 4326 sacerdotes,

379 4357 772 4428 καθιστάμενοι
832 4357 1032 4428 ἰερεῖς,
1095 4356 1219 4409 ἐπεὶ
1269 4357 1365 4410 καὶ
1421 4357 1574 4410 αὐτοὶ
1623 4358 1959 4427 περιέκειντο

2068 4355 2314 4424 quoniam
2342 4363 2396 4408 et
2431 4354 2528 4422 ipsi
2573 4349 2895 4406 circumdati
2931 4360 3110 4416 erant,
3143 4359 3328 4419 utpote
3363 4349 3630 4413 homines.

377 4448 666 4504 ἀσθένειαν
710 4447 987 4518 ἄνθρωποί
1026 4465 1087 4516 γε
1130 4448 1300 4511 ὄντες,
1359 4449 1456 4519 οὐχ
1499 4449 1638 4520 ὑπὲρ
1677 4448 1772 4503 τοῦ
1825 4448 1958 4502 λαοῦ

381 4541 570 4611 μόνου,
597 4540 698 4612 ήδη
741 4540 800 4593 δὲ
839 4540 934 4592 καὶ
974 4539 1116 4611 ὑπὲρ
1165 4540 1374 4594 ἑαυτῶν
1423 4541 1519 4604 τὰς
1559 4540 1959 4610 νενομισμένας

380 4627 574 4692 θυσίας
615 4629 974 4700 προσέφερον.
1027 4628 1084 4681 ὐ
1123 4628 1181 4682 δὲ
1221 4629 1488 4701 ἡμέτερος
1529 4631 1818 4701 ἀρχιερεὺς
1865 4631 1959 4684 καὶ

379 4717 677 4780 ἀπόστολος
705 4718 804 4788 τῆς
845 4717 1136 4789 ὁμολογίας
1178 4718 1356 4788 ἡμῶν,
1403 4720 1503 4772 οὐκ
1533 4718 1646 4789 ἔχει
1675 4719 1947 4789 ἀνάγκην,

379 4809 572 4880 ὥσπερ
621 4812 840 4874 ἐκεῖνοι,
889 4809 1157 4881 πρότερον
1204 4809 1326 4863 καθ’
1381 4809 1595 4881 ἡμέραν
1649 4811 1793 4882 ὑπὲρ
1847 4811 1956 4864 τῶν

384 4898 533 4952 ἰδίων
585 4899 1001 4971 ἁμαρτημάτων
1044 4899 1204 4954 τοῦτο
1247 4903 1441 4965 ποιεῖν,
1483 4900 1676 4954 ἔπειτα
1711 4901 1820 4954 τῶν
1858 4900 1954 4955 τοῦ

379 4988 515 5042 λαοῦ
535 5005 548 5019 ο
573 4989 735 5042 τοῦτο
759 4989 868 5057 γὰρ
889 4989 1144 5060 ἐποίησεν
1172 4989 1390 5058 ἐφάπαξ
1411 4989 1602 5043 ἑαυτὸν
1635 4990 1953 5059 ἀνενέγκας,

381 5080 480 5135 καὶ
506 5079 762 5134 ἐκάθισεν
789 5080 848 5131 έν
880 5078 1029 5151 δεξιᾷ
1065 5079 1167 5149 τῆς
1206 5078 1599 5150 μεγαλωσύνης
1628 5081 1686 5134 ἐν
1725 5083 1838 5146 τοῖς
1867 5082 1958 5134 oo.

385 5173 598 5246 ρανοῖς·
630 5171 938 5242 πρόδρομος
968 5171 1109 5242 ὑπὲρ
1140 5173 1173 5242 ἡ
1185 5171 1300 5241 μῶν
1333 5170 1591 5225 εἰσελθὼν
1619 5172 1698 5236 εἰς
1726 5171 1788 5226 τὸ
1823 5171 1958 5226 sua-

377 5279 539 5336 τερον
566 5261 661 5316 τοῦ
699 5262 1217 5332 καταπετάσματος,
1249 5263 1536 5334 ἀρχιερεὺς
1565 5263 1646 5326 είς
1671 5263 1760 5317 τὸν
1784 5264 1957 5318 αἰῶνα

381 5355 673 5428 γενόμενος
713 5355 856 5409 κατά
893 5356 993 5426 τὴν
1031 5355 1182 5421 τάξιν
1224 5355 1582 5427 Μελχισεδέκ.
1632 5355 1742 5410 Καὶ
1771 5357 1819 5410 οί
1858 5355 1956 5426 μὲν

383 5448 627 5513 πλείονες
649 5447 802 5512 ὄντες
831 5447 1099 5520 ὑπῆρχον,
1133 5447 1210 5520 τῷ
1234 5448 1314 5519 τῷ
1346 5449 1562 5522 θανάτῳ
1591 5449 1955 5521 διακοπτομέ-

2065 4447 2402 4512 inllrmitate,
2429 4461 2532 4499 non
2574 4461 2671 4514 pro
2713 4441 2911 4512 populo
2951 4443 3066 4496 solo
3115 4443 3208 4494 sed
3243 4443 3411 4496 etiam
3443 4458 3540 4512 pro
3573 4457 3633 4498 se

2063 4538 2194 4606 ipsis
2248 4538 2440 4608 legalia
2475 4534 2742 4590 sacrificia
2796 4533 3094 4588 otferebant
3137 4533 3206 4587 τί.
3262 4532 3462 4588 Noster
3501 4548 3633 4588 vero

2061 4633 2300 4703 pontifex
2343 4641 2398 4684 et
2447 4627 2806 4683 confessionis
2869 4635 3069 4679 nostrze
3129 4627 3406 4694 apostolus
3439 4665 3454 4687 ,
3521 4641 3629 4678 non

2062 4725 2222 4778 habet
2272 4722 2648 4776 necessitatem
2703 4719 2842 4771 sicut
2895 4717 2988 4781 illi,
3021 4716 3168 4783 prius
3227 4715 3632 4786 quotidie'prn

2062 4817 2175 4870 suis
2226 4813 2465 4885 peccatis
2510 4812 2615 4866 hoc
2657 4811 2852 4874 facere,
2889 4807 3082 4862 deinde
3131 4821 3228 4876 pro
3278 4806 3480 4877 populi.
3517 4805 3632 4860 Hoc

2061 4909 2204 4963 cnim
2237 4905 2364 4960 fecit
2393 4903 2560 4959 semel
2612 4917 2671 4956 se
2700 4901 2874 4970 ipsum
2915 4897 3211 4965 offerendo,
3263 4899 3512 4967 seditque
3564 4897 3631 4950 ad

2060 4999 2338 5052 dexteram
2371 4994 2670 5063 maiestatis
2696 4993 2750 5046 in
2786 4990 2962 5056 emlis,
2993 5004 3292 5060 praecursor
3321 5005 3420 5060 pro
3472 4987 3628 5043 nobis

2059 5089 2339 5158 ingressus
2367 5087 2419 5138 in
2452 5084 2681 5138 interius
2719 5080 3152 5147 tabernaculum,
3184 5081 3426 5150 pontifex
3461 5089 3627 5134 aeter-

2058 5197 2160 5234 nus
2213 5179 2388 5232 factus
2434 5176 2729 5232 secundum
2777 5175 3021 5230 ordinem
3076 5173 3433 5228 Melebisedec
3460 5173 3527 5220 ⁷⁸.
3563 5171 3629 5224 Et

2061 5270 2136 5325 illi
2159 5269 2374 5338 quidem
2405 5267 2588 5336 plures
2626 5274 2804 5332 erant,
2827 5265 2954 5335 quia
2988 5273 3160 5319 morte
3200 5260 3624 5332 prohibebantur

2060 5375 2408 5432 permanere;
2440 5362 2558 5432 ipse
2610 5368 2789 5415 autem
2842 5359 2966 5428 quia
3021 5363 3201 5412 manet
3245 5354 3296 5406 in
3335 5362 3624 5414 aeternum,

2060 5453 2456 5508 intransitirum
2508 5451 2670 5508 habet
2731 5450 3118 5512 sacerdotium,
3153 5443 3292 5497 unde
3326 5442 3534 5497 salvare
3567 5441 3633 5496 ἱιι

452 5625 501 5658 ⁷ο
539 5625 701 5682 llebr.
734 5643 790 5693 χ,
832 5626 918 5682 Η.
993 5627 1033 5659 ⁷⁸
1069 5625 1232 5684 llebr.
1269 5643 1321 5695 ν,
1358 5627 1412 5693 2,
1453 5628 1506 5684 3.
1580 5630 1624 5661 ⁷⁸
1654 5627 1819 5683 llebr.
1855 5642 1961 5696 vn,

2085 5643 2100 5692 ;
2132 5643 2202 5692 γι,
2235 5627 2325 5682 20.
