4024 6214
322 206 430 274 763

1310 198 1368 258 S.
1410 190 2374 265 NICEPIIORLPATRIARCHZE
2416 191 2528 251 GP.

3469 189 3573 254 764

317 324 635 396 perpetuum
662 324 839 386 potest
862 312 1179 368 accedentes
1201 325 1295 380 per
1327 308 1500 378 ipsum
1529 308 1594 360 ad
1617 307 1781 364 Deum
1815 306 1885 360 ".
1918 358 1921 367 ,

2022 321 2113 369 ους
2151 301 2455 356 κωλύεσθαι
2487 299 2766 371 διαμένειν
2790 317 2806 331 ·
2845 303 2874 356 6
2894 302 2950 356 δέ
2988 320 3051 369 γε
3079 303 3170 358 διὰ
3200 302 3259 358 τὸ
3286 307 3472 373 μένειν
3495 307 3580 370 εἰς

319 411 389 466 Et
419 410 494 465 illi
535 407 752 477 quidem
789 405 1082 476 exemplari
1133 413 1190 459 et
1234 404 1442 457 umbrat
1496 400 1883 455 deserviebant

320 499 645 564 caelestium,
674 509 731 554 et
759 512 856 568 per
915 510 1117 550 annum
1145 493 1443 548 introibant
1466 492 1520 546 in
1555 501 1743 546 sancta
1763 505 1889 546 cum

324 592 586 663 sanguine
613 589 828 655 alieno;
854 586 948 642 hic
973 595 1153 640 autem
1185 583 1379 638 melius
1401 582 1628 638 sortitus
1671 588 1755 638 est
1785 581 1890 635 mi-

325 680 649 742 nisterium,
694 685 900 745 quanto
947 672 1188 728 melioris
1252 670 1562 727 testamenti
1623 669 1890 725 mediator

326 783 410 828 est
461 770 528 837 ",
559 769 935 836 bonorumque
998 765 1301 820 futurorum
1360 761 1620 833 pontifex,
1672 770 1894 831 propter

326 861 502 931 majus
524 870 579 917 et
604 858 895 932 perfectius
917 855 1327 912 tabernaculum
1363 868 1468 908 non
1492 852 1891 917 manufactum;

329 966 504 1024 neque
545 964 641 1022 per
697 951 1015 1019 sanguinem
1054 947 1330 1002 hircorum
1367 954 1422 1000 et
1447 944 1763 1008 vitulorum,
1793 941 1889 997 sed

330 1054 428 1111 per
458 1041 733 1112 propriam
763 1039 1078 1108 sanguinem
1109 1035 1353 1091 introivit
1378 1033 1549 1090 semel
1604 1031 1658 1086 in
1691 1029 1895 1086 Sancta

332 1141 669 1195 sanctorum,
709 1136 913 1183 aeterna
962 1124 1332 1194 redemptione
1386 1122 1604 1177 inventa
1639 1120 1710 1174 ⁷⁸.
1751 1119 1899 1175 Idem

332 1225 477 1279 enim
507 1230 626 1276 erat
676 1228 729 1276 et
753 1219 1007 1274 sacerdos
1040 1227 1095 1272 et
1126 1217 1366 1271 victima.
1396 1215 1577 1284 Atque
1624 1214 1700 1267 ita
1746 1209 1902 1266 nobis

334 1311 821 1375 revelavitsancta,
867 1307 1118 1363 caelestes
1149 1306 1347 1376 ianuas
1376 1305 1588 1361 cunctis
1625 1303 1900 1373 aperiens,

335 1383 649 1472 gradibiles,
681 1397 839 1455 facile
871 1396 1124 1461 adibiles,
1163 1397 1273 1451 into
1289 1403 1345 1450 et
1397 1391 1761 1466 penetrabiles
1788 1388 1907 1447 elli-

341 1504 513 1548 etens.

413 1753 620 1822 Quanta
707 1760 789 1807 est
848 1751 1031 1820 itaque
1123 1762 1477 1818 personarum
1549 1746 1905 1814 differentia,

342 1844 545 1902 Christi
597 1842 804 1899 scilicet
852 1853 909 1897 et
961 1841 1212 1904 Aaronis,
1246 1839 1339 1908 qui
1400 1838 1629 1894 invicem
1686 1851 1911 1908 prorsus

344 1934 550 1990 distant
579 1932 593 1986 ἰ
621 1940 673 1986 et
698 1931 838 1985 inter
876 1944 1012 1999 quos
1041 1929 1363 1982 immensum
1418 1923 1797 1993 inﬁnitumque
1825 1933 1912 1980 est

344 2021 734 2080 intervallum!
779 2019 856 2074 lbi
917 2017 1083 2088 238
1137 2015 1450 2071 animalium
1514 2013 1910 2069 irrationalium

346 2111 567 2182 sanguis
594 2108 942 2174 olierebatur,
970 2109 1056 2162 hic
1102 2107 1224 2178 agni
1290 2103 1641 2170 immaculati,
1667 2102 1758 2173 qui
1812 2101 1914 2157 tol-

346 2203 408 2258 lit
429 2201 610 2258 mundi
637 2209 939 2271 peccatum,
969 2198 1192 2268 sanguis
1221 2195 1465 2252 oﬂ'ertur.
1495 2193 1716 2265 insuper
1738 2191 1913 2248 {tnde-

348 2309 469 2350 rum
543 2307 758 2364 quoque
809 2300 867 2346 et
921 2287 1254 2345 tabernaculi
1307 2284 1608 2342 dilicrentia
1658 2291 1776 2352 est;
1823 2283 1915 2340 illa

348 2384 494 2440 enim
523 2390 680 2438 erant
710 2379 1049 2450 temporalia,
1103 2388 1158 2434 et
1193 2376 1525 2444 manul'acta,
1555 2387 1609 2431 et
1637 2390 1753 2431 aevo
1785 2389 1915 2430 con-

349 2471 635 2537 sumenda,
674 2485 773 2525 nec
825 2469 991 2524 ullam
1034 2467 1386 2523 stabilitatem
1420 2465 1697 2532 habentia,
1725 2474 1911 2535 atque,

351 2569 413 2617 ut
441 2561 573 2615 nihil
601 2569 830 2627 taceam,
857 2559 971 2627 jam
1033 2559 1314 2628 antiquata
1347 2567 1473 2612 sunt
1497 2566 1552 2611 et
1583 2557 1746 2620 vieta,
1771 2557 1920 2610 ideo-

350 2667 454 2724 que
477 2652 637 2707 etiam
665 2651 860 2706 abolita
891 2664 906 2705 :
937 2651 1048 2706 haec
1078 2661 1258 2705 autem
1289 2663 1463 2720 neque
1487 2629 1787 2703 manufacta
1819 2661 1918 2700 nec

352 2744 692 2814 temporalia,
728 2743 823 2799 sed
865 2751 1127 2812 perpetua
1173 2755 1237 2796 ac
1284 2741 1918 2810 sentpiterna,renovata

353 2852 571 2905 semper
631 2847 687 2890 et
743 2835 1005 2900 recentia,
1067 2834 1336 2890 cessantia
1390 2848 1683 2902 nunquam,
1747 2845 1921 2901 neque

356 2929 644 2984 minuenda
682 2927 763 2981 vel
825 2926 1240 2994 corrumpenda.
1281 2925 1541 2994 Superest
1563 2933 1622 2977 ut
1669 2921 1920 2978 diﬂ‘erant

1985 395 2075 450 τὸν
2119 393 2316 460 αἰῶνα,
2359 392 2717 464 ἀπαράϐατον
2762 392 2881 463 εχει
2923 395 3026 466 την
3079 394 3405 469 ἱερωσύνην,
3454 394 3581 451 ὅθεν

1987 486 2185 552 σώζειν
2208 487 2293 550 εἰς
2319 485 2382 539 τὸ
2404 483 2670 548 παντελὲς
2695 480 2925 541 δύναται
2949 486 3080 550 τοὺς
3103 487 3583 558 προσερχομένους

1985 577 2054 631 δι’
2082 575 2250 632 αὐτοῦ
2274 574 2352 647 τῷ
2375 574 2518 647 Θεῷ.
2544 575 2656 630 Καὶ
2686 576 2739 629 oi
2774 575 2881 648 μέν
2910 575 3275 647 ὑποδείγματι
3305 577 3429 630 καὶο
3446 577 3584 649 σκιᾷ

1988 667 2099 722 τῶν
2125 665 2466 738 ἐπουρανίων
2491 665 2813 738 ἐλάτρευον,
2835 667 2933 720 καὶ
2956 665 3083 721 κατ’
3114 664 3365 723 ἐνιαυτὸν
3392 664 3587 740 εἰσήρο

1989 768 2147 828 χοντο
2181 757 2263 821 εἰς
2283 755 2353 811 τὰ
2368 754 2502 825 ἅγια
2524 757 2583 809 ἐν
2606 754 2800 825 αἵματι
2835 754 3137 828 ἀὶιλτινιρίιρ⁸
3168 757 3199 810 ό
3223 756 3282 811 δέ
3309 757 3586 831 διαφορω-

1990 844 2157 917 τέρας
2183 842 2453 914 τετύχηκε
2481 842 2853 915 λειτουργίας,
2873 843 2987 915 ὅσῳ
3021 844 3117 898 καὶ
3136 843 3451 917 κρείττονος
3466 847 3589 901 δια.

1995 933 2172 1005 θήκης
2212 933 2331 987 ἐστὶ
2373 933 2623 1006 μεσίτης,
2670 934 2969 1007 ἀρχιερεύς
3013 951 3075 990 τε
3112 935 3225 990 τῶν
3276 935 3588 1007 μελλόντων

1992 1024 2236 1095 ἀγαθῶν,
2260 1025 2348 1079 διὰ
2374 1025 2475 1096 τῆς
2505 1023 2752 1095 μείζονος
2785 1025 2880 1078 καὶ
2904 1026 3252 1098 τελειοτέρας
3283 1026 3494 1098 σκηνῆς
3517 1026 3585 1080 ού

1996 1115 2401 1187 χειροποιήτου,
2435 1115 2560 1169 οὐδὲ
2588 1114 2657 1168 δι’
2693 1114 2930 1185 αίματος
2951 1115 3174 1186 τράγων
3205 1115 3301 1170 καὶ
3339 1116 3581 1187 μόσχων,

1998 1200 2088 1255 διὰ
2127 1200 2186 1254 δὲ
2223 1199 2319 1255 τοῦ
2363 1200 2495 1255 ἰδίου
2533 1201 2768 1273 αἵματος
2811 1203 3067 1274 εἰσῆλθεν
3120 1204 3344 1274 ἐφάπαξ
3388 1206 3468 1269 εἰς
3508 1205 3582 1259 τὰ

2002 1290 2172 1360 Ἀγια
2198 1290 2307 1345 τῶν
2343 1292 2539 1362 ἁγίων,
2574 1293 2805 1348 αἰωνίαν
2846 1293 3119 1366 λύτρωσιν
3149 1294 3479 1367 εὑράμενος.
3522 1294 3587 1349 '0

2003 1381 2164 1444 αὐτὸς
2194 1380 2302 1452 γὰρ
2327 1376 2395 1454 ἦν
2416 1382 2511 1435 καὶ
2541 1383 2722 1451 ἱερεὺς
2749 1384 2845 1439 καὶ
2874 1383 3072 1456 ίερεῖον
3094 1401 3115 1418 ι
3136 1385 3234 1440 καὶ
3252 1384 3429 1454 ταῦτα
3452 1387 3587 1457 ἡμῖν

1927 1507 1936 1516 ι
2004 1470 2324 1540 ἀπεκάλυψε
2361 1471 2430 1525 τά
2456 1470 2611 1541 ἅγια,
2646 1473 2749 1538 τὰς
2779 1474 2956 1539 πύλας
2994 1475 3098 1540 τὰς
3125 1476 3411 1548 οὐρανίους
3441 1476 3591 1531 ἃπα-

2008 1576 2093 1616 σιν
2121 1563 2393 1630 ἀνοιγνὺς,
2429 1563 2568 1633 βατά
2597 1581 2681 1629 τε,
2720 1565 2814 1619 καὶ
2833 1565 3156 1637 εύπρόσιτιι,
3198 1566 3295 1623 καὶ
3337 1566 3593 1637 εἰσιτητά

1938 1651 1980 1707 Β
2011 1653 2397 1726 ποιησάμενος.

2083 1740 2250 1796 Ὅσον
2276 1736 2370 1796 οὖν
2412 1741 2523 1796 τῶν
2552 1742 2860 1816 προσώπων
2898 1744 2961 1799 τδ
2987 1744 3418 1818 ἐξηλλαγμένον,
3451 1748 3595 1818 Χρι-

2015 1830 2142 1886 στοῦ
2168 1848 2226 1886 τε
2257 1831 2351 1886 καί
2392 1832 2500 1886 τῶν
2530 1834 2660 1906 περί
2699 1835 2791 1890 τὸν
2832 1833 3084 1907 ’Aapt‘uv,
3134 1836 3247 1892 τῶν
3299 1837 3478 1909 πάντη
3513 1837 3599 1891 δι·

2013 1922 2366 1996 ῳκισμένωνῑ
2396 1925 2492 1978 καὶ
2524 1922 2601 1981 ὧν
2636 1925 2698 1980 τδ
2721 1927 2780 1983 ἐν
2811 1925 2964 1998 μέσῳ
2979 1928 3060 1992 εἰς
3082 1926 3313 2000 ἄπειρον
3343 1927 3598 1983 ἐκϐαῖνον

2016 2015 2113 2071 καὶ
2141 2015 2390 2088 ἀόριστον
2418 2058 2435 2083 ,
2474 2017 2570 2071 καὶ
2615 2018 2725 2073 τῶν
2765 2016 2972 2073 θυσιῶν
3014 2018 3075 2072 τὸ
3114 2017 3401 2090 διάφορονί
3448 2018 3601 2072 Ἐκεῖ

2020 2105 2120 2177 μὲν
2147 2105 2258 2176 γὰρ
2287 2105 2441 2170 ζώων
2468 2106 2680 2176 ἀλόγων
2707 2103 2851 2178 αἷμα
2876 2109 3247 2181 εἰσενήνεκτο,
3273 2108 3511 2163 ἐνταῦθα
3540 2109 3601 2162 δέ

2016 2193 2112 2248 τοῦ
2138 2193 2375 2266 ἀμώμου
2412 2195 2590 2269 ἀμνοῦ
2622 2195 2721 2249 τοῦ
2760 2195 3013 2268 αἴροντος
3040 2198 3143 2266 τὴν
3178 2195 3458 2269 ἀμαρτίαν
3501 2195 3599 2253 τοῦ

2018 2284 2228 2355 κόσμου
2272 2284 2678 2357 προσφέρεταιο
2731 2286 2869 2358 πρὸς
2911 2286 2990 2355 δὲ,
3035 2287 3131 2342 καὶ
3162 2287 3277 2342 τῶν
3322 2287 3602 2358 διαθηκῶν

2019 2377 2115 2430 καί
2137 2376 2238 2446 τῆς
2267 2378 2472 2448 σκηνῆς
2490 2376 2554 2430 τὸ
2569 2376 2854 2448 διεστηκός
2874 2393 2893 2412 ι
2910 2377 2981 2434 τά
2998 2379 3096 2448 μὲν
3114 2378 3224 2452 γὰρ
3243 2379 3608 2452 χειροποίητα

2017 2483 2079 2522 τε
2111 2462 2180 2540 ἦν
2209 2468 2305 2522 καὶ
2343 2469 2678 2540 πρόσκαιρα,
2711 2470 2809 2529 καὶ
2837 2469 2917 2542 τῷ
2958 2471 3140 2543 χρόνῳ
3167 2471 3602 2543 διακοπτόμενα,

2020 2559 2115 2612 καὶ
2141 2559 2572 2635 ἧκισταστάσιν
2605 2558 2802 2631 ἔχοντα
2825 2598 2846 2628 ,
2888 2562 2987 2616 καὶ
3018 2562 3082 2616 τδ
3110 2563 3221 2617 πᾶν
3269 2563 3470 2626 εἰπεῖν,
3501 2556 3607 2636 ἤδη

2022 2647 2400 2703 πεπαλαίωται
2429 2650 2523 2703 καί
2540 2651 2678 2722 γεγή
2688 2668 2846 2721 ρακε,
2860 2651 3034 2726 ταύτῃ
3058 2670 3141 2708 τοι
3164 2653 3260 2708 καὶ
3284 2655 3605 2726 ἠφάνισται·

2021 2739 2092 2794 τά
2119 2739 2176 2793 δὲ
2209 2739 2273 2793 ού
2299 2741 2657 2812 χειροποίητα
2682 2742 2805 2796 οὐδὲ
2852 2743 3195 2817 πρόσκαιρα,
3234 2745 3384 2800 ἀίδια
3411 2745 3471 2799 δὲ
3510 2744 3611 2799 καὶ

2024 2830 2218 2886 αἰώνια
2255 2833 2352 2885 καὶ
2391 2831 2480 2886 ἀεὶ
2530 2831 2894 2906 καινιζόμενα
2941 2835 3037 2891 καὶ
3077 2835 3370 2907 νεούμενα,
3411 2835 3508 2891 καὶ
3543 2835 3607 2890 οὔ

2026 2939 2158 2977 ποτε
2185 2923 2555 2996 ἀπολήγοντα,
2578 2926 2702 2980 οὐδὲ
2731 2927 3018 2997 πεφυκότα
3048 2928 3481 3000 μειονεκτεῖσθαι
3508 2927 3605 2982 καὶ

355 3019 536 3076 cultus
580 3019 745 3073 etiam
805 3027 860 3072 et
905 3018 1177 3070 victimae:
1206 3031 1437 3086 namque
1481 3015 1586 3070 illae
1626 3014 1921 3071 crassiores

2023 3014 2344 3086 φθείρεσθαι
2368 3030 2383 3046 ⁸
2439 3016 2654 3088 ἀνάγκη
2708 3017 2895 3071 λοιπὸν
2942 3019 3312 3090 διενηνοχέναι
3368 3019 3457 3072 καὶ
3499 3018 3601 3090 τὴν

355 3117 514 3165 erant
544 3118 599 3162 et
627 3107 899 3171 carnales,
922 3115 974 3160 et
1003 3115 1255 3174 tanquam
1285 3105 1337 3159 in
1386 3104 1568 3175 ﬁguris
1592 3119 1680 3160 res
1715 3103 1924 3159 futuras

357 3210 414 3254 et
443 3202 611 3266 ipsam
641 3197 926 3252 veritatem
956 3197 1009 3250 in
1041 3204 1380 3250 antecessum
1412 3194 1770 3250 cbaraxantes
1829 3195 1926 3250 de-

361 3293 792 3358 scribentesque.
819 3288 1046 3343 necdum
1074 3285 1463 3357 perfectionem
1487 3286 1710 3355 adeptas.
1734 3283 1928 3339 Nostra

362 3393 542 3436 autem
582 3395 736 3435 sacra
794 3379 846 3433 in
887 3378 1079 3446 spiritu
1113 3392 1177 3432 ac
1221 3376 1450 3433 veritate
1495 3383 1734 3445 peracta,
1769 3373 1928 3445 perii-

361 3475 514 3528 ciunt
541 3486 634 3527 eos
686 3472 777 3540 qui
812 3469 1047 3526 oﬂ‘erunt
1080 3469 1190 3523 Deo
1231 3467 1561 3524 sacriﬁcium
1598 3466 1795 3532 laudis,
1836 3480 1931 3536 per
1984 3472 1990 3477 '

361 3578 482 3633 qua:
527 3563 647 3618 sine
678 3574 845 3630 pausa
895 3559 1152 3625 clamant,
1203 3557 1357 3614 Abba
1408 3555 1570 3612 Pater
1611 3556 1679 3610 ".
1704 3555 1836 3611 Nam
1884 3555 1930 3612 si

364 3657 585 3719 fuisset,
618 3652 815 3722 inquit,
843 3649 1104 3721 perfectio
1138 3651 1191 3704 in
1219 3649 1467 3705 Levitlco
1497 3647 1821 3714 sacerdotio,
1843 3663 1935 3719 ρο·

338 3748 524 3825 ημιίιλδ
560 3747 703 3800 enim
745 3745 813 3799 ab
835 3757 901 3798 eo
927 3745 1097 3812 legem
1130 3742 1456 3810 accipiebat,
1480 3738 1597 3810 jam
1652 3754 1788 3810 opus
1821 3755 1930 3795 non

363 3846 486 3895 erat
519 3838 684 3891 alium
719 3835 879 3905 juxta
923 3834 1170 3889 ordinem
1226 3831 1587 3890 Melchisedec
1642 3847 1935 3905 exsurgere

367 3930 726 3984 sacerdotem.
775 3921 1041 3992 Quoniam
1094 3923 1180 3980 lex
1227 3925 1361 3980 nihil
1403 3925 1651 3995 perfecit,
1708 3925 1804 3981 sed
1852 3926 1936 3980 itt-

372 4018 642 4074 troductio
701 4026 786 4072 est
838 4015 1082 4071 melioris
1144 4015 1283 4085 Spei,
1320 4029 1415 4085 per
1472 4027 1636 4085 quam
1675 4015 1787 4071 Deo
1842 4030 1937 4084 ap-

372 4106 1064 4181 propinquamus".Neque
1127 4094 1397 4162 sacriﬁcia
1475 4105 1561 4161 vel
1636 4105 1938 4163 oblationes

372 4209 621 4271 poterant
649 4197 947 4254 secundum
971 4197 1359 4253 conscientiam
1388 4195 1731 4252 adoratorem
1776 4196 1940 4268 perli-

371 4309 515 4348 cere.
553 4291 777 4356 Deinde,
807 4291 1029 4361 sanguis
1076 4290 1291 4360 quidem
1341 4299 1618 4343 taurorum
1662 4296 1720 4342 et
1759 4288 1938 4344 hirco-

2029 3105 2287 3179 λατρείαν
2312 3106 2406 3160 καί
2444 3107 2515 3161 τὰ
2536 3106 2807 3178 θυόμενον
2836 3109 2906 3163 τά
2945 3109 3045 3181 μὲν
3077 3110 3188 3180 γὰρ
3238 3108 3516 3182 παχύτερά
3539 3125 3601 3162 τε

2030 3191 2099 3267 ἦν
2126 3197 2219 3248 καὶ
2259 3197 2658 3269 σαρκικώτερα,
2693 3198 2790 3252 καὶ
2814 3199 2890 3263 ὡς
2923 3203 2980 3253 ὲν
3010 3198 3226 3263 τύποις,
3250 3200 3362 3254 τῶν
3386 3198 3607 3271 μελλόν-

2033 3303 2141 3340 των
2170 3287 2263 3340 καὶ
2293 3287 2392 3356 τῆς
2431 3287 2694 3358 ἀληθείας
2722 3290 3220 3361 προχαρασσόμενα
3260 3289 3356 3342 καὶ⁸
3382 3288 3613 3358 διαγρα-

2034 3379 2269 3450 φόμενα,
2305 3378 2400 3433 καὶ
2439 3378 2595 3433 οὔπω
2632 3379 2908 3450 δεξάμενοι
2950 3384 3055 3450 τὴν
3095 3380 3380 3434 τελείωσιν
3401 3395 3419 3412 ο
3454 3379 3527 3432 τὰ
3556 3378 3620 3432 δέ

2037 3470 2282 3542 ἡμέτερα
2306 3470 2364 3523 ἐν
2393 3470 2667 3540 πνεύματι
2698 3473 2794 3526 καὶ
2820 3471 3050 3544 ἀληθεία
3070 3471 3391 3542 τελούμενα,
3420 3467 3620 3524 τελειοῖ

2037 3563 2163 3625 τοὺς
2188 3561 2257 3614 δι’
2288 3561 2472 3615 αὐτῶν
2513 3561 2924 3633 προσφέροντας
2966 3560 3045 3633 τῷ
3082 3560 3207 3633 Θεῷ
3240 3560 3439 3616 θυσίαν
3473 3559 3623 3613 αἰνός

2041 3668 2200 3716 σεως,
2257 3651 2328 3704 δι’
2382 3646 2458 3705 ὧν
2518 3652 2909 3724 ἀνεπιλήπτως
2945 3652 3328 3725 κεκράξονται,
3386 3650 3558 3706 ’Δὸὃά
3591 3651 3624 3703 δ

2040 3743 2248 3815 Πατήρ.
2280 3744 2342 3796 Εἰ
2389 3743 2490 3815 μὲν
2520 3745 2627 3815 γὰρ
2655 3739 2724 3816 ἦν
2758 3744 3036 3808 τελείωσις
3056 3743 3144 3798 διὰ
3185 3745 3287 3815 τῆς
3314 3743 3625 3813 ,Λευῖτινκῆς

2043 3835 2364 3906 ἱερωσύνης,
2403 3837 2569 3906 φησὶν
2618 3836 2666 3909 (ὁ
2697 3835 2825 3901 λαὸς
2856 3835 2968 3907 γὰρ
3016 3838 3102 3890 ἐπ’
3151 3838 3292 3908 αὐτῇ
3332 3835 3627 3905 νενομοθέ-

2041 3927 2219 3998 τητο),
2244 3927 2345 3981 οὐκ
2371 3924 2440 3998 ἦν
2476 3926 2554 3981 ἔτι
2607 3927 2764 4000 χρεία
2789 3929 2934 3982 κατά
2952 3928 3051 3998 τὴν
3084 3927 3237 3992 τάξιν
3286 3926 3625 3998 Μελχισεδὲκ

2041 4018 2229 4090 ἕτερον
2257 4018 2576 4072 ἀνίστασθαι
2603 4019 2754 4091 ἱερέα
2774 4034 2789 4051 ·
2819 4019 2901 4072 ὅτι
2927 4021 2957 4073 ὁ
2983 4019 3146 4091 νόμος
3187 4019 3345 4073 οὐδὲν
3371 4017 3625 4073 ἐτελείω-

2045 4125 2154 4175 σεν,
2190 4110 2542 4181 ἐπεισαγωγὴ
2589 4110 2646 4163 δέ
2676 4109 2986 4180 κρείττονος
3023 4109 3273 4174 ἐλπίδος³
3303 4109 3372 4164 δι’
3418 4105 3489 4183 ἦς
3529 4111 3626 4178 ἐγ-

2042 4199 2271 4269 γίζομεν
2316 4199 2396 4269 τῷ
2441 4199 2581 4270 Θεῷ.
2633 4199 2756 4252 Οὐδ’
2803 4194 2869 4253 αὖ
2909 4200 2967 4254 αί
3013 4198 3197 4253 θυσίαι
3236 4199 3331 4254 καὶ
3360 4199 3429 4254 τὰ
3473 4198 3628 4269 δῶρα

2045 4289 2308 4361 ἠδύναντο
2335 4289 2479 4344 κατὰ
2506 4290 2813 4358 συνείδησιν
2840 4289 3129 4344 τελειῶσαι
3148 4290 3243 4345 τὸν
3268 4288 3623 4360 λατρεύοντα.

374 4401 519 4449 rum,
557 4393 614 4439 et
663 4384 802 4438 ciuis
848 4382 1032 4437 vitula:
1069 4380 1370 4451 inquinatis
1431 4395 1708 4450 aspersus,
1735 4380 1912 4434 sancti

2046 4377 2179 4434 Εἶτα
2210 4381 2272 4435 τὸ
2319 4382 2419 4452 μὲν
2462 4377 2603 4452 αἷμα
2633 4381 2857 4453 ταύρων
2901 4385 2997 4437 καὶ
3025 4382 3248 4454 τράγων
3291 4381 3387 4435 καὶ
3431 4380 3628 4446 σποδὸς

374 4479 540 4533 licunt
562 4477 704 4547 quod
725 4475 919 4529 attinet
946 4473 1012 4526 ad
1049 4471 1234 4526 carnis
1269 4471 1735 4534 emundationent,
1838 4470 1943 4526 Sed

374 4570 573 4627 Christi
622 4567 844 4637 sanguis
886 4579 1122 4635 purgans
1169 4579 1202 4618 a
1246 4563 1474 4618 mortuis
1525 4562 1780 4631 operibus
1815 4577 1947 4616 conc

376 4662 683 4726 scientiam,
738 4661 810 4715 ob
867 4660 1214 4714 serviendum
1267 4655 1376 4711 Deo
1420 4654 1622 4708 viventi
1677 4668 1742 4708 ac
1796 4668 1942 4716 vero,

2042 4470 2332 4542 δαμάλεως
2352 4471 2478 4535 τοὺς
2497 4473 2934 4542 κεκοινωμένους
2963 4473 3313 4544 ῥαντίζουσα,
3340 4471 3624 4540 ἀγιάζουσι

2048 4563 2185 4633 πρὸς
2219 4561 2314 4633 τὴν
2342 4563 2445 4632 τῆς
2484 4562 2684 4630 σαρκὸς
2711 4561 3082 4633 καθαρότητα.
3124 4563 3200 4615 Τὸ
3229 4562 3287 4616 δὲ
3315 4552 3454 4631 αἷμα
3489 4560 3627 4631 Χρι·

2049 4653 2175 4707 στοῦ
2203 4652 2468 4723 καθαῖρον
2498 4651 2804 4722 συνείδησιν
2839 4653 2949 4705 ἀπὸ
2990 4652 3205 4724 νεκρῶν
3230 4653 3432 4723 ἔργων,
3458 4649 3540 4714 εἰς
3565 4649 3628 4703 τὸ

376 4757 504 4828 quid
540 4758 756 4811 «lentum
797 4755 867 4810 ab
908 4751 1144 4808 inimicis
1173 4764 1295 4827 esse
1333 4746 1921 4803 existimabitur"?Nur

2037 4743 2325 4812 λατρεύειν
2371 4742 2492 4813 Θεῷ
2535 4740 2701 4808 ζῶντι
2754 4742 2850 4796 καί
2897 4742 3160 4813 ἀληθινῷ,
3213 4743 3267 4795 τί
3314 4742 3472 4814 παρά
3515 4742 3629 4803 τοῖς

380 4863 552 4914 neque
581 4848 928 4901 sanctilicans
980 4858 1156 4914 neque
1209 4836 1734 4912 purgaus‘lProrsus
1781 4837 1948 4893 aude-

382 4942 514 4995 bunt
545 4939 727 4992 dicere
765 4937 818 4991 hi
847 4938 1114 5006 impuram
1144 4933 1532 4991 conscientiam
1579 4942 1854 5001 gerentes,
1892 4942 1949 4986 et

382 5031 436 5084 in
477 5028 669 5083 ntortis
697 5026 951 5095 operibus
997 5034 1279 5080 versantes
1317 5041 1331 5078 :
1364 5022 1596 5092 Sanguis
1628 5019 1747 5090 ejus
1785 5035 1949 5089 super

385 5137 483 5177 nos
535 5129 590 5174 et
638 5133 804 5190 super
857 5116 993 5172 lilios
1052 5125 1293 5171 nostros.
1350 5110 1475 5168 ἰίιιξο
1519 5113 1609 5167 isti
1650 5113 1832 5167 dicant
1896 5119 1951 5164 et

386 5221 587 5284 agunt;
623 5226 721 5266 nos
763 5217 943 5265 autem
989 5207 1058 5262 ad
1114 5206 1372 5276 reliquam
1425 5205 1695 5262 sermonis
1745 5210 1952 5275 pattetn

386 5318 694 5377 pergamus.

2042 4835 2257 4907 ἐχθροῖς
2285 4833 2706 4905 λογισθήσεται;
2758 4832 3010 4902 Ἀγισὶζον
3053 4834 3152 4904 μὲν
3187 4832 3438 4902 οὐδαμῶς
3469 4831 3504 4902 ἢ
3537 4847 3630 4884 κα-

2045 4927 2260 4997 Oati'pov;
2296 4925 2625 4996 τολμήσουσι
2647 4925 2705 4979 δὲ
2728 4925 2947 4989 πάντως
2982 4942 3083 4978 που
3109 4924 3286 4994 φάναι
3328 4921 3634 4993 ἁκάθαρτοί

2052 5035 2122 5088 γε
2146 5019 2298 5082 ὄντες
2333 5019 2435 5089 τὴν
2473 5017 2928 5089 συνείδησιν,καί
2959 5015 3358 5087 νενεκρωμένοι
3391 5016 3504 5077 τοῖς
3542 5011 3637 5085 Κρ-

2057 5126 2176 5180 γοις
2212 5109 2594 5179 τυγχάνοντες.
2633 5108 2708 5162 Τὸ
2734 5103 2876 5180 αἷμα
2912 5107 3074 5164 αύτοῦ
3104 5108 3188 5175 ἐρ’
3223 5107 3375 5178 ἡμᾶς
3419 5105 3514 5161 καὶ.
3542 5103 3638 5157 ἐπὶ

2058 5200 2127 5254 τὰ
2155 5201 2323 5253 τέκνα
2367 5198 2553 5271 ήμῶνο
2597 5197 2770 5253 ταῦτα
2803 5199 2904 5268 μὲν
2946 5198 3040 5254 οὖν
3070 5198 3273 5252 ἐκείνοι
3300 5196 3398 5252 καὶ
3436 5193 3638 5268 φραζὲς

2058 5308 2239 5345 τωσαν
2272 5290 2366 5344 καὶ
2399 5291 2819 5362 πρασσέτωσαν,
2843 5291 3004 5363 ἡμεῖς
3038 5289 3098 5344 δέ
3120 5289 3257 5363 πρὸς
3286 5288 3358 5343 τά
3388 5288 3518 5358 ea;
3544 5285 3635 5340 τοῦ

2060 5383 2220 5452 λόγου
2250 5383 2441 5453 ίωμεν.

457 5507 506 5538 ’³
540 5503 702 5558 llebr.
728 5519 825 5569 vn,
855 5502 1042 5558 93-35.
1117 5501 1161 5536 "
1193 5499 1356 5558 llebr.
1389 5514 1506 5566 viti,
1545 5499 1597 5569 5,
1626 5501 1680 5556 6.
1757 5502 1801 5536 ⁷⁵
1838 5500 2002 5556 ilcbr.
2033 5515 2106 5566 ix,
2144 5498 2229 5567 ll,
2267 5499 2355 5555 12.
2431 5499 2476 5532 ⁷⁸
2508 5497 2667 5554 Rom.
2702 5513 2824 5567 vni,
2864 5497 2953 5554 l5.
3027 5497 3071 5531 "
3102 5496 3267 5552 llebr.
3304 5508 3404 5562 vn,
3430 5491 3519 5560 li,
3551 5488 3635 5544 19.

407 5572 455 5607 ’⁸
489 5574 647 5629 llcbr.
683 5591 759 5638 ix,
806 5574 983 5641 L3,”.
