4024 6214
352 251 460 316 165

1214 257 1781 326 APOLOGETICUS
1817 267 1968 327 PRO
2008 269 2276 332 SACRIS
2314 274 2800 338 IMAGINIBUS.

3505 278 3616 342 166

428 363 526 456 ξθθ.
559 359 689 456 Εἶχε
736 364 836 434 μὲν
867 361 982 432 οὖν,
1024 366 1182 439 φησὶ,
1207 371 1302 424 καὶ
1334 372 1370 442 ἠ
1413 373 1605 443 πρώτη
1649 377 1824 447 σκηνὴ
1852 377 1932 430 δι⁶

2107 381 2197 436 69.
2246 381 2487 438 Habebat
2529 388 2734 454 itaque,
2759 385 2950 454 inquit,
2981 386 3129 455 prius
3190 401 3404 456 quoque
3447 400 3611 444 testa-

353 450 652 525 καιώματα
679 454 940 526 λατρείας
964 474 978 488 ο
1017 458 1140 513 τίνα
1169 459 1343 515 ταῦτα
1371 465 1464 516 καὶ
1489 465 1645 518 ὁποῖα
1665 483 1680 533 ;
1703 468 1936 536 Λυχνίαν

350 541 468 618 εἷχε
507 546 950 630 καὶ-τράπεζαν,
997 549 1092 605 καὶ
1123 551 1232 604 τῶν
1279 553 1462 624 ἄρτων
1497 557 1596 627 τὴν
1639 557 1931 630 πρόθεσιν·

349 635 407 689 τί
449 635 507 690 δὲ
531 636 784 706 ἑλέτετος
845 639 1022 710 Ἃγία.
1067 642 1132 696 Ἦ
1174 643 1234 698 δὲ
1281 647 1405 700 καθ’
1454 650 1600 716 ἡμᾶς
1640 650 1812 720 σκηνὴ
1856 651 1938 716 τίς

349 721 521 794 οὗσας
549 728 603 781 τί
645 729 792 800 παρὰ
818 733 932 794 τοῖς
972 732 1188 806 ἐχθροῖς
1228 735 1330 806 τῆς
1359 738 1417 790 ὲν
1459 739 1680 811 Χριστῷ
1716 741 1938 812 χάριτος

350 818 612 887 Adferat;
645 821 734 885 Ὠς
759 823 860 892 μὲν
883 817 976 878 οὖν
997 825 1239 895 ἀμείνων
1261 827 1442 898 πολλῷ
1462 830 1678 904 ἐκείνης
1703 833 1819 885 ἐστὶ
1845 835 1938 887 καὶ

353 909 650 982 ἱερωτέρα.
695 911 762 966 Τί
799 913 934 970 ἄλλο
965 931 1030 984 γε
1073 919 1251 970 εἰπεῖν
1287 919 1415 991 χρὴ,
1449 920 1484 991 ἢ
1521 923 1642 976 καθ’
1670 925 1792 978 ὅσον
1831 926 1937 981 τῶν

350 1000 420 1053 τύ
431 1017 546 1054 πων
572 1003 667 1054 καὶ
685 1003 786 1074 τῆς
810 1006 974 1069 σκιᾶς
999 1007 1032 1074 ή
1059 1007 1308 1078 ἀλήθεια,
1339 1013 1434 1065 καὶ
1453 1011 1562 1064 τῶν
1586 1019 1938 1083 μεσιτευσάν·

351 1107 469 1144 των
501 1092 560 1144 τὸ
591 1093 790 1146 ὃιοῖσον
817 1096 877 1148 ἐν
907 1095 1215 1166 ἁξιώματις
1252 1099 1304 1152 τί
1331 1099 1388 1152 δὲ
1435 1101 1566 1172 παρ’
1599 1103 1784 1166 αὐτοῖς
1821 1105 1938 1158 ὀνο-

357 1182 624 1252 μάζεταις
643 1186 753 1255 Ούχ
774 1186 926 1254 ἁγία,
944 1187 1045 1257 φεῦ
1063 1189 1163 1260 τῆς
1187 1189 1537 1262 βλασφημίας
1569 1195 1582 1248 l
1603 1195 1718 1248 ἀλλ’
1739 1197 1938 1269 ἐναγὴς

353 1275 455 1326 καὶ
486 1275 822 1345 ἀκάθαρτοςο
855 1279 976 1332 οὐδὲ
1025 1279 1374 1352 δικαιώματα
1421 1283 1678 1354 λατρείας
1711 1287 1934 1357 ἔχουσα,

354 1364 499 1417 ἀλλὰ
537 1367 796 1437 φάσματα
825 1369 1242 1444 εἰδωλολατρίας
1267 1391 1281 1405 ο
1309 1375 1532 1430 τοιαῦτα
1558 1377 1666 1448 γὰρ
1691 1379 1798 1431 τῶν
1829 1379 1936 1432 θεο-

357 1457 554 1527 μὰχων
587 1458 848 1526 γλωσσῶν
874 1460 943 1513 τὰ
971 1461 1320 1533 τολμήματα,
1353 1467 1408 1518 οἵ
1428 1483 1490 1534 γε
1524 1467 1643 1520 οὐδὲ
1667 1468 1774 1520 τῶν
1807 1469 1962 1522 ἴσων’

351 1549 542 1621 γερῶν
570 1550 644 1620 τῷ
667 1551 816 1620 νόμῳ
847 1552 946 1623 τὴν
970 1553 1128 1624 χάριν
1153 1555 1220 1608 ἂν
1250 1559 1593 1628 τιμήσαιντο,
1621 1559 1730 1611 τῶν
1761 1559 1937 1630 αἰσχί-

355 1657 506 1693 στων
533 1640 590 1694 δὲ
618 1643 834 1696 πάντων
861 1644 956 1696 καὶ
991 1643 1406 1720 βδελυρωτέρων
1430 1665 1442 1680 ·
1477 1651 1654 1704 καίτοι
1685 1653 1804 1703 ἐκεῖ
1838 1655 1936 1721 μὲν

2039 485 2279 528 arentum
2320 475 2493 530 cultus
2519 477 2954 543 justiiit'atiuttes.
2979 475 3238 544 Quaenam
3273 493 3400 532 vero
3443 480 3526 534 ha)
3560 487 3614 532 et

2039 563 2262 632 quales?
2291 563 2588 619 Lucernam
2643 566 2897 628 habebat,
2933 575 2990 620 et
3039 582 3302 633 mensam,
3326 577 3379 620 et
3419 581 3610 636 panem

2037 655 2490 722 propositionum.
2553 656 2832 718 Quomodo
2899 664 3078 708 autem
3157 649 3612 724 appellabantur?

2039 741 2301 796 Nimirum
2323 754 2534 797 sancta.
2563 742 2820 796 Nostrum
2842 759 2972 797 vero
3005 744 3408 798 tabenmculum
3437 743 3612 808 quad-

2039 849 2164 888 n-am
2231 833 2351 888 cst?
2403 836 2673 903 quomodo
2749 835 2816 886 ab
2865 835 3100 888 inimicis
3157 836 3342 904 gratia:
3410 833 3609 888 Christi

2038 926 2463 980 denominatan
2499 924 2873 996 Nempclonge
2897 927 3088 980 melius
3129 927 3217 980 illo
3245 937 3294 981 et
3315 926 3608 983 sacratius.

2039 1015 2176 1083 Quid
2205 1016 2347 1069 enim
2403 1015 2546 1071 aliud
2587 1017 2765 1070 dicere
2810 1025 3041 1084 oportet,
3068 1017 3166 1070 nisi
3200 1025 3458 1086 quantum
3487 1015 3610 1085 ﬁgu-

2039 1108 2114 1162 ris
2137 1117 2190 1161 et
2222 1107 2429 1161 umbris
2460 1108 2678 1170 veritas,
2704 1117 2757 1161 et
2781 1105 2889 1158 illis
2916 1109 3006 1176 qui
3031 1117 3154 1160 sunt
3191 1108 3492 1162 iutcrmedii
3521 1108 3610 1162 ille

2039 1200 2130 1269 qui
2166 1199 2382 1263 dividit,
2425 1199 2688 1268 dignitate
2719 1198 3156 1270 praestat?Atqui
3202 1201 3380 1254 abhis
3421 1200 3604 1256 taber-

2039 1290 2288 1344 naculum
2333 1298 2578 1344 nostrum
2644 1290 2912 1358 quomodo
2974 1289 3311 1359 appellatur?
3354 1290 3602 1346 Profecto

2040 1382 2181 1435 haud
2242 1392 2510 1447 sanctum,
2563 1384 2696 1450 proh
2759 1382 3133 1450 itittspltmttitt!
3195 1383 3288 1435 sed
3339 1384 3608 1451 piaculare

2039 1482 2203 1540 atque
2261 1473 2531 1540 impurum
2563 1487 2578 1534 ;
2613 1487 2786 1539 neque
2835 1471 3249 1538 justilicatiuucs
3298 1475 3470 1524 cultus
3515 1473 3608 1526 Ita-

2038 1563 2189 1628 berc,
2219 1563 2312 1616 sed
2363 1563 2680 1615 idololatria:
2734 1563 2992 1628 speciem.
3021 1561 3081 1614 Hi
3116 1573 3240 1614 sunt
3293 1561 3399 1615 Deo
3435 1563 3606 1616 hosti-

2039 1651 2168 1706 lium
2223 1652 2525 1720 linguat'um
2573 1666 2758 1711 ausus,
2801 1667 2919 1719 qua:
2963 1668 3028 1704 ne
3086 1652 3198 1719 pari
3238 1653 3451 1720 quidem
3483 1667 3606 1706 cum

357 1732 591 1803 μεσίτης
624 1733 719 1786 καὶ
743 1734 1021 1806 ὑπηρέτης
1048 1739 1076 1791 6
1099 1737 1284 1802 δοῦλος
1313 1741 1406 1792 καὶ
1434 1740 1686 1811 θεράπων
1706 1743 1928 1811 Μωσῆς,

2037 1743 2153 1813 lege
2179 1745 2380 1799 liouore
2417 1745 2647 1814 gratiam
2683 1744 2944 1807 alliciunt,
2979 1745 3071 1798 sed
3104 1745 3244 1798 inter
3301 1745 3606 1814 turpissima

353 1820 595 1874 ἐνταῦθα
630 1823 688 1876 δὲ
715 1823 744 1875 6
774 1825 1019 1889 Μωσέως
1065 1827 1334 1898 δεσπότης
1375 1831 1468 1882 καὶ
1506 1830 1616 1884 τῶν
1660 1831 1797 1884 ὅλων
1821 1831 1938 1883 Κύ-

358 1929 500 1983 ριος,
543 1915 572 1966 6
609 1913 717 1966 τῶν
767 1915 936 1984 ἁγίων
981 1917 1297 1990 λειτουργὸς
1333 1921 1556 1991 καὶτῆς
1600 1923 1802 1993 σκηνῆς
1837 1923 1939 1992 τῆς

353 2001 642 2073 ἀληθινῆς,
673 2007 740 2076 ἣν
765 2005 1008 2078 ἔπηξενό
1039 2010 1266 2080 Κύριος,
1299 2013 1395 2064 καὶ
1430 2013 1531 2066 οὐκ
1559 2013 1842 2084 ἄνθρωπος
1863 2029 1878 2046 ⁸
1909 2017 1938 2068 6

355 2096 590 2149 κάκεῖνα
621 2099 992 2170 νομοθετήσας
1023 2101 1097 2164 ὡς
1127 2101 1279 2169 Θεὸς,
1316 2104 1413 2157 καὶ
1441 2106 1498 2157 ὲν
1539 2104 1748 2170 τούτοις
1787 2121 1940 2175 μεσι-

359 2187 558 2252 τεύσας
585 2190 614 2242 6
652 2191 820 2275 auriti
851 2191 926 2258 ὡς
973 2193 1257 2264 ἄνθρωπος
1301 2195 1396 2248 καὶ
1437 2197 1558 2249 καθ’
1606 2199 1755 2267 ἡμᾶς
1787 2199 1939 2265 γενό-

361 2294 555 2346 μενος’
584 2283 747 2334 κακεί
778 2282 880 2353 μὲν
927 2285 1218 2356 ἀρχιερεὺς
1262 2287 1468 2356 Ἀαρών
1495 2304 1555 2341 τε
1603 2289 1701 2341 ml.-
1729 2290 1780 2342 οἱ
1807 2289 1937 2361 περὶ

370 2369 610 2441 ⁹Ααρὼν,
657 2373 894 2428 ἐνταῦθα
933 2375 989 2428 δὲ
1037 2376 1198 2440 αὐτὸς
1226 2377 1254 2428 6
1286 2377 1492 2448 Κύριος
1535 2380 1690 2450 ἡμῶν
1727 2381 1937 2451 Ἰησοῦς

355 2461 615 2532 Χριστὸς,
643 2466 672 2517 6
702 2465 920 2536 πρῶτος
949 2467 1041 2520 καὶ
1086 2467 1261 2538 μέγας
1304 2471 1593 2543 ἀρχιερεὺς
1637 2454 1766 2543 παρ’
1805 2476 1936 2543 ἡμῖν

355 2554 787 2626 ὁμολογούμενός
815 2574 875 2610 τε
905 2559 996 2611 καὶ
1029 2559 1421 2630 πιστευόμενος
1441 2578 1457 2592 ·
1493 2563 1588 2616 καὶ
1617 2563 1805 2634 λυχνία
1838 2567 1935 2636 μὲν

354 2647 478 2700 ἐκεῖ
503 2647 570 2700 ἐκ
591 2647 793 2718 χρυσοῦ
826 2653 1334 2724 κατεσκευασμένη,
1365 2655 1478 2716 τοῖς
1504 2654 1582 2707 ἔτι
1603 2657 1660 2708 ὲν
1693 2657 1821 2728 σκιᾷ
1842 2658 1935 2710 καὶ

353 2737 510 2809 νόμῳ
535 2739 942 2810 προφαίνουσα·
983 2741 1215 2796 ἐνταῦθα
1243 2742 1298 2795 δὲ
1342 2743 1404 2796 τὸ
1434 2745 1548 2814 φῶς
1585 2746 1647 2798 τὸ
1682 2746 1934 2815 ἀληθινὸν

351 2831 417 2886 τὸ
463 2831 548 2895 είς
597 2833 690 2887 τὸν
739 2833 945 2902 κόσμον
985 2833 1298 2904 ἐρχόμενον,
1346 2835 1374 2888 6
1419 2836 1524 2888 ὑπὸ
1569 2837 1669 2906 τῆς
1716 2837 1934 2902 σκοτίας

349 2921 614 2976 διώκεται
651 2923 772 2993 μὲν,
812 2924 880 2978 οὐ
919 2925 1394 2994 καταλαμϐάνεται
1421 2926 1476 2979 δέ
1504 2944 1515 2956 ·
1541 2928 1676 2980 ἀλλὰ
1711 2926 1933 2995 φωτίζει

351 3015 535 3070 πάντα
556 3015 843 3087 ἄνθρωπον
867 3018 948 3080 είς
975 3017 1065 3068 τὸν
1097 3016 1302 3087 κόσμον
1335 3017 1652 3088 ἐρχόμενον,
1675 3021 1770 3072 καὶ
1799 3037 1929 3072 κατ-

351 3103 585 3174 αυγάζει
632 3107 759 3170 τοὺς
809 3107 866 3159 ὲν
913 3106 992 3176 τῷ
1049 3107 1190 3177 φωτὶ
1254 3107 1672 3178 πορευομένους,
1732 3113 1824 3161 καὶ
1865 3113 1930 3179 τῇ

350 3197 563 3268 λάμψει
601 3197 702 3268 τῆς
749 3197 1012 3270 χάριτοςο
1040 3197 1292 3269 τράπεζα
1345 3200 1464 3250 ἐκεῖ
1513 3199 1616 3266 μὲν·
1657 3202 1718 3256 ἐκ
1764 3199 1933 3264 ξύλων

351 3289 618 3360 ἀσηπτων
645 3285 1057 3366 διειργασμὲνη,
1087 3287 1177 3340 καὶ
1207 3285 1411 3356 χρυσίῳ
1431 3285 1653 3356 καθαρῷ
1678 3304 1741 3338 πε
1751 3287 1934 3356 ριαλη-

350 3381 618 3452 λιμμένη,
659 3375 891 3434 ἐνταῦθα
945 3377 1002 3431 δὲ
1047 3377 1110 3442 te
1165 3377 1298 3448 ὖλης
1337 3377 1434 3448 μὲν
1483 3377 1582 3446 τῆς
1639 3379 1768 3448 παρ’
1805 3381 1934 3447 ἡμῖν

351 3471 712 3542 τιμιωτέρας,
754 3468 848 3522 ὑπ’
883 3466 1048 3520 αὐτοῦ
1079 3467 1134 3519 δὲ
1173 3466 1266 3520 τοῦ
1305 3466 1450 3520 θείου
1492 3465 1732 3536 θύματος
1796 3467 1932 3518 καθ-

352 3561 718 3632 αγιαζομένη,
746 3559 840 3613 καὶ
870 3555 948 3628 τῷ
980 3557 1118 3629 ἁγίῳ
1145 3556 1578 3628 λαμπρυνομένη
1624 3556 1930 3627 Πνεύματι,

351 3657 411 3709 ἑν
504 3654 573 3707 τὰ
601 3651 701 3722 τῆς
725 3653 785 3704 ὲν
811 3650 1080 3720 πνεύματι
1104 3651 1198 3703 καὶ
1219 3649 1447 3720 ἀληθείᾳ
1473 3648 1730 3717 λατρείας
1757 3650 1934 3700 ἐπιτε-

351 3745 528 3798 λεῖται
577 3744 886 3814 μυστήρια·
918 3744 1123 3794 ποιοῖτο
1155 3741 1198 3795 δ’
1223 3740 1287 3794 ἂν
1323 3739 1430 3794 τῶν
1460 3740 1666 3794 πιστῶν
1703 3740 1933 3804 ἕκαστος

349 3839 452 3907 τὴν
483 3835 677 3890 ἑαυτοῦ
708 3835 938 3907 καρδίαν
970 3835 1053 3888 ὅτι
1083 3833 1320 3904 μάλιστα
1347 3831 1600 3900 σαρὼσας
1620 3833 1714 3886 καὶ
1744 3832 1932 3884 διακα-

351 3926 943 3999 θάρας,πνευματικὴν
967 3918 1276 3996 τράπεζαν·
1301 3923 1388 3976 ἵνα
1415 3923 1618 3994 ἥκοντα
1649 3922 1738 3976 τὸν
1760 3922 1932 3990 Λόγον

349 4018 613 4090 καθαρῶς
647 4017 1000 4087 ὑποδέχηται,
1038 4015 1238 4086 νοερῶς
1277 4015 1412 4085 αὐτῇ
1458 4013 1932 4084 ἐναναπαυόμενον

349 4113 452 4167 καὶ
506 4111 785 4182 μυστικῶς
839 4109 1186 4179 ὲσθιόμενον³
1237 4107 1330 4160 καὶ
1373 4105 1535 4178 ἄρτος
1577 4106 1711 4160 ὅπου
1754 4105 1852 4175 μὲν
1903 4107 1932 4158 6

347 4205 566 4275 ἄζυμος
598 4203 689 4257 ἐπὶ
734 4202 999 4275 πικρίδων
1037 4198 1543 4271 παραλαμϐάνεται,
1576 4200 1689 4261 τοῖς
1719 4215 1930 4267 ποηφα-

347 4299 472 4367 γείν
497 4294 640 4349 κατὰ
660 4294 720 4347 τὸ
757 4295 951 4364 Πάσχα
981 4291 1043 4346 τὸ
1071 4290 1296 4344 τυπικδν
1316 4288 1734 4361 προσταχθεῖσιν
1753 4327 1770 4349 ,
1807 4281 1927 4342 οἷά-

2039 1842 2201 1902 atque
2245 1834 2606 1888 abominanda
2673 1841 2955 1902 reputant.
3001 1834 3160 1902 Atqui
3221 1833 3326 1887 illic
3387 1834 3605 1902 quidem

2039 1925 2302 1980 mediator
2347 1938 2404 1981 et
2455 1927 2697 1980 minister
2752 1936 2874 1980 erat
2930 1926 3271 1994 iarnulusque
3315 1933 3371 1978 et
3416 1940 3606 1978 servus

2039 2015 2270 2088 Moyses,
2307 2017 2395 2072 hic
2443 2027 2622 2072 autem
2673 2017 2875 2088 Moysis
2925 2019 3106 2082 herus,
3133 2027 3196 2099 et.
3214 2018 3458 2072 omnium
3496 2017 3602 2070 Do-

2039 2109 2242 2175 minus,
2294 2120 2349 2165 et
2407 2121 2716 2165 sanctarum
2754 2125 2934 2164 rerum
2989 2111 3234 2164 minister
3265 2109 3484 2176 verique
3527 2115 3610 2160 ta-

2036 2203 2334 2268 bernaculi,
2367 2203 2510 2272 quod
2545 2202 2824 2265 Dominus,
2867 2217 2970 2254 non
3032 2201 3213 2262 homo,
3250 2201 3479 2262 statuit;
3513 2197 3605 2266 qui

2036 2306 2092 2352 et
2123 2294 2230 2348 illic
2257 2295 2426 2364 legem
2454 2295 2600 2359 tulit,
2633 2303 2688 2346 et
2721 2292 3093 2347 hicmediator
3125 2299 3206 2344 est
3251 2291 3392 2343 idem
3431 2291 3606 2342 factus

2038 2387 2206 2442 nostri
2253 2387 2448 2439 similis
2505 2387 2685 2438 homo.
2719 2385 2784 2439 Et
2844 2385 2954 2438 illic
3014 2381 3255 2453 pontifex
3311 2381 3490 2435 Aaron
3552 2389 3607 2432 et

2034 2480 2268 2532 Aaronis
2297 2479 2609 2547 stipatores,
2643 2477 2730 2532 hic
2785 2486 2964 2530 autem
2997 2476 3111 2544 ipse
3146 2474 3406 2528 Dominus
3449 2471 3606 2527 Jesus

2035 2571 2307 2636 Christus,
2368 2571 2574 2638 primus
2629 2583 2960 2638 magnusque
3013 2565 3250 2636 pontifex
3311 2573 3469 2633 prout
3513 2579 3607 2617 nos

2035 2661 2356 2713 conﬁtemur
2381 2669 2432 2712 ct
2459 2660 2750 2712 credimus.
2787 2655 2848 2710 Et
2881 2657 2990 2712 illic
3017 2657 3236 2725 quidem
3271 2656 3486 2708 itlt'et'ttu
3539 2671 3604 2706 rx

2035 2763 2169 2801 auro
2218 2747 2463 2801 confecta
2509 2747 2816 2802 hominibus
2879 2749 2932 2801 in
2966 2746 3153 2800 umbra
3221 2760 3282 2800 ac
3335 2746 3446 2814 lege
3483 2759 3602 2798 ver-

2035 2839 2282 2892 santibus
2335 2837 2673 2906 pratlucens;
2717 2837 2804 2891 hic
2865 2822 3047 2890 autem
3085 2835 3175 2888 lux
3215 2851 3340 2889 vera
3389 2848 3505 2898 uiue
3551 2834 3604 2888 in

2036 2931 2292 2983 mum-lum
2344 2930 2578 2990 advenit,
2645 2945 2806 3003 quam
2872 2929 3107 2981 tenebrse
3156 2927 3370 2996 quidem
3424 2940 3606 2994 perse-

2035 3030 2294 3088 quuntur,
2317 3006 2429 3072 ἠοη
2470 3029 2647 3072 tamen
2694 3020 3176 3088 corttprelteltdttttt,
3213 3021 3305 3072 sed
3340 3016 3606 3070 illuminat

1987 3096 1999 3116 ⁸
2037 3129 2247 3164 multum
2279 3112 2544 3164 hominem
2596 3111 2900 3163 venientem
2936 3111 2986 3163 in
3019 3113 3297 3173 mundum,
3329 3109 3604 3178 splendet-

2035 3218 2140 3268 que
2196 3201 2594 3254 ambulantibus
2651 3201 2702 3253 iu
2755 3202 2872 3254 luce
2926 3216 2990 3254 ac
3049 3200 3338 3269 Splcttdorc
3393 3197 3601 3267 gratia}.

2038 3293 2216 3344 Mensa
2238 3293 2342 3346 illic
2356 3307 2418 3344 ex
2448 3292 2604 3361 lignis
2628 3293 3047 3360 imputrihilibus
3068 3292 3310 3346 confecta
3327 3331 3342 3352 ,
3362 3303 3603 3386 auroque

2037 3400 2165 3450 puro
2185 3382 2352 3448 illita;
2385 3383 2470 3436 hic
2493 3398 2555 3436 ex
2601 3383 2828 3434 materia
2859 3384 3072 3451 quidem
3099 3385 3236 3450 apud
3263 3399 3359 3434 nos
3389 3382 3596 3450 pretio;

2035 3474 2195 3534 sinrc,
2232 3474 2322 3526 sed
2347 3490 2462 3540 qua:
2489 3476 2556 3527 ab
2598 3475 2709 3541 ipsa
2743 3475 2920 3526 divina
2952 3476 3166 3527 victima
3193 3475 3596 3537 sanctilicalur,

2022 3575 2288 3618 'etsauctu
2311 3565 2603 3618 irradiatnr
2629 3566 2852 3633 Spiritu,
2884 3565 2934 3617 in
2983 3581 3086 3632 qua
3122 3565 3373 3636 mysteria
3413 3563 3604 3617 adora-

2037 3653 2198 3707 tiunis
2225 3653 2272 3705 iu
2295 3654 2482 3722 spiritu
2511 3653 2674 3722 239
2697 3670 2759 3706 ac
2790 3655 3014 3708 veritate
3043 3654 3303 3708 conﬁunt.
3345 3652 3510 3708 Porro
3547 3663 3603 3710 et

2035 3743 2406 3812 unusquisque
2437 3743 2668 3796 fidelium
2707 3742 2886 3796 lacere
2921 3753 3094 3812 potest
3125 3745 3424 3812 spiritalem
3451 3760 3601 3799 mcu-

2033 3850 2146 3887 sam
2201 3850 2293 3886 cor
2345 3850 2523 3900 suum,
2560 3835 2604 3888 si
2656 3835 2815 3887 modo
2851 3836 3260 3891 accuratissime
3292 3849 3505 3892 cverrat
3538 3853 3602 3893 ac

2031 3936 2246 3995 purget,
2308 3935 2363 3977 ut
2420 3925 2804 3994 superveniens
2859 3927 3091 3982 Verbum
3155 3945 3286 3998 pure
3342 3930 3600 4000 recipiat;

2033 4018 2171 4086 quod
2206 4017 2642 4072 intellecumliter
2682 4020 2733 4073 iu
2785 4021 2899 4090 ipsa
2933 4019 3258 4090 requiescat,
3285 4031 3338 4075 et
3368 4023 3600 4092 mystice

2033 4108 2404 4163 manducetur.
2462 4108 2524 4161 Et
2566 4111 2718 4178 panis
2759 4112 2977 4179 quidem
3027 4112 3133 4165 illic
3189 4127 3416 4184 azymus
3478 4129 3600 4168 cum

2031 4198 2256 4253 lactucis
2309 4203 2622 4252 sumebatur
2677 4207 2745 4253 ab
2801 4203 2864 4254 iis
2915 4204 3004 4270 qui
3060 4204 3280 4257 herbam
3343 4206 3504 4259 edere
3544 4206 3599 4260 in

2035 4292 2214 4361 typico
2262 4289 2528 4344 Paschate
2571 4291 2919 4358 jubebantur,
2965 4310 3060 4347 ceu
3105 4293 3329 4350 obsonio
3366 4296 3602 4365 quodam

350 4407 461 4460 περ
484 4387 600 4458 ὄψῳ
627 4387 737 4440 τινὶ
765 4389 830 4458 τῇ
871 4386 980 4457 πόᾳ
1007 4384 1338 4455 ἡδυσμένοςο
1375 4385 1506 4436 ὅπου
1547 4381 1604 4435 δὲ
1633 4383 1659 4434 6
1680 4376 1738 4448 ἐξ
1767 4381 1928 4452 οὐρα⁹

2034 4384 2198 4438 hcrba
2226 4383 2497 4437 conditus.
2529 4382 2623 4440 llic
2659 4391 2836 4436 autem
2876 4386 3210 4440 decemieus
3237 4403 3267 4440 e
3289 4386 3428 4441 cmlo
3461 4385 3599 4442 Ver-
3660 4385 3668 4406 '

350 4480 448 4534 νοῦ
476 4479 718 4543 καταϐὰς
745 4479 938 4546 Λόγος,
979 4477 1075 4529 καὶ
1107 4474 1312 4545 τροφὴν
1348 4473 1646 4536 ἀθανασίας
1677 4471 1932 4542 πρόξενον

349 4571 468 4632 τοῖς
499 4565 805 4637 ἀνθρώποις
833 4563 1195 4636 δωρούμενος,
1231 4563 1301 4616 δι’
1324 4557 1385 4616 οὗ
1415 4561 1560 4632 ζωῆς
1594 4561 1690 4631 τῆς
1713 4562 1932 4614 αἰωνίου

356 4659 717 4727 μετέχουσιν·
745 4657 803 4719 ὃς
835 4655 896 4708 τὸ
933 4653 1070 4732 ,καθ’
1119 4655 1266 4723 ἡμᾶς
1303 4654 1360 4706 ὲν
1399 4651 1576 4724 ἐαυτῷ
1616 4651 1932 4722 ἁνεζύμωσε

354 4751 608 4822 φύραμα,
635 4749 730 4802 καὶ
763 4751 896 4818 πρὸς
931 4747 1029 4818 τὴν
1057 4747 1192 4800 ἰδίαν
1225 4746 1584 4816 λαμπρότητα
1614 4745 1711 4814 τῆς
1743 4743 1934 4814 θεότη-

351 4861 445 4906 τος
483 4841 772 4911 ἀτρέπτως
816 4839 1253 4911 μετεκεράσατοσ
1289 4841 1453 4895 κάκεῖ
1493 4838 1593 4909 μὲν
1623 4836 1777 4902 ζώων
1809 4837 1933 4890 ἀλό-

351 4950 466 5001 γων
511 4931 674 4985 θυσία
705 4929 772 4984 τὰ
803 4931 1033 5000 σφάγια,
1069 4923 1141 4982 ὧν
1169 4930 1230 4984 τὸ
1271 4926 1408 5000 αἷμα
1447 4931 1791 5001 περιερρεῖτο
1820 4929 1934 4990 τοῖς

353 5001 624 5092 παροῦσιίν
659 5021 785 5091 ἤδη,
822 5023 916 5074 καὶ
960 5021 1098 5092 πρὶς
1135 5022 1383 5090 σώματος
1412 5017 1676 5090 ἁγνισμὸν
1708 5020 1799 5070 καὶ
1831 5018 1933 5072 xi-

353 5111 550 5184 θαρσιν
580 5113 986 5176 κατεσκίδνατο,
1013 5113 1109 5166 καὶ
1152 5117 1260 5175 τοῖς
1297 5112 1646 5182 βουθυτοῦσιν
1704 5112 1735 5182 ἦ
1776 5111 1934 5182 μηλο-

359 5203 692 5272 σφαγοῦσιν,
713 5205 1063 5274 ἁφαιρέματα
1085 5205 1164 5266 εἰς
1189 5201 1534 5274 δικαιώματα
1560 5205 1895 5258 ἀπετέτακτο
1915 5223 1928 5236 ο

2034 4476 2161 4532 bum
2186 4475 2361 4528 cibqu
2397 4475 2819 4529 immortalitatis
2848 4477 3085 4532 datorem
3120 4478 3429 4534 honﬁuibus
3469 4495 3600 4550 supo

2035 4567 2307 4637 peditans,
2359 4583 2454 4637 per
2497 4583 2656 4636 quem
2716 4568 2878 4622 vitam
2945 4583 3204 4624 aeternam
3250 4571 3600 4642 participant.

2034 4657 2180 4712 Idem
2212 4673 2443 4712 massam
2479 4669 2718 4712 nostram
2764 4657 3125 4724 fermentavit,
3151 4671 3203 4714 et
3225 4659 3290 4714 ad
3323 4661 3602 4728 proprium

2035 4748 2334 4802 divinitatis
2367 4749 2706 4818 Splendorem
2755 4751 3162 4805 immutabiliter
3201 4751 3501 4808 transtulit.
3537 4752 3606 4807 Et

2037 4843 2144 4895 illic
2195 4843 2416 4911 quidem
2467 4842 2745 4896 brutorum
2794 4843 3112 4896 animalium
3168 4844 3470 4900 immolatio
3549 4853 3605 4903 et

2033 4935 2248 4998 caedes,
2312 4949 2543 5004 quorum
2594 4935 2811 5003 sanguis
2862 4934 3166 4988 astantibus
3223 4936 3601 5004 irrorabatur,

2034 5034 2195 5093 atque
2231 5023 2295 5078 ad
2329 5025 2571 5094 corporis
2602 5025 3031 5093 puriﬁcationem
3069 5035 3126 5080 et
3162 5029 3602 5084 cmumlatianem

2033 5116 2245 5185 aspergi
2285 5116 2508 5181 solebat,
2558 5126 2608 5168 ct
2665 5117 3095 5172 sacriﬁcantibus
3133 5118 3296 5174 boves
3329 5130 3600 5187 autores,

2033 5218 2214 5276 partes
2251 5223 2370 5277 quae
2393 5207 2846 5275 jnstilicationum
2873 5211 3044 5266 ollicio
3068 5210 3444 5282 fungerentur,
3485 5214 3601 5267 dari

349 5293 588 5349 ἐνταῦθα
606 5294 661 5348 δὲ
688 5296 748 5348 τὸ
765 5295 792 5346 ύ
805 5296 904 5365 πὲρ
921 5295 1075 5364 ἡμῶν
1103 5295 1371 5362 σφαγιαςό
1381 5312 1540 5365 μενον
1563 5295 1746 5348 καλλιέ
1755 5313 1820 5367 ρη
1830 5315 1928 5362 μα,

2034 5297 2334 5365 iubebatur.
2375 5300 2474 5355 llic
2506 5311 2686 5356 autem
2729 5303 3003 5358 immolata
3027 5304 3167 5374 apud
3207 5320 3304 5358 nos
3338 5304 3599 5372 praeclara

350 5376 420 5439 οὗ
449 5385 526 5456 τῷ
555 5387 807 5456 ἁχράντῳ
837 5386 929 5438 καὶ
951 5385 1115 5456 τιμίῳ
1147 5383 1338 5456 αἵματι
1369 5385 1805 5456 σφραγιζόμεθα,
1837 5389 1931 5440 καὶ

351 5476 540 5548 πάσης
569 5477 786 5546 κηλῖδος
813 5478 908 5530 καὶ
943 5477 1116 5547 ῥύπου
1158 5477 1356 5541 παντὸς
1403 5478 1580 5548 ψυχῆς
1606 5497 1669 5531 τε
1697 5480 1791 5532 καὶ
1825 5478 1931 5531 σώ-

353 5586 528 5637 ματος
568 5568 977 5639 καθαιρόμεθα;
1026 5571 1087 5622 ΕΞ
1124 5570 1302 5622 τοίνυν
1348 5569 1416 5622 τὰ
1471 5569 1714 5640 σύμϐολα
1762 5571 1925 5638 ἆγια,

355 5660 476 5722 πῶς
508 5660 644 5713 αὐτὰ
674 5660 741 5714 τὰ
782 5661 1098 5732 πράγματα,
1129 5657 1202 5715 ὦν
1232 5663 1413 5716 ἐκεῖνα
1444 5661 1706 5732 σύμϐολα.
1734 5663 1833 5715 οὐκ
1866 5665 1928 5717 ἐκ

2032 5389 2250 5442 victima
2287 5390 2439 5457 cujus
2461 5394 2747 5460 purissimo
2774 5397 3115 5464 pretiosoque
3137 5396 3396 5462 sanguine
3429 5395 3604 5447 consi-

2033 5497 2279 5549 gnamur,
2301 5491 2356 5536 et
2389 5485 2532 5537 omni
2563 5499 2690 5554 ruga
2719 5503 2778 5538 ar
2801 5487 3004 5539 macula
3033 5489 3224 5539 animae
3249 5487 3602 5554 corporisque

2034 5588 2342 5639 purgamur.
2377 5575 2430 5627 Si
2466 5591 2594 5644 ergo
2615 5579 2851 5644 symbola
2878 5587 3082 5641 sancta,
3108 5577 3292 5645 quidni
3323 5593 3407 5630 res
3447 5578 3600 5646 ipsa;

2031 5679 2257 5732 quarmu
2286 5663 2375 5719 illa
2413 5678 2536 5721 sunt
2565 5667 2830 5736 symbola,
2885 5684 2987 5721 non
3017 5669 3122 5722 sint
3155 5669 3374 5722 omuiuo
3405 5683 3593 5743 sacra-
