4024 6214
407 267 510 332 767
579 315 586 320 .

1393 261 1454 325 5.
1494 265 1915 328 NICEPHORI
1947 260 2456 326 PATRIARCHA!
2494 260 2602 322 (ΖΡ.

3559 255 3667 318 768

410 377 576 431 tiores
597 381 760 443 atque
780 373 1080 428 sanctiores
1095 373 1119 427 τ
1137 370 1242 428 Sed
1277 371 1534 443 quoniam
1557 386 1664 426 non
1695 371 1984 426 intellexe-

2098 371 2288 436 παντὸς
2321 369 2590 442 ἱερώτερα
2625 363 2808 438 πολλῷ
2833 365 2929 420 καὶ
2976 361 3290 436 ἀγιώτερας
3327 361 3446 420 ἀλλ’
3479 365 3673 434 ἐπειδὴ

411 477 540 524 runt
569 467 909 538 insipientes,
946 481 1118 537 neque
1143 465 1328 522 dicere
1355 465 1534 520 sciunt
1558 479 1807 535 quaenam
1839 477 1990 518 com-

413 564 602 618 munio
631 561 848 618 Christo
869 575 992 617 cum
1007 558 1194 623 Belial,
1227 559 1439 628 autjuci
1469 572 1590 614 cum
1612 556 1879 624 tenebris,
1904 557 1990 612 vel

412 671 536 725 quae
576 654 864 709 conventio
920 651 1104 721 templi
1178 649 1272 706 Dei
1327 666 1451 706 cum
1511 651 1673 707 idolis
1724 651 2022 728 (nondum‘

412 745 558 799 enim
585 743 814 798 sincerae
857 749 1058 798 nostrae
1097 741 1244 807 ﬁdei,
1275 742 1594 811 traditaaque
1620 741 1778 796 nobis
1834 756 1865 795 a
1897 754 1990 810 pa-

414 837 590 890 tribus
631 835 939 905 dogmatnnt
988 832 1354 894 rectitudinis,
1408 841 1464 888 et
1519 818 1796 902 inspirata:
1840 833 1992 887 Scri-

412 933 586 995 pturte
633 923 938 978 scrutanda:
979 939 1113 978 cura
1161 925 1296 993 ipsis
1329 921 1474 993 fuit),
1503 923 1708 978 idcirco
1759 923 1986 978 idolium

412 1031 520 1070 non
563 1026 822 1070 verentur
842 1025 1088 1070 nostram
1140 1015 1361 1069 medelas
1391 1014 1658 1070 ollicinam
1694 1015 1986 1084 appellare.

416 1107 523 1162 Sed
581 1107 770 1175 pedem
821 1104 1119 1162 referentes
1182 1121 1370 1161 rursus
1445 1106 1510 1160 ad
1579 1106 1988 1162 tabernaculum

416 1199 720 1254 veniamus.

485 1291 616 1346 Post
636 1291 888 1356 alterum,
931 1291 1129 1361 inquit,
1170 1289 1352 1346 velum
1389 1290 1798 1346 tabernaculum
1833 1301 1984 1357 erat;

421 1383 476 1438 in
508 1398 635 1453 quo,
667 1393 865 1453 praeter
889 1391 1110 1448 caetera,
1137 1390 1297 1437 erant
1324 1383 1488 1438 etiam
1526 1396 1674 1448 arca,
1711 1392 1767 1437 et
1803 1383 1990 1452 propi-

420 1475 721 1541 tiatorium,
755 1475 870 1544 ipsa
913 1488 1130 1544 quoque
1163 1475 1228 1529 de
1254 1474 1684 1544 imputribilibus
1718 1474 1878 1543 lignis
1908 1474 1991 1528 Ia-

417 1567 651 1622 bricata.
686 1569 836 1622 Auro
870 1575 1050 1620 autem
1101 1565 1397 1634 purissimo
1427 1575 1585 1620 erant
1627 1579 1905 1636 cooperta,
1938 1574 1992 1621 et

423 1658 627 1715 Sancta
675 1665 987 1713 sanctorum
1058 1657 1492 1728 appellabantur.
1544 1656 1802 1712 Nostrum
1857 1672 1990 1712 vero

2089 462 2150 516 ού
2185 463 2426 530 συνῆκαν
2457 463 2507 514 oi
2535 459 2811 523 άσύνετοι,
2838 457 2963 512 οὐδὲ
3007 455 3186 511 ἴσασιν
3214 457 3391 510 εἰπεῖν
3430 455 3518 522 τίς
3558 473 3679 513 κοι-

2091 553 2260 606 νωνία
2285 551 2508 623 Χριστῷ
2551 550 2692 621 πρὸς
2718 549 2941 619 Βελίαρ,
2981 547 3014 618 ἢ
3043 547 3182 618 φωτὶ
3221 547 3360 620 πρὸς
3397 547 3610 612 σκότος,
3639 548 3676 619 ἢ

2089 643 2173 706 τίς
2198 641 2600 711 συγκατάθεσις
2620 639 2733 710 ναῷ
2759 638 2895 693 Θεοῦ
2922 635 3067 709 μετά
3094 636 3331 691 εἰδώλων
3373 635 3549 709 (οὔπω
3567 637 3680 708 γάρ

2089 736 2272 798 αὐτοῖς
2316 735 2416 805 τῆς
2460 751 2520 786 τε
2565 731 2871 802 εὐθυτάτης
2918 729 3080 802 ἡμῶν
3127 729 3388 794 πίστεως,
3433 729 3532 784 καὶ
3575 727 3679 800 τῆς

2090 824 2243 896 παρά
2266 825 2376 878 τῶν
2406 824 2662 896 πατέρων
2679 823 2842 894 ἡμῶν
2864 819 3311 894 παραδεδομένης
3339 820 3450 875 τῶν
3477 819 3681 892 δογμά·

2089 935 2197 972 των
2227 917 2556 990 ὀρθότητος,
2589 917 2682 972 καὶ⁵
2728 915 2832 986 τῆς
2871 914 2982 968 τῶν
3027 912 3400 969 θεοπνεύστων
3443 913 3680 984 Γραφῶν

2091 1011 2320 1080 ἐρεύνης
2345 1007 2601 1081 ἐμέλησε)
2618 1025 2631 1038 ·
2667 1007 2755 1062 διὰ
2781 1005 2942 1062 τοῦτο
2965 1007 3236 1061 εἱδωλεῖον
3275 1007 3338 1060 τὸ
3381 1005 3503 1060 καθ’
3529 1007 3682 1077 ἡμᾶς

2102 1105 2335 1174 ἰατρεῖον
2369 1103 2538 1172 φάναι
2561 1101 2622 1154 οὐ
2647 1101 2884 1155 δεδίασιν
2899 1114 2913 1128 ⁸
2933 1101 3028 1154 ἐπὶ
3054 1099 3232 1173 δὲτὴν
3256 1097 3460 1172 σκηνὴν
3484 1100 3683 1154 παλινο

2095 1194 2420 1265 δρομοῦντες
2449 1195 2546 1248 καὶ
2574 1192 2821 1258 εἰσαῦθις
2853 1191 3148 1264 οίχώμεθα.

2158 1285 2315 1338 Μετὰ
2341 1283 2399 1337 δὲ
2423 1283 2485 1336 τὸ
2515 1283 2770 1356 δεύτερον
2801 1283 3234 1354 καταπέτασμα,
3266 1283 3425 1356 φησι,
3459 1284 3636 1354 σκηνή
3657 1301 3674 1314 ’

2089 1375 2148 1430 ἐν
2227 1375 2299 1429 τά
2323 1391 2383 1428 τε
2413 1375 2572 1441 ἄλλα,
2608 1375 2706 1429 καὶ
2737 1374 2845 1446 μὴν
2872 1377 2968 1430 καὶ
2994 1375 3028 1446 ἡ
3057 1373 3293 1440 κιϐωτὸς
3331 1375 3428 1429 καὶ
3455 1374 3518 1428 τὸ
3557 1373 3681 1428 ila-

2091 1467 2338 1538 στήριον,
2367 1465 2432 1519 ὲκ
2459 1465 2632 1533 ξύλων
2657 1465 2758 1536 μὲν
2784 1465 3047 1537 ἀσήπτων
3071 1467 3168 1520 καὶ
3211 1464 3354 1520 αὒτά
3389 1465 3678 1519 διεσκευα-

2091 1559 2264 1630 σμένα
2283 1573 2298 1587 ⁸
2340 1559 2548 1630 χρυσίῳ
2582 1559 2640 1613 δὲ
2670 1557 2746 1629 τῷ
2771 1559 3146 1630 καθαρωτάτῳ
3195 1559 3664 1630 περιεκέχριοστο,

2091 1649 2258 1716 Ἀγια
2287 1648 2345 1702 δὲ
2368 1649 2540 1718 ἁγίων
2572 1647 2792 1717 ἐλέγετο
2808 1663 2822 1677 ’
2844 1650 2878 1717 ή
2904 1646 2962 1700 δὲ
2987 1647 3112 1700 καθ’
3137 1647 3304 1717 ἡμᾶς,
3327 1647 3438 1701 τῶν
3471 1646 3678 1714 ’Δγίων

421 1747 833 1804 tabernaculum
875 1747 1094 1804 Sanctis
1137 1748 1246 1804 illis
1288 1757 1606 1804 sanctorum
1633 1749 1874 1804 sanctius
1907 1756 1991 1803 est

2098 1740 2370 1810 ἀγιωτέρα
2401 1759 2461 1794 τε
2498 1742 2592 1794 καὶ
2624 1739 2968 1812 ὲνθεεστέρα,
3001 1739 3237 1794 κιϐωτὸν
3274 1739 3375 1810 μὲν
3420 1738 3535 1807 τὴν
3567 1737 3678 1794 τοῦ

419 1850 476 1896 et
506 1841 762 1905 divinius,
809 1847 866 1895 et
899 1853 1041 1895 arca:
1083 1839 1305 1910 quidem
1355 1839 1475 1895 loco
1506 1840 1900 1894 sanctissimam
1942 1849 1990 1893 et

419 1932 681 2000 vivi/icon:
746 1929 1050 1988 Seroatort's
1099 1933 1266 1986 nostri
1315 1930 1521 1987 Christi
1569 1947 1780 1986 carnem
1824 1933 1994 1986 conti-

420 2033 502 2077 net
531 2023 675 2092 (7t);
719 2037 839 2091 qua:
864 2023 933 2077 ab
961 2037 1088 2078 arca
1123 2023 1211 2076 illa
1244 2022 1410 2078 veluti
1447 2022 1608 2093 lignis
1640 2021 1992 2091 imputribili-

418 2114 524 2170 bus
576 2114 955 2180 denotahatur,
1011 2113 1208 2183 quibus
1257 2113 1414 2168 nobis
1459 2113 1819 2183 impeccantia
1875 2121 1994 2168 tan—

419 2220 580 2272 quam
621 2204 675 2258 in
709 2203 900 2258 umbra
946 2203 1322 2273 signiﬁcatur,
1371 2212 1426 2259 et
1455 2203 1600 2274 quod
1647 2203 1717 2258 ad
1769 2205 1993 2259 immor-

419 2297 685 2353 talitatent
765 2297 1371 2368 impassibilitatemque
1437 2296 1687 2352 translati
1767 2311 1988 2364 sumus;

418 2388 858 2459 quandoquidem
895 2389 1030 2442 uniti
1080 2387 1244 2444 Verbi
1295 2390 1521 2455 virtute,
1574 2391 1717 2460 quod
1764 2398 1990 2445 mortem

420 2479 716 2545 destruxit,
765 2489 818 2534 et
865 2479 1229 2548 corruptelam
1279 2479 1538 2544 abstulit,
1587 2479 1653 2533 ad
1694 2479 1990 2534 inferorum

420 2569 673 2637 regiones
703 2579 874 2624 semet
903 2571 1213 2635 conterens,
1249 2571 1500 2641 apparuit
1523 2571 1682 2626 morti
1708 2571 1989 2639 superior;

420 2668 477 2712 et
522 2660 572 2713 in
621 2659 952 2730 corruptivis
997 2662 1133 2715 locis
1192 2663 1402 2728 posita,
1460 2662 1994 2730 incorruptibilitatis

420 2749 647 2818 gloriam
685 2750 809 2805 inde
829 2751 1050 2818 retulit;
1083 2762 1136 2805 et
1169 2767 1302 2805 auro
1327 2751 1493 2806 veluti
1523 2751 1984 2820 splendidissimo,

421 2843 709 2897 divinitate
777 2843 1210 2898 substantialiter
1269 2843 1458 2906 unita,
1509 2851 1761 2913 cooperta
1829 2855 1992 2914 atque

421 2930 714 2985 illustrata.
762 2929 1204 3000 Propitiatorium
1248 2931 1376 2986 item
1425 2931 1582 2987 nobis
1615 2933 1790 3001 ipsum
1830 2931 1990 2986 Chri-

422 3031 564 3078 stum
598 3022 738 3076 Dens
765 3021 929 3076 Pater
961 3021 1177 3090 posuit;
1211 3023 1327 3091 ipse
1368 3023 1512 3078 enim
1553 3033 1636 3078 est
1674 3023 1989 3093 propitiatio

425 3123 630 3168 nostra.
661 3112 750 3166 Sic
769 3113 914 3166 enim
946 3113 1106 3168 Pater
1132 3128 1232 3170 nos
1259 3113 1470 3180 dilexit,
1501 3116 1762 3186 misitque
1795 3116 1991 3172 Filium

425 3221 582 3260 suum
617 3205 1062 3277 propitiationem
1091 3222 1191 3278 pro
1216 3209 1459 3278 peccatis
1485 3211 1708 3264 nostris.
1729 3209 1833 3265 Sed
1867 3211 1994 3279 quid

424 3299 562 3363 haec,
617 3298 758 3368 apud
809 3307 988 3354 mente
1032 3309 1340 3369 corruptos,
1393 3312 1450 3356 et
1492 3302 1732 3356 animam
1773 3313 1996 3370 peccato

423 3399 689 3446 mortuam
745 3391 1040 3460 gerentes?
1104 3391 1428 3449 Reverentia
1483 3408 1546 3449 ac
1597 3404 1775 3458 metu,
1827 3405 1883 3450 et
1928 3395 1996 3450 de

424 3483 588 3538 rebus
619 3485 828 3538 sanctis
852 3483 1090 3552 silentio,
1132 3485 1308 3541 honor
1343 3501 1484 3557 saepe
1520 3487 1856 3556 praestandus
1883 3496 1992 3544 est.

424 3573 529 3644 Ipsi
561 3585 740 3630 tamen
761 3591 860 3645 pro
885 3587 1144 3633 consueta
1173 3593 1269 3632 sua
1295 3578 1590 3648 loquantur
1605 3580 1853 3636 audacia.
1880 3581 1994 3652 Age

422 3678 576 3732 vero,
611 3666 767 3720 nobis
796 3666 862 3720 ad
887 3667 1031 3722 hunc
1059 3669 1235 3724 locum
1268 3671 1576 3739 provectis,
1596 3686 1700 3725 non
1731 3673 1993 3738 alienum,

423 3755 599 3811 visum
647 3765 731 3811 est
776 3757 976 3812 addere
1021 3757 1147 3814 huic
1199 3761 1462 3826 sermoni,
1517 3762 1622 3816 etsi
1663 3761 1720 3816 id
1752 3761 1994 3816 nonnulli

424 3847 586 3916 paulo
613 3857 765 3900 extra
798 3849 1135 3918 prapositutn
1172 3851 1289 3904 ﬁeri
1323 3853 1610 3922 putabunt,
1643 3868 1814 3922 pauca
1843 3869 1995 3924 qua:-

427 3939 550 3993 dam
593 3939 844 3995 videlicet
871 3941 938 3996 de
964 3943 1030 3996 iis
1073 3957 1194 4011 qua:
1224 3943 1276 3996 in
1312 3946 1662 4000 tabernaculo
1696 3955 1855 4001 erant
1884 3946 1998 4002 dis-

427 4044 646 4099 serere;
680 4047 800 4102 quae
830 4031 1200 4102 insipientium
1235 4035 1542 4089 vecordiam
1573 4045 1628 4090 et
1660 4036 1992 4106 impietatem

427 4136 760 4192 coarguent,
819 4125 1068 4182 ﬁdelibus
1113 4137 1292 4182 autem
1339 4138 1393 4182 et
1443 4129 1692 4185 veritatis
1721 4132 1997 4199 suppetias

426 4213 572 4270 ferre
603 4219 907 4288 apparebit.

499 4306 586 4363 70.
615 4308 822 4362 Dictum
851 4317 930 4363 esl
956 4309 1122 4380 igitur
1149 4311 1219 4366 ab
1245 4313 1505 4382 Apostolo
1528 4313 1596 4380 7’,
1627 4328 1788 4384 supra
1812 4321 1996 4368 arcam

2093 1831 2365 1902 Σωτῆρος
2399 1831 2566 1902 ἡμῶν
2605 1831 2862 1900 Χριστοῦ
2900 1832 3205 1902 παναγίαν
3249 1831 3348 1886 καὶ
3393 1829 3680 1892 ζωοποιὸν

2092 1925 2290 1992 σάρκα
2317 1923 2504 1995 φέρει,
2531 1925 2602 1978 δι’
2628 1925 2844 1995 ἐκείνης
2874 1922 3064 1996 ὥσπερ
3099 1925 3158 1977 ὲν
3191 1922 3371 1988 ξύλοις
3403 1925 3680 1995 ἀσήπτοις

2092 2014 2339 2080 τυπικῶς
2367 2015 2528 2072 πάλιν
2565 2016 3042 2088 διαγραφομένην,
3074 2015 3133 2082 ἐξ
3172 2009 3248 2070 ὧν
3279 2017 3412 2088 ήμίν
3453 2015 3516 2069 τὸ
3553 2017 3679 2069 κατ’

2093 2107 2260 2178 αὐτὴν
2301 2108 2690 2182 ἀναμάρτητον
2727 2107 2805 2172 ὡς
2834 2111 2892 2162 ὲν
2924 2109 3054 2180 σκιᾷ
3097 2107 3544 2180 διασημαίνεται,
3583 2108 3679 2162 καὶ

2091 2200 2153 2255 τὸ
2195 2199 2333 2272 πρὸς
2377 2200 2686 2272 ἀφθαρσίαν
2733 2200 2828 2255 καὶ
2869 2198 3144 2256 ἀπάθειαν
3194 2199 3674 2271 μεταπεπλάσθαι,

2091 2295 2330 2365 ὁπηνίκα
2357 2296 2422 2365 τῇ
2450 2293 2544 2348 τοῦ
2575 2292 2956 2364 συνηνωμένον
2984 2293 3160 2361 Λόγου
3185 2293 3440 2363 δυνάμει,
3468 2293 3564 2346 τοῦ
3585 2293 3678 2347 τὸν

2093 2383 2324 2439 θάνατον
2355 2386 2806 2457 καταργήσαντος
2831 2385 2926 2439 καὶ
2955 2383 3054 2456 τήν
3093 2383 3304 2456 φθορὰν
3331 2385 3677 2450 καθελόντος,

2092 2478 2206 2540 τοῖς
2226 2475 2322 2529 τοῦ
2340 2475 2466 2547 ᾅδου
2491 2476 2715 2548 χωρίοις
2737 2475 3212 2547 προσομιλήσασα,
3235 2475 3472 2530 θανάτου
3497 2477 3683 2546 κρείτ-

2091 2584 2198 2621 των
2223 2566 2402 2638 ῶφθη,
2438 2568 2533 2620 καὶ
2566 2569 2625 2620 ὲν
2656 2570 2768 2630 τοῖς
2795 2567 3140 2636 φθοροποιοῖς
3168 2565 3436 2636 γενομένη
3466 2567 3677 2630 τόποις,

2091 2657 2193 2727 τὴν
2242 2660 2343 2728 τῆς
2391 2657 2698 2729 ἀφθαρσίας
2743 2657 3096 2728 ἀπηνέγκατο
3128 2655 3320 2722 δόξαν·
3365 2655 3578 2728 χρυσίῳ
3623 2656 3682 2711 δὲ

2092 2749 2282 2820 ὥσπερ
2333 2750 2412 2820 τῷ
2456 2751 2894 2822 διαφανεστάτῳ,
2934 2753 3003 2822 τῇ
3043 2749 3316 2814 οὺσιωδῶς
3353 2749 3678 2821 συνημμένη

2094 2839 2344 2910 θεότητι,
2416 2839 2951 2911 κατακαλυπτομένη
3005 2839 3108 2901 καὶ
3164 2837 3676 2911 ,λελάμπρυσμένηο

2095 2932 2408 3004 ἱλαστήριον
2428 2933 2484 2986 δὲ
2511 2933 2672 2987 πάλιν
2701 2935 2854 3004 ἡμῖν,
2897 2931 3063 2986 αὑτὸν
3101 2930 3194 2986 τὸν
3223 2932 3462 3002 Χριστὸν
3489 2933 3519 2984 ό
3543 2933 3681 2996 Θεὸς

2094 3027 2192 3078 καὶ
2219 3026 2408 3097 Πατὴρ
2429 3025 2612 3079 ἔθετοο
2652 3025 2817 3090 αὐτὸς
2849 3025 2962 3096 γάρ
2989 3027 3139 3079 ἐστιν
3164 3027 3192 3078 ό
3229 3025 3451 3096 ἱλασμὸς
3479 3027 3508 3094 ή
3518 3025 3637 3095 μῶν
3657 3041 3670 3054 ·

2095 3117 2236 3172 οὕτω
2263 3118 2372 3190 γὰρ
2405 3120 2434 3172 ὁ
2465 3117 2652 3188 Πατὴρ
2693 3117 2984 3188 ἠγάπησεν
3032 3119 3204 3188 ἡμᾶς,
3252 3117 3344 3171 καὶ
3383 3115 3668 3170 ἀπέστειλε

2095 3207 2187 3262 τὸν
2223 3207 2351 3262 Υίὸν
2391 3207 2553 3262 αὐτοῦ
2589 3207 2816 3278 ἱλασμὸν
2855 3207 3116 3282 περὶτῶν
3163 3206 3449 3279 ἁμαρτιῶν
3479 3207 3666 3279 ήμῶνσ

2096 3299 2306 3380 ἀλλάτί
2339 3298 2512 3353 ταῦτα
2552 3300 2706 3372 παρὰ
2730 3300 2846 3364 τοῖς
2884 3299 3364 3372 κατεφθαρμένοις
3392 3300 3494 3373 τὴν
3537 3299 3677 3368 γνὼο

2101 3409 2226 3463 μην,
2261 3390 2354 3445 καὶ
2399 3391 2498 3463 τὴν
2533 3391 2713 3463 ψυχὴν
2754 3391 3044 3464 τεθνηκόσι
3094 3395 3162 3464 τῇ
3211 3393 3496 3464 ἁμαρτίας
3533 3393 3682 3445 Λίδοῖ

2097 3487 2191 3538 καὶ
2220 3483 2370 3554 φόϐῳ
2399 3487 2463 3555 τῇ
2490 3485 2626 3555 πρὸς
2657 3483 2726 3538 τά
2747 3483 2878 3554 ἆγια
2909 3487 3086 3555 σιωπῇ
3105 3485 3172 3539 τά
3198 3484 3369 3538 πολλὰ
3390 3485 3673 3555 τιμητέονο

2099 3577 2253 3631 αὐτοὶ
2299 3575 2408 3647 γὰρ
2452 3575 2523 3628 τὰ
2560 3576 2692 3646 φίλα
2731 3576 2828 3630 καὶ
2877 3577 3082 3648 συνήθη
3128 3577 3228 3648 τῆς
3265 3577 3472 3646 τόλμας
3515 3577 3680 3646 φθεγ-

2097 3668 2410 3738 γὲσθωσαν·
2438 3667 2672 3722 ἐνταῦθα
2691 3667 2749 3722 δὲ
2775 3669 3091 3738 γενομένοις
3111 3671 3264 3738 ἡμῖν,
3288 3670 3392 3723 οὐκ
3419 3670 3676 3740 ἄκαιρον,

2099 3762 2174 3827 ὥς
2205 3779 2268 3832 γε
2291 3759 2465 3832 οἴμαι,
2499 3763 2814 3835 νενόμισται
2841 3764 3264 3837 προσδιατρίψαι
3279 3765 3358 3836 τῷ
3378 3766 3544 3837 λόγῳ,
3577 3765 3679 3820 κᾶν

2099 3873 2209 3910 τισι
2243 3855 2798 3928 παρεκϐατικὼτερον
2823 3853 2962 3910 εἷναι
2990 3855 3184 3924 δόξειε,
3215 3857 3312 3912 καὶ
3347 3859 3524 3929 μικρά
3556 3875 3678 3910 τινα

2098 3947 2208 4002 τῶν
2232 3948 2373 4002 κατά
2409 3946 2508 4018 τὴν
2533 3947 2740 4018 σκηνὴν
2771 3947 2933 4020 χάριν
2957 3947 3210 4013 διέιπεῖν,
3239 3947 3384 4019 ἆπερ
3415 3949 3496 4012 είς
3521 3948 3676 4016 ελεγ-

2099 4057 2196 4111 χον
2237 4039 2336 4112 μὲν
2377 4039 2478 4110 τῆς
2500 4039 2609 4094 τῶν
2654 4040 2900 4110 ἀνοήτων
2945 4040 3172 4109 ἀλογίας
3199 4041 3294 4094 καὶ
3335 4040 3674 4104 δυσσεϐείας,

2101 4131 2431 4204 συνηγορίαν
2469 4131 2528 4185 δὲ
2569 4133 2682 4195 τοῖς
2716 4133 2930 4196 πιστοῖς
2973 4133 3070 4186 καὶ
3115 4133 3181 4203 τῇ
3229 4130 3456 4202 ἀληθείᾳ
3478 4131 3675 4200 διαφα-

2099 4230 2291 4282 νεῖται.

2169 4319 2230 4377 o'.
2263 4319 2492 4390 Εἴρηται
2519 4317 2700 4374 τοίνυν
2729 4317 2809 4389 τῷ
2842 4317 3172 4388 Ἀποστόλῳ,
3201 4316 3553 4388 ὑπεράνωθεν
3579 4316 3680 4386 τῆς

425 4397 766 4456 Cherubinos
793 4399 1066 4456 exstitisse
1092 4403 1298 4472 gloriae,
1326 4405 1760 4474 propitiatorium
1804 4406 1992 4461 obum-

2099 4408 2335 4464 κιϐωτοῦ
2381 4409 2665 4482 Χερουϐὶμ
2719 4407 2862 4463 εἶναι
2913 4409 3072 4480 δόξης
3121 4407 3560 4473 κατασκιάζοντα
3616 4407 3679 4460 τὸ

425 4489 669 4546 brantes.
690 4491 788 4546 Cui
815 4495 1196 4550 contradicens
1229 4496 1460 4565 alicujus
1499 4501 1676 4552 oratio
1708 4499 1782 4552 ita
1810 4500 1990 4555 dicet:

425 4580 564 4646 Quid
597 4583 697 4646 ais,
723 4582 888 4656 240
911 4599 944 4638 o
968 4583 1168 4640 Paule?
1203 4587 1256 4641 hi
1287 4597 1414 4642 sunt
1443 4588 1782 4645 Cherubini?
1815 4591 1994 4658 Quos-

424 4687 550 4726 nam
586 4675 684 4728 hos
728 4690 852 4730 esse
892 4675 1184 4731 audimus?
1231 4693 1354 4730 num
1385 4678 1530 4746 illos,
1563 4681 1652 4750 qui
1693 4681 1993 4750 principem

424 4775 479 4821 et
512 4765 622 4820 Deo
655 4767 984 4836 proximum,
1023 4767 1415 4839 beatoruntque
1446 4781 1500 4826 et
1527 4771 1994 4840 supcrrmleslium

427 4857 848 4927 gubernatorum
867 4858 1045 4913 sortiti
1073 4868 1242 4914 sunta
1269 4861 1378 4916 Deo
1404 4862 1629 4931 gradqu
1648 4873 1696 4916 et
1714 4863 1994 4930 ordinem;

424 4957 487 5000 ut
519 4947 663 5016 iuste
712 4949 998 5006 admodum
1049 4954 1326 5023 egregium
1360 4953 1550 5022 gloria:
1586 4955 1848 5009 tributum
1889 4955 1998 5011 illis

427 5041 706 5107 reddatur,
749 5056 848 5098 ceu
885 5044 994 5100 Deo
1051 5047 1332 5115 proximis,
1365 5055 1418 5102 ct
1447 5047 1827 5117 principaliter
1873 5049 1998 5104 inde

428 5134 761 5203 fulgentibus
797 5143 853 5189 et
881 5135 1228 5193 immateriali
1253 5139 1346 5194 illo
1383 5149 1438 5194 et
1475 5141 1678 5196 eximio
1710 5141 1997 5210 splendore

426 5227 674 5283 ornatis?
710 5225 938 5284 Minime
981 5230 1221 5298 gentium
1253 5231 1426 5286 dices.
1463 5231 1608 5300 Quid
1640 5248 1770 5304 ergo
1799 5234 1992 5289 erunt?

429 5317 487 5374 Si
523 5320 614 5375 tibi
666 5319 871 5376 volenti
911 5329 1016 5388 est,
1063 5319 1150 5376 dic
1192 5331 1378 5390 aperte
1411 5332 1466 5378 et
1499 5324 1689 5378 horum
1723 5323 1806 5378 lac
1838 5323 1992 5379 nobis

505 5473 548 5507 ’°
587 5473 749 5532 llebr.
783 5491 862 5542 ιιι,
887 5475 942 5530 5.

2107 4501 2452 4572 ἱλαστήριον·
2502 4501 2639 4570 πρὸς
2683 4501 2744 4555 ὃν
2786 4501 3177 4570 ἀνθυποφέρων
3219 4500 3601 4571 διαπορήσειεν
3648 4497 3680 4548 ό

2099 4589 2305 4644 τοιόσδε
2343 4588 2498 4657 λόγος
2524 4591 2619 4642 καὶ
2656 4591 2800 4660 ἐρεῖ·
2826 4588 2892 4642 Τί
2916 4589 3044 4662 φὴς,
3069 4583 3115 4643 ὧ
3151 4588 3363 4655 Παῦλε,
3395 4587 3676 4658 Χερουϐἰμ

2103 4682 2210 4734 είσι
2241 4678 2446 4747 causa;
2487 4679 2676 4734 Ὀποῖα
2697 4679 2753 4733 δὲ
2785 4681 2969 4734 ἐκεῖνα
2994 4679 3297 4751 ἀκούομεν;
3327 4679 3363 4734 ἃ
3393 4680 3489 4750 τὴν
3527 4697 3680 4748 πρω-

2102 4773 2290 4842 τίστην
2314 4789 2374 4825 τε
2406 4771 2502 4825 καὶ
2542 4774 2784 4844 προσεχῆ
2819 4771 2960 4844 Θεῷ,
2988 4771 3085 4826 καὶ
3123 4772 3232 4826 τῶν
3267 4771 3555 4844 μακαρίων
3587 4773 3680 4825 καὶ
3717 4827 3725 4834 ,

2104 4861 2516 4936 ύπερουρανίων
2546 4861 2881 4932 διακόσμων,
2919 4861 3130 4933 διέλαχε
3165 4862 3315 4932 παρά
3357 4861 3508 4914 Θεοῦς
3527 4861 3680 4928 τάξιν

2103 4971 2161 5006 τε
2197 4954 2292 5006 καὶ
2318 4951 2742 5024 ἀποκλήρωσιν,
2770 4953 2856 5006 ἵνα
2885 4953 2950 5025 δὴ
2982 4953 3209 5017 δικαίως
3241 4952 3385 5024 μάλα
3418 4954 3511 5007 καὶ
3533 4951 3680 5016 ἀξιό-

2104 5045 2263 5112 λογον
2294 5043 2354 5097 τὸ
2379 5044 2478 5114 τῆς
2513 5043 2670 5114 δόξης
2708 5043 2892 5108 αὐτοῖς
2935 5043 3298 5116 περιάπτοιτο
3325 5044 3514 5115 γέρας,
3580 5042 3680 5096 ἆτε

2102 5137 2168 5207 δὴ
2197 5135 2563 5206 πλησιαίτατα
2593 5135 2715 5207 Θεῷ
2737 5136 2878 5205 οὖσι,
2903 5137 2998 5190 καὶ
3021 5135 3094 5189 τὰ
3123 5134 3317 5206 πρῶτα
3347 5134 3561 5188 ἐκεῖθεν
3589 5133 3680 5186 ἐλ-

2101 5228 2493 5299 λαμπομένοις,
2527 5229 2746 5300 καὶτῆς
2782 5229 2946 5282 ἀΰλου
2977 5229 3194 5299 ἐκείνης
3225 5228 3321 5282 κοιλ⁵
3350 5225 3676 5298 ὕπερφώτου

2099 5318 2620 5392 καταγλαῖζομένοις
2647 5321 3061 5392 λαμπρότητος;
3106 5320 3182 5374 Οὐ
3229 5319 3330 5392 μὲν
3374 5315 3469 5374 οὖν
3506 5319 3676 5382 εἴποις

480 5609 620 5690 ’(Ἰέ)
659 5609 738 5663 En
771 5627 990 5670 carnem
1033 5610 1234 5668 Christi
1282 5611 1413 5667 dicit
1446 5609 1805 5682 Nicephorus,
1835 5627 1996 5685 quam
2027 5612 2202 5668 adhuc
2231 5613 2476 5668 hodierni
2547 5611 2786 5668 haeretici
2816 5612 3003 5668 dicunt
3061 5623 3254 5681 panem
3284 5623 3429 5677 csse,
3460 5616 3516 5665 ct
3546 5621 3674 5664 card-

441 5679 526 5734 nis
553 5679 796 5750 ﬁguram.
