4024 6214
345 263 457 325 760

1182 263 1748 325 APOLOGETICUS
1783 262 1933 323 PRO
1971 261 2236 324 SACRIS
2275 218 2761 324 IMAGIL‘iIBUS.

3507 265 3614 330 ’ΠΟ

344 373 438 430 ἄν.
480 372 545 426 Τί
579 375 621 425 δ’
653 371 718 426 ἂν
743 367 880 438 siet);
912 370 964 425 εἴ
986 389 1071 425 σοι
1115 373 1426 444 βουλομένῳ
1460 391 1521 442 γε
1565 371 1727 442 εἶναι,
1759 376 1936 446 φράζε

2040 383 2354 428 accuratam
2379 374 2798 442 expositionem,
2833 387 3074 428 crassam
3101 381 3342 430 nostram
3374 388 3606 432 mentem

349 463 564 533 σαφῶς,
596 462 692 516 καὶ
721 464 814 517 τόν
852 479 916 530 γε
944 463 1304 534 περὶτούτων
1332 467 1462 536 ἡμῖν
1486 467 1562 529 ὡς
1587 467 1788 538 ἄριστα
1817 469 1932 522 δια-

348 558 490 608 τίθει
529 555 711 624 λόγον,
741 555 804 608 τὸ
835 557 982 626 παχὺ
1021 557 1119 626 τῆς
1138 557 1378 621 διανοίας
1402 557 1504 629 τῆς
1541 559 1818 630 ἡμετέρας
1843 563 1938 615 καὶ

349 645 541 700 ὑλικὸν
583 647 678 698 καὶ
720 645 870 700 κάτω
907 645 1114 718 βρῖθον,
1155 648 1249 702 ἐπὶ
1286 648 1356 702 τὰ
1403 649 1552 708 ἁπλᾶ
1583 651 1678 705 καὶ⁹
1718 652 1836 705 θεῖα
1861 653 1936 716 ὡς

349 739 578 810 ἐφικτὸν
603 739 740 808 ἡμῖν
767 738 990 807 ἀνάγων
1038 737 1312 811 θεάματα,
1343 739 1438 809 ἀφ’
1467 735 1542 795 ὧν
1581 759 1665 795 σοι
1699 743 1733 812 ή
1774 743 1936 813 μέχρι

347 831 444 885 τοῦ
489 829 677 902 τρίτου
713 829 946 901 ούρανοῦ
982 830 1207 903 ἁρπαγὴ
1248 833 1344 886 καὶ
1384 832 1649 896 ἀνάϐασις
1681 833 1935 904 μνήσασα

349 923 696 993 παρέσχετο·
740 923 772 992 ἢ
813 921 957 993 τάχα
995 923 1091 976 καὶ
1140 922 1412 996 θειότερόν
1462 942 1516 978 τι
1558 925 1803 990 Μωσέως
1845 927 1936 978 καὶ

349 1015 684 1086 ὑψηλότερον
719 1013 1123 1086 παραδέδειχεν,
1155 1015 1191 1069 ἀ
1227 1017 1322 1070 καὶ
1360 1019 1473 1080 τοῖς
1511 1020 1622 1080 σοῖς
1654 1017 1935 1086 θεοσὸφοις

347 1109 634 1179 φοιτηταῖς
653 1108 962 1175 ὲναυγάσας
990 1108 1388 1174 καταλέλοιπας
1410 1109 1548 1180 πρὸς
1579 1110 1934 1182 ἐνδεεστέραν

343 1197 716 1261 διδασκαλίαν,
745 1199 852 1252 τῶν
887 1199 987 1270 τὴν
1013 1200 1216 1268 γνῶσιν
1248 1201 1357 1254 τῶν
1385 1199 1716 1272 τηλικούτων
1738 1203 1934 1274 χωρεῖν

342 1291 744 1362 ὲξισχυόντων;
785 1290 967 1356 λέξαις
991 1293 1100 1364 γὰρ
1141 1287 1243 1347 ὧδέ
1287 1312 1386 1366 πη,
1439 1289 1500 1348 εὖ
1553 1295 1735 1365 ἴσμεν,
1779 1295 1853 1359 ὡς
1885 1297 1933 1348 οἱ

343 1386 480 1438 θεῖοι
526 1384 829 1454 Χερουϐὶμ,
865 1384 999 1438 αὐτὸ
1056 1393 1156 1456 μεν
1203 1387 1285 1440 ὅτι
1319 1385 1449 1440 ποτέ
1495 1388 1600 1440 είσι
1635 1387 1736 1458 τὴν
1771 1385 1934 1456 φύσιν

339 1475 578 1530 ἀνείδεοί
638 1492 698 1526 τε
731 1461 1058 1546 ὑπάρχουσι,
1091 1477 1184 1530 καὶ
1225 1476 1540 1549 ἀνθρωπεία
1565 1478 1766 1548 ἥκιστα
1796 1477 1934 1532 καθ-

347 1565 586 1638 ορᾶσθαι
627 1565 789 1632 φύσει
820 1567 1126 1636 πεφύκασι’
1179 1569 1436 1640 δυνάμεις
1489 1569 1545 1624 δὲ
1601 1569 1748 1640 ὅμως
1796 1569 1934 1624 εἰσὶν

337 1655 622 1726 ἀσώματοι
651 1658 748 1711 καὶ
773 1657 1038 1725 πανάγιαι
1065 1697 1080 1722 ,
1105 1658 1234 1729 περ)⁸
1259 1658 1390 1712 Θεόν
1434 1677 1493 1713 τε
1525 1659 1812 1730 ἱδρυμέναι
1840 1661 1934 1714 καὶ

2039 480 2102 520 ac
2131 465 2468 520 materialem
2499 480 2560 520 ac
2584 465 2842 522 deorsum
2868 477 3206 538 vergentem,
3232 467 3298 523 ad
3329 467 3608 538 simplices

2039 558 2381 626 divitiasque,
2405 567 2665 628 quantum
2698 558 2856 613 nobis
2890 559 3036 625 licet,
3071 561 3344 615 deducens
3370 571 3614 616 contem-

2037 649 2308 718 plationes
2331 691 2346 716 ,
2379 665 2406 704 a
2435 650 2634 720 quibus
2680 649 2774 704 tibi
2826 665 3000 720 usque
3033 651 3098 704 ad
3136 651 3350 706 tertium
3412 651 3612 706 caelum

2036 750 2222 808 raptus
2275 750 2329 794 et
2372 741 2620 795 ascensio
2671 739 2887 797 initiato
2947 740 3197 810 contigit.
3245 741 3328 796 An
3383 741 3614 798 fortasse

2036 833 2202 888 etiam
2247 832 2488 888 divinius
2540 833 2748 902 aliquid
2799 848 2960 903 quam
3011 833 3112 903 ipsi
3148 832 3316 905 Moysi
3354 849 3416 888 ac
3446 835 3615 890 subli-

2039 927 2179 982 mius
2215 936 2492 980 ostensum
2535 925 2655 991 fuit,
2706 927 2846 996 quod
2880 935 2934 981 et
2968 927 3238 981 divinitus
3278 927 3486 983 edoctis
3532 926 3614 981 di-

2038 1018 2260 1088 scipulis
2285 1019 2393 1074 tuis
2417 1019 2687 1073 irradians
2721 1019 2982 1088 reliquisti
3016 1019 3084 1074 ad
3114 1018 3468 1075 excellentius
3493 1034 3612 1074 ma-

2037 1112 2317 1182 gisterium
2345 1112 2580 1178 illorum,
2608 1115 2696 1182 qui
2727 1122 2996 1168 tantarum
3029 1127 3210 1167 rerum
3247 1113 3610 1183 cognitionem

2037 1217 2231 1271 capere
2270 1203 2483 1258 valent?
2517 1203 2672 1258 Dices
2693 1204 2836 1258 enim
2871 1203 2974 1260 hoc
3007 1202 3176 1258 ferme
3207 1204 3387 1270 modo,
3418 1213 3474 1258 ut
3504 1219 3609 1258 non

2035 1292 2371 1358 dubitamus,
2421 1307 2611 1363 nempe
2661 1309 2846 1349 sacros
2893 1293 3254 1359 Cherubiuos,
3304 1295 3423 1351 ideo
3463 1295 3611 1366 quod

2035 1384 2154 1440 sine
2199 1386 2382 1456 specie
2441 1396 2602 1452 sunt,
2653 1386 2902 1441 hutuauze
2959 1387 3184 1446 minime
3239 1397 3445 1442 uaturm
3489 1402 3612 1443 esse

2040 1476 2466 1544 conspicabiles.
2499 1477 2566 1531 Et
2603 1489 2783 1532 tamen
2823 1479 3076 1548 potentiae
3097 1487 3222 1534 sunt
3255 1479 3610 1548 incorporea},

2034 1567 2412 1631 sanctissimtn,
2454 1567 2618 1623 Deum
2676 1569 3115 1635 circumstantes,
3157 1576 3211 1625 et
3263 1571 3516 1640 primitus
3543 1586 3610 1628 ex

2036 1659 2146 1714 Deo
2173 1659 2514 1730 ell‘ulgeutes,
2545 1663 2734 1730 primae
2765 1662 2904 1718 lucis
2928 1663 3189 1728 ministri,
3217 1663 3612 1720 intellectuales

335 1749 408 1802 τὰ
432 1749 624 1818 πρῶτα
665 1751 728 1802 ὲκ
750 1747 886 1802 Θεοῦ
915 1748 1346 1820 ὲλλαμπόμεναι,
1379 1751 1474 1805 καὶ
1496 1750 1802 1822 λειτουργοὶ
1827 1751 1928 1818 τῆς

2030 1753 2284 1824 Spiritus,
2335 1753 2419 1807 vel
2463 1753 2603 1822 ignis
2650 1755 2814 1809 veluti
2871 1755 3247 1810 immaterialis
3274 1764 3330 1808 et
3361 1755 3613 1825 incorpo-

337 1839 569 1910 πρώτης
600 1839 1006 1911 λαμπρότητος,
1039 1839 1202 1910 νοερά
1247 1840 1620 1914 πνεύματα,ἦ
1667 1841 1778 1912 πῦρ
1821 1838 1934 1896 οἷον

334 1927 504 1984 ἇῠλον
539 1927 632 1982 καὶ⁵
675 1926 1005 1998 ἀσώματονο
1060 1927 1124 1981 '0
1157 1927 1346 1984 ποιῶν
1395 1929 1528 1999 γὰρ,
1582 1931 1736 2002 φησι,
1790 1931 1932 1998 τοὺς

335 2021 636 2091 ἀγγέλους
671 2022 860 2077 αὑτοῦ
901 2024 1231 2092 πνεύματα,
1253 2023 1352 2076 καὶ
1379 2024 1524 2091 τοὺς
1545 2027 1932 2096 λειτοιφγοὺς

334 2115 528 2168 αὐτοῦ
564 2115 684 2183 πῦρ
728 2114 974 2185 φλέγον.
1004 2115 1214 2179 Κοινῶς
1239 2118 1347 2187 γὰρ
1375 2117 1550 2172 ταῦτα
1579 2119 1675 2172 καὶ
1719 2119 1924 2190 ὁμοίως

336 2207 532 2261 πασῶν
558 2207 666 2260 τῶν
686 2208 956 2278 ούρκνίων
990 2208 1403 2276 καταφάσκεται
1435 2209 1716 2281 δυνάμεων
1733 2228 1746 2242 ο
1773 2211 1828 2264 αἳ
1854 2214 1920 2282 τῇ

335 2301 501 2367 φύσει
531 2303 598 2371 τῇ
625 2300 858 2364 ἑαυτῶν,
887 2301 949 2353 τδ
983 2297 1290 2371 ἀνώλεθρον
1315 2302 1410 2354 καὶ
1441 2301 1708 2356 ἀθάνατον
1735 2306 1800 2375 τῇ
1829 2303 1922 2358 τοῦ

333 2393 842 2464 δημιουργήσαντος
891 2390 1181 2467 κέκτηνται
1213 2392 1434 2462 χάριτιτ
1476 2391 1545 2445 τά
1584 2391 1924 2464 καθύπερθεν

333 2485 392 2540 δὲ
414 2486 516 2556 τῆς
545 2485 779 2540 κιϐωτοῦ
809 2484 1254 2555 ὑπεριπτάμενα,
1279 2483 1316 2536 ἀ
1341 2487 1454 2548 τοῖς
1477 2485 1782 2554 σκιάσμασι
1815 2484 1924 2538 τῶν

332 2577 632 2648 πτερύγων
666 2576 1045 2640 καταπυκάζει
1067 2577 1128 2630 τὸ
1149 2576 1482 2649 ίλαστήριον,
1507 2575 1670 2629 ama
1699 2575 1799 2645 μέν
1819 2577 1924 2630 εἰσι

329 2669 435 2738 τὴν
465 2667 652 2721 οὐσίαν
687 2667 781 2721 καὶ
813 2666 1042 2737 σώματα
1063 2683 1075 2696 ·
1103 2668 1167 2720 ὲκ
1195 2665 1396 2737 χρυσοῦ
1422 2667 1532 2736 γὰρ
1553 2665 1648 2719 τοῦ
1679 2665 1926 2734 καθαρω-

331 2762 501 2816 τάτου
547 2758 954 2825 διεσκεύασται,
1005 2757 1326 2829 σφυρήλατα
1353 2758 1410 2812 δέ
1455 2758 1548 2812 καὶ
1575 2757 1926 2828 ὲκτετορνευ-

335 2853 499 2925 μένα,
533 2851 629 2904 καὶ
673 2850 860 2922 χερσὶν
899 2849 1269 2920 ἀνθρωπείαις
1301 2849 1462 2920 σοφίᾳ
1487 2851 1554 2920 τῇ
1595 2847 1803 2904 ἄνωθεν
1831 2847 1927 2902 καὶ

331 2946 621 3015 ἐπιστήμῃ
647 2942 741 2996 τοῦ
787 2941 1218 3012 τεκτηναμένου,
1251 2937 1310 2994 εὖ
1359 2941 1506 3012 μάλα
1533 2943 1928 3011 ὲκμεμηχανη-

2035 1858 2160 1896 rcus
2189 1860 2202 1896 :
2231 1842 2336 1908 Qui
2387 1843 2567 1912 facis,
2619 1844 2796 1914 inquit
2843 1844 3155 1910 Psaltnista,
3212 1845 3422 1915 angelos
3469 1855 3606 1911 tuor,

2033 1933 2290 2002 spiritus;
2319 1943 2368 1988 et
2398 1935 2673 1990 ministros
2700 1943 2839 2001 tuas,
2868 1937 3038 2007 ignem
3071 1946 3308 1991 urentem
3328 1937 3421 1992 η’.
3448 1937 3611 1994 Com-

2034 2025 2273 2078 tnuuiter
2328 2025 2471 2098 enim
2521 2026 2623 2080 hoc
2689 2027 2917 2096 parique
2971 2029 3132 2082 modo
3183 2029 3248 2084 de
3296 2029 3610 2086 caelestibus

2031 2115 2242 2168 cunctis
2291 2115 2552 2184 potentiis
2601 2117 2824 2181 dicitur,
2885 2131 3007 2186 quae
3059 2125 3252 2172 natura
3294 2119 3512 2189 propria
3551 2127 3610 2173 ut

2030 2207 2364 2263 immortales
2405 2209 2515 2263 sint
2562 2216 2617 2264 et
2651 2209 2894 2266 interitui
2927 2225 3034 2265 non
3068 2211 3343 2280 obnoxiae,
3375 2230 3402 2265 a
3433 2211 3606 2266 Crea-

2032 2298 2164 2354 toris
2207 2299 2473 2357 beneficio
2507 2301 2728 2356 habent.
2764 2301 2843 2356 llli
2889 2312 3072 2357 autem
3105 2318 3226 2373 quze
3253 2317 3394 2358 arcae
3416 2318 3611 2374 super-

2030 2389 2252 2456 volaut,
2299 2403 2354 2448 et
2404 2393 2613 2447 alarum
2651 2409 2874 2450 suarum
2918 2397 3108 2451 umbra
3170 2397 3605 2465 propitiatorium

2031 2482 2308 2548 obvelant,
2337 2486 2637 2541 materialis
2675 2487 2864 2557 utique
2887 2497 3015 2544 sunt
3039 2487 3360 2543 substantiae
3400 2497 3455 2542 et
3481 2501 3608 2542 cor-

2032 2575 2200 2645 poris.
2263 2576 2518 2648 Namque
2572 2595 2709 2636 auro
2754 2582 3046 2649 purissimo
3089 2588 3362 2645 constant,
3412 2579 3608 2634 malleo

2033 2674 2301 2738 toruoque
2327 2680 2384 2724 et
2423 2671 2680 2726 humanis
2724 2673 2998 2736 manibus,
3051 2688 3286 2740 superna
3334 2673 3604 2742 sapientia

2034 2767 2198 2826 atque
2223 2769 2340 2814 arte
2369 2759 2684 2828 adiuvante,
2722 2763 2928 2831 optime
2970 2763 3256 2828 elaborati,
3289 2765 3524 2841 egregiis
3552 2775 3608 2818 et

2033 2849 2172 2905 bene
2207 2850 2448 2906 deductis
2477 2852 2696 2910 laminis
2727 2854 2999 2911 fabricati.
3042 2855 3171 2911 Ideo
3192 2856 3608 2926 variisquoque

2037 2937 2224 2994 formis
2257 2941 2467 3010 praediti
2501 2945 2825 2998 creduntur.

335 3041 499 3110 μένα,
533 3040 591 3105 ἐξ
625 3038 840 3108 εὐφυῶν
874 3055 933 3090 τε
986 3041 1080 3090 καὶ
1143 3035 1414 3107 εὐτέχνων
1443 3035 1785 3108 διησκημένα
1816 3033 1924 3088 τῶν
1989 3033 2313 3104 ὲλασμάτων
2336 3053 2350 3069 ’
2388 3036 2468 3091 διὸ
2511 3038 2722 3092 πλείοσι
2791 3037 3078 3110 διαφοραῖς
3120 3039 3453 3110 τετυχήκασι
3498 3039 3610 3094 τῶν

332 3134 709 3204 δοξασμάτων.

409 3227 712 3300 Προσθείης
749 3227 792 3280 δ’
851 3225 919 3280 ἂν
962 3227 1227 3282 λιπαίνων
1277 3226 1371 3280 τὸν
1430 3225 1590 3292 λόγον
1639 3226 1925 3298 εὐμούσως

2101 3225 2280 3282 Addes
2321 3227 2520 3290 etiam,
2571 3235 2628 3280 ut
2675 3227 2983 3284 orationem
3024 3228 3314 3298 eleganter
3365 3225 3606 3288 farcias.

329 3320 500 3390 εγαν,
529 3321 612 3374 δτι
639 3323 836 3375 ἐκεῖνοι
889 3319 990 3390 μὲν
1011 3361 1025 3386 ,
1051 3314 1134 3382 οἷς
1167 3319 1370 3389 κυρίως
1401 3315 1642 3388 τοῦνομα
1672 3318 1931 3389 πρόσκει-

331 3429 452 3477 ται,
483 3411 666 3465 οὐσίαι
695 3411 804 3464 είσὶ
831 3410 1018 3484 νοεραί
1042 3426 1102 3464 τε
1129 3411 1224 3464 καὶ
1251 3409 1464 3480 νοηταὶ,
1491 3410 1555 3463 ὲκ
1574 3410 1672 3480 τῆς
1699 3409 1932 3481 ὑπερου-

335 3503 457 3556 σίου
507 3503 600 3556 καὶ
637 3503 745 3556 τῶν
791 3503 929 3557 δλων
975 3501 1326 3573 παρακτικῆς
1385 3501 1566 3565 αἰτίας
1608 3497 1780 3555 ἀΐδιον
1834 3501 1930 3556 καὶ

333 3592 532 3664 νοερὰν
565 3593 666 3662 τὴν
701 3593 850 3664 ζωὴν
894 3591 1246 3663 κεκτημένοι,
1291 3589 1566 3655 οὖσιωδῶς
1607 3589 1816 3661 ταύτης
1870 3593 1930 3648 ὲν

329 3683 414 3756 τῷ
441 3687 586 3738 νοεῖν
619 3683 1042 3756 μεταλαχόντες,
1067 3684 1162 3738 καὶ
1185 3683 1447 3755 δυνάμεις
1463 3683 1648 3756 νοεραὶ
1675 3685 1766 3738 καὶ
1785 3684 1928 3756 ἐνέρ-

333 3793 485 3846 γειαι
516 3777 894 3843 ὲνυπὸστατοι,
925 3775 1020 3830 καὶ
1047 3775 1168 3840 νόες
1199 3777 1338 3832 εἰσὶν
1365 3777 1748 3849 ὓπερκὸσμιοι,
1767 3775 1928 3848 ἁῦλίᾳ

333 3871 432 3924 καὶ
465 3869 706 3942 ἀπαθείᾳ
739 3869 832 3922 καὶ
869 3869 1258 3940 ἀσωματότητι
1283 3869 1588 3940 νοούμενοι,
1617 3869 1714 3923 καὶ
1739 3868 1925 3922 νοοῦν-

249 3975 258 3982 ·
331 3979 426 4026 τες
456 3961 848 4034 ὑπερκοσμίως
873 3962 1051 4017 πάντα
1079 3961 1266 4026 ἁπλῶς
1289 3962 1386 4018 καλ⁵
1417 3963 1662 4026 ἐνοειδῶς
1685 3961 1753 4016 τὰ
1775 3961 1926 4034 παρὰ

332 4054 471 4109 Θεοῦ
505 4054 926 4126 ὲλλαμπὸμενα,
957 4053 1093 4126 ὁμοῦ
1117 4073 1179 4109 τε
1213 4056 1309 4110 καὶ
1341 4055 1482 4109 κατὰ
1506 4054 1708 4126 ἀθρόαν
1737 4053 1924 4107 ἐπιϐο-

332 4147 435 4218 λήν
460 4163 474 4179 ο
509 4145 648 4200 ἀλλὰ
681 4147 777 4200 καὶ
807 4145 1231 4218 πολυομμάτους
1263 4146 1464 4210 αὐτοὺς
1503 4141 1643 4200 εἷναι
1681 4143 1922 4216 παραδέ-

329 4239 504 4305 δοται,
539 4237 615 4308 τῷ
661 4237 798 4308 πρὸς
833 4236 969 4291 Θεὸν
1017 4237 1341 4308 ἐστράφθαι,
1388 4236 1484 4290 καὶ
1528 4234 1597 4288 τὰ
1640 4235 1924 4306 προσεχῶς

331 4331 522 4392 αὐτοῖς
549 4329 763 4382 ἐκεῖθεν
793 4319 1250 4399 ἐκκαλυπτόμενα
1275 4327 1498 4398 ἀμέσως
1531 4325 1916 4381 κατοπτεύειν·

329 4421 498 4476 ἁπλοῖ
540 4420 598 4474 δὲ
641 4420 796 4484 ὄντες
830 4421 926 4474 καὶ
965 4421 1222 4486 ἀνείδεοι,
1263 4420 1474 4492 μορφῆς
1506 4419 1602 4474 καὶ
1647 4418 1922 4488 σχήματός

331 4515 471 4568 εἰσιν
505 4512 840 4584 ὑπερέκεινα
873 4513 970 4567 καὶ
997 4513 1322 4582 ἀμέθεκτοι·
1353 4507 1443 4566 οἵα
1463 4513 1518 4566 δὲ
1555 4510 1619 4584 δὴ
1645 4511 1800 4566 ᾶῦλοι
1826 4511 1919 4566 καὶ

2032 3315 2370 3372 Cherubiuos
2403 3317 2544 3384 illos,
2577 3317 2777 3387 quibus
2815 3319 3038 3390 praprie
3065 3320 3166 3374 hoc
3201 3332 3396 3374 nomen
3432 3319 3608 3374 iubae-

2033 3416 2136 3473 ret,
2173 3406 2511 3462 substantias
2545 3421 2670 3463 esse
2703 3407 3098 3464 intellectuales
3123 3412 3180 3463 et
3209 3408 3597 3480 iutelligibiles,

2029 3514 2150 3570 quae
2189 3514 2255 3554 ex
2293 3514 2549 3570 suprema
2582 3508 2635 3554 et
2667 3499 2908 3554 omnium
2945 3499 3185 3554 auctrice
3237 3515 3422 3566 causa,
3459 3513 3606 3554 sem-

2031 3591 2296 3662 piternam
2323 3601 2376 3646 et
2405 3590 2825 3646 intellectualem
2864 3591 3026 3645 vitam
3065 3591 3286 3656 habent,
3339 3591 3603 3646 substan-

2031 3682 2232 3737 tialitcr
2299 3682 2439 3737 banc
2503 3682 2618 3751 ipso
2669 3681 3004 3752 intelligendi
3057 3692 3181 3736 actu
3229 3681 3602 3753 accipientes,

2031 3775 2265 3828 virtutes
2301 3774 2718 3840 iutellcctuales,
2767 3774 2911 3830 vires
2945 3775 3416 3848 eohypostaticas,
3448 3791 3604 3832 men-

2029 3874 2109 3920 tes
2132 3867 2624 3934 supramundanas,
2643 3881 2764 3935 qua:
2780 3867 3192 3932 immateriales,
3240 3867 3604 3938 intpassibiles

2025 3966 2080 4010 et
2125 3957 2464 4026 incorporea:
2511 3972 2632 4013 esse
2686 3957 3102 4026 intelliguntur,
3177 3973 3404 4030 quaeque
3463 3960 3602 4016 ultra

2025 4049 2330 4103 mundauos
2357 4049 2492 4104 ﬂues
2523 4049 2827 4121 intelligunt
2847 4050 3030 4105 omnia
3068 4051 3392 4120 simpliciter
3413 4059 3471 4108 et
3495 4055 3600 4108 sub

2026 4158 2130 4194 una
2163 4143 2340 4210 specie
2391 4153 2610 4206 cuncta.
2653 4159 2770 4213 quze
2799 4160 2864 4199 ex
2911 4145 3018 4201 Deo
3065 4144 3358 4214 effulgent,
3404 4147 3598 4200 eodem

2029 4243 2268 4300 tempore
2297 4248 2513 4302 unoque
2543 4235 2740 4289 mentis
2773 4235 2992 4290 iutuittt.
3031 4234 3136 4291 Sed
3161 4247 3212 4292 et
3249 4237 3434 4292 multis
3468 4251 3601 4290 ocu-

2023 4326 2090 4380 lis
2128 4327 2378 4381 instructi
2414 4328 2721 4392 traduntur,
2752 4327 2878 4396 quia
2908 4341 3099 4397 nempe
3128 4329 3194 4382 ad
3231 4327 3395 4382 Deum
3423 4329 3600 4398 respi-

2025 4419 2196 4480 ciunt,
2243 4426 2295 4472 et
2337 4432 2456 4486 quae
2505 4417 2638 4486 ipsis
2689 4417 3034 4472 continenter
3085 4417 3211 4472 inde
3263 4417 3594 4486 revelantur,

2024 4505 2334 4560 immediate
2392 4505 2848 4576 contetnplautur.
2907 4504 3044 4560 Cum
3094 4515 3276 4562 autem
3323 4508 3597 4576 simplices

333 4573 633 4674 erumpant.
659 4603 964 4672 νοούμενοι,
999 4573 1060 4656 τδ
1108 4601 1431 4658 ἀδιάστατον
1475 4573 1660 4672 ἔχουσι
1686 4601 1784 4656 καὶ
1821 4603 1916 4656 ἁνο

2030 4598 2138 4652 sint
2173 4606 2224 4652 et
2262 4599 2469 4666 absque
2525 4573 2740 4667 specie,
2804 4599 3027 4655 cuilibet
3067 4599 3260 4656 format
3308 4616 3374 4656 ac
3409 4573 3592 4672 ligata:

330 4697 489 4766 αφὲς,
529 4695 734 4750 ἀποσόν
757 4713 816 4750 τε
841 4696 937 4749 καὶ
973 4695 1246 4764 ἀμέγεθες
1271 4695 1364 4748 καὶ
1390 4695 1676 4766 άπήλικον,
1704 4694 1798 4749 καὶ
1827 4695 1916 4749 διὰ

327 4787 502 4840 ταῦτα
533 4787 743 4858 φθορᾶς
789 4789 929 4841 εἰσιν
954 4787 1386 4858 ἀπηλλαγμένοι,
1417 4785 1513 4840 καὶ
1553 4785 1647 4838 τοῦ
1691 4783 1918 4854 ἠλλοιῶ-

329 4881 455 4934 σθαι
485 4881 628 4934 κατά
653 4897 706 4933 τι
729 4879 860 4948 γοῦν
877 4879 1110 4949 πάμπαν
1139 4878 1536 4950 καθαρεύοντες
1556 4893 1570 4906 ·
1602 4879 1669 4931 τὰ
1693 4877 1749 4931 δὲ
1771 4878 1914 4932 κατά

327 4974 427 5042 τὴν
481 4970 687 5044 σκηνὴν
731 4971 1107 5043 καθιστάμενα
1161 4970 1569 5042 χρυσότευκτα,
1617 4966 1742 5022 οὔτε
1791 4968 1913 5034 νόες

329 5065 489 5128 εἰσιν,
523 5063 649 5118 οὔτε
676 5065 859 5136 νοερὰ,
887 5063 1013 5118 οὔτε
1037 5062 1270 5126 νοοῦσιν,
1309 5063 1410 5116 οὐκ
1440 5061 1746 5132 αἰσθήσεως
1787 5078 1919 5132 μετ-

329 5159 569 5229 έχουσιν,
597 5155 720 5210 οὔτε
766 5155 919 5210 οὐδὲν
947 5155 1154 5211 τούτων
1187 5155 1326 5208 εἰσί·
1367 5153 1514 5224 ζωῆς
1543 5154 1736 5223 δὲπῆς
1767 5153 1916 5208 ὀπω-

327 5247 460 5304 σοῦν
475 5247 754 5319 δυνάμεώς
774 5265 834 5301 τε
864 5248 958 5302 καὶ
984 5247 1266 5316 ἐνεργείας
1296 5247 1658 5317 ἡμοιρήκασι,
1688 5243 1916 5316 σώματα

323 5341 386 5397 δέ
439 5343 545 5395 εἰσι
596 5343 692 5396 καὶ
739 5341 923 5408 ἔνυλα,
977 5343 1028 5394 εί
1085 5341 1179 5396 καὶ
1233 5339 1334 5411 τῆς
1379 5338 1772 5408 καθαρωτάτης
1821 5339 1914 5392 καὶ

323 5433 585 5503 διαυγοῦς
613 5433 746 5504 ὕλης
771 5433 1031 5504 τυγχάνει
1055 5433 1115 5487 τὸ
1151 5431 1394 5503 ξ¹ι¹λασμα⁹
1425 5427 1652 5501 σώματα
1690 5429 1749 5482 δὲ
1781 5428 1912 5482 ὄντα

325 5527 390 5594 ἑξ
420 5525 556 5598 ῦλης
598 5528 694 5580 καὶ
725 5525 901 5590 εἴδους
936 5524 1307 5596 πεποιημένα,
1335 5521 1560 5585 εἰκότως
1583 5521 1676 5575 καὶ
1707 5520 1911 5592 μεμόρ-

424 5686 490 5720 τ⁹”
529 5682 670 5738 Psal.
697 5699 814 5748 Clll,
851 5683 910 5738 οὗ.

2021 4691 2332 4761 superiores
2359 4701 2487 4746 sunt
2511 4690 2736 4761 ejusque
2767 4692 3080 4762 incapaces.
3107 4693 3384 4760 Quatenus
3413 4703 3592 4750 autem

2021 4783 2413 4839 immateriales
2467 4785 2879 4855 iucorporeique
2941 4785 3335 4857 intelliguntur,
3386 4788 3596 4844 dimen-

2022 4876 2175 4930 sione
2221 4885 2411 4932 carent
2454 4884 2509 4932 et
2548 4885 2672 4932 sunt
2719 4877 3122 4946 impalpabiles,
3193 4880 3588 4950 quantitatem,

2023 4968 2477 5037 magnitudinem,
2507 4967 2828 5036 qualitatem
2859 4967 3060 5023 nullam
3104 4969 3328 5037 habent,
3367 4973 3592 5042 ideoque

2018 5059 2484 5129 corruptibilitatis
2549 5068 2848 5130 expertes,
2905 5069 2963 5116 et
3016 5061 3163 5116 omni
3232 5065 3594 5119 mutabilitate

2015 5151 2307 5206 immunes.
2341 5151 2411 5204 At
2441 5149 2515 5204 illi
2547 5151 2637 5220 qui
2670 5152 2950 5207 constituti
2999 5162 3128 5208 sunt
3153 5157 3206 5208 iu
3239 5153 3592 5210 tabernaculo

2024 5242 2318 5299 Cherubini
2350 5257 2484 5297 auro
2517 5243 2800 5308 elaborati,
2849 5259 3026 5316 neque
3069 5253 3278 5300 mentes
3313 5256 3457 5304 sunt.
3499 5259 3594 5300 ne-

2021 5351 2127 5408 que
2161 5334 2574 5402 iutellcctuales,
2625 5350 2801 5408 neque
2837 5337 3107 5408 cogitant,
3149 5353 3325 5407 neque
3363 5351 3587 5392 sensum

2022 5428 2332 5494 habebant,
2388 5427 2632 5498 nihilque
2691 5428 2886 5485 borum
2935 5440 3084 5484 sunt.
3127 5429 3256 5485 Item
3295 5427 3402 5484 vita
3443 5439 3498 5486 et
3539 5432 3590 5485 vi

2019 5517 2212 5588 quavis
2259 5526 2424 5590 atque
2467 5518 2710 5576 efﬁcacia
2768 5531 3000 5588 carent;
3047 5521 3141 5577 sed
3191 5534 3418 5592 corpora
3467 5531 3594 5576 sunt
