4024 6214
328 264 432 332 841

1060 259 1628 321 APOLOGETICUS
1660 257 1912 321 MINOR
1949 255 2099 316 pan
2137 252 2405 315 SACRIS
2439 224 2921 313 IMAGINIBUS.

3483 244 3591 308 842

332 375 543 446 συνόδῳ
573 371 1046 442 ἀναθεματισμοῖς
1085 370 1313 432 ἑαυτοὺς
1351 367 1859 428 καθυποϐἀλλοντες
1890 382 1904 397 ο

2035 372 2228 419 terunt.
2261 362 2357 416 Est
2382 370 2562 416 autem
2583 357 2915 415 deﬁnitionis
2932 364 3090 413 tenor
3115 355 3221 410 hic.
3250 372 3269 406 ι
3292 352 3590 413 Credentes

331 468 451 540 ἔχει
483 466 543 521 δέ
590 465 659 519 τά
696 461 990 519 ἐκτεθέντα
1026 459 1221 522 οὕτως’
1256 478 1276 511 ε
1314 458 1674 522 Πιστεύοντες
1702 459 1783 521 εἰς
1811 456 1910 511 ἕνα

331 560 471 615 Θεὸν
507 540 604 610 τὸν
632 557 692 608 ἐν
716 552 906 623 Τριάδι
952 550 1322 621 ὑμνούμενον,
1354 550 1456 613 τὰς
1496 549 1661 617 ἁγίας
1696 547 1913 610 εἰκόνας

331 644 736 718 ἀσπαζόμεθαο
769 643 867 697 καὶ
898 644 947 696 οἱ
1001 641 1077 712 μὴ
1131 639 1308 705 οὕτως
1362 641 1603 710 ἔχοντες,
1658 637 1914 704 ἀνάθεμα

333 739 579 811 εστωσαν
603 753 617 767 ο
648 734 746 790 καὶ
773 734 824 786 οἱ
878 729 954 802 μὴ
981 731 1154 793 οὕτως
1199 729 1548 801 φρονοῦντες.
1592 730 1784 800 πόρρω
1811 726 1914 794 τῆς

348 824 680 895 Ἑκκλησίας
710 820 1184 892 ἐκδιωχθήτωσανο
1209 820 1369 889 ἡμεῖς
1393 821 1461 891 τῇ
1488 817 1696 890 ἀρχαίᾳ
1717 817 1918 886 θεσμο-

334 916 496 989 θεσίᾳ
510 911 1008 982 ἐπακολουθοῦμεψ
1033 911 1196 981 ἡμεῖς
1210 911 1337 975 τοὺς
1355 909 1594 981 θεσμοὺς
1612 909 1722 962 τῶν
1738 906 1914 961 Πατέ-

340 1024 452 1080 ρων
486 1000 898 1074 φυλαττόμεθα*
917 1002 1079 1072 ἡμεῖς
1104 1001 1232 1063 τοὺς
1252 1000 1665 1071 παρατιθέντας
1692 998 1726 1070 ἢ
1753 999 1920 1066 ἀφαι-

340 1095 594 1168 ροῦντας,
629 1093 694 1145 ἐκ
718 1092 817 1160 τῆς
844 1089 1140 1159 καθολικῆς
1170 1089 1502 1161 Ἐκκλησίας
1523 1087 1921 1159 ἀναθεματίζο-

340 1204 464 1259 μεν·
488 1184 650 1255 ἡμεῖς
670 1183 794 1243 τοὺς
822 1180 899 1252 μὴ
918 1180 1093 1239 οὕτως
1131 1179 1353 1253 ἐχοντας
1372 1179 1452 1253 τῷ
1479 1180 1782 1250 ἀναθέματι
1821 1194 1922 1239 κα·

339 1273 780 1342 θυποϐάλλομενο
796 1273 908 1334 τοῖς
927 1270 1330 1341 ἐκλαμϐάνουσι
1351 1271 1451 1333 τὰς
1472 1287 1546 1324 πα
1553 1270 1624 1340 ρά
1640 1269 1741 1333 τὰς
1762 1267 1913 1332 θείας

338 1368 566 1441 Γραφὰς
592 1367 780 1437 ῥήσεις
800 1362 899 1427 τὰς
924 1363 1065 1417 κατά
1085 1362 1195 1417 τῶν
1215 1362 1449 1417 εἰδώλων
1474 1363 1555 1426 εἰς
1579 1362 1681 1424 τὰς
1714 1360 1922 1424 σεπτὰς

339 1461 579 1521 εἰκόνας,
606 1455 883 1525 ἀνάθεμα·
909 1456 1023 1518 τοῖς
1048 1452 1387 1508 ἀποκαλοῦσι
1407 1452 1507 1517 τὰς
1532 1452 1686 1525 ἰεράς
1706 1452 1922 1514 εἰκόνας

341 1548 561 1611 εἴδωλα,
581 1545 854 1616 ἀνάθεμα,
871 1544 1123 1616 ἀνάθεμα
1139 1544 1237 1617 (ο).
1250 1563 1270 1597 ι
1295 1542 1482 1599 Ταῦτα
1501 1545 1552 1598 οἰ
1576 1542 1782 1616 ἀρτίως
1798 1544 1925 1596 ἐαυ-

339 1642 471 1705 τοὺς
504 1639 608 1711 τῆς
639 1637 967 1710 Ἐκκλησίας
1008 1638 1411 1708 ἀποσχίσαντες
1449 1634 1923 1707 καθωμολόγησαν

2019 468 2182 509 unum
2214 450 2378 520 27o
2412 449 2581 504 Deum
2606 449 2659 503 in
2682 446 2951 502 Trinitate
2981 445 3339 513 celebratum,
3369 456 3589 501 sanctas

2015 544 2279 614 imagines
2334 536 2711 603 admittimus;
2763 548 2821 594 et
2869 538 2959 609 qui
3021 538 3182 593 aliter
3237 552 3300 592 se
3352 538 3589 608 habent,

2014 637 2306 693 anathema
2322 635 2463 700 sint;
2486 643 2545 689 et
2564 635 2655 703 qui
2676 634 2836 689 aliter
2856 633 3120 701 sentiunt,
3139 633 3325 702 procul
3347 632 3595 689 Ecclesia

2015 736 2446 800 proterreantur.
2460 726 2573 782 Nos
2590 726 2805 795 quidem
2823 734 3035 780 veteres
3053 724 3266 794 regulas
3284 726 3597 793 sequimur;

2018 832 2116 874 nos
2149 816 2372 872 Patrum
2403 816 2621 872 decreta
2651 816 3022 879 custodimus;
3050 830 3170 879 nos,
3206 826 3301 871 eos
3327 814 3418 884 qui
3449 813 3602 881 quid-

2017 925 2181 982 quam
2210 908 2520 965 addiderint
2540 917 2635 962 aut
2658 907 3010 970 abstulerint,
3040 908 3108 963 de
3127 907 3396 964 catholica
3421 907 3601 964 Eccle-

2018 1001 2098 1057 sia
2128 1000 2705 1064 excommunicamus;
2755 1013 2878 1065 nos,
2927 999 3019 1068 qui
3061 997 3170 1052 alio
3205 998 3391 1053 animo
3433 1011 3601 1065 sunt,

2019 1090 2350 1147 anathemati
2387 1088 2727 1160 subiicimus.
2782 1088 3247 1146 Anatbema‘illis
3298 1091 3390 1161 qui
3444 1091 3603 1146 locu-

2020 1183 2200 1239 tiones
2230 1182 2286 1237 in
2314 1182 2515 1249 divinis
2541 1181 2845 1252 Scripturis
2879 1191 3067 1238 contra
3100 1183 3243 1241 idola
3277 1184 3487 1248 dictas,
3534 1184 3605 1240 de

2019 1272 2228 1329 sanctis
2273 1271 2603 1345 imaginibus
2634 1273 2823 1330 volunt
2869 1274 3191 1344 intelligere.
3230 1272 3342 1331 lllis
3375 1276 3467 1344 qui
3513 1289 3605 1330 sa-

2021 1376 2147 1418 cras
2196 1362 2468 1433 imagines
2523 1362 2666 1419 idola
2721 1363 3036 1435 appellant,
3089 1364 3420 1430 anathema,
3473 1381 3608 1419 ana-

2024 1458 2227 1514 thema.
2268 1475 2289 1510 ι
2325 1455 2469 1524 Has,
2504 1457 2763 1528 inquam,
2802 1456 3065 1512 formulas
3095 1440 3191 1521 hi',
3222 1458 3312 1527 qui
3345 1460 3609 1513 adversus

2023 1547 2324 1603 Ecclesium
2353 1562 2527 1616 nuper
2553 1547 2790 1604 schisma
2816 1547 3084 1613 iecerunt,
3130 1548 3360 1617 professi
3392 1549 3609 1602 fuerant

2023 1654 2122 1712 per
2146 1654 2275 1695 suas
2299 1638 2750 1709 subscriptiones.
2785 1638 2939 1705 Quod
2968 1640 3012 1695 si
3039 1655 3184 1694 nunc
3212 1639 3607 1695 confessionem

341 1732 435 1787 διὰ
449 1731 561 1786 τῶν
579 1730 798 1785 οἰκείων
819 1728 1183 1799 ύπογραφῶντ
1200 1729 1296 1782 καὶ⁹
1310 1731 1359 1783 εἰ
1375 1727 1667 1801 ἀρνοῦνται
1685 1726 1785 1796 τὴν
1804 1728 1930 1797 ὁμο-

2035 1744 2180 1787 suam
2211 1738 2455 1802 negant,
2486 1730 2522 1785 ii
2547 1731 2784 1799 scriptas
2808 1745 2972 1788 manu
3007 1731 3227 1802 propria
3261 1744 3455 1786 cruces
3486 1747 3611 1785 con-

341 1824 535 1893 λογίαν
553 1823 756 1885 αὐτῶν,
787 1821 917 1885 τοὺς
945 1821 1261 1892 ἰδιοχείρους
1295 1820 1476 1885 αὐτῶν
1499 1820 1779 1891 σταυροὺς,
1814 1835 1923 1872 πα-

342 1916 521 1982 τοῦσι,
539 1916 765 1977 καὶτοῖς
786 1912 1169 1984 προκειμένοις
1189 1911 1527 1982 ἀναθέμασιν
1543 1911 1771 1978 ἑαυτοὺς
1794 1910 1926 1966 καθν

344 2007 738 2075 υποϐἀλλουσι,
756 2002 1115 2073 καίούδαμῶς
1139 2003 1199 2056 ἐν
1225 2006 1296 2085 τῇ
1321 2001 1620 2075 Ἐκκλησία
1645 2001 1892 2056 ἵστανται
1909 2016 1922 2031 ο

346 2100 471 2164 ἐπεὶ
509 2099 569 2163 δέ
621 2096 720 2152 καὶ
756 2095 818 2149 τὸ
873 2094 1054 2165 δόγμα
1096 2094 1199 2164 τῆς
1249 2094 1491 2158 πίστεως
1535 2096 1595 2149 ἐν
1631 2086 1677 2162 ᾧ
1714 2094 1924 2163 ἐχειροο

345 2191 657 2263 τονήθησαν
672 2189 1002 2260 ἠρνήσαντο,
1023 2185 1239 2259 ἀνάγκη
1271 2186 1470 2251 αὐτοὺς
1499 2186 1598 2239 καὶ
1621 2189 1725 2255 τὴν
1747 2200 1929 2256 χειροθ-

346 2283 530 2345 αονίαν
568 2276 943 2351 ἀρνήσασθαι,
997 2277 1094 2330 καὶ
1153 2272 1295 2341 εἶναι
1339 2275 1795 2354 καθῃρημένους,
1851 2274 1928 2337 ὡς

346 2369 987 2445 ἐτεροδιδασκαλοῦντας·
1010 2369 1108 2422 καὶ
1128 2368 1219 2423 διά
1242 2367 1405 2423 τοῦτο
1420 2369 1482 2422 ού
1495 2368 1602 2439 χρὴ
1619 2367 1823 2431 αὐτοὺς
1849 2368 1929 2431 εἰς

346 2466 618 2531 διαλέξεις
653 2463 689 2534 ἢ
747 2463 829 2525 εἰς
873 2460 1183 2529 ἀντιλογίας
1239 2461 1381 2531 πρὸς.
1429 2459 1708 2531 ἱερατικὸν
1758 2459 1931 2531 ἀνδρα

352 2555 609 2629 ἔρχεσθαι
637 2553 810 2624 (ρ)’ἢ
861 2553 970 2624 γὰρ
1016 2551 1265 2622 συζητῶν
1302 2554 1420 2622 μετ’
1458 2551 1638 2605 αὐτῶν
1676 2550 1808 2623 περὶ
1839 2551 1931 2604 δο-

351 2649 580 2721 γμάτων
601 2644 1096 2716 ἐκκλησιαστικῶν,
1128 2646 1243 2708 τοῖς
1267 2645 1451 2706 αὐτοῖς
1480 2643 1783 2713 ἀναθάμασι
1803 2642 1934 2704 uo-

352 2742 445 2795 τὸν
500 2738 844 2812 περιϐάλλει.
891 2736 1058 2804 Αὔξει
1112 2737 1171 2791 δὲ
1206 2737 1387 2793 αὐτῶν
1426 2737 1493 2798 τὸ
1528 2736 1806 2807 ἔγκλημα,
1836 2738 1935 2790 καὶ

358 2832 567 2905 μείζων
596 2834 629 2904 ὴ
660 2833 988 2903 κατάκρισις
1008 2831 1242 2900 γίνεται,
1266 2832 1350 2887 ὅτι
1378 2832 1438 2884 ού
1461 2830 1659 2883 νεωστί
1680 2829 1933 2895 ἐπιγνόν-

353 2942 448 2989 τες
473 2925 544 2979 τὰ
562 2923 729 2993 ζητού
738 2940 897 2990 μενα,
927 2922 1042 2976 ἀλλ’
1063 2924 1127 2975 ἐκ
1148 2921 1391 2984 πλείονος
1410 2920 1605 2992 χρόνου
1622 2921 1856 2991 πρᾶγμα
1877 2920 1935 2971 ὲν

354 3021 423 3089 τῇ
459 3014 764 3086 Ἐκκλησία
791 3014 1177 3085 κεκυρωμένον
1216 3012 1420 3075 ἰδόντες
1448 3013 1543 3065 καὶ
1572 3011 1934 3089 ὑπογράψανη
1960 3070 1967 3073 1

2024 1821 2268 1886 culcant,
2316 1836 2485 1892 seque
2539 1821 2870 1892 supradictis
2920 1822 3360 1887 anathematibus
3409 1838 3611 1893 suppo-

2025 1923 2182 1978 nunt,
2214 1920 2380 1987 atque
2399 1911 2624 1971 omnino
2647 1912 2699 1966 in
2724 1911 2969 1973 Ecclesia
2999 1929 3103 1969 non
3137 1922 3284 1968 sunt.
3311 1912 3448 1983 Quia
3479 1927 3612 1972 vero

2025 2011 2082 2057 et
2113 2001 2243 2058 ﬁdei
2295 2003 2493 2073 dogma
2542 2003 2597 2060 in
2633 2017 2741 2072 quo
2790 2004 3026 2061 ordinati
3074 2002 3264 2068 fuere,
3299 2012 3609 2075 negarunt,

2025 2094 2277 2164 sequitur
2300 2101 2360 2159 ut
2391 2108 2543 2150 suam
2571 2107 2789 2170 quoque
2819 2094 3220 2150 ordinationem
3253 2094 3611 2164 negaverint,

2026 2186 2247 2256 sintque
2305 2184 2564 2255 depositi,
2608 2199 2705 2240 ceu
2761 2185 2953 2244 aliena:
2995 2186 3261 2240 doctrina;
3314 2182 3612 2255 magistri;

2029 2276 2258 2347 ideoque
2292 2290 2398 2334 non
2429 2274 2559 2331 licet
2585 2289 2678 2332 eos
2698 2275 2766 2333 ad
2788 2274 3119 2347 colloquium
3155 2275 3241 2331 vel
3265 2275 3615 2345 disceptatio-

2030 2381 2156 2423 nem
2186 2380 2306 2423 cum
2328 2367 2447 2423 viro
2470 2366 2711 2438 quolibet
2737 2368 3061 2424 sacerdomli
3085 2366 3377 2423 admittere
3402 2386 3419 2421 :
3456 2379 3618 2421 secus

2029 2460 2205 2523 enim,
2233 2458 2323 2529 qui
2357 2470 2476 2513 cum
2511 2458 2596 2514 his
2626 2459 2692 2515 de
2715 2460 3103 2516 ecclesiasticis
3133 2459 3477 2531 dogmatibus
3503 2459 3617 2516 diss-

2032 2552 2324 2620 putaverit,
2358 2551 2550 2606 iisdem
2580 2564 2642 2605 se
2670 2552 3113 2608 anathematibus
3151 2552 3413 2622 implicat.
3443 2549 3614 2615 Porro

2034 2647 2239 2703 crimen
2268 2646 2484 2701 illorum
2514 2646 2772 2719 augebit,
2804 2647 3129 2716 graviorque
3168 2647 3451 2701 damnatio
3490 2645 3612 2708 ﬁet.

2033 2741 2160 2809 quia
2207 2754 2314 2794 non
2365 2754 2538 2808 nuper
2584 2740 2938 2810 quastionem
2988 2738 3132 2793 hanc
3179 2749 3474 2804 noverunt,
3517 2737 3615 2794 sed

2036 2845 2150 2887 rem
2187 2829 2357 2884 tunlto
2389 2838 2517 2885 ante
2557 2840 2798 2901 tempore
2834 2831 2888 2885 in
2917 2829 3157 2887 Ecclesia
3187 2831 3487 2896 deﬁnitam,
3525 2831 3615 2888 cui

2034 2925 2200 2978 etiam
2249 2922 2664 2994 subscripsere,
2700 2932 3125 2999 cognoscentes,
3175 2936 3369 2995 sponte
3419 2926 3620 2981 sceleri

2037 3024 2463 3083 consenserunt;
2483 3024 2536 3070 et
2557 3017 2775 3086 quidem
2802 3017 3180 3086 magistrorum
3203 3017 3365 3091 271
3395 3016 3623 3086 dogma-

354 3072 472 3172 τες,
520 3072 784 3169 ἑκουσίως
834 3072 1066 3169 ἑαυτούς
1111 3107 1179 3177 τῇ
1229 3072 1551 3174 παρανομία
1579 3072 1931 3175 ἐπέρριύλαν¹’

2045 3106 2275 3161 ticorum
2292 3106 2470 3165 locum
2496 3107 2549 3161 in
2575 3096 2816 3163 Ecclesia
2840 3114 3109 3173 tenentes,
3128 3117 3182 3161 ct
3212 3110 3265 3162 in
3288 3072 3390 3162 an
3414 3107 3622 3177 magis-

357 3201 459 3263 καὶ
479 3199 655 3254 ταῦτα.
680 3198 997 3253 διδάσκαλοι
1017 3199 1128 3257 τῶν
1161 3198 1262 3269 τῆς
1293 3197 1624 3266 Ἐκκλησίας
1651 3196 1945 3266 δογμάτων

358 3290 828 3365 χρηματίσαντες,
869 3290 965 3354 καὶ
991 3289 1049 3342 ἐν
1085 3291 1153 3360 τῇ
1177 3286 1405 3360 τοιαύτῃ
1428 3287 1616 3357 διδαχῇ
1652 3285 1944 3355 χρονίσανρ

353 3399 475 3448 ντες’
495 3383 591 3437 καὶ
607 3383 807 3454 ἑτέρως
832 3381 890 3443 δὲ
907 3379 1289 3452 καθῃρημένοι
1309 3378 1640 3449 τυγχάνουσι
1658 3377 1810 3451 παρὰ
1831 3375 1942 3429 τῶν

358 3475 529 3531 θείων
557 3476 819 3536 κανόνων,
853 3474 931 3538 ὡς
969 3471 1451 3544 παρασυναγωγάς
1494 3469 1817 3533 ποιοῦντες,
1848 3466 1943 3522 καὶ

357 3566 465 3631 τὰς
493 3566 778 3638 βασιλικὰς
807 3566 978 3629 ἀκοάς
1022 3564 1359 3641 διοχλούντες
1387 3563 1463 3634 (q)
1485 3578 1501 3595 ·
1537 3561 1722 3616 τέλεον
1753 3560 1812 3615 δὲ
1840 3559 1943 3613 αύ-

359 3660 492 3724 τούς
528 3657 814 3713 ἀποκλείει
853 3657 956 3729 τῆς
1014 3657 1157 3729 πρὸς
1201 3654 1697 3726 ἐκκλησιαστικοὺς
1744 3652 1947 3723 ἄνδρας

356 3752 607 3825 ὁμιλίας,
640 3751 737 3806 καὶ
771 3747 873 3804 τοῦ
922 3746 1202 3820 ἱερατικοῦ
1242 3746 1501 3814 συλλόγου
1543 3744 1816 3810 ἐκϐάλλει,
1852 3743 1946 3798 καί

361 3846 533 3917 ἕτερα
569 3846 672 3914 μιν
702 3859 848 3907 τινα,
889 3839 1185 3909 ἐξαιρέτως
1221 3838 1281 3894 δέ
1309 3839 1380 3892 τά
1411 3839 1471 3892 ἐν
1508 3840 1576 3909 τῇ
1605 3836 1739 3908 ἁγίᾳ
1764 3837 1949 3893 οἰκου-

361 3938 566 4014 μενικῇ
587 3940 641 3999 ς’
658 3933 863 4004 συνόδῳ
882 3931 1205 4000 ἐγκείμενα,
1225 3927 1409 3993 καθὼς
1442 3927 1765 3999 ἐμφαίνεται
1797 3929 1857 3980 ἐν
1876 3931 1943 3998 τῇ

364 4027 619 4096 συνοδικῇ
646 4022 901 4093 ἐπιστολῇ
934 4020 1245 4093 ’Δγάθωνος
1266 4018 1425 4073 πάπα
1449 4019 1548 4090 τῆς
1565 4016 1947 4090 πρεσϐυτέρας

372 4117 599 4189 Ῥώμης
620 4117 711 4186 (r)'
744 4112 858 4185 ἔχει
885 4112 995 4182 γὰρ
1023 4103 1149 4166 ὧδε⁹
1185 4127 1205 4162 ι
1242 4108 1435 4172 Ὅστις
1462 4106 1594 4169 ποτέ
1624 4106 1732 4160 τῶν
1756 4107 1947 4177 ἱερέων

361 4209 435 4263 τά
454 4211 513 4262 ἐν
528 4210 595 4278 τῇ
615 4205 879 4279 ὁμολογία
893 4202 993 4273 τῆς
1009 4203 1288 4275 ἡμετέρας
1311 4199 1665 4270 μετριότητος
1692 4198 1946 4268 περιεχόα

363 4315 510 4372 μενα
562 4297 681 4367 ἀμα
719 4298 856 4367 ἡμῖν
901 4291 1216 4369 εἰλικρινῶς
1249 4289 1556 4361 κηρύσσειν
1582 4287 1942 4359 ἐπιθυμήσει,

362 4390 498 4462 περὶ
524 4390 591 4459 τῇ
618 4385 864 4461 ἡμετέρα
894 4381 1228 4453 ἀποστολικῇ
1259 4381 1465 4446 πίστει,
1500 4380 1577 4442 ὼς
1608 4378 1943 4449 ὁμόφρονας,

355 4440 453 4544 ἐῢς.
475 4440 767 4551 συπῖἱερὶτς.
793 4440 877 4538 iii;
908 4440 1387 4542 συλλειτουργοὺς,
1426 4470 1503 4533 ὼς
1524 4471 1625 4540 τῆς
1656 4468 1830 4539 αὐτῆς
1855 4469 1947 4522 πί-
1978 4440 2025 4498 D

362 4587 561 4635 στεως,
612 4568 709 4625 καὶ
752 4567 842 4623 ἵνα
873 4564 1062 4628 ἁπλῶς
1116 4563 1385 4632 εῐπωμεν,
1431 4560 1507 4622 ὼς
1539 4559 1948 4629 πνευματικοὺς

364 4662 630 4732 ἀδελφοὺς
660 4658 756 4713 καὶ
804 4653 1243 4716 συνεπισκόπους
1274 4650 1437 4723 ἡμῶν
1476 4648 1748 4720 δεχόμεθα
1770 4665 1784 4680 ·
1819 4647 1949 4710 τοὺς

363 4756 424 4815 δὲ
445 4753 622 4809 ταῦτα
651 4750 1039 4822 συνομολογεῖν
1066 4746 1142 4817 μὴ
1160 4744 1445 4809 θέλοντας,
1489 4744 1565 4806 ὡς
1593 4740 1825 4819 ἐχθροὺς
1847 4739 1947 4815 τῆς

365 4847 664 4916 καθολικῆς
689 4845 785 4898 κα)⁸
815 4841 1188 4910 ἀποπολικῆς
1222 4837 1540 4909 ὁμολογίας,
1560 4835 1780 4906 ἐνόχους
1807 4828 1948 4888 εἶναι

366 4939 628 5012 κρίνομεν
663 4937 764 5006 τῆς
817 4932 1045 4998 αἰωνίας
1098 4929 1514 5002 κατακρίσεως·
1548 4926 1675 4982 οὔτε
1720 4926 1777 4979 δὲ
1821 4926 1951 4987 τοὺς

363 5027 643 5090 τοιούτους
678 5027 811 5080 ποτὲ
843 5026 904 5085 ἐν
955 5024 1034 5095 τῷ
1100 5021 1344 5093 συλλόγῳ
1371 5022 1471 5091 τῆς
1516 5017 1797 5090 ἡμετέρας
1850 5035 1947 5088 με-

364 5123 672 5195 τριότητος,
700 5122 750 5174 εἰ
790 5118 866 5191 μὴ
890 5117 1306 5189 διορθωθέντας,
1337 5113 1727 5182 ἀναδεξόμεθα·

367 5215 640 5285 ελάϐομεν
662 5214 826 5284 ’παρὰ
854 5211 965 5266 τῶν
988 5210 1469 5283 προηγησαμένων
1508 5208 1678 5279 ἡμᾶς.
1711 5226 1733 5261 ι

444 5328 523 5397 (ο)
556 5325 744 5383 Exstat
771 5328 886 5383 haec
916 5327 1145 5382 formula
1185 5326 1374 5397 iisdem
1411 5324 1729 5395 plerumque
1774 5324 1957 5380 verbis

368 5401 427 5455 in
444 5395 650 5468 Sy’ttotlo
683 5397 801 5452 Nic.
821 5399 908 5453 ed.
939 5397 1079 5468 Ital)t
1108 5414 1165 5468 ι)1
1192 5395 1317 5451 575.

447 5461 639 5539 (inulta
666 5478 720 5520 et
759 5484 883 5522 mox
905 5482 1026 5536 cap.
1056 5461 1348 5539 9.'Reap_se
1374 5464 1647 5539 recusavit
1682 5461 1959 5539 Nicepho-

370 5531 479 5594 rus'
500 5531 778 5605 disputare
802 5553 924 5591 cum
953 5531 1345 5590 Iconomachis.
1369 5533 1565 5605 (lgn_at.
1583 5533 1723 5587 diae.
1750 5531 1954 5587 in’Vitu

371 5609 489 5675 ejus
530 5602 651 5673 cap.
677 5604 730 5668 6.
762 5605 861 5672 li;
895 5617 949 5660 et
978 5608 1032 5666 9.
1058 5606 1161 5671 54;
1194 5606 1283 5669 lo,
1318 5602 1437 5673 61ιῖ
1477 5602 1554 5659 De
1607 5605 1856 5672 dogmate
1901 5605 1952 5657 in

372 5678 725 5743 memneuicis
751 5677 993 5732 conciliis
1032 5676 1141 5745 jam
1172 5676 1412 5729 delinito.

761 5770 1027 5834 Puncta
1064 5773 1181 5835 Gn.
1215 5771 1284 5841 C,

2051 3198 2189 3255 terio
2221 3197 2310 3251 ditt
2345 3197 2567 3254 versati.
2586 3196 2707 3259 Alio
2732 3197 2897 3251 etiam
2928 3196 3083 3252 titulo
3114 3213 3144 3252 a
3177 3198 3374 3252 divinis
3397 3196 3626 3253 οιιιιοιιίς-

2042 3285 2144 3344 bus
2172 3293 2627 3350 exauctorautnr,
2677 3298 2777 3340 ceu
2821 3286 2915 3354 qui
2960 3286 3317 3341 conciliabula
3366 3286 3622 3351 fecerint,

2043 3386 2100 3432 et
2125 3376 2291 3445 regiis
2326 3375 2552 3432 auribus
2595 3378 2810 3432 molesti
2851 3376 3078 3432 fuerint.
3114 3377 3397 3434 Postremo
3428 3392 3523 3432 eos
3554 3381 3624 3431 ah

2045 3463 2541 3518 ecclesiasticarum
2567 3466 2850 3519 consortio
2881 3465 3196 3532 excludunt,
3215 3478 3270 3521 et
3297 3467 3624 3532 sacerdotali

2044 3565 2190 3610 CtBltl
2221 3554 2466 3621 ejiciunt,
2495 3554 2601 3610 alia
2636 3558 2904 3626 quaedam,
2938 3557 3371 3628 nominatimque
3406 3572 3471 3613 ea
3502 3572 3626 3628 quae

2046 3647 2100 3702 in
2141 3654 2293 3702 sexta
2331 3648 2672 3703 mcumenica
2714 3650 2924 3720 synodo
2963 3647 3237 3715 feruntur,
3272 3650 3434 3706 sicuti
3467 3666 3628 3721 appar

2046 3746 2130 3791 ret
2158 3750 2222 3792 ex
2257 3736 2772 3808 synodica'epistola
2812 3737 3118 3809 Agathonis
3162 3737 3350 3797 Romae
3394 3741 3627 3798 senioris

2046 3843 2231 3899 papae,
2277 3843 2398 3900 quae
2447 3829 2522 3884 ita
2552 3829 2740 3886 habet.
2792 3849 2812 3883 ι
2848 3830 3123 3900 Quotquot
3169 3833 3515 3899 sacerdotes,
3561 3847 3629 3891 ea

2047 3935 2166 3989 qua:
2193 3921 2247 3974 in
2277 3928 2482 3982 nostra:
2510 3919 2833 3982 humilitatis
2875 3922 3221 3981 confessione
3249 3925 3625 3997 continentur,

2047 4014 2331 4069 nobiscum
2355 4014 2569 4071 sincere
2596 4016 2893 4085 praedicare
2914 4016 3184 4071 voluerint
3207 4016 3352 4072 circa
3380 4026 3628 4081 nostram

2048 4103 2398 4174 apostolicam
2424 4105 2585 4162 ﬁdem
2611 4121 2628 4172 ;
2654 4107 2752 4162 hos
2775 4116 2833 4162 ut
2863 4121 3053 4177 parem
3079 4115 3278 4162 nostra:
3303 4107 3629 4165 sententiam

2048 4204 2299 4264 gerentes
2318 4236 2336 4261 ,
2362 4196 2782 4252 consacerdmes
2803 4237 2818 4261 ,
2847 4204 2900 4251 et
2925 4196 3331 4251 comministros
3351 4236 3366 4262 ,
3398 4206 3454 4250 et
3481 4196 3602 4266 ejus
3627 4226 3636 4241 ι

2048 4285 2171 4341 dem
2207 4284 2333 4340 ﬁdei
2361 4295 2681 4354 consortes;
2724 4296 2884 4358 atque
2916 4295 2976 4341 ut
3005 4286 3331 4355 simpliciter
3362 4290 3628 4360 dicamus,

2050 4386 2109 4432 ut
2132 4376 2410 4447 spiritales
2430 4377 2626 4435 fratres
2640 4387 2694 4433 et
2714 4380 3065 4448 coepiscopos
3079 4388 3298 4439 nostros
3317 4381 3425 4434 reci
3432 4381 3629 4450 pimus.

2056 4469 2162 4525 Eos
2195 4482 2326 4525 vero
2360 4470 2450 4535 qui
2486 4469 2559 4525 ita
2598 4470 2845 4529 conﬁteri
2879 4471 3104 4540 nolunt.
3133 4487 3230 4532 ceu
3265 4473 3548 4528 catholicae
3578 4483 3636 4528 et
3674 4523 3682 4530 .

2056 4561 2364 4632 apostolica:
2386 4564 2751 4624 confessionis
2781 4567 2960 4622 hostes
2986 4604 3002 4633 ,
3028 4578 3247 4627 arte-ruat
3267 4567 3635 4623 damnationis

2058 4671 2182 4712 reos
2209 4656 2677 4727 essejudicamus.
2725 4659 2910 4730 Neque
2939 4661 3036 4714 hos
3062 4676 3300 4730 unquam
3331 4662 3398 4717 ad
3436 4669 3636 4714 nostra:
3736 4715 3740 4718 ι

2059 4748 2381 4807 humilitatis
2422 4752 2800 4815 consortium,
2854 4754 2956 4807 nisi
2996 4753 3347 4819 emendatos,
3380 4752 3637 4806 admitte-.-

2059 4854 2197 4894 utus.
2236 4838 2426 4912 Neque
2470 4855 2602 4899 vero
2649 4844 2922 4915 quispiam
2977 4853 3157 4913 putet,
3199 4860 3298 4900 nos
3338 4845 3634 4915 quidquam

2059 4944 2246 4985 eorum
2298 4935 2645 5004 transgredi,
2676 4950 2794 5003 qua:
2835 4951 2864 4988 a
2902 4935 3202 5005 majoribus
3251 4937 3450 4995 tradita
3482 4950 3637 4993 acce-

2058 5033 2258 5087 pimus.
2296 5039 2315 5078 ι

1828 5112 1963 5183 μηδέ
2005 5113 2322 5185 παραϐῆναι
2361 5118 2510 5190 ἡμᾶς
2539 5135 2623 5191 τις
2687 5118 2747 5182 ἐξ
2778 5119 2958 5177 αὐτῶν
3020 5121 3314 5188 ὑπολάϐοι,
3345 5125 3484 5194 ὅπερ
3503 5140 3636 5195 προοο

2136 5327 2674 5402 (q)_Ex‘cauoui_bus
2727 5330 2815 5393 il,
2853 5340 2910 5385 et
2976 5330 3065 5385 12.
3112 5333 3494 5399 Antiochenis,
3542 5334 3638 5402 qui

2063 5397 2275 5472 suntin
2333 5397 2541 5472 P‘ito‘tii‘
2563 5400 3097 5472 Syntagmateapud
3144 5420 3243 5457 nos
3284 5397 3641 5472 Spicihrom.

2064 5476 2102 5520 t.
2138 5464 2326 5541 ξιιμ-υ.
2358 5467 2489 5541 200,
2511 5464 2638 5523 20f.
2669 5464 2870 5526 Confer
2903 5464 3125 5536 ibidem,
3156 5488 3208 5541 p.
3235 5464 3357 5525 124.
3622 5472 3623 5475 “

2161 5537 2205 5661 η
2238 5537 2532 5661 Exstaémi’tt
2561 5541 2790 5598 concilio
2826 5551 2984 5598 sexto
3019 5537 3357 5598 mcnrhenico
3389 5542 3476 5598 ed.
3510 5541 3642 5611 Lab,

2216 5648 2233 5661 .
2261 5623 2323 5661 (ιο
2351 5650 2365 5661 .
2506 5647 2520 5661 .

2063 5616 2102 5661 ι.
2136 5606 2233 5677 Vl,
2261 5608 2365 5665 col.
2396 5606 2520 5664 690.

3200 5769 3276 5843 27
