4024 6214
424 256 529 324 857

1447 257 1508 317 S.
1550 257 1974 319 NICEPHORI
2014 258 2524 320 PATRIARCHE
2562 257 2672 319 (ΖΡ.

3589 259 3695 325 8ί8

426 362 704 436 proprium
742 360 1048 433 exemplum
1090 371 1514 433 proposuerunt,
1535 364 1651 421 sed,
1683 372 1907 419 narrata
1949 372 1999 420 cl

2108 364 2351 438 ρούμενα
2383 364 2482 419 καὶ
2533 362 2980 436 ἐξωγραφημένα
3028 361 3377 434 καθορῶντες
3404 363 3510 433 (ιι),
3564 368 3695 437 περὶ

426 459 570 525 picta
625 461 937 524 spectantes
967 493 983 517 ,
1029 452 1099 507 de
1148 453 1283 523 ipsis
1334 452 1661 509 sententiam
1711 453 1999 522 tulerunt,

429 545 495 597 ad
543 541 803 597 Ecclesia:
844 540 1260 596 aediﬁcationem
1291 580 1309 608 ,
1365 541 1554 612 gratiae
1618 541 2002 612 ampliﬁcatio-

324 675 330 680 .
427 649 552 689 nem
614 642 671 688 et
737 633 1146 688 exaltationem.
1205 631 1263 687 Id
1300 632 1680 689 demonstrant
1733 635 2004 705 primaria

427 724 608 790 sedes,
670 732 726 776 et
778 726 872 791 qui
923 736 1019 792 per
1069 736 1132 778 ea
1177 731 1425 793 tempora
1481 721 1705 779 fuerunt
1765 724 1994 794 impera-

427 826 574 871 tores
600 830 665 870 ac
714 815 1029 871 sacerdotes
1076 814 1403 886 imaginibus
1436 817 1699 873 certatim
1738 817 2001 874 honorem

426 907 756 965 dcl'erentes.
779 906 935 974 Quod
955 907 1001 961 si
1030 905 1275 963 nonnulli
1296 907 1571 979 vaniloqui
1604 908 1777 973 aiunt,
1796 909 2006 979 aliquot

424 1009 550 1071 post
581 1009 791 1057 sextam
852 1000 1117 1070 synodum
1172 1000 1332 1055 annis
1388 1015 1628 1055 canones
1664 1000 1787 1056 illos
1831 1001 2005 1056 fuisse

423 1092 621 1157 editos,
667 1091 802 1145 nihil
849 1091 977 1145 hinc
1022 1089 1410 1146 ecclesiasticae
1459 1091 1724 1146 doctrinae
1768 1092 2000 1163 deperit.

423 1182 544 1239 Non
573 1181 719 1240 enim
777 1180 1123 1250 interiectum
1173 1192 1389 1251 tempus
1414 1192 1584 1245 vetat,
1616 1182 1911 1251 quominus
1946 1181 2001 1236 hi

420 1276 677 1331 dicantur
706 1282 873 1331 sexta:
896 1274 1089 1344 synodi
1135 1289 1394 1331 canones.
1420 1274 1598 1330 Causa
1631 1275 1776 1330 enim
1809 1276 2001 1330 horum

423 1366 915 1424 construendorum
972 1365 1098 1431 fuit,
1148 1366 1294 1435 quod
1342 1379 1442 1421 nec
1484 1366 1671 1435 quinta
1728 1379 1828 1421 nec
1885 1365 2001 1433 ipsa

424 1466 574 1515 sexta
606 1457 846 1529 synodus
875 1470 1109 1511 canones
1131 1455 1439 1510 ediderant.
1472 1454 1768 1525 Propterea
1800 1454 2005 1510 utiliter

425 1552 535 1607 imo
566 1549 878 1607 necessario
908 1549 1008 1603 hos
1038 1555 1449 1617 compegerunt,
1479 1556 1643 1615 atque
1673 1547 1740 1600 ad
1765 1560 2005 1601 commu-

426 1658 549 1700 nem
610 1641 869 1699 Ecclesiae
908 1639 1198 1694 utilitatem
1254 1636 1686 1707 promulgarunt.
1726 1636 1792 1691 ili
1849 1649 2000 1703 vero,

2106 458 2290 513 αὐτῶν
2317 457 2690 529 ἐξεφώνησαν,
2727 454 3024 526 οίκοδομὴν
3065 454 3173 525 τῆς
3225 455 3562 524 Ἐκκλησίας
3596 458 3699 511 καὶ

2105 550 2209 620 τῆς
2228 549 2456 621 χάριτος
2487 548 2806 620 πλατυσμὺν
2852 548 2950 603 καὶ
2984 548 3356 621 προτίμησινο
3386 549 3483 602 καὶ
3511 550 3696 620 ἐμφα-

2107 644 2316 708 νίζουσι
2338 641 2498 696 τοῦτο
2522 643 2574 695 οί
2605 640 2947 713 προάγοντες
2980 638 3188 711 θρόνοι.
3223 640 3319 692 καὶ
3355 641 3406 692 σί
3445 643 3570 693 κατ’
3595 641 3697 694 αύο

2106 736 2235 798 τοὺς
2279 733 2523 805 βασιλεῖς
2552 732 2651 787 καὶ
2687 732 2857 802 ἱερεῖς
2884 731 3090 802 ὁμοίως
3147 729 3502 797 δοξάζοντες·
3536 733 3589 785 εί
3632 724 3698 786 δέ

2106 823 2326 892 λέγουσί
2350 838 2499 886 τινες
2528 820 2986 890 κενοφωνοῦντες,
3007 822 3091 874 ὅτι
3117 821 3261 892 μετά
3282 821 3513 891 χρόνους
3536 822 3698 886 τινάς

2107 915 2208 985 τῆς
2251 914 2417 985 ἐκτης
2461 914 2685 967 συνόδου
2732 913 2956 981 γέγονεν
2989 914 3023 983 η
3064 912 3175 966 τῶν
3203 914 3451 967 κανόνων
3482 914 3699 967 τούτων

2108 1006 2438 1076 ἐκφὼνησις,
2468 1004 2642 1067 οὐδεὶς
2687 1005 2811 1074 περὶ
2847 1003 3011 1056 τοῦτο
3031 1004 3133 1072 τῆς
3173 1005 3501 1075 Ἑκκλησίας
3531 1005 3699 1074 λόγος

2106 1100 2394 1153 διαπίπτει
2413 1115 2427 1129 ·
2464 1097 2585 1150 οὐδὲ
2612 1096 2724 1166 γὰρ
2743 1098 2772 1148 ὀ
2804 1097 2864 1149 ἐν
2900 1095 2981 1165 τῷ
3011 1095 3219 1165 μεταξὺ
3250 1098 3445 1168 χρόνος
3485 1097 3697 1151 κωλύει

2109 1188 2309 1251 αὐτοὺς
2335 1186 2623 1242 καλεῖσθαι
2645 1186 2879 1248 κανόνας
2902 1186 3001 1255 τῆς
3017 1185 3185 1257 ἕκτης
3211 1186 3432 1240 συνόδου
3451 1204 3469 1221 ο
3491 1188 3561 1241 τδ
3582 1189 3699 1260 γὰρ

2108 1281 2282 1333 αἴτιον
2307 1280 2409 1348 τῆς
2435 1277 2643 1331 τούτων
2671 1275 2976 1346 ἀθροίσεως
3006 1276 3257 1343 γέγονεν,
3288 1277 3479 1348 ἐπειδὴ
3504 1277 3635 1333 οὗτε
3659 1282 3695 1350 ἠ

2109 1367 2244 1436 ἁγία
2274 1373 2317 1420 ε’
2348 1367 2590 1429 σύνοδος,
2638 1364 2765 1419 οὔτε
2812 1365 2953 1435 αὑτὴ
2980 1367 3015 1436 ἡ
3047 1372 3102 1431 ς’
3130 1366 3362 1431 κανόνας
3406 1368 3692 1432 ἐξέθεντο·
3720 1382 3745 1441 is

2107 1461 2196 1515 διά
2219 1458 2381 1513 τοῦτο
2418 1457 2709 1529 χρησίμως
2732 1457 2830 1511 καὶ¹
2852 1456 3169 1525 ἀναγκαίως
3194 1456 3577 1527 συνήχθησαν,
3600 1460 3696 1512 καὶ

2107 1550 2331 1614 τούτους
2379 1548 2754 1620 ἐξεφώνησαν,
2800 1549 2941 1618 πρὸς
2982 1549 3164 1602 κοινὸν
3208 1549 3315 1619 τῆς
3355 1550 3694 1620 Ἐκκλησίας
3743 1564 3759 1569 ‘

2109 1644 2301 1713 θφελος
2319 1661 2333 1676 ·
2362 1644 2516 1699 οὐδὲν
2538 1643 2597 1701 δὲ
2616 1641 2741 1697 οὔτε
2767 1640 2846 1713 τῷ
2869 1640 3092 1713 ἀριθμῷ
3119 1640 3247 1695 οὕτε
3272 1644 3340 1712 τῇ
3362 1641 3493 1713 ἀξίᾳ
3519 1643 3695 1695 ἐλλεί-

427 1736 543 1791 sive
566 1732 914 1791 condentium
948 1745 1235 1786 numerum
1262 1740 1499 1799 spectes,
1516 1730 1635 1784 sive
1662 1729 1999 1797 dignitatem,

2115 1754 2302 1803 πουσι,
2332 1735 2470 1791 ἀλλά
2486 1735 2877 1799 πλεονάζουσιν
2892 1752 2908 1770 ο
2937 1735 2996 1790 ἐν
3012 1734 3125 1807 γὰρ
3147 1738 3215 1803 τῇ
3253 1734 3307 1799 ς’
3325 1735 3460 1806 ἁγίᾳ
3480 1734 3693 1805 συνόδῳ

426 1839 769 1896 nequaquam
811 1822 1098 1879 inferiores
1153 1829 1299 1884 sunt,
1331 1820 1444 1875 imo
1493 1819 1676 1889 potius
1716 1828 2001 1893 superant.

428 1914 564 1971 Nam
610 1922 776 1971 sextae
812 1911 1005 1985 synodi
1053 1921 1236 1982 patres
1276 1924 1415 1965 ccxx
1469 1909 1689 1964 circiter
1754 1908 2006 1976 luerunt;

426 2022 694 2066 canonum
726 2014 906 2060 autem
960 2001 1254 2060 editionem
1286 2001 1506 2056 ducenti
1554 1995 1610 2056 et
1640 1998 2007 2073 quadraginta

424 2098 666 2169 episcopi
706 2095 978 2153 fecerunt.

498 2234 589 2290 11.
651 2230 771 2288 lam
831 2231 899 2287 de
961 2244 1244 2286 sacrarum
1303 2230 1601 2299 imaginum
1655 2228 2009 2284 veneratione

426 2323 783 2381 auctoritates
822 2320 1006 2376 multa:
1043 2326 1358 2375 sanctorum
1401 2317 1624 2373 Patrum
1674 2318 1765 2387 pio
1822 2328 2008 2374 nostro

428 2415 742 2487 imperatori
770 2414 968 2470 oblata:
1009 2411 1250 2477 fuerunt,
1288 2426 1408 2481 quae
1439 2410 1801 2465 indubitatam
1846 2412 2005 2465 iidem

427 2508 736 2580 legentibus
792 2504 1101 2569 faciebant;
1166 2517 1399 2573 quarum
1460 2501 1670 2571 integra
1725 2501 2005 2555 volumina

426 2600 666 2672 synodus
702 2597 911 2661 habuit,
948 2603 1109 2665 prout
1152 2595 1188 2649 ii
1220 2596 1311 2664 qui
1341 2595 1391 2649 ei
1429 2594 1815 2656 interfuerunt,
1842 2591 2005 2663 275

431 2696 596 2763 atque
619 2692 796 2747 adhuc
816 2697 1133 2759 supersunt,
1166 2698 1294 2742 vere
1322 2694 1611 2741 testantur.
1645 2684 1812 2741 Porro
1843 2685 2008 2739 Euse-

429 2786 551 2841 bius
581 2782 851 2853 Pamphili
885 2784 942 2836 in
969 2781 1154 2835 multis
1181 2780 1404 2850 scriptis
1427 2780 1543 2835 suis
1574 2789 1799 2849 apparet
1836 2790 2004 2849 putus

425 2876 684 2940 Arianus,
725 2883 836 2929 tum
888 2872 1205 2926 nominatim
1259 2870 1313 2923 in
1378 2869 1469 2923 illa
1509 2870 1758 2940 epistola,
1785 2870 1839 2925 in
1896 2884 2002 2940 qua

427 2981 614 3022 sacras
668 2963 1178 3033 imaginesvctat,
1237 2958 1529 3015 manifeste
1581 2960 2005 3030 deprehenditur

2109 1831 2240 1902 περὶ
2290 1829 2418 1894 τοὺς
2454 1829 2652 1884 ἑκατὸν
2698 1828 3078 1900 ἐϐδομήκοντα
3120 1828 3375 1898 ὑπῆρχον
3419 1827 3689 1899 Πατέρες,

2108 1922 2169 1976 ἐν
2209 1920 2269 1975 δέ
2310 1923 2379 1992 τῇ
2407 1920 2518 1976 τῶν
2563 1920 2806 1976 κανόνων
2834 1920 3076 1983 ἐκθέσει,
3103 1919 3380 1977 διακόσιοι
3408 1919 3690 1992 τεσσαρὰν

2108 2026 2272 2067 κοντα
2281 2050 2296 2065 .

2184 2238 2276 2286 ια’.
2307 2229 2431 2286 Ὅτι
2476 2230 2576 2287 καὶ
2619 2230 2749 2302 περὶ
2787 2231 2889 2303 τῆς
2917 2232 3351 2305 προσκυνήσεως
3379 2232 3489 2288 τῶν
3525 2234 3685 2306 ἱερῶν

2109 2324 2333 2378 εἰκόνιον
2374 2325 2601 2396 χρήσεις
2631 2324 2826 2378 πολλαὶ
2866 2325 3324 2396 προσηνέχθησαν
3353 2325 3432 2397 τῷ
3472 2328 3685 2382 εὐσεϐεῖ

2108 2415 2267 2487 ἡμῶν
2294 2415 2508 2487 βασιλεῖ
2544 2416 2656 2470 τῶν
2688 2416 2861 2485 ἁγίων
2901 2416 3186 2488 Πατέρων,
3214 2417 3283 2472 δι’
3311 2411 3387 2472 ὧν
3433 2418 3543 2473 ἔδει
3588 2419 3683 2489 τὴν

2109 2508 2488 2579 πληροφορίαν
2528 2510 2665 2563 πᾶσι
2692 2513 2807 2574 τοῖς
2856 2510 3281 2580 ἐντυγχάνουσιν
3309 2512 3680 2567 ἀνενδοίαστον

2106 2598 2385 2668 γενέσθαι,
2416 2591 2493 2653 ὧν
2536 2599 2606 2653 τὰ
2642 2599 2917 2672 ὁλόκληρα
2962 2600 3144 2669 βιϐλία
3184 2603 3219 2672 η
3261 2601 3480 2668 σύνοδος
3510 2600 3673 2674 εἶχεν,

2105 2690 2180 2756 ὡς
2226 2692 2275 2745 οί
2305 2691 2417 2745 τῶν
2473 2690 2808 2763 εὑρεθέντων
2840 2694 2899 2745 ἐν
2933 2693 3071 2765 αὐτῇ
3113 2694 3398 2765 περιόντες
3453 2672 3707 2768 σὺνήγτῇδ

2105 2783 2338 2855 ἀληθείᾳ
2373 2783 2766 2856 μαρτυροῦσιν.
2795 2784 2921 2837 Ὅτι
2954 2783 3010 2840 δέ
3039 2787 3067 2838 ὁ
3106 2786 3394 2856 Παμφίλου
3420 2784 3675 2851 Εὐσέϐιος

2106 2877 2166 2930 ἐν
2196 2877 2414 2941 πολλοῖς
2437 2876 2870 2949 συγγράμμασιν
2896 2877 3064 2931 αδτοῦ
3089 2877 3358 2932 δείκνυται
3400 2880 3671 2950 ’Δρειανὸς

2102 2969 2349 3039 γνήσιος,
2406 2968 2545 3022 ἀλλά
2584 2968 2681 3022 καὶ
2714 2970 2773 3021 ἐν
2804 2968 2942 3040 αὐτῇ
2983 2971 3051 3040 τῇ
3082 2969 3333 3039 ἐπιστολῇ
3369 2969 3532 3022 αὑτοῦ
3565 2968 3660 3038 (υ),

426 3057 625 3113 Filium
656 3052 754 3109 Dei
785 3054 969 3109 dicere
1003 3051 1225 3108 secundi
1247 3053 1455 3107 ordinis
1485 3052 1677 3118 Deum,
1704 3062 1759 3107 et
1789 3062 1999 3107 creatu-

2107 3059 2166 3111 ἐν
2191 3053 2226 3133 ᾖ
2256 3059 2355 3128 τὴν
2404 3058 2516 3113 τῶν
2544 3058 2709 3129 ἱερῶν
2739 3059 2968 3113 εἰκόνων
3007 3060 3374 3131 ἀπαγόρευσιν
3409 3062 3651 3121 ποιεῖται.

424 3164 570 3213 ram,
605 3146 893 3215 Patrisque
936 3158 1175 3199 servum.
1200 3143 1529 3215 Pariterque
1560 3144 1853 3199 humanam
1893 3141 2005 3198 for-

426 3255 596 3304 lnam,
630 3253 793 3308 quam
827 3236 1089 3291 Dominus
1130 3249 1195 3290 ac
1238 3235 1382 3291 Deus
1412 3242 1597 3291 noster
1625 3235 1801 3291 nostri
1839 3248 2006 3290 causa

425 3331 745 3400 assumpsit,
785 3337 1096 3384 concretam
1145 3340 1267 3383 esse
1300 3341 1424 3381 cum
1475 3326 1647 3397 ipsius
1696 3327 2000 3394 divinitate,

428 3429 706 3489 totamque
728 3418 1070 3473 immutatam
1118 3426 1343 3484 censet;
1376 3430 1498 3487 quae
1556 3428 1782 3486 prorsus
1809 3416 2003 3473 catho-

428 3496 545 3566 licas
566 3509 821 3565 Ecclesiae
849 3508 1132 3564 sententia:
1155 3508 1535 3563 adversantur.
1562 3506 1790 3563 Constat
1822 3513 2000 3563 autem

423 3614 481 3657 et
517 3603 727 3671 aliquot
776 3609 902 3669 post
943 3599 1062 3668 ejus
1094 3600 1299 3654 obitum
1334 3599 1495 3655 annis
1529 3613 1560 3654 a
1593 3599 1870 3656 nonnullis
1896 3599 2002 3654 Pa-

426 3694 604 3750 tribus
652 3693 913 3765 synodico
968 3692 1190 3748 decreto
1266 3705 1366 3748 ceu
1429 3690 1694 3746 Arianum
1758 3689 1997 3746 Ecclesia

423 3782 680 3852 ejectum,
705 3795 858 3851 aeque
891 3795 957 3838 ac
998 3782 1134 3837 alios
1169 3783 1490 3849 hereticos;
1526 3781 1806 3852 increpitis
1834 3782 1996 3836 etiam

425 3876 533 3931 illis
559 3875 653 3944 qui
678 3874 872 3928 horum
901 3873 1174 3928 iaciebant
1206 3872 1811 3929 commemorationem.
1855 3872 1998 3944 Ergo

424 3968 609 4037 quivis
636 3964 992 4023 Christianus
1044 3966 1383 4021 orthodoxus
1410 3964 1638 4035 iudicet,
1669 3978 1798 4020 num
1830 3967 1902 4022 sit
1941 3966 1995 4022 in

423 4058 725 4115 Ecclesiam
782 4055 1154 4113 admittendus
1206 4055 1344 4123 hic,
1385 4057 1480 4127 qui
1534 4056 1672 4113 tales
1734 4053 1997 4113 adversus

424 4152 771 4207 Servatorcm
826 4160 1074 4205 nostrum
1135 4148 1412 4205 Christum
1462 4147 1633 4203 Deum
1689 4145 1925 4203 eﬁutivit
1975 4166 1990 4204 :

418 4256 728 4313 quanquam
768 4240 905 4295 idem
937 4240 1138 4311 partim
1162 4239 1328 4296 etiam
1372 4239 1643 4308 laudatur,
1675 4241 1819 4296 velut
1870 4238 1995 4296 Ori-

416 4350 585 4404 genes
640 4332 842 4404 aliique
896 4332 1049 4389 multi
1105 4341 1258 4388 extra
1294 4329 1597 4387 Ecclesiam
1650 4331 1832 4401 positi.
1860 4330 1992 4398 Quae

2108 3149 2427 3221 εὑρίσκεται
2457 3148 2645 3219 σαφῶς
2695 3149 2789 3203 τὸν
2826 3150 2955 3203 Υίὸν
3002 3148 3097 3204 τοῦ
3126 3151 3264 3207 Θεοῦ
3306 3151 3540 3223 δεύτερον
3567 3153 3652 3208 λέ-

2106 3257 2224 3308 γειν
2260 3238 2393 3294 Θεὸν
2429 3240 2525 3293 καὶ
2570 3240 2777 3311 κτίσμα
2830 3241 2925 3294 καὶ
2970 3240 3254 3314 ὑπηρέτην
3286 3243 3379 3298 τοῦ
3424 3245 3657 3315 Πατρόςο

2101 3331 2365 3394 ὡσαύτως
2395 3330 2451 3384 δὲ
2482 3331 2576 3384 καὶ
2599 3331 2699 3400 τὴν
2738 3330 3092 3404 ἀνθρωπίνην
3122 3333 3361 3406 μορφὴν,
3392 3335 3460 3407 ἢν
3486 3336 3667 3390 ἐλαϐεν

2103 3426 2133 3478 ὁ
2162 3423 2366 3496 Κύριος
2396 3422 2490 3478 καὶ
2519 3424 2653 3488 Θεὸς
2686 3423 2842 3495 ἡμῶν
2889 3425 3030 3495 ὑπὲρ
3076 3426 3236 3496 ήμῶν
3261 3428 3670 3500 ἀνακεκρᾶσθαι

2102 3518 2170 3588 τῇ
2198 3517 2316 3571 κατ’
2357 3515 2519 3570 αὐτὸν
2564 3513 2801 3588 θεότητι,
2833 3517 2930 3571 καὶ
2967 3516 3424 3591 μεταϐεϐλῆσθαι
3454 3521 3580 3592 ὃλην
3607 3519 3671 3573 δι’

2101 3604 2226 3662 ὅλου
2277 3604 2492 3669 δοξάζει
2516 3619 2532 3635 ·
2581 3605 2726 3676 ἅπερ
2774 3606 2914 3658 εἰσὶν
2960 3605 3181 3661 ἐναντία
3212 3610 3565 3664 παντάπασιν
3600 3610 3674 3681 τῷ

2101 3696 2203 3768 τῆς
2233 3695 2527 3766 καθολικῆς
2571 3692 2901 3767 Ἐκκλησίας
2943 3699 3254 3770 φρονήματι
3285 3715 3314 3731 '~
3332 3700 3589 3771 φαίνεται
3621 3700 3676 3755 δὲ

2102 3785 2200 3840 καὶ
2247 3784 2387 3855 μετά
2418 3786 2642 3857 χρόνους
2684 3784 2837 3848 τινὰς
2878 3784 2975 3840 τοῦ
3009 3786 3244 3842 θανάτου
3292 3789 3465 3844 αὐτοῦ
3532 3790 3676 3862 παρά

2096 3894 2263 3932 τινων
2311 3878 2576 3949 Πατέρων
2616 3876 2917 3942 συνοδικῶς
2962 3879 3041 3951 (τε)
3101 3880 3179 3944 ὡς
3233 3880 3522 3954 ’Δρειανδς
3579 3883 3674 3954 τῆς

2110 3968 2439 4041 Έκκλησίας
2474 3968 2892 4041 ἐκϐαλλόμενος,
2929 3969 3068 4042 μετά
3113 3971 3329 4044 ἑτέρων
3354 3975 3565 4044 ὁμοίως
3596 3978 3676 4029 αι-

2100 4061 2350 4134 ρετικῶν,
2386 4058 2821 4132 ἐπιτιμηθέντων
2848 4062 2943 4116 καὶ
2974 4063 3083 4118 τῶν
3109 4064 3212 4129 τὰς
3236 4067 3468 4137 μνήμας
3498 4067 3673 4122 αὐτῶν

2094 4151 2510 4209 ἐπιτελούντων.
2562 4153 2821 4223 Κρινάτω
2871 4148 2967 4207 οὖν
3005 4156 3115 4219 πᾶς
3177 4155 3514 4226 Χριστιανὸς
3570 4159 3673 4213 τῶν

2092 4243 2517 4314 ὁρθοδοξούντων
2580 4245 2630 4297 εί
2663 4244 2856 4308 δεκτός
2915 4245 3065 4300 ἐστιν
3128 4246 3187 4300 ἐν
3242 4250 3307 4320 τῇ
3373 4250 3675 4323 Ἐκκλησία

2092 4327 2247 4399 οὗτος
2277 4335 2379 4398 τὰς
2425 4334 2682 4399 τοιαύτας
2714 4334 3064 4406 βλασφημίας
3096 4339 3238 4394 κατὰ
3282 4340 3376 4394 τοῦ
3418 4345 3674 4416 Σωτῆρος

419 4438 543 4479 cum
581 4426 650 4479 ita
681 4439 741 4479 se
797 4422 1053 4487 habeant,
1090 4438 1249 4477 nemo
1278 4437 1417 4477 sano
1443 4422 1669 4478 consilio
1710 4422 1989 4492 praeditus,

2101 4427 2252 4497 ἡμῶν
2280 4426 2519 4498 Χριστοῦ
2553 4425 2649 4479 τοῦ
2686 4426 2824 4481 Θεοῦ
2859 4428 3070 4498 ἐκχέων
3095 4446 3110 4461 ·
3143 4432 3193 4484 εί
3218 4429 3275 4484 δέ
3299 4448 3352 4486 τι
3381 4436 3487 4489 καὶ
3514 4408 3673 4490 ἐπαι-

421 4518 501 4573 vel
528 4516 783 4571 Ecclesia:
816 4515 1146 4569 anxietatem
1177 4514 1418 4579 damnet,
1443 4515 1525 4568 vel
1554 4514 1990 4569 criminationem

419 4608 745 4677 culpamque
787 4605 841 4659 in
871 4611 1035 4674 caput
1054 4617 1245 4659 eorum
1272 4601 1525 4670 rejectam
1562 4605 1653 4672 qui
1708 4618 1768 4657 se
1802 4611 1996 4673 sponte

418 4703 488 4754 ah
506 4698 742 4755 Ecclesia
766 4705 1126 4767 separarum;
1150 4695 1406 4765 quamdiu
1437 4706 1605 4758 certe,
1639 4693 1747 4748 Deo
1767 4694 1994 4763 permit-

421 4802 591 4857 tente,
622 4792 740 4847 hac
799 4790 1060 4845 adversus
1117 4786 1235 4855 eius
1278 4788 1569 4842 consututa
1623 4799 1996 4856 cauonemquc

415 4884 617 4940 seditio
644 4891 978 4955 perseverat.
1016 4881 1087 4937 Ut
1127 4888 1305 4935 autem
1360 4878 1609 4948 superius
1650 4877 1851 4933 dictum
1883 4887 1990 4944 est,

420 4973 689 5046 synodum
728 4974 1120 5029 tecumcnicam
1155 4969 1392 5026 Eceksia
1420 4982 1723 5026 convocare
1754 4966 1895 5025 solet
1923 4968 1995 5024 ob

418 5064 719 5136 quamlibet
752 5064 1153 5120 contentionem
1188 5065 1255 5119 de
1307 5064 1487 5119 medio
1538 5063 1852 5130 tollendam,
1894 5076 1993 5132 pa-

420 5172 649 5227 cemque
683 5170 803 5210 cum
835 5154 929 5210 Dei
983 5155 1181 5225 placito
1225 5155 1608 5211 stabiliendam
1651 5171 1747 5227 per
1794 5155 1993 5211 saecula

330 5298 339 5303 -
419 5249 766 5305 saeculorum.
798 5248 990 5300 Amen.

487 5451 568 5523 (ιι)
600 5450 819 5523 scilicet
845 5447 896 5502 in
923 5444 1178 5523 Trullauo
1198 5457 1411 5523 canone
1524 5444 1841 5523 imperatum
1866 5443 1963 5499 fuit
1977 5486 1990 5508 ,

419 5514 723 5575 ut'Christi
765 5520 995 5573 humana
1056 5518 1224 5585 ligura
1277 5514 1582 5585 syuilmlica:
1627 5516 1748 5583 agni
1799 5515 1985 5569 formae

419 5591 867 5651 substitueretur.
921 5583 1113 5658 quaiu'
1141 5598 1456 5658 superiores
1495 5583 1832 5650 Christiani,
1886 5602 1982 5640 ceu

417 5658 617 5714 Clll'lSli
654 5669 858 5729 typum,
890 5650 1114 5712 eatenus
1154 5650 1384 5709 venerati
1432 5650 1661 5707 fuerant.

2087 4520 2280 4582 νεῖται,
2309 4516 2563 4590 καθάπερ
2607 4518 2892 4589 Ὠριγένης
2917 4520 3015 4574 καὶ
3042 4519 3195 4576 ἄλλοι
3222 4522 3411 4578 πολλοὶ⁵
3433 4526 3549 4580 τῶν
3572 4527 3672 4594 ἔξω

2086 4608 2189 4677 τῆς
2228 4608 2559 4679 Ἑκκλησίας
2582 4609 2754 4666 όντων
2779 4625 2793 4640 ο
2827 4610 3034 4665 τούτων
3083 4611 3259 4678 οὕτως
3284 4614 3550 4685 ἐχόντων,
3579 4619 3672 4671 ού-

2088 4700 2198 4763 δεὶς
2228 4699 2338 4754 τῶν
2363 4697 2423 4753 εὖ
2446 4699 2794 4772 φρονούντων
2822 4700 2945 4755 οὔτε
2970 4703 3207 4776 ἀπορίαν
3239 4704 3671 4779 καταψηφιεῖται

2089 4789 2191 4859 τῆς
2237 4788 2589 4860 Ἐκκλησίας,
2624 4789 2747 4844 οὔτε
2793 4790 3049 4863 ἔγκλημα
3088 4795 3185 4848 καὶ
3232 4795 3552 4870 ἀμάρτημα
3582 4800 3672 4852 ἐπὶ

2088 4881 2190 4944 τὰς
2219 4880 2470 4948 κεφαλὰς
2496 4879 2610 4935 τῶν
2643 4882 2873 4947 ἑαυτοὺς
2906 4883 3170 4950 ἑκουσίως
3198 4886 3302 4957 τῆς
3340 4888 3670 4961 Ἐκκλησίας

2090 4972 2501 5043 ἀποσχιζόντων
2521 4990 2536 5004 °
2567 4974 2617 5028 εί
2643 4973 2778 5028 Θεοῦ
2810 4978 3161 5049 συγχωρήσει
3198 4979 3454 5051 ἐπιμένοι
3483 4983 3554 5035 τὰ
3572 4982 3672 5051 τῆς

2090 5063 2430 5128 διαστάσεως
2465 5065 2607 5120 κατά
2630 5067 2720 5119 τὸν
2740 5068 2938 5122 ἐαυτοῦ
2972 5069 3172 5140 θεσμὸν
3201 5072 3294 5126 καὶ
3327 5075 3534 5129 κανόνα
3554 5091 3569 5104 ’
3597 5074 3669 5137 ὥς

2090 5154 2136 5208 δ’
2166 5156 2425 5227 ἀνωτέρω
2474 5156 2696 5227 ἐλέχθη,
2732 5159 2948 5214 σύνοδον
2975 5163 3360 5233 οἱκουμενικὴν
3387 5165 3671 5218 ἐπικαλεῖ-

2092 5250 2235 5319 ταιή
2279 5248 2579 5321 Ἐκκλησία
2601 5258 2739 5323 πρὸς
2768 5252 2831 5306 τὸ
2858 5256 3040 5311 πᾶσαν
3063 5256 3402 5327 φιλονεικίαν
3424 5257 3667 5312 ἐκποδὼν

2172 5445 2243 5518 (υ)
2296 5446 2496 5517 Nempe
2534 5448 2619 5503 illa
2666 5432 2731 5504 ad
2776 5451 3146 5507 Constantiam
3178 5453 3371 5510 Licinii
3417 5470 3662 5515 uxorem.

2092 5533 2212 5587 qua:
2246 5530 2580 5587 truculentior
2615 5522 2665 5574 in
2700 5522 2897 5576 concil.
2930 5523 2968 5576 ll
3021 5522 3141 5578 Nic.
3173 5534 3279 5578 act.
3321 5525 3375 5587 5,
3401 5526 3508 5578 col.
3536 5522 3661 5579 365.

2162 5584 2625 5670 (αλῌίιιιῖςιιιηῄιι
2656 5592 2916 5670 synodica
2953 5594 3172 5649 concilii
3218 5584 3371 5650 Alex.
3405 5595 3660 5664 epistola.

2088 5656 2221 5712 Lai).
2252 5658 2454 5713 (Ioncil.
2482 5669 2521 5713 l.
2550 5659 2589 5728 Ι,
2620 5656 2725 5714 col.
2757 5660 2880 5715 5H.
