4024 6214
429 347 534 407 849
594 405 599 409 ,

1121 353 1683 419 APOLOGETICUS
1721 357 1972 421 MINOR
2009 361 2157 422 PRO
2195 362 2459 424 SACRIS
2497 363 2978 426 IMAGINIBUS.

3574 361 3685 435 8‘50

432 454 710 519 γενέσθαι,
744 457 842 512 καὶ
869 457 967 530 τὴν
1009 461 1233 532 είρήνην
1266 464 1449 536 χάριτι
1475 467 1570 520 καὶ
1614 467 1836 540 εὐδοκία
1863 467 2001 522 Θεοῦ
2045 470 2414 544 βραϐευθῆναι
2458 476 2516 527 ὲν
2579 476 2720 546 αὐτῇ
2752 478 2832 539 εἰς
2891 477 3018 540 τοὺς
3068 474 3269 538 αίῶνας
3300 474 3408 528 τῶν
3447 471 3681 526 αἰώνων.

444 550 502 603 Ἀ
512 552 641 622 μήν.

446 712 811 728 ’ᾗ

1224 906 1229 909 .
1261 859 1488 939 ΕΤΕΡᾼ
1525 860 1882 918 ΑΠΟΔΕῙΞΙΣ
1916 859 2083 919 ΠΕΡΙ
2120 863 2258 931 ΤΩΝ
2290 862 2497 917 APION
2536 863 2861 921 ΕΙΚΟΝΩΝ.

932 1165 1097 1239 276
1136 1170 1456 1232 ALTERA
1498 1152 2142 1234 DEMONSTRATIO
2187 1169 2293 1231 DE
2335 1167 2665 1231 SANCTIS
2710 1164 3197 1229 IMAGINIBUS.

504 1328 612 1382 Τὸν
637 1329 735 1383 ἕνα
760 1330 996 1401 Χριστὸν
1017 1331 1393 1402 ὁμολογοῦμεν
1413 1331 1646 1402 ἀόρατον
1672 1331 1767 1385 καὶ
1792 1332 2006 1401 ὁρατὸν,

2183 1329 2361 1385 Unum
2391 1328 2670 1384 Christum
2694 1328 3016 1383 conﬁtemur
3051 1324 3379 1381 invisibilem
3409 1333 3466 1381 et
3497 1324 3686 1380 visibl-

434 1421 820 1493 ἀκατάληπτον
876 1424 972 1474 καὶ
1017 1422 1401 1493 καταληπτὸν,
1448 1423 1865 1493 ἀπερίτρεπτον
1912 1421 2008 1477 καὶ

435 1513 842 1582 περιγραπτὸν,
874 1513 1063 1582 ἀπαθῆ
1092 1530 1153 1567 τε
1187 1514 1283 1566 καὶ
1309 1513 1575 1583 παθητὸν,
1599 1513 1879 1581 ἀγραπτον
1911 1511 2009 1566 καὶ

433 1605 712 1674 γραπτόνο
764 1604 859 1657 καὶ
887 1604 1360 1676 ἀναθεματίζομεν
1402 1605 1531 1669 τοὺς
1584 1605 1826 1660 ἐναντίον
1876 1622 2008 1678 φρο-

432 1691 1005 1765 νοῦντας,ὸμόφρονας
1023 1694 1120 1747 καὶ
1135 1694 1476 1762 συνίστορας,
1494 1695 1584 1765 ὑφ’
1599 1687 1676 1748 ὧν
1693 1697 1723 1749 ό
1735 1696 1835 1766 τῆς
1854 1695 2008 1760 θείας

432 1781 758 1853 ὲνανθρωπή
767 1799 906 1845 σεως
928 1783 1087 1852 λόγος
1111 1785 1254 1838 κατά
1280 1786 1585 1854 φαντασίαν
1606 1787 1891 1855 γεγονέναι
1914 1786 2009 1839 κα)⁴

430 1870 656 1941 δόκησιν
686 1872 973 1937 ἐδοξάζετο
994 1889 1009 1905 ·
1037 1872 1128 1928 διὰ
1156 1876 1257 1946 τῆς
1286 1876 1624 1945 ἀναιρέσεως
1660 1876 1761 1947 τῆς
1798 1877 2008 1940 εἰκόνος

429 1962 528 2017 τοῦ
553 1961 796 2033 Χριστοῦ
820 1964 916 2017 καὶ
938 1963 1197 2035 Σωτῆρος
1216 1968 1249 2035 ἡ
1258 1966 1395 2036 μῶν,
1426 1966 1889 2036 ὲναναιρουμένης
1912 1966 2007 2020 καὶ

429 2049 535 2121 τῆς
577 2052 957 2125 ἀληθεστάτης
1005 2054 1174 2109 αὐτοῦ
1218 2058 1315 2111 καὶ
1369 2055 1630 2129 θεοφόρου
1680 2057 1881 2126 σαρκὸς
1911 2058 2006 2116 καὶ

434 2142 689 2211 μορφῆς*
721 2143 885 2214 διχῶς
915 2144 1025 2216 γὰρ
1058 2144 1350 2217 νοούμενον
1388 2147 1495 2200 πᾶν
1525 2146 1586 2199 τὸ
1619 2145 1892 2218 μηδαμῶς
1930 2147 2006 2201 ει-

430 2232 742 2297 κονίζεσθαι
795 2235 1128 2307 πεφυκὸς,ῆ
1174 2237 1250 2302 ὡς
1305 2236 1382 2309 μὴ
1432 2236 1580 2309 δν,ἢ
1632 2237 1709 2302 ὡς
1760 2237 1822 2291 ὃν
1880 2237 2003 2310 μὲν,

426 2322 635 2392 ἥκιστα
693 2324 751 2377 δὲ
794 2325 1373 2398 καταλαμϐανόμενον,
1406 2326 1487 2391 ὠς
1528 2328 1760 2399 ἀόρατόν
1806 2344 1867 2381 τε
1910 2328 2004 2383 καὶ

428 2411 689 2482 κρύφιον,
741 2414 1005 2486 ὁπότερον
1034 2415 1101 2470 ἄν
1135 2433 1221 2481 τις
1265 2416 1359 2469 ἐπὶ
1388 2416 1629 2488 Χριστοῦ
1659 2417 1754 2472 τοῦ
1783 2418 2003 2473 πάντων

428 2503 591 2572 ἡμῶν
614 2503 750 2557 Θεοῦ
780 2505 876 2558 καὶ
894 2505 1151 2577 Σωτῆρος
1180 2506 1416 2573 δοξάσει,
1449 2509 1552 2561 οὐκ
1590 2507 1793 2578 ἀσεϐὴς
1817 2523 2004 2578 φωρα-

424 2590 655 2662 θήσεται
680 2593 1109 2664 προδηλότατον;
1135 2595 1208 2649 Τὸ
1239 2595 1339 2666 μὲν
1366 2595 1499 2666 γὰρ,
1528 2594 1590 2647 τὸ
1616 2594 1693 2666 μὴ
1717 2594 2001 2664 γεγονέναι

2112 1423 2243 1488 lem,
2296 1418 2842 1491 incomprehensilem
2888 1427 2945 1473 et
2991 1418 3561 1488 eomprehe’nsihilem,
3595 1419 3682 1473 in-

2107 1510 2586 1578 clrcumscriptum
2649 1515 2705 1564 et
2744 1508 3244 1577 circumscriptum,
3289 1506 3682 1578 impassibilem
3801 1550 3807 1556 .

2109 1612 2164 1657 et
2201 1600 2535 1672 passibilem,
2566 1614 2671 1653 non
2702 1598 3077 1653 delineandum
3127 1596 3290 1653 simul
3322 1607 3378 1653 et
3403 1597 3683 1652 delinean-

2108 1695 2259 1751 dum.
2318 1688 2866 1757 Anathematizamus
2920 1696 3103 1742 autem
3162 1697 3563 1742 consectaneos
3627 1695 3685 1741 et

2107 1782 2485 1852 conspirantes
2535 1778 2630 1849 qui
2677 1778 3012 1834 contrariam
3069 1777 3395 1833 sententiam
3445 1784 3683 1847 gerunt,

2107 1888 2139 1930 tt
2196 1873 2397 1943 quibus
2448 1871 2645 1927 divina:
2698 1870 3094 1926 incarnationis
3143 1870 3285 1926 ratio
3337 1871 3685 1928 existimatur

2106 1963 2477 2034 phanstastica
2530 1971 2589 2017 et
2662 1961 2935 2031 pntativa;
2995 1975 3026 2015 a
3093 1961 3291 2030 quibus
3348 1961 3481 2017 item
3557 1977 3682 2019 cum

2106 2052 2360 2125 imaginis
2388 2051 2585 2116 Christi
2628 2049 2935 2115 Servatoris
2979 2052 3149 2106 nostri
3182 2051 3499 2119 abolitione,
3532 2053 3681 2122 ejus-

2104 2142 2227 2205 dem
2282 2142 2485 2212 pariter
2537 2142 2819 2197 verissima
2863 2149 2917 2195 et
2970 2140 3178 2197 deifera
3225 2155 3355 2195 caro
3392 2150 3449 2196 et
3503 2141 3680 2198 forma

2106 2234 2426 2291 destruitur.
2459 2231 2593 2288 Nam
2632 2248 2758 2288 cum
2816 2231 3106 2301 dupliciter
3159 2230 3364 2301 aliquid
3421 2245 3520 2287 ceu
3574 2232 3678 2287 mi-

2105 2324 2253 2379 nime
2326 2323 2668 2394 ﬁgurandum
2719 2321 3023 2379 existimari
3078 2322 3286 2391 possit;
3345 2336 3538 2393 nempe
3592 2322 3680 2379 vel

2103 2414 2230 2486 quia
2270 2414 2477 2470 nullum
2520 2424 2639 2481 est;
2672 2414 2752 2471 vel
2778 2414 2902 2484 quia
2955 2423 3037 2473 est
3089 2414 3333 2484 quidem,
3364 2414 3460 2469 sed
3494 2422 3677 2469 tamen

2103 2504 2486 2575 comprehendi
2523 2506 2936 2575 nequit,utpote
2980 2503 3253 2568 invisibile
3281 2514 3335 2559 et
3378 2518 3673 2570 arcanum;

2105 2597 2423 2656 utrumlibet
2466 2598 2518 2654 in
2562 2598 2781 2659 Christo
2822 2600 3064 2654 omnium
3119 2607 3428 2655 nostrorum
3473 2598 3584 2655 Deo
3613 2614 3677 2655 ac

427 2681 572 2735 κατά
614 2681 879 2753 ἀλήθειαν
927 2684 1216 2755 ἄνθρωπον
1264 2686 1357 2740 τὸν
1406 2686 1752 2757 Ἐμμανουὴλ
1805 2680 2033 2739 διαδεί-ζ

2106 2686 2400 2747 Servatore
2453 2690 2720 2760 quispiam
2766 2691 3061 2757 existimet,
3096 2704 3277 2745 nonne
3342 2688 3676 2746 manifestis-

426 2789 618 2826 κνυσι·
657 2773 718 2825 τὸ
756 2773 832 2838 δὲ,
879 2775 1165 2843 γεγονέναι
1219 2775 1337 2847 μὲν,
1389 2776 1743 2849 ἐξεστηκέναι
1783 2777 1840 2830 δὲ
1893 2775 2002 2831 τῶν

425 2861 787 2934 ἀνθρωπίνων
852 2863 1154 2939 ίδιοτήτων,
1232 2867 1330 2925 καὶ
1405 2869 1507 2939 τὴν
1562 2866 2003 2938 προσληφθεῖσαν

427 2952 803 3008 ἀποϐαλέσθαι
836 2955 1036 3026 σάρκα,
1086 2957 1185 3010 καὶ
1217 2957 1355 3029 πρὸς
1405 2956 1503 3028 τὴν
1539 2956 1690 3013 θείαν
1732 2957 2003 3033 ἀκαταληο

425 3043 582 3114 ψίαν,
610 3045 789 3115 πάντη
833 3064 893 3099 τε
929 3046 1024 3100 καὶ
1050 3044 1211 3111 αὖθις
1250 3048 1587 3120 ἀναδραμεῖν
1609 3064 1626 3081 ο
1659 3050 1797 3120 ὅπερ
1844 3048 2003 3103 ἀλλό-

425 3126 582 3204 τριόν
612 3135 732 3187 ἐστι
765 3134 957 3190 πασῶν
987 3136 1097 3192 τῶν
1122 3136 1497 3198 θεοπνεύστων
1529 3138 1785 3210 Γραφῶν,
1820 3139 1877 3193 αἳ
1908 3139 2003 3194 καὶ

428 3224 597 3278 πάλιν
630 3225 792 3279 αὐτὸν
823 3226 1146 3296 ἐληλυθέναι
1171 3226 1359 3301 [pact]
1402 3228 1594 3299 κριτὴν
1619 3229 1867 3301 δηλονότι
1892 3229 2002 3285 τῶν

428 3317 567 3369 ὅλων
595 3317 738 3370 κατά
766 3316 834 3371 τὰ
873 3318 1013 3372 αὑτά
1045 3319 1142 3371 καὶ
1181 3318 1444 3383 ὡσαύτως
1481 3319 1910 3391 θεαθησόμενον,
1941 3322 2002 3375 ὃν

428 3407 633 3480 τρόπον
661 3408 857 3481 ἐθεάθη
890 3411 1004 3472 τοῖς
1041 3409 1312 3481 μαθηταῖς
1355 3411 1521 3465 αὑτοῦ
1551 3414 1646 3465 καὶ
1678 3412 2000 3477 ἀποστόλοις

426 3501 512 3562 είς
543 3498 809 3579 οὐρανοὺς
838 3500 1392 3572 ἀναλαμϐανόμενοςο
1435 3504 1532 3573 τῆς
1571 3502 1630 3556 δὲ
1652 3503 2002 3577 Μανιχαῖκῆς

426 3589 589 3661 δόξης
635 3591 733 3644 καὶ
775 3592 1097 3658 δυσσεϐείας
1125 3593 1188 3647 τὸ
1226 3592 1469 3647 τοιοῦτόν
1513 3596 1663 3649 ἐστιν
1696 3595 2002 3665 ἀνάμεστον

429 3680 876 3752 φρενοϐλαϐοὖς·
934 3685 1029 3737 καὶ
1064 3683 1196 3754 περὶ
1221 3682 1387 3737 αὑτοῦ
1427 3682 1489 3738 τὸ
1520 3682 1615 3737 τοῦ
1658 3682 1805 3753 θείου
1840 3684 2004 3739 Δαϐὶδ

431 3770 871 3843 προσφθέγγεται
927 3773 1109 3842 λόγιον
1170 3775 1232 3829 τὸ
1268 3775 1498 3845 φάσκον,
1568 3775 1673 3830 Ἐν
1726 3774 1806 3841 τῷ
1852 3775 2005 3841 ἡλίῳ

429 3861 598 3917 ἔθετο
627 3863 692 3916 τὸ
730 3863 1023 3934 σκήνωμα
1052 3865 1263 3929 αὐτοῦ,
1292 3865 1390 3936 τὴν
1424 3865 1697 3936 ἀποϐολὴν
1742 3866 1836 3927 καὶ
1868 3867 2002 3921 ἀπό-

432 3952 584 4008 θεσιν
609 3954 989 4025 αἰνιττόμενον
1026 3954 1118 4008 τοῦ
1160 3940 1446 4027 Κυριακοῦ
1507 3956 1711 4029 δηλαδὴ
1744 3958 1840 4012 καὶ
1884 3957 2002 4012 θεο-

429 4045 600 4116 φόρου
632 4043 905 4116 σώματος.

494 4289 516 4319 '
552 4288 672 4343 Act.
712 4301 752 4353 ι,
783 4288 870 4344 ll.
908 4284 931 4319 ³
959 4284 1104 4344 Psal.
1138 4303 1292 4357 svnt,
1318 4288 1374 4344 6.

2105 2773 2244 2829 sime
2293 2776 2493 2846 impius
2542 2777 2841 2832 eritiNam
2892 2779 3065 2848 prima
3098 2778 3314 2848 quidem
3354 2777 3538 2849 opinio
3581 2778 3679 2834 de-
3727 2834 3730 2838 λ

2105 2874 2430 2922 monstraret
2458 2865 2865 2929 Emmanuelem
2894 2869 3035 2932 haud
3069 2884 3197 2923 vere
3239 2867 3443 2925 factum
3498 2868 3677 2923 hami-

2104 2971 2263 3024 nem;
2295 2957 2464 3013 altera
2484 2958 2686 3014 factum
2706 2974 2839 3024 sane
2871 2960 3166 3025 hominem,
3185 2961 3278 3016 sed
3307 2970 3488 3025 tamen
3519 2970 3674 3014 extra

2105 3045 2371 3104 humanas
2392 3050 2756 3120 proprietates
2779 3048 2969 3119 fuisse,
2997 3052 3069 3120 et]
3087 3058 3424 3119 assumptam
3452 3065 3676 3106 carnem

2104 3136 2388 3206 abjecisse,
2419 3149 2584 3210 atque
2612 3141 2680 3195 ad
2703 3139 2940 3195 divinam
2971 3139 3673 3211 incomprehensibilitatem
3749 3139 3752 3142 ’

2105 3244 2294 3285 rursus
2324 3230 2547 3286 omnino
2570 3230 2814 3286 rediisse.
2846 3230 3000 3298 Quod
3046 3231 3258 3287 cunctis
3306 3232 3529 3289 omnino
3591 3230 3676 3286 in-

2105 3318 2328 3388 spiratis
2374 3316 2671 3388 Scripturis
2701 3319 2933 3375 alienum
2960 3329 3067 3385 est,
3111 3335 3233 3389 quae
3284 3330 3447 3375 etiam
3497 3320 3673 3379 denuo

2104 3423 2228 3464 eum
2271 3423 2616 3465 reversurum
2659 3411 2854 3477 aiunt,
2900 3410 3141 3479 judicem
3216 3409 3429 3465 scilicet
3484 3409 3674 3465 eodem

2102 3499 2264 3559 modo
2293 3500 2667 3569 conspicuum,
2692 3516 2800 3569 quo
2836 3502 2983 3556 visus
3030 3500 3134 3554 fuit
3176 3500 3457 3569 discipulis
3510 3510 3674 3569 atque

2103 3589 2365 3661 apostolis
2428 3606 2551 3645 cum
2588 3591 2643 3645 in
2689 3592 2885 3646 coelum
2939 3599 3311 3646 assumeretur
3358 3591 3404 3646 ³.
3437 3587 3670 3651 Contra-

2104 3679 2243 3734 rium
2261 3678 2458 3749 quippe
2485 3689 2850 3735 commentum
2881 3679 3181 3735 manichaea
3219 3679 3465 3734 doctrina
3489 3686 3547 3733 et
3583 3679 3667 3733 in-

2103 3786 2233 3827 sana
2262 3770 2539 3840 impietate
2557 3778 2768 3826 scatet:
2800 3772 2869 3826 de
2889 3785 2997 3840 quo
3029 3769 3136 3825 divi
3172 3769 3392 3825 Davidis
3412 3769 3672 3825 recitatur

2104 3862 2174 3918 ab
2208 3863 2479 3919 haereticis
2509 3863 2709 3918 dictum
2738 3861 2867 3918 illud
2900 3881 2914 3917 :
2959 3860 3026 3917 In
3051 3864 3161 3917 sole
3200 3848 3372 3932 posuit
3422 3863 3672 3916 taberna-

2104 3952 2280 4008 culum
2325 3969 2477 4008 suum
2514 3954 2569 4021 ³;
2599 3952 2795 4024 quibus
2830 3953 3013 4010 verbis
3062 3953 3451 4024 depositionem
3507 3960 3671 4021 atque

2106 4042 2464 4111 abiectionem
2532 4044 2795 4113 Dominici
2845 4042 3145 4115 deil'erique
3214 4042 3461 4112 corporis
3517 4039 3669 4099 innui

2108 4135 2317 4192 dicunt.
2370 4146 2373 4147 '
