4024 6214
390 276 502 340 853

1852 255 2230 335 CANONES.

3546 266 3653 331 854

463 384 564 438 Ili.
631 381 693 436 Ὀ
752 380 1140 452 χευρισάμενος
1186 378 1281 434 τὸν
1326 380 1525 434 ἑαυτοῦ
1576 380 1826 451 πατέρα,
1882 383 1976 435 καὶ
2004 388 2027 443 1

2157 381 2274 438 XII.
2316 382 2418 450 Qui
2454 380 2747 453 pulsaverit
2777 388 2987 451 patrem
3018 391 3174 433 suum
3201 386 3254 433 et
3287 387 3479 447 sponte
3502 380 3655 431 occi-

391 475 724 536 ἀποκτείνας
771 472 1057 533 ἑκουσίως,
1093 471 1161 524 τὰ
1196 469 1292 524 τοῦ
1324 470 1488 539 φόνου
1532 469 1788 542 ἐπιτίμια
1823 471 1973 524 τελέ-

392 583 480 619 σει
507 566 601 635 ἐτη
638 564 929 636 τριάκοντα
956 562 1137 615 πέντε.

466 656 564 711 II".
596 655 753 710 Κατὰ
790 654 1118 725 περίστασιν
1145 656 1239 707 καὶ
1269 654 1499 724 μοναχδς
1521 653 1669 718 λιτὸς
1695 653 1972 724 βαπτίζει,

391 745 655 809 ὡσαύτως
685 747 781 798 καὶ
803 746 1052 810 διάκονος
1076 746 1216 800 κατὰ
1242 745 1565 813 περίστασιν
1596 745 1873 814 βαπτίζει.

466 840 565 894 IA'.
624 838 747 890 Ἐὰν
787 838 929 890 κατὰ
986 837 1211 903 ἄγνοιαν
1261 836 1542 907 πληθυνθῇ
1600 838 1974 907 ἀντιμίνσιον,

2075 472 2240 536 derit,
2288 473 2448 527 annis
2491 472 2712 542 triginta
2755 471 2992 540 quinque
3044 471 3203 539 deget
3235 468 3289 522 in
3343 467 3519 537 pmnis
3552 467 3653 521 Ito-—

2078 562 2304 615 Inicidac.

2156 651 2294 705 XIII.
2323 651 2496 705 Etiam
2522 651 2751 722 simplex
2784 653 3087 707 monachus
3109 668 3171 707 ex
3196 639 3358 706 causa
3389 652 3653 722 baptizat.

2078 752 2137 797 ut
2175 753 2231 797 et
2261 744 2547 799 diaconus.

2154 832 2296 889 XIV.
2334 835 2393 888 Si
2435 836 2814 889 antiminsium
2854 850 2949 903 per
2981 834 3343 903 ignorantiam
3377 832 3655 903 impletum

391 931 456 982 οὐ
498 927 809 998 μολύνεται.
877 929 935 981 '0
968 929 1077 999 γὰρ
1114 928 1384 999 ἁγιασμὸς
1437 930 1497 981 ὲν
1546 927 1697 999 αὐτῷ
1736 931 1873 981 ἐστι.
1904 930 1977 982 Τὸ

2114 925 2172 991 it,
2223 940 2329 978 non
2377 925 2658 994 polluitur.
2705 924 3078 979 Sanctificatio
3128 940 3271 977 ennn
3321 924 3372 978 in
3436 939 3501 977 eo
3553 935 3656 979 est.

393 1020 504 1088 γὰρ
535 1018 680 1088 ἱερὸν
701 1058 716 1078 .
749 1019 946 1089 μιαρὸν
972 1019 1034 1072 οὐ
1067 1020 1293 1086 γίνεται.

466 1111 571 1165 ιε’.
617 1111 679 1162 Οἱ
715 1110 824 1163 ἀπὸ
849 1110 1176 1173 παλλακίδος
1212 1110 1307 1164 καὶ
1351 1110 1609 1180 πορνείας
1632 1113 1727 1164 καὶ
1760 1111 1866 1166 ἀπὸ
1901 1113 1977 1165 δι-

2081 1016 2309 1071 Sacrnm
2356 1018 2525 1084 enim,
2555 1017 2825 1085 impurum
2856 1032 2961 1070 non
2994 1014 3242 1071 ellicitur.

2155 1107 2271 1163 XV.
2315 1108 2416 1175 Qui
2453 1125 2520 1164 ex
2560 1109 2863 1165 concubina
2897 1118 2951 1163 et
2980 1117 3185 1173 scorto,
3232 1117 3287 1163 et
3319 1123 3385 1163 ex
3428 1108 3659 1177 bigamis

392 1202 595 1270 γάμων
640 1202 736 1255 καὶ
779 1201 890 1254 ἀπὸ
918 1200 1223 1271 τριγαμίας
1268 1202 1579 1269 τικτόμενοι
1616 1202 1836 1263 παῖδες,
1884 1202 1979 1256 ἐὰν

2117 1212 2136 1255 t
2167 1202 2413 1273 trigamis
2466 1202 2577 1267 nati
2612 1211 2760 1265 sunt.
2816 1201 2864 1254 si
2902 1202 3198 1255 virtutibus
3252 1200 3460 1271 prmditi
3492 1216 3659 1271 appa-

396 1292 645 1361 φανῶσιν
686 1292 889 1361 ὰρετὰς
918 1291 1134 1362 ἔχοντες
1153 1333 1168 1355 ,
1190 1292 1285 1346 καὶ
1312 1291 1449 1344 εἰσὶν
1482 1290 1622 1356 ἄξιοι
1655 1292 1979 1363 ἱερωσύνης,

395 1382 938 1454 χειροτονείσθωσαν.

475 1472 593 1542 ις’.
624 1474 746 1544 Χρὴ
770 1476 840 1526 τὰ
869 1472 1184 1527 ἁὸἀπτιστα
1212 1474 1405 1545 νήπια,
1434 1473 1529 1527 ἐὰν
1559 1472 1761 1544 εὑρεθῇ
1793 1491 1878 1536 τις
1902 1475 1985 1536 εἰς

398 1568 569 1621 τόπον
604 1567 679 1638 μὴ
699 1567 853 1630 ὄντος
888 1568 1102 1636 ίερέως.
1124 1566 1513 1637 βαπτισθῆναι.
1552 1568 1615 1620 Εί
1644 1567 1899 1637 βαπτίσει
1925 1567 1982 1620 δὲ

400 1660 499 1713 καὶ
546 1659 575 1710 ὁ
606 1658 737 1720 ίδιος
770 1658 954 1729 πατὴρ
976 1699 991 1723 ,
1021 1657 1055 1729 ἢ
1088 1658 1409 1728 οἱοσδήποτε
1439 1657 1765 1729 ἄνθρωπος,
1821 1658 1985 1730 μόνον

401 1749 492 1802 ἵνα
526 1749 644 1801 ἐστὶ
671 1748 1000 1820 Χριστιανὸς
1020 1788 1036 1811 ,
1067 1748 1168 1803 οὐκ
1196 1748 1342 1802 εστιν
1370 1749 1637 1821 ἁμαρτία.

473 1841 574 1896 IZ'.
633 1840 758 1894 Ὀτι
810 1842 873 1894 οὐ
918 1842 1026 1912 χρὴ
1081 1842 1426 1913 μεταδιδόναι
1475 1844 1589 1904 τοῖς
1644 1841 1983 1912 λαμϐάνουσι

401 1933 599 1998 τόκον,
648 1932 682 2003 ἢ
742 1934 1045 1989 συνεσθίειν
1094 1935 1309 2001 αὐτοῖς,
1345 1934 1668 2006 ἐπιμένουσι
1703 1939 1773 2009 τῇ
1802 1954 1985 2009 παρα-

401 2025 591 2096 νομίᾳ.

2084 1305 2259 1359 reant,
2298 1304 2354 1348 et
2378 1295 2489 1348 sint
2518 1294 2827 1350 sacerdotio
2856 1294 3024 1365 digni,
3055 1295 3396 1349 ordinentur.

2156 1474 2296 1530 XVI.
2339 1475 2580 1531 Infantes
2611 1492 2717 1531 non
2744 1477 3048 1546 baptizatos
3079 1477 3376 1546 oportet,si
3404 1491 3512 1546 quo
3541 1478 3662 1533 loco

2086 1568 2394 1635 reperiatur
2445 1568 2590 1636 quis,
2632 1569 2723 1623 ubi
2766 1583 2870 1622 non
2917 1569 2986 1621 sit
3046 1570 3324 1635 sacerdos,
3374 1568 3660 1637 baptizari.

2086 1658 2239 1725 Quod
2291 1659 2347 1731 si
2382 1658 2464 1713 vel
2518 1667 2706 1728 pater,
2741 1670 2833 1713 aut
2876 1659 3106 1730 quilibet
3159 1659 3316 1726 alius,
3374 1661 3532 1715 modo
3595 1662 3665 1716 sit

2091 1750 2457 1815 Christianus,
2490 1750 2750 1820 haptizet,
2782 1758 3064 1820 peccatum
3100 1766 3205 1805 non
3242 1746 3555 1805 committit.

2167 1839 2329 1896 XVII.
2370 1839 2602 1896 Usuram
2635 1841 3027 1910 accipientibus
3069 1857 3174 1895 non
3208 1840 3662 1911 snntelargienda

2092 1939 2431 1987 sacramenta
2463 1948 2484 1984 ι
2512 1944 2611 1984 nec
2630 1945 2755 1985 cum
2790 1932 3264 1999 perseverantibus
3290 1931 3344 1986 in
3382 1930 3668 2002 iniquitate

2094 2021 2463 2081 communiter
2497 2021 2654 2076 cibus
2691 2022 3008 2078 sumendus.

1731 2305 2348 2394 APPENDIX

1244 2480 1353 2540 AD
1391 2465 1760 2543 CANON'ES
1804 2476 2243 2541 NICEPHORI
2276 2478 2840 2542 PATRIARCHIE.

1522 2630 1620 2692 (Ex
1644 2629 1821 2693 Suppl.
1860 2626 2035 2691 Mansi,
2064 2632 2186 2683 tom.
2219 2629 2257 2690 ῐ,
2282 2642 2395 2693 pag.
2429 2628 2566 2693 805.)

483 2868 675 2925 Sancti
704 2865 998 2939 Nicephori
1020 2867 1612 2939 Constantinopolitani
1642 2870 1993 2942 patriarchae,

412 2968 472 3014 et
490 2961 809 3015 orthodoxae
829 2962 896 3013 de
913 2960 1265 3015 veneratione
1282 2970 1592 3015 sanctarum
1613 2961 1909 3031 imaginum
1935 2960 2000 3016 Ii-

2107 2881 2349 2924 canones
2377 2865 2454 2921 illi
2481 2864 2716 2922 extracti
2751 2869 2899 2927 sunt,
2948 2870 3003 2916 et
3030 2861 3253 2932 quinam
3299 2865 3511 2913 exstent
3547 2856 3677 2910 cdlti

2107 2958 2160 3013 in
2182 2958 2313 3013 Jure
2342 2956 2533 3014 Graeco
2558 2957 2803 3011 Romano
2823 2962 2877 3008 et
2905 2952 3030 3007 alibi
3054 2970 3070 3020 ;
3096 2950 3188 3021 qui
3215 2964 3345 3004 vero
3367 2963 3425 3004 se
3447 2949 3679 3017 primum

414 3050 502 3105 dei
524 3049 853 3105 confessoris
871 3048 1574 3118 egregii,canones,quosin
1591 3050 1762 3106 variis
1779 3050 1999 3122 synodis
2027 3080 2072 3137 ς
2105 3060 2329 3105 eruente
2354 3049 2607 3115 prodant.
2641 3047 2910 3103 Czeterum
2946 3043 3208 3098 obscuros
3246 3040 3366 3095 illos
3399 3041 3557 3137 ritus,
3591 3036 3681 3137 qui

414 3143 532 3195 suis
561 3142 802 3195 condidit
833 3156 899 3196 ex
930 3141 1055 3210 jure
1080 3140 1271 3195 Graeco
1306 3140 1557 3194 Romano
1582 3151 1870 3209 excerptos
1898 3141 1997 3197 des

414 3232 500 3284 dit
539 3230 789 3285 Labbeus
830 3242 960 3285 tom.
1001 3229 1099 3293 IX,
1150 3247 1273 3300 pag.
1304 3230 1435 3296 387,
1467 3228 1691 3285 Veneta:
1718 3232 1995 3288 editionis.

420 3322 528 3375 Sed
560 3338 681 3374 t'IlIII
724 3321 797 3376 ibi
846 3321 1017 3376 tnntiIi
1047 3330 1104 3376 et
1157 3322 1287 3376 hinc
1334 3321 1462 3376 inde
1501 3323 1742 3392 excerpti
1782 3338 2003 3393 compa-

421 3422 616 3487 reant;
663 3414 782 3466 ideo
807 3413 1132 3480 integriores
1167 3414 1288 3467 illos
1321 3413 1374 3466 in
1419 3428 1578 3479 nova,
1614 3413 1659 3467 si
1692 3428 1814 3480 quae
1835 3414 2002 3467 ador-

422 3518 668 3571 naretur,
735 3505 1066 3560 Collectione
1128 3505 1495 3561 Conciiiorum
1535 3513 1797 3573 optarunt
1865 3505 2002 3560 buc-

427 3612 598 3666 nsqne
638 3598 840 3651 habere
889 3596 1088 3650 eruditi
1121 3614 1138 3651 :
1173 3611 1351 3666 neque
1396 3611 1486 3651 res
1514 3607 1632 3650 erat
1677 3595 1957 3665 deplorata
1982 3635 2000 3661 ,

424 3702 550 3743 cum
598 3687 753 3755 plura
796 3695 985 3741 essent
1024 3687 1297 3741 volumina
1354 3700 1583 3751 excusa,
1633 3687 1778 3739 unde
1826 3684 2007 3755 colligi

427 3776 753 3843 potuissent,
786 3787 840 3829 et
873 3775 927 3829 in
976 3775 1195 3829 easdem
1240 3773 1605 3828 Collectioues
1642 3773 1860 3829 referri.
1896 3772 2007 3829 Sed

427 3867 575 3920 hunc
620 3865 860 3920 laborem
916 3863 1151 3919 Venetus
1202 3863 1403 3918 Labbei
1459 3865 1637 3919 editor
1677 3874 1733 3919 et
1786 3868 2006 3935 supple-

429 3966 737 4012 mentorum
769 3966 962 4011 auctor
990 3956 1209 4025 refugit.
1244 3954 1399 4034 Hune
1441 3953 1557 4023 eius
1608 3955 1877 4010 defectum
1924 3956 2014 4012 hic

438 4048 804 4117 supplendum
831 4048 986 4113 duxi,
1018 4062 1255 4101 canones
1284 4047 1406 4102 illos
1428 4047 1697 4103 exhibens
1747 4049 2014 4120 integrio-

432 4157 524 4195 res
556 4152 609 4193 et
650 4155 875 4215 potuero
917 4140 1174 4209 majores,
1204 4139 1395 4207 quales
1424 4154 1490 4192 ex
1535 4154 1636 4193 ms.
1673 4141 1863 4194 codice
1897 4140 2014 4194 vul-

430 4230 579 4297 gavit
613 4227 918 4284 Cutelerius
941 4227 1268 4282 Monument.
1298 4237 1429 4282 tom.
1462 4225 1526 4280 III
1548 4266 1565 4291 ,
1604 4242 1728 4297 pag.
1754 4227 1883 4281 445.
1915 4228 2012 4282 IIis

435 4334 569 4373 vero
622 4319 865 4388 adjicere
901 4320 1075 4374 visum
1110 4327 1193 4374 est
1227 4333 1468 4374 canones
1513 4317 1824 4383 nonnullos,
1878 4335 2014 4389 quos

2106 3139 2160 3194 in
2192 3140 2279 3194 his
2309 3141 2608 3194 canonibus
2636 3148 2959 3209 tanguntur,
2996 3135 3040 3190 si
3075 3133 3196 3203 quis
3230 3145 3392 3186 nosse
3429 3129 3681 3193 voluerit,

2106 3230 2268 3284 adeat
2297 3229 2558 3285 Goarium
2591 3230 2644 3283 in
2672 3227 3025 3295 Enchologio,
3060 3235 3123 3280 et
3152 3222 3417 3292 Cangium
3449 3223 3501 3276 in
3524 3220 3683 3276 Glos-

2105 3322 2253 3377 sario
2315 3322 2642 3377 Grzecitatis.
2708 3321 2803 3376 His
2855 3335 2987 3374 vero
3054 3316 3355 3371 canonibus
3407 3313 3687 3384 subjungit

2104 3413 2410 3470 Cotelerius
2463 3413 2751 3482 epistolam
2808 3409 2870 3465 S.
2926 3407 3214 3478 Nicepltori
3261 3406 3582 3476 patriarcha:
3634 3413 3685 3459 et

2106 3507 2453 3579 confessoris,
2498 3520 2659 3575 quam
2691 3501 3099 3571 inscriptionem
3151 3499 3205 3553 in
3238 3513 3343 3553 ms.
3373 3497 3561 3551 codice
3603 3510 3688 3549 re-

2108 3592 2286 3675 perit;
2320 3615 2439 3671 quae
2487 3612 2621 3653 sane
2667 3594 2894 3664 epistola
2947 3592 3241 3647 canonicas
3301 3589 3689 3659 responsiones

2111 3695 2179 3750 ad
2212 3690 2672 3763 interrogationes
2709 3685 2995 3754 cujusdam
3024 3684 3269 3740 exhibet.
3300 3682 3399 3736 Diu
3435 3680 3691 3734 tnnltum-
3754 3706 3757 3707 ν

2112 3798 2222 3855 que
2249 3782 2382 3837 lnesi
2422 3794 2646 3848 anceps,
2677 3791 2803 3831 num
2832 3775 2971 3829 hanc
3010 3774 3215 3844 pariter
3250 3772 3304 3826 in
3344 3785 3515 3824 meam
3549 3769 3688 3823 hanc

2114 3874 2494 3930 collectionem
2530 3868 2813 3932 referrem,
2859 3866 3067 3920 veritus
3103 3878 3170 3919 ne
3211 3864 3354 3916 forte
3389 3876 3495 3915 non
3529 3859 3690 3914 Nice—

2113 3963 2269 4034 phori
2330 3957 2913 4027 Constantinopolitani
2976 3956 3318 4025 patriarcbzc,
3367 3954 3459 4008 scd
3514 3953 3693 4019 potius

2120 4056 2362 4111 doctoris
2419 4052 2699 4122 cujusdam
2761 4049 2993 4121 privati,
3050 4060 3245 4114 nempe
3296 4044 3354 4098 S.
3420 4042 3690 4097 Theodori

2118 4147 2349 4202 Stutlitte
2412 4145 2623 4200 sanctio
2689 4144 2936 4197 habenda
2999 4139 3090 4200 sit,
3145 4152 3267 4190 cum
3324 4136 3509 4203 reipsa
3555 4135 3696 4188 inter

2118 4239 2379 4310 epistoIas
2431 4236 2491 4291 S.
2537 4232 2805 4289 Theodori
2858 4234 2888 4284 it
2939 4227 3234 4282 Sirmondo
3293 4227 3468 4279 editas
3519 4227 3694 4278 locum

2119 4344 2276 4385 suum
2314 4326 2573 4382 vindicet.
2623 4324 2821 4379 Verum
2869 4320 3051 4377 omnia
3107 4317 3294 4373 sedulo
3336 4316 3698 4386 perquirendo

437 4412 875 4481 IlermenOpulus
910 4414 963 4466 in
998 4428 1096 4467 sua
1149 4428 1420 4467 canonum
1458 4413 1697 4483 epitome
1750 4415 2012 4481 servavit,
2047 4407 2228 4491 Djam
2260 4418 2477 4474 tandem
2505 4416 2837 4485 comperisse
2874 4426 2959 4468 me
2982 4410 3218 4465 arbitror
3238 4407 3525 4476 epistolam
3560 4406 3700 4459 bane

434 4506 502 4558 iis
551 4516 733 4559 tamen
782 4504 1066 4571 detractis,
1098 4519 1237 4575 quos
1265 4503 1376 4573 jam
1418 4504 1672 4560 Labbeus
1727 4505 1910 4571 dedit;
1948 4520 2011 4558 ex

434 4596 631 4662 quibus
674 4598 927 4650 omnibus
976 4598 1320 4665 ueterisque,
1367 4610 1506 4664 quos
1543 4611 1608 4651 ex
1659 4595 1791 4651 Jure
1825 4595 2049 4652 Graeco-

437 4688 474 4711 “
503 4702 682 4741 unano
724 4686 974 4742 Labbeus
1021 4688 1284 4751 corrasit,
1329 4688 1566 4757 integra,
1593 4698 1856 4757 quantum
1901 4689 2017 4744 Iicri

462 4780 656 4846 ,ουιυίῃ
681 4778 930 4833 collectio
959 4792 1226 4832 canonum
1258 4775 1552 4846 Nicephori
1606 4780 1933 4849 patriarcha:
1965 4781 2018 4834 in

446 4868 784 4923 Collectione
811 4868 1180 4923 Conciliorum
1210 4869 1493 4923 habeatur.
1521 4868 1844 4939 Quanquam
1886 4885 2017 4925 vero

440 4962 497 5015 in
537 4962 622 5025 iis,
662 4976 801 5031 quos
834 4977 901 5016 ex
929 4958 1199 5016 Cotelerio
1236 4959 1474 5016 inferius
1502 4961 1757 5028 exhibeo,
1783 4977 2021 5018 canones

440 5055 659 5120 quidam
692 5064 1014 5119 occurrunt,
1046 5067 1185 5123 quos
1237 5053 1445 5123 pariter
1476 5054 1645 5108 babes
1689 5055 1831 5123 apud
1872 5052 2014 5108 Lab—

441 5144 605 5200 beutn
668 5143 954 5212 repetitos,
1017 5143 1348 5198 omittendos
1416 5153 1593 5197 tamen
1646 5159 1754 5199 non
1812 5146 2020 5211 censui,

452 5242 564 5285 tum
595 5247 663 5287 ne
688 5230 1083 5287 Collectionem
1109 5246 1379 5286 canonum
1413 5230 1730 5302 Nicephori,
1766 5248 1927 5303 quam
1968 5235 2021 5288 in

445 5324 619 5378 veteri
668 5325 858 5379 codice
916 5323 1224 5380 Cotclerius
1272 5322 1538 5390 oﬂ'endit,
1581 5325 1634 5378 in
1689 5326 1872 5394 aliquo
1922 5326 2024 5379 mi-

445 5429 697 5479 nueretn,
735 5431 863 5469 cum
898 5417 1061 5470 etiam
1094 5417 1147 5470 in
1176 5417 1405 5485 gratiam
1445 5417 1804 5470 accuratioris
1824 5420 2026 5472 versio-

447 5506 541 5561 nis
589 5508 955 5562 a'Cotclerio
1004 5509 1305 5563 adornatae.
1362 5507 1621 5563 Cotelcrii
1679 5523 1809 5563 vero
1867 5519 2023 5566 notas

447 5597 783 5664 adjiciendas
828 5599 1054 5656 minime
1086 5601 1298 5665 censui,
1330 5602 1476 5671 quod
1532 5599 1664 5654 nihil
1709 5603 2025 5671 plerumque

458 5690 604 5749 aliud
644 5693 843 5753 ferant.
888 5708 1047 5761 quam
1072 5693 1332 5749 indicitnn
1366 5694 1695 5763 pluteorum,
1727 5710 1791 5748 ex
1828 5694 2025 5763 quibus

2120 4512 2284 4581 plane
2315 4509 2688 4579 abnegandam
2748 4518 2869 4560 esse
2905 4502 3233 4571 Nicephoro,
3305 4509 3358 4554 et
3410 4497 3701 4552 Tbcodor‘o

2122 4608 2352 4665 Studita:
2393 4605 2762 4661 asserendam.
2797 4602 2854 4656 Id
2888 4599 3021 4655 mihi
3073 4597 3314 4652 indicare
3342 4598 3456 4648 visa
3487 4602 3570 4647 est
3602 4606 3701 4661 pe-

2126 4700 2311 4755 riocha
2373 4698 2460 4751 illa
2493 4711 2598 4766 qua
2649 4691 2881 4763 epistola
2935 4687 3205 4744 clauditur
3260 4702 3273 4739 :
3318 4683 3445 4739 Παίς
3490 4684 3701 4751 quidem

2122 4789 2241 4854 tibi,
2270 4799 2523 4857 tanquam
2554 4784 2818 4850 unanimi,
2854 4792 2901 4837 et
2942 4780 3326 4834 collaboratori
3380 4792 3471 4830 nos
3504 4775 3703 4845 proci-

2127 4881 2273 4933 ribus
2328 4878 2696 4946 explicuimus.
2755 4874 2833 4926 Tu
2867 4889 2984 4929 vero
3029 4880 3139 4925 tute
3192 4861 3472 4939 fratribus,
3509 4869 3598 4940 qui
3656 4879 3703 4921 te

2124 4970 2605 5037 interrogaverunt,
2642 4966 2861 5026 tradita,
2906 4974 3013 5018 etc.
3052 4963 3158 5016 Ista
3202 4961 3421 5028 quidem
3479 4959 3704 5028 aequalis

2131 5070 2261 5117 sunt
2300 5060 2367 5113 ad
2398 5062 2679 5128 aequalem,
2710 5057 2888 5126 qualis
2927 5055 3173 5126 profecto
3212 5063 3331 5107 erat
3386 5051 3695 5107 Methodius

2129 5151 2429 5205 monachus
2488 5147 2595 5218 (cui
2632 5148 2891 5214 inscripta
2949 5146 3066 5200 haec
3096 5142 3328 5214 cpistola
3362 5144 3504 5197 inter
3533 5155 3698 5209 opera

2129 5241 2404 5296 Theodori
2441 5238 2667 5293 Studita:
2702 5238 2945 5308 legitur),
2991 5252 3118 5306 erga
3150 5237 3397 5290 euntdem
3452 5232 3702 5287 'I'heodo-

2131 5348 2248 5386 rum
2279 5329 2585 5394 Studitam,
2620 5328 2766 5381 nulla
2801 5342 2929 5382 vero
2960 5327 3239 5397 dignitatis
3274 5323 3509 5393 aequatio
3539 5323 3709 5376 inter-

2129 5422 2331 5476 cedere
2370 5422 2513 5475 inter
2565 5415 2898 5474 IlIc'thodium
2950 5427 3006 5472 et
3044 5417 3413 5484 Nicephorum
3455 5423 3702 5482 poterat;

2133 5496 2303 5581 quare
2325 5527 2386 5566 ea
2411 5512 2655 5581 neglecta
2683 5520 2868 5581 utpote
2887 5508 3131 5563 hominis
3157 5504 3354 5574 privati
3387 5505 3706 5565 monitione,

2130 5620 2236 5658 non
2266 5604 2529 5661 canonica
2556 5605 2794 5675 episcopi
2823 5600 3134 5665 sanctione,
3162 5598 3376 5667 reliqua
3402 5612 3468 5653 cx
3492 5596 3710 5654 Cotele-

2132 5695 2212 5752 rio
2239 5696 2450 5752 damus.
