4024 6214
387 198 493 262 855

1423 206 1485 267 S.
1523 206 1945 269 NICEPHORI
1980 207 2487 269 ΡΑΤΒΙΑΒΕΗΑΞ
2519 206 2627 267 CP.

3536 208 3645 273 856

387 306 449 362 S.
500 304 871 380 NICEPHORI
916 309 1753 380 CONSTANTINOPOLITANI,
1795 313 1964 370 CON-

2107 317 2206 372 ὈΥ
2244 317 2336 369 EN
2372 295 2595 369 AFlOIE
2629 312 3034 367 mxmoror
3066 313 3645 372 KoNxTAN'nNor.

824 379 1178 449 FESSORIS,
1206 382 1527 438 CANONES

388 486 476 541 Ea:
491 490 862 563 ecclesiasticis
893 490 1367 549 Constitutiouibus
1394 496 1561 563 ipsius
1578 504 1628 550 et
1656 507 1961 553 sanctorum

583 559 801 613 Patrum
833 576 951 615 cum
981 579 1043 616 eo
1067 559 1500 634 congregatarum
1532 565 1760 620 collecti.

2178 387 2465 450 ΠΟΛΕΩΣ,
2503 385 2641 439 ΤΟΥ
2674 384 3167 450 ΟΜΟΛΟΙἮΤΟΥ,
3207 387 3537 441 ΚΑΝΟΝΕΣ

2076 497 2171 551 Ἐκ
2219 497 2342 551 τῶν
2385 494 2912 562 ἐκκλησιαστικῶν
2952 496 3141 550 αὑτοῦ
3185 496 3510 562 διατάξεων
3544 500 3644 556 καὶ

2336 564 2457 618 τῶν
2482 565 2607 619 σὺν
2652 563 2814 630 αὐτῷ
2857 565 3044 635 ἁγίων
3066 568 3366 636 Πατέρων.

1583 681 1783 744 (liuet,
1808 679 1991 734 Concil.
2015 682 2053 729 ι.
2079 678 2207 739 XIV,
2237 692 2290 741 p.
2315 677 2450 740 525.)

457 776 498 837 Ι.
535 774 593 838 Si
623 798 723 854 per
750 784 1115 855 ignorantiam
1162 786 1537 844 antiminsium
1562 787 1734 846 lotum
1769 790 1956 855 fuerit,

386 884 493 925 non
528 871 733 927 amittit
758 872 1270 942 sanctiﬁcationem,
1307 890 1485 947 neque
1511 878 1796 947 profanum
1823 878 1906 931 iit.

455 959 522 1013 ll.
572 958 828 1029 Bigamus
863 976 971 1017 non
1001 970 1333 1026 coronatur;
1372 963 1502 1033 quin
1549 963 1729 1032 potius
1768 977 1964 1017 censu-

387 1062 507 1103 ram
543 1048 704 1105 habet
741 1064 850 1105 non
880 1051 1216 1122 percipiendi
1237 1050 1585 1107 immaculata
1622 1056 1981 1107 sacramenta

388 1140 601 1197 duobus
628 1140 820 1208 annis;
845 1142 1114 1213 trigamus
1134 1157 1260 1200 vero
1286 1144 1445 1199 annis
1465 1144 1729 1214 quinque.

459 1230 554 1289 Ill.
587 1233 689 1298 Oui
719 1249 788 1290 ex
828 1236 1157 1291 necessitate
1181 1237 1248 1291 ad
1305 1236 1473 1291 breve
1509 1244 1719 1305 tempus
1760 1235 1814 1289 in
1862 1228 1964 1289 Ec-

390 1327 578 1383 clesia:
603 1325 877 1382 Narthece
902 1328 1240 1382 mansionem
1271 1323 1483 1391 iecerit,
1503 1341 1610 1381 non
1632 1324 1966 1381 condemna-

2135 785 2216 840 A'.
2258 786 2387 840 Ἐάν
2432 784 2576 840 κατὰ
2612 783 2837 854 ἄγνοιαν
2883 776 3061 855 πλυθῇ
3093 786 3436 856 ἀντιμίνσιον
3467 798 3514 854 θ,
3543 786 3649 841 οὒκ

2066 877 2390 933 ἀποτίθεται
2419 876 2511 930 τὸν
2539 876 2817 945 άγιασμδν
2836 915 2853 941 ,
2880 875 3004 929 οὐδὲ
3031 874 3261 946 βέϐηλον
3286 870 3523 944 γίνεται.

2137 971 2216 1023 B'.
2258 969 2318 1023 ὀ
2361 969 2595 1038 δίγαμος
2638 969 2703 1021 οὐ
2735 967 3099 1036 στεφανοῦται
3125 986 3139 999 ’
3172 967 3313 1022 ἀλλὰ
3340 969 3435 1022 καὶ
3472 971 3651 1022 imu-

2072 1060 2242 1130 μᾶται
2282 1057 2361 1130 μὴ
2390 1056 2713 1129 μεταλαϐεῖν
2737 1057 2847 1113 τῶν
2870 1058 3162 1129 άχράντων
3201 1058 3521 1131 μυστηρίων
3549 1061 3648 1131 ἐτη

2067 1144 2163 1203 δύο
2185 1167 2199 1182 ⁸
2225 1151 2255 1204 ό
2276 1149 2331 1202 δὲ
2352 1150 2625 1220 τρίγαμος
2662 1147 2760 1219 ἐτη
2792 1150 2981 1205 πέντε.

2140 1239 2215 1293 l".
2264 1239 2326 1293 '0
2365 1238 2426 1304 ἐξ
2460 1240 2708 1312 ἀνάγκης
2744 1241 2831 1294 ἐπ’
2864 1240 3047 1310 ὀλίγον
3076 1241 3270 1313 χρόνον
3311 1241 3372 1297 ὲν
3407 1241 3488 1314 τῷ
3519 1241 3651 1315 νάρ-

2068 1329 2198 1401 θηκι
2257 1332 2359 1400 τῆς
2402 1328 2735 1399 Ἐκκλησίας
2784 1332 3105 1404 καταμονὴν
3136 1320 3541 1409 ποιησάμενος,
3585 1337 3649 1391 οὔ

392 1429 484 1474 tur
518 1434 533 1472 :
566 1420 709 1488 quod
737 1420 782 1473 si
808 1419 1077 1473 manserit
1105 1418 1222 1486 ditt,
1258 1419 1374 1489 ipse
1394 1419 1611 1488 quidem
1641 1433 1762 1472 cum
1793 1416 1967 1486 poenis

2107 1422 2457 1493 ατακρίνεται
2482 1439 2496 1454 ’
2527 1423 2624 1478 ἐὰν
2654 1422 2713 1476 δὲ
2750 1424 3006 1495 χρονίσῃ,
3037 1425 3202 1489 αὐτὸς
3235 1420 3336 1497 μὲν
3365 1427 3488 1496 μετ’
3525 1428 3653 1479 ἐπι-

389 1508 863 1579 pdz‘nitentialibus
913 1508 1187 1579 ejicietur,
1228 1508 1489 1579 templum
1541 1522 1673 1563 vero
1709 1520 1832 1578 qua:
1865 1520 1966 1562 sua

2107 1513 2265 1585 ιμίων
2314 1512 2715 1584 ἐκϐληθήσεται
2738 1550 2755 1580 ,
2805 1514 2835 1566 ὁ
2888 1512 2947 1567 δὲ
2999 1515 3131 1578 ναὸς
3189 1514 3530 1587 ἀπολήψεται
3579 1516 3650 1569 τὰ

392 1605 521 1652 sunt
548 1598 795 1667 recipiet.

2107 1606 2266 1658 ίκιῖα.
3421 1666 3434 1678 ⁸

468 1687 559 1742 IV.
615 1688 879 1743 lutestato
937 1688 1324 1755 morientium,
1378 1689 1480 1758 pias
1538 1688 1858 1760 largitiones
1915 1695 1967 1741 et

2139 1697 2214 1749 A'.
2259 1692 2383 1748 Τῶν
2433 1690 2733 1759 causam;
2772 1694 3188 1760 τελευτώντων,
3237 1696 3345 1768 χρὴ
3394 1696 3654 1767 δέχεσθαι

394 1776 699 1833 oblationes
745 1793 846 1848 pro
892 1778 1031 1848 ipsis
1076 1777 1236 1835 facta:
1288 1780 1653 1850 suscipienda:
1701 1788 1865 1845 sunt;
1921 1777 1967 1833 si

2107 1785 2172 1851 ὰς
2194 1785 2337 1857 ὑπὲρ
2356 1786 2538 1841 αὐτῶν
2561 1786 2857 1857 γινομένας
2880 1786 3131 1850 εὐποιίας
3147 1803 3162 1818 ο
3187 1787 3304 1854 εῐγε
3329 1789 3423 1841 καὶ
3447 1788 3653 1852 ζῶντες

394 1868 616 1937 quidem
652 1868 704 1923 in
757 1869 867 1924 vita
917 1870 1261 1941 propositum
1313 1869 1629 1938 habuerint,
1659 1879 1720 1925 ut
1768 1870 1840 1925 ita
1888 1881 1967 1924 ea

2107 1876 2334 1949 πρόθεσιν
2365 1872 2511 1947 εἶχον
2543 1875 2638 1931 τοῦ
2664 1877 2809 1931 οὔτω
2834 1876 3038 1941 ταύτας
3062 1877 3404 1949 τελεσθῆναι.

396 1970 590 2029 praesta
601 1962 810 2016 rentur.

473 2050 537 2105 ν.
575 2049 633 2107 Si
663 2053 1027 2111 Annuntiatio
1056 2055 1311 2110 inciderit
1336 2054 1390 2109 iu
1418 2068 1667 2125 magnam
1688 2052 1967 2119 Quintam,

2140 2057 2218 2111 E'.
2287 2056 2416 2115 Ἐὰν
2482 2056 2667 2128 φθάσῃ
2738 2059 2766 2112 ὁ
2820 2057 3240 2129 Εὑαγγελισμὺς
3291 2060 3359 2129 τῇ
3436 2059 3650 2129 μεγάλῃ

396 2144 481 2198 νεῖ
513 2159 764 2216 magnam
790 2145 1164 2213 Parasceven,
1195 2160 1304 2201 non
1338 2145 1735 2215 delinquimus,
1771 2143 1816 2199 si
1843 2151 1967 2198 tunc

2107 2144 2329 2216 [ἐμπτῃ,
2369 2145 2404 2215 ἢ
2461 2147 2530 2215 τῇ
2578 2144 2791 2217 μεγάλῃ
2837 2147 3197 2217 Παρασκευῇ,
3247 2148 3349 2218 οὐχ
3398 2147 3651 2217 ἁμαρτά-

395 2236 581 2290 viuum
608 2245 665 2290 et
702 2236 883 2306 pisces
910 2237 1331 2306 sumpserimus.

2107 2252 2234 2307 ομεν
2253 2234 2399 2289 οἴνου
2424 2236 2729 2306 τηνικαῦτα
2751 2238 3270 2311 μεταλαμϐάνοντες
3293 2239 3389 2292 καὶ
3417 2237 3641 2308 ίχθύων.

416 2349 427 2358 ·
475 2327 562 2383 Ἣ.
594 2328 696 2394 Qui
744 2328 798 2382 in
844 2328 1238 2385 monachorum
1269 2320 1617 2399 praepositum
1652 2327 1967 2385 benedictus

2143 2324 2237 2394 ς’.
2292 2326 2351 2379 '0
2372 2324 2533 2401 ,ἔχων
2566 2326 2735 2397 εὐχὴν
2785 2327 3089 2397 ἡγουμένου
3121 2326 3496 2398 πρεσϐύτερος
3534 2326 3648 2391 ὢν,

398 2428 453 2473 et
482 2426 838 2474 consecratus
881 2419 1005 2482 fuit,
1033 2429 1227 2490 estque
1253 2420 1566 2491 presbyter,
1601 2420 1862 2475 lectorem
1904 2430 1967 2472 ac

2109 2420 2373 2488 ειροτονεῖ
2413 2419 2769 2488 ἀναγνώστην
2807 2419 2905 2472 καὶ
2946 2418 3305 2472 ὐποδιάκονον
3345 2421 3403 2472 ὲν
3431 2421 3499 2489 τῇ
3544 2418 3651 2491 ίδίᾳ

398 2510 797 2565 subdiacouum
827 2509 881 2565 in
916 2511 1140 2580 proprio
1168 2511 1504 2565 monasterio
1528 2509 1767 2564 ordinat.
2075 2504 2232 2580 μονῇ.

478 2595 591 2657 VII.
629 2602 687 2658 Si
723 2604 847 2673 quis
889 2618 1060 2674 usque
1094 2604 1161 2660 ad
1195 2619 1367 2678 annos
1397 2604 1583 2675 viginti
1611 2614 1667 2660 et
1718 2604 1887 2667 ultra,
1918 2603 1967 2657 in

2143 2602 2220 2655 Z'.
2266 2598 2392 2653 Ἐάν
2416 2616 2502 2663 τις
2518 2599 2576 2653 ὲν
2612 2599 2821 2672 ἀσωτίᾳ
2850 2596 3015 2670 ἔζησε
3052 2600 3249 2671 μέχρις
3272 2600 3414 2654 ἐτῶν
3446 2601 3647 2666 ετκοσι,

398 2693 530 2749 luxu
560 2706 615 2750 et
643 2695 862 2750 luxuria
893 2695 1114 2763 vixerit,
1165 2696 1361 2751 deinde
1390 2711 1520 2751 vero
1559 2695 1777 2751 virtutis
1806 2708 1967 2765 opera

2153 2692 2249 2745 καὶ
2291 2692 2571 2757 ἐπέκεινα,
2604 2687 2723 2744 εἶτα
2756 2694 2899 2763 φανῇ
2947 2691 3117 2745 ποιῶν
3150 2692 3288 2761 ἔργα
3330 2693 3560 2762 άρετῆς,
3592 2693 3649 2745 οὐ

399 2784 584 2841 facere
617 2787 870 2857 cognitus
898 2785 1086 2851 fuerit,
1117 2802 1223 2841 non
1271 2794 1489 2854 oportet
1534 2802 1657 2842 eum
1698 2785 1967 2842 ordinari.

2108 2782 2179 2854 ρὴ
2208 2782 2372 2837 αὑτὸν
2418 2781 2869 2855 χειροτονεῖσθαι.
2905 2783 2981 2836 Τὸ
3023 2782 3137 2853 γὰρ
3170 2782 3320 2853 ἱερὸν
3351 2783 3650 2854 άμόλυντον

399 2877 554 2945 Quod
573 2867 720 2932 enim
750 2891 969 2933 sacrum
992 2886 1101 2940 est.
1133 2877 1475 2947 impollutum
1501 2893 1626 2933 esse
1647 2878 1830 2934 debet.

469 2964 607 3021 Vlll.
642 2965 745 3033 Qui
777 2982 843 3022 ex
869 2967 1193 3033 concubina,
1226 2976 1321 3023 aut
1346 2967 1583 3038 digamis
1614 2967 1698 3022 vel
1728 2968 1974 3038 trigamis

2072 2869 2339 3020 “1:631.
2376 2966 2488 3021 άπὸ
2536 2963 2866 3029 παλλακίδος
2903 2965 2938 3037 ἢ
2969 2965 3219 3035 διγάμων
3267 2965 3299 3036 ἢ
3357 2964 3638 3035 τριγάμων

399 3057 515 3113 nati
569 3069 730 3121 sunt,
795 3059 956 3114 modo
1029 3059 1195 3115 vitam
1252 3059 1603 3116 exhibuerlnt
1666 3060 1967 3117 sacerdotio

2114 3057 2388 3130 ικτόμενοι
2427 3059 2640 3124 παῖδες,
2672 3059 2773 3113 ἑὰν
2805 3058 2956 3125 άξιον
2986 3057 3285 3130 ἱερωσύνης
3328 3057 3635 3122 ἐπιδείξων-

399 3147 646 3216 dignam,
676 3150 1026 3221 ordinantur.

471 3238 564 3293 IX.
614 3240 805 3295 Divina
836 3240 1151 3296 communio
1183 3241 1443 3298 tradenda
1473 3251 1560 3298 est
1600 3241 1887 3312 aegrotanti
1916 3241 1972 3301 in

398 3330 645 3401 periculo
677 3333 891 3401 mortis,
922 3332 1137 3389 etiamsi
1167 3332 1350 3389 cibum
1380 3334 1698 3405 sumpserit.

472 3508 539 3567 Χ.
585 3504 814 3578 Oportet
862 3508 1212 3567 salutationis
1237 3522 1401 3567 causa
1454 3522 1594 3582 genu
1631 3508 1847 3567 ﬂectere
1888 3511 1976 3567 die

404 3598 703 3670 Dotuiuico,
753 3615 808 3661 ct
851 3621 950 3676 per
984 3615 1155 3662 totam
1201 3605 1602 3670 Pentecosten;
1654 3617 1762 3659 non
1796 3611 1974 3658 tamen

396 3708 693 3754 consuetas
722 3697 1131 3767 genuﬂexioues
1154 3697 1356 3753 facere.

469 3790 563 3845 XI.
595 3789 711 3845 Non
756 3801 967 3860 peccat,
1004 3791 1097 3860 qui
1141 3805 1238 3860 pro
1274 3790 1448 3845 tribus
1474 3786 1790 3845 hominibus
1815 3801 1976 3843 uuam

398 3880 1054 3945 consecratoblationem,
1078 3891 1173 3936 aut
1199 3897 1362 3936 uuam
1389 3881 1640 3937 accendit
1668 3879 1975 3935 candelam.

467 3970 588 4029 Xll.
621 3971 777 4038 Quod
825 3987 931 4027 non
967 3982 1218 4042 oporteat
1266 3974 1319 4027 in
1351 3986 1512 4041 prece
1563 3970 1975 4043 Scevophylacii

399 4078 492 4116 seu
537 4062 765 4117 sacrarii
825 4063 1006 4119 facere
1046 4063 1517 4133 consignationem
1570 4078 1735 4135 super
1762 4077 1976 4118 sacrum

398 4155 647 4209 calicem.

470 4243 609 4299 Xlll.
644 4244 763 4299 Non
811 4254 1024 4316 oportet
1054 4243 1176 4302 sine
1206 4254 1348 4316 aqua
1377 4243 1556 4302 calida
1598 4247 1976 4318 presbyterum

2030 3198 2033 3201 Α
2074 3164 2165 3206 ται
2190 3150 2325 3221 βίον,
2355 3149 2806 3222 χειροτονοῦνται.

2144 3241 2226 3297 8'.
2260 3240 2355 3295 Δεῖ
2389 3240 2737 3312 μεταδιδόναι
2761 3240 2860 3312 τῆς
2892 3241 3049 3304 θείας
3078 3240 3365 3304 κοινωνίας
3387 3239 3467 3310 τῷ
3489 3239 3648 3293 ἀσθε-

2076 3332 2282 3400 νοῦντι,
2338 3334 2639 3388 ἀποθανεῖν
2683 3329 3085 3396 κινδυνεύοντι,
3124 3331 3234 3387 κᾶν
3283 3330 3424 3401 μετὰ
3443 3333 3505 3384 τὸ
3531 3328 3654 3399 γεύ-

2078 3423 2278 3479 σασθαι
2302 3422 2582 3494 βρώσεως.

2149 3513 2208 3568 ι’.
2233 3512 2357 3583 Χρὴ
2392 3512 2555 3583 χάριν
2575 3510 2873 3581 ἀσπασμοῦ
2897 3509 3105 3565 κλίνειν
3129 3511 3264 3579 γόνυ
3286 3510 3348 3565 ὲν
3377 3511 3654 3584 κυριακῇ,

2076 3604 2172 3659 καὶ
2202 3605 2264 3656 ἐν
2285 3603 2386 3674 ὅλη
2418 3606 2486 3674 τῇ
2520 3604 2871 3675 Πεντηκοστῇ
2889 3617 2906 3633 ⁸
2937 3603 2999 3657 οὐ
3034 3604 3144 3674 μὴν
3163 3602 3267 3667 τὰς
3291 3601 3356 3668 ἐξ
3383 3601 3542 3666 ἔθους
3565 3616 3660 3672 γο-

2075 3694 2355 3757 νυκλισίας
2384 3696 2583 3749 ποιεῖν.
3052 3708 3057 3712 ·

2148 3788 2251 3842 1Δ’.
2268 3786 2379 3855 Οὐχ
2405 3784 2715 3857 ἁμαρτάνει
2733 3801 2819 3851 τις
2845 3783 2988 3857 ὑπὲρ
3007 3784 3175 3857 τριῶν
3194 3785 3507 3855 ἀνθρώπιον
3531 3787 3663 3858 μίαν

2078 3874 2467 3949 προσκομίζων
2500 3875 2904 3947 προσφοράν,ἢ
2962 3876 3094 3947 μίαν
3125 3876 3317 3931 άπτων
3360 3877 3660 3949 κανδήλαν.

2149 3964 2247 4019 lB'.
2295 3963 2421 4018 Ὅτι
2449 3963 2511 4016 οὐ
2539 3963 2646 4034 χρὴ
2670 3964 2947 4034 σφραγῖδα
2976 3967 3152 4018 ποιεῖν
3180 3967 3241 4019 ὲν
3282 3967 3350 4037 τῇ
3394 3966 3532 4037 εὐχῇ
3562 3964 3664 4033 τοῦ

2078 4054 2528 4125 Σκευοφυλακίου
2556 4066 2604 4122 ο,
2636 4055 2732 4109 ἰπὶ
2756 4056 2819 4110 τὸ
2845 4056 3004 4126 άγιον
3022 4057 3306 4130 ποτήριον.

2151 4232 2252 4293 ll".
2291 4234 2504 4291 Ὄτιού
2534 4232 2642 4309 χρὴ
2684 4234 2817 4291 ἄνευ
2843 4236 3058 4309 θερμοῦ
3095 4236 3484 4308 λειτουργῆσαι
3524 4254 3669 4311 πρε-

402 4336 625 4389 tnissam
659 4335 965 4401 celebrare,
996 4337 1097 4391 nisi
1137 4336 1190 4391 in
1225 4351 1419 4407 magna
1464 4336 1816 4402 necessitate,
1845 4346 1904 4392 et
1928 4338 1967 4393 si

2107 4328 2366 4399 :Gdcspov,
2388 4331 2441 4383 εί
2471 4328 2549 4400 μὴ
2580 4329 2729 4384 κατὰ
2762 4328 2966 4401 πολλὴν
2989 4329 3338 4399 περίστασιν,
3357 4329 3455 4383 καὶ
3484 4332 3538 4383 εί
3573 4330 3670 4383 οὗ-

401 4426 714 4481 nullateuus
742 4427 1012 4497 ejusmodi
1056 4442 1195 4497 aqua
1225 4427 1550 4498 reperiatur.

476 4515 618 4573 XIV.
648 4517 976 4574 Monachum
1000 4520 1091 4587 qui
1139 4519 1387 4574 habitum
1405 4518 1689 4587 abjecerit,
1709 4524 1765 4572 et
1791 4525 1980 4587 postea

396 4624 697 4665 conversus
726 4619 831 4675 est,
883 4619 1102 4681 oportet
1152 4610 1353 4667 iterum
1411 4608 1742 4664 vestimento
1786 4623 1981 4663 mona-

398 4702 564 4767 chali,
602 4704 747 4772 quod
793 4703 966 4769 exuit,
1023 4702 1272 4770 induere,
1326 4702 1533 4772 absque
1564 4702 1818 4772 precibus
1844 4715 1982 4757 con-

398 4792 630 4849 stitutis.

473 4882 593 4939 XV.
628 4883 854 4952 Oportet
874 4892 930 4939 ut
959 4886 1402 4941 sanctimoniales
1434 4888 1487 4940 in
1513 4896 1765 4942 sanctum
1799 4884 1974 4940 altare

399 4976 777 5046 ingrediantur
828 4983 885 5029 et
932 4975 1233 5030 accendant
1284 4990 1509 5032 cereum
1556 4980 1614 5032 et
1664 4974 1974 5042 candelam,

399 5066 639 5134 illudque
673 5074 869 5119 ornent
897 5079 961 5120 ac
992 5074 1234 5120 verrant.

472 5154 609 5209 XVI.
640 5154 762 5211 Non
790 5153 990 5210 debent
1018 5157 1270 5211 monachi
1301 5171 1497 5228 magna
1537 5157 1839 5212 Parasceve
1872 5154 1971 5227 (al.

398 5247 849 5320 Quatlragesima)
878 5263 1041 5316 opera
1067 5249 1413 5320 agricultura:
1440 5262 1721 5315 exercere,
1750 5263 1974 5303 eorum-

2004 4388 2055 4449 D
2080 4388 2273 4492 δαμῶς
2302 4388 2626 4493 sepiolas-rat
2652 4421 2880 4493 θερμόν.

2151 4517 2255 4571 ιΔν.
2299 4515 2406 4568 Τὸν
2435 4515 2786 4579 ἀθετήσαντα
2820 4516 3059 4587 μοναχὸν
3098 4516 3162 4570 τὺ
3190 4516 3400 4586 σχῆμα,
3435 4516 3536 4569 καὶ
3569 4516 3671 4571 πά·

2082 4606 2167 4663 λιν
2197 4606 2629 4678 ἐπιστρέψαντα,
2657 4607 2743 4661 δεῖ
2788 4607 2956 4662 πάλιν
3002 4607 3218 4661 ἑνδύειν
3268 4607 3433 4662 αὑτὸν
3463 4608 3531 4677 ἢν
3563 4611 3671 4663 άπ-

2077 4698 2311 4753 εδῠσατο
2341 4698 2645 4769 μοναχιιιὴν
2682 4696 2904 4769 στολὴν,
2944 4697 3124 4769 χωρὶς
3161 4697 3278 4752 τῶν
3305 4696 3671 4767 τεταγμὲνων

2075 4790 2279 4862 εὐχῶν.

2152 4882 2253 4937 lE'.
2291 4883 2384 4935 Δεῖ
2408 4879 2510 4945 τὰς
2539 4880 2883 4950 μοναζούσας
2908 4880 3141 4937 εἰσιέναι
3161 4882 3245 4945 είς
3280 4881 3343 4935 τὸ
3363 4880 3523 4950 άγιον
3571 4880 3668 4933 θυ-

2086 4975 2429 5045 σιαστήριον,
2460 4974 2559 5026 καὶ
2619 4971 2813 5026 ἅπτειν
2861 4972 3034 5044 κηρὸν
3071 4972 3169 5027 καὶ
3220 4973 3515 5044 κανδήλαν,
3575 4971 3672 5025 καὶ

2081 5070 2310 5136 κοσμεῖν
2336 5066 2472 5120 αὐτὸ
2500 5066 2595 5119 καὶ
2621 5065 2844 5137 σαροῦν.

2148 5159 2268 5225 ις’.
2299 5158 2374 5211 Οὐ
2428 5157 2536 5229 χρὴ
2594 5157 2724 5221 τοὺς
2792 5158 3061 5228 μοναχοὺς
3091 5159 3159 5229 τῇ
3221 5156 3434 5229 μεγάλῃ
3480 5150 3671 5228 Παρα-

2084 5252 2256 5320 σκευῇ
2290 5248 2309 5288 ί
2337 5248 2474 5318 ἔργα
2505 5248 2791 5319 γεωργικά
2817 5248 3085 5319 μετιέναι,
3119 5250 3212 5302 καὶ
3235 5248 3511 5319 προφάσει
3538 5244 3666 5300 tou-

399 5356 504 5407 que
535 5349 801 5409 praetextu
840 5339 1055 5395 solvere
1075 5340 1367 5410 jejunium,
1397 5340 1666 5396 sumendo
1697 5341 1881 5394 vinum
1916 5350 1967 5395 et

2107 5359 2189 5395 ’ων
2223 5344 2304 5404 είς
2334 5336 2479 5394 οἶνον
2518 5338 2811 5393 καταλύειν
2839 5341 2937 5393 καὶ
2964 5340 3169 5394 ἔλαιον.
3194 5338 3387 5395 Ταῦτα
3419 5338 3529 5408 γὰρ
3561 5351 3665 5406 γα⁶

399 5433 599 5487 uleum.
638 5431 765 5487 Hinc
800 5431 944 5486 enim
977 5440 1103 5486 sunt
1133 5430 1273 5501 gulae
1302 5431 1573 5487 instituta.

476 5576 497 5605 ο
533 5570 605 5621 ul.
651 5568 856 5640 πλυνθῇ
880 5570 1221 5640 ἁντιμήτιον.

2089 5434 2454 5504 στριμαργίας
2488 5432 2630 5485 εἰσὶν
2663 5431 3095 5503 ἐπιτηδεύματα.

1302 5571 1347 5608 ν’
1387 5570 1461 5623 al.
1491 5568 1973 5637 oxeuo;u>.axafou.
2055 5566 2074 5606 ί
2126 5566 2195 5621 al.
2224 5569 2657 5637 τεσσαρακοστῇ.
