4024 6214
503 240 610 304 859

1549 232 1608 290 S.
1647 226 2064 291 NICEPHORI
2101 221 2604 292 PATRIARCH/E
2643 227 2750 296 ΟΡ.

3643 235 3778 303 860

572 347 744 404 XXX.
776 347 832 403 Si
859 347 1026 404 laicus
1051 349 1234 416 lapsus
1256 359 1385 400 suos
1411 353 1603 412 sponte
1630 344 1912 399 confessus
1947 343 2065 397 fue-

2236 343 2314 396 A'.
2386 343 2512 397 Ἐὰν
2577 345 3043 420 ἐξομολογήσηται
3097 347 3282 412 λαῖκδς
3322 349 3354 390 ι
3423 348 3492 402 τά
3547 349 3766 402 ἑαυτοῦ

499 439 594 504 rit,
629 439 1086 506 dispensationem
1135 435 1397 491 adhibere
1429 444 1602 505 potest
1637 436 1728 505 qui
1757 434 2060 490 confessio-

501 545 625 585 nem
667 529 880 596 recipit.

571 619 767 674 XXXI.
794 618 872 672 Ex
900 617 1139 688 episcopi
1162 616 1542 688 permissione,
1578 615 1742 670 etiam
1771 616 2057 686 presbyter

499 710 899 776 etauropegium
924 708 1071 772 facit,
1091 723 1186 761 seu
1209 708 1505 761 solemnem
1529 707 1708 761 crucis
1731 707 2064 761 iulixionem.

569 797 784 853 XXXII.
831 799 1066 855 Usuram
1119 799 1510 867 accipientibus
1565 812 1672 851 non
1715 805 1841 850 sunt
1892 798 2068 850 danda

497 901 864 953 sacramenta,
889 905 1062 958 neque
1091 905 1214 943 cum
1251 889 1318 942 iis
1349 898 1564 957 oportet
1583 888 1869 942 convivere
1897 902 2068 956 quan-

498 982 590 1034 diu
627 982 678 1033 in
709 981 994 1049 iniquitate
1025 979 1517 1048 perseveraverint.

569 1071 813 1126 XXXIII.
849 1070 1074 1139 Oportet
1101 1072 1396 1126 monachos
1421 1068 1676 1136 jejunare
1703 1075 1895 1137 quarta
1931 1064 2068 1120 feris

500 1163 853 1217 Itebdoutatla
904 1161 1156 1215 Iacticiuii
1206 1175 1270 1214 ac
1315 1159 1642 1225 Parasceve,
1675 1167 1733 1214 et
1767 1167 1890 1228 post
1923 1156 2068 1211 Prses-

430 1277 435 1282 -
497 1253 962 1308 sattctilicstorum
1009 1253 1174 1306 Iinem
1206 1254 1692 1321 dimissionemque
1721 1264 1940 1304 caseum
1974 1261 2068 1302 co-

501 1345 752 1403 medere.
787 1345 1000 1398 ubicnm
1037 1343 1430 1408 habitaverint;
1477 1343 1545 1396 ad
1589 1339 1931 1396 eversionem
1964 1339 2066 1393 do-

479 1431 695 1504 'gmatis
722 1433 932 1499 Jacobi,
956 1446 1116 1504 atque
1144 1437 1413 1490 haereseos
1446 1435 1871 1490 Tetraditarum.

570 1524 811 1580 XXXIV.
845 1527 902 1579 Si
939 1527 1061 1594 quis
1108 1525 1408 1580 concubina
1459 1535 1641 1589 utens,
1671 1539 1780 1578 non
1829 1521 1945 1576 vult
1973 1530 2067 1576 aut

2174 433 2466 502 σφάλματα
2504 439 2570 489 ὲκ
2599 437 2990 508 προαιρέσεως,
3021 437 3245 493 δύναται
3281 438 3507 509 ποιῆσαι
3541 441 3770 494 οἰκονο-

2176 523 2305 593 μίαν
2326 525 2354 576 6
2375 525 2683 595 δεχόμενος.

2241 616 2368 670 AA'.
2405 618 2540 670 Κατ’
2564 618 2866 690 ἐπιτροπὴν
2893 617 2989 672 τοῦ
3019 619 3324 673 ἐπισκόπου
3350 621 3497 673 ποιεῖ
3520 635 3776 690 σταυρο-

2173 706 2368 776 πήγιον
2390 707 2485 760 καὶ
2517 725 2618 778 πρε
2627 708 2906 780 σϐύτερος.

2241 798 2365 851 AB'.
2421 799 2543 852 Ὅτι
2591 801 2654 853 οὐ
2698 802 2805 872 χρὴ
2855 802 3196 872 μεταδιδόναι
3245 805 3360 866 τοῖς
3407 787 3771 871 λαμϐάνουσι

2170 887 2351 953 τόκον,
2387 889 2420 959 ἦ
2453 889 2758 944 συνεσθίειν
2789 893 2994 958 αὐτοῖς,
3043 893 3364 962 ἐπιμένουσι
3407 895 3475 962 τῇ
3511 909 3776 962 παρανο-

2176 979 2294 1050 μίᾳ.

2240 1068 2362 1124 AI".
2402 1072 2497 1124 Δεῖ
2523 1071 2806 1142 νηστεύειν
2833 1073 2961 1136 τοὺς
2993 1071 3264 1142 μοναχοὺς
3292 1074 3359 1142 τῇ
3392 1071 3631 1138 Τετράδι
3661 1071 3771 1136 τῆς

2170 1161 2502 1230 τυροφάγου,
2541 1162 2632 1214 καὶ
2657 1163 2723 1232 τῇ
2748 1163 3080 1232 Παρασκευῇ
3106 1178 3122 1193 ο
3147 1163 3242 1214 καὶ
3307 1162 3446 1232 μετά
3472 1161 3575 1232 τὴν
3610 1162 3769 1230 Upo-

2173 1250 2524 1319 ηγιασμένων
2544 1251 2814 1304 ἀπόλυσιν
2833 1252 3042 1304 ἐσθίειν
3067 1253 3234 1323 τυρὸν
3263 1253 3308 1317 ί,
3331 1253 3439 1321 ὅπη
3473 1250 3488 1302 i
3525 1251 3596 1304 ἂν
3631 1254 3736 1305 ὲπι

2173 1341 2556 1412 χωριάζωσινο
2597 1344 2677 1405 είς
2718 1342 3034 1412 ἀνατροπὴν
3067 1342 3162 1395 τοῦ
3209 1340 3479 1411 δόγματος
3512 1341 3616 1395 τοῦ
3651 1340 3766 1396 Ἰαεα

2173 1433 2376 1497 κὼδου,
2413 1432 2508 1486 καὶ
2539 1433 2638 1503 τῆς
2671 1433 2782 1485 τῶν
2794 1432 3151 1504 -Τετραδιτῶν
3177 1433 3463 1503 αἱρέσεως.

2241 1523 2362 1578 AA'.
2403 1523 2473 1578 Εἴ
2493 1541 2576 1586 τις
2613 1523 2894 1594 παλλακὴν
2939 1527 3302 1594 κεκτημένος,
3331 1525 3392 1578 οὐ
3427 1524 3693 1594 βούλεται
3721 1527 3756 1600 ἢ

499 1615 649 1670 illam
685 1618 1018 1683 relinquere,
1049 1625 1142 1670 attt
1173 1615 1553 1669 benedictione
1581 1614 1799 1678 donari,
1843 1620 1900 1666 et
1942 1626 2064 1665 cum

2185 1615 2494 1671 καταλιπεῖν
2523 1616 2713 1688 αὐτὴν,
2748 1615 2783 1688 ἢ
2825 1616 3188 1687 εὖλογηθῆναι
3219 1617 3314 1670 καὶ
3353 1617 3496 1685 μετὰ
3543 1619 3759 1686 ἱερολο-

499 1707 826 1761 sacramenti
871 1707 974 1760 ritu
1012 1721 1129 1760 eam
1170 1709 1394 1772 habere,
1429 1720 1533 1759 non
1565 1715 1780 1774 oportet
1822 1704 2066 1772 recipere

2185 1703 2294 1773 γίας
2325 1703 2489 1774 ἔχειν,
2521 1705 2582 1758 οὐ
2607 1684 2713 1776 χρὴ
2737 1684 2983 1776 δέχεσθαι
3011 1684 3095 1758 ’τά
3120 1706 3254 1775 παρ’
3299 1684 3464 1758 αύτοῧ
3503 1684 3756 1777 ageses-

503 1798 622 1866 qua:
645 1800 712 1851 ab
741 1798 856 1869 ipso
884 1798 1132 1852 ecclesias
1161 1796 1486 1861 olferentur,
1517 1797 1675 1864 cujus
1703 1797 1916 1852 divinas
1945 1811 2070 1850 san-

495 1888 717 1942 ctiones
744 1889 998 1956 Operibus
1028 1889 1336 1943 contemnit
1369 1888 1811 1957 contumeliaque
1837 1886 2022 1942 allicit.

575 1977 792 2032 XXXV.
853 1980 910 2032 Si
956 1979 1279 2042 monachus,
1309 1987 1500 2032 sancto
1568 1978 1752 2032 habitu
1802 1979 2066 2047 deposito,

499 2084 718 2125 carnem
788 2071 1106 2147 comederit,
1171 2085 1505 2138 uxoremque
1557 2069 1796 2136 duxerit,
1856 2079 2071 2139 oportet

498 2175 648 2222 eum.
691 2163 934 2215 converti
994 2160 1298 2225 nolentem,
1344 2161 1676 2214 anathemati
1709 2161 1978 2228 submitti,
2015 2171 2069 2217 et

499 2252 728 2306 invitum
765 2253 1081 2308 monasticis
1113 2251 1359 2308 vestibus
1389 2251 1562 2317 indui,
1598 2261 1761 2321 atque
1797 2253 1850 2306 in
1885 2267 2070 2307 mona-

497 2345 668 2400 sterio
689 2344 957 2398 concludi.
1027 2373 1044 2382 ι

570 2433 817 2492 XXXVI.
850 2437 950 2503 Qui
982 2436 1065 2490 vel
1093 2439 1260 2492 semel
1287 2436 1582 2491 fornicatus
1600 2443 1702 2500 est,
1727 2448 2067 2503 nequaquam

501 2528 802 2592 ordinetur,
849 2528 1064 2581 tametsi
1096 2543 1124 2581 a
1160 2527 1288 2582 vitio
1340 2527 1689 2582 abscesserit.
1745 2527 1834 2578 Ait
1869 2526 2068 2594 quippe

504 2632 733 2686 magnus
767 2615 1032 2671 Basilius:
1067 2635 1086 2668 ι
1121 2615 1272 2672 Licet
1300 2617 1461 2670 homo
1493 2614 1803 2686 hujusmodi
1823 2623 2065 2668 mortuos

501 2705 866 2767 suscitaverit,
895 2707 1148 2760 Sacerdos
1177 2720 1284 2758 non
1311 2704 1424 2759 Iiet.
1465 2721 1484 2755 ι

572 2795 836 2851 XXXVII.
879 2797 1106 2861 Quando
1136 2795 1430 2864 Apostolus
1451 2795 1583 2850 dicit
1609 2810 1624 2848 :
1657 2792 1716 2848 Si
1751 2795 1868 2863 quis
1894 2791 2067 2861 frater

2174 1795 2376 1866 ρόμενα
2403 1798 2468 1866 τῇ
2513 1794 2800 1866 ἐκκλησία,
2833 1789 2904 1866 ἦς
2952 1797 3082 1858 τοὺς
3130 1793 3312 1859 θείους
3373 1794 3622 1866 θεσμοὺς
3669 1795 3758 1852 διὰ

2169 1885 2278 1939 τῶν
2306 1885 2483 1956 ἔργων
2516 1886 2869 1957 καταφρονῶν
2902 1884 3194 1955 ἑννδρίζει.

2240 1979 2364 2033 AE’.
2410 1979 2535 2032 Ἐὰν
2589 1979 2819 2051 μοναχδς
2851 1979 2913 2034 τδ
2961 1980 3118 2048 ἅγιον
3163 1978 3505 2048 ἀποθέμενος
3563 1981 3752 2051 σχῆμα

2171 2073 2540 2143 κρεωφαγήσῃ
2567 2072 2660 2124 καλ⁵
2681 2073 2914 2140 γυναῖκα
2945 2072 3106 2144 λάϐῃ,
3139 2073 3222 2124 δεῖ
3245 2072 3320 2144 μὴ
3349 2074 3750 2142 ἐπιστρέφοντα

2169 2161 2380 2225 τοῦτον,
2425 2163 2730 2232 ἀναθὲματι
2761 2161 3272 2232 καθυποσληθῆναι,
3311 2164 3408 2216 καὶ
3443 2163 3656 2218 ἀκοντα
3682 2164 3748 2218 τά

2174 2252 2444 2322 μοναχικά
2484 2252 2767 2324 ἔνδυθῆναι
2787 2292 2801 2316 ,
2865 2253 2961 2306 καὶ
2993 2253 3342 2324 μοναστηρίῳ
3389 2256 3750 2322 ἐγκατακλει-

2172 2343 2384 2414 σθῆναι.

2240 2434 2382 2502 ΔΕΓ.
2414 2435 2487 2488 Ού
2515 2436 2598 2488 δεῖ
2613 2435 2704 2489 τὸν
2726 2435 2874 2502 ἅπαξ
2892 2435 3267 2507 πορνεύσαντα
3293 2436 3743 2505 χειροτονεῖσθαι.

2169 2525 2220 2578 εί
2248 2525 2345 2578 καὶ
2374 2525 2465 2578 τοῦ
2517 2525 2724 2588 πάθους
2755 2525 2967 2598 ἀπέστη
2992 2541 3006 2556 ’
3065 2525 3200 2594 φησὶ
3231 2524 3340 2596 γὰρ
3368 2525 3398 2576 6
3428 2523 3606 2594 μέγας
3639 2525 3742 2578 Βα-

2171 2615 2392 2678 σίλειος,
2433 2635 2452 2667 ι
2490 2615 2552 2668 EI
2579 2617 2673 2670 καὶ
2697 2617 2926 2687 νεκροὺς
2969 2616 3166 2686 ἀνιστᾷ
3208 2616 3240 2668 6
3267 2613 3532 2680 τοιοῦτος,
3567 2615 3742 2685 ἱερεὺς

2168 2705 2230 2758 οὐ
2261 2707 2549 2777 γενήσεται
2577 2707 2626 2761 Ιι.
2642 2726 2661 2760 ι

2238 2795 2360 2851 ΔΖ’.
2413 2799 2473 2852 '0
2533 2798 2860 2862 Ἀπόστολος
2881 2798 3078 2867 λέγων,
3104 2796 3179 2852 EI
3203 2813 3294 2860 τις
3321 2796 3586 2864 ἁδελφὸς
3607 2796 3741 2849 ὀνο-

502 2887 802 2940 nominatus
847 2889 916 2940 sit
956 2886 1285 2955 fornicator,
1322 2901 1441 2938 cum
1483 2885 1742 2954 ejusmodi
1770 2900 1864 2938 nec
1895 2883 2067 2938 cibum

2185 2885 2492 2956 ααζόμενος
2503 2883 2546 2959 ᾖ
2559 2887 2808 2957 πόρνοςι
2817 2930 2832 2954 ,
2851 2887 2932 2954 τῷ
2944 2888 3192 2951 τοιούτῳ
3199 2885 3356 2955 μηδὲ
3369 2885 3732 2948 συνεσθίειν,

500 2992 703 3030 sumere
725 2977 778 3042 ';
811 2991 914 3030 non
951 2989 1110 3045 quem
1155 2975 1246 3030 ille
1275 2985 1333 3030 et
1372 2975 1462 3030 ille
1503 2973 1862 3029 fornicantem
1893 2973 2064 3038 novit,

2185 2979 2268 3049 ιύχ
2295 2978 2354 3032 ὃν
2385 2981 2414 3032 6
2443 2980 2591 3033 δεῖνα
2623 2981 2718 3034 καὶ
2737 2983 2766 3034 6
2786 2980 2934 3033 δεῖνα
2979 2975 3086 3032 εἶδε
3117 2989 3160 3018 ω
3205 2975 3524 3046 πορνεύοντα
3550 2972 3733 3064 λέγειν

502 3067 722 3120 videtur
750 3067 957 3143 dicere,
981 3067 1078 3120 sed
1101 3067 1455 3132 nominatum,
1486 3065 1604 3126 sive
1636 3065 1851 3120 cunctis
1883 3065 2068 3131 cogni-

503 3164 639 3210 ttnu.
669 3153 804 3208 Nam
854 3170 974 3223 quae
1013 3155 1358 3224 impudenter
1389 3154 1804 3209 committuntur
1835 3154 2064 3219 delicta,

503 3247 737 3317 majores
763 3260 948 3317 pmnas
977 3246 1282 3302 attrahunt.

813 3354 903 3410 EX
951 3355 1340 3412 CANONIBUS
1385 3355 1756 3414 NICEI’IIORI

501 3462 831 3540 Sanctissimi
865 3466 1190 3540 Patriarc‘lta:
1216 3466 1328 3522 ΟΡ.
1359 3479 1408 3522 et
1449 3452 1776 3540 orcunienici,
1817 3485 1882 3525 es:
1907 3471 2069 3540 ipsius

729 3539 755 3555 '
837 3538 1199 3592 ecclesiasticis
1225 3539 1712 3594 constitutionibus.

570 3684 706 3742 Cau.
741 3687 782 3742 l.
818 3688 875 3742 In
901 3690 1166 3746 ecclesias
1192 3691 1260 3746 ab
1293 3691 1568 3747 haereticis
1599 3692 2063 3749 intbrouizatione

503 3771 799 3839 dedicatas,
832 3776 1038 3844 ingredi
1073 3792 1138 3832 ex
1173 3781 1519 3844 necessitate,
1554 3780 1698 3834 velut
1729 3781 1782 3835 in
1816 3796 2066 3836 commu-

502 3875 602 3917 nes
627 3864 792 3927 tedes,
837 3873 893 3920 et
943 3867 997 3920 in
1037 3867 1105 3922 iis
1145 3868 1249 3922 Iisa
1301 3870 1354 3924 in
1407 3871 1585 3924 medio
1637 3859 1800 3928 cruce
1839 3875 2073 3941 psallere

503 3954 904 4023 permittimus;
962 3973 1067 4012 non
1111 3969 1289 4014 tamen
1343 3961 1394 4016 in
1441 3961 1612 4019 altare
1659 3964 1889 4034 ingredi,
1947 3966 2070 4019 thus

501 4045 744 4110 adolere,
775 4061 987 4116 precem
1018 4065 1303 4122 peragere,
1338 4068 1438 4108 nec
1461 4055 1739 4110 candelam
1768 4066 1862 4110 aut
1895 4056 2071 4111 lucer-

501 4149 628 4188 nam
656 4140 981 4194 accendere.

579 4226 1014 4284 VLMouachum
1045 4233 1134 4301 qui
1185 4245 1436 4291 sanctum
1495 4237 1740 4293 habitum
1795 4241 2068 4310 deposuit,

2170 3070 2338 3134 δοκεῖ,
2365 3069 2502 3123 ἀλλά
2524 3069 2616 3122 τὸν
2653 3069 3076 3140 ὀνομαζόμενον,
3131 3067 3251 3133 ἤτοι
3298 3066 3429 3120 πᾶσι
3461 3060 3721 3130 γινωσκό-

2173 3176 2332 3230 μενον
2355 3175 2370 3190 °
2397 3159 2467 3213 τά
2487 3158 2596 3230 γὰρ
2615 3158 2988 3230 ἀναισχύντως
3005 3157 3117 3228 πλη
3125 3155 3488 3228 μμελούμενα,
3507 3151 3722 3205 πλείονα

2169 3249 2269 3320 τὴν
2297 3250 2569 3321 τιμωρίαν
2599 3250 2912 3319 ἐφέλκεται.

2618 3364 2713 3418 ΕΚ
2752 3362 2890 3416 ΤΩΝ
2943 3360 3280 3416 ΚΔΝΟΝΩΝ

2177 3475 2287 3531 Τοῦ
2321 3475 2770 3550 παναγιωτᾴτου
2797 3477 3140 3550 Νικηφόρον
3171 3470 3729 3550 πατριρρχου-Κῳνο

2240 3543 2798 3612 σταντινουπόλεως
2827 3547 2924 3599 καὶ
2952 3543 3392 3613 οικουμενικοῦ,
3415 3543 3486 3596 ἐκ
3501 3543 3617 3594 τῶν
3640 3543 3728 3589 ἑκ-

2239 3614 2688 3682 κλησιαστικῶν
2721 3616 2938 3670 τούτου
2976 3613 3355 3678 συντάξεων.

2241 3703 2381 3759 Καν.
2418 3705 2496 3759 Α’.
2532 3705 2644 3768 Τὰς
2684 3705 2986 3776 ἐκκλησίας
3035 3704 3136 3768 τὰς
3170 3704 3276 3756 ὑπὸ
3305 3701 3606 3775 αίρετικῶν
3647 3699 3728 3750 ἐν·

2173 3793 2600 3866 θρονιασθείσας,
2631 3797 3121 3869 παρακελευόμεθα
3151 3797 3228 3859 ὡς
3259 3797 3340 3860 είς
3371 3799 3555 3850 κοινὸν
3598 3791 3734 3850 οἶκον

2173 3887 2312 3941 κατά
2375 3889 2619 3959 ἀνάγκην
2670 3889 2893 3942 εἰσιέναι
2947 3889 3044 3942 καὶ
3091 3887 3334 3957 ψάλλειν,
3367 3887 3644 3957 πήξαντας
3681 3887 3735 3938 ὲν

2176 3978 2330 4048 μέσῳ
2367 3979 2628 4050 σταυρόν·
2655 3981 2712 4032 ἑν
2753 3979 2812 4032 δὲ
2861 3976 2938 4049 τῷ
2968 3977 3361 4048 θυσιαστηρίῳ,
3397 3979 3540 4048 μήτε
3575 3975 3736 4045 εἰσέρ-

2173 4067 2384 4138 χεσθαι,
2421 4070 2560 4139 μήτε
2607 4069 2828 4140 θυμιᾷν,
2883 4071 3020 4140 μήτε
3074 4070 3240 4141 εὐχὴν
3290 4070 3586 4134 ἐπιτελεῖν,
3612 4068 3736 4139 μήτε

2174 4161 2443 4230 κανδήλαν
2467 4162 2500 4233 ἢ
2541 4161 2734 4231 λύχνον
2759 4163 2973 4220 ἅπτειν.

2247 4253 2339 4318 ς’.
2380 4252 2503 4306 Ὀτι
2555 4252 2637 4306 δεῖ
2690 4253 2783 4306 τὸν
2828 4253 3126 4307 ἀθετοῦντα
3184 4252 3416 4323 μοναχὸν
3469 4254 3537 4306 τὸ
3597 4251 3738 4318 ἅγιον

505 4329 804 4386 rursusque
821 4321 1185 4387 convertitur,
1221 4333 1436 4394 oportet
1466 4341 1495 4379 a
1530 4326 1790 4384 fratribus
1813 4328 1865 4383 in
1893 4329 2067 4384 ollicio

2185 4344 2386 4412 σχῆμα,
2436 4343 2530 4396 καὶ
2575 4343 2738 4397 πάλιν
2770 4321 3200 4416 ῒπιστρὲφοντα,
3234 4321 3598 4414 κατηχεῖσθαι
3643 4337 3738 4392 ὑπὸ

503 4403 743 4471 institui,
800 4425 908 4463 non
972 4421 1150 4466 tamen
1206 4429 1304 4482 per
1356 4414 1706 4482 Catecheses,
1762 4419 1858 4474 setl
1912 4430 2072 4488 prout

443 4524 470 4539 ο
503 4499 800 4569 unicuique
849 4499 1228 4571 suppeditatur
1274 4521 1340 4560 ex
1379 4507 1563 4562 verbis
1603 4507 1837 4566 Domini.
1875 4511 1982 4564 Sed
2015 4522 2070 4567 et

501 4590 734 4660 psallere
781 4603 996 4661 oportet
1049 4597 1490 4664 compunctivum
1543 4613 1810 4690 canonem
1865 4603 2069 4673 obliqui

505 4681 638 4744 toni,
677 4696 744 4736 ae
798 4698 999 4752 ponere
1032 4686 1202 4754 ipsius
1237 4696 1418 4742 vestes
1469 4689 1522 4742 in
1574 4681 1736 4745 altari
1783 4695 1884 4747 sub
1914 4710 2072 4748 sacra

506 4787 714 4840 mensa,
743 4785 802 4829 ut
830 4791 953 4830 cum
1003 4777 1223 4833 habitus
1253 4778 1524 4846 sumitur;
1557 4790 1719 4850 atque
1744 4793 1864 4852 post
1897 4784 2076 4840 Evan-

505 4862 702 4933 gelium
759 4867 937 4922 missae
987 4869 1302 4925 monasterii
1347 4872 1674 4941 praepositus
1738 4873 1899 4930 debet
1949 4891 2073 4931 eum

508 4952 756 5014 tondere,
793 4961 848 5006 et
912 4955 1104 5011 habitu
1157 4957 1406 5024 induere,
1459 4960 1666 5031 absque
1721 4961 1832 5019 ulla
1885 4965 2076 5021 excla-

506 5040 770 5095 matione.

579 5129 670 5186 IX.
707 5130 786 5186 Ex
817 5136 1098 5191 sacerdote
1119 5139 1212 5210 qui
1239 5141 1450 5208 quartis
1480 5142 1758 5212 sextisqne
1783 5145 1939 5204 feriis
1967 5163 2074 5204 non

499 5223 734 5298 jejunat,
766 5231 1277 5288 communicandum
1315 5252 1420 5290 non
1453 5249 1534 5292 est
1555 5278 1570 5302 ,
1599 5242 1852 5308 quamvis
1881 5244 2070 5298 ortho-

2177 4434 2286 4488 τῶν
2315 4434 2561 4504 ἀδελφῶν
2586 4435 2654 4488 τά
2681 4437 2892 4497 δέοντα,
2933 4437 3048 4489 ἀλλ’
3079 4437 3197 4506 οὐχὶ
3245 4437 3310 4488 ὲκ
3349 4435 3458 4488 τῶν
3494 4431 3737 4500 Κατηχή·

2183 4541 2354 4588 σεων.
2407 4526 2522 4578 ἀλλ’
2562 4527 2794 4590 ἕκαστος
2835 4527 2894 4591 ἐξ
2925 4521 3002 4581 ὧν
3042 4528 3457 4597 ὲπιχορηγεῖται
3485 4523 3594 4578 ὑπὸ
3652 4516 3738 4572 τοῦ

2182 4615 2392 4686 Κυρίου
2419 4615 2621 4684 λόγωνο
2645 4617 2738 4669 καὶ
2761 4615 2983 4686 ψάλλειν
3015 4616 3107 4668 τὸν
3133 4612 3531 4668 κατανυκτικδν
3554 4608 3737 4664 κανόνα

2180 4703 2274 4758 τοῦ
2311 4706 2539 4774 πλαγίου
2567 4707 2699 4777 ῆχου
2732 4723 2747 4738 ο
2774 4708 2869 4760 καὶ
2901 4705 3109 4760 τιθέναι
3149 4706 3218 4760 τά
3275 4705 3469 4774 ἱμάτια
3501 4699 3659 4756 αὐτοῦ
3685 4700 3738 4750 ἐν

2179 4794 2257 4863 τῷ
2308 4793 2680 4866 θυσιαστηρίῳ
2723 4795 2981 4848 ὑποκάτω
3009 4796 3109 4866 τῆς
3147 4794 3309 4862 ἁγίας
3345 4792 3646 4863 τραπέζης,
3671 4786 3740 4846 ὡς

2180 4885 2274 4938 ἐπὶ
2319 4886 2414 4938 τοῦ
2456 4887 2735 4957 σχήματος
2767 4903 2783 4920 ·
2814 4888 2908 4943 καὶ
2955 4887 3064 4940 ἀπὸ
3101 4885 3199 4939 τοῦ
3262 4883 3602 4951 Εὐαγγελίου
3651 4877 3739 4944 τῆς

2179 4973 2524 5046 λειτουργίας
2569 4975 2853 5046 κουρεύειν
2895 4976 3058 5029 αὐτὸν
3111 4975 3205 5027 τὸν
3249 4973 3556 5044 ἡγούμενον
3585 4985 3600 5000 ⁶
3655 4965 3739 5019 καὶ

2180 5064 2387 5119 ὲνδύειν
2414 5067 2476 5118 τὸ
2501 5066 2687 5136 σχῆμα
2711 5067 2880 5135 μηδὲν
2902 5063 3274 5133 ὲκφωνοῦντα.

2248 5155 2328 5211 8'.
2364 5157 2470 5210 Τὸν
2497 5156 2570 5226 μὴ
2595 5155 2926 5227 νηστεύοντα
2972 5155 3219 5226 Τετράδα
3261 5154 3357 5208 καὶ
3391 5145 3737 5224 Παρασκευὴν

2182 5247 2351 5316 ἱερέα,
2379 5247 2438 5298 οὐ
2472 5246 2578 5317 χρὴ
2612 5248 2890 5299 κοινωνεῖν
2929 5246 2988 5310 ἐξ
3035 5245 3222 5305 αὑτοῦ,
3252 5244 3358 5298 κᾶν
3406 5243 3537 5312 δοκῇ
3591 5234 3734 5306 ὀρθό-

507 5319 682 5373 doxus
704 5334 825 5374 esse
855 5321 1124 5379 videatur.
1162 5324 1371 5379 Etenim
1402 5343 1467 5382 ex
1505 5340 1660 5398 parte
1691 5333 1776 5401 pie
1806 5349 1988 5404 agere,
2022 5344 2067 5390 el

2185 5338 2325 5403 δοξος
2375 5333 2518 5392 εἶναι
2553 5350 2567 5366 ⁸
2620 5337 2682 5390 τὸ
2736 5337 2844 5407 γὰρ
2882 5340 2945 5390 ὲκ
3005 5337 3206 5408 μέρους
3244 5333 3516 5397 εὐσεϐεῖν,
3550 5330 3640 5384 καὶ
3677 5325 3735 5378 ἑκ

506 5422 571 5462 ex
607 5421 762 5480 parte
811 5414 1106 5485 inquinari,
1143 5417 1432 5488 prolanum
1469 5420 1847 5493 impurumque
1877 5436 1977 5481 est.

575 5524 596 5554 ³
637 5524 653 5577 I
685 5524 812 5578 Cor.
847 5541 896 5589 v,
935 5527 1023 5582 ll.

2183 5431 2382 5500 μέρους
2417 5429 2744 5495 κοινοῦσθαι,
2779 5428 3028 5500 βέσηλον.

576 5634 602 5670 ίε
641 5635 711 5688 al.
741 5637 1020 5706 κοσμικὸέ.
1105 5645 1118 5680 ι
1148 5640 1220 5694 al.
1247 5641 1406 5712 τυρὸν
1434 5645 1524 5696 καὶ
1547 5642 1648 5698 ὠά.
1732 5643 1747 5694 i
1798 5646 1871 5703 al.
1903 5650 2063 5708 ὅπου.

2207 5654 2281 5708 al.
2311 5653 2522 5722 γίνεται
2551 5662 2607 5710 et
2627 5651 2875 5725 γένηται.
2957 5648 2973 5692 ι
3011 5649 3075 5706 ab
3104 5659 3177 5706 est
3208 5651 3270 5704 ab
3301 5652 3376 5706 al.
3449 5660 3485 5681 ³·
3519 5638 3730 5702 Λωίδι.
