4024 6214
343 260 450 338 an

1811 267 2167 344 CANONES

3513 277 3620 345 862

420 385 540 454 ιςῖν.
591 379 716 440 ’σοι
769 387 852 440 δεῖ
909 387 1036 452 τοὺς
1089 387 1496 460 ἐργαζομένους
1560 390 1930 461 μοναχοὺςτῇ

2112 391 2252 448 XVI.
2290 392 2444 460 Quod
2475 401 2730 464 oporteat
2773 391 3072 449 monachos
3109 381 3199 462 qui
3233 399 3332 464 per
3369 403 3614 447 sanctam

345 479 486 551 ἁγίᾳ
519 479 943 551 Τεσσαρακοστῇ
983 481 1083 552 τὴν
1137 481 1354 552 θ’ὦραν
1405 482 1708 550 γεύσασθαι
1763 484 1932 550 ἄρτου

348 571 604 642 βραχέος.
647 572 744 626 καὶ
765 577 832 644 τῇ
859 573 1072 645 ἑσπέρᾳ
1091 573 1349 630 δειπνεῖν.

419 663 522 718 η’.
556 663 681 718 Ὅτι
726 665 787 717 οὐ
823 664 928 734 χρὴ
957 666 1014 716 ὲν
1057 668 1124 736 τῇ
1170 666 1304 736 ἁγίᾳ
1344 665 1768 738 Τεσσαρακοστῇ
1807 667 1935 729 τοὺς

351 753 628 824 μοναχοὺς
656 755 921 824 ἐργασίαν
962 756 1154 818 ποιεῖν,
1185 753 1279 813 καὶ
1308 755 1583 826 προφάσει
1609 755 1704 808 τοῦ
1745 755 1932 824 ἔργου,

348 841 646 896 καταλύειν
671 844 748 906 εἰς
774 839 916 895 οἶνον
943 843 1039 896 καὶ
1075 841 1255 896 ἔλαιον
1289 858 1302 874 ⁸
1333 841 1510 896 ταῦτα
1551 842 1663 912 γὰρ
1709 859 1935 914 γαστρι-

351 935 595 1006 μαργίας
619 934 1048 1005 ἐπιτηδεύματα.

425 1026 526 1078 18'.
563 1025 711 1078 Πόσα
740 1025 1016 1092 κεφάλαια
1062 1023 1382 1089 ἐκϐάλλουσι
1422 1023 1516 1078 τδν
1557 1023 1793 1093 μοναχὸν
1827 1023 1935 1076 ἀπὸ

348 1119 452 1190 τῆς
480 1118 688 1188 μονῆς-ξ
721 1117 943 1187 Πρῶτον
977 1118 1098 1188 μὲν,
1135 1119 1184 1170 εί
1212 1116 1360 1170 ἔστιν
1387 1119 1416 1170 ὁ
1446 1116 1750 1187 ἡγούμενος
1781 1119 1933 1181 αἱρε-

349 1209 506 1270 τικός
537 1225 552 1241 ο
601 1209 949 1280 δεύτερον,εἱ
998 1208 1146 1262 ἔστιν
1201 1209 1404 1272 εἴσοδος
1431 1206 1712 1276 γυναικῶν
1763 1211 1819 1260 ἐν
1865 1211 1932 1278 τῇ

353 1303 492 1371 μονῇ
520 1316 537 1332 ο
565 1300 626 1352 τὸ
654 1289 712 1354 δὲ
744 1301 949 1372 τρίτον,
980 1299 1078 1353 ἐὰν
1110 1299 1298 1353 παιδία
1335 1299 1651 1369 μανθάνωσι
1694 1299 1934 1368 κοσμικὰ

348 1394 413 1446 ὲν
434 1391 512 1463 τῷ
537 1392 791 1463 κοινοσίῳ
823 1409 837 1423 ο
867 1391 1067 1446 ἄτοπον
1099 1391 1210 1462 γὰρ
1236 1391 1414 1456 τοῦτο,
1433 1391 1495 1444 τὸ
1515 1391 1577 1462 δη
1587 1390 1932 1461 μοσιεύεσθαι

349 1485 421 1538 τὰ
467 1486 526 1538 ὲν
576 1488 644 1558 τῇ
689 1487 822 1556 μονῇ
878 1483 1062 1548 καλῶς
1117 1485 1470 1555 πραττόμενα
1505 1499 1521 1514 ⁸
1561 1482 1636 1546 ὥς
1685 1501 1822 1555 φησι
1872 1485 1933 1536 τὸ

347 1575 688 1643 Εὐαγγέλιον
719 1592 735 1608 ο
793 1575 889 1645 Μὴ
925 1575 1273 1647 σαλπίσητε
1317 1575 1662 1644 ἔμπροσθεν
1708 1574 1878 1645 ὑμῶν
1911 1615 1928 1642 ,

347 1664 497 1720 ὅταν
511 1660 582 1720 εὖ
605 1663 837 1734 ποιῆτε.

2041 481 2527 550 Quadragesimam
2585 498 2750 552 opera
2789 483 3021 549 faciunt,
3053 484 3186 538 hora
3243 499 3384 538 nona
3421 499 3614 554 parum

2038 574 2197 641 panis
2227 587 2466 640 sumere,
2505 589 2732 644 vespere
2765 585 2948 629 autem
2976 587 3217 629 ccenare.

2106 657 2268 712 XVII.
2309 659 2420 714 Non
2446 661 2642 716 debent
2665 663 2915 716 monachi
2957 678 3149 733 magna
3185 662 3615 733 Quadragesima

2035 763 2214 818 Operae
2253 750 2588 816 incumbere,
2629 767 2692 805 ac
2718 753 2900 822 operis
2930 763 3192 820 praetextu
3227 755 3437 809 solvere
3466 754 3616 824 jeju-

2036 840 2184 892 nium
2217 856 2312 908 per
2363 843 2549 896 vinum
2595 853 2650 897 et
2680 843 2882 898 oleum.
2924 842 3050 898 Haec
3099 845 3242 918 cutim
3297 846 3434 916 gulae
3486 855 3615 901 sunt

2037 929 2258 982 inventa
2281 929 2325 985 ³.

2107 1015 2252 1072 XIX.
2282 1019 2424 1084 Quot
2457 1033 2634 1075 causa:
2665 1023 2990 1078 monachum
3035 1035 3066 1075 e
3098 1023 3429 1078 monasterio
3461 1023 3612 1077 exire

2034 1109 2406 1176 compellunt?
2437 1111 2620 1164 Primo
2643 1113 2860 1180 quidem
2887 1113 2930 1166 si
2963 1115 3286 1183 praepositus
3318 1115 3611 1170 ha'reticus

2033 1199 2102 1252 sit
2143 1217 2156 1252 :
2207 1201 2447 1255 secundo
2497 1203 2540 1256 si
2591 1205 2909 1258 monasterii
2975 1205 3233 1258 introitus
3292 1205 3613 1260 mulieribus

2033 1291 2382 1358 permittatur
2422 1309 2436 1346 :
2470 1295 2635 1349 tertio
2664 1296 2900 1364 denique
2931 1297 3149 1366 quando
3195 1295 3356 1350 ludus
3401 1296 3612 1352 littera-

2036 1383 2149 1436 rius
2180 1383 2234 1438 in
2272 1388 2528 1441 coanobio
2578 1388 2761 1456 pueris
2789 1387 3144 1442 smcularibus
3175 1387 3456 1455 aperitur;
3507 1388 3610 1442 hoc

2031 1471 2177 1525 enim
2227 1475 2524 1530 absurdum
2566 1487 2671 1542 est,
2703 1492 2823 1546 qua:
2874 1477 2926 1530 in
2964 1476 3299 1531 monasterio
3351 1476 3610 1544 praeclare

2033 1575 2265 1633 aguntur
2289 1567 2572 1634 evulgari;
2609 1569 2752 1622 sicut
2791 1566 3146 1635 Evangelium
3199 1567 3332 1621 dicit
3371 1583 3386 1620 :
3431 1565 3610 1620 Nolite

2031 1654 2157 1708 tuba
2194 1669 2380 1708 canere
2409 1665 2532 1709 ante
2567 1673 2676 1722 vos,
2707 1671 2822 1708 cum
2855 1655 2980 1708 bene
3009 1653 3190 1722 {acilia
3213 1654 3255 1711 ⁵.

419 1755 687 1826 ΚΘ.Τὴν
729 1719 1188 1828 ΣΓεσσαρακοστὴν
1225 1755 1337 1810 τῶν
1363 1756 1537 1826 ἁγίων
1569 1753 1928 1818 Ἀποστὸλων,

2104 1739 2300 1796 XXIX.
2360 1719 2790 1814 Quadragesima
2871 1757 2968 1797 seu
3011 1719 3240 1811 'jejunio
3295 1751 3606 1796 sanctorum

345 1845 579 1918 ἦτοιτὴν
606 1847 869 1918 νήστιμον
891 1847 1093 1911 αὐτῶν,
1126 1845 1234 1919 χρὴ
1255 1847 1559 1918 νηστεύειν,
1583 1831 1814 1916 Τετράδι
1837 1845 1930 1898 καὶ

345 1935 704 2008 Παρασκιυῇ,
757 1938 885 1999 τοὺς
921 1937 1343 2007 ἐργαζομένους,
1391 1937 1496 2000 ἕως
1541 1935 1691 2006 ὥρας
1741 1935 1926 2005 ἕκτης,

344 2027 445 2080 καὶ
491 2025 664 2089 οὕτως
716 2025 998 2095 γεύεσθαι,
1025 2027 1122 2080 καὶ
1184 2025 1288 2096 τὴν
1339 2026 1388 2079 θ’
1436 2025 1587 2099 ὥραν
1651 2027 1883 2098 ἀριστᾷν
1913 2041 1930 2060 ο

345 2114 611 2179 ὡσαύτως
653 2116 711 2168 δὲ
755 2116 850 2169 καὶ
891 2115 986 2169 τοῦ
1037 2116 1193 2184 ἁγίου
1238 2113 1531 2178 Φιλίππου,
1570 2113 1720 2186 ὥραν
1762 2114 1930 2184 ἕκτην

345 2205 629 2275 γεύεσθαι,
661 2206 756 2260 καὶ
771 2207 1012 2278 ἑσπέρας
1040 2206 1280 2260 δειπνεῖν
1301 2223 1316 2238 ·
1342 2207 1470 2270 τοὺς
1499 2205 1556 2260 δὲ
1576 2208 1636 2259 ὲν
1657 2207 1725 2276 τῇ
1769 2209 1927 2276 μονῇ,

346 2299 498 2365 ἅπαξ
527 2299 630 2364 ἕως
651 2299 911 2371 ἑσπέρας.

417 2467 563 2536 NQ".
593 2470 720 2524 Ἐὰν
748 2469 1120 2541 πρεσϐύτερός
1155 2471 1324 2536 ἐστιν,
1417 2468 1687 2534 διάκονος,
1716 2465 1750 2538 ἢ
1797 2466 1930 2520 ἀναι

343 2559 596 2630 γνώστης
627 2561 1030 2634 καθῃρημένος,
1065 2563 1160 2616 καὶ
1178 2562 1379 2634 εὑρεθῇ
1431 2560 1688 2630 μοναχὺς,
1713 2549 1930 2628 εὐλογεΐ

343 2653 447 2722 τὴν
471 2653 770 2722 τράπεζαν.
1333 2672 1336 2676 ‘

417 2742 555 2811 EG".
601 2744 728 2799 Ἐάν
773 2761 857 2808 τις
917 2743 1160 2814 ἀθετὴσῃ
1204 2741 1267 2796 τὸ
1291 2741 1450 2811 ἅγιον
1493 2741 1699 2811 σχῆμα,
1731 2739 1828 2792 καὶ
1865 2739 1926 2792 ού

345 2832 677 2905 διορθοῦται,
721 2832 820 2904 τὴν
872 2832 930 2886 δὲ.
979 2829 1292 2902 ὀρθοδοξίαν
1340 2831 1542 2900 κρατῇ,
1570 2829 1632 2882 ού
1689 2827 1798 2898 χρὴ
1835 2828 1928 2881 τὸν

343 2923 588 2978 τοιοῦτον
619 2923 723 2977 ὑπὸ
767 2924 964 2994 στέγην
1021 2922 1198 2992 ἄγειν,
1221 2919 1346 2974 οὔτε
1377 2919 1712 2985 συνεσθίειν,
1746 2918 1779 2989 ἢ
1805 2919 1928 2990 χαίά

352 3028 473 3086 ρειν
503 3013 706 3082 λέγειν.

675 3127 787 3184 Τοῦ
841 3125 1212 3197 πατριάρχου
1240 3125 1606 3196 Νικηφόρον.

435 3240 496 3296 Ὅ
519 3241 780 3313 δημοσίου
812 3240 1024 3310 κλοπῆς
1057 3239 1313 3303 ἑαλωκὼς
1348 3238 1567 3310 περὶτὰ
1609 3236 1932 3308 καφαλαιώ-

346 3331 418 3404 ιη
436 3332 748 3402 κλέμματα,
785 3331 886 3400 οὐχ
925 3331 1138 3398 ἱερᾶται
1160 3345 1174 3358 ·
1201 3328 1342 3382 ἀλλὰ
1363 3327 1458 3382 καὶ
1477 3331 1506 3382 ὁ
1535 3327 1806 3400 ιερωθεὶς,
1836 3329 1932 3382 καὶ

347 3423 430 3496 τῷ
451 3423 684 3492 τοιούτῳ
725 3419 1064 3493 περιπεσὼν,
1098 3419 1465 3490 καθαιρείται.

957 3594 1070 3654 Τοῦ
1104 3598 1313 3654 αὐτοῦ.

423 3687 506 3749 Τὰ
547 3693 885 3764 ἀντιμίνσια,
916 3691 1044 3745 ἔνθα
1089 3691 1156 3746 ἂν
1213 3690 1372 3762 χρεία
1426 3691 1650 3762 γένηται
1701 3691 1929 3760 τούτων,

348 3783 648 3848 ἂκωλύτως
681 3782 1172 3854 παραπέμπονται,
1197 3783 1292 3836 καὶ
1311 3782 1374 3835 οὗ
1407 3783 1843 3854 περιγράφονται
1873 3785 1933 3838 ὲν

345 3877 481 3946 τῇδε
505 3880 572 3949 τῇ
595 3877 830 3948 ἐνορίᾳῆ
859 3877 1073 3949 ἐκείνῃ,
1105 3875 1241 3930 ἀλλὰ
1259 3876 1352 3930 καὶ
1383 3875 1653 3947 ὑπερόρια
1667 3876 1930 3944 γίνονται,

349 3969 498 4024 καθὰ
523 3969 618 4022 καὶ
645 3969 708 4021 τὸ
745 3969 890 4022 θεῖον
919 3968 1114 4040 μύρον.
1178 3967 1485 4022 Καλοῦνται
1534 3967 1592 4020 δὲ
1640 3966 1834 4032 οὕτως,
1857 3967 1932 4030 ὡς

349 4055 744 4125 ἀντιπρόσωπα
805 4055 902 4108 καὶ
953 4055 1222 4108 ἀντίτυπα
1271 4055 1380 4108 τῶν
1425 4054 1635 4108 πολλῶν
1704 4057 1931 4126 μίνσων,

347 4147 461 4201 τῶν
485 4146 922 4218 καταρτιζόντων
945 4147 1047 4218 τὴν
1069 4147 1232 4216 ἁγίαν
1259 4147 1356 4200 καὶ
1372 4145 1708 4218 Δεσποτικὴν
1726 4147 1932 4218 τράπε-

350 4237 474 4303 ζαν.
543 4240 761 4310 κυρίως
786 4239 844 4293 δὲ
903 4239 991 4294 ἐπ’
1018 4241 1258 4304 ἐκείναις
1289 4241 1396 4294 τῶν
1423 4239 1714 4314 τραπεζῶν
1758 4241 1932 4295 τίθεν-

347 4347 463 4390 ται.
501 4329 568 4395 ἂς
592 4330 922 4402 καθιέρωσις
953 4331 1052 4403 οὐχ
1076 4331 1326 4402 ἡγίασεν.

2033 1835 2400 1902 apostolorum
2426 1844 2642 1904 oportet
2666 1835 2946 1903 operarios
2968 1835 3268 1888 monachos
3299 1833 3350 1886 in
3376 1832 3611 1887 Tetrade

2031 1941 2099 1981 ac
2145 1925 2449 1982 Parasceve
2502 1925 2752 1995 jejunare
2798 1940 2971 1994 usque
3013 1924 3079 1978 ad
3135 1926 3324 1978 horam
3373 1933 3606 1986 sextam,

2030 2020 2328 2081 posteaque
2371 2013 2570 2077 edere,
2626 2013 2759 2066 hora
2809 2027 2940 2066 vero
2993 2027 3135 2067 nona
3195 2011 3498 2081 prandere;
3554 2022 3610 2066 et

2031 2103 2304 2157 consimili
2349 2106 2509 2157 modo
2569 2101 2996 2172 Quadragesima
3053 2111 3110 2156 et
3165 2101 3370 2170 jejunio
3429 2103 3608 2156 sancti

2030 2191 2289 2262 Philippi,
2345 2191 2477 2246 hora
2531 2201 2684 2246 sexta
2715 2199 2960 2262 gustare,
3015 2205 3081 2246 ac
3109 2192 3319 2259 vesperi
3355 2205 3608 2258 caenare;

2029 2297 2126 2338 eos
2157 2293 2339 2337 autem
2371 2283 2462 2352 qui
2497 2282 2553 2336 in
2604 2283 2940 2338 monasterio
2974 2291 3316 2346 manserunt,
3345 2281 3512 2336 semel
3539 2283 3607 2336 ad
3714 2349 3719 2354 ξ

2029 2389 2312 2444 vesperam
2355 2375 2669 2430 comedere.

2100 2463 2237 2519 LVI.
2281 2464 2336 2520 Si
2369 2465 2648 2536 depositus
2674 2464 2962 2536 presbyter
2983 2452 3164 2529 'adsit,
3194 2471 3287 2518 aut
3316 2463 3604 2546 diaconus,

2030 2569 2122 2614 aut
2150 2554 2344 2625 lector,
2377 2570 2434 2614 et
2471 2559 2776 2613 monachus
2804 2557 3062 2613 inventus
3097 2557 3284 2622 fuerit,
3317 2556 3409 2612 hic
3438 2557 3607 2614 bene-

2030 2651 2322 2707 dictionem
2355 2665 2557 2706 mensaz
2580 2649 2736 2705 facit.

2101 2727 2268 2797 LXI.‘
2303 2741 2360 2798 Si
2390 2741 2512 2813 quis
2563 2741 2826 2810 abiecerit
2880 2748 3125 2796 sanctum
3189 2740 3456 2806 habitum,
3509 2753 3607 2794 nec

2030 2835 2368 2899 einendatur,
2408 2843 2608 2888 rectam
2640 2845 2769 2887 vero
2815 2832 2976 2886 [idem
3031 2842 3196 2894 tenet,
3253 2847 3359 2888 non
3393 2840 3609 2902 Oportet

2031 2925 2346 2995 hujusmodi
2401 2923 2672 2977 hominem
2713 2933 2860 2976 tecto
2882 2922 3108 2988 donare,
3144 2937 3322 2992 neque
3363 2937 3486 2976 cum
3517 2920 3609 2976 illo

1959 3052 2003 3110 α
2036 3017 2204 3084 vesci,
2241 3025 2334 3070 aut
2359 3017 2475 3070 Ave
2505 3015 2554 3070 ei
2595 3015 2802 3070 dicere.

2478 3121 2767 3194 Nicephori
2823 3121 3164 3192 patriar-citat.

2105 3238 2206 3306 Qui
2239 3235 2441 3306 publici
2476 3234 2606 3290 furti
2643 3235 2925 3290 convictus
2957 3244 3041 3288 est
3082 3235 3137 3288 iu
3169 3235 3331 3290 l‘urtis
3357 3233 3610 3304 capitali-

2031 3331 2157 3393 bus,
2206 3331 2273 3383 ad
2313 3327 2684 3384 sacerdotium
2723 3341 2834 3380 non
2887 3325 3218 3380 admittitur.
3271 3325 3412 3392 Quin
3443 3325 3608 3379 etiam

2031 3421 2334 3478 sacerdotio
2365 3419 2631 3486 initiatus,
2656 3417 2700 3472 si
2728 3415 2834 3470 tale
2893 3416 3098 3470 crimen
3130 3415 3409 3478 inciderit,
3443 3417 3609 3482 depo-

2031 3514 2200 3569 nitur.

2681 3597 2956 3670 Ejusdem.

2102 3693 2430 3750 Antiminsia
2477 3692 2616 3747 citra
2648 3691 3068 3762 prohibitionem
3098 3730 3114 3756 ,
3148 3687 3461 3770 ubicunque
3496 3682 3604 3740 fue-

2033 3789 2105 3843 rit
2129 3787 2197 3843 Iis
2229 3777 2394 3856 opus,
2423 3785 2734 3851 mittuntur,
2764 3797 2865 3837 nec
2894 3783 2974 3836 vel
3018 3783 3118 3836 hac
3147 3781 3232 3836 vel
3259 3780 3346 3834 illa
3387 3779 3608 3848 regione

2032 3879 2588 3941 circumscribuntur,
2613 3877 2707 3932 sed
2738 3877 2792 3931 in
2821 3877 2982 3930 aliam
3017 3888 3233 3944 quoque
3267 3869 3606 3942 provinciam

2035 3969 2464 4034 transferuntur,
2500 3967 2645 4022 sicut
2671 3979 2728 4022 et
2755 3982 2972 4022 sacrum
3001 3971 3359 4034 unguentum.
3399 3959 3492 4014 Sic
3515 3974 3612 4012 au-

2035 4073 2140 4117 tem
2187 4058 2550 4132 appellantur,
2604 4059 2754 4114 velut
2818 4057 3067 4128 apposita
3115 4065 3170 4108 et
3224 4048 3610 4121 respondentia

2033 4135 2216 4208 multis
2267 4152 2376 4206 illis
2431 4150 2635 4204 mensis
2678 4149 2841 4218 (quid
2881 4145 3212 4200 antiminsia.
3273 4141 3470 4196 Missus
3511 4136 3610 4198 alii

2033 4243 2327 4314 reddunt),
2383 4257 2503 4314 quae
2565 4256 2784 4296 sacram
2843 4249 2898 4295 et
2959 4237 3295 4292 Dominicam
3365 4245 3609 4286 mensam

2035 4337 2347 4393 absolvunt.
2380 4331 2610 4404 Proprie
2643 4348 2794 4398 vero,
2842 4345 3059 4386 mensas
3103 4329 3224 4384 illas
3273 4325 3606 4397 signiﬁcant,

2034 4443 2168 4490 quas
2198 4425 2546 4482 consecratio
2573 4440 2679 4479 non
2712 4420 3096 4480 sanctiﬁcavit.

287 4543 324 4630 1
597 4529 661 4582 '0
682 4529 754 4584 ιδ’
782 4529 889 4585 τοῦ
905 4531 1276 4600 πατριάρχου
1311 4533 1675 4601 Νικηφόρον.

2348 4537 2488 4594 XIV.
2526 4535 2817 4608 Nicephori
2850 4535 3175 4606 patriarchae
3206 4533 3250 4585 ⁸.

2104 4650 2407 4704 Monachas
2451 4649 2752 4705 sacrarium
2803 4646 3012 4718 ingredi
3045 4651 3280 4716 oportet,
3337 4653 3392 4696 et
3423 4651 3612 4695 cereos

350 4738 486 4804 ‘ptov,
521 4733 617 4786 καὶ
651 4732 845 4786 ἅπτειν
886 4733 1058 4804 κηρὸν
1086 4734 1184 4787 καὶ
1227 4733 1523 4805 κανδήλας,
1559 4736 1654 4790 καὶ
1703 4739 1930 4804 κοσμεῖν

2035 4753 2198 4812 atque
2229 4743 2487 4798 candelas
2516 4741 2850 4806 accendere,
2884 4739 3251 4806 templumque
3289 4748 3513 4790 ornare.
3553 4731 3609 4785 In

347 4823 442 4877 τὸν
461 4821 590 4875 ναόν
625 4837 642 4854 ·
675 4823 818 4880 κατὰ
837 4821 1158 4894 περίστασιν
1185 4824 1282 4878 καὶ
1305 4823 1538 4896 μοναχὸς
1569 4825 1714 4887 λιτὸς
1737 4823 1930 4895 βαπτί-

2035 4833 2276 4903 periculo
2307 4833 2538 4902 simplex
2570 4832 2736 4885 etiam
2773 4829 3072 4883 monachus
3111 4827 3370 4897 baptizat.
3406 4822 3614 4879 Simili-

347 4913 454 4978 ζει.
504 4912 780 4976 Ὡσαύτως
822 4915 919 4968 καὶ
955 4914 1223 4977 διάκονος.
1285 4915 1397 4968 Καὶ
1456 4913 1642 4978 λαῖκδς
1691 4914 1772 4979 δὲ,
1833 4915 1929 4968 ἐὰν

2036 4932 2119 4978 ter
2147 4935 2202 4977 et
2251 4925 2536 4978 diaconus.
2573 4921 2714 4988 Quin
2743 4922 2910 4976 etiam
2964 4919 3158 4986 laicus,
3191 4919 3238 4974 si
3272 4926 3520 4988 repertus
3555 4913 3612 4970 in

347 5007 549 5080 εὑρεθῇ
567 5008 648 5071 είς
675 5007 862 5074 τόπον,
884 5007 959 5080 μὴ
987 5007 1142 5071 ὄντος
1172 5007 1384 5078 ἱερέως.

2037 5018 2154 5072 loco
2183 5015 2368 5084 fuerit,
2407 5016 2635 5070 absente
2665 5014 2973 5070 sacerdote.

414 4635 514 4694 -Δεῐ
534 4639 636 4704 τὰς
661 4640 1001 4712 μοναζούσας
1023 4642 1254 4708 εἰσιέναι
1271 4643 1350 4705 είς
1375 4643 1438 4695 τὸ
1457 4643 1614 4711 ἅγιον
1639 4642 1930 4714 θυσιαστήο

955 5121 1066 5176 Τοῦ
1107 5121 1318 5176 αὐτοῦ.

2248 5185 2260 5196 ,
2653 5125 2930 5198 Ejusdem.

429 5227 560 5283 Ἐὰν
589 5231 729 5302 γυνὴ
753 5233 1010 5305 γεννήσῃ,
1047 5233 1139 5286 καὶ
1159 5232 1309 5288 ἔστιν
1360 5234 1420 5288 ὲν
1447 5233 1678 5306 κινδύνῳ
1707 5236 1769 5290 τὸ
1793 5249 1926 5290 παι-⁹

2106 5238 2164 5294 Si
2196 5237 2390 5292 mulier
2437 5237 2668 5305 peperit,
2719 5244 2777 5290 et
2826 5234 3004 5290 infans
3059 5236 3115 5306 in
3167 5231 3406 5304 pericqu
3438 5238 3542 5294 est,
3575 5243 3606 5283 a

343 5319 480 5386 δίον,
534 5321 644 5375 ἀπὸ
686 5323 910 5394 ἡμερῶν
960 5324 1128 5396 τριῶν
1169 5326 1202 5398 ἢ
1235 5327 1398 5381 πέντε
1427 5343 1441 5356 ·
1475 5328 1540 5382 τὸ
1570 5330 1669 5398 μὲν
1716 5329 1926 5383 παιδίον

2037 5329 2214 5384 tribus
2261 5339 2356 5382 aut
2395 5328 2637 5398 quinque
2686 5326 2899 5394 diebus,
2956 5343 3088 5396 puer
3118 5327 3335 5396 quidem
3372 5338 3468 5392 per
3506 5322 3608 5376 ba-

344 5409 696 5482 φωτισθήτω,
727 5411 866 5482 ἄλλη
885 5411 942 5467 δὲ
975 5413 1113 5486 γυνὴ
1140 5413 1550 5488 βεϐαπτισμένη
1587 5417 1683 5470 καὶ
1707 5417 1925 5488 καθαρὰ

2038 5421 2298 5491 ptismum
2328 5420 2694 5486 illuminatur,
2746 5420 2840 5474 sed
2876 5419 2983 5473 alia
3031 5419 3222 5472 mulier
3254 5415 3526 5484 baptizata
3553 5422 3603 5460 et

417 5592 440 5623 ³
469 5588 614 5663 Idem
639 5600 720 5644 est
742 5605 864 5645 cum
893 5606 1100 5663 canone
1128 5593 1192 5648 I6
1219 5592 1416 5663 prioris
1449 5593 1815 5652 Collectionis.
1896 5596 1915 5624 ⁸
1941 5594 2136 5652 Matth.
2173 5611 2248 5658 vt,
2275 5596 2330 5650 2.
2409 5597 2430 5629 ⁵
2458 5596 2694 5652 Canonis
2725 5592 2882 5662 hujus
2907 5608 3036 5662 pars
3069 5591 3217 5661 prior
3246 5599 3424 5648 exstat
3444 5604 3608 5662 supra

349 5661 402 5716 in
434 5676 451 5714 I
479 5658 704 5716 Collect.
736 5677 859 5717 can.
891 5662 976 5717 l5.

383 5788 412 5805 κ
