4024 6214
503 269 610 337 G63
1168 359 1177 360 ί
1525 290 1586 350 s.
1619 291 2036 353 NICEPHORI
2073 292 2092 352 1

2169 293 2576 357 TRIARCH/E
2613 291 2723 358 (ΞΡ.
3261 318 3271 326 ·
3641 297 3758 360 864

507 381 713 440 inunda
748 387 972 446 lactabit
999 405 1144 449 eum.
1176 392 1548 452 blaterantem
1583 399 1756 469 ipsius
1777 400 2078 456 cubiculum

2185 402 2410 473 θηλάσει
2439 403 2571 458 αὐτό
2597 421 2612 434 ο
2644 406 2678 474 ἡ
2711 403 2768 456 δὲ
2801 403 2986 474 μήτηρ
3009 403 3174 456 αὐτοῦ
3200 401 3278 473 μὴ
3304 401 3521 474 εἰσέλθῃ
3561 405 3644 466 εἰς
3668 405 3769 458 τὸν

509 492 614 531 non
667 479 989 550 ingreditur,
1036 485 1089 538 in
1125 501 1233 554 quo
1282 502 1416 556 puer
1443 487 1612 558 jacet,
1659 493 1918 561 usquead
1948 507 2082 562 qua-

2188 493 2438 556 κοιτῶνα,
2479 493 2560 556 εἰς
2585 492 2644 545 ὃν
2669 493 2732 545 τὸ
2766 490 2978 545 παιδίον
3011 491 3320 555 ἀνάκειται,
3353 492 3516 560 μέχρι
3561 492 3676 544 τῶν
3708 502 3777 561 μ’

509 569 874 637 dragesimum
929 575 1094 640 diem,
1141 575 1269 630 dum
1334 589 1558 650 purgata
1609 583 1821 637 scilicet
1875 583 2084 654 integre

2184 583 2428 655 ἡμερῶν,
2463 585 2570 647 ἓως
2603 582 2668 637 ἂν
2714 581 2966 653 καθαρθῇ
3002 581 3244 647 τελείως,
3279 581 3377 633 καὶ
3421 580 3568 652 λὰὄῃ
3590 581 3765 648 εὐχὴν

510 656 701 724 fuerit,
729 671 784 716 et
817 679 1010 732 preces
1038 680 1066 719 a
1093 668 1377 724 sacerdote
1408 671 1804 742 impetraverit,
1836 687 1936 730 nec
1965 689 2084 729 om-

2183 675 2332 747 παρὰ
2354 677 2448 728 τοῦ
2483 674 2693 746 ἱερέως,
2719 674 2859 744 μήτε
2883 672 2990 744 μὴν
3021 672 3224 744 ἅψηται
3249 671 3538 727 τοσύνολσν
3563 669 3761 726 αὑτοῦ.

509 764 638 804 ιιιιιο
670 768 900 820 puerum
927 760 1174 830 attinget.

1158 853 1428 927 Ejusdem.

2785 850 2895 906 Τοῦ
2938 849 3147 906 αὑτοῦ.

579 931 636 987 Si
665 935 847 992 adulta
884 943 1078 998 mulier
1102 945 1250 1002 facta
1283 948 1594 1004 Christiana
1623 959 1748 1020 post
1777 965 1944 1006 unum
1993 950 2077 1006 vel

2260 942 2387 997 Ἐὰν
2415 942 2600 996 τελεία
2628 942 2766 1012 γυνὴ
2786 942 3050 1012 γενομένη
3068 939 3372 1012 Χριστιανὴ
3407 941 3548 1012 μετὰ
3567 941 3702 1012 μίαν
3725 943 3759 1014 ἢ

503 1026 637 1079 duos
663 1029 746 1082 vel
788 1043 1156 1104 quotcumque
1196 1035 1316 1092 dies
1347 1053 1522 1108 usque
1575 1039 1645 1096 ad
1701 1050 1934 1110 septem,
1969 1041 2075 1096 sibi

2177 1033 2290 1096 δύο,
2319 1033 2352 1104 ἢ
2383 1033 2515 1096 ὅσας
2565 1033 2767 1104 δήποτε
2803 1032 3019 1104 ἡμέρας
3061 1031 3226 1103 μέχρι
3253 1031 3364 1084 τῶν
3389 1031 3550 1097 ἑπτὰ,
3577 1031 3666 1103 ἴδη
3693 1032 3763 1084 τὰ

499 1127 761 1171 consueta
795 1119 1012 1187 viderit,
1057 1124 1109 1178 in
1137 1125 1298 1180 domo
1335 1142 1433 1182 sua
1458 1129 1906 1185 communicabit.
1967 1130 2076 1186 Ec-

2177 1123 2340 1193 ἐθιμα
2373 1124 2530 1194 αὐτῇ,
2571 1125 2629 1176 ὲν
2649 1123 2726 1194 τῷ
2756 1124 2889 1194 οῐκῳ
2906 1123 3078 1192 αὐτῆς
3097 1123 3440 1192 κοινωνήσει.
3469 1123 3564 1185 Εἰς
3584 1123 3644 1176 δὲ
3661 1123 3760 1193 τὴν

499 1207 724 1262 clesiam
754 1225 883 1266 vero
915 1227 1020 1268 non
1046 1213 1406 1287 ingredietur,
1435 1220 1609 1275 donec
1634 1229 1862 1291 purgata
1891 1220 2074 1276 fuerit.

1952 1221 2074 1276 erit.
2177 1214 2474 1285 ἐκκλησίαν
2501 1214 2563 1268 οὐ
2598 1213 2674 1285 μὴ
2702 1212 2945 1284 εἰσέλθῃ,
2983 1212 3088 1278 ἕως
3115 1205 3177 1266 οὗ
3206 1211 3541 1283 καθαρισθῇ.

619 1317 908 1388 Nicephori
931 1326 1313 1397 archiepiscopi
1343 1325 1936 1399 Comtantinopolitani.
2173 1330 2208 1383 ll

2173 1329 2516 1398 Νικηφόρον
2535 1325 3010 1396 ἀρχιεπισκόκου
3041 1323 3759 1390 Κωσταντινσυπόλεως.

569 1425 725 1492 Quod
755 1441 1007 1500 Oporteat
1045 1437 1296 1504 jejunare
1339 1440 1639 1495 monachos
1669 1448 1864 1509 quarta
1893 1439 2074 1512 Tyro-
2122 1446 2124 1448 ’

2247 1440 2369 1493 Ὀτι
2395 1439 2478 1492 δεῖ
2504 1437 2793 1510 νηστεύειν
2823 1437 2956 1500 τοὺς
2991 1435 3260 1506 μοναχοῦς
3294 1437 3362 1506 τῇ
3393 1435 3629 1504 Τετράδι
3658 1433 3761 1502 τῆς

497 1516 654 1584 phasi
682 1519 842 1586 feria,
871 1534 926 1578 et
957 1526 1008 1579 in
1038 1526 1360 1598 Parasceve,
1388 1545 1454 1586 ac
1482 1539 1604 1600 post
1624 1533 2073 1602 prmsanctillcata

2174 1531 2484 1604 τυροφάγου
2535 1529 2631 1583 καὶ
2675 1531 2742 1600 τῇ
2803 1529 3160 1600 Παρασκευῇ,
3193 1525 3292 1580 καὶ
3331 1525 3472 1595 μετὰ
3495 1523 3599 1595 τὴν
3645 1525 3759 1578 τῶν

498 1623 718 1686 caseum
754 1618 1044 1672 comedere
1075 1635 1405 1692 quocunque
1447 1622 1503 1678 in
1534 1622 1658 1679 loco
1701 1623 2068 1694 reperiantur.

2175 1623 2646 1697 Προηγιασμένων
2693 1619 2956 1675 ἀπόὶυσιν
3003 1617 3213 1674 ἐσθιειν
3254 1617 3444 1690 τυρὸν.
3493 1617 3634 1670 ὅπου
3690 1616 3758 1670 ἂν

499 1698 599 1798 llic
640 1713 823 1798 autem
857 1720 1032 1763 canon
1059 1709 1277 1768 'Jacobi
1329 1707 1522 1784 dogma
1566 1722 1622 1770 et
1665 1713 2068 1772 Tetraditarum

2173 1713 2492 1787 εὑρεθῶσιν.
2557 1710 2880 1780 Ἀνατρέπει
2920 1709 2977 1762 ὁὶ
3020 1708 3117 1762 καὶ
3163 1702 3320 1772 οὗτος
3360 1709 3390 1760 ὁ
3431 1705 3616 1760 κανὼν
3660 1705 3757 1759 τοῦ

500 1788 750 1849 haeresim
781 1800 1002 1852 evertit.
2099 1788 2142 1798 ’⁷
2181 1801 2442 1861 Ἰακώϐου
2463 1803 2524 1858 τδ
2550 1803 2730 1874 δόγμα
2766 1801 2864 1856 καὶ
2889 1800 3116 1873 τὴντῶν
3139 1797 3486 1870 Τετραδιτῶν
3519 1797 3754 1868 αἵρεσιν.

1054 2007 2883 2290 suamnam
2997 2132 3280 2286 ap.

1630 2377 1917 2443 BREVIA
1926 2348 2126 2442 RI'UM
2163 2379 2634 2442 HISTORICUM

725 2548 872 2642 DE
950 2555 1326 2648 REBUS
1394 2557 1802 2649 GESTIS
1871 2558 2169 2650 POST
2241 2559 2801 2684 MAURICII
2886 2557 3538 2648 IMPEBIUM.

1532 2724 1938 2779 RECOGNOVIT
1972 2724 2331 2778 EMMANUEL
2363 2725 2726 2779 BEKKERUS.

1036 2951 1498 2998 ILLUSTRISSIKO
1536 2953 1688 3002 VIRO
1727 2955 2040 3004 GULLIIO
2072 2958 2288 3006 VAIRIO
2319 2954 2602 3006 FRANCII

1622 2955 1688 3000 l0
1727 2955 2040 3004 GULLIIO
2072 2958 2288 3006 VAIRIO
2319 2954 2602 3006 FRANCII
2634 2953 3211 3011 PROCANCBLLARIO,

1285 3055 1624 3102 DIONYSIUS
1653 3057 1962 3106 PETAVIUS
2005 3063 2044 3106 Β
2086 3059 2424 3108 SOCIETATE
2464 3059 2615 3104 δεδι]
2661 3057 2974 3104 ειιυτιῑκ.

582 3175 702 3245 Quo
735 3175 969 3247 primum
1006 3187 1248 3250 tempore
1278 3181 1628 3252 magistratus
1665 3185 1988 3255 amplissimi
2015 3187 2334 3258 dignitatem
2363 3188 2590 3256 adeptus
2622 3197 2703 3250 es,
2739 3181 2832 3238 Vir
2866 3181 3022 3238 lllust
3043 3177 3288 3245 rissime,
3327 3179 3640 3233 communis
3673 3177 3756 3234 hic

504 3263 749 3318 omnium
781 3279 977 3320 sensus
1021 3265 1141 3332 iuit,
1193 3281 1300 3322 non
1330 3269 1512 3323 minus
1554 3269 1860 3326 litterarum
1907 3273 2269 3330 incolumitati
2309 3287 2472 3342 aptam
2503 3272 2712 3340 imperii
2751 3268 2913 3326 saluti
2972 3282 3094 3324 esse
3131 3273 3502 3337 prospectum.
3553 3265 3753 3319 Etenim

505 3351 655 3418 quod
683 3349 753 3405 de
773 3351 1084 3406 civitatibus
1113 3368 1144 3408 a
1168 3351 1396 3408 Platone
1429 3355 1634 3410 dictum
1665 3367 1772 3422 est,
1815 3357 1983 3416 multo
2023 3359 2074 3413 id
2117 3361 2290 3432 magis
2323 3359 2389 3414 ad
2421 3359 2618 3412 artium
2652 3356 2834 3412 studia
2879 3354 3308 3424 disciplinasque
3352 3352 3616 3420 pertinet.
3650 3363 3758 3406 tuin

504 3452 604 3492 eas
633 3438 848 3494 demum
888 3436 1078 3495 felices
1110 3439 1342 3506 futuras,
1369 3455 1492 3496 cum
1525 3451 1618 3499 aut
1648 3444 1924 3512 sapientes
1948 3456 2247 3517 praeessent
2268 3457 2360 3500 aut
2390 3445 2702 3516 sapientum
2738 3443 2817 3498 illi
2851 3443 2952 3513 ipsi
2975 3442 3068 3511 qui
3101 3447 3400 3509 praeessent
3437 3438 3762 3494 auctoritate

509 3533 856 3594 regerentur.
888 3525 964 3580 Ea
1019 3541 1185 3596 porro
1225 3533 1282 3580 te
1314 3527 1583 3596 sapientia
1653 3529 1930 3589 hominem
1961 3547 2088 3588 esse
2126 3531 2338 3602 qualem
2388 3531 2786 3587 constituendis
2826 3527 3145 3584 civitatibus
3200 3523 3563 3580 adhibendam
3601 3521 3754 3577 Plato

505 3611 744 3676 censuit,
762 3609 1080 3680 jamdudum
1101 3612 1312 3682 publica
1343 3615 1587 3683 quaedam
1611 3615 1794 3685 p0puli
1813 3632 1916 3673 vox
1938 3634 2003 3674 ac
2031 3628 2289 3675 constans
2317 3620 2482 3675 totius
2506 3617 2656 3687 regni
2682 3615 2827 3670 fama
2855 3613 3178 3676 celebravit.
3201 3613 3356 3680 Quod
3392 3615 3558 3681 ipsum
3617 3609 3752 3664 adeo

508 3695 634 3752 leve
654 3712 764 3752 non
797 3706 884 3752 est
913 3706 974 3751 ut
1003 3699 1148 3754 ineo
1177 3700 1482 3756 divinitatis
1507 3700 1720 3772 aliquid
1753 3703 1931 3760 inesse
1973 3715 2163 3760 vetere
2203 3705 2278 3762 sit
2308 3703 2600 3774 proverbio
2643 3703 2968 3758 contritum.
3005 3701 3150 3756 Idem
3188 3714 3319 3754 vero
3358 3697 3530 3752 multo
3559 3697 3760 3751 certius

511 3798 637 3837 cum
686 3793 941 3839 anteacta
981 3784 1093 3839 vita
1137 3787 1340 3850 omnis,
1391 3796 1527 3855 tum,
1575 3797 1632 3842 ut
1670 3789 1911 3844 nonduin
1941 3789 2013 3846 ab
2041 3791 2223 3848 alieno
2255 3790 2516 3863 suﬂ‘ragio
2559 3789 2893 3856 discedatur,
2943 3787 3262 3858 gravissima
3289 3786 3356 3841 de
3383 3795 3437 3840 te
3461 3784 3767 3855 principum

507 3869 718 3938 judicia
756 3869 1216 3940 comprobarunt,
1267 3887 1503 3943 quorum
1552 3875 1694 3932 alter
1735 3876 2058 3946 amplissimi
2097 3887 2150 3934 te
2179 3879 2392 3935 consilii
2443 3877 2744 3950 principem
2787 3873 2956 3940 fecit,
3000 3874 3140 3930 alter
3171 3874 3239 3930 ab
3265 3872 3432 3928 unius
3470 3872 3770 3940 provincia:

513 3970 649 4011 cura
691 3958 860 4014 totius
899 3959 968 4014 ad
1003 3959 1154 4030 regni
1205 3961 1635 4017 moderationem
1683 3962 1974 4019 convertit.
2011 3963 2117 4019 Sed
2165 3965 2254 4020 hic
2281 3972 2562 4034 postremo
2593 3971 2860 4033 quantum
2907 3960 3192 4030 sapientia:
3246 3967 3350 4012 tuae
3402 3973 3528 4011 cum
3581 3958 3768 4027 regina

513 4055 692 4103 matre
725 4050 993 4104 tribueret
1033 4050 1300 4115 ostendit,
1342 4065 1469 4106 cum
1509 4052 1670 4109 ambo
1701 4062 1753 4108 te
1783 4053 1990 4108 ultimis
2015 4068 2046 4108 e
2071 4051 2257 4107 Galliae
2294 4051 2490 4107 finibus
2524 4050 2869 4115 exciverunt,
2903 4062 3066 4117 quem
3101 4045 3470 4102 formidulosis
3503 4043 3770 4115 tempori-

516 4133 621 4189 bus
651 4135 707 4189 in
743 4136 979 4205 quadam
1022 4137 1170 4191 velut
1199 4137 1414 4208 imperii
1450 4138 1675 4208 specula
1704 4138 2065 4204 collocarent,
2100 4139 2372 4209 siquidem
2399 4149 2590 4207 pacato
2621 4136 2756 4190 mari
2787 4134 3190 4205 tranquilloque
3231 4132 3371 4189 ctelo
3407 4131 3568 4186 facile
3595 4130 3771 4186 cuivis

512 4225 868 4294 gubernatori
891 4225 1155 4292 creditur,
1189 4225 1274 4282 vel
1303 4225 1658 4281 mediocriter
1688 4225 1886 4296 perito,
1912 4226 1967 4282 in
1995 4225 2235 4296 periculo
2257 4241 2418 4282 nemo
2449 4234 2534 4281 est
2561 4223 2652 4294 qui
2685 4238 2791 4278 non
2821 4236 2972 4290 eum,
3003 4220 3050 4276 si
3077 4227 3280 4290 potest,
3309 4217 3572 4282 asciscat,
3607 4231 3770 4286 quem

517 4310 946 4367 scientissimum
978 4313 1580 4383 prudentissimumque
1609 4311 1887 4382 cognorit.
2724 4389 2727 4390 ν
2866 4381 2876 4390 _

588 4397 648 4453 lu
683 4413 792 4468 quo
827 4415 992 4454 unum
1021 4409 1104 4456 est
1137 4400 1362 4455 minime
1396 4402 1862 4470 praetereundum,
1903 4400 2049 4470 quod
2077 4396 2143 4454 ad
2177 4395 2281 4451 boc
2311 4393 2589 4466 negotium
2622 4385 3162 4448 multum'inleresse
3193 4388 3390 4444 sentio.
3425 4385 3563 4441 Nam
3607 4388 3773 4457 pieri-

509 4499 624 4554 que
646 4486 738 4554 qui
767 4485 1030 4556 prodesse
1053 4486 1339 4556 fsapieiitla
1372 4501 1468 4541 sua
1507 4486 1726 4556 publice
1753 4487 1998 4551 student,
2038 4497 2324 4554 operosam
2363 4481 2512 4536 illam
2540 4479 2808 4534 duntaxat
2832 4489 2900 4532 ac
2927 4476 3092 4531 rebus
3121 4474 3373 4546 gerendis
3409 4475 3770 4528 exercitatam

517 4571 798 4636 adhibent,
825 4586 946 4627 eam
967 4585 1104 4627 vero
1137 4587 1260 4642 quae
1281 4572 1337 4626 in
1369 4571 1534 4628 libris
1571 4571 1948 4641 doctrinisque
1981 4572 2246 4636 cernitur,
2281 4577 2542 4636 tanquam
2575 4563 2896 4622 civitatibus
2931 4561 3180 4617 inutilem
3210 4559 3422 4614 feriatis
3453 4559 3774 4614 hominibus

513 4656 856 4727 relinquunt.
886 4657 967 4712 Tu
1000 4672 1133 4713 vero
1155 4657 1238 4712 sic
1265 4665 1558 4728 utramque
1587 4657 1992 4714 admirabiliter
2021 4657 2334 4724 complexus
2358 4671 2442 4721 es,
2469 4666 2530 4712 ut
2554 4669 2677 4709 cum
2708 4666 2869 4708 neino
2897 4649 3306 4708 tractandaruiu
3331 4663 3518 4704 rerum
3555 4648 3770 4719 majore

511 4743 714 4812 peritia
747 4744 840 4810 sit,
869 4753 982 4798 tum
1015 4759 1115 4799 usu
1147 4743 1458 4798 litterarum
1496 4759 1562 4801 ac
1591 4743 1952 4815 philosophia:
1985 4743 2167 4799 stddio
2191 4744 2276 4799 bis
2307 4741 2645 4813 temporibus
2687 4738 3004 4796 antecellas.

586 4829 743 4886 lianc
771 4832 917 4886 enim
961 4832 1168 4902 primus
1198 4831 1340 4886 inter
1371 4829 1578 4896 Gallus,
1606 4841 1665 4886 ut
1703 4830 1795 4886 ille
1827 4833 2106 4902 quondam
2127 4830 2192 4902 in
2219 4829 2432 4886 Graecia
2481 4826 2764 4893 Socrates,
2798 4826 3144 4899 languentem
3177 4823 3232 4878 in
3259 4822 3462 4880 scholis
3484 4821 3555 4876 ab
3590 4823 3772 4878 otiosa

511 4917 978 4986 contemplatione
1018 4933 1230 4973 morum
1260 4919 1327 4974 ad
1359 4917 1650 4974 utilitatem
1685 4933 1957 4987 usumque
1983 4917 2328 4974 transtulisti.
2361 4916 2499 4972 Tum
2527 4932 2590 4972 ea
2633 4914 2984 4972 monimentis
3013 4911 3289 4970 mandasti
3331 4909 3610 4981 plurimis,
3647 4907 3769 4979 qui-
3829 4947 3836 4952 ε

513 5001 620 5055 bus
645 5013 700 5055 et
729 5003 944 5056 dicendi
999 5005 1209 5061 civibus
1255 5005 1366 5060 tuis
1393 5005 1694 5073 et,vivendi
1737 5004 1837 5059 tibi
1863 5005 2030 5059 etiam
2061 5020 2126 5061 ac
2157 5005 2384 5075 reliquis
2426 5003 2679 5073 exempla
2726 5001 3132 5072 prmscriberes.
3169 4998 3377 5066 Quibus
3410 4998 3463 5050 in
3500 4995 3666 5050 libris
3697 4997 3768 5049 ita

518 5089 744 5144 virtutis
777 5098 884 5142 tuae
909 5089 1202 5160 imaginem
1231 5094 1578 5163 expressisti,
1605 5101 1662 5149 ut
1685 5108 1781 5148 eos
1804 5108 1910 5147 una
1936 5093 2085 5148 velut
2108 5093 2337 5164 pignora
2368 5092 2697 5162 obsidesque
2726 5088 2898 5144 Gallis
2932 5087 3288 5154 traderes;ut
3317 5099 3440 5154 quae
3466 5093 3558 5136 tua
3584 5081 3770 5138 futura

519 5187 668 5231 esset
706 5177 784 5231 rei
817 5177 1045 5245 publica:
1082 5181 1332 5248 gerenda:
1387 5182 1568 5244 ratio,
1607 5190 1862 5248 tanquam
1899 5195 1968 5236 ex
1995 5181 2246 5250 praetoris
2280 5180 2462 5233 edicto
2505 5184 2902 5247 cognoscerent
2948 5189 3123 5243 neque
3152 5187 3273 5226 eam
3325 5183 3562 5240 unquam
3601 5169 3764 5222 licere

515 5265 826 5330 crederent,
859 5278 1024 5334 quam
1052 5274 1168 5320 tute
1199 5267 1298 5320 tibi
1335 5268 1716 5336 imposuisses,
1764 5283 2052 5336 personam
2085 5265 2394 5323 detrahere.
2428 5265 2580 5332 Quod
2621 5263 2842 5334 quidem
2877 5261 3088 5352 paucis
3113 5257 3536 5352 bismensibus,
3564 5269 3634 5352 es

517 5365 760 5421 praeses
785 5352 834 5406 ei
864 5353 1075 5407 muneri
1120 5353 1356 5422 coepisti,
1405 5360 1623 5424 egregie
1645 5363 1736 5409 est
1766 5369 1797 5408 a
1835 5363 1888 5410 te
1921 5352 2255 5424 perlectum;
2303 5369 2479 5422 neque
2512 5353 2808 5422 quisquam
2855 5345 3090 5415 dubitat,
3135 5346 3438 5418 cuiusmodi
3465 5345 3585 5399 hac
3616 5341 3767 5404 initia

525 5448 676 5504 sunt,
712 5441 842 5508 quin
875 5437 1025 5494 brevi
1056 5453 1155 5510 per
1189 5449 1240 5496 te
1275 5439 1431 5506 hujus
1458 5441 1672 5510 imperii
1709 5441 1860 5497 salus
1885 5441 2146 5497 constitui
2183 5457 2248 5496 ac
2273 5441 2784 5513 legum-auctoritas
2814 5436 3124 5508 recuperari
3152 5435 3348 5506 possit.

601 5525 712 5582 llac
739 5536 794 5580 tu
822 5525 1076 5596 graviore
1103 5541 1234 5582 cura
1269 5527 1430 5583 simul
1459 5541 1524 5582 ac
1551 5528 1876 5597 perfunctus
1913 5527 2024 5583 eris
2050 5537 2106 5582 et
2135 5527 2348 5596 majora
2387 5527 2478 5580 illa
2517 5525 2670 5596 regni
2712 5525 2930 5594 negotia
2973 5523 3248 5594 sapienter
3295 5516 3610 5588 explicaris,
3649 5521 3757 5565 tum

528 5619 586 5664 te
609 5612 675 5664 ad
705 5612 820 5666 haec
867 5622 1047 5669 nostra
1069 5651 1086 5679 ,
1139 5627 1240 5670 nec
1275 5614 1453 5670 minus
1487 5622 1668 5669 tamen
1701 5617 1768 5668 ad
1800 5615 1936 5669 bene
1983 5613 2243 5682 beateque
2287 5613 2576 5668 vivendum
2621 5611 2933 5668 necessaria
2960 5651 2976 5676 ,
3017 5615 3335 5671 convertes,
3362 5619 3426 5659 ac
3455 5605 3756 5692 litterarum

524 5705 738 5751 tuarum
769 5699 886 5756 salu
914 5701 1096 5756 britati
1130 5700 1498 5772 dignitatique"
1522 5701 1794 5758 consules.
1829 5697 1986 5756 Venit
2019 5703 2162 5756 enim
2208 5699 2344 5756 mihi
2371 5700 2423 5756 in
2458 5708 2718 5765 mentem,
2756 5696 2850 5767 qui
2883 5706 3007 5752 tuus
3039 5703 3168 5750 ante
3196 5708 3399 5765 paucos
3429 5691 3542 5748 dies
3566 5691 3763 5757 parum
