  <div class='ocr_page' id='page_1' title='image "/cluster/home/n/w/nwhite01/storage/ocr_20150623/100/hvd.32044054111919/440.png"; bbox 0 0 4024 6214; ppageno 0'>
   <div class='ocr_carea' id='block_1_1' title="bbox 276 234 3534 351">
    <p class='ocr_par' dir='ltr' id='par_1_1' title="bbox 276 242 3534 351">
     <span class='ocr_line' id='line_1_1' title="bbox 276 242 3534 351; baseline 0.002 -7"><span class='ocrx_word' id='word_1_1' title='bbox 276 242 391 345; x_wconf 74' lang='lat' dir='ltr'><strong>sos</strong></span> <span class='ocrx_word' id='word_1_2' title='bbox 1199 284 1296 345; x_wconf 91' lang='lat' dir='ltr'><strong>DE</strong></span> <span class='ocrx_word' id='word_1_3' title='bbox 1330 284 1584 349; x_wconf 82' lang='lat' dir='ltr'><strong>REBUS</strong></span> <span class='ocrx_word' id='word_1_4' title='bbox 1618 288 1803 350; x_wconf 80' lang='lat' dir='ltr'><strong>posr</strong></span> <span class='ocrx_word' id='word_1_5' title='bbox 1841 288 2288 351; x_wconf 80' lang='lat' dir='ltr'><strong>MAURICIUM</strong></span> <span class='ocrx_word' id='word_1_6' title='bbox 2326 286 2613 347; x_wconf 82' lang='lat' dir='ltr'><strong>GESTIS.</strong></span> <span class='ocrx_word' id='word_1_7' title='bbox 3427 285 3534 349; x_wconf 81' lang='lat'><strong>866</strong></span> 
     </span>
    </p>
   </div>
   <div class='ocr_carea' id='block_1_2' title="bbox 277 389 3532 468">
    <p class='ocr_par' dir='ltr' id='par_1_2' title="bbox 277 389 3532 468">
     <span class='ocr_line' id='line_1_2' title="bbox 277 389 3532 468; baseline 0.003 -24"><span class='ocrx_word' id='word_1_8' title='bbox 277 409 309 444; x_wconf 82' lang='lat' dir='ltr'><strong>a</strong></span> <span class='ocrx_word' id='word_1_9' title='bbox 345 403 436 445; x_wconf 90' lang='lat' dir='ltr'><strong>me</strong></span> <span class='ocrx_word' id='word_1_10' title='bbox 478 389 694 445; x_wconf 75' lang='lat' dir='ltr'><strong>auditus</strong></span> <span class='ocrx_word' id='word_1_11' title='bbox 731 389 932 459; x_wconf 81' lang='lat' dir='ltr'><strong>partim</strong></span> <span class='ocrx_word' id='word_1_12' title='bbox 965 392 1034 447; x_wconf 87' lang='lat' dir='ltr'><strong>ab</strong></span> <span class='ocrx_word' id='word_1_13' title='bbox 1065 392 1188 449; x_wconf 87' lang='lat' dir='ltr'><strong>aliis</strong></span> <span class='ocrx_word' id='word_1_14' title='bbox 1215 407 1692 465; x_wconf 86' lang='lat' dir='ltr'><strong>exceptussermo</strong></span> <span class='ocrx_word' id='word_1_15' title='bbox 1726 400 1921 465; x_wconf 89' lang='lat' dir='ltr'><strong>fuerit,</strong></span> <span class='ocrx_word' id='word_1_16' title='bbox 1954 416 2076 455; x_wconf 90' lang='lat' dir='ltr'><strong>cum</strong></span> <span class='ocrx_word' id='word_1_17' title='bbox 2104 410 2160 455; x_wconf 93' lang='lat' dir='ltr'><strong>tu</strong></span> <span class='ocrx_word' id='word_1_18' title='bbox 2197 400 2327 454; x_wconf 84' lang='lat' dir='ltr'><strong>illud</strong></span> <span class='ocrx_word' id='word_1_19' title='bbox 2357 398 2708 468; x_wconf 72' lang='lat' dir='ltr'><strong>promebam,</strong></span> <span class='ocrx_word' id='word_1_20' title='bbox 2742 394 2875 449; x_wconf 86' lang='lat' dir='ltr'><strong>nihil</strong></span> <span class='ocrx_word' id='word_1_21' title='bbox 2909 393 3003 449; x_wconf 88' lang='lat' dir='ltr'><strong>tibi</strong></span> <span class='ocrx_word' id='word_1_22' title='bbox 3041 394 3248 461; x_wconf 83' lang='lat' dir='ltr'><strong>gratius</strong></span> <span class='ocrx_word' id='word_1_23' title='bbox 3287 411 3532 465; x_wconf 91' lang='lat' dir='ltr'><strong>unquam</strong></span> 
     </span>
    </p>
   </div>
   <div class='ocr_carea' id='block_1_3' title="bbox 277 476 3534 561">
    <p class='ocr_par' dir='ltr' id='par_1_3' title="bbox 277 476 3534 561">
     <span class='ocr_line' id='line_1_3' title="bbox 277 476 3534 561; baseline 0.002 -29"><span class='ocrx_word' id='word_1_24' title='bbox 277 476 560 533; x_wconf 72' lang='lat' dir='ltr'><strong>exstitisse</strong></span> <span class='ocrx_word' id='word_1_25' title='bbox 591 477 749 561; x_wconf 83' lang='lat' dir='ltr'><strong>bonis</strong></span> <span class='ocrx_word' id='word_1_26' title='bbox 781 478 994 534; x_wconf 86' lang='lat' dir='ltr'><strong>artibus</strong></span> <span class='ocrx_word' id='word_1_27' title='bbox 1033 480 1341 551; x_wconf 89' lang='lat' dir='ltr'><strong>artiumque</strong></span> <span class='ocrx_word' id='word_1_28' title='bbox 1368 486 1579 555; x_wconf 86' lang='lat' dir='ltr'><strong>peritis,</strong></span> <span class='ocrx_word' id='word_1_29' title='bbox 1626 501 1802 558; x_wconf 90' lang='lat' dir='ltr'><strong>neque</strong></span> <span class='ocrx_word' id='word_1_30' title='bbox 1829 488 1881 543; x_wconf 91' lang='lat' dir='ltr'><strong>in</strong></span> <span class='ocrx_word' id='word_1_31' title='bbox 1911 496 2216 556; x_wconf 89' lang='lat' dir='ltr'><strong>posterum,</strong></span> <span class='ocrx_word' id='word_1_32' title='bbox 2251 500 2359 556; x_wconf 92' lang='lat' dir='ltr'><strong>quo</strong></span> <span class='ocrx_word' id='word_1_33' title='bbox 2391 482 2564 553; x_wconf 85' lang='lat' dir='ltr'><strong>major</strong></span> <span class='ocrx_word' id='word_1_34' title='bbox 2615 479 2934 538; x_wconf 85' lang='lat' dir='ltr'><strong>sublevandi</strong></span> <span class='ocrx_word' id='word_1_35' title='bbox 2968 490 3113 534; x_wconf 87' lang='lat' dir='ltr'><strong>esset</strong></span> <span class='ocrx_word' id='word_1_36' title='bbox 3151 479 3397 546; x_wconf 74' lang='lat' dir='ltr'><strong>facultas,</strong></span> <span class='ocrx_word' id='word_1_37' title='bbox 3426 485 3534 539; x_wconf 85' lang='lat' dir='ltr'><strong>ulla</strong></span> 
     </span>
    </p>
   </div>
   <div class='ocr_carea' id='block_1_4' title="bbox 278 561 784 618">
    <p class='ocr_par' dir='ltr' id='par_1_4' title="bbox 278 561 784 618">
     <span class='ocr_line' id='line_1_4' title="bbox 278 561 784 618; baseline -0.002 0"><span class='ocrx_word' id='word_1_38' title='bbox 278 564 336 618; x_wconf 88' lang='lat' dir='ltr'><strong>iu</strong></span> <span class='ocrx_word' id='word_1_39' title='bbox 369 578 427 617; x_wconf 90' lang='lat' dir='ltr'><strong>re</strong></span> <span class='ocrx_word' id='word_1_40' title='bbox 450 561 784 617; x_wconf 76' lang='lat' dir='ltr'><strong>defuturum.</strong></span> 
     </span>
    </p>
   </div>
   <div class='ocr_carea' id='block_1_5' title="bbox 350 649 3534 731">
    <p class='ocr_par' dir='ltr' id='par_1_5' title="bbox 350 649 3534 731">
     <span class='ocr_line' id='line_1_5' title="bbox 350 649 3534 731; baseline 0.002 -25"><span class='ocrx_word' id='word_1_41' title='bbox 350 649 713 716; x_wconf 80' lang='lat' dir='ltr'><strong>Quamobrem</strong></span> <span class='ocrx_word' id='word_1_42' title='bbox 751 658 809 703; x_wconf 89' lang='lat' dir='ltr'><strong>ut</strong></span> <span class='ocrx_word' id='word_1_43' title='bbox 850 650 966 719; x_wconf 85' lang='lat' dir='ltr'><strong>ejus</strong></span> <span class='ocrx_word' id='word_1_44' title='bbox 995 653 1145 709; x_wconf 86' lang='lat' dir='ltr'><strong>vocis</strong></span> <span class='ocrx_word' id='word_1_45' title='bbox 1182 657 1507 727; x_wconf 83' lang='lat' dir='ltr'><strong>consiliique</strong></span> <span class='ocrx_word' id='word_1_46' title='bbox 1540 660 1908 727; x_wconf 82' lang='lat' dir='ltr'><strong>meminisses,</strong></span> <span class='ocrx_word' id='word_1_47' title='bbox 1968 670 2222 731; x_wconf 89' lang='lat' dir='ltr'><strong>tanquam</strong></span> <span class='ocrx_word' id='word_1_48' title='bbox 2271 658 2674 713; x_wconf 88' lang='lat' dir='ltr'><strong>admonitorem</strong></span> <span class='ocrx_word' id='word_1_49' title='bbox 2717 655 2946 726; x_wconf 80' lang='lat' dir='ltr'><strong>allegavi</strong></span> <span class='ocrx_word' id='word_1_50' title='bbox 3017 653 3383 724; x_wconf 81' lang='lat' dir='ltr'><strong>Nicephorum</strong></span> <span class='ocrx_word' id='word_1_51' title='bbox 3430 675 3534 713; x_wconf 79' lang='lat' dir='ltr'><strong>no-</strong></span> 
     </span>
    </p>
   </div>
   <div class='ocr_carea' id='block_1_6' title="bbox 274 737 3531 814">
    <p class='ocr_par' dir='ltr' id='par_1_6' title="bbox 274 737 3531 814">
     <span class='ocr_line' id='line_1_6' title="bbox 274 737 3531 814; baseline 0.002 -21"><span class='ocrx_word' id='word_1_52' title='bbox 274 747 486 802; x_wconf 84' lang='lat' dir='ltr'><strong>strum,</strong></span> <span class='ocrx_word' id='word_1_53' title='bbox 532 740 624 806; x_wconf 88' lang='lat' dir='ltr'><strong>qui</strong></span> <span class='ocrx_word' id='word_1_54' title='bbox 661 737 756 792; x_wconf 86' lang='lat' dir='ltr'><strong>tibi</strong></span> <span class='ocrx_word' id='word_1_55' title='bbox 790 753 913 793; x_wconf 91' lang='lat' dir='ltr'><strong>cum</strong></span> <span class='ocrx_word' id='word_1_56' title='bbox 954 741 1207 809; x_wconf 81' lang='lat' dir='ltr'><strong>privatim</strong></span> <span class='ocrx_word' id='word_1_57' title='bbox 1253 744 1334 797; x_wconf 91' lang='lat' dir='ltr'><strong>sui</strong></span> <span class='ocrx_word' id='word_1_58' title='bbox 1372 755 1483 799; x_wconf 93' lang='lat' dir='ltr'><strong>tum</strong></span> <span class='ocrx_word' id='word_1_59' title='bbox 1515 749 1790 802; x_wconf 91' lang='lat' dir='ltr'><strong>communi</strong></span> <span class='ocrx_word' id='word_1_60' title='bbox 1838 748 2054 804; x_wconf 90' lang='lat' dir='ltr'><strong>nomine</strong></span> <span class='ocrx_word' id='word_1_61' title='bbox 2100 747 2401 801; x_wconf 90' lang='lat' dir='ltr'><strong>litterarum</strong></span> <span class='ocrx_word' id='word_1_62' title='bbox 2432 745 2797 814; x_wconf 83' lang='lat' dir='ltr'><strong>patrocinium</strong></span> <span class='ocrx_word' id='word_1_63' title='bbox 2847 742 3108 808; x_wconf 85' lang='lat' dir='ltr'><strong>deferret,</strong></span> <span class='ocrx_word' id='word_1_64' title='bbox 3160 745 3319 798; x_wconf 83' lang='lat' dir='ltr'><strong>simul</strong></span> <span class='ocrx_word' id='word_1_65' title='bbox 3364 749 3531 801; x_wconf 87' lang='lat' dir='ltr'><strong>etiam</strong></span> 
     </span>
    </p>
   </div>
   <div class='ocr_carea' id='block_1_7' title="bbox 276 826 3536 903">
    <p class='ocr_par' dir='ltr' id='par_1_7' title="bbox 276 826 3536 903">
     <span class='ocr_line' id='line_1_7' title="bbox 276 826 3536 903; baseline 0.002 -23"><span class='ocrx_word' id='word_1_66' title='bbox 276 836 520 896; x_wconf 74' lang='lat' dir='ltr'><strong>rogaret,</strong></span> <span class='ocrx_word' id='word_1_67' title='bbox 547 826 688 895; x_wconf 90' lang='lat' dir='ltr'><strong>quod</strong></span> <span class='ocrx_word' id='word_1_68' title='bbox 719 827 772 881; x_wconf 89' lang='lat' dir='ltr'><strong>in</strong></span> <span class='ocrx_word' id='word_1_69' title='bbox 809 827 876 882; x_wconf 90' lang='lat' dir='ltr'><strong>iis</strong></span> <span class='ocrx_word' id='word_1_70' title='bbox 907 831 1208 885; x_wconf 80' lang='lat' dir='ltr'><strong>tractandis</strong></span> <span class='ocrx_word' id='word_1_71' title='bbox 1238 832 1668 902; x_wconf 84' lang='lat' dir='ltr'><strong>profltendisque</strong></span> <span class='ocrx_word' id='word_1_72' title='bbox 1703 845 1890 890; x_wconf 89' lang='lat' dir='ltr'><strong>nostra</strong></span> <span class='ocrx_word' id='word_1_73' title='bbox 1924 837 2162 891; x_wconf 85' lang='lat' dir='ltr'><strong>societas</strong></span> <span class='ocrx_word' id='word_1_74' title='bbox 2197 834 2462 894; x_wconf 76' lang='lat' dir='ltr'><strong>elaboret,</strong></span> <span class='ocrx_word' id='word_1_75' title='bbox 2498 842 2708 902; x_wconf 82' lang='lat' dir='ltr'><strong>partem</strong></span> <span class='ocrx_word' id='word_1_76' title='bbox 2741 841 2798 886; x_wconf 91' lang='lat' dir='ltr'><strong>ut</strong></span> <span class='ocrx_word' id='word_1_77' title='bbox 2825 832 2895 887; x_wconf 85' lang='lat' dir='ltr'><strong>ad</strong></span> <span class='ocrx_word' id='word_1_78' title='bbox 2919 848 3037 887; x_wconf 90' lang='lat' dir='ltr'><strong>eam</strong></span> <span class='ocrx_word' id='word_1_79' title='bbox 3066 833 3303 903; x_wconf 85' lang='lat' dir='ltr'><strong>aliquam</strong></span> <span class='ocrx_word' id='word_1_80' title='bbox 3330 835 3536 888; x_wconf 76' lang='lat' dir='ltr'><strong>sollici-</strong></span> 
     </span>
    </p>
   </div>
   <div class='ocr_carea' id='block_1_8' title="bbox 276 912 3535 997">
    <p class='ocr_par' dir='ltr' id='par_1_8' title="bbox 276 912 3535 997">
     <span class='ocr_line' id='line_1_8' title="bbox 276 912 3535 997; baseline 0.003 -33"><span class='ocrx_word' id='word_1_81' title='bbox 276 913 484 969; x_wconf 83' lang='lat' dir='ltr'><strong>tudinis</strong></span> <span class='ocrx_word' id='word_1_82' title='bbox 520 912 680 982; x_wconf 83' lang='lat' dir='ltr'><strong>hujus</strong></span> <span class='ocrx_word' id='word_1_83' title='bbox 712 913 1214 986; x_wconf 60' lang='lat' dir='ltr'><strong>benevolentiaque</strong></span> <span class='ocrx_word' id='word_1_84' title='bbox 1264 919 1628 987; x_wconf 79' lang='lat' dir='ltr'><strong>transferres;</strong></span> <span class='ocrx_word' id='word_1_85' title='bbox 1661 933 1718 975; x_wconf 90' lang='lat' dir='ltr'><strong>ut</strong></span> <span class='ocrx_word' id='word_1_86' title='bbox 1752 924 1818 977; x_wconf 87' lang='lat' dir='ltr'><strong>iis</strong></span> <span class='ocrx_word' id='word_1_87' title='bbox 1847 924 2044 993; x_wconf 88' lang='lat' dir='ltr'><strong>quibus</strong></span> <span class='ocrx_word' id='word_1_88' title='bbox 2076 938 2220 993; x_wconf 66' lang='lat' dir='ltr'><strong>saepe</strong></span> <span class='ocrx_word' id='word_1_89' title='bbox 2258 922 2485 990; x_wconf 35' lang='lat' dir='ltr'><strong>jactata&#39;</strong></span> <span class='ocrx_word' id='word_1_90' title='bbox 2511 927 2597 975; x_wconf 86' lang='lat' dir='ltr'><strong>est</strong></span> <span class='ocrx_word' id='word_1_91' title='bbox 2648 921 2913 997; x_wconf 72' lang='lat' dir='ltr'><strong>molestiis</strong></span> <span class='ocrx_word' id='word_1_92' title='bbox 2945 919 3234 989; x_wconf 85' lang='lat' dir='ltr'><strong>perfuncta</strong></span> <span class='ocrx_word' id='word_1_93' title='bbox 3276 936 3383 975; x_wconf 90' lang='lat' dir='ltr'><strong>non</strong></span> <span class='ocrx_word' id='word_1_94' title='bbox 3420 930 3535 975; x_wconf 81' lang='lat' dir='ltr'><strong>tam</strong></span> 
     </span>
    </p>
   </div>
   <div class='ocr_carea' id='block_1_9' title="bbox 274 1000 3537 1078">
    <p class='ocr_par' dir='ltr' id='par_1_9' title="bbox 274 1000 3537 1078">
     <span class='ocr_line' id='line_1_9' title="bbox 274 1000 3537 1078; baseline 0.003 -24"><span class='ocrx_word' id='word_1_95' title='bbox 274 1001 392 1069; x_wconf 88' lang='lat' dir='ltr'><strong>ipsa</strong></span> <span class='ocrx_word' id='word_1_96' title='bbox 446 1000 836 1069; x_wconf 87' lang='lat' dir='ltr'><strong>conquiescere</strong></span> <span class='ocrx_word' id='word_1_97' title='bbox 890 1002 1082 1071; x_wconf 91' lang='lat' dir='ltr'><strong>possit,</strong></span> <span class='ocrx_word' id='word_1_98' title='bbox 1118 1019 1279 1073; x_wconf 89' lang='lat' dir='ltr'><strong>quam</strong></span> <span class='ocrx_word' id='word_1_99' title='bbox 1305 1015 1359 1058; x_wconf 88' lang='lat' dir='ltr'><strong>et</strong></span> <span class='ocrx_word' id='word_1_100' title='bbox 1384 1005 1645 1063; x_wconf 86' lang='lat' dir='ltr'><strong>Ecclesiae</strong></span> <span class='ocrx_word' id='word_1_101' title='bbox 1698 1009 1890 1067; x_wconf 75' lang='lat' dir='ltr'><strong>ofﬁciis</strong></span> <span class='ocrx_word' id='word_1_102' title='bbox 1935 1012 2187 1065; x_wconf 87' lang='lat' dir='ltr'><strong>omnibus</strong></span> <span class='ocrx_word' id='word_1_103' title='bbox 2227 1020 2282 1064; x_wconf 90' lang='lat' dir='ltr'><strong>et</strong></span> <span class='ocrx_word' id='word_1_104' title='bbox 2324 1010 2698 1065; x_wconf 86' lang='lat' dir='ltr'><strong>doctrinarum</strong></span> <span class='ocrx_word' id='word_1_105' title='bbox 2736 1008 2935 1062; x_wconf 91' lang='lat' dir='ltr'><strong>studiis</strong></span> <span class='ocrx_word' id='word_1_106' title='bbox 2970 1007 3174 1078; x_wconf 80' lang='lat' dir='ltr'><strong>vigiliis</strong></span> <span class='ocrx_word' id='word_1_107' title='bbox 3226 1008 3537 1064; x_wconf 86' lang='lat' dir='ltr'><strong>laboribus-</strong></span> 
     </span>
    </p>
   </div>
   <div class='ocr_carea' id='block_1_10' title="bbox 271 1087 3539 1166">
    <p class='ocr_par' dir='ltr' id='par_1_10' title="bbox 271 1087 3539 1166">
     <span class='ocr_line' id='line_1_10' title="bbox 271 1087 3539 1166; baseline 0.003 -25"><span class='ocrx_word' id='word_1_108' title='bbox 271 1101 385 1156; x_wconf 88' lang='lat' dir='ltr'><strong>que</strong></span> <span class='ocrx_word' id='word_1_109' title='bbox 426 1087 540 1142; x_wconf 84' lang='lat' dir='ltr'><strong>suis</strong></span> <span class='ocrx_word' id='word_1_110' title='bbox 597 1087 867 1142; x_wconf 90' lang='lat' dir='ltr'><strong>commodi</strong></span> <span class='ocrx_word' id='word_1_111' title='bbox 919 1088 1124 1159; x_wconf 88' lang='lat' dir='ltr'><strong>aliquid</strong></span> <span class='ocrx_word' id='word_1_112' title='bbox 1178 1089 1396 1148; x_wconf 77' lang='lat' dir='ltr'><strong>aﬂ&#39;erre.</strong></span> <span class='ocrx_word' id='word_1_113' title='bbox 1432 1093 1508 1149; x_wconf 90' lang='lat' dir='ltr'><strong>De</strong></span> <span class='ocrx_word' id='word_1_114' title='bbox 1556 1110 1644 1150; x_wconf 88' lang='lat' dir='ltr'><strong>me</strong></span> <span class='ocrx_word' id='word_1_115' title='bbox 1674 1110 1805 1151; x_wconf 92' lang='lat' dir='ltr'><strong>vero</strong></span> <span class='ocrx_word' id='word_1_116' title='bbox 1854 1100 1996 1166; x_wconf 89' lang='lat' dir='ltr'><strong>quod</strong></span> <span class='ocrx_word' id='word_1_117' title='bbox 2047 1098 2314 1166; x_wconf 78' lang='lat' dir='ltr'><strong>praecipue</strong></span> <span class='ocrx_word' id='word_1_118' title='bbox 2364 1095 2629 1166; x_wconf 90' lang='lat' dir='ltr'><strong>postulem</strong></span> <span class='ocrx_word' id='word_1_119' title='bbox 2681 1094 2814 1149; x_wconf 88' lang='lat' dir='ltr'><strong>nihil</strong></span> <span class='ocrx_word' id='word_1_120' title='bbox 2869 1103 2970 1157; x_wconf 88' lang='lat' dir='ltr'><strong>est,</strong></span> <span class='ocrx_word' id='word_1_121' title='bbox 3032 1095 3136 1148; x_wconf 91' lang='lat' dir='ltr'><strong>nisi</strong></span> <span class='ocrx_word' id='word_1_122' title='bbox 3188 1104 3247 1148; x_wconf 92' lang='lat' dir='ltr'><strong>ut</strong></span> <span class='ocrx_word' id='word_1_123' title='bbox 3290 1097 3539 1152; x_wconf 55' lang='lat' dir='ltr'><strong>audacia</strong></span> 
     </span>
    </p>
   </div>
   <div class='ocr_carea' id='block_1_11' title="bbox 275 1172 3584 1315">
    <p class='ocr_par' dir='ltr' id='par_1_11' title="bbox 275 1172 3584 1315">
     <span class='ocr_line' id='line_1_11' title="bbox 275 1172 3584 1315; baseline 0.003 -89"><span class='ocrx_word' id='word_1_124' title='bbox 275 1175 350 1315; x_wconf 67' lang='lat' dir='ltr'><strong>ist:3</strong></span> <span class='ocrx_word' id='word_1_125' title='bbox 370 1182 425 1228; x_wconf 93' lang='lat' dir='ltr'><strong>te</strong></span> <span class='ocrx_word' id='word_1_126' title='bbox 454 1172 852 1315; x_wconf 57' lang='grc' dir='ltr'><strong>ἰηιῧτρῗὲῗὲόο</strong></span> <span class='ocrx_word' id='word_1_127' title='bbox 883 1190 1018 1230; x_wconf 67' lang='lat' dir='ltr'><strong>mea:</strong></span> <span class='ocrx_word' id='word_1_128' title='bbox 1047 1178 1127 1232; x_wconf 88' lang='lat' dir='ltr'><strong>sic</strong></span> <span class='ocrx_word' id='word_1_129' title='bbox 1156 1179 1407 1248; x_wconf 73' lang='lat' dir='ltr'><strong>ignoscas</strong></span> <span class='ocrx_word' id='word_1_130' title='bbox 1432 1190 1492 1236; x_wconf 92' lang='lat' dir='ltr'><strong>ut</strong></span> <span class='ocrx_word' id='word_1_131' title='bbox 1524 1184 1697 1238; x_wconf 88' lang='lat' dir='ltr'><strong>amori</strong></span> <span class='ocrx_word' id='word_1_132' title='bbox 1741 1198 1869 1253; x_wconf 75' lang='lat' dir='ltr'><strong>erga</strong></span> <span class='ocrx_word' id='word_1_133' title='bbox 1896 1193 1949 1238; x_wconf 89' lang='lat' dir='ltr'><strong>te</strong></span> <span class='ocrx_word' id='word_1_134' title='bbox 1976 1183 2350 1252; x_wconf 82' lang='lat' dir='ltr'><strong>voluntatique</strong></span> <span class='ocrx_word' id='word_1_135' title='bbox 2400 1182 2608 1264; x_wconf 80' lang='lat' dir='ltr'><strong>faveas.</strong></span> <span class='ocrx_word' id='word_1_136' title='bbox 2647 1181 2797 1235; x_wconf 82' lang='lat' dir='ltr'><strong>Vale.</strong></span> <span class='ocrx_word' id='word_1_137' title='bbox 2850 1180 3079 1238; x_wconf 69' lang='lat' dir='ltr'><strong>Lutetia:</strong></span> <span class='ocrx_word' id='word_1_138' title='bbox 3126 1180 3304 1236; x_wconf 86' lang='lat' dir='ltr'><strong>Paris.</strong></span> <span class='ocrx_word' id='word_1_139' title='bbox 3338 1184 3371 1236; x_wconf 83' lang='lat'><strong>6</strong></span> <span class='ocrx_word' id='word_1_140' title='bbox 3409 1183 3529 1238; x_wconf 83' lang='lat' dir='ltr'><strong>Kal.</strong></span> <span class='ocrx_word' id='word_1_141' title='bbox 3578 1242 3584 1247; x_wconf 92' lang='lat'><em>_</em></span> 
     </span>
     <span class='ocr_line' id='line_1_12' title="bbox 353 1268 796 1315; baseline -0.007 0"><span class='ocrx_word' id='word_1_142' title='bbox 353 1268 429 1315; x_wconf 88' lang='lat' dir='ltr'><strong>nt.</strong></span> <span class='ocrx_word' id='word_1_143' title='bbox 460 1275 514 1314; x_wconf 84' lang='lat' dir='ltr'><strong>a.</strong></span> <span class='ocrx_word' id='word_1_144' title='bbox 585 1298 600 1314; x_wconf 95' lang='lat'><strong>.</strong></span> <span class='ocrx_word' id='word_1_145' title='bbox 779 1296 796 1312; x_wconf 91' lang='lat'><strong>.</strong></span> 
     </span>
    </p>
   </div>
   <div class='ocr_carea' id='block_1_12' title="bbox 350 1268 796 1331">
    <p class='ocr_par' dir='ltr' id='par_1_12' title="bbox 350 1268 796 1331">
     <span class='ocr_line' id='line_1_13' title="bbox 350 1268 796 1331; baseline -0.007 -16"><span class='ocrx_word' id='word_1_146' title='bbox 350 1268 429 1331; x_wconf 87' lang='lat' dir='ltr'><strong>pt.</strong></span> <span class='ocrx_word' id='word_1_147' title='bbox 460 1275 514 1314; x_wconf 88' lang='lat' dir='ltr'><strong>a.</strong></span> <span class='ocrx_word' id='word_1_148' title='bbox 536 1268 600 1314; x_wconf 88' lang='grc' dir='ltr'><strong>υ.</strong></span> <span class='ocrx_word' id='word_1_149' title='bbox 634 1268 796 1315; x_wconf 74' lang='lat' dir='ltr'><strong>toto.</strong></span> 
     </span>
    </p>
   </div>
   <div class='ocr_carea' id='block_1_13' title="bbox 278 1453 3519 1493">
    <p class='ocr_par' dir='ltr' id='par_1_13' title="bbox 278 1453 3519 1493">
     <span class='ocr_line' id='line_1_14' title="bbox 278 1453 3519 1493; baseline 0.001 -14"><span class='ocrx_word' id='word_1_150' title='bbox 278 1453 3519 1493; x_wconf 50' lang='lat' dir='ltr'><strong>mm“-</strong></span> 
     </span>
    </p>
   </div>
   <div class='ocr_carea' id='block_1_14' title="bbox 713 1639 3085 1740">
    <p class='ocr_par' dir='ltr' id='par_1_14' title="bbox 713 1639 3085 1740">
     <span class='ocr_line' id='line_1_15' title="bbox 713 1639 3085 1740; baseline 0.001 -10"><span class='ocrx_word' id='word_1_151' title='bbox 713 1642 834 1731; x_wconf 90' lang='lat' dir='ltr'><strong>D.</strong></span> <span class='ocrx_word' id='word_1_152' title='bbox 909 1639 1396 1736; x_wconf 86' lang='lat' dir='ltr'><strong>PETAVII</strong></span> <span class='ocrx_word' id='word_1_153' title='bbox 1471 1643 1619 1732; x_wconf 85' lang='lat' dir='ltr'><strong>AD</strong></span> <span class='ocrx_word' id='word_1_154' title='bbox 1690 1643 2329 1740; x_wconf 84' lang='lat' dir='ltr'><strong>LECTOREM</strong></span> <span class='ocrx_word' id='word_1_155' title='bbox 2402 1643 3085 1736; x_wconf 66' lang='lat' dir='ltr'><strong>PREFATIO.</strong></span> 
     </span>
    </p>
   </div>
   <div class='ocr_carea' id='block_1_15' title="bbox 339 1854 3528 1928">
    <p class='ocr_par' dir='ltr' id='par_1_15' title="bbox 339 1854 3528 1928">
     <span class='ocr_line' id='line_1_16' title="bbox 339 1854 3528 1928; baseline 0 -17"><span class='ocrx_word' id='word_1_156' title='bbox 339 1854 634 1928; x_wconf 83' lang='lat' dir='ltr'><strong>Nicephori</strong></span> <span class='ocrx_word' id='word_1_157' title='bbox 677 1855 980 1926; x_wconf 85' lang='lat' dir='ltr'><strong>epitomen,</strong></span> <span class='ocrx_word' id='word_1_158' title='bbox 1025 1871 1190 1926; x_wconf 84' lang='lat' dir='ltr'><strong>quam</strong></span> <span class='ocrx_word' id='word_1_159' title='bbox 1224 1857 1317 1914; x_wconf 87' lang='lat' dir='ltr'><strong>hic</strong></span> <span class='ocrx_word' id='word_1_160' title='bbox 1356 1856 1454 1913; x_wconf 88' lang='lat' dir='ltr'><strong>tibi</strong></span> <span class='ocrx_word' id='word_1_161' title='bbox 1483 1858 1699 1921; x_wconf 87' lang='lat' dir='ltr'><strong>damus,</strong></span> <span class='ocrx_word' id='word_1_162' title='bbox 1734 1857 1972 1912; x_wconf 87' lang='lat' dir='ltr'><strong>candide</strong></span> <span class='ocrx_word' id='word_1_163' title='bbox 2009 1864 2063 1911; x_wconf 91' lang='lat' dir='ltr'><strong>et</strong></span> <span class='ocrx_word' id='word_1_164' title='bbox 2091 1857 2306 1912; x_wconf 89' lang='lat' dir='ltr'><strong>erudite</strong></span> <span class='ocrx_word' id='word_1_165' title='bbox 2335 1854 2552 1920; x_wconf 84' lang='lat' dir='ltr'><strong>Lector,</strong></span> <span class='ocrx_word' id='word_1_166' title='bbox 2585 1854 2896 1925; x_wconf 88' lang='lat' dir='ltr'><strong>accepimus</strong></span> <span class='ocrx_word' id='word_1_167' title='bbox 2919 1869 2947 1908; x_wconf 88' lang='lat' dir='ltr'><strong>a</strong></span> <span class='ocrx_word' id='word_1_168' title='bbox 2978 1854 3047 1910; x_wconf 81' lang='grc' dir='ltr'><strong>Β.</strong></span> <span class='ocrx_word' id='word_1_169' title='bbox 3075 1855 3136 1910; x_wconf 84' lang='grc' dir='ltr'><strong>Ρ.</strong></span> <span class='ocrx_word' id='word_1_170' title='bbox 3164 1855 3367 1912; x_wconf 83' lang='lat' dir='ltr'><strong>Jacobo</strong></span> <span class='ocrx_word' id='word_1_171' title='bbox 3410 1857 3528 1912; x_wconf 75' lang='lat' dir='ltr'><strong>Sir—</strong></span> 
     </span>
    </p>
   </div>
   <div class='ocr_carea' id='block_1_16' title="bbox 272 1940 3527 2016">
    <p class='ocr_par' dir='ltr' id='par_1_16' title="bbox 272 1940 3527 2016">
     <span class='ocr_line' id='line_1_17' title="bbox 272 1940 3527 2016; baseline 0 -15"><span class='ocrx_word' id='word_1_172' title='bbox 272 1944 495 2012; x_wconf 85' lang='lat' dir='ltr'><strong>moudo,</strong></span> <span class='ocrx_word' id='word_1_173' title='bbox 525 1944 618 2014; x_wconf 87' lang='lat' dir='ltr'><strong>qui</strong></span> <span class='ocrx_word' id='word_1_174' title='bbox 650 1956 771 2000; x_wconf 88' lang='lat' dir='ltr'><strong>eam</strong></span> <span class='ocrx_word' id='word_1_175' title='bbox 804 1942 997 2001; x_wconf 56' lang='lat' dir='ltr'><strong>Romae</strong></span> <span class='ocrx_word' id='word_1_176' title='bbox 1027 1958 1092 1998; x_wconf 89' lang='lat' dir='ltr'><strong>ex</strong></span> <span class='ocrx_word' id='word_1_177' title='bbox 1127 1945 1299 2000; x_wconf 84' lang='lat' dir='ltr'><strong>veteri</strong></span> <span class='ocrx_word' id='word_1_178' title='bbox 1332 1945 1635 2016; x_wconf 88' lang='lat' dir='ltr'><strong>exemplari</strong></span> <span class='ocrx_word' id='word_1_179' title='bbox 1665 1944 1979 2014; x_wconf 88' lang='lat' dir='ltr'><strong>descripsit.</strong></span> <span class='ocrx_word' id='word_1_180' title='bbox 2003 1943 2080 2000; x_wconf 88' lang='lat' dir='ltr'><strong>De</strong></span> <span class='ocrx_word' id='word_1_181' title='bbox 2104 1951 2328 1999; x_wconf 87' lang='lat' dir='ltr'><strong>auctore</strong></span> <span class='ocrx_word' id='word_1_182' title='bbox 2349 1955 2515 2013; x_wconf 91' lang='lat' dir='ltr'><strong>porro</strong></span> <span class='ocrx_word' id='word_1_183' title='bbox 2546 1942 2664 2012; x_wconf 87' lang='lat' dir='ltr'><strong>ipso</strong></span> <span class='ocrx_word' id='word_1_184' title='bbox 2694 1950 2875 1997; x_wconf 81' lang='lat' dir='ltr'><strong>exstat</strong></span> <span class='ocrx_word' id='word_1_185' title='bbox 2903 1940 3082 1996; x_wconf 85' lang='lat' dir='ltr'><strong>Photii</strong></span> <span class='ocrx_word' id='word_1_186' title='bbox 3117 1944 3168 1997; x_wconf 91' lang='lat' dir='ltr'><strong>in</strong></span> <span class='ocrx_word' id='word_1_187' title='bbox 3194 1943 3527 2002; x_wconf 86' lang='lat' dir='ltr'><strong>Bibliotheca</strong></span> 
     </span>
    </p>
   </div>
   <div class='ocr_carea' id='block_1_17' title="bbox 270 2028 3529 2103">
    <p class='ocr_par' dir='ltr' id='par_1_17' title="bbox 270 2028 3529 2103">
     <span class='ocr_line' id='line_1_18' title="bbox 270 2028 3529 2103; baseline 0.001 -17"><span class='ocrx_word' id='word_1_188' title='bbox 270 2030 674 2102; x_wconf 79' lang='lat' dir='ltr'><strong>perhonoriﬁca</strong></span> <span class='ocrx_word' id='word_1_189' title='bbox 718 2030 949 2098; x_wconf 85' lang='lat' dir='ltr'><strong>mentio,</strong></span> <span class='ocrx_word' id='word_1_190' title='bbox 989 2046 1097 2101; x_wconf 84' lang='lat' dir='ltr'><strong>qua</strong></span> <span class='ocrx_word' id='word_1_191' title='bbox 1130 2039 1185 2086; x_wconf 83' lang='lat' dir='ltr'><strong>et</strong></span> <span class='ocrx_word' id='word_1_192' title='bbox 1208 2032 1483 2102; x_wconf 89' lang='lat' dir='ltr'><strong>epitomen</strong></span> <span class='ocrx_word' id='word_1_193' title='bbox 1522 2032 1682 2086; x_wconf 89' lang='lat' dir='ltr'><strong>istam</strong></span> <span class='ocrx_word' id='word_1_194' title='bbox 1737 2045 2076 2103; x_wconf 80' lang='lat' dir='ltr'><strong>magnopere</strong></span> <span class='ocrx_word' id='word_1_195' title='bbox 2122 2030 2490 2095; x_wconf 85' lang='lat' dir='ltr'><strong>commendat,</strong></span> <span class='ocrx_word' id='word_1_196' title='bbox 2525 2039 2580 2084; x_wconf 91' lang='lat' dir='ltr'><strong>et</strong></span> <span class='ocrx_word' id='word_1_197' title='bbox 2613 2028 2715 2084; x_wconf 89' lang='lat' dir='ltr'><strong>hac</strong></span> <span class='ocrx_word' id='word_1_198' title='bbox 2746 2043 2852 2083; x_wconf 88' lang='lat' dir='ltr'><strong>una</strong></span> <span class='ocrx_word' id='word_1_199' title='bbox 2891 2028 3282 2089; x_wconf 77' lang='lat' dir='ltr'><strong>Jucubratione</strong></span> <span class='ocrx_word' id='word_1_200' title='bbox 3313 2032 3529 2102; x_wconf 86' lang='lat' dir='ltr'><strong>judicat</strong></span> 
     </span>
    </p>
   </div>
   <div class='ocr_carea' id='block_1_18' title="bbox 271 2116 3525 2190">
    <p class='ocr_par' dir='ltr' id='par_1_18' title="bbox 271 2116 3525 2190">
     <span class='ocr_line' id='line_1_19' title="bbox 271 2116 3525 2190; baseline 0.001 -16"><span class='ocrx_word' id='word_1_201' title='bbox 271 2134 381 2176; x_wconf 83' lang='lat' dir='ltr'><strong>non</strong></span> <span class='ocrx_word' id='word_1_202' title='bbox 411 2132 741 2188; x_wconf 84' lang='lat' dir='ltr'><strong>provocasse</strong></span> <span class='ocrx_word' id='word_1_203' title='bbox 792 2119 955 2174; x_wconf 87' lang='lat' dir='ltr'><strong>modo</strong></span> <span class='ocrx_word' id='word_1_204' title='bbox 1000 2120 1316 2189; x_wconf 83' lang='lat' dir='ltr'><strong>superiores</strong></span> <span class='ocrx_word' id='word_1_205' title='bbox 1361 2119 1795 2190; x_wconf 85' lang='lat' dir='ltr'><strong>quamplurimos</strong></span> <span class='ocrx_word' id='word_1_206' title='bbox 1851 2120 1946 2174; x_wconf 89' lang='lat' dir='ltr'><strong>sed</strong></span> <span class='ocrx_word' id='word_1_207' title='bbox 1995 2117 2154 2188; x_wconf 75' lang='lat' dir='ltr'><strong>longo</strong></span> <span class='ocrx_word' id='word_1_208' title='bbox 2191 2117 2357 2172; x_wconf 88' lang='lat' dir='ltr'><strong>etiam</strong></span> <span class='ocrx_word' id='word_1_209' title='bbox 2410 2116 2699 2171; x_wconf 86' lang='lat' dir='ltr'><strong>intervallo</strong></span> <span class='ocrx_word' id='word_1_210' title='bbox 2761 2130 3076 2185; x_wconf 88' lang='lat' dir='ltr'><strong>superasse.</strong></span> <span class='ocrx_word' id='word_1_211' title='bbox 3113 2117 3186 2172; x_wconf 86' lang='lat' dir='ltr'><strong>De</strong></span> <span class='ocrx_word' id='word_1_212' title='bbox 3221 2119 3345 2173; x_wconf 86' lang='lat' dir='ltr'><strong>aliis</strong></span> <span class='ocrx_word' id='word_1_213' title='bbox 3392 2135 3525 2176; x_wconf 89' lang='lat' dir='ltr'><strong>vero</strong></span> 
     </span>
    </p>
   </div>
   <div class='ocr_carea' id='block_1_19' title="bbox 275 2202 3521 2276">
    <p class='ocr_par' dir='ltr' id='par_1_19' title="bbox 275 2202 3521 2276">
     <span class='ocr_line' id='line_1_20' title="bbox 275 2202 3521 2276; baseline -0.001 -12"><span class='ocrx_word' id='word_1_214' title='bbox 275 2205 484 2264; x_wconf 81' lang='lat' dir='ltr'><strong>relictis</strong></span> <span class='ocrx_word' id='word_1_215' title='bbox 507 2206 580 2261; x_wconf 89' lang='lat' dir='ltr'><strong>ab</strong></span> <span class='ocrx_word' id='word_1_216' title='bbox 611 2218 679 2262; x_wconf 91' lang='lat' dir='ltr'><strong>eo</strong></span> <span class='ocrx_word' id='word_1_217' title='bbox 703 2204 1054 2260; x_wconf 78' lang='lat' dir='ltr'><strong>monimentis</strong></span> <span class='ocrx_word' id='word_1_218' title='bbox 1092 2219 1163 2260; x_wconf 92' lang='lat' dir='ltr'><strong>ne</strong></span> <span class='ocrx_word' id='word_1_219' title='bbox 1186 2206 1354 2262; x_wconf 85' lang='lat' dir='ltr'><strong>verbo</strong></span> <span class='ocrx_word' id='word_1_220' title='bbox 1394 2205 1613 2276; x_wconf 84' lang='lat' dir='ltr'><strong>quidem</strong></span> <span class='ocrx_word' id='word_1_221' title='bbox 1649 2204 1934 2260; x_wconf 87' lang='lat' dir='ltr'><strong>meminit.</strong></span> <span class='ocrx_word' id='word_1_222' title='bbox 1972 2203 2050 2258; x_wconf 85' lang='lat' dir='ltr'><strong>Ex</strong></span> <span class='ocrx_word' id='word_1_223' title='bbox 2081 2218 2190 2274; x_wconf 89' lang='lat' dir='ltr'><strong>quo</strong></span> <span class='ocrx_word' id='word_1_224' title='bbox 2235 2202 2395 2257; x_wconf 88' lang='lat' dir='ltr'><strong>dubia</strong></span> <span class='ocrx_word' id='word_1_225' title='bbox 2443 2203 2617 2256; x_wconf 89' lang='lat' dir='ltr'><strong>videri</strong></span> <span class='ocrx_word' id='word_1_226' title='bbox 2655 2212 2835 2273; x_wconf 86' lang='lat' dir='ltr'><strong>potest</strong></span> <span class='ocrx_word' id='word_1_227' title='bbox 2884 2203 3189 2259; x_wconf 87' lang='lat' dir='ltr'><strong>communis</strong></span> <span class='ocrx_word' id='word_1_228' title='bbox 3232 2208 3521 2273; x_wconf 84' lang='lat' dir='ltr'><strong>sententia,</strong></span> 
     </span>
    </p>
   </div>
   <div class='ocr_carea' id='block_1_20' title="bbox 274 2287 3525 2362">
    <p class='ocr_par' dir='ltr' id='par_1_20' title="bbox 274 2287 3525 2362">
     <span class='ocr_line' id='line_1_21' title="bbox 274 2287 3525 2362; baseline 0.001 -15"><span class='ocrx_word' id='word_1_229' title='bbox 274 2307 395 2362; x_wconf 65' lang='lat' dir='ltr'><strong>qua</strong></span> <span class='ocrx_word' id='word_1_230' title='bbox 420 2306 549 2347; x_wconf 90' lang='lat' dir='ltr'><strong>cum</strong></span> <span class='ocrx_word' id='word_1_231' title='bbox 583 2291 688 2347; x_wconf 84' lang='lat' dir='ltr'><strong>hoc</strong></span> <span class='ocrx_word' id='word_1_232' title='bbox 719 2289 1028 2362; x_wconf 83' lang='lat' dir='ltr'><strong>Nicephoro</strong></span> <span class='ocrx_word' id='word_1_233' title='bbox 1080 2293 1403 2362; x_wconf 86' lang='lat' dir='ltr'><strong>scriptorem</strong></span> <span class='ocrx_word' id='word_1_234' title='bbox 1446 2291 1690 2361; x_wconf 88' lang='lat' dir='ltr'><strong>ejusdem</strong></span> <span class='ocrx_word' id='word_1_235' title='bbox 1735 2290 1977 2346; x_wconf 90' lang='lat' dir='ltr'><strong>nominis</strong></span> <span class='ocrx_word' id='word_1_236' title='bbox 2026 2290 2257 2344; x_wconf 88' lang='lat' dir='ltr'><strong>alterum</strong></span> <span class='ocrx_word' id='word_1_237' title='bbox 2310 2287 2615 2354; x_wconf 89' lang='lat' dir='ltr'><strong>confundit,</strong></span> <span class='ocrx_word' id='word_1_238' title='bbox 2648 2290 2802 2360; x_wconf 89' lang='lat' dir='ltr'><strong>cujus</strong></span> <span class='ocrx_word' id='word_1_239' title='bbox 2844 2289 3047 2345; x_wconf 88' lang='lat' dir='ltr'><strong>editum</strong></span> <span class='ocrx_word' id='word_1_240' title='bbox 3093 2299 3178 2345; x_wconf 90' lang='lat' dir='ltr'><strong>est</strong></span> <span class='ocrx_word' id='word_1_241' title='bbox 3215 2293 3525 2352; x_wconf 70' lang='lat' dir='ltr'><strong>Chronicou</strong></span> 
     </span>
    </p>
   </div>
   <div class='ocr_carea' id='block_1_21' title="bbox 278 2374 3524 2449">
    <p class='ocr_par' dir='ltr' id='par_1_21' title="bbox 278 2374 3524 2449">
     <span class='ocr_line' id='line_1_22' title="bbox 278 2374 3524 2449; baseline 0 -15"><span class='ocrx_word' id='word_1_242' title='bbox 278 2377 479 2434; x_wconf 82' lang='lat' dir='ltr'><strong>Latine</strong></span> <span class='ocrx_word' id='word_1_243' title='bbox 508 2377 638 2432; x_wconf 89' lang='lat' dir='ltr'><strong>olim</strong></span> <span class='ocrx_word' id='word_1_244' title='bbox 669 2394 699 2433; x_wconf 89' lang='lat' dir='ltr'><strong>a</strong></span> <span class='ocrx_word' id='word_1_245' title='bbox 733 2379 941 2444; x_wconf 88' lang='lat' dir='ltr'><strong>multis,</strong></span> <span class='ocrx_word' id='word_1_246' title='bbox 974 2374 1166 2434; x_wconf 73' lang='lat' dir='ltr'><strong>Graece</strong></span> <span class='ocrx_word' id='word_1_247' title='bbox 1213 2379 1377 2434; x_wconf 89' lang='lat' dir='ltr'><strong>etiam</strong></span> <span class='ocrx_word' id='word_1_248' title='bbox 1414 2394 1442 2433; x_wconf 90' lang='lat' dir='ltr'><strong>a</strong></span> <span class='ocrx_word' id='word_1_249' title='bbox 1474 2378 1770 2449; x_wconf 80' lang='lat' dir='ltr'><strong>Scaligero.</strong></span> <span class='ocrx_word' id='word_1_250' title='bbox 1804 2377 2011 2433; x_wconf 85' lang='lat' dir='ltr'><strong>Etenim</strong></span> <span class='ocrx_word' id='word_1_251' title='bbox 2032 2393 2167 2431; x_wconf 78' lang='lat' dir='ltr'><strong>cum</strong></span> <span class='ocrx_word' id='word_1_252' title='bbox 2206 2377 2346 2431; x_wconf 91' lang='lat' dir='ltr'><strong>inter</strong></span> <span class='ocrx_word' id='word_1_253' title='bbox 2382 2374 2700 2444; x_wconf 85' lang='lat' dir='ltr'><strong>Cpolitanos</strong></span> <span class='ocrx_word' id='word_1_254' title='bbox 2749 2376 3031 2445; x_wconf 81' lang='lat' dir='ltr'><strong>pontifices</strong></span> <span class='ocrx_word' id='word_1_255' title='bbox 3069 2375 3295 2434; x_wconf 87' lang='lat' dir='ltr'><strong>Photius</strong></span> <span class='ocrx_word' id='word_1_256' title='bbox 3335 2381 3524 2436; x_wconf 90' lang='lat' dir='ltr'><strong>eodem</strong></span> 
     </span>
    </p>
   </div>
   <div class='ocr_carea' id='block_1_22' title="bbox 276 2458 3526 2536">
    <p class='ocr_par' dir='ltr' id='par_1_22' title="bbox 276 2458 3526 2536">
     <span class='ocr_line' id='line_1_23' title="bbox 276 2458 3526 2536; baseline 0 -15"><span class='ocrx_word' id='word_1_257' title='bbox 276 2468 332 2521; x_wconf 89' lang='lat' dir='ltr'><strong>in</strong></span> <span class='ocrx_word' id='word_1_258' title='bbox 356 2465 632 2522; x_wconf 86' lang='lat' dir='ltr'><strong>Chronico</strong></span> <span class='ocrx_word' id='word_1_259' title='bbox 667 2474 1003 2531; x_wconf 90' lang='lat' dir='ltr'><strong>numeretur,</strong></span> <span class='ocrx_word' id='word_1_260' title='bbox 1036 2466 1185 2522; x_wconf 87' lang='lat' dir='ltr'><strong>credi</strong></span> <span class='ocrx_word' id='word_1_261' title='bbox 1215 2474 1395 2536; x_wconf 89' lang='lat' dir='ltr'><strong>potest</strong></span> <span class='ocrx_word' id='word_1_262' title='bbox 1421 2481 1530 2520; x_wconf 89' lang='lat' dir='ltr'><strong>non</strong></span> <span class='ocrx_word' id='word_1_263' title='bbox 1567 2467 1671 2522; x_wconf 91' lang='lat' dir='ltr'><strong>hoc</strong></span> <span class='ocrx_word' id='word_1_264' title='bbox 1692 2480 1817 2521; x_wconf 87' lang='lat' dir='ltr'><strong>esse</strong></span> <span class='ocrx_word' id='word_1_265' title='bbox 1840 2465 1909 2520; x_wconf 90' lang='lat' dir='ltr'><strong>ab</strong></span> <span class='ocrx_word' id='word_1_266' title='bbox 1933 2458 1999 2519; x_wconf 90' lang='lat' dir='ltr'><strong>eo</strong></span> <span class='ocrx_word' id='word_1_267' title='bbox 2033 2463 2339 2532; x_wconf 85' lang='lat' dir='ltr'><strong>Nicephoro</strong></span> <span class='ocrx_word' id='word_1_268' title='bbox 2372 2459 2675 2531; x_wconf 90' lang='lat' dir='ltr'><strong>profectum</strong></span> <span class='ocrx_word' id='word_1_269' title='bbox 2702 2461 2795 2533; x_wconf 90' lang='lat' dir='ltr'><strong>qui</strong></span> <span class='ocrx_word' id='word_1_270' title='bbox 2831 2471 2963 2528; x_wconf 90' lang='lat' dir='ltr'><strong>tum,</strong></span> <span class='ocrx_word' id='word_1_271' title='bbox 2994 2478 3119 2517; x_wconf 87' lang='lat' dir='ltr'><strong>cum</strong></span> <span class='ocrx_word' id='word_1_272' title='bbox 3164 2466 3267 2520; x_wconf 84' lang='lat' dir='ltr'><strong>ista</strong></span> <span class='ocrx_word' id='word_1_273' title='bbox 3300 2466 3526 2523; x_wconf 88' lang='lat' dir='ltr'><strong>Photius</strong></span> 
     </span>
    </p>
   </div>
   <div class='ocr_carea' id='block_1_23' title="bbox 283 2550 3521 2624">
    <p class='ocr_par' dir='ltr' id='par_1_23' title="bbox 283 2550 3521 2624">
     <span class='ocr_line' id='line_1_24' title="bbox 283 2550 3521 2624; baseline 0 -15"><span class='ocrx_word' id='word_1_274' title='bbox 283 2552 531 2623; x_wconf 83' lang='lat' dir='ltr'><strong>scripsit,</strong></span> <span class='ocrx_word' id='word_1_275' title='bbox 561 2565 593 2607; x_wconf 93' lang='lat' dir='ltr'><strong>e</strong></span> <span class='ocrx_word' id='word_1_276' title='bbox 619 2552 729 2607; x_wconf 84' lang='lat' dir='ltr'><strong>vita</strong></span> <span class='ocrx_word' id='word_1_277' title='bbox 765 2552 1088 2609; x_wconf 87' lang='lat' dir='ltr'><strong>discesserat</strong></span> <span class='ocrx_word' id='word_1_278' title='bbox 1133 2562 1296 2624; x_wconf 88' lang='lat' dir='ltr'><strong>atque</strong></span> <span class='ocrx_word' id='word_1_279' title='bbox 1323 2554 1385 2607; x_wconf 78' lang='grc' dir='ltr'><strong>ἐν</strong></span> <span class='ocrx_word' id='word_1_280' title='bbox 1414 2552 1616 2621; x_wconf 80' lang='grc' dir='ltr'><strong>ἁγίοις,</strong></span> <span class='ocrx_word' id='word_1_281' title='bbox 1654 2561 1714 2607; x_wconf 85' lang='grc' dir='ltr'><strong>ιιι</strong></span> <span class='ocrx_word' id='word_1_282' title='bbox 1747 2553 1837 2608; x_wconf 91' lang='lat' dir='ltr'><strong>hic</strong></span> <span class='ocrx_word' id='word_1_283' title='bbox 1866 2551 2127 2622; x_wconf 87' lang='lat' dir='ltr'><strong>loquitur,</strong></span> <span class='ocrx_word' id='word_1_284' title='bbox 2164 2550 2269 2605; x_wconf 90' lang='lat' dir='ltr'><strong>hoc</strong></span> <span class='ocrx_word' id='word_1_285' title='bbox 2309 2557 2394 2605; x_wconf 86' lang='lat' dir='ltr'><strong>est</strong></span> <span class='ocrx_word' id='word_1_286' title='bbox 2431 2558 2742 2603; x_wconf 86' lang='lat' dir='ltr'><strong>sanctorum</strong></span> <span class='ocrx_word' id='word_1_287' title='bbox 2789 2563 3020 2605; x_wconf 89' lang='lat' dir='ltr'><strong>numero</strong></span> <span class='ocrx_word' id='word_1_288' title='bbox 3052 2560 3172 2605; x_wconf 88' lang='lat' dir='ltr'><strong>erat</strong></span> <span class='ocrx_word' id='word_1_289' title='bbox 3213 2552 3521 2619; x_wconf 84' lang='lat' dir='ltr'><strong>adjunctus.</strong></span> 
     </span>
    </p>
   </div>
   <div class='ocr_carea' id='block_1_24' title="bbox 286 2635 3527 2710">
    <p class='ocr_par' dir='ltr' id='par_1_24' title="bbox 286 2635 3527 2710">
     <span class='ocr_line' id='line_1_25' title="bbox 286 2635 3527 2710; baseline 0.001 -16"><span class='ocrx_word' id='word_1_290' title='bbox 286 2638 493 2694; x_wconf 74' lang='lat' dir='ltr'><strong>Verum</strong></span> <span class='ocrx_word' id='word_1_291' title='bbox 524 2639 639 2694; x_wconf 83' lang='lat' dir='ltr'><strong>fieri</strong></span> <span class='ocrx_word' id='word_1_292' title='bbox 667 2648 846 2710; x_wconf 81' lang='lat' dir='ltr'><strong>potest</strong></span> <span class='ocrx_word' id='word_1_293' title='bbox 872 2649 931 2694; x_wconf 91' lang='lat' dir='ltr'><strong>ut</strong></span> <span class='ocrx_word' id='word_1_294' title='bbox 967 2641 1035 2695; x_wconf 89' lang='lat' dir='ltr'><strong>ad</strong></span> <span class='ocrx_word' id='word_1_295' title='bbox 1075 2638 1384 2697; x_wconf 89' lang='lat' dir='ltr'><strong>Chronicou</strong></span> <span class='ocrx_word' id='word_1_296' title='bbox 1430 2640 1722 2710; x_wconf 82' lang='lat' dir='ltr'><strong>Nicephori</strong></span> <span class='ocrx_word' id='word_1_297' title='bbox 1769 2640 2041 2695; x_wconf 82' lang='lat' dir='ltr'><strong>recentior</strong></span> <span class='ocrx_word' id='word_1_298' title='bbox 2072 2638 2162 2693; x_wconf 88' lang='lat' dir='ltr'><strong>illa</strong></span> <span class='ocrx_word' id='word_1_299' title='bbox 2194 2652 2389 2692; x_wconf 86' lang='lat' dir='ltr'><strong>manus</strong></span> <span class='ocrx_word' id='word_1_300' title='bbox 2418 2636 2701 2705; x_wconf 90' lang='lat' dir='ltr'><strong>adjecerit.</strong></span> <span class='ocrx_word' id='word_1_301' title='bbox 2736 2635 3027 2707; x_wconf 83' lang='lat' dir='ltr'><strong>Utcunque</strong></span> <span class='ocrx_word' id='word_1_302' title='bbox 3050 2653 3138 2693; x_wconf 90' lang='lat' dir='ltr'><strong>res</strong></span> <span class='ocrx_word' id='word_1_303' title='bbox 3172 2638 3355 2703; x_wconf 88' lang='lat' dir='ltr'><strong>habet,</strong></span> <span class='ocrx_word' id='word_1_304' title='bbox 3392 2643 3527 2697; x_wconf 90' lang='lat' dir='ltr'><strong>nihil</strong></span> 
     </span>
    </p>
   </div>
   <div class='ocr_carea' id='block_1_25' title="bbox 273 2723 3528 2797">
    <p class='ocr_par' dir='ltr' id='par_1_25' title="bbox 273 2723 3528 2797">
     <span class='ocr_line' id='line_1_26' title="bbox 273 2723 3528 2797; baseline 0 -14"><span class='ocrx_word' id='word_1_305' title='bbox 273 2741 401 2783; x_wconf 82' lang='lat' dir='ltr'><strong>esse</strong></span> <span class='ocrx_word' id='word_1_306' title='bbox 422 2741 604 2783; x_wconf 60' lang='lat' dir='ltr'><strong>causa;</strong></span> <span class='ocrx_word' id='word_1_307' title='bbox 646 2725 862 2782; x_wconf 87' lang='lat' dir='ltr'><strong>videtur</strong></span> <span class='ocrx_word' id='word_1_308' title='bbox 904 2728 1034 2797; x_wconf 87' lang='lat' dir='ltr'><strong>quin</strong></span> <span class='ocrx_word' id='word_1_309' title='bbox 1076 2727 1415 2797; x_wconf 81' lang='lat' dir='ltr'><strong>Nicephorus</strong></span> <span class='ocrx_word' id='word_1_310' title='bbox 1454 2738 1641 2782; x_wconf 87' lang='lat' dir='ltr'><strong>noster</strong></span> <span class='ocrx_word' id='word_1_311' title='bbox 1689 2727 2004 2796; x_wconf 86' lang='lat' dir='ltr'><strong>patriarcha</strong></span> <span class='ocrx_word' id='word_1_312' title='bbox 2048 2726 2141 2779; x_wconf 88' lang='lat' dir='ltr'><strong>ille</strong></span> <span class='ocrx_word' id='word_1_313' title='bbox 2176 2725 2250 2781; x_wconf 87' lang='lat' dir='ltr'><strong>sit</strong></span> <span class='ocrx_word' id='word_1_314' title='bbox 2293 2724 2384 2794; x_wconf 89' lang='lat' dir='ltr'><strong>qui</strong></span> <span class='ocrx_word' id='word_1_315' title='bbox 2425 2733 2511 2779; x_wconf 88' lang='lat' dir='ltr'><strong>est</strong></span> <span class='ocrx_word' id='word_1_316' title='bbox 2553 2726 2608 2778; x_wconf 86' lang='lat' dir='ltr'><strong>in</strong></span> <span class='ocrx_word' id='word_1_317' title='bbox 2643 2723 2734 2778; x_wconf 92' lang='lat' dir='ltr'><strong>illo</strong></span> <span class='ocrx_word' id='word_1_318' title='bbox 2764 2724 3040 2779; x_wconf 84' lang='lat' dir='ltr'><strong>Chronico</strong></span> <span class='ocrx_word' id='word_1_319' title='bbox 3089 2728 3280 2783; x_wconf 85' lang='lat' dir='ltr'><strong>ordine</strong></span> <span class='ocrx_word' id='word_1_320' title='bbox 3323 2729 3413 2783; x_wconf 85' lang='grc'><strong>78.</strong></span> <span class='ocrx_word' id='word_1_321' title='bbox 3451 2729 3528 2785; x_wconf 81' lang='lat' dir='ltr'><strong>De</strong></span> 
     </span>
    </p>
   </div>
   <div class='ocr_carea' id='block_1_26' title="bbox 274 2810 1863 2891">
    <p class='ocr_par' dir='ltr' id='par_1_26' title="bbox 274 2812 1863 2886">
     <span class='ocr_line' id='line_1_27' title="bbox 274 2812 1863 2886; baseline -0.001 -19"><span class='ocrx_word' id='word_1_322' title='bbox 274 2828 383 2883; x_wconf 88' lang='lat' dir='ltr'><strong>quo</strong></span> <span class='ocrx_word' id='word_1_323' title='bbox 417 2813 618 2867; x_wconf 89' lang='lat' dir='ltr'><strong>ibidem</strong></span> <span class='ocrx_word' id='word_1_324' title='bbox 675 2813 793 2869; x_wconf 71' lang='lat' dir='ltr'><strong>haec</strong></span> <span class='ocrx_word' id='word_1_325' title='bbox 830 2815 1134 2883; x_wconf 87' lang='lat' dir='ltr'><strong>produntur</strong></span> <span class='ocrx_word' id='word_1_326' title='bbox 1163 2831 1178 2869; x_wconf 90' lang='lat'><strong>:</strong></span> <span class='ocrx_word' id='word_1_327' title='bbox 1209 2813 1523 2886; x_wconf 82' lang='grc' dir='ltr'><strong>Νικηφόρος</strong></span> <span class='ocrx_word' id='word_1_328' title='bbox 1546 2815 1576 2867; x_wconf 82' lang='grc' dir='ltr'>ὁ</span> <span class='ocrx_word' id='word_1_329' title='bbox 1602 2812 1863 2885; x_wconf 79' lang='grc' dir='ltr'><strong>ἀσηκρῆτι</strong></span> 
     </span>
    </p>
   </div>
   <div class='ocr_carea' id='block_1_27' title="bbox 1934 2810 3523 2891">
    <p class='ocr_par' dir='ltr' id='par_1_27' title="bbox 1963 2810 3523 2891">
     <span class='ocr_line' id='line_1_28' title="bbox 1963 2810 3523 2891; baseline 0.002 -25"><span class='ocrx_word' id='word_1_330' title='bbox 1963 2812 2197 2883; x_wconf 81' lang='grc' dir='ltr'>μοναχὸς</span> <span class='ocrx_word' id='word_1_331' title='bbox 2259 2812 2502 2891; x_wconf 72' lang='grc' dir='ltr'><strong>γεγογὼς</strong></span> <span class='ocrx_word' id='word_1_332' title='bbox 2554 2813 2651 2882; x_wconf 77' lang='grc' dir='ltr'><strong>ἔτη</strong></span> <span class='ocrx_word' id='word_1_333' title='bbox 2701 2810 2768 2866; x_wconf 83' lang='grc' dir='ltr'><strong>θ’.</strong></span> <span class='ocrx_word' id='word_1_334' title='bbox 2827 2812 2934 2865; x_wconf 76' lang='grc' dir='ltr'><strong>Καὶ</strong></span> <span class='ocrx_word' id='word_1_335' title='bbox 2981 2812 3249 2885; x_wconf 77' lang='grc' dir='ltr'><strong>ἐξεϐλήθη</strong></span> <span class='ocrx_word' id='word_1_336' title='bbox 3284 2815 3390 2868; x_wconf 78' lang='grc' dir='ltr'>ὑπὸ</span> <span class='ocrx_word' id='word_1_337' title='bbox 3426 2815 3523 2869; x_wconf 80' lang='grc' dir='ltr'><strong>τοῦ</strong></span> 
     </span>
    </p>
   </div>
   <div class='ocr_carea' id='block_1_28' title="bbox 273 2897 1862 2973">
    <p class='ocr_par' dir='ltr' id='par_1_28' title="bbox 273 2897 1862 2973">
     <span class='ocr_line' id='line_1_29' title="bbox 273 2897 1862 2973; baseline -0.002 -16"><span class='ocrx_word' id='word_1_338' title='bbox 273 2897 505 2965; x_wconf 74' lang='grc' dir='ltr'><strong>ἀσεϐοῦς</strong></span> <span class='ocrx_word' id='word_1_339' title='bbox 524 2902 755 2966; x_wconf 78' lang='grc' dir='ltr'><strong>Λέοντος</strong></span> <span class='ocrx_word' id='word_1_340' title='bbox 783 2901 876 2956; x_wconf 79' lang='grc' dir='ltr'><strong>τοῦ</strong></span> <span class='ocrx_word' id='word_1_341' title='bbox 919 2904 978 2956; x_wconf 81' lang='grc' dir='ltr'>Ἀ</span> <span class='ocrx_word' id='word_1_342' title='bbox 994 2902 1215 2973; x_wconf 82' lang='grc' dir='ltr'><strong>ρμένου.</strong></span> <span class='ocrx_word' id='word_1_343' title='bbox 1251 2902 1382 2973; x_wconf 80' lang='lat' dir='ltr'><strong>Quae</strong></span> <span class='ocrx_word' id='word_1_344' title='bbox 1398 2901 1589 2958; x_wconf 83' lang='lat' dir='ltr'><strong>Latine</strong></span> <span class='ocrx_word' id='word_1_345' title='bbox 1621 2903 1727 2958; x_wconf 84' lang='lat' dir='ltr'><strong>hoc</strong></span> <span class='ocrx_word' id='word_1_346' title='bbox 1758 2904 1862 2969; x_wconf 71' lang='lat' dir='ltr'><strong>sig:</strong></span> 
     </span>
    </p>
   </div>
   <div class='ocr_carea' id='block_1_29' title="bbox 1936 2897 3525 2973">
    <p class='ocr_par' dir='ltr' id='par_1_29' title="bbox 1936 2897 3525 2968">
     <span class='ocr_line' id='line_1_30' title="bbox 1936 2897 3525 2968; baseline 0.005 -19"><span class='ocrx_word' id='word_1_347' title='bbox 1936 2909 2070 2954; x_wconf 75' lang='lat' dir='ltr'><strong>,cant</strong></span> <span class='ocrx_word' id='word_1_348' title='bbox 2102 2916 2117 2953; x_wconf 93' lang='lat'><strong>:</strong></span> <span class='ocrx_word' id='word_1_349' title='bbox 2152 2897 2485 2968; x_wconf 78' lang='lat' dir='ltr'><strong>Nicephorus</strong></span> <span class='ocrx_word' id='word_1_350' title='bbox 2518 2915 2551 2951; x_wconf 89' lang='lat' dir='ltr'><strong>a</strong></span> <span class='ocrx_word' id='word_1_351' title='bbox 2580 2899 2794 2951; x_wconf 72' lang='lat' dir='ltr'><strong>setretix</strong></span> <span class='ocrx_word' id='word_1_352' title='bbox 2822 2902 3114 2953; x_wconf 72' lang='lat' dir='ltr'><strong>monachus</strong></span> <span class='ocrx_word' id='word_1_353' title='bbox 3147 2904 3282 2955; x_wconf 74' lang='lat' dir='ltr'><strong>sedit</strong></span> <span class='ocrx_word' id='word_1_354' title='bbox 3303 2919 3356 2955; x_wconf 77' lang='grc' dir='ltr'><strong>α.</strong></span> <span class='ocrx_word' id='word_1_355' title='bbox 3388 2902 3443 2968; x_wconf 89' lang='lat'><strong>9,</strong></span> <span class='ocrx_word' id='word_1_356' title='bbox 3474 2914 3525 2957; x_wconf 80' lang='lat' dir='ltr'><strong>et</strong></span> 
     </span>
    </p>
   </div>
   <div class='ocr_carea' id='block_1_30' title="bbox 273 2975 3528 3061">
    <p class='ocr_par' dir='ltr' id='par_1_30' title="bbox 273 2975 3528 3061">
     <span class='ocr_line' id='line_1_31' title="bbox 273 2975 3528 3061; baseline 0 -18"><span class='ocrx_word' id='word_1_357' title='bbox 273 2986 340 3043; x_wconf 78' lang='lat' dir='ltr'><strong>ab</strong></span> <span class='ocrx_word' id='word_1_358' title='bbox 368 2989 529 3056; x_wconf 74' lang='lat' dir='ltr'><strong>impio</strong></span> <span class='ocrx_word' id='word_1_359' title='bbox 573 2985 748 3043; x_wconf 84' lang='lat' dir='ltr'><strong>Leone</strong></span> <span class='ocrx_word' id='word_1_360' title='bbox 797 2975 1026 3045; x_wconf 67' lang='lat' dir='ltr'><strong>Armeno</strong></span> <span class='ocrx_word' id='word_1_361' title='bbox 1059 2990 1115 3043; x_wconf 86' lang='lat' dir='ltr'><strong>in</strong></span> <span class='ocrx_word' id='word_1_362' title='bbox 1149 2992 1395 3045; x_wconf 71' lang='lat' dir='ltr'><strong>exsilium</strong></span> <span class='ocrx_word' id='word_1_363' title='bbox 1425 2990 1621 3061; x_wconf 81' lang='lat' dir='ltr'><strong>ejectus</strong></span> <span class='ocrx_word' id='word_1_364' title='bbox 1649 2998 1748 3043; x_wconf 81' lang='lat' dir='ltr'><strong>est.</strong></span> <span class='ocrx_word' id='word_1_365' title='bbox 1780 2987 1925 3054; x_wconf 55' lang='lat' dir='ltr'><strong>,Nam</strong></span> <span class='ocrx_word' id='word_1_366' title='bbox 1961 2995 2017 3042; x_wconf 91' lang='lat' dir='ltr'><strong>et</strong></span> <span class='ocrx_word' id='word_1_367' title='bbox 2043 2985 2235 3040; x_wconf 91' lang='lat' dir='ltr'><strong>unicus</strong></span> <span class='ocrx_word' id='word_1_368' title='bbox 2269 2986 2358 3040; x_wconf 82' lang='lat' dir='ltr'><strong>bit:</strong></span> <span class='ocrx_word' id='word_1_369' title='bbox 2387 2995 2514 3040; x_wconf 90' lang='lat' dir='ltr'><strong>ante</strong></span> <span class='ocrx_word' id='word_1_370' title='bbox 2558 2983 2812 3040; x_wconf 67' lang='lat' dir='ltr'><strong>Plautium</strong></span> <span class='ocrx_word' id='word_1_371' title='bbox 2856 2986 3165 3054; x_wconf 82' lang='lat' dir='ltr'><strong>patriarcha</strong></span> <span class='ocrx_word' id='word_1_372' title='bbox 3206 2986 3528 3057; x_wconf 84' lang='lat' dir='ltr'><strong>Cpolitauus</strong></span> 
     </span>
    </p>
   </div>
   <div class='ocr_carea' id='block_1_31' title="bbox 272 3070 3527 3147">
    <p class='ocr_par' dir='ltr' id='par_1_31' title="bbox 272 3070 3527 3147">
     <span class='ocr_line' id='line_1_32' title="bbox 272 3070 3527 3147; baseline -0.001 -16"><span class='ocrx_word' id='word_1_373' title='bbox 272 3074 406 3138; x_wconf 88' lang='lat' dir='ltr'><strong>fuit,</strong></span> <span class='ocrx_word' id='word_1_374' title='bbox 441 3084 502 3129; x_wconf 92' lang='lat' dir='ltr'><strong>ut</strong></span> <span class='ocrx_word' id='word_1_375' title='bbox 529 3074 719 3130; x_wconf 90' lang='lat' dir='ltr'><strong>abillo</strong></span> <span class='ocrx_word' id='word_1_376' title='bbox 764 3090 924 3131; x_wconf 88' lang='lat' dir='ltr'><strong>nemo</strong></span> <span class='ocrx_word' id='word_1_377' title='bbox 952 3075 1093 3132; x_wconf 90' lang='lat' dir='ltr'><strong>alius</strong></span> <span class='ocrx_word' id='word_1_378' title='bbox 1142 3077 1371 3146; x_wconf 70' lang='lat' dir='ltr'><strong>intelligi</strong></span> <span class='ocrx_word' id='word_1_379' title='bbox 1410 3077 1673 3147; x_wconf 85' lang='lat' dir='ltr'><strong>potuerit,</strong></span> <span class='ocrx_word' id='word_1_380' title='bbox 1705 3085 1763 3132; x_wconf 90' lang='lat' dir='ltr'><strong>et</strong></span> <span class='ocrx_word' id='word_1_381' title='bbox 1790 3076 1931 3130; x_wconf 90' lang='lat' dir='ltr'><strong>inter</strong></span> <span class='ocrx_word' id='word_1_382' title='bbox 1977 3084 2199 3128; x_wconf 84' lang='lat' dir='ltr'><strong>sanctos</strong></span> <span class='ocrx_word' id='word_1_383' title='bbox 2229 3087 2336 3127; x_wconf 88' lang='lat' dir='ltr'><strong>non</strong></span> <span class='ocrx_word' id='word_1_384' title='bbox 2382 3070 2755 3127; x_wconf 82' lang='lat' dir='ltr'><strong>Graeculorum</strong></span> <span class='ocrx_word' id='word_1_385' title='bbox 2803 3073 3179 3127; x_wconf 88' lang='lat' dir='ltr'><strong>assentatione</strong></span> <span class='ocrx_word' id='word_1_386' title='bbox 3226 3074 3399 3127; x_wconf 88' lang='lat' dir='ltr'><strong>solum</strong></span> <span class='ocrx_word' id='word_1_387' title='bbox 3432 3077 3527 3129; x_wconf 87' lang='lat' dir='ltr'><strong>sed</strong></span> 
     </span>
    </p>
   </div>
   <div class='ocr_carea' id='block_1_32' title="bbox 272 3158 3525 3233">
    <p class='ocr_par' dir='ltr' id='par_1_32' title="bbox 272 3158 3525 3233">
     <span class='ocr_line' id='line_1_33' title="bbox 272 3158 3525 3233; baseline -0 -16"><span class='ocrx_word' id='word_1_388' title='bbox 272 3161 441 3218; x_wconf 85' lang='lat' dir='ltr'><strong>etiam</strong></span> <span class='ocrx_word' id='word_1_389' title='bbox 472 3164 744 3216; x_wconf 88' lang='lat' dir='ltr'><strong>communi</strong></span> <span class='ocrx_word' id='word_1_390' title='bbox 788 3161 1042 3217; x_wconf 75' lang='lat' dir='ltr'><strong>Ecclesia:</strong></span> <span class='ocrx_word' id='word_1_391' title='bbox 1074 3162 1339 3233; x_wconf 70' lang='lat' dir='ltr'><strong>suffragio</strong></span> <span class='ocrx_word' id='word_1_392' title='bbox 1387 3168 1634 3232; x_wconf 89' lang='lat' dir='ltr'><strong>receptus</strong></span> <span class='ocrx_word' id='word_1_393' title='bbox 1669 3170 1754 3216; x_wconf 88' lang='lat' dir='ltr'><strong>est</strong></span> <span class='ocrx_word' id='word_1_394' title='bbox 1783 3179 1797 3215; x_wconf 90' lang='lat'><strong>:</strong></span> <span class='ocrx_word' id='word_1_395' title='bbox 1829 3159 1989 3229; x_wconf 89' lang='lat' dir='ltr'><strong>hujus</strong></span> <span class='ocrx_word' id='word_1_396' title='bbox 2026 3160 2173 3213; x_wconf 89' lang='lat' dir='ltr'><strong>enim</strong></span> <span class='ocrx_word' id='word_1_397' title='bbox 2215 3161 2477 3213; x_wconf 89' lang='lat' dir='ltr'><strong>memoria</strong></span> <span class='ocrx_word' id='word_1_398' title='bbox 2533 3174 2560 3211; x_wconf 89' lang='lat' dir='ltr'><strong>a</strong></span> <span class='ocrx_word' id='word_1_399' title='bbox 2601 3158 2811 3213; x_wconf 84' lang='lat' dir='ltr'><strong>Latinis</strong></span> <span class='ocrx_word' id='word_1_400' title='bbox 2842 3159 2877 3215; x_wconf 68' lang='grc' dir='ltr'>ὅ</span> <span class='ocrx_word' id='word_1_401' title='bbox 2926 3158 3003 3216; x_wconf 92' lang='lat' dir='ltr'><strong>ld.</strong></span> <span class='ocrx_word' id='word_1_402' title='bbox 3035 3158 3227 3225; x_wconf 77' lang='lat' dir='ltr'><strong>Maias,</strong></span> <span class='ocrx_word' id='word_1_403' title='bbox 3255 3176 3285 3214; x_wconf 90' lang='lat' dir='ltr'><strong>a</strong></span> <span class='ocrx_word' id='word_1_404' title='bbox 3320 3160 3525 3216; x_wconf 66' lang='lat' dir='ltr'><strong>Graecis</strong></span> 
     </span>
    </p>
   </div>
   <div class='ocr_carea' id='block_1_33' title="bbox 275 3242 3527 3316">
    <p class='ocr_par' dir='ltr' id='par_1_33' title="bbox 275 3242 3527 3316">
     <span class='ocr_line' id='line_1_34' title="bbox 275 3242 3527 3316; baseline -0 -12"><span class='ocrx_word' id='word_1_405' title='bbox 275 3248 312 3304; x_wconf 72' lang='grc' dir='ltr'><strong>ι</strong></span> <span class='ocrx_word' id='word_1_406' title='bbox 347 3242 492 3303; x_wconf 85' lang='lat' dir='ltr'><strong>Non.</strong></span> <span class='ocrx_word' id='word_1_407' title='bbox 526 3245 717 3302; x_wconf 83' lang='lat' dir='ltr'><strong>Junias</strong></span> <span class='ocrx_word' id='word_1_408' title='bbox 756 3247 1146 3304; x_wconf 88' lang='lat' dir='ltr'><strong>ecclesiasticis</strong></span> <span class='ocrx_word' id='word_1_409' title='bbox 1174 3259 1260 3305; x_wconf 90' lang='lat' dir='ltr'><strong>est</strong></span> <span class='ocrx_word' id='word_1_410' title='bbox 1283 3256 1602 3304; x_wconf 89' lang='lat' dir='ltr'><strong>consecrata</strong></span> <span class='ocrx_word' id='word_1_411' title='bbox 1646 3247 1866 3313; x_wconf 89' lang='lat' dir='ltr'><strong>tabulis,</strong></span> <span class='ocrx_word' id='word_1_412' title='bbox 1897 3256 2184 3316; x_wconf 87' lang='lat' dir='ltr'><strong>postquam</strong></span> <span class='ocrx_word' id='word_1_413' title='bbox 2211 3260 2241 3299; x_wconf 90' lang='lat' dir='ltr'><strong>a</strong></span> <span class='ocrx_word' id='word_1_414' title='bbox 2272 3244 2456 3300; x_wconf 86' lang='lat' dir='ltr'><strong>Leone</strong></span> <span class='ocrx_word' id='word_1_415' title='bbox 2495 3246 2738 3299; x_wconf 82' lang='lat' dir='ltr'><strong>Armeuo</strong></span> <span class='ocrx_word' id='word_1_416' title='bbox 2784 3245 3119 3302; x_wconf 87' lang='lat' dir='ltr'><strong>iconoclasta</strong></span> <span class='ocrx_word' id='word_1_417' title='bbox 3154 3248 3527 3316; x_wconf 88' lang='lat' dir='ltr'><strong>perditissimo</strong></span> 
     </span>
    </p>
   </div>
   <div class='ocr_carea' id='block_1_34' title="bbox 272 3332 3524 3404">
    <p class='ocr_par' dir='ltr' id='par_1_34' title="bbox 272 3332 3524 3404">
     <span class='ocr_line' id='line_1_35' title="bbox 272 3332 3524 3404; baseline -0.001 -13"><span class='ocrx_word' id='word_1_418' title='bbox 272 3337 533 3391; x_wconf 83' lang='lat' dir='ltr'><strong>redactus</strong></span> <span class='ocrx_word' id='word_1_419' title='bbox 563 3336 617 3390; x_wconf 90' lang='lat' dir='ltr'><strong>in</strong></span> <span class='ocrx_word' id='word_1_420' title='bbox 658 3335 908 3392; x_wconf 89' lang='lat' dir='ltr'><strong>ordinem</strong></span> <span class='ocrx_word' id='word_1_421' title='bbox 938 3353 992 3392; x_wconf 94' lang='lat' dir='ltr'><strong>a.</strong></span> <span class='ocrx_word' id='word_1_422' title='bbox 1021 3336 1087 3394; x_wconf 90' lang='lat' dir='ltr'><strong>D.</strong></span> <span class='ocrx_word' id='word_1_423' title='bbox 1123 3338 1250 3401; x_wconf 71' lang='lat'><strong>898,</strong></span> <span class='ocrx_word' id='word_1_424' title='bbox 1271 3337 1450 3393; x_wconf 87' lang='lat' dir='ltr'><strong>exsilii</strong></span> <span class='ocrx_word' id='word_1_425' title='bbox 1484 3338 1573 3404; x_wconf 78' lang='grc'><strong>14,</strong></span> <span class='ocrx_word' id='word_1_426' title='bbox 1604 3336 1836 3392; x_wconf 77' lang='lat' dir='ltr'><strong>feliciter</strong></span> <span class='ocrx_word' id='word_1_427' title='bbox 1856 3351 1888 3392; x_wconf 89' lang='lat' dir='ltr'><strong>e</strong></span> <span class='ocrx_word' id='word_1_428' title='bbox 1926 3335 2066 3389; x_wconf 83' lang='lat' dir='ltr'><strong>vivis</strong></span> <span class='ocrx_word' id='word_1_429' title='bbox 2094 3333 2352 3388; x_wconf 85' lang='lat' dir='ltr'><strong>excessit.</strong></span> <span class='ocrx_word' id='word_1_430' title='bbox 2389 3333 2633 3399; x_wconf 84' lang='lat' dir='ltr'><strong>Quocum</strong></span> <span class='ocrx_word' id='word_1_431' title='bbox 2666 3333 2938 3403; x_wconf 86' lang='lat' dir='ltr'><strong>praecipua</strong></span> <span class='ocrx_word' id='word_1_432' title='bbox 2974 3332 3263 3389; x_wconf 85' lang='lat' dir='ltr'><strong>Theodoro</strong></span> <span class='ocrx_word' id='word_1_433' title='bbox 3294 3333 3524 3390; x_wconf 84' lang='lat' dir='ltr'><strong>Studitae</strong></span> 
     </span>
    </p>
   </div>
   <div class='ocr_carea' id='block_1_35' title="bbox 275 3416 3523 3489">
    <p class='ocr_par' dir='ltr' id='par_1_35' title="bbox 275 3416 3523 3489">
     <span class='ocr_line' id='line_1_36' title="bbox 275 3416 3523 3489; baseline 0 -16"><span class='ocrx_word' id='word_1_434' title='bbox 275 3423 407 3478; x_wconf 84' lang='lat' dir='ltr'><strong>viro</strong></span> <span class='ocrx_word' id='word_1_435' title='bbox 426 3421 786 3477; x_wconf 75' lang='lat' dir='ltr'><strong>sanctissimo</strong></span> <span class='ocrx_word' id='word_1_436' title='bbox 816 3422 1163 3480; x_wconf 73' lang='lat' dir='ltr'><strong>familiaritas</strong></span> <span class='ocrx_word' id='word_1_437' title='bbox 1189 3424 1520 3480; x_wconf 87' lang='lat' dir='ltr'><strong>intercessit.</strong></span> <span class='ocrx_word' id='word_1_438' title='bbox 1554 3423 1839 3479; x_wconf 86' lang='lat' dir='ltr'><strong>Postremo</strong></span> <span class='ocrx_word' id='word_1_439' title='bbox 1862 3435 2030 3478; x_wconf 87' lang='lat' dir='ltr'><strong>unum</strong></span> <span class='ocrx_word' id='word_1_440' title='bbox 2060 3419 2436 3474; x_wconf 84' lang='lat' dir='ltr'><strong>admonendus</strong></span> <span class='ocrx_word' id='word_1_441' title='bbox 2454 3434 2536 3485; x_wconf 89' lang='lat' dir='ltr'><strong>es,</strong></span> <span class='ocrx_word' id='word_1_442' title='bbox 2558 3416 2877 3489; x_wconf 85' lang='lat' dir='ltr'><strong>Nicephori,</strong></span> <span class='ocrx_word' id='word_1_443' title='bbox 2906 3421 3048 3488; x_wconf 92' lang='lat' dir='ltr'><strong>quod</strong></span> <span class='ocrx_word' id='word_1_444' title='bbox 3076 3434 3241 3489; x_wconf 89' lang='lat' dir='ltr'><strong>penes</strong></span> <span class='ocrx_word' id='word_1_445' title='bbox 3272 3435 3371 3475; x_wconf 87' lang='lat' dir='ltr'><strong>uos</strong></span> <span class='ocrx_word' id='word_1_446' title='bbox 3397 3420 3523 3485; x_wconf 88' lang='lat' dir='ltr'><strong>fuit,</strong></span> 
     </span>
    </p>
   </div>
   <div class='ocr_carea' id='block_1_36' title="bbox 272 3506 3524 3583">
    <p class='ocr_par' dir='ltr' id='par_1_36' title="bbox 272 3506 3524 3583">
     <span class='ocr_line' id='line_1_37' title="bbox 272 3506 3524 3583; baseline 0 -20"><span class='ocrx_word' id='word_1_447' title='bbox 272 3509 647 3580; x_wconf 67' lang='lat' dir='ltr'><strong>apographum</strong></span> <span class='ocrx_word' id='word_1_448' title='bbox 677 3510 880 3578; x_wconf 78' lang='lat' dir='ltr'><strong>passim</strong></span> <span class='ocrx_word' id='word_1_449' title='bbox 920 3511 1240 3568; x_wconf 75' lang='lat' dir='ltr'><strong>mendosum</strong></span> <span class='ocrx_word' id='word_1_450' title='bbox 1271 3527 1335 3567; x_wconf 90' lang='lat' dir='ltr'><strong>ac</strong></span> <span class='ocrx_word' id='word_1_451' title='bbox 1361 3513 1716 3583; x_wconf 85' lang='lat' dir='ltr'><strong>depravatum</strong></span> <span class='ocrx_word' id='word_1_452' title='bbox 1760 3509 1953 3577; x_wconf 88' lang='lat' dir='ltr'><strong>fuisse,</strong></span> <span class='ocrx_word' id='word_1_453' title='bbox 1986 3522 2215 3578; x_wconf 85' lang='lat' dir='ltr'><strong>nosque.</strong></span> <span class='ocrx_word' id='word_1_454' title='bbox 2243 3516 2301 3563; x_wconf 89' lang='lat' dir='ltr'><strong>ut</strong></span> <span class='ocrx_word' id='word_1_455' title='bbox 2326 3506 2668 3563; x_wconf 89' lang='lat' dir='ltr'><strong>tolerabilem</strong></span> <span class='ocrx_word' id='word_1_456' title='bbox 2714 3521 2936 3563; x_wconf 84' lang='lat' dir='ltr'><strong>sensum</strong></span> <span class='ocrx_word' id='word_1_457' title='bbox 2968 3507 3314 3575; x_wconf 85' lang='lat' dir='ltr'><strong>eliceremus,</strong></span> <span class='ocrx_word' id='word_1_458' title='bbox 3346 3508 3524 3579; x_wconf 79' lang='lat' dir='ltr'><strong>pluri-</strong></span> 
     </span>
    </p>
   </div>
   <div class='ocr_carea' id='block_1_37' title="bbox 274 3593 3522 3668">
    <p class='ocr_par' dir='ltr' id='par_1_37' title="bbox 274 3593 3522 3668">
     <span class='ocr_line' id='line_1_38' title="bbox 274 3593 3522 3668; baseline -0 -16"><span class='ocrx_word' id='word_1_459' title='bbox 274 3612 431 3652; x_wconf 78' lang='lat' dir='ltr'><strong>mum</strong></span> <span class='ocrx_word' id='word_1_460' title='bbox 458 3596 519 3650; x_wconf 89' lang='lat' dir='ltr'><strong>in</strong></span> <span class='ocrx_word' id='word_1_461' title='bbox 542 3598 960 3666; x_wconf 75' lang='lat' dir='ltr'><strong>interpretando</strong></span> <span class='ocrx_word' id='word_1_462' title='bbox 990 3599 1272 3653; x_wconf 86' lang='lat' dir='ltr'><strong>laborasse</strong></span> <span class='ocrx_word' id='word_1_463' title='bbox 1302 3617 1315 3654; x_wconf 90' lang='lat'><strong>:</strong></span> <span class='ocrx_word' id='word_1_464' title='bbox 1345 3614 1532 3654; x_wconf 88' lang='lat' dir='ltr'><strong>verum</strong></span> <span class='ocrx_word' id='word_1_465' title='bbox 1559 3614 1627 3656; x_wconf 92' lang='lat' dir='ltr'><strong>ex</strong></span> <span class='ocrx_word' id='word_1_466' title='bbox 1650 3614 1713 3654; x_wconf 87' lang='lat' dir='ltr'><strong>ea</strong></span> <span class='ocrx_word' id='word_1_467' title='bbox 1745 3598 1864 3668; x_wconf 74' lang='lat' dir='ltr'><strong>lege</strong></span> <span class='ocrx_word' id='word_1_468' title='bbox 1894 3611 2054 3667; x_wconf 87' lang='lat' dir='ltr'><strong>quam</strong></span> <span class='ocrx_word' id='word_1_469' title='bbox 2086 3594 2217 3650; x_wconf 85' lang='lat' dir='ltr'><strong>olim</strong></span> <span class='ocrx_word' id='word_1_470' title='bbox 2244 3594 2421 3651; x_wconf 86' lang='lat' dir='ltr'><strong>nobis</strong></span> <span class='ocrx_word' id='word_1_471' title='bbox 2459 3593 2841 3664; x_wconf 88' lang='lat' dir='ltr'><strong>imposuimus,</strong></span> <span class='ocrx_word' id='word_1_472' title='bbox 2893 3593 3027 3648; x_wconf 88' lang='lat' dir='ltr'><strong>nihil</strong></span> <span class='ocrx_word' id='word_1_473' title='bbox 3061 3607 3159 3649; x_wconf 91' lang='lat' dir='ltr'><strong>nos</strong></span> <span class='ocrx_word' id='word_1_474' title='bbox 3186 3594 3239 3649; x_wconf 92' lang='lat' dir='ltr'><strong>in</strong></span> <span class='ocrx_word' id='word_1_475' title='bbox 3265 3604 3522 3667; x_wconf 83' lang='lat' dir='ltr'><strong>contextu</strong></span> 
     </span>
    </p>
   </div>
   <div class='ocr_carea' id='block_1_38' title="bbox 281 3679 3526 3754">
    <p class='ocr_par' dir='ltr' id='par_1_38' title="bbox 281 3679 3526 3754">
     <span class='ocr_line' id='line_1_39' title="bbox 281 3679 3526 3754; baseline -0 -17"><span class='ocrx_word' id='word_1_476' title='bbox 281 3682 404 3753; x_wconf 90' lang='lat' dir='ltr'><strong>ipso</strong></span> <span class='ocrx_word' id='word_1_477' title='bbox 442 3692 707 3749; x_wconf 87' lang='lat' dir='ltr'><strong>mutasse,</strong></span> <span class='ocrx_word' id='word_1_478' title='bbox 744 3692 941 3753; x_wconf 66' lang='lat' dir='ltr'><strong>praeter</strong></span> <span class='ocrx_word' id='word_1_479' title='bbox 987 3682 1262 3741; x_wconf 85' lang='lat' dir='ltr'><strong>levissima</strong></span> <span class='ocrx_word' id='word_1_480' title='bbox 1296 3686 1542 3754; x_wconf 67' lang='lat' dir='ltr'><strong>quaedam</strong></span> <span class='ocrx_word' id='word_1_481' title='bbox 1587 3685 1919 3754; x_wconf 89' lang='lat' dir='ltr'><strong>omninoque</strong></span> <span class='ocrx_word' id='word_1_482' title='bbox 1966 3680 2273 3746; x_wconf 89' lang='lat' dir='ltr'><strong>manifesta,</strong></span> <span class='ocrx_word' id='word_1_483' title='bbox 2307 3690 2471 3750; x_wconf 86' lang='lat' dir='ltr'><strong>atque</strong></span> <span class='ocrx_word' id='word_1_484' title='bbox 2503 3681 2559 3735; x_wconf 90' lang='lat' dir='ltr'><strong>in</strong></span> <span class='ocrx_word' id='word_1_485' title='bbox 2593 3680 2847 3736; x_wconf 90' lang='lat' dir='ltr'><strong>omnibus</strong></span> <span class='ocrx_word' id='word_1_486' title='bbox 2895 3680 3258 3752; x_wconf 74' lang='lat' dir='ltr'><strong>Pythagorico</strong></span> <span class='ocrx_word' id='word_1_487' title='bbox 3306 3679 3526 3736; x_wconf 90' lang='lat' dir='ltr'><strong>decreto</strong></span> 
     </span>
    </p>
   </div>
   <div class='ocr_carea' id='block_1_39' title="bbox 272 3758 3527 3841">
    <p class='ocr_par' dir='ltr' id='par_1_39' title="bbox 272 3758 3527 3841">
     <span class='ocr_line' id='line_1_40' title="bbox 272 3758 3527 3841; baseline 0.001 -18"><span class='ocrx_word' id='word_1_488' title='bbox 272 3769 546 3840; x_wconf 81' lang='lat' dir='ltr'><strong>paruisse,</strong></span> <span class='ocrx_word' id='word_1_489' title='bbox 584 3769 730 3839; x_wconf 86' lang='lat' dir='ltr'><strong>quod</strong></span> <span class='ocrx_word' id='word_1_490' title='bbox 756 3784 827 3825; x_wconf 85' lang='lat' dir='ltr'><strong>ex</strong></span> <span class='ocrx_word' id='word_1_491' title='bbox 859 3770 1082 3841; x_wconf 78' lang='lat' dir='ltr'><strong>Syuesii</strong></span> <span class='ocrx_word' id='word_1_492' title='bbox 1135 3770 1307 3827; x_wconf 84' lang='lat' dir='ltr'><strong>Dione</strong></span> <span class='ocrx_word' id='word_1_493' title='bbox 1339 3780 1594 3839; x_wconf 81' lang='lat' dir='ltr'><strong>tanquam</strong></span> <span class='ocrx_word' id='word_1_494' title='bbox 1623 3784 1690 3827; x_wconf 90' lang='lat' dir='ltr'><strong>ex</strong></span> <span class='ocrx_word' id='word_1_495' title='bbox 1725 3758 1947 3826; x_wconf 86' lang='lat' dir='ltr'><strong>Solonis</strong></span> <span class='ocrx_word' id='word_1_496' title='bbox 1990 3767 2190 3824; x_wconf 86' lang='lat' dir='ltr'><strong>tabulis</strong></span> <span class='ocrx_word' id='word_1_497' title='bbox 2235 3767 2338 3823; x_wconf 92' lang='lat' dir='ltr'><strong>hoc</strong></span> <span class='ocrx_word' id='word_1_498' title='bbox 2367 3767 2492 3823; x_wconf 86' lang='lat' dir='ltr'><strong>loco</strong></span> <span class='ocrx_word' id='word_1_499' title='bbox 2538 3767 2924 3837; x_wconf 87' lang='lat' dir='ltr'><strong>proferendum</strong></span> <span class='ocrx_word' id='word_1_500' title='bbox 2973 3777 3079 3832; x_wconf 90' lang='lat' dir='ltr'><strong>est,</strong></span> <span class='ocrx_word' id='word_1_501' title='bbox 3128 3768 3349 3839; x_wconf 80' lang='lat' dir='ltr'><strong>dignum</strong></span> <span class='ocrx_word' id='word_1_502' title='bbox 3390 3783 3527 3827; x_wconf 87' lang='lat' dir='ltr'><strong>sane</strong></span> 
     </span>
    </p>
   </div>
   <div class='ocr_carea' id='block_1_40' title="bbox 269 3854 3526 3929">
    <p class='ocr_par' dir='ltr' id='par_1_40' title="bbox 269 3854 3526 3929">
     <span class='ocr_line' id='line_1_41' title="bbox 269 3854 3526 3929; baseline 0.001 -21"><span class='ocrx_word' id='word_1_503' title='bbox 269 3857 417 3925; x_wconf 83' lang='lat' dir='ltr'><strong>quod</strong></span> <span class='ocrx_word' id='word_1_504' title='bbox 444 3855 619 3910; x_wconf 88' lang='lat' dir='ltr'><strong>critici</strong></span> <span class='ocrx_word' id='word_1_505' title='bbox 649 3870 852 3911; x_wconf 82' lang='lat' dir='ltr'><strong>omnes</strong></span> <span class='ocrx_word' id='word_1_506' title='bbox 876 3865 1007 3910; x_wconf 83' lang='lat' dir='ltr'><strong>ante</strong></span> <span class='ocrx_word' id='word_1_507' title='bbox 1030 3856 1223 3911; x_wconf 86' lang='lat' dir='ltr'><strong>oculos</strong></span> <span class='ocrx_word' id='word_1_508' title='bbox 1257 3858 1514 3923; x_wconf 82' lang='lat' dir='ltr'><strong>habeant,</strong></span> <span class='ocrx_word' id='word_1_509' title='bbox 1546 3857 1613 3912; x_wconf 88' lang='lat' dir='ltr'><strong>ad</strong></span> <span class='ocrx_word' id='word_1_510' title='bbox 1659 3857 1823 3927; x_wconf 81' lang='lat' dir='ltr'><strong>idque</strong></span> <span class='ocrx_word' id='word_1_511' title='bbox 1868 3865 2097 3913; x_wconf 87' lang='lat' dir='ltr'><strong>conatus</strong></span> <span class='ocrx_word' id='word_1_512' title='bbox 2153 3869 2219 3911; x_wconf 88' lang='lat' dir='ltr'><strong>ac</strong></span> <span class='ocrx_word' id='word_1_513' title='bbox 2275 3854 2681 3912; x_wconf 87' lang='lat' dir='ltr'><strong>lucubrationes</strong></span> <span class='ocrx_word' id='word_1_514' title='bbox 2720 3861 3133 3913; x_wconf 90' lang='lat' dir='ltr'><strong>accommodent</strong></span> <span class='ocrx_word' id='word_1_515' title='bbox 3160 3875 3177 3913; x_wconf 88' lang='lat'><strong>:</strong></span> <span class='ocrx_word' id='word_1_516' title='bbox 3204 3858 3526 3929; x_wconf 76' lang='grc' dir='ltr'><strong>Πυθαγόρας</strong></span> 
     </span>
    </p>
   </div>
   <div class='ocr_carea' id='block_1_41' title="bbox 268 3941 3526 4018">
    <p class='ocr_par' dir='ltr' id='par_1_41' title="bbox 268 3941 3526 4018">
     <span class='ocr_line' id='line_1_42' title="bbox 268 3941 3526 4018; baseline 0.002 -22"><span class='ocrx_word' id='word_1_517' title='bbox 268 3942 609 4012; x_wconf 75' lang='grc' dir='ltr'><strong>Μνησάρχου</strong></span> <span class='ocrx_word' id='word_1_518' title='bbox 653 3941 858 4014; x_wconf 77' lang='grc' dir='ltr'><strong>Σάμιος</strong></span> <span class='ocrx_word' id='word_1_519' title='bbox 905 3943 1312 4015; x_wconf 53' lang='lat' dir='ltr'><strong>sutrinam:</strong></span> <span class='ocrx_word' id='word_1_520' title='bbox 1347 3943 1429 4014; x_wconf 79' lang='grc' dir='ltr'><strong>τῷ</strong></span> <span class='ocrx_word' id='word_1_521' title='bbox 1460 3943 1630 4015; x_wconf 77' lang='grc' dir='ltr'><strong>νόμῳ,</strong></span> <span class='ocrx_word' id='word_1_522' title='bbox 1676 3944 1827 4011; x_wconf 77' lang='grc' dir='ltr'>ὅστις</span> <span class='ocrx_word' id='word_1_523' title='bbox 1854 3945 1886 3997; x_wconf 78' lang='grc' dir='ltr'><strong>ὁ</strong></span> <span class='ocrx_word' id='word_1_524' title='bbox 1912 3943 2080 4015; x_wconf 82' lang='grc' dir='ltr'>νόμος</span> <span class='ocrx_word' id='word_1_525' title='bbox 2110 3943 2211 3997; x_wconf 81' lang='grc' dir='ltr'><strong>οὐκ</strong></span> <span class='ocrx_word' id='word_1_526' title='bbox 2247 3945 2313 4015; x_wconf 77' lang='grc' dir='ltr'><strong>ἑᾷ</strong></span> <span class='ocrx_word' id='word_1_527' title='bbox 2344 3944 2463 4008; x_wconf 81' lang='grc' dir='ltr'><strong>τοῖς</strong></span> <span class='ocrx_word' id='word_1_528' title='bbox 2500 3941 2731 4015; x_wconf 79' lang='grc' dir='ltr'>βισλιοις</span> <span class='ocrx_word' id='word_1_529' title='bbox 2766 3943 3062 4013; x_wconf 79' lang='grc' dir='ltr'><strong>ὲπιποιείν,</strong></span> <span class='ocrx_word' id='word_1_530' title='bbox 3102 3946 3244 4001; x_wconf 83' lang='grc' dir='ltr'><strong>ἀλλὰ</strong></span> <span class='ocrx_word' id='word_1_531' title='bbox 3272 3946 3526 4018; x_wconf 79' lang='grc' dir='ltr'><strong>βούλεται</strong></span> 
     </span>
    </p>
   </div>
   <div class='ocr_carea' id='block_1_42' title="bbox 271 4028 2381 4105">
    <p class='ocr_par' dir='ltr' id='par_1_42' title="bbox 271 4028 2381 4105">
     <span class='ocr_line' id='line_1_43' title="bbox 271 4028 2381 4105; baseline 0.001 -22"><span class='ocrx_word' id='word_1_532' title='bbox 271 4029 459 4101; x_wconf 64' lang='grc' dir='ltr'><strong>μένειν</strong></span> <span class='ocrx_word' id='word_1_533' title='bbox 487 4028 630 4085; x_wconf 80' lang='grc' dir='ltr'><strong>αὐτὰ</strong></span> <span class='ocrx_word' id='word_1_534' title='bbox 657 4029 755 4083; x_wconf 62' lang='lat' dir='ltr'><strong>sui</strong></span> <span class='ocrx_word' id='word_1_535' title='bbox 784 4030 887 4102; x_wconf 72' lang='grc' dir='ltr'><strong>τῆς</strong></span> <span class='ocrx_word' id='word_1_536' title='bbox 909 4029 1133 4103; x_wconf 78' lang='grc' dir='ltr'><strong>πρώτης</strong></span> <span class='ocrx_word' id='word_1_537' title='bbox 1165 4030 1370 4102; x_wconf 77' lang='grc' dir='ltr'><strong>χειρὸς,</strong></span> <span class='ocrx_word' id='word_1_538' title='bbox 1400 4031 1550 4099; x_wconf 76' lang='grc' dir='ltr'><strong>ὅπως</strong></span> <span class='ocrx_word' id='word_1_539' title='bbox 1578 4031 1712 4091; x_wconf 71' lang='grc' dir='ltr'><strong>ποτὲ</strong></span> <span class='ocrx_word' id='word_1_540' title='bbox 1738 4030 1866 4105; x_wconf 65' lang='lat' dir='ltr'><strong>laxe</strong></span> <span class='ocrx_word' id='word_1_541' title='bbox 1895 4031 2065 4103; x_wconf 75' lang='grc' dir='ltr'>τύχης</span> <span class='ocrx_word' id='word_1_542' title='bbox 2093 4030 2128 4102; x_wconf 78' lang='grc' dir='ltr'>ἢ</span> <span class='ocrx_word' id='word_1_543' title='bbox 2160 4031 2381 4102; x_wconf 78' lang='grc' dir='ltr'><strong>τέχνης.</strong></span> 
     </span>
    </p>
   </div>
   <div class='ocr_carea' id='block_1_43' title="bbox 287 4247 474 4270">
    <p class='ocr_par' dir='ltr' id='par_1_43' title="bbox 287 4247 474 4270">
     <span class='ocr_line' id='line_1_44' title="bbox 287 4247 474 4270; baseline -0.016 0"><span class='ocrx_word' id='word_1_544' title='bbox 287 4247 474 4270; x_wconf 46' lang='lat' dir='ltr'><strong><em>ﬂ</em></strong></span> 
     </span>
    </p>
   </div>
   <div class='ocr_carea' id='block_1_44' title="bbox 477 4244 3523 4275">
    <p class='ocr_par' dir='ltr' id='par_1_44' title="bbox 477 4244 3523 4275">
     <span class='ocr_line' id='line_1_45' title="bbox 477 4244 3523 4275; baseline 0 -6"><span class='ocrx_word' id='word_1_545' title='bbox 477 4244 3523 4275; x_wconf 63' lang='lat' dir='ltr'><strong>mm</strong></span> 
     </span>
    </p>
   </div>
   <div class='ocr_carea' id='block_1_45' title="bbox 1432 4426 2344 4546">
    <p class='ocr_par' dir='ltr' id='par_1_45' title="bbox 1432 4426 2344 4546">
     <span class='ocr_line' id='line_1_46' title="bbox 1432 4426 2344 4546; baseline 0.004 -4"><span class='ocrx_word' id='word_1_546' title='bbox 1432 4426 2344 4546; x_wconf 82' lang='grc' dir='ltr'><strong>ΠΡΟΘΕΩΡΙΑ.</strong></span> 
     </span>
    </p>
   </div>
   <div class='ocr_carea' id='block_1_46' title="bbox 336 4644 3518 4730">
    <p class='ocr_par' dir='ltr' id='par_1_46' title="bbox 336 4644 3518 4730">
     <span class='ocr_line' id='line_1_47' title="bbox 336 4644 3518 4730; baseline 0.004 -29"><span class='ocrx_word' id='word_1_547' title='bbox 336 4646 419 4701; x_wconf 82' lang='lat' dir='ltr'><strong>Ex</strong></span> <span class='ocrx_word' id='word_1_548' title='bbox 465 4645 706 4700; x_wconf 87' lang='lat' dir='ltr'><strong>omnium</strong></span> <span class='ocrx_word' id='word_1_549' title='bbox 765 4644 1448 4730; x_wconf 66' lang='lat' dir='ltr'><strong>imperatorumnumcro</strong></span> <span class='ocrx_word' id='word_1_550' title='bbox 1495 4646 1768 4730; x_wconf 90' lang='lat' dir='ltr'><strong>neminem</strong></span> <span class='ocrx_word' id='word_1_551' title='bbox 1823 4653 2064 4720; x_wconf 89' lang='lat' dir='ltr'><strong>reperies</strong></span> <span class='ocrx_word' id='word_1_552' title='bbox 2112 4654 2203 4723; x_wconf 90' lang='lat' dir='ltr'><strong>qui</strong></span> <span class='ocrx_word' id='word_1_553' title='bbox 2248 4664 2345 4711; x_wconf 86' lang='lat' dir='ltr'><strong>ant</strong></span> <span class='ocrx_word' id='word_1_554' title='bbox 2391 4655 2693 4713; x_wconf 79' lang='lat' dir='ltr'><strong>diﬂiciliora</strong></span> <span class='ocrx_word' id='word_1_555' title='bbox 2730 4663 2903 4730; x_wconf 84' lang='lat' dir='ltr'><strong>quam</strong></span> <span class='ocrx_word' id='word_1_556' title='bbox 2950 4657 3232 4714; x_wconf 83' lang='lat' dir='ltr'><strong>Heraclius</strong></span> <span class='ocrx_word' id='word_1_557' title='bbox 3275 4666 3518 4728; x_wconf 85' lang='lat' dir='ltr'><strong>tempora</strong></span> 
     </span>
    </p>
   </div>
   <div class='ocr_carea' id='block_1_47' title="bbox 270 4727 3520 4813">
    <p class='ocr_par' dir='ltr' id='par_1_47' title="bbox 270 4727 3520 4813">
     <span class='ocr_line' id='line_1_48' title="bbox 270 4727 3520 4813; baseline 0.004 -28"><span class='ocrx_word' id='word_1_558' title='bbox 270 4740 470 4813; x_wconf 82' lang='lat' dir='ltr'><strong>nactus</strong></span> <span class='ocrx_word' id='word_1_559' title='bbox 500 4730 572 4813; x_wconf 81' lang='lat' dir='ltr'><strong>sit</strong></span> <span class='ocrx_word' id='word_1_560' title='bbox 599 4737 693 4782; x_wconf 89' lang='lat' dir='ltr'><strong>aut</strong></span> <span class='ocrx_word' id='word_1_561' title='bbox 723 4727 1407 4813; x_wconf 68' lang='lat' dir='ltr'><strong>plurapraestantioraque</strong></span> <span class='ocrx_word' id='word_1_562' title='bbox 1441 4729 1591 4785; x_wconf 86' lang='lat' dir='ltr'><strong>brevi</strong></span> <span class='ocrx_word' id='word_1_563' title='bbox 1622 4730 1758 4784; x_wconf 90' lang='lat' dir='ltr'><strong>adeo</strong></span> <span class='ocrx_word' id='word_1_564' title='bbox 1805 4733 1981 4801; x_wconf 88' lang='lat' dir='ltr'><strong>spatio</strong></span> <span class='ocrx_word' id='word_1_565' title='bbox 2027 4735 2339 4804; x_wconf 90' lang='lat' dir='ltr'><strong>perfecerit.</strong></span> <span class='ocrx_word' id='word_1_566' title='bbox 2388 4737 2591 4794; x_wconf 84' lang='lat' dir='ltr'><strong>Eadem</strong></span> <span class='ocrx_word' id='word_1_567' title='bbox 2626 4727 2775 4794; x_wconf 39' lang='lat' dir='ltr'><strong>vero&#39;</strong></span> <span class='ocrx_word' id='word_1_568' title='bbox 2801 4739 2888 4793; x_wconf 87' lang='lat' dir='ltr'><strong>illa</strong></span> <span class='ocrx_word' id='word_1_569' title='bbox 2932 4747 3170 4808; x_wconf 89' lang='lat' dir='ltr'><strong>tempora</strong></span> <span class='ocrx_word' id='word_1_570' title='bbox 3208 4756 3314 4795; x_wconf 91' lang='lat' dir='ltr'><strong>non</strong></span> <span class='ocrx_word' id='word_1_571' title='bbox 3346 4727 3520 4813; x_wconf 82' lang='lat' dir='ltr'><strong>magis</strong></span> 
     </span>
    </p>
   </div>
   <div class='ocr_carea' id='block_1_48' title="bbox 269 4810 3521 4891">
    <p class='ocr_par' dir='ltr' id='par_1_48' title="bbox 269 4810 3521 4891">
     <span class='ocr_line' id='line_1_49' title="bbox 269 4810 3521 4891; baseline 0.004 -24"><span class='ocrx_word' id='word_1_572' title='bbox 269 4812 402 4867; x_wconf 90' lang='lat' dir='ltr'><strong>olim</strong></span> <span class='ocrx_word' id='word_1_573' title='bbox 438 4810 699 4866; x_wconf 86' lang='lat' dir='ltr'><strong>bellorum</strong></span> <span class='ocrx_word' id='word_1_574' title='bbox 734 4810 1059 4866; x_wconf 89' lang='lat' dir='ltr'><strong>tumultibus</strong></span> <span class='ocrx_word' id='word_1_575' title='bbox 1105 4822 1264 4867; x_wconf 88' lang='lat' dir='ltr'><strong>erant</strong></span> <span class='ocrx_word' id='word_1_576' title='bbox 1295 4827 1459 4882; x_wconf 85' lang='lat' dir='ltr'><strong>quam</strong></span> <span class='ocrx_word' id='word_1_577' title='bbox 1483 4813 1647 4867; x_wconf 89' lang='lat' dir='ltr'><strong>hodie</strong></span> <span class='ocrx_word' id='word_1_578' title='bbox 1690 4815 2006 4871; x_wconf 88' lang='lat' dir='ltr'><strong>narratione</strong></span> <span class='ocrx_word' id='word_1_579' title='bbox 2031 4817 2144 4885; x_wconf 86' lang='lat' dir='ltr'><strong>ipsa</strong></span> <span class='ocrx_word' id='word_1_580' title='bbox 2173 4828 2300 4875; x_wconf 91' lang='lat' dir='ltr'><strong>sunt</strong></span> <span class='ocrx_word' id='word_1_581' title='bbox 2335 4828 2499 4891; x_wconf 88' lang='lat' dir='ltr'><strong>atque</strong></span> <span class='ocrx_word' id='word_1_582' title='bbox 2545 4835 2808 4875; x_wconf 91' lang='lat' dir='ltr'><strong>annorum</strong></span> <span class='ocrx_word' id='word_1_583' title='bbox 2861 4821 3006 4875; x_wconf 92' lang='lat' dir='ltr'><strong>serie</strong></span> <span class='ocrx_word' id='word_1_584' title='bbox 3035 4824 3373 4889; x_wconf 88' lang='lat' dir='ltr'><strong>perturbata.</strong></span> <span class='ocrx_word' id='word_1_585' title='bbox 3409 4810 3521 4880; x_wconf 81' lang='lat' dir='ltr'><strong>Hoc</strong></span> 
     </span>
    </p>
   </div>
   <div class='ocr_carea' id='block_1_49' title="bbox 265 4893 3519 4975">
    <p class='ocr_par' dir='ltr' id='par_1_49' title="bbox 265 4893 3519 4975">
     <span class='ocr_line' id='line_1_50' title="bbox 265 4893 3519 4975; baseline 0.004 -26"><span class='ocrx_word' id='word_1_586' title='bbox 265 4896 415 4949; x_wconf 89' lang='lat' dir='ltr'><strong>enim</strong></span> <span class='ocrx_word' id='word_1_587' title='bbox 447 4894 587 4947; x_wconf 87' lang='lat' dir='ltr'><strong>citra</strong></span> <span class='ocrx_word' id='word_1_588' title='bbox 635 4893 897 4948; x_wconf 88' lang='lat' dir='ltr'><strong>invidiam</strong></span> <span class='ocrx_word' id='word_1_589' title='bbox 927 4893 1032 4949; x_wconf 89' lang='lat' dir='ltr'><strong>dici</strong></span> <span class='ocrx_word' id='word_1_590' title='bbox 1066 4903 1268 4962; x_wconf 88' lang='lat' dir='ltr'><strong>potest,</strong></span> <span class='ocrx_word' id='word_1_591' title='bbox 1321 4894 1527 4949; x_wconf 89' lang='lat' dir='ltr'><strong>nullum</strong></span> <span class='ocrx_word' id='word_1_592' title='bbox 1559 4895 1668 4950; x_wconf 88' lang='lat' dir='ltr'><strong>huc</strong></span> <span class='ocrx_word' id='word_1_593' title='bbox 1696 4910 1868 4965; x_wconf 90' lang='lat' dir='ltr'><strong>usque</strong></span> <span class='ocrx_word' id='word_1_594' title='bbox 1894 4899 2212 4963; x_wconf 88' lang='lat' dir='ltr'><strong>chronicou,</strong></span> <span class='ocrx_word' id='word_1_595' title='bbox 2271 4904 2498 4959; x_wconf 87' lang='lat' dir='ltr'><strong>annales</strong></span> <span class='ocrx_word' id='word_1_596' title='bbox 2544 4904 2725 4958; x_wconf 90' lang='lat' dir='ltr'><strong>nullos</strong></span> <span class='ocrx_word' id='word_1_597' title='bbox 2771 4904 3070 4968; x_wconf 84' lang='lat' dir='ltr'><strong>exstitisse,</strong></span> <span class='ocrx_word' id='word_1_598' title='bbox 3101 4906 3155 4959; x_wconf 89' lang='lat' dir='ltr'><strong>in</strong></span> <span class='ocrx_word' id='word_1_599' title='bbox 3183 4906 3378 4975; x_wconf 87' lang='lat' dir='ltr'><strong>quibus</strong></span> <span class='ocrx_word' id='word_1_600' title='bbox 3414 4925 3519 4963; x_wconf 91' lang='lat' dir='ltr'><strong>non</strong></span> 
     </span>
    </p>
   </div>
   <div class='ocr_carea' id='block_1_50' title="bbox 267 4976 3517 5060">
    <p class='ocr_par' dir='ltr' id='par_1_50' title="bbox 267 4976 3517 5060">
     <span class='ocr_line' id='line_1_51' title="bbox 267 4976 3517 5060; baseline 0.004 -28"><span class='ocrx_word' id='word_1_601' title='bbox 267 4979 362 5032; x_wconf 89' lang='lat' dir='ltr'><strong>illa</strong></span> <span class='ocrx_word' id='word_1_602' title='bbox 397 4985 729 5047; x_wconf 83' lang='lat' dir='ltr'><strong>praepostere</strong></span> <span class='ocrx_word' id='word_1_603' title='bbox 751 4976 1029 5060; x_wconf 83' lang='lat' dir='ltr'><strong>descripta</strong></span> <span class='ocrx_word' id='word_1_604' title='bbox 1058 4977 1190 5043; x_wconf 88' lang='lat' dir='ltr'><strong>sint,</strong></span> <span class='ocrx_word' id='word_1_605' title='bbox 1227 4986 1392 5047; x_wconf 88' lang='lat' dir='ltr'><strong>atque</strong></span> <span class='ocrx_word' id='word_1_606' title='bbox 1418 4991 1486 5033; x_wconf 87' lang='lat' dir='ltr'><strong>ex</strong></span> <span class='ocrx_word' id='word_1_607' title='bbox 1512 4992 1781 5060; x_wconf 80' lang='lat' dir='ltr'><strong>annorum</strong></span> <span class='ocrx_word' id='word_1_608' title='bbox 1807 4978 1889 5034; x_wconf 90' lang='lat' dir='ltr'><strong>vel</strong></span> <span class='ocrx_word' id='word_1_609' title='bbox 1919 4980 2313 5050; x_wconf 82' lang='lat' dir='ltr'><strong>anticipatione</strong></span> <span class='ocrx_word' id='word_1_610' title='bbox 2337 4984 2419 5038; x_wconf 89' lang='lat' dir='ltr'><strong>vel</strong></span> <span class='ocrx_word' id='word_1_611' title='bbox 2452 4984 2773 5056; x_wconf 87' lang='lat' dir='ltr'><strong>trajectione</strong></span> <span class='ocrx_word' id='word_1_612' title='bbox 2818 4984 2937 5039; x_wconf 77' lang='lat' dir='ltr'><strong>vitii</strong></span> <span class='ocrx_word' id='word_1_613' title='bbox 2969 4985 3171 5056; x_wconf 84' lang='lat' dir='ltr'><strong>aliquid</strong></span> <span class='ocrx_word' id='word_1_614' title='bbox 3207 4990 3517 5049; x_wconf 72' lang='lat' dir='ltr'><strong>adhaeserit.</strong></span> 
     </span>
    </p>
   </div>
   <div class='ocr_carea' id='block_1_51' title="bbox 265 5059 3521 5137">
    <p class='ocr_par' dir='ltr' id='par_1_51' title="bbox 265 5059 3521 5137">
     <span class='ocr_line' id='line_1_52' title="bbox 265 5059 3521 5137; baseline 0.005 -23"><span class='ocrx_word' id='word_1_615' title='bbox 265 5060 536 5129; x_wconf 82' lang='lat' dir='ltr'><strong>Equidem</strong></span> <span class='ocrx_word' id='word_1_616' title='bbox 584 5069 849 5129; x_wconf 89' lang='lat' dir='ltr'><strong>quantum</strong></span> <span class='ocrx_word' id='word_1_617' title='bbox 875 5060 929 5115; x_wconf 90' lang='lat' dir='ltr'><strong>in</strong></span> <span class='ocrx_word' id='word_1_618' title='bbox 959 5059 1065 5116; x_wconf 87' lang='lat' dir='ltr'><strong>illis</strong></span> <span class='ocrx_word' id='word_1_619' title='bbox 1115 5061 1313 5130; x_wconf 86' lang='lat' dir='ltr'><strong>partim</strong></span> <span class='ocrx_word' id='word_1_620' title='bbox 1355 5060 1617 5117; x_wconf 89' lang='lat' dir='ltr'><strong>eruendis</strong></span> <span class='ocrx_word' id='word_1_621' title='bbox 1657 5059 1858 5129; x_wconf 89' lang='lat' dir='ltr'><strong>partim</strong></span> <span class='ocrx_word' id='word_1_622' title='bbox 1908 5066 2266 5120; x_wconf 89' lang='lat' dir='ltr'><strong>emendandis</strong></span> <span class='ocrx_word' id='word_1_623' title='bbox 2311 5080 2493 5134; x_wconf 88' lang='lat' dir='ltr'><strong>operae</strong></span> <span class='ocrx_word' id='word_1_624' title='bbox 2533 5068 2831 5133; x_wconf 85' lang='lat' dir='ltr'><strong>posuerim,</strong></span> <span class='ocrx_word' id='word_1_625' title='bbox 2878 5068 3010 5121; x_wconf 87' lang='lat' dir='ltr'><strong>mihi</strong></span> <span class='ocrx_word' id='word_1_626' title='bbox 3057 5069 3171 5137; x_wconf 89' lang='lat' dir='ltr'><strong>ipse</strong></span> <span class='ocrx_word' id='word_1_627' title='bbox 3218 5087 3337 5127; x_wconf 92' lang='lat' dir='ltr'><strong>sum</strong></span> <span class='ocrx_word' id='word_1_628' title='bbox 3385 5089 3521 5129; x_wconf 75' lang='lat' dir='ltr'><strong>ron-</strong></span> 
     </span>
    </p>
   </div>
   <div class='ocr_carea' id='block_1_52' title="bbox 265 5142 3518 5220">
    <p class='ocr_par' dir='ltr' id='par_1_52' title="bbox 265 5142 3518 5220">
     <span class='ocr_line' id='line_1_53' title="bbox 265 5142 3518 5220; baseline 0.005 -23"><span class='ocrx_word' id='word_1_629' title='bbox 265 5142 415 5197; x_wconf 85' lang='lat' dir='ltr'><strong>xcius</strong></span> <span class='ocrx_word' id='word_1_630' title='bbox 450 5158 465 5195; x_wconf 86' lang='lat'><strong>:</strong></span> <span class='ocrx_word' id='word_1_631' title='bbox 504 5150 764 5209; x_wconf 90' lang='lat' dir='ltr'><strong>quantum</strong></span> <span class='ocrx_word' id='word_1_632' title='bbox 813 5154 976 5211; x_wconf 91' lang='lat' dir='ltr'><strong>porro</strong></span> <span class='ocrx_word' id='word_1_633' title='bbox 1022 5149 1352 5198; x_wconf 88' lang='lat' dir='ltr'><strong>consecutus</strong></span> <span class='ocrx_word' id='word_1_634' title='bbox 1387 5142 1604 5209; x_wconf 84' lang='lat' dir='ltr'><strong>fuerim,</strong></span> <span class='ocrx_word' id='word_1_635' title='bbox 1657 5144 1802 5201; x_wconf 89' lang='lat' dir='ltr'><strong>malo</strong></span> <span class='ocrx_word' id='word_1_636' title='bbox 1846 5145 1901 5201; x_wconf 89' lang='lat' dir='ltr'><strong>id</strong></span> <span class='ocrx_word' id='word_1_637' title='bbox 1942 5144 2172 5200; x_wconf 89' lang='lat' dir='ltr'><strong>aliorum</strong></span> <span class='ocrx_word' id='word_1_638' title='bbox 2213 5146 2422 5215; x_wconf 87' lang='lat' dir='ltr'><strong>judicio</strong></span> <span class='ocrx_word' id='word_1_639' title='bbox 2470 5149 2780 5218; x_wconf 83' lang='lat' dir='ltr'><strong>relinquere</strong></span> <span class='ocrx_word' id='word_1_640' title='bbox 2833 5164 2995 5220; x_wconf 86' lang='lat' dir='ltr'><strong>quam</strong></span> <span class='ocrx_word' id='word_1_641' title='bbox 3034 5153 3087 5206; x_wconf 93' lang='lat' dir='ltr'><strong>in</strong></span> <span class='ocrx_word' id='word_1_642' title='bbox 3129 5155 3372 5212; x_wconf 91' lang='lat' dir='ltr'><strong>oratione</strong></span> <span class='ocrx_word' id='word_1_643' title='bbox 3401 5173 3518 5213; x_wconf 89' lang='lat' dir='ltr'><strong>mea</strong></span> 
     </span>
    </p>
   </div>
   <div class='ocr_carea' id='block_1_53' title="bbox 265 5237 493 5296">
    <p class='ocr_par' dir='ltr' id='par_1_53' title="bbox 265 5237 493 5296">
     <span class='ocr_line' id='line_1_54' title="bbox 265 5237 493 5296; baseline 0.004 -20"><span class='ocrx_word' id='word_1_644' title='bbox 265 5237 493 5296; x_wconf 85' lang='lat' dir='ltr'><strong>ponere.</strong></span> 
     </span>
    </p>
   </div>
   <div class='ocr_carea' id='block_1_54' title="bbox 341 5306 3516 5387">
    <p class='ocr_par' dir='ltr' id='par_1_54' title="bbox 341 5306 3516 5387">
     <span class='ocr_line' id='line_1_55' title="bbox 341 5306 3516 5387; baseline 0.004 -28"><span class='ocrx_word' id='word_1_645' title='bbox 341 5306 613 5360; x_wconf 80' lang='lat' dir='ltr'><strong>Auctores</strong></span> <span class='ocrx_word' id='word_1_646' title='bbox 655 5319 784 5360; x_wconf 91' lang='lat' dir='ltr'><strong>vero</strong></span> <span class='ocrx_word' id='word_1_647' title='bbox 813 5320 878 5359; x_wconf 80' lang='lat' dir='ltr'><strong>ac</strong></span> <span class='ocrx_word' id='word_1_648' title='bbox 906 5306 1075 5362; x_wconf 88' lang='lat' dir='ltr'><strong>duces</strong></span> <span class='ocrx_word' id='word_1_649' title='bbox 1102 5307 1326 5363; x_wconf 89' lang='lat' dir='ltr'><strong>adhibui</strong></span> <span class='ocrx_word' id='word_1_650' title='bbox 1377 5322 1500 5364; x_wconf 91' lang='lat' dir='ltr'><strong>cum</strong></span> <span class='ocrx_word' id='word_1_651' title='bbox 1542 5309 1679 5365; x_wconf 89' lang='lat' dir='ltr'><strong>alios</strong></span> <span class='ocrx_word' id='word_1_652' title='bbox 1730 5310 2046 5380; x_wconf 87' lang='lat' dir='ltr'><strong>plerosque,</strong></span> <span class='ocrx_word' id='word_1_653' title='bbox 2087 5320 2200 5367; x_wconf 92' lang='lat' dir='ltr'><strong>tum</strong></span> <span class='ocrx_word' id='word_1_654' title='bbox 2253 5310 2563 5368; x_wconf 87' lang='lat' dir='ltr'><strong>Cedrenum</strong></span> <span class='ocrx_word' id='word_1_655' title='bbox 2590 5327 2657 5368; x_wconf 85' lang='lat' dir='ltr'><strong>ac</strong></span> <span class='ocrx_word' id='word_1_656' title='bbox 2691 5312 3100 5386; x_wconf 86' lang='lat' dir='ltr'><strong>Theophanem,</strong></span> <span class='ocrx_word' id='word_1_657' title='bbox 3143 5318 3299 5387; x_wconf 90' lang='lat' dir='ltr'><strong>cujus</strong></span> <span class='ocrx_word' id='word_1_658' title='bbox 3327 5318 3516 5373; x_wconf 66' lang='lat' dir='ltr'><strong>Graeca</strong></span> 
     </span>
    </p>
   </div>
   <div class='ocr_carea' id='block_1_55' title="bbox 267 5389 3516 5466">
    <p class='ocr_par' dir='ltr' id='par_1_55' title="bbox 267 5389 3516 5466">
     <span class='ocr_line' id='line_1_56' title="bbox 267 5389 3516 5466; baseline 0.003 -21"><span class='ocrx_word' id='word_1_659' title='bbox 267 5389 513 5457; x_wconf 84' lang='lat' dir='ltr'><strong>nondum</strong></span> <span class='ocrx_word' id='word_1_660' title='bbox 540 5390 593 5442; x_wconf 91' lang='lat' dir='ltr'><strong>in</strong></span> <span class='ocrx_word' id='word_1_661' title='bbox 620 5389 761 5443; x_wconf 87' lang='lat' dir='ltr'><strong>hanc</strong></span> <span class='ocrx_word' id='word_1_662' title='bbox 790 5389 933 5444; x_wconf 86' lang='lat' dir='ltr'><strong>diem</strong></span> <span class='ocrx_word' id='word_1_663' title='bbox 975 5390 1189 5461; x_wconf 74' lang='lat' dir='ltr'><strong>vulgata</strong></span> <span class='ocrx_word' id='word_1_664' title='bbox 1220 5404 1383 5460; x_wconf 86' lang='lat' dir='ltr'><strong>penes</strong></span> <span class='ocrx_word' id='word_1_665' title='bbox 1415 5407 1517 5448; x_wconf 90' lang='lat' dir='ltr'><strong>uos</strong></span> <span class='ocrx_word' id='word_1_666' title='bbox 1544 5393 1877 5461; x_wconf 76' lang='lat' dir='ltr'><strong>habuimus,</strong></span> <span class='ocrx_word' id='word_1_667' title='bbox 1899 5403 2011 5448; x_wconf 91' lang='lat' dir='ltr'><strong>tum</strong></span> <span class='ocrx_word' id='word_1_668' title='bbox 2059 5394 2489 5451; x_wconf 78' lang='lat' dir='ltr'><strong>Alexandrinum</strong></span> <span class='ocrx_word' id='word_1_669' title='bbox 2542 5396 2856 5454; x_wconf 88' lang='lat' dir='ltr'><strong>Chronicou</strong></span> <span class='ocrx_word' id='word_1_670' title='bbox 2897 5400 3013 5456; x_wconf 89' lang='lat' dir='ltr'><strong>sive</strong></span> <span class='ocrx_word' id='word_1_671' title='bbox 3043 5398 3237 5456; x_wconf 83' lang='lat' dir='ltr'><strong>Fastos</strong></span> <span class='ocrx_word' id='word_1_672' title='bbox 3281 5400 3516 5466; x_wconf 85' lang='lat' dir='ltr'><strong>Siculos,</strong></span> 
     </span>
    </p>
   </div>
   <div class='ocr_carea' id='block_1_56' title="bbox 267 5470 3516 5547">
    <p class='ocr_par' dir='ltr' id='par_1_56' title="bbox 267 5470 3516 5547">
     <span class='ocr_line' id='line_1_57' title="bbox 267 5470 3516 5547; baseline 0.005 -24"><span class='ocrx_word' id='word_1_673' title='bbox 267 5480 409 5539; x_wconf 84' lang='lat' dir='ltr'><strong>quos</strong></span> <span class='ocrx_word' id='word_1_674' title='bbox 432 5470 540 5523; x_wconf 84' lang='lat' dir='ltr'><strong>hoc</strong></span> <span class='ocrx_word' id='word_1_675' title='bbox 572 5486 715 5526; x_wconf 86' lang='lat' dir='ltr'><strong>anno</strong></span> <span class='ocrx_word' id='word_1_676' title='bbox 743 5471 803 5526; x_wconf 89' lang='lat' dir='ltr'><strong>P.</strong></span> <span class='ocrx_word' id='word_1_677' title='bbox 838 5470 1125 5528; x_wconf 70' lang='lat' dir='ltr'><strong>Matthaeus</strong></span> <span class='ocrx_word' id='word_1_678' title='bbox 1156 5471 1425 5542; x_wconf 83' lang='lat' dir='ltr'><strong>Raderus,</strong></span> <span class='ocrx_word' id='word_1_679' title='bbox 1458 5474 1541 5530; x_wconf 88' lang='lat' dir='ltr'><strong>vir</strong></span> <span class='ocrx_word' id='word_1_680' title='bbox 1573 5490 1697 5530; x_wconf 89' lang='lat' dir='ltr'><strong>cum</strong></span> <span class='ocrx_word' id='word_1_681' title='bbox 1744 5476 1938 5547; x_wconf 86' lang='lat' dir='ltr'><strong>primis</strong></span> <span class='ocrx_word' id='word_1_682' title='bbox 1969 5471 2236 5543; x_wconf 83' lang='lat' dir='ltr'><strong>eruditus,</strong></span> <span class='ocrx_word' id='word_1_683' title='bbox 2267 5478 2318 5531; x_wconf 93' lang='lat' dir='ltr'><strong>in</strong></span> <span class='ocrx_word' id='word_1_684' title='bbox 2349 5477 2524 5534; x_wconf 89' lang='lat' dir='ltr'><strong>lucem</strong></span> <span class='ocrx_word' id='word_1_685' title='bbox 2551 5481 2742 5536; x_wconf 72' lang='lat' dir='ltr'><strong>edidit.</strong></span> <span class='ocrx_word' id='word_1_686' title='bbox 2778 5481 2982 5538; x_wconf 82' lang='lat' dir='ltr'><strong>Horum</strong></span> <span class='ocrx_word' id='word_1_687' title='bbox 3033 5485 3360 5544; x_wconf 85' lang='lat' dir='ltr'><strong>auctoritate</strong></span> <span class='ocrx_word' id='word_1_688' title='bbox 3392 5483 3516 5539; x_wconf 87' lang='lat' dir='ltr'><strong>freti</strong></span> 
     </span>
    </p>
   </div>
   <div class='ocr_carea' id='block_1_57' title="bbox 259 5552 3519 5635">
    <p class='ocr_par' dir='ltr' id='par_1_57' title="bbox 259 5552 3519 5635">
     <span class='ocr_line' id='line_1_58' title="bbox 259 5552 3519 5635; baseline 0.003 -27"><span class='ocrx_word' id='word_1_689' title='bbox 259 5565 375 5608; x_wconf 84' lang='lat' dir='ltr'><strong>non</strong></span> <span class='ocrx_word' id='word_1_690' title='bbox 406 5552 570 5607; x_wconf 90' lang='lat' dir='ltr'><strong>modo</strong></span> <span class='ocrx_word' id='word_1_691' title='bbox 604 5555 733 5622; x_wconf 90' lang='lat' dir='ltr'><strong>quid</strong></span> <span class='ocrx_word' id='word_1_692' title='bbox 773 5568 1103 5624; x_wconf 79' lang='lat' dir='ltr'><strong>unoquoque</strong></span> <span class='ocrx_word' id='word_1_693' title='bbox 1142 5555 1491 5624; x_wconf 79' lang='lat' dir='ltr'><strong>imperatoris</strong></span> <span class='ocrx_word' id='word_1_694' title='bbox 1521 5573 1663 5614; x_wconf 88' lang='lat' dir='ltr'><strong>anno</strong></span> <span class='ocrx_word' id='word_1_695' title='bbox 1693 5570 1903 5631; x_wconf 76' lang='lat' dir='ltr'><strong>gestum</strong></span> <span class='ocrx_word' id='word_1_696' title='bbox 1937 5561 2011 5615; x_wconf 92' lang='lat' dir='ltr'><strong>sit</strong></span> <span class='ocrx_word' id='word_1_697' title='bbox 2041 5574 2299 5616; x_wconf 89' lang='lat' dir='ltr'><strong>accurate</strong></span> <span class='ocrx_word' id='word_1_698' title='bbox 2329 5562 2703 5629; x_wconf 84' lang='lat' dir='ltr'><strong>distinximus,</strong></span> <span class='ocrx_word' id='word_1_699' title='bbox 2735 5580 2924 5619; x_wconf 82' lang='lat' dir='ltr'><strong>verum</strong></span> <span class='ocrx_word' id='word_1_700' title='bbox 2963 5566 3150 5630; x_wconf 87' lang='lat' dir='ltr'><strong>etiam,</strong></span> <span class='ocrx_word' id='word_1_701' title='bbox 3184 5567 3331 5634; x_wconf 89' lang='lat' dir='ltr'><strong>quod</strong></span> <span class='ocrx_word' id='word_1_702' title='bbox 3358 5578 3519 5635; x_wconf 82' lang='lat' dir='ltr'><strong>caput</strong></span> 
     </span>
    </p>
   </div>
   <div class='ocr_carea' id='block_1_58' title="bbox 260 5635 3511 5719">
    <p class='ocr_par' dir='ltr' id='par_1_58' title="bbox 260 5635 3511 5719">
     <span class='ocr_line' id='line_1_59' title="bbox 260 5635 3511 5719; baseline 0.005 -31"><span class='ocrx_word' id='word_1_703' title='bbox 260 5644 369 5700; x_wconf 78' lang='lat' dir='ltr'><strong>est,</strong></span> <span class='ocrx_word' id='word_1_704' title='bbox 400 5635 617 5690; x_wconf 88' lang='lat' dir='ltr'><strong>cuinam</strong></span> <span class='ocrx_word' id='word_1_705' title='bbox 645 5645 786 5693; x_wconf 86' lang='lat' dir='ltr'><strong>esset</strong></span> <span class='ocrx_word' id='word_1_706' title='bbox 810 5636 1025 5693; x_wconf 81' lang='lat' dir='ltr'><strong>Juliano</strong></span> <span class='ocrx_word' id='word_1_707' title='bbox 1058 5652 1202 5693; x_wconf 88' lang='lat' dir='ltr'><strong>anno</strong></span> <span class='ocrx_word' id='word_1_708' title='bbox 1232 5639 1602 5707; x_wconf 85' lang='lat' dir='ltr'><strong>tribuendum,</strong></span> <span class='ocrx_word' id='word_1_709' title='bbox 1652 5658 1756 5712; x_wconf 87' lang='lat' dir='ltr'><strong>qua</strong></span> <span class='ocrx_word' id='word_1_710' title='bbox 1803 5645 1928 5697; x_wconf 88' lang='lat' dir='ltr'><strong>anni</strong></span> <span class='ocrx_word' id='word_1_711' title='bbox 1959 5643 2326 5701; x_wconf 83' lang='lat' dir='ltr'><strong>modulatione</strong></span> <span class='ocrx_word' id='word_1_712' title='bbox 2370 5647 2596 5703; x_wconf 84' lang='lat' dir='ltr'><strong>annales</strong></span> <span class='ocrx_word' id='word_1_713' title='bbox 2635 5649 2806 5702; x_wconf 87' lang='lat' dir='ltr'><strong>nostri</strong></span> <span class='ocrx_word' id='word_1_714' title='bbox 2835 5662 3022 5702; x_wconf 90' lang='lat' dir='ltr'><strong>omnes</strong></span> <span class='ocrx_word' id='word_1_715' title='bbox 3051 5662 3114 5702; x_wconf 89' lang='lat' dir='ltr'><strong>ac</strong></span> <span class='ocrx_word' id='word_1_716' title='bbox 3145 5650 3511 5719; x_wconf 64' lang='lat' dir='ltr'><strong>clrronologim</strong></span> 
     </span>
    </p>
   </div>
  </div>
