3832 6198
431 195 535 259 867
1454 189 1514 247 S.
1545 187 1973 279 l‘iICEPHORI
2013 185 2518 248 l’ATRlARCILE
2556 185 2666 246 CP.
3554 179 3658 240 868

434 304 702 358 nituntur.
730 299 847 367 Quo
871 297 1087 369 quidem
1121 310 1219 351 nos
1246 295 1442 365 partim
1487 296 1875 359 indictionum.
1913 309 2048 363 quas
2088 299 2194 350 duo
2223 296 2297 350 illi
2326 295 2653 365 posteriores
2687 291 2990 365 ascribunt,
3023 298 3214 348 exacta
3254 300 3422 352 ratio,
3465 303 3658 358 parum

438 399 704 440 annorum
736 389 878 436 notre
910 379 1052 434 velut
1078 392 1239 432 manu
1271 378 1630 434 deduxerunt.
1665 376 1800 432 Sunt
1837 377 1886 431 hi
1925 379 2062 432 luna:
2090 379 2328 447 solisque
2367 377 2526 448 cycli,
2563 391 2625 430 ac
2655 375 2970 445 paschatum
3005 385 3060 428 et
3092 373 3345 428 feriarum
3377 373 3660 427 (Μηδία-ο

440 468 614 522 rismi.
654 465 888 530 Quorum
928 460 1210 514 methodus
1247 469 1305 511 nt
1329 457 1508 512 facilis
1551 470 1658 523 est,
1691 460 1772 514 sic
1805 461 2173 514 incredibilem
2211 474 2277 512 ac
2311 474 2477 528 prope
2523 459 2888 513 necessarium
2921 457 3082 510 habet
3125 470 3304 518 usum,
3337 463 3399 508 ut
3429 454 3660 509 historia

441 549 831 605 munimentum
860 559 923 598 ac
952 553 1248 612 temporum
1276 541 1462 613 ὄχημα.
1493 542 1598 596 dici
1629 546 1822 598 merito
1850 545 2038 613 possit.
2069 543 2346 613 Ejusmodi
2375 541 2520 595 enim
2556 549 2684 596 sunt
2713 548 2772 594 nt
2798 539 2917 594 sine
2947 540 3015 594 iis
3043 539 3096 592 in
3127 553 3390 594 annorum
3416 538 3657 607 designa-

444 637 588 689 tione
615 632 900 699 plurimnm
933 629 1173 690 abarres,
1213 626 1318 679 imo
1349 627 1514 679 etiam
1551 630 1841 694 pugnantia
1873 641 2058 681 secum
2089 627 2418 696 minimeque
2449 623 2774 680 coltmrcntia
2821 622 3078 692 loquare;
3106 633 3200 674 aut
3227 621 3274 674 si
3307 629 3476 675 tamen
3514 633 3657 676 recte

443 717 619 784 aliqua
649 711 958 778 digesseris,
994 710 1046 761 in
1072 723 1134 761 ea
1171 707 1394 760 fortuito
1430 709 1751 772 incurrisse,
1779 725 1886 764 non
1917 719 2067 762 certo
2091 709 2257 766 animi
2285 708 2488 776 judicio
2519 707 2784 772 delegisse
2817 707 3060 758 videare.
3085 705 3165 757 Ac
3191 719 3315 758 cum
3354 705 3572 784 diversis
3589 719 3655 758 ex

444 783 614 852 initiis
659 795 1042 860 imperatorum
1074 793 1127 843 in.
1151 790 1329 844 Fastis
1361 791 1628 859 descripta
1665 791 1772 845 sint
1818 801 2080 858 tempora,
2129 807 2230 845 nec
2267 792 2335 844 ab
2363 791 2553 844 eodem
2592 803 2700 856 quo
2747 787 2872 840 anni
2903 784 3102 844 Juliani
3153 785 3332 854 capite
3360 783 3656 844 Graecorum

426 879 764 946 ,i-ndictiones
795 877 1029 942 annique
1078 883 1410 940 repetantur,
1462 889 1685 928 necesse
1719 884 1802 928 est
1827 874 2076 928 eumdem
2117 889 2284 927 unum
2317 886 2516 926 annum
2549 871 2748 942 aliquid
2775 885 2806 924 e
2833 869 3044 923 duobus
3085 866 3322 921 Iulianis
3361 869 3661 933 decerpere.

446 961 596 1028 Quod
632 961 732 1013 nisi
762 974 932 1012 annos
969 957 1110 1018 illos,
1145 956 1210 1006 ad
1258 970 1392 1022 quos
1443 957 1588 1010 velut
1629 957 1694 1010 ad
1744 957 2320 1026 regulamqnamdam
2366 953 2648 1008 historiam
2702 952 2898 1022 exigis,
2943 951 3108 1005 certis
3144 951 3293 1004 notis
3335 963 3400 1003 ac
3439 949 3665 1016 vestigiis

447 1044 782 1104 distinxeris,
816 1055 1013 1105 nonne,
1049 1051 1109 1094 nt
1137 1040 1293 1108 paulo
1317 1049 1442 1093 ante
1465 1041 1601 1102 dixi,
1637 1041 1854 1094 ariolari
1881 1055 1944 1094 ac
1972 1039 2216 1093 divinare
2243 1036 2438 1104 saepius
2467 1033 2784 1104 oportebit?
2817 1035 2923 1088 dici
2957 1033 3045 1086 vix
3069 1042 3248 1101 potest
3281 1031 3496 1100 quoties
3521 1030 3665 1096 hujus

447 1141 514 1184 ex
541 1124 800 1177 doctrinae
831 1123 910 1174 vel
943 1128 1251 1187 contemptu
1297 1119 1377 1172 vel
1425 1119 1854 1172 dissimulatione
1907 1129 2184 1187 peccatum
2221 1119 2290 1172 sit
2327 1119 2394 1171 ah
2437 1116 2748 1170 hominibus
2778 1116 3030 1180 eruditis,
3064 1125 3122 1168 ut
3150 1115 3234 1172 vel
3278 1127 3473 1174 eorum
3515 1127 3664 1166 casus

448 1210 741 1262 admonere
770 1220 867 1258 uos
891 1203 1084 1260 debeat
1107 1211 1163 1254 nt
1190 1203 1241 1254 in
1277 1203 1570 1255 tractandis
1597 1202 1942 1270 antiquorum
1976 1200 2310 1269 temporibus
2336 1201 2400 1252 ad
2426 1213 2549 1252 eum
2591 1198 2771 1250 omnia
2800 1197 2961 1250 veluti
2991 1199 3056 1250 ad
3085 1211 3328 1252 normam
3373 1197 3664 1265 exigantur.

450 1291 602 1356 Quod
631 1303 696 1342 ne
729 1287 846 1356 quis
875 1286 1042 1354 gratis
1075 1299 1104 1336 a
1140 1283 1295 1337 nobis
1335 1281 1586 1336 aﬂirmari
1637 1293 1806 1351 putet,
1845 1297 1951 1336 uno
1981 1282 2110 1334 idin
2145 1280 2395 1350 exemplo
2455 1281 2695 1333 alterove
2733 1279 3144 1348 periclitandum
3173 1287 3276 1340 est,
3325 1292 3396 1334 ex
3438 1279 3504 1331 iis
3545 1292 3691 1344 μεθ’

451 1373 635 1426 sertim
669 1386 785 1436 qua:
833 1384 954 1422 cum
1010 1368 1256 1418 instituto
1305 1373 1489 1418 nostro
1541 1364 1849 1418 necessario
1890 1362 2177 1432 conjuncta
2211 1371 2358 1414 sunt.
2399 1359 2478 1414 Ac
2505 1361 2738 1430 primum
2784 1361 2927 1430 quod
2973 1361 3041 1414 ad
3090 1359 3424 1414 indictiones
3467 1358 3666 1423 attinet,

451 1458 649 1522 quibus
677 1454 791 1505 haec
841 1461 1020 1502 nostra
1045 1458 1102 1500 ut
1132 1458 1187 1500 et
1212 1449 1539 1502 recentiores
1593 1461 1783 1500 omnes
1819 1445 2128 1501 Graecorum
2172 1444 2412 1498 historias
2463 1453 2664 1500 notata:
2713 1451 2858 1508 sunt,
2890 1442 3336 1522 videamusquid
3375 1443 3443 1497 de
3475 1441 3664 1495 illarum

452 1521 656 1604 eporha
702 1533 911 1600 magnis
966 1531 1072 1583 illis
1119 1539 1280 1597 atque
1328 1529 1476 1582 omni
1521 1527 1780 1581 doctrinae
1825 1541 2024 1596 genere
2071 1527 2289 1582 refertis
2343 1526 2394 1581 in
2437 1527 2735 1580 Annalibus
2790 1523 3115 1594 disputetur.
3173 1521 3272 1594 Sic
3315 1523 3489 1590 igitur
3543 1536 3666 1578 anno

453 1617 657 1674 Christi
703 1615 827 1678 562,
869 1611 1158 1666 Justiniaui
1186 1611 1274 1675 56,
1299 1610 1496 1664 scribit
1535 1608 1823 1674 Barouius,
1873 1611 2089 1665 omissis
2129 1611 2383 1678 deinceps
2431 1609 2767 1669 consulibus,
2817 1607 2909 1676 qui
2958 1606 3089 1660 nulli
3142 1606 3256 1662 fere
3299 1614 3576 1673 notantur,
3616 1619 3666 1662 se

456 1701 846 1759 indirtionihus
895 1710 1118 1749 usurum
1151 1692 1499 1749 esmethodo
1539 1692 1895 1759 exemploque
1936 1692 2268 1748 Cassiodori.
2301 1691 2366 1746 In
2395 1708 2497 1762 quo
2527 1692 2661 1745 illud
2699 1689 3039 1753 monendum,
3069 1691 3166 1754 ait,
3196 1691 3344 1760 quod
3378 1691 3478 1744 etsi
3511 1705 3667 1756 nam?

459 1797 532 1837 ret
561 1781 909 1837 Cassiodorus
937 1777 999 1829 ab
1031 1774 1415 1840 incarnatione,
1445 1789 1536 1827 nos
1585 1789 1700 1826 vero
1733 1790 1765 1826 a
1795 1774 1966 1828 natali
2011 1775 2242 1839 Domini,
2294 1791 2430 1829 unus
2473 1775 2714 1843 idemque
2751 1789 2921 1826 annus
2965 1771 3180 1826 Domini
3211 1782 3313 1836 est,
3344 1789 3467 1827 cum
3511 1787 3666 1826 nam

460 1874 666 1924 tantum
701 1878 896 1916 menses
933 1860 1256 1912 intercedant
1281 1857 1345 1912 ab
1381 1857 1760 1910 incarnationis
1800 1867 2033 1920 tempore
2063 1873 2226 1928 usque
2258 1859 2328 1911 ad
2353 1857 2582 1912 natalem
2622 1857 2790 1926 ipsius
2835 1856 2998 1919 diem,
3027 1865 3134 1909 etc.
3171 1855 3370 1910 Verum
3391 1858 3439 1910 si
3465 1875 3498 1910 a
3518 1871 3662 1911 nens:

463 1947 754 2007 Septembri
781 1959 920 1996 more
952 1941 1214 2008 majorum
1252 1955 1528 1994 numerare
1567 1939 1783 2007 carperis
1815 1939 2150 2004 indictiones,
2192 1949 2314 1993 tunc
2337 1939 2427 2006 ﬁet
2461 1951 2516 1992 ut
2553 1955 2657 1992 non
2687 1941 2867 1992 eadem
2901 1939 2971 1991 sit
2997 1939 3210 1991 indictio
3253 1941 3386 1992 anni
3413 1941 3481 1991 ab
3514 1941 3658 1991 inur-

462 2029 674 2082 natione
708 2025 970 2086 numerati
995 2035 1040 2076 et
1069 2013 1183 2092 eius
1229 2023 1319 2092 qui
1368 2021 1640 2074 exorditur
1667 2038 1698 2072 a
1735 2025 1966 2088 sequenti
2017 2021 2182 2075 natali
2219 2020 2454 2075 Domini.
2508 2019 2658 2084 Saepe
2702 2022 2842 2074 enim
2875 2036 3004 2090 opus
3049 2021 3150 2074 erit
3182 2030 3242 2073 ut
3281 2023 3446 2074 unius
3479 2037 3657 2074 numero

461 2115 661 2160 crescat
687 2120 854 2156 annus
883 2122 911 2154 a
939 2103 1103 2154 natali
1139 2101 1347 2154 Domini
1379 2107 1611 2153 notatus.
1649 2097 1837 2168 Sicque
1862 2100 1948 2153 hic
1969 2101 2080 2167 ipse
2101 2119 2272 2156 annus
2303 2104 2512 2156 Dontini
2541 2103 2983 2172 quingentesimus
3010 2105 3378 2170 sexagesimus
3405 2106 3663 2162 secundus,

463 2187 559 2242 sub
593 2187 872 2240 consulatu
921 2183 1109 2236 Basilii
1144 2182 1298 2236 uicies
1333 2181 1514 2244 semel,
1548 2181 1850 2238 indictionis
1879 2181 2094 2236 decinta:
2119 2184 2183 2236 ab
2214 2184 2578 2237 incarnatione
2634 2183 2866 2248 Domini,
2899 2185 3040 2238 idem
3067 2186 3134 2237 sit
3161 2185 3478 2240 indictionis
3523 2185 3667 2238 unde-

461 2273 612 2326 cimae
639 2286 670 2322 a
703 2265 900 2320 natalis
931 2275 1177 2331 tempore.
1225 2263 1577 2328 Quamobrem
1613 2278 1732 2318 cum
1775 2264 1874 2318 hoc
1918 2278 2058 2316 anno
2095 2264 2323 2334 (Christi
2359 2265 2482 2332 562)
2531 2266 2748 2320 indictio
2783 2265 2983 2322 decima
3007 2283 3040 2320 a
3066 2265 3389 2322 Cassiodoro
3429 2276 3663 2334 ponatur,

463 2351 741 2407 undecima
793 2349 1030 2416 ponenda
1067 2362 1100 2398 a
1127 2345 1275 2400 nobis
1325 2355 1478 2408 esset,
1509 2347 1623 2415 ipsa
1663 2346 1942 2412 incipiente
1972 2363 2002 2398 a
2041 2363 2214 2400 mense
2260 2345 2548 2415 Septembri
2583 2346 2816 2412 ejusdem
2865 2348 2993 2400 anni
3029 2349 3434 2418 quingentesimi
3478 2349 3668 2402 secundi

465 2433 847 2488 incarnationis
881 2431 1112 2493 Domini,
1139 2430 1230 2498 qui
1259 2428 1539 2482 deducitur
1576 2446 1736 2498 usque
1763 2436 1830 2482 ad
1858 2429 2152 2483 vicesimam
2183 2431 2419 2500 quintam
2448 2431 2641 2485 mensis
2671 2429 2860 2485 Martii
2898 2436 3022 2484 anni
3065 2431 3247 2499 hujus,
3279 2447 3312 2484 a
3339 2447 3442 2500 quo
3472 2442 3670 2502 tempore

466 2528 644 2584 postea
669 2513 1019 2582 sexagesimus
1063 2512 1246 2565 tertius
1287 2511 1470 2578 incipit
1508 2514 1796 2566 numerari.
1833 2510 1959 2566 ila'c
1996 2511 2085 2566 ille
2111 2511 2367 2581 perplexa
2398 2526 2528 2566 sane
2556 2527 2618 2567 ac
2650 2528 2872 2582 prorsus
2911 2513 3336 2573 incstricahilia.
3384 2513 3486 2578 Qui
3522 2528 3672 2568 annos

467 2597 674 2656 Christi
705 2590 774 2649 ab
798 2594 1170 2648 incarnatione
1202 2602 1390 2660 putare
1413 2593 1721 2655 instituunt,
1759 2592 1793 2646 ii
1821 2592 2141 2648 numerandi
2172 2594 2241 2646 ab
2268 2608 2334 2647 eo
2365 2609 2508 2648 anno
2536 2605 2750 2648 sumunt
2794 2596 3076 2648 exordium
3103 2595 3196 2664 qui
3226 2609 3351 2648 are
3373 2593 3671 2650 Christiana

468 2681 676 2750 prinms
707 2689 788 2732 est
815 2687 871 2732 et
899 2677 1047 2748 cyclo
1077 2685 1300 2729 notatur
1327 2675 1458 2728 solis
1486 2674 1540 2738 9,
1574 2675 1712 2728 luna:
1741 2675 1796 2738 2,
1831 2675 2123 2730 indictione
2147 2675 2203 2730 4.
2232 2674 2311 2729 Ita
2342 2677 2485 2730 enim
2537 2677 2893 2736 Cassiodorus
2926 2678 2994 2731 ad
3021 2693 3193 2732 annos
3215 2679 3284 2734 ab
3320 2679 3672 2742 incarnatione

465 2763 618 2832 jubet
663 2761 860 2841 addere
885 2759 941 2820 5,
972 2767 1032 2816 ut
1063 2757 1286 2811 indictio
1335 2757 1735 2841 cujusvisanni
1787 2759 2108 2841 reperiatur.
2164 2760 2335 2832 Igitur
2371 2777 2546 2816 annus
2600 2764 2806 2830 primus
2856 2761 3248 2818 incarnationis
3301 2763 3573 2818 notandus
3601 2768 3675 2828 est

472 2838 1004 2908 indictione‘quarta,
1041 2853 1146 2906 qua
1174 2847 1229 2892 et
1252 2852 1376 2911 aeria
1399 2838 1728 2892 Christianae
1757 2839 1962 2906 primus
1991 2841 2236 2908 signatur
2263 2859 2456 2898 annus.
2491 2844 2646 2910 Quod
2692 2845 2910 2914 insuper
2939 2861 3006 2899 ex
3031 2844 3512 2912 decemnovennali
3537 2842 3669 2914 εει)Ιο

471 2937 526 2980 et
556 2927 832 2980 Dominica
861 2921 1130 2991 paschalis
1156 2921 1244 2974 die
1272 2921 1417 2975 illius
1449 2920 1574 2972 anni
1603 2920 1881 2989 probatur,
1913 2938 2074 2992 quam
2105 2925 2159 2978 in
2188 2928 2493 2995 exemplum
2541 2926 2776 2980 tnethodi
2801 2941 2912 2980 suae
2939 2925 3080 2981 idem
3117 2927 3481 2995 Cassiodorus
3500 2927 3674 2994 aﬂ'ert;

474 3008 677 3090 quiest
709 3021 884 3090 annus
907 3005 1114 3090 Christi
1143 3003 1267 3058 562.
1308 3002 1460 3056 Hunc
1490 3003 1873 3090 enimnann‘unt
1907 3006 2285 3062 duodecimum
2333 3016 2584 3063 numerat
2611 3009 2748 3075 cycli
2789 3009 3318 3072 decemnovennalis,
3354 3024 3463 3090 quo
3490 3007 3676 3090 Pascha

475 3089 730 3143 incidisse
763 3087 950 3140 scribit
981 3087 1033 3138 in
1066 3087 1207 3139 diem
1253 3099 1454 3138 nonum
1507 3083 1728 3152 Aprilis.
1762 3083 1892 3150 Quae
1925 3101 2114 3142 omnes
2161 3101 2300 3145 nota:
2342 3089 2620 3146 conﬂuunt
2652 3092 2705 3144 in
2737 3106 2935 3146 annum
2977 3092 3180 3148 Christi
3209 3090 3336 3158 ὅθί,
3368 3083 3458 3160 qui
3490 3089 3673 3160 cyclttm

475 3173 606 3229 solis
638 3173 823 3226 habuit
864 3171 945 3232 ιι,
973 3170 1112 3224 lunae
1144 3169 1230 3230 ιε,
1253 3168 1604 3222 indictionem
1633 3167 1719 3222 10.
1747 3165 1951 3222 Littera
1981 3171 2326 3227 Dominicalis
2355 3173 2422 3237 A,
2449 3175 2730 3228 ueomenia
2762 3175 3035 3244 paschalis
3062 3173 3243 3232 Martii
3266 3172 3361 3242 22,
3397 3183 3580 3244 quarta
3599 3174 3675 3230 des

475 3257 640 3316 cinia,
672 3253 871 3321 Aprilis
910 3251 966 3318 ι,
1003 3251 1138 3306 feria
1172 3251 1356 3304 tertia.
1390 3249 1530 3319 Ergo
1555 3249 1756 3317 Aprilis
1791 3266 1936 3305 nono
1965 3252 2241 3308 Dominica
2279 3255 2548 3324 paschalis
2582 3256 2700 3310 fuit.

549 3327 716 3404 igitur
745 3339 789 3391 si
819 3351 994 3389 annus
1040 3349 1162 3388 tet-ae
1189 3333 1513 3404 Christianae
1565 3332 2030 3403 quingentesimus
2075 3337 2444 3407 sexagesimus
2499 3339 2790 3406 secundus,
2841 3338 3100 3408 praeditus
3133 3337 3238 3394 fuit
3267 3337 3422 3410 cyclo
3447 3338 3576 3395 solis
3601 3337 3673 3408 ll,

477 3421 618 3476 lunae
645 3420 728 3484 12,
765 3418 1074 3473 indictionis
1106 3415 1275 3479 10,et
1301 3417 1509 3484 primus
1559 3429 1824 3470 annorum
1851 3415 2058 3472 Christi
2098 3429 2315 3474 notatur
2359 3421 2512 3491 cyclo
2557 3421 2688 3476 solis
2733 3421 2978 3486 decimo,
3046 3421 3189 3476 luna:
3237 3423 3507 3486 secundo,
3545 3419 3675 3476 indie

476 3506 674 3562 ctiouis
723 3513 940 3576 quarto,
987 3511 1042 3557 et
1086 3503 1178 3570 qui
1233 3499 1378 3556 hunc
1415 3498 1661 3569 proxime
1697 3500 1996 3568 precessit,
2045 3501 2228 3574 cyclos
2272 3504 2462 3560 habuit
2487 3503 2620 3560 solis
2648 3519 2872 3574 nonum,
2913 3505 3054 3560 lunae
3085 3506 3348 3576 primum,
3394 3501 3672 3570 indictionis

477 3587 714 3644 tertium.

549 3693 686 3748 Cum
717 3699 898 3748 autem
930 3699 1144 3746 veteres
1167 3690 1509 3760 computistse
1543 3703 1714 3745 annos
1741 3689 1944 3747 Christi
1981 3690 2050 3744 ah
2083 3691 2454 3749 incarnatione
2491 3703 2864 3759 numerarent,
2897 3708 3129 3766 eamque
3161 3693 3477 3750 conferrent
3503 3693 3552 3748 in
3575 3687 3674 3762 pri-

401 3805 405 3808 -
481 3788 630 3829 mum
670 3789 870 3830 annum
905 3788 1026 3828 acra:
1058 3772 1401 3837 Christianae,
1456 3773 1618 3828 iidem
1665 3774 1902 3828 natalem
1951 3773 2154 3831 Christi
2201 3784 2323 3846 post
2373 3791 2586 3832 menses
2633 3785 2857 3833 exactos
2905 3791 3098 3832 novem
3153 3777 3492 3848 imputabant
3522 3775 3674 3843 eidem

483 3869 627 3910 anno
673 3854 963 3922 desinenti,
1016 3856 1328 3913 Decembris
1379 3856 1642 3911 vicesimo
1689 3855 1911 3925 quinto;
1953 3866 2012 3912 ut
2063 3858 2366 3924 incarnatio
2393 3859 2448 3915 in
2482 3859 2730 3916 eumdem
2783 3874 2908 3914 cum
2963 3859 3132 3914 natali
3182 3859 3457 3916 lulianum
3501 3875 3675 3928 annum

482 3939 722 3996 caderet.
755 3942 826 3994 At
876 3949 1057 4010 postea
1095 3939 1290 3996 natalis
1336 3937 1539 3996 Christi
1595 3937 1893 3994 translatus
1940 3948 2026 3995 est
2072 3941 2126 3996 in
2161 3956 2362 3997 annum
2416 3943 2846 4008 antecedentem,
2894 3943 2989 4012 qui
3042 3944 3291 4014 proxime
3344 3945 3676 4004 ChriStisnstn
3713 3969 3720 3976 -

483 4025 762 4106 prtecessit
783 4037 971 4088 aerum,
997 4022 1071 4076 ita
1112 4031 1170 4077 ut
1212 4018 1568 4080 annileristi
1628 4021 1696 4075 ab
1752 4018 1919 4074 natali
1966 4021 2238 4092 proﬁcisci
2287 4024 2571 4102 cmperint,
2623 4025 2750 4094 quia
2795 4027 3008 4106 primus
3055 4034 3252 4090 octavo
3279 4028 3367 4084 die
3395 4037 3510 4100 post
3544 4037 3678 4082 nats-

483 4103 588 4162 lem
617 4106 755 4162 iniit.

554 4211 672 4266 1am
704 4227 832 4266 vero
863 4211 1002 4279 quod
1031 4211 1098 4266 ad
1130 4210 1482 4268 indictionem
1531 4219 1761 4280 spectat,
1789 4225 1852 4266 ea
1884 4224 1950 4266 ex
1982 4210 2342 4268 Orientalium
2371 4215 2628 4278 instituto
2655 4215 2724 4270 ab
2755 4213 3059 4284 Septembri
3103 4228 3294 4270 mense
3340 4214 3498 4286 coepit
3539 4227 3678 4268 exoro

487 4295 632 4351 dium
659 4312 675 4362 ;
707 4306 762 4349 et
793 4297 884 4364 qui
911 4296 1014 4350 hoc
1039 4295 1210 4350 secuti
1234 4303 1380 4360 sunt,
1415 4304 1648 4362 quatuor
1676 4303 1802 4348 ante
1838 4293 2119 4350 mensibus
2150 4295 2494 4352 indictionem
2528 4307 2719 4367 putare
2747 4307 3031 4366 creperum
3061 4311 3222 4364 quam
3245 4296 3340 4365 qui
3375 4298 3439 4351 ab
3457 4293 3679 4354 Kalendis

487 4378 762 4433 Januariis
792 4394 910 4432 eam
945 4377 1204 4443 auspicati
1258 4386 1426 4431 sunt:
1460 4390 1734 4444 nunquam
1789 4386 1970 4432 autem
2001 4378 2069 4431 ab
2101 4376 2404 4446 Septembri
2456 4381 2705 4446 ineuntes
2751 4380 2902 4434 illum
2931 4378 3146 4448 elegere
3183 4378 3570 4448 Septembrem.
3599 4377 3677 4444 qui

489 4479 666 4518 nonus
707 4461 945 4517 essetab
975 4459 1228 4517 Kalendis
1259 4459 1554 4524 Januariis,
1591 4458 1732 4518 unde
1761 4460 1992 4522 aliorum
2029 4459 2253 4515 indiCtio
2297 4464 2584 4534 processit.
2619 4463 2692 4518 De
2720 4477 2826 4532 quo
2868 4461 2992 4518 vide
3022 4476 3142 4529 qua:
3165 4461 3226 4515 in
3259 4461 3538 4517 undecimo
3561 4458 3678 4514 libro

489 4545 555 4599 de
581 4545 837 4598 Doctrina
867 4553 1174 4612 temporum,
1207 4556 1256 4596 c.
1284 4540 1378 4606 40,
1407 4542 1541 4596 dixi.

560 4646 922 4715 Quamobrem
954 4659 1142 4698 omnes
1173 4642 1245 4702 illi
1273 4645 1365 4712 qui
1393 4659 1422 4698 a
1449 4643 1754 4714 Septembri
1786 4644 2105 4700 indictiones
2129 4655 2437 4713 numerant,
2464 4645 2740 4702 Christtnn
2769 4664 2836 4703 ex
2865 4647 3069 4718 vulgari
3101 4657 3356 4717 computo
3376 4650 3678 4704 incarnalunt

491 4746 612 4786 esse
647 4739 864 4784 censent
909 4729 1200 4783 indictione
1236 4729 1416 4790 tertia,
1469 4739 1658 4782 natum
1709 4743 1838 4783 vero
1883 4729 2180 4784 indictione
2231 4739 2443 4798 quarta.
2477 4733 2548 4783 At
2575 4741 2788 4790 veteres
2829 4731 3188 4802 computistte,
3226 4727 3318 4800 qui
3363 4747 3502 4800 anno
3533 4728 3679 4800 primo

491 4828 614 4866 aurae
663 4815 932 4868 hodiernae.
969 4811 1171 4868 Christi
1223 4811 1648 4866 incarnationem
1696 4825 1761 4865 ac
1823 4811 2056 4866 natalem
2109 4816 2316 4878 pariter
2364 4812 2606 4882 aliignnt,
2661 4814 3318 4882 incarnationi'quartam
3369 4813 3678 4869 indictionem

493 4895 792 4964 assignant,
831 4894 993 4948 natali
1042 4897 1306 4964 quintam.
1357 4891 1508 4962 Quod
1541 4893 1587 4948 si
1615 4893 1684 4948 ab
1713 4893 1969 4949 Januario
1998 4893 2081 4949 vel
2109 4895 2179 4948 ab
2204 4903 2397 4948 octavo
2422 4895 2548 4950 Kal.
2594 4895 2806 4966 Apriles
2853 4895 3163 4951 indictionis
3191 4897 3404 4951 initium
3449 4901 3679 4964 repetant.

495 4978 834 5031 incarnatum
889 4987 1183 5045 natumque
1233 4977 1419 5030 dicunt
1464 4976 1550 5031 vel
1592 4976 1888 5034 indictione
1941 4979 2134 5042 tertia,
2181 4971 2326 5032 auito
2373 4978 2463 5031 illo
2515 4979 2607 5047 qui
2653 4995 2776 5034 aet-te
2835 4979 3166 5034 Christiana:
3226 4980 3459 5050 primum
3513 4987 3682 5033 annum

497 5060 741 5129 proxime
769 5059 1064 5127 princessit,
1097 5059 1179 5114 vel
1206 5072 1420 5128 quarta,
1453 5061 1498 5114 si
1529 5061 1580 5114 in
1609 5061 1844 5131 primqu
1876 5060 2052 5130 ipsum
2081 5077 2202 5116 term
2228 5062 2553 5118 Christianae
2575 5073 2870 5134 utrumque
2903 5063 3218 5132 conjiciunt.

564 5165 641 5222 Ex
673 5165 756 5220 his
785 5163 1008 5219 evidens
1048 5173 1130 5220 est
1160 5181 1265 5220 non
1297 5177 1445 5221 recte
1471 5166 1601 5222 illud
1643 5167 1917 5236 usurpari,
1961 5182 2078 5232 nos,
2121 5169 2213 5238 qui
2243 5168 2311 5222 ab
2338 5167 2502 5224 natali
2547 5183 2896 5225 numeramus
2925 5184 3096 5224 annos
3129 5169 3357 5233 Christi,
3392 5170 3443 5224 in
3471 5167 3681 5234 eumdem

493 5267 616 5307 eum
664 5250 992 5307 Cassiodoro
1025 5249 1118 5318 qui
1159 5251 1228 5304 ab
1259 5249 1635 5304 incarnatione
1679 5259 1830 5318 putat
1878 5265 2076 5304 annum
2129 5254 2481 5318 concurrere,
2530 5253 2574 5308 si
2619 5253 2838 5321 quidem
2885 5251 3243 5308 Cassiodorus
3297 5251 3680 5310 incarnationem

491 5337 696 5392 Christi
746 5335 937 5390 statuit
989 5333 1042 5386 in
1069 5347 1210 5388 anno
1235 5335 1412 5402 primo
1445 5349 1567 5390 serie
1594 5335 1938 5401 Christiane,
1968 5333 2276 5388 indictione
2308 5345 2504 5402 quarta
2541 5339 2778 5400 ineunte,
2808 5336 2852 5388 si
2886 5335 2954 5390 ab
2982 5345 3173 5390 octavo
3199 5333 3322 5390 Kal.
3351 5336 3545 5406 Aprilis
3563 5346 3682 5388 colar

495 5429 684 5485 putare
731 5416 1054 5472 indictiones
1102 5412 1354 5478 instituit,
1409 5428 1506 5467 nos
1555 5421 1734 5468 autem
1765 5413 1821 5467 in
1865 5428 2010 5467 anno
2052 5416 2404 5472 antecedente
2453 5417 2750 5472 indictione
2805 5417 3020 5476 labente
3064 5419 3244 5483 tertia,
3279 5419 3328 5474 si
3368 5417 3686 5487 indictionum

498 5500 758 5568 epocham
797 5498 1082 5576 deligimus
1114 5497 1168 5551 in
1197 5493 1460 5550 Kalendis
1486 5491 1758 5550 Januariis
1793 5505 1886 5548 aut
1913 5494 1966 5548 in
1999 5492 2178 5552 Martii
2209 5498 2294 5554 die
2322 5499 2584 5557 vicesima
2616 5500 2826 5571 quinta.
