3832 6198
151 271 246 335 869
1063 267 1163 326 DE
1201 267 1460 329 REBUS
1497 267 1680 328 POST
1709 266 2160 328 MAURICIUM
2197 266 2490 327 GESTIS.
3268 261 3375 324 870

210 381 436 450 Denique
473 393 650 435 annus
677 378 768 434 ille
793 377 884 459 qui
917 393 947 432 a
975 377 1307 436 Cassiodoro
1353 381 1576 451 ponitur
1613 386 1680 459 ab
1717 381 2093 436 incarnatione
2141 379 2607 450 quin-gentesinius
2654 374 3026 443 sexagesimts
3077 375 3370 459 secundus,

149 467 234 521 sub
278 463 555 520 consulatu
622 461 806 517 Basilii
849 453 1020 516 vicies
1063 463 1252 526 semel,
1319 463 1612 518 indictione
1650 455 1880 516 wdecima
1945 471 2168 516 notatur
2215 471 2322 515 tam
2371 461 2440 512 ab
2481 461 2566 514 bis
2596 458 2684 526 qui
2736 457 3060 511 indictiones
3096 470 3125 508 a
3151 453 3371 518 Martio,

147 563 288 616 quam
323 545 391 601 ab
419 546 544 600 aliis
585 546 674 614 qui
712 544 780 598 ab
813 543 1127 598 Decembris
1163 546 1251 599 die
1279 545 1351 600 25
1385 554 1478 600 aut
1508 545 1768 599 Kalendis
1808 543 2051 598 Januarii
2095 543 2453 610 sequentibus
2499 541 2806 594 ordiuntur.
2856 535 3052 593 Verum
3107 537 3318 604 priores
3340 550 3373 589 ι

147 630 378 686 Kalendis
426 627 707 682 Ianuariis
741 625 809 680 ad
843 627 878 681 8
909 626 1186 681 Kalendas
1229 628 1445 698 Apriles
1501 627 1850 682 indictionem
1887 627 2063 680 adhuc
2117 626 2334 678 tertiam
2389 625 2674 692 putabant.
2727 621 3144 675 Concurrebant
3192 628 3372 672 autem

148 714 287 768 stabo
317 713 368 766 in
412 713 659 766 eamdem
720 709 1070 764 indictionem
1120 720 1394 779 quartam,
1443 711 1559 778 ipso
1606 710 1694 764 die
1734 708 2144 774 incarnationis,
2199 707 2380 761 Martii
2431 706 2523 772 25,
2557 720 2586 759 a
2613 719 2724 773 quo
2767 704 2979 758 scilicet
3015 701 3374 756 Cassiodorus

151 811 329 850 annum
358 793 565 849 Christi
603 802 856 848 numerat
887 793 1386 862 quingentesimum
1427 793 1822 862 sexagesimum
1859 791 2178 861 secundum.

205 897 310 953 Non
365 897 531 966 igitur
575 898 766 954 eodem
794 910 938 952 anno
981 895 1284 965 iisdemque
1326 896 1642 950 oonsulibus
1683 894 1844 948 ambo
1899 897 2014 949 haec
2044 894 2201 948 initio
2237 895 2600 958 conveniunt,
2644 890 3035 948 incarnationis
3081 890 3290 944 scilicet
3321 900 3378 950 et

148 982 317 1037 natalis
355 979 591 1035 Domini.
629 982 730 1048 Qui
765 980 908 1035 enim
945 995 974 1032 a
1030 979 1198 1032 natali
1229 978 1514 1046 incipiunt,
1547 978 1649 1032 hoc
1680 985 1764 1032 est
1794 977 1866 1032 25
1898 979 2228 1044 Decembris,
2277 993 2462 1032 eorum
2511 979 2770 1045 epocbam
2809 991 2914 1028 non
2947 984 3248 1042 sequuntur
3281 973 3375 1042 qui

147 1067 202 1120 sb
228 1064 614 1130 incarnatione,
661 1065 766 1118 hoc
811 1071 897 1116 est
927 1061 998 1116 25
1031 1060 1231 1123 Martii,
1289 1070 1597 1124 numerant,
1647 1062 1741 1115 sed
1774 1061 1945 1115 tribus
1981 1062 2256 1116 mensibus
2287 1069 2666 1125 antevertuut;
2701 1067 2758 1112 ut
2800 1068 2854 1114 et
2879 1057 3052 1113 Graeci
3094 1059 3220 1110 anni
3258 1058 3378 1124 plus

148 1146 371 1210 seruisse,
417 1145 534 1210 qui,
575 1149 720 1215 quod
772 1145 853 1199 vel
893 1144 1046 1212 pueri
1095 1152 1318 1206 norunt,
1370 1143 1694 1197 indictiones
1743 1159 1870 1199 suas
1907 1144 2035 1198 olim
2069 1160 2098 1198 a
2130 1145 2201 1199 25
2231 1145 2589 1214 Septembris,
2651 1153 2836 1212 postea
2890 1157 3020 1196 vero
3050 1157 3078 1194 a
3110 1143 3378 1197 Kalendis

148 1227 302 1289 exorsi
335 1235 482 1304 sunt.
515 1228 668 1294 Quod
701 1227 994 1298 posterius,
1026 1235 1086 1278 ut
1113 1226 1250 1279 alios
1281 1227 1552 1289 omittam,
1588 1224 1882 1293 Gregorius
1911 1227 2207 1300 Κεραμεύς
2237 1227 2722 1282 Taurominitauus
2755 1223 3202 1295 archiepiscOpus
3232 1224 3376 1278 indi.

145 1321 216 1364 cat
252 1310 466 1364 humilia
499 1313 580 1374 εἰς
608 1309 708 1381 τὴν
739 1309 916 1380 ἀρχὴν
941 1309 1043 1380 τῆς
1075 1307 1330 1362 ἰνδίκτου
1365 1309 1484 1380 ἤτοι
1516 1306 1609 1361 τοῦ
1638 1325 1658 1360 ι

1797 1308 1976 1374 ἔτους.
2386 1310 2398 1323 ’
3261 1317 3283 1328 ‘

201 1415 456 1471 therum
485 1416 630 1484 quod
663 1416 728 1470 de
757 1414 1114 1468 indictionum
1150 1415 1355 1480 epocha
1390 1413 1524 1477 dixi,
1557 1413 1874 1468 meminisse
1909 1429 2032 1469 cum
2066 1415 2255 1483 primis
2285 1424 2498 1484 oportet
2525 1429 2621 1468 eos
2649 1412 2738 1481 qui
2769 1412 3082 1468 Graecorum
3119 1410 3377 1466 historias

145 1499 416 1566 attingunt,
460 1499 585 1552 dum
623 1498 1016 1566 imperatorum
1050 1509 1224 1548 annos
1274 1493 1434 1548 simul
1463 1504 1518 1549 et
1550 1509 1673 1548 cum
1725 1496 2114 1552 indictionibus
2147 1507 2202 1552 et
2232 1513 2354 1550 cum
2401 1498 2561 1551 annis
2589 1487 2834 1549 Julianis'
2859 1504 3197 1561 comparant.
3241 1493 3376 1546 Nam

145 1587 218 1652 qui
243 1582 555 1638 aKalendis
583 1581 832 1636 Januarii
871 1596 1072 1635 annum
1116 1580 1324 1644 ineunt,
1363 1579 1413 1632 id
1447 1580 1590 1647 quod
1629 1577 1880 1633 hodierni
1931 1579 2228 1646 scriptores
2265 1578 2492 1642 faciunt,
2538 1592 2736 1630 annum
2797 1577 3104 1644 quemlibet
3133 1591 3194 1628 ea
3230 1575 3379 1628 indi-

143 1667 298 1718 ctione
341 1676 534 1718 notare
565 1663 762 1717 debent
791 1677 910 1731 qua!
932 1678 996 1717 ex
1019 1661 1306 1729 Cpolitana
1334 1661 1592 1714 melhodo
1616 1675 1646 1712 a
1669 1658 1928 1715 Kalendis
1967 1659 2304 1728 Septembris
2335 1661 2462 1714 anni
2498 1660 2788 1714 anterioris
2825 1659 3040 1711 initium
3077 1658 3283 1718 habuit,
3323 1659 3376 1711 in

141 1765 276 1814 quam
324 1745 530 1801 Juliani
585 1745 714 1800 anni
767 1745 1126 1813 primordium
1177 1743 1390 1804 incidit,
1447 1757 1554 1796 non
1585 1743 1655 1796 ab
1685 1757 1751 1796 ea
1785 1755 1902 1810 qua:
1949 1742 2138 1794 eodem
2195 1757 2340 1796 anno
2395 1743 2612 1798 nonnisi
2641 1742 2676 1796 8
2710 1740 3054 1794 vertentibus
3103 1739 3379 1792 mensilms

141 1829 430 1882 inchoatur.
465 1825 604 1882 Tum
647 1842 778 1882 vero
806 1828 855 1882 si
883 1827 976 1895 qui
1011 1827 1368 1894 imperatores
1399 1830 1632 1878 exeunte
1663 1825 1848 1893 aliquo
1895 1839 2041 1878 anno
2082 1824 2299 1878 .lnliauo
2347 1825 2636 1895 imperiunm
2688 1823 2954 1892 auspicati
2987 1833 3136 1885 sunt,
3171 1838 3276 1876 non
3307 1821 3378 1876 ab

141 1911 193 1964 iis
223 1909 599 1979 r0gnominari
631 1911 778 1967 hunc
805 1924 1034 1975 annum.
1065 1908 1162 1964 sed
1193 1908 1262 1963 ab
1289 1907 1742 1964 antecedentibus
1773 1923 1872 1977 par
1899 1917 2006 1974 est,
2050 1907 2143 1976 qui
2173 1907 2385 1977 majore
2411 1908 2542 1962 anni
2567 1919 2726 1978 parte
2758 1908 2940 1962 adhuc
2973 1907 3201 1977 imperio
3241 1921 3381 1976 prae-

139 1993 228 2047 !ne:
241 2010 310 2048 un
319 2003 362 2048 ι.

193 2099 305 2154 Haec
338 2099 614 2154 levissima
647 2098 865 2166 quidem
897 2106 1047 2162 sunt,
1088 2095 1185 2151 sed
1217 2109 1246 2148 a
1280 2094 1604 2164 quibusdam
1649 2096 1830 2150 minus
1871 2095 2288 2160 animadversa;
2319 2109 2383 2149 ex
2415 2109 2522 2164 quo
2553 2095 2815 2157 Heraclii,
2849 2104 2907 2148 ut
2934 2094 3090 2148 initio
3120 2091 3379 2164 praefatus

137 2197 257 2246 sum,
285 2196 562 2235 annorum
607 2179 743 2234 ordo
775 2177 1132 2232 labefactatus
1174 2184 1284 2241 est,
1334 2175 1602 2246 siquidem
1657 2179 1864 2246 primus
1913 2179 2056 2232 illius
2102 2193 2276 2233 annus
2323 2178 2622 2232 indictione
2671 2177 2951 2248 Cpolitana
2993 2179 3158 2244 coepit
3201 2176 3290 2235 M.
3321 2192 3374 2230 a.

135 2263 183 2318 C.
212 2263 338 2325 610,
367 2261 594 2319 Octobri
626 2275 834 2323 mense,
873 2270 930 2314 ut
958 2275 1026 2314 ex
1061 2258 1414 2326 Theophane,
1437 2255 1691 2312 Cedreno
1734 2259 1966 2330 aliisque
1993 2271 2248 2315 constare
2277 2259 2672 2328 potuil.Quare
2701 2273 2844 2312 anno
2870 2268 3154 2326 sequente,
3183 2260 3375 2310 cadent

137 2346 414 2400 indictione
447 2344 668 2398 labente
701 2353 794 2396 aut
819 2343 1041 2397 ineunte
1072 2341 1342 2405 Romana,
1373 2341 1650 2395 numerari
1691 2345 1897 2410 primus
1929 2343 2166 2398 Heraclii
2197 2344 2405 2408 debuit,
2453 2359 2576 2397 cum
2611 2343 3024 2396 antecedentem
3075 2339 3270 2409 majori
3305 2353 3378 2400 ex

136 2442 264 2496 parte
290 2428 500 2484 Phth
530 2427 565 2482 8
588 2435 940 2496 occupasset.
969 2426 1042 2480 At
1068 2425 1142 2478 illi
1174 2423 1411 2478 Heraclii
1459 2429 1754 2478 sectmdum
1782 2425 1988 2480 Christi
2018 2425 2114 2480 611
2155 2425 2460 2496 signarunt.
2491 2425 2564 2479 lta
2605 2425 2816 2494 prinms
2846 2424 3088 2493 ejusdem
3137 2425 3378 2492 impera-

135 2509 246 2565 toris
273 2523 459 2564 annus
487 2507 746 2564 trimestri
777 2507 956 2577 spatio
985 2506 1437 2573 circumscriptus
1462 2515 1565 2562 est.
1593 2507 1766 2573 Quam
1799 2507 1974 2563 labem
2005 2524 2126 2564 cum
2153 2509 2404 2564 homines
2432 2509 2632 2564 eruditi
2667 2508 2824 2562 facile
2862 2507 3372 2576 deprehendisscut,

136 2590 193 2644 ita
213 2593 512 2647 emendare
556 2602 686 2646 sunt
731 2590 969 2662 aggressi
999 2599 1058 2644 ut
1084 2589 1242 2643 annis
1275 2588 1470 2643 Phocae
1517 2589 1732 2644 nonnisi
1765 2591 1796 2644 7
1828 2592 2116 2646 attributis
2163 2607 2261 2661 pro
2311 2601 2532 2656 octavo,
2575 2591 2666 2660 qui
2695 2592 2746 2646 in
2773 2590 2979 2647 Christi
3020 2588 3128 2644 6l0
3159 2589 3372 2655 incidit,

135 2672 346 2731 Heraclii
375 2677 405 2732 1
438 2675 836 2744 inscripserint.
869 2673 976 2729 Sed
1012 2674 1143 2729 illud
1170 2677 1304 2730 ‘erat
1331 2688 1572 2728 errorem
1606 2673 1878 2740 corrigere
1904 2673 1987 2726 vel
2017 2673 2186 2728 veteri
2206 2673 2384 2742 potius
2411 2688 2608 2726 novum
2635 2683 2884 2726 astruere
2910 2689 2924 2725 :
2947 2686 3070 2724 nam
3098 2681 3153 2724 et
3185 2669 3377 2724 Phoczn

133 2755 162 2809 8
187 2759 424 2812 adimere
445 2767 643 2812 contra
679 2759 922 2811 historiae
973 2757 1132 2810 fidem
1183 2764 1290 2818 est,
1335 2771 1496 2824 quem
1523 2765 1738 2810 constat
1765 2755 1798 2810 8
1827 2755 2030 2810 solidos
2069 2770 2261 2818 annos,
2295 2754 2440 2810 binis
2483 2754 2725 2824 exceptis
2755 2753 3058 2818 mensibus,
3091 2750 3372 2822 implesse,

134 2839 197 2894 uti
220 2840 468 2909 pluribus
497 2851 685 2909 postea
715 2841 1241 2894 demonstrabimus.
1279 2839 1388 2942 Sed
1415 2849 1470 2893 et
1504 2837 1848 2892 Constantini
1876 2838 2147 2895 Manassis
2175 2839 2231 2894 id
2253 2853 2442 2896 versus
2467 2837 2698 2902 indicat,

818 2966 904 3036 ἐφ’
943 2965 1088 3028 ὅλοις
1117 2964 1296 3023 ἐτεσιν
1325 2965 1471 3019 ὀκτὼ
1497 2964 1724 3036 βιώσας,
1757 2969 2128 3042 τυραννήσας.

2780 3043 2808 3052 ρ

133 3099 177 3184 ει
199 3109 258 3150 ne
289 3095 377 3150 sic
413 3097 634 3166 quidem
671 3097 1074 3184 insequentium
1105 3112 1370 3151 annorum
1405 3097 1537 3152 vitia
1569 3098 1780 3154 sublata
1815 3109 1963 3155 sunt.
1997 3099 2130 3154 Nam
2167 3100 2404 3156 Heraclii
2437 3099 2670 3170 primus,
2705 3100 2750 3154 si
2770 3098 3084 3154 Romanam
3117 3097 3374 3152 indictioo.

136 3178 236 3226 item
273 3192 536 3244 sequare,
586 3180 649 3231 ad
690 3178 759 3232 11
811 3179 1005 3248 majori
1047 3193 1114 3232 ex
1148 3191 1302 3247 parte
1337 3179 1656 3235 referemlus
1698 3189 1802 3235 est.
1839 3181 2128 3238 Secundus
2161 3184 2291 3238 item
2324 3198 2446 3238 cum
2498 3183 2567 3242 M
2599 3183 2962 3252 copulandas,
3001 3197 3124 3236 cum
3179 3195 3244 3234 ex
3282 3180 3375 3234 illa

137 3272 333 3313 menses
368 3263 618 3328 integros
651 3260 707 3327 9,
739 3275 806 3315 ex
829 3261 941 3316 hac
972 3269 1084 3316 tres
1115 3261 1216 3316 sibi
1245 3262 1585 3316 solummodo
1626 3263 1884 3320 vindicet.
1926 3266 2140 3334 Alioqui
2171 3276 2228 3320 et
2263 3267 2456 3321 Phoczc
2488 3265 2540 3330 1,
2577 3266 2668 3336 qui
2705 3267 3087 3334 sesquimense
3116 3265 3230 3319 fere
3269 3263 3378 3316 lles-

139 3342 410 3396 nclianam
447 3345 708 3412 epocbam
734 3345 1004 3414 sequitur,
1051 3359 1200 3400 anno
1245 3358 1354 3414 quo
1387 3343 1556 3413 coepit
1588 3343 1695 3400 602
1723 3348 2046 3407 tribuendus
2077 3347 2222 3416 fuit,
2255 3364 2420 3420 quem
2458 3349 2624 3405 iidem
2677 3349 2755 3405 illi
2785 3348 3034 3404 Mauricii
3071 3347 3142 3402 20
3181 3347 3377 3402 merito

139 3434 521 3494 nuncuparunt.

192 3526 309 3585 Par
342 3529 474 3586 huic
526 3538 584 3584 et
615 3528 794 3586 aﬂlnis
833 3545 989 3586 error
1034 3531 1089 3588 in
1121 3530 1421 3589 Iustiniani
1463 3545 1637 3588 annos
1667 3530 1857 3588 iisdem
1893 3532 1962 3589 de
2003 3534 2188 3591 causis
2220 3535 2482 3604 irrepsit,
2508 3534 2652 3602 quod
2688 3533 2849 3590 annis
2876 3533 3085 3590 Christi
3116 3533 3234 3590 sive
3275 3531 3377 3586 Ja-

141 3612 278 3670 lianis
309 3623 424 3669 tam
454 3613 816 3670 indictionum
845 3615 1002 3670 initia
1030 3630 1193 3685 quam
1229 3616 1446 3685 imperii
1475 3630 1744 3670 annorum
1772 3617 1991 3686 epocha'
2021 3631 2302 3687 perperam
2334 3617 2632 3686 illigantur.
2667 3617 2898 3673 Creatus
2921 3626 3008 3673 est
3033 3613 3377 3673 .lustinianus

141 3693 422 3769 Imperator
468 3695 742 3752 Kalendas
785 3697 988 3767 Aprilis
1019 3697 1317 3754 indictione
1361 3697 1416 3764 5,
1444 3712 1476 3753 a
1519 3713 1630 3769 quo
1659 3697 1747 3755 die
1778 3709 1990 3770 tempus
2033 3701 2267 3770 imperiii
2307 3710 2665 3762 numeratur,
2697 3709 2756 3754 ιιι
2789 3709 2874 3756 est
2911 3699 2964 3753 in
3005 3700 3378 3756 Alexandrino

140 3777 388 3838 Chronico
437 3801 452 3838 :
487 3781 857 3852 astipulantur
881 3789 938 3836 et
961 3781 1322 3852 Theophanes
1356 3798 1422 3839 ac
1451 3781 1800 3838 Marcellinus
1822 3781 1880 3836 in
1913 3781 2206 3838 Chroico.
2242 3784 2432 3838 Annus
2456 3793 2577 3838 erat
2605 3782 2812 3839 Christi
2847 3781 2975 3848 527,
3007 3797 3116 3850 quo
3148 3783 3377 3838 indictio

140 3858 170 3913 5
199 3863 534 3933 Septembris
572 3863 948 3918 antecedentis
989 3865 1119 3918 anni
1165 3865 1418 3919 inchoata
1462 3865 1730 3919 decurrit.
1775 3863 1944 3932 Hujus
1987 3864 2333 3934 imperatoris
2380 3882 2434 3920 a.
2469 3866 2524 3932 5,
2565 3875 2625 3921 ut
2679 3874 2764 3921 est
2809 3866 2949 3934 apud
2983 3865 3378 3935 Theophanem

141 3943 417 4005 Alexandr.
455 3946 665 4002 Chron.
701 3957 756 4001 et
786 3945 954 4011 alios,
983 3946 1292 4002 indictione
1328 3949 1394 4004 l0
1432 3947 1621 4020 ingens
1646 3946 1798 4018 Cpoli
1833 3947 2095 4002 tumultus
2139 3949 2207 4004 ab
2245 3949 2521 4005 Anastasii
2558 3950 2847 4020 nepotibus
2877 3948 3170 4014 excitatur,
3217 3963 3379 4018 quem

144 4023 284 4082 iidem
331 4031 406 4084 illi
447 4029 731 4086 fusissime
761 4031 1095 4085 describunt.
1123 4029 1314 4086 Annus
1353 4031 1444 4084 hic
1475 4031 1529 4084 in
1557 4030 1848 4086 annalibus
1877 4039 1962 4085 est
1989 4029 2190 4085 Christi
2217 4031 2315 4086 551
2343 4050 2358 4099 ;
2391 4033 2446 4086 id
2480 4035 2623 4102 quod
2649 4033 2815 4087 etiam
2848 4031 3120 4087 Calvisius
3159 4041 3382 4086 secutus

143 4111 498 4166 rst.-Atenim
526 4127 649 4166 cum
679 4112 907 4168 indictio
943 4113 1010 4166 10
1044 4113 1260 4168 nonnisi
1292 4127 1344 4167 a.
1377 4112 1474 4168 55l
1510 4112 1813 4183 Septembri
1843 4127 2030 4168 mense
2059 4113 2244 4168 inierit
2283 4115 2584 4184 eademque
2611 4129 2664 4168 a.
2695 4114 2803 4168 582
2832 4123 3125 4184 propagata
3157 4113 3251 4172 sit,
3283 4127 3381 4168 ne-

145 4206 277 4247 cesse
300 4203 384 4246 est
411 4194 734 4248 seditionem
767 4193 915 4248 illam
946 4197 1052 4250 hoc
1094 4196 1395 4262 posteriore
1427 4211 1594 4261 anno,
1645 4195 1692 4250 si
1728 4197 1944 4263 quidem
1973 4196 2218 4254 Julianos
2247 4199 2547 4267 sequinmr,
2581 4197 2900 4266 contigisse.
2945 4197 3100 4264 Quod
3129 4205 3182 4250 et
3213 4194 3382 4250 feria-

147 4287 247 4326 rum
272 4275 617 4329 characteres
647 4275 975 4330 confirmant
1006 4277 1058 4331 in
1082 4277 1242 4332 Alex.
1268 4276 1547 4334 Chronico
1577 4279 1668 4332 ubi
1694 4277 1801 4333 778
1830 4280 1932 4334 hoc
1957 4295 2100 4333 anno
2123 4277 2370 4334 Jamtarii
2403 4280 2469 4334 l6
2497 4279 2797 4334 Parasceve
2823 4279 2990 4334 fuisse
3019 4278 3295 4340 scribitur,
3327 4289 3383 4334 et

143 4359 375 4423 sequenti
409 4359 500 4413 die
531 4359 854 4422 Sabbatum,
893 4361 1020 4414 inde
1048 4360 1116 4415 18
1140 4361 1228 4415 die
1249 4361 1604 4416 Dominicam.
1641 4359 1756 4418 Hoc
1779 4377 1911 4418 vero
1937 4378 2046 4417 non
2073 4363 2228 4418 alteri
2259 4363 2493 4434 quadrat
2533 4378 2698 4434 quam
2727 4361 2834 4423 552
2873 4379 3040 4430 anno,
3073 4362 3226 4434 cyclo
3250 4363 3382 4418 solis

147 4436 175 4492 9
195 4441 476 4509 bissextili,
508 4443 690 4500 littera
721 4443 877 4499 Dom.
915 4445 980 4499 D.
1162 4450 1171 4456 ”

200 4547 277 4601 Ab
311 4552 412 4604 hoc
447 4548 599 4603 ferite
631 4551 684 4604 in
714 4550 855 4604 alios
893 4549 1136 4618 ejusdem
1167 4551 1516 4622 imperatoris
1551 4566 1724 4608 annos
1755 4552 2000 4608 derivata
2033 4565 2160 4608 sunt
2188 4556 2344 4615 vitia,
2378 4554 2486 4610 Sed
2514 4554 2727 4624 insigne
2758 4554 2860 4608 hoc
2885 4561 2970 4607 est
3005 4568 3116 4622 prce
3148 4555 3382 4608 caeteris.

149 4624 282 4681 Anno
335 4629 628 4686 Justiniani
699 4631 792 4695 l9,
849 4633 1040 4688 indict.
1092 4632 1134 4689 ‘9
1196 4634 1376 4688 adhuc
1438 4632 1677 4696 labente,
1738 4636 1936 4689 accidit
1997 4635 2285 4692 Paschalis
2349 4636 2674 4707 διαστροφή,
2730 4646 2788 4690 ιιι
2853 4635 3046 4690 scribit
3102 4634 3384 4705 Cedrenos

146 4721 200 4763 ac
261 4710 639 4781 Theophanes.
703 4715 874 4786 llnjus
946 4717 1110 4770 verba
1167 4717 1452 4782 subjiciam
1506 4733 1522 4770 :
1578 4715 1646 4769 Et
1698 4716 1872 4785 factus
1919 4729 1998 4772 est
2054 4729 2384 4776 terminatus
2445 4735 2664 4788 magnus
2716 4717 2868 4784 Cpoli
2927 4725 2977 4770 et
3043 4718 3241 4771 eversio
3298 4719 3386 4773 die

146 4803 306 4848 sancto
362 4794 604 4862 Pascitur,
645 4807 694 4852 et
723 4798 874 4866 capit
937 4797 1122 4869 vulgus
1183 4800 1446 4853 abstinere
1502 4815 1535 4852 α
1576 4801 1824 4853 carnibus
1861 4816 2035 4854 mense
2088 4798 2382 4856 Februario
2427 4801 2514 4854 die
2551 4801 2608 4854 4.
2663 4797 2966 4864 Imperator
3017 4810 3194 4852 autem
3245 4814 3385 4863 prw-
3481 4807 3488 4822 ‘

146 4881 262 4940 cepit
309 4877 418 4932 alia
473 4877 804 4933 hebdomoda
841 4897 1052 4934 comem
1099 4883 1329 4950 apponi;
1369 4891 1416 4934 et
1455 4897 1634 4936 omnes
1677 4883 1920 4934 carnium
1961 4885 2254 4937 venditores
2299 4884 2602 4938 occiderunt
2647 4892 2694 4935 et
2740 4890 3118 4951 opposuerunt,
3151 4894 3198 4935 et
3232 4898 3384 4936 nemo

146 4955 305 5011 edebat
329 4971 420 5012 aut
455 4963 682 5016 emebat.
714 4961 885 5015 Porro
908 4962 1114 5018 Pascha
1140 4963 1342 5032 factum
1371 4973 1446 5017 est
1477 4973 1532 5016 ut
1564 4965 1856 5030 imperator
1872 4965 2060 5034 jussit,
2083 4976 2131 5020 et
2162 4967 2400 5021 inventus
2431 4975 2508 5020 est
2538 4965 2766 5036 populus
2780 4965 3034 5035 jejunans
3060 4965 3386 5020 hebdomade

145 5042 412 5120 ξιρινμιια.
449 5044 524 5097 Ex
551 5046 748 5112 quibus
776 5045 1054 5115 colligitur
1083 5045 1337 5115 populum
1369 5046 1645 5114 przelixum
1669 5049 1736 5101 ab
1762 5048 2098 5115 imperatore
2127 5050 2423 5104 terminum
2455 5049 2792 5104 hebdomada
2823 5050 2996 5104 solida
3027 5051 3381 5120 praevenisse.

145 5115 196 5200 in
218 5125 500 5179 annalibus
527 5126 807 5180 confertur
832 5128 938 5182 hoc
973 5128 1028 5182 in
1060 5144 1110 5180 a.
1139 5128 1201 5182 C.
1228 5126 1354 5184 565.
1391 5127 1591 5182 Verum
1618 5130 1863 5198 sequenti
1891 5130 2049 5198 plane
2074 5131 2298 5200 contigit
2325 5130 2763 5195 546,.lnstiniani
2803 5133 2868 5189 19
2893 5115 3133 5187 nondum
3163 5131 3384 5186 evoluto

147 5197 315 5270 (quod
351 5209 526 5277 ipsum
568 5210 932 5280 scriptoribus
967 5210 1290 5279 imposuit),
1327 5209 1577 5266 inchoata
1598 5197 1714 5281 jam,
1746 5197 1933 5267 indict.
1970 5212 2023 5267 9.
2059 5213 2114 5266 In
2147 5197 2258 5282 quo
2298 5213 2652 5270 vehementer
2690 5216 3100 5277 hallucinantnr
3140 5215 3230 5282 qui
3288 5221 3383 5266 aut

145 5297 368 5367 errorem
393 5289 542 5344 illum
565 5289 876 5347 Justiniano
903 5291 1164 5354 tribuunt.
1190 5304 1282 5347 aut
1301 5294 1469 5348 ullam
1491 5295 1714 5348 omnino
1739 5295 2021 5350 Paschalis
2041 5296 2372 5367 διαστροφήν
2401 5297 2662 5352 accidisse
2681 5301 2950 5365 scribunt,
2980 5301 3056 5353 uti
3081 5297 3381 5367 Cedrenus,

147 5358 484 5460 Theophanes
529 5383 583 5426 et
617 5374 744 5438 alii,
778 5375 872 5460 qui
903 5391 1086 5430 secum
1133 5375 1234 5445 ipsi
1263 5376 1565 5460 perspicue,
1596 5386 1853 5446 pugnant.
1888 5377 2100 5432 Etenim
2149 5358 2291 5435 si'ex
2329 5358 2687 5450 imperatoris
2735 5358 3084 5451 praescripto,
3117 5360 3266 5460 quod
3290 5358 3384 5432 ea;

148 5456 261 5534 noui
289 5467 714 5511 consentaneum
771 5456 940 5512 fuisse
973 5473 1094 5512 mox
1131 5459 1508 5526 ostendemus,
1543 5459 1750 5514 Pascha
1779 5461 2110 5517 celebratum
2149 5471 2269 5528 est,
2301 5463 2446 5516 nttlla
2479 5463 2596 5534 ejus
2641 5463 2884 5534 profecto
2915 5463 3210 5531 διαστροφὴ
3240 5457 3376 5524 fuit,

150 5531 237 5621 fe}!
261 5533 824 5621 richarroxpsmstpou
859 5541 1370 5612 caprile-duntaxat,
1405 5557 1564 5610 quam
1603 5543 1798 5613 vulgus
1842 5542 2150 5612 imperitum
2193 5558 2316 5598 cum
2352 5531 2850 5614 quartadecimanis
2878 5555 3065 5598 contra
3115 5555 3378 5596 canonem

149 5615 325 5668 inierat
353 5615 636 5676 Februarii
664 5621 712 5676 4.
740 5621 852 5682 lloc
881 5625 1024 5697 enim
1055 5622 1408 5696 annocyclus
1439 5625 1575 5680 luna:
1597 5624 1704 5681 fuit
1724 5625 1810 5693 l5,
1833 5626 2018 5697 cyclus
2043 5626 2174 5684 solis
2201 5627 2478 5685 Romanus
2495 5627 2588 5696 25,
2616 5627 2695 5682 lit.
2724 5625 2878 5682 Dom.
2902 5625 2967 5692 G,
2994 5637 3380 5682 concurrentes
