4024 6214
454 241 556 313 871
1486 236 1546 294 S.
1589 230 2009 297 NICEPHORI
2050 231 2053 237 ⁴

2226 223 2558 286 {[ARCILE
2595 224 2706 284 ΟΡ,
3615 218 3727 287 8ῖὲ

461 357 580 412 sive
609 350 826 421 Epactm
856 349 986 405 solis
1029 349 1084 417 7,
1124 348 1460 405 novilunium
1498 347 1758 416 paschale
1786 346 1853 400 19
1897 343 2100 408 Martii,
2135 340 2399 395 terminus
2425 355 2555 421 vero
2584 337 2733 421 ᾲιίςιι.
2753 337 2926 421 Apr.)
2959 353 3081 405 qua:
3101 328 3238 421 cum
3268 340 3726 421 concurrentibus

469 439 602 492 dant
633 418 822 488 feriam
859 433 912 488 1.
946 433 1129 499 Quare
1159 433 1563 502 prorogandum
1595 440 1807 500 tempus
1846 444 1908 482 ex
1946 438 2174 486 canone.
2205 434 2258 476 et
2291 421 2493 489 Aprilis
2523 420 2557 474 8
2582 419 2791 472 Pasrha
2827 418 3236 484 celebrandum,
3268 428 3329 472 ut
3361 419 3523 473 scivit
3540 418 3727 473 Justi-

464 521 682 574 uianus.
717 516 929 569 Rursus
956 531 1020 568 ex
1051 516 1242 569 eodem
1270 512 1489 567 Maximi
1521 522 1778 581 computo
1803 509 2053 565 terminus

2226 506 2641 573 παρειοδάσεως
2676 503 2785 555 τῶν
2817 502 2987 569 ἁγίων
3022 502 3287 573 νηστειῶν
3314 504 3428 558 sive
3456 503 3560 572 τῆς
3586 506 3729 557 ἁπο-

462 599 783 673 κρεωσίμου
818 597 1009 666 ἑορτῆς
1047 596 1327 651 Februarii
1357 596 1411 658 4,
1442 610 1562 664 quae
1590 610 1712 649 cum
1738 594 2053 665 npooeesai'q

2232 605 2316 642 em
2342 599 2399 642 et
2423 586 2879 642 concurrentibus
2910 585 3072 639 nullis
3097 587 3187 639 dat
3214 584 3413 639 feriam
3449 585 3509 653 l;
3541 585 3729 656 proin-

463 668 639 751 deqne
684 679 1067 734 dilfundendns
1111 680 1230 735 dies
1276 681 1328 733 in
1358 680 1391 734 9
1430 678 1736 734 Februarii.
1771 677 1906 733 Cum
1937 676 2103 745 igitur
2123 670 2355 741 populus
2384 680 2511 725 ante
2550 670 2850 738 legitimum
2883 678 3097 751 tempus
3129 669 3183 722 in
3227 668 3461 751 ipsumet
3494 670 3728 723 termino

457 750 728 834 jejunium
764 763 880 815 sive
925 762 1405 829 quadragesimam
1442 760 1523 814 vel
1560 761 1743 830 potius
1770 774 2053 833 quagow

2226 755 2281 823 ἢν
2314 752 2628 807 inchoasset
2657 752 2816 805 Febr.
2864 751 2919 816 4,
2955 750 3330 834 celebraturus
3356 750 3565 834 Pascha
3602 751 3726 804 Kal.

461 833 688 915 Aprilis,
716 841 1063 898 Justinianus
1109 845 1283 898 edixit
1307 858 1372 897 ne
1405 852 1531 897 ante
1564 844 1599 898 8
1626 841 1827 911 Aprilis
1870 850 2141 910 ageretur.
2174 839 2361 906 Itaque
2396 835 2789 905 bebdomadem
2818 849 2979 887 unam
3015 835 3082 887 ad
3112 833 3146 889 8
3180 834 3455 915 solemnes
3488 833 3725 899 addidit;

464 943 573 998 qua
606 926 1014 995 religiosissima
1045 926 1199 994 plebs
1227 927 1631 994 interrumpere
1660 923 1926 993 jejunium
1959 921 2129 990 noluit
2157 931 2212 974 et
2241 919 2451 973 oblatas
2474 930 2667 972 carnes
2697 917 2925 986 respuit.
2953 915 3227 971 Cmterutn
3264 917 3316 969 in
3350 914 3511 982 hujus
3551 915 3728 985 cxplt-

464 1008 679 1064 catione
716 1007 819 1062 loci
849 1007 1079 1062 miriﬁce
1104 1008 1324 1062 aberrat
1350 1006 1618 1075 Joscphus
1654 1005 1896 1074 Scaliger
1935 1002 2016 1075 (1.
2045 1003 2079 1058 4
2125 1002 2193 1057 de
2233 1001 2516 1057 Emendat.
2550 999 2801 1070 Temp),
2835 1014 2957 1053 cum
2994 1001 3138 1069 apud
3184 998 3492 1054 Cedrenum
3529 1013 3631 1066 pro
3664 1000 3726 1062 Δ,

463 1094 567 1148 hoc
600 1101 686 1147 est
713 1093 747 1147 4
783 1092 1089 1154 Februarii,
1125 1091 1211 1153 ΙΔ,
1250 1093 1352 1145 hoc
1380 1100 1466 1146 est
1496 1092 1584 1153 14.
1618 1090 1894 1151 rescribit,
1922 1099 1974 1142 et
2001 1086 2073 1141 53
2100 1086 2218 1139 dies
2237 1086 2514 1154 jejunasse
2546 1083 2801 1153 populutn
2836 1093 3001 1149 atque
3037 1084 3106 1136 ab
3131 1096 3229 1135 esu
3271 1081 3517 1135 carnium
3549 1080 3725 1134 absti-

464 1176 651 1231 nuisse
695 1175 908 1239 scriblt,
944 1190 1067 1227 cum
1106 1190 1167 1227 cx
1205 1175 1598 1228 consuetudine
1624 1172 1691 1227 46
1717 1178 1924 1226 tantum
1967 1170 2083 1221 dies
2119 1167 2329 1237 jejunio
2369 1168 2481 1221 sint
2527 1168 2798 1221 attributi.
2833 1166 3034 1220 Verum
3076 1181 3141 1221 ex
3188 1164 3406 1218 Maximi
3448 1174 3728 1231 computo,

467 1274 626 1324 quem
657 1257 770 1324 ipse
798 1261 851 1310 in
896 1258 1101 1311 calcem
1132 1256 1254 1309 libri
1280 1257 1363 1309 sui
1389 1255 1643 1325 conjecit,
1672 1252 1959 1308 manifeste
1979 1250 2343 1306 convincitur.
2370 1249 2640 1304 Maximus
2662 1250 2810 1303 enim
2839 1250 2906 1302 ad
2934 1250 3230 1303 eruendam
3251 1248 3353 1318 τὴν
3378 1244 3729 1315 ἀποκρειίκτι-

470 1356 571 1411 μον
599 1341 795 1410 ἑορτήν
829 1339 1073 1405 indagari
1123 1338 1300 1407 primo
1332 1336 1488 1404 jubet
1540 1338 1725 1408 cyclos
1770 1334 1902 1389 solis
1948 1347 2011 1385 ac
2045 1330 2186 1386 luntc
2226 1347 2292 1385 ex
2329 1333 2503 1387 lunari
2548 1332 2791 1399 periodo,
2828 1340 2943 1384 tum
2974 1340 3390 1384 concurrentes.
3441 1328 3569 1382 llasc
3602 1342 3725 1381 cum

468 1421 822 1491 προσθετοιῖς,
851 1422 893 1474 si
930 1421 1052 1473 ullm
1082 1428 1229 1484 sunt,
1259 1427 1312 1472 et
1333 1421 1399 1488 τῇ
1433 1420 1696 1487 ποστιαιᾳ
1724 1417 1855 1471 dant
1890 1412 2053 1467 ferian

2226 1416 2284 1468 ad
2306 1415 2350 1469 si
2382 1414 2435 1468 in
2474 1414 2763 1469 terminum
2789 1413 2961 1481 ipsum
2987 1412 3267 1465 Dominica
3299 1411 3417 1465 dies
3453 1413 3723 1471 incurrat,

466 1504 877 1557 dill'nndeudum
914 1517 1037 1555 csse
1071 1502 1211 1553 diem
1245 1501 1299 1553 in
1331 1512 1646 1568 sequentem
1675 1496 2032 1559 Dominicam,
2069 1502 2128 1549 ut
2168 1498 2220 1551 in
2247 1498 2508 1557 Paschate
2542 1499 2658 1552 tieri
2689 1498 2848 1553 solet.
2880 1495 3045 1551 Addit
3077 1508 3234 1549 usum
3261 1492 3551 1566 ψηφισμοῦ
3584 1492 3637 1545 itt
3672 1507 3725 1545 ι.

471 1584 710 1640 ﬂerat-lii
748 1583 836 1647 51,
877 1583 969 1653 qui
1010 1593 1096 1637 est
1120 1582 1321 1636 Christi
1352 1583 1476 1637 641.

544 1716 658 1772 Hoc
700 1726 759 1770 nt
798 1716 1012 1784 planius
1044 1715 1350 1786 intelligas,
1384 1717 1526 1772 scito
1560 1716 1779 1773 Graecos
1803 1717 2238 1789 Quadrageslmae
2272 1715 2539 1787 jejunium
2579 1730 2609 1768 a
2659 1714 2962 1779 Dominica,
2997 1726 3161 1781 quam
3207 1727 3308 1767 nos
3362 1709 3730 1781 Sexagesima

471 1800 634 1869 vulgo
661 1799 917 1863 dicimus,
944 1798 1205 1853 inchoare
1230 1799 1452 1866 solitos;
1484 1801 1628 1869 quod
1657 1800 1876 1867 quidem
1913 1814 1980 1854 ex
2018 1800 2053 1854 Ν

2226 1800 2232 1853 i
2264 1808 2520 1867 computo
2550 1796 2881 1867 colligimus,
2917 1796 3004 1849 ubi
3037 1797 3070 1864 ἡ
3100 1793 3529 1864 ἁποκρεώσιμος
3564 1793 3727 1867 ἑορτή

472 1882 543 1939 56
576 1884 768 1936 diebus
816 1891 943 1934 ante
984 1879 1194 1934 Pascha
1235 1880 1566 1936 celebratur.
1610 1882 1785 1948 Atque
1815 1881 1957 1936 idem
1993 1882 2133 1951 apud
2161 1882 2417 1937 Albinum
2461 1877 2714 1933 Flaccum
2742 1878 2942 1946 legitur
2969 1878 3066 1933 lib.
3099 1878 3168 1932 de
3197 1876 3409 1931 Divinis
3433 1874 3541 1930 00‘.
3576 1891 3629 1931 c.
3667 1877 3732 1928 de

471 1964 731 2032 Septuag.
762 1962 847 2017 his
875 1962 1090 2016 verbis:
1114 1958 1288 2015 Ereti
1306 1965 1602 2030 proximam
1624 1961 2027 2026 hebdomadam,
2044 1965 2099 2017 id
2118 1974 2194 2019 est
2213 1964 2614 2030 sexagesimum,
2641 1962 3085 2029 sanctiﬁcantsuo
3103 1960 3336 2030 jejunio,
3360 1959 3542 2013 clerici
3565 1961 3729 2015 nostri

470 2054 689 2099 auctore
716 2044 1031 2108 Telesphore
1066 2060 1206 2111 papa
1234 2055 1554 2116 sequentem,
1576 2045 1632 2097 id
1658 2055 1734 2098 est
1759 2046 2270 2115 quinquagesimum,
2307 2046 2400 2115 qui
2441 2045 2713 2099 constituit
2759 2043 2791 2095 7
2818 2044 3272 2099 hebdomadarum
3308 2042 3578 2111 jejunium
3612 2050 3724 2095 ate

471 2124 705 2182 Pascha.
738 2126 909 2196 Cujus
935 2126 1166 2180 instituti
1196 2140 1263 2181 ea
1295 2128 1433 2182 ratio
1458 2136 1561 2181 est.
1583 2126 1759 2181 Graeci
1786 2127 1872 2181 die
1896 2127 2175 2183 Dominica
2204 2138 2259 2181 et
2286 2126 2528 2181 Sabbato
2555 2140 2663 2179 non
2683 2124 2956 2196 jejunant.
2981 2134 3211 2194 excepto
3237 2123 3482 2180 Sahbato
3510 2139 3728 2195 magno,

473 2222 538 2263 ex
575 2209 895 2279 praescripto
926 2208 1127 2263 veteris
1167 2209 1424 2273 canonis,
1455 2208 1546 2276 qui
1575 2209 1829 2264 estinter
1855 2210 2187 2278 apostolicos
2216 2209 2320 2275 65;
2352 2210 2439 2265 cui
2471 2206 2693 2276 quidem
2733 2223 2864 2263 usus
2892 2207 3251 2262 occidentalis
3278 2206 3538 2261 Ecclesiae
3569 2208 3730 2261 deros

472 2293 639 2362 gavit.
676 2291 848 2360 Igitur
871 2293 1327 2361 quemadmodum
1357 2302 1546 2345 sancta
1581 2291 1826 2346 Romana
1850 2289 2126 2360 Ecclesia,
2148 2306 2269 2360 qua:
2293 2290 2392 2361 τὴν
2419 2290 2875 2361 τεσσαρακοστήν
2905 2290 3006 2344 init
3033 2305 3063 2344 a
3097 2290 3381 2345 Dominica
3406 2304 3529 2356 quae
3554 2287 3734 2354 Quin-

472 2374 847 2443 quagesimam
895 2376 1160 2442 sequitur,
1188 2384 1493 2442 quaternos
1526 2373 1643 2428 dies
1672 2372 1873 2442 adjecit
1895 2384 1951 2427 et
1982 2383 2127 2429 retro
2151 2373 2415 2442 jejunium
2443 2372 2712 2441 promovit
2735 2374 2802 2426 ad
2831 2372 3027 2433 feriam
3064 2374 3120 2438 4,
3153 2388 3317 2443 quam
3342 2384 3512 2442 caput
3538 2371 3732 2440 jejunii

479 2456 701 2509 rituales
733 2455 855 2509 libri
899 2466 1111 2509 veteres
1138 2456 1447 2525 appellant,
1471 2464 1531 2509 ut
1558 2455 1854 2510 Christiani
1880 2456 1950 2511 40
1978 2455 2053 2511 die

2226 2457 2339 2512 idos
2376 2457 2479 2528 τὴν
2508 2456 2909 2526 νενομισμένην
2950 2458 3169 2526 ἁποχήν
3212 2472 3319 2511 non
3360 2457 3523 2511 modo
3553 2453 3735 2524 κρεῶν

477 2552 663 2592 verum
698 2539 862 2591 etiam
908 2539 1014 2593 cibi
1057 2539 1237 2593 onmis
1265 2539 1592 2603 observent,
1624 2549 1907 2608 prapterea
1948 2539 2090 2608 quod
2121 2553 2152 2592 a
2189 2537 2470 2593 Dominica
2500 2539 2571 2595 40
2606 2538 2674 2593 ad
2705 2536 3001 2592 Sabbatutu
3037 2548 3292 2595 sanctum
3334 2539 3455 2592 dies
3488 2551 3622 2592 sunt
3644 2537 3735 2600 η.

478 2617 545 2671 de
578 2619 775 2687 quibus
808 2618 841 2673 6
876 2621 1175 2675 Dominicis
1202 2620 1557 2690 ἁνηστεύτοις
1593 2622 1864 2689 exemptis
1890 2619 1960 2676 36
1995 2623 2260 2677 duntaxat
2290 2622 2489 2676 residui
2514 2632 2645 2677 sunt
2669 2622 2687 2693 (
2715 2624 2838 2678 ideo
2863 2623 3114 2692 quaterni
3145 2621 3225 2676 illi
3261 2622 3379 2677 dies
3404 2630 3561 2675 extra
3589 2619 3738 2674 ordio

479 2715 604 2755 nem
636 2703 977 2775 arrogantli),
1009 2705 1082 2759 ita
1116 2702 1292 2759 Graeci
1317 2743 1333 2768 ,
1367 2703 1459 2772 qui
1493 2701 1745 2757 Sabbatis
1773 2717 2023 2774 peraeque
2053 2718 2119 2760 ac
2150 2702 2446 2760 Dominicis
2471 2720 2576 2760 non
2601 2706 2848 2776 jejunaut
2867 2746 2884 2773 ,
2917 2704 3251 2773 proindeque
3279 2703 3346 2758 de
3377 2701 3448 2758 36
3476 2702 3675 2756 diebus
3703 2700 3738 2755 6

479 2782 618 2837 alios
648 2795 739 2837 aut
765 2786 954 2840 saltem
984 2785 1018 2840 5
1044 2788 1364 2856 decerpunt,
1397 2784 1462 2839 ιο
1490 2785 1607 2839 dies
1637 2799 1703 2838 ex
1730 2786 2180 2843 antecedentibus
2205 2796 2458 2857 repetunt
2481 2796 2538 2842 et
2569 2790 2872 2845 anteriores
2898 2786 3262 2843 hebdomadas
3286 2785 3427 2840 duas
3448 2784 3739 2851 adjiciunt,

479 2879 550 2921 ex
586 2867 790 2934 quibus
820 2866 1121 2923 Dominicis
1150 2869 1360 2921 duabus
1390 2868 1722 2936 totidemque
1752 2865 2005 2923 Sabbatis
2032 2870 2315 2939 expunctis
2344 2869 2412 2925 10
2442 2879 2579 2924 sunt
2601 2870 2855 2926 ἀπόσιτοι
2887 2871 3022 2936 dies,
3047 2867 3186 2925 adeo
3212 2878 3272 2934 ut
3297 2868 3573 2921 universa:
3597 2866 3738 2919 ἀπο.

476 2948 783 3021 κρεώσιμοι
814 2951 933 3004 dies
961 2952 1071 3004 sint
1097 2951 1191 3013 56,
1230 2951 1483 3012 ἀπόσιτοι
1523 2965 1651 3003 vero
1687 2949 1757 3006 40
1788 2950 1873 3003 vel
1912 2950 2005 3009 41.
2040 2950 2053 3005 1

2226 2966 2238 3005 ι
2267 2960 2417 3018 patet
2445 2949 2787 3019 Cpolitanum
2816 2951 3073 3022 populum
3106 2963 3213 3003 non
3257 2947 3329 3002 53
3366 2949 3481 3001 dies
3509 2963 3608 3015 pro
3644 2945 3740 3013 46,

476 3030 540 3085 ιιι
566 3040 720 3101 putat
761 3032 1025 3101 Scaliger,
1059 3032 1153 3086 sed
1188 3047 1287 3101 pro
1320 3032 1388 3086 56
1415 3032 1669 3101 legitimis
1696 3031 1765 3087 65
1792 3047 1821 3087 a
1852 3033 2108 3088 carnibus
2142 3032 2487 3088 abstinuisse.
2516 3034 2572 3088 ιιι
2602 3035 2776 3103 ipsum
2807 3045 2863 3088 et
2902 3047 2972 3090 ex
2994 3031 3309 3087 Graecorum
3345 3028 3638 3099 borologio
3660 3027 3742 3081 dio

474 3112 749 3180 dicimus;
786 3114 947 3183 idque
976 3114 1216 3182 insuper,
1246 3112 1583 3169 Dominicam
1620 3113 2053 3184 Quinquagesim:

2226 3115 2318 3168 :ari
2346 3116 2413 3171 ab
2455 3117 2522 3170 iis
2548 3115 2647 3187 τὴν
2674 3116 2965 3186 Κυριακὴν
3006 3113 3111 3183 τῆς
3136 3112 3467 3183 τυροφάγου.
3502 3111 3739 3171 Causam

480 3196 688 3249 addunt
720 3198 820 3249 hoc
848 3197 1056 3251 scholio
1090 3211 1105 3251 :
1138 3198 1351 3251 Εἰδέναι
1372 3198 1478 3268 χρὴ
1501 3198 1582 3250 ὃτι
1610 3199 1677 3267 τῇ
1708 3197 1940 3268 Τετράδι
1967 3198 2053 3251 καὶ

2226 3200 2423 3267 ισκευῇ
2455 3197 2558 3267 τῆς
2584 3198 2898 3268 τυροφάγου
2929 3195 3065 3267 μετὰ
3095 3197 3196 3266 τὴν
3225 3196 3270 3246 6'
3298 3194 3557 3264 ἐσθίομεν
3577 3194 3739 3265 τυρὸν

479 3277 577 3332 καὶ
606 3275 691 3329 tbi
712 3276 801 3330 διὰ
822 3278 950 3341 τοὺς
989 3279 1306 3342 ἰακωὸίτοις
1337 3280 1434 3333 καὶ
1462 3279 1812 3350 Τετραδίτας,
1848 3278 1992 3332 κατὰ
2022 3280 2116 3333 τὸν
2145 3281 2346 3335 κανόνα
2371 3278 2465 3335 τοῦ
2502 3282 2560 3333 ὲν
2592 3280 2769 3348 ἁγίοις
2806 3278 3019 3350 Harpe;
3042 3278 3203 3348 ἡμῶν
3227 3277 3550 3347 Νικηφόρον
3582 3278 3739 3331 Κων-

488 3360 1011 3423 στιντινουπόλεως.
1047 3361 1412 3427 Quamobrem
1440 3372 1565 3416 aute
1604 3376 1853 3432 magnam
1883 3362 2352 3431 quadragesimam
2381 3361 2595 3417 mollius
2626 3363 2908 3432 laxiusque
2946 3359 3213 3431 jejunium
3243 3369 3348 3414 est.
3380 3357 3593 3413 Idcirco
3637 3359 3737 3414 Dou-

478 3443 740 3501 miuicam
780 3443 1210 3511 quadragesimae
1254 3454 1452 3498 vocant
1488 3442 1713 3515 πρώτην
1739 3442 1849 3498 τῶν
1883 3461 2053 3514 νηστει

2226 3462 2305 3498 τοι
2349 3444 2451 3514 τῆς
2478 3444 2811 3515 ὀρθοδοξεας.
2856 3445 3034 3515 Atque
3082 3444 3185 3498 hoc
3226 3457 3394 3498 unum
3430 3444 3733 3512 exemplqu

477 3524 731 3578 sectariis
773 3540 839 3578 ac
876 3524 975 3595 τῆς
1008 3525 1463 3599 τεσσαρακοστῆς
1489 3526 1765 3591 osoribus,
1798 3527 1845 3581 si
1882 3540 1946 3580 os
1993 3526 2160 3580 ullum
2192 3527 2495 3591 haberent,
2540 3542 2662 3581 eum
2710 3527 2932 3581 silentio
2967 3526 3227 3595 pudorem
3272 3524 3512 3579 incutere
3540 3525 3727 3593 potuit,

550 3603 707 3658 Nunc
733 3615 1032 3675 antequam
1071 3608 1138 3662 ad
1160 3606 1455 3677 Nicephori
1479 3608 1811 3663 breviarium
1832 3608 2141 3677 aggrediar,
2170 3608 2302 3664 libet
2324 3608 2428 3663 hoc
2453 3607 2575 3663 loco
2598 3608 2982 3678 cbruuolugica
3011 3606 3229 3680 synopsi
3256 3606 3466 3675 priores
3500 3606 3723 3661 lleraclii

477 3688 744 3741 duntaxat
769 3703 941 3742 annus
971 3691 1436 3759 comprehendere
1459 3730 1474 3756 ,
1521 3692 1579 3746 in
1605 3691 1802 3761 quibus
1849 3692 2189 3761 potissimum
2233 3690 2568 3745 illustraudis
2601 3704 2823 3762 operam
2862 3690 3179 3765 posuimus,
3211 3697 3271 3743 ut
3304 3689 3567 3747 historica
3592 3689 3733 3747 serie

475 3778 758 3841 perspecta
787 3767 1004 3827 facilius
1034 3785 1158 3840 qua:
1186 3786 1218 3826 a
1246 3773 1402 3828 nobis
1428 3773 1750 3843 disputanda
1777 3782 1903 3828 sunt
1939 3772 2115 3829 lector
2138 3772 2429 3842 intelligat.

1058 3990 1438 4054 SYNOPSIS
1481 3991 2121 4057 CHBONOLOGICA
2162 3993 2548 4054 HERACLII
2591 3993 2985 4054 ANNORUM
3044 3996 3141 4059 18.

474 4198 633 4264 Attae
664 4198 880 4255 Domini
907 4199 1037 4270 640,
1074 4200 1393 4287 Indian”,
1420 4201 1614 4258 Phoco:
1643 4203 1700 4268 8,
1733 4198 1878 4274 cyrlo
1912 4202 2054 4258 (ante
2079 4213 2129 4271 Α
2227 4203 2525 4273 Epiphania
2556 4203 2791 4261 ﬂeraclii
2819 4205 2932 4260 lilia
2970 4210 3210 4271 nascitur
3254 4208 3379 4265 Julii
3414 4212 3468 4277 7,
3515 4212 3612 4270 fer.
3668 4217 3743 4287 ις

1112 4272 1169 4338 3.
1202 4272 1328 4326 δοίίε
1362 4273 1415 4327 5-
1766 4272 1778 4274 ⁷
2156 4272 2289 4367 quas
2306 4272 2494 4351 eadem
2528 4295 2763 4355 Eudocia
2790 4299 2954 4357 dicta.

550 4379 663 4436 Hoc
692 4395 835 4435 anno
873 4379 1097 4451 Sergius
1125 4378 1451 4452 patriarcha
1472 4383 1791 4455 Cpolitauus
1838 4394 2053 4441 creatur

2254 4409 2321 4465 D.
2353 4409 2480 4477 612,
2506 4410 2703 4486 Indict.
2741 4413 2827 4478 15,
2852 4413 3091 4486 Heraclii
3118 4415 3171 4479 2,
3198 4429 3311 4485 post
3344 4416 3587 4473 θεν-πιἰὲ
3615 4437 3743 4475 σοις

477 4473 680 4541 Aprilis
711 4473 800 4538 18,
825 4472 1065 4530 Sabbato
1097 4489 1313 4544 magno.
2467 4472 2477 4477 ’
2526 4482 2782 4547 sulatum,
2816 4472 2966 4554 cyclo
2996 4472 3272 4556 utrobique
3297 4487 3351 4543 5.

553 4561 837 4619 Heraclius
864 4581 896 4619 a
920 4564 1113 4635 Crispo
1155 4566 1354 4620 Phocae
1381 4579 1586 4636 genero
1617 4576 1671 4621 et
1698 4575 1889 4621 senatu
1916 4566 2057 4637 Cpo-

474 4656 649 4713 litano
679 4656 879 4714 litteris
908 4666 1170 4715 evocatus
1200 4673 1266 4714 ex
1292 4658 1476 4713 Africa
1514 4657 1747 4714 Plu-cam
1764 4660 2053 4731 opprimit,

475 4760 536 4854 ἦ
562 4765 630 4854 (ξι
642 4766 709 4854 ξ’
831 4749 978 4854 δορυ
1010 4749 1457 4854 θ’θιο-ίιηρθτίξξη
1481 4751 1796 4854 θυδβξξθιιυδ
1812 4761 1932 4853 ,⁸⁸η
1961 4750 2051 4854 ξη·
2227 4775 2462 4831 Eudocia
2486 4749 2718 4833 Heraclii
2743 4793 2882 4834 uxor
2904 4782 3133 4835 moritur
3155 4784 3293 4854 Aug.
3320 4784 3410 4847 15,
3434 4784 3742 4847 Βοιιιίιιίςιι.

473 4840 613 4900 dict.
636 4839 793 4911 Cpoli
825 4841 1024 4914 “jam
1052 4841 1329 4899 inchoata.
1361 4840 1597 4911 Moxque
1621 4841 1917 4903 Eudocism
1947 4843 2053 4899 Au-

2227 4863 2526 4935 Epipbania
2555 4865 2793 4927 Heraclii
2817 4869 2925 4923 lilia
2951 4870 3005 4925 in
3022 4871 3226 4940 palatio
3241 4839 3596 4928 coronatura

476 4940 692 5030 sustam
725 4948 951 5030 uxorem
984 4934 1159 5030 duci:
1405 5025 1450 5030 __
1618 5025 1630 5030 _
1668 5025 1680 5030 _
1837 5026 1847 5030 _
2157 4957 2244 5028 gio
2273 4934 2467 5011 Octob.
2500 4954 2555 5019 ι,
2592 4953 2787 5011 lndict.
2820 4958 2843 5015 t
2882 4934 3191 5030 Cpolitana.

554 5021 787 5079 Sanctus
813 5025 1049 5082 Joannes
1100 5025 1360 5083 Eleemon
1389 5025 1731 5082 Alexandria
1764 5026 2053 5097 episcopus

554 5115 670 5143 ιιη...
709 5115 808 5143 ιη...
840 5128 982 5143 ...ιηη
1016 5126 1227 5143 --..-.....
1258 5126 1480 5143 .....η.....

2268 5067 2331 5122 D.
2361 5067 2485 5143 σιξ,
2520 5068 2716 5143 lndict.
2747 5073 2803 5143 _l,
2853 5069 3096 5129 Heraclii
3133 5074 3190 5142 3,
3232 5086 3346 5143 post
3391 5074 3506 5143 ejus
3539 5091 3656 5131 eos.
3688 5076 3742 5139 Ξ,

476 5114 671 5171 saltent
708 5115 812 5169 hoc
839 5128 983 5169 anno
1014 5126 1230 5172 creatus
1258 5126 1499 5187 putatur.

2268 5114 2331 5122 ”
2365 5114 2391 5123 ⁷
2406 5114 2716 5207 ἰἱὶνῗῖιλῖιῩ
2738 5114 2803 5205 t',’
2824 5114 3480 5211 εῖεῖῖξὸὶῖἴὲιἭᾶω⁸¹δῖ

475 5226 548 5287 Δ.
597 5224 665 5281 υ.
717 5225 843 5291 611,
873 5223 1069 5281 Indict.
1107 5227 1488 5327 14,'J!e[aclii
1539 5228 1590 5293 1,
1639 5227 1782 5300 cyclo
1825 5229 1967 5283 (tanta
1998 5231 2051 5294 4,

2228 5253 2513 5308 lleraclius
2553 5252 2741 5321 junior
2776 5253 3022 5313 Januarii
3051 5258 3144 5327 22,
3189 5258 3322 5314 feria
3353 5260 3388 5313 2
3422 5271 3740 5314 coronatur.

1162 5297 1290 5352 solis
1320 5299 1374 5352 4.
1670 5297 1683 5300 ⁷

2260 5345 2327 5401 1).
2351 5344 2477 5425 qu,
2512 5297 2707 5425 ιῇςιερε,
2757 5297 2817 5425 ἑ,
2845 5297 3743 5425 'u..;.'.;;'..';."§,‘.;:g2.113;

552 5409 840 5468 Heraclius
868 5410 1112 5467 Januarii
1142 5410 1212 5466 14
1241 5411 1328 5467 die
1357 5411 1696 5466 consulatum
1728 5413 1847 5468 init.
2354 5409 2593 5469 Heraclii
2618 5414 2743 5483 jun.
2784 5417 2840 5482 2,
2871 5418 3016 5486 cyclo
3046 5419 3188 5475 tum:
3219 5409 3450 5489 solisque
3477 5423 3531 5475 7.

549 5502 731 5559 Persae
769 5504 909 5560 Maio
957 5519 1143 5560 mense
1188 5504 1400 5577 Syriam
1438 5503 1725 5571 infestant,
1760 5505 2054 5576 Apameam
2232 5503 2519 5561 Heraclius
2548 5504 2837 5562 Martinam
2871 5510 3082 5565 sororis
3113 5510 3280 5567 tiliam
3312 5512 3462 5572 ducit
3492 5525 3741 5572 uxorem.

474 5603 533 5649 et
560 5596 815 5653 Edessam
843 5604 1135 5668 occupant.
2090 5586 2132 5642 Β
2226 5596 2408 5659 Persae
2438 5597 2758 5658 Damascum
2789 5610 3123 5675 expugnant.

2226 4590 2509 4649 Heraclius
2553 4592 2757 4662 iunior,
2801 4597 2893 4665 qui
2935 4609 2993 4652 et
3030 4597 3457 4666 Constantinus,
3491 4605 3745 4658 nascitur

2158 4683 2210 4738 in
2240 4685 2553 4741 suburbano
2584 4686 2983 4757 Sophianorum
3017 4689 3141 4745 Maii
3179 4693 3234 4747 5.
3264 4692 3403 4749 feria
3434 4692 3489 4749 4.
