3832 6198
244 288 355 362 873

1192 298 1290 369 DE
1330 302 1581 379 REBUS
1616 316 1799 381 POST
1838 314 2284 389 MAURICIUM
2321 324 2609 394 GESTIS.

3383 346 3488 415 871

244 409 310 464 Α.
348 409 413 464 Β.
447 409 508 464 61
518 411 571 527 515'.
605 411 809 527 ΙηιΙΙεειε
854 417 1196 527 5,πΗεί-αῗιὲἰ
1237 442 1358 527 καί..
1390 428 1445 492 5,
1477 440 1593 527 post
1620 447 1729 487 cos.
1759 433 1818 497 4,
1848 441 1891 497 Α
1991 435 2276 497 lleraclius
2314 439 2592 500 Persidem
2633 445 2776 503 ferro
2804 444 3140 524 ﬂantmisque
3176 461 3483 527 populatur.

576 498 698 527 erm:
723 500 759 527 ΙΙ
792 501 880 527 satis
930 521 942 527 -
1011 506 1102 527 rsu-
1127 509 1155 527 Λ
1181 507 1302 527 enirn
1339 512 1459 527 an..-
1930 525 1944 527 e

521 480 761 536 lleraclii
780 480 903 553 jam.
929 487 985 543 3.
1011 494 1155 560 cyclo
1181 480 1459 565 utrobique
1477 480 1535 554 ’9,

308 566 491 624 Persa
516 567 757 624 Judzeam
793 571 848 625 in
878 583 1201 640 potestatem
1246 582 1518 670 redigunt,
1558 583 1816 643 Hieroso-

236 659 436 731 lymam
485 661 734 729 capiunt,
784 675 1028 720 sanctam
1070 682 1133 723 ac
1175 659 1447 727 vivificam
1502 690 1719 732 crucem
1759 678 1815 733 in

231 751 511 807 Persidem
532 751 867 808 transferunt
885 755 1046 810 Junio
1070 773 1273 815 mense.
1296 761 1725 820 Christianorum
1746 767 1817 822 90

227 840 396 895 millia
427 841 725 908 perimunt.
759 840 1079 898 Zachariam
1114 850 1479 915 patriarcham
1514 853 1809 910 abducunt.

296 928 696 986 Constantinus
753 933 896 987 alter
943 949 1009 990 ex
1070 935 1297 993 Martina
1357 942 1608 998 nascitur
1647 955 1703 1000 et
1756 948 1811 1002 in

229 1020 552 1076 lilachernis
593 1039 623 1075 a
655 1022 849 1093 Sergio
881 1025 1211 1094 baptizatur.

223 1111 289 1164 Δ.
328 1111 402 1165 D.
437 1111 564 1176 611,
598 1113 793 1190 ludia.
823 1116 878 1190 4,
915 1115 1149 1190 Ηενᾳοιίἱ
1177 1118 1230 1179 6,
1262 1129 1376 1187 post
1404 1138 1513 1179 cos.
1542 1123 1597 1190 5,
1637 1123 1810 1180 Hera-

580 1182 669 1236 clii
695 1185 821 1253 jun.
849 1187 904 1248 4,
930 1188 1075 1255 cyclo
1104 1182 1377 1259 utrobique
1410 1191 1465 1246 9.
1583 1182 1594 1190 ’
1756 1214 1759 1216 ·

293 1270 433 1326 Saes
464 1286 495 1325 a
536 1270 775 1328 Cltosroe
805 1276 1004 1330 missus
1027 1275 1320 1347 Egyptnm
1349 1281 1729 1340 Alexandriam
1755 1295 1811 1343 et

220 1360 462 1416 Africam
493 1376 748 1434 occupat.
787 1366 917 1421 inde
947 1370 1012 1420 ad
1045 1368 1444 1425 Chalcedonam
1478 1389 1650 1445 usque
1681 1393 1805 1434 cum

220 1451 396 1519 copiis
437 1453 715 1519 profectus
744 1470 865 1508 cum
909 1454 1160 1510 lleraclio
1213 1460 1538 1529 paciscitur,
1579 1463 1807 1537 ejusque

222 1539 431 1607 legatos
460 1556 643 1598 secum
676 1544 728 1597 in
761 1543 1038 1599 Orientem
1071 1546 1139 1600 ad
1177 1545 1459 1605 Chosroen
1487 1551 1731 1609 deducit.
1759 1557 1807 1610 Α

218 1645 326 1699 quo
359 1632 665 1687 miserrime
695 1646 940 1689 necatur.

287 1719 354 1775 S.
381 1722 621 1778 Joannes
653 1724 937 1796 Ἐλεήμων
960 1728 1084 1782 anni
1118 1728 1275 1798 hujus
1297 1730 1451 1787 initio
1481 1734 1731 1791 moritur.

287 1809 352 1864 S.
418 1813 744 1869 Anastasius
799 1817 959 1872 Persa
1018 1819 1072 1872 in
1129 1821 1251 1875 Sais
1305 1824 1503 1878 castris
1560 1828 1800 1883 militans

214 1899 588 1956 Christianam
623 1905 781 1959 fidem
818 1908 1187 1976 amplectitur,
1223 1910 1455 1981 indeque
1488 1913 1798 1988 Hierosoly-

212 2008 359 2045 mam
387 2008 618 2063 pergens
646 1998 967 2051 monachum
995 1998 1296 2068 profitetur.

209 2082 278 2138 Δ.
310 2081 385 2138 D.
410 2084 541 2149 617,
577 2083 769 2139 Indict.
797 2086 1210 2213 5,1ﬂet‘aclit‘57,
1250 2099 1364 2157 post
1397 2108 1505 2150 cos.
1534 2091 1591 2157 6,
1625 2093 1800 2150 Hera-

440 2198 445 2203 .
838 2173 866 2209 c
889 2173 927 2210 tt
968 2174 1085 2213 tun.
1155 2197 1171 2213 .

440 2198 445 2203 .
838 2173 927 2210 cm
958 2174 1085 2226 jun.
1116 2173 1171 2213 ὁ.

279 2240 574 2299 lleraclius
609 2244 796 2314 junior
833 2245 950 2301 Kal.
979 2246 1104 2305 Jan.
1148 2250 1281 2306 inito
1310 2253 1595 2308 consulatu
1645 2256 1792 2311 Con-

208 2334 524 2388 stantiunm
557 2333 804 2401 fratrem,
836 2336 1084 2393 Martium
1112 2339 1199 2406 F.,
1236 2341 1507 2400 Caesarem
1552 2357 1721 2402 creat.

276 2423 469 2480 Persa:
498 2423 878 2497 Carthaginem
910 2444 1246 2501 expugnant.

209 2538 274 2593 Α.
305 2537 384 2593 D.
417 2537 544 2604 618,
574 2538 773 2595 Indict.
801 2541 1198 2668 6,1fferaclii68,
1242 2560 1355 2614 post
1382 2565 1490 2604 cos.
1525 2548 1578 2615 7,
1617 2548 1798 2606 Hera-

834 2628 862 2665 c
885 2629 921 2665 n
969 2629 1083 2668 mn.
1162 2653 1179 2668 .

834 2628 921 2665 cm
960 2629 1083 2683 jun.
1124 2628 1179 2672 ῠ.

276 2699 474 2771 Legati
510 2703 577 2755 ab
618 2702 868 2759 Heraclio
898 2720 1089 2760 rursus
1125 2707 1194 2762 ad
1233 2707 1516 2767 Chosroen
1554 2711 1705 2769 missi
1734 2730 1794 2770 re

210 2792 423 2848 infecta
450 2795 697 2849 redeunt.
934 2860 937 2861 ν

273 2883 532 2953 Augusto
550 2902 732 2942 mense
746 2886 899 2956 Cpoli
924 2890 1286 2960 sportularum
1313 2889 1633 2961 largitiones
1660 2895 1793 2954 sub-

206 2973 358 3029 latae.

205 3065 272 3120 Α.
306 3063 385 3119 ι).
436 3064 562 3133 619,
592 3047 879 3144 Indict.__7,
924 3067 1162 3144 uernam
1182 3068 1241 3144 ρ.
1287 3085 1401 3141 post
1432 3091 1548 3144 qui
1591 3094 1699 3136 cos.

772 3135 1009 3191 Heraclii
1033 3136 1152 3207 jun.
1182 3138 1236 3194 7.
1287 3135 1297 3141 ’
1451 3135 1480 3223 ⁷,

273 3247 493 3302 Avares
538 3246 590 3301 in
637 3247 923 3302 Thraciam
957 3251 1262 3321 irrumpunt
1308 3262 1363 3308 et
1418 3255 1651 3312 illectum
1692 3276 1790 3329 per

202 3349 366 3407 sporn
398 3337 748 3406 impetrandae
788 3340 938 3408 pacis
980 3339 1290 3397 lleractium
1329 3346 1782 3405 circumveniunt.

205 3428 504 3497 Chaganus
531 3442 652 3482 cum
683 3429 889 3498 ingenti
925 3433 1101 3500 praeda
1136 3436 1445 3491 revertitur.
1731 3450 1737 3456 '

206 3518 272 3572 Α.
316 3515 386 3570 D.
414 3514 541 3581 620,
579 3515 876 3596 Indict.},
908 3521 1141 3596 Iquclii
1169 3525 1255 3596 to,
1303 3536 1418 3593 post
1450 3528 1563 3596 ejus
1590 3545 1697 3582 cos.
1729 3530 1785 3595 9,

759 3589 999 3644 Heraclii
1021 3592 1141 3659 jun.
1178 3595 1232 3649 8.

274 3676 419 3732 Cum
450 3676 721 3733 Avarihus
765 3693 867 3747 pax
914 3682 1233 3748 composita.
1284 3682 1465 3739 Persae
1515 3684 1786 3756 Ancyram

206 3769 454 3836 capiunt.

204 3859 271 3913 Δ.
321 3858 390 3913 D.
424 3859 553 3923 621,
584 3857 871 3935 Indict.},
910 3859 1145 3935 lfe‘rnclii
1184 3863 1242 3935 9,
1276 3873 1390 3928 post
1418 3864 1533 3935 ejus
1574 3882 1681 3920 cos.
1729 3867 1784 3933 9,

759 3928 996 3983 Heraclii
1017 3932 1140 3999 jam.
1177 3932 1232 3984 9.

275 4035 561 4094 Heraclins
583 4053 650 4093 ex
678 4039 889 4108 Europa
915 4041 1100 4109 copias
1129 4042 1180 4094 in
1213 4041 1396 4096 Asiam
1424 4053 1782 4114 transportat.

202 4148 271 4204 Δ.
309 4147 374 4203 D.
404 4148 533 4216 622,
569 4149 887 4225 Indict._10,
922 4150 1161 4225 Heraclii
1193 4153 1278 4225 15,
1305 4165 1420 4223 post
1445 4156 1562 4224 ejus
1585 4174 1693 4213 ros.
1727 4161 1781 4225 9,

743 4219 982 4275 Heractii
1002 4223 1127 4290 jnn.
1164 4223 1248 4276 l0.

282 4308 523 4365 Sanctus
579 4312 903 4367 Anastasius
961 4312 1122 4368 Persa
1186 4317 1505 4386 martyrium
1559 4320 1674 4373 obit
1726 4321 1783 4374 in

206 4396 448 4455 Perside.

279 4489 571 4547 Heraclius
601 4492 880 4548 celebrato
900 4492 1173 4550 Paschate
1207 4496 1414 4565 Aprilis
1440 4499 1475 4553 4
1506 4500 1556 4555 in
1587 4499 1779 4556 Orien-

208 4589 313 4635 tem
358 4582 753 4650 proﬁciscitur,
791 4585 978 4639 relicta
1033 4585 1182 4641 Bono
1224 4589 1454 4656 patricio
1491 4600 1545 4644 et
1589 4588 1780 4662 Sergio

204 4668 504 4739 Cpolitana:
528 4675 679 4731 urbis
711 4677 987 4730 custodia.

272 4762 403 4817 Inde
434 4779 559 4816 cum
590 4763 883 4819 Persarum
931 4766 1159 4821 ducibus
1194 4768 1249 4822 in
1278 4768 1534 4823 Armenia
1565 4784 1617 4824 et
1646 4771 1776 4826 l’er-

205 4847 316 4904 side
341 4862 565 4919 pugnat.

271 4941 576 5010 Appetente
626 4944 801 4999 hieme
860 4947 1101 5001 exercitu
1146 4961 1240 5016 per
1281 4948 1502 5003 hiberna
1554 4951 1779 5008 dimisso

203 5027 410 5096 Cpolim
449 5035 764 5088 revertitur.
1344 5038 1355 5051 '
1461 5048 1472 5058 '

204 5120 266 5173 Δ.
305 5122 377 5176 D.
427 5123 553 5189 625,
593 5123 790 5181 Indict.
850 5128 934 5191 11,
970 5125 1208 5199 Heraclii
1242 5131 1330 5195 l3,
1362 5142 1478 5199 post
1537 5149 1645 5187 cos.
1688 5135 1773 5199 12,

728 5199 965 5250 Heraclii
1005 5198 1129 5267 jun.
1166 5200 1247 5253 ll.

272 5282 551 5341 Heraclitus
573 5285 770 5343 llartio
804 5304 989 5345 mense
1011 5291 1281 5346 celebrato
1304 5293 1367 5346 ad
1403 5293 1714 5349 Nicomedia
1725 5313 1774 5350 in

204 5367 467 5429 Paschate
510 5386 701 5430 contra
735 5376 933 5432 Persas
966 5390 1088 5432 cum
1123 5376 1351 5434 Martina
1385 5386 1616 5452 conjuge
1644 5399 1770 5452 per-

206 5461 362 5527 rexit,
391 5468 637 5521 remissis
668 5467 876 5536 Cpolim
908 5470 1121 5525 liberis.

271 5552 538 5610 Sarbarus
568 5573 597 5611 a
628 5558 874 5616 Chosroe
900 5561 952 5613 in
978 5560 1292 5641 Bithyniam
1324 5562 1521 5620 missus
1550 5582 1579 5622 e
1610 5570 1773 5623 vesti-

206 5640 288 5710 gio
312 5658 613 5701 revocatur.

434 5740 704 5801 Ρλτιιοι.
738 5742 855 5803 Gn.
888 5743 951 5805 C.

1920 525 2323 601 fugientemque
2351 534 2630 592 Chosroen
2659 542 3023 611 persequitur.
3054 545 3109 601 ln
3142 525 3365 608 Albania
3392 525 3486 611 de?-

1919 633 2064 672 tnum
2098 621 2319 679 hiemat.

1916 705 1982 761 Α.
2019 707 2086 765 D.
2119 710 2245 779 624,
2281 716 2502 805 India;
2526 719 3011 805 ﬁnge-radii“,
3065 735 3181 798 post
3229 744 3339 790 cos.
3393 732 3482 805 15,

2447 786 2683 844 Heraclii
2706 792 2829 861 juu.
2865 795 2952 851 12.

1989 886 2272 948 lleraclius
2307 892 2672 954 Sarbazanem
2704 909 2760 956 et
2801 897 3192 962 Sarablancam
3223 908 3484 969 Cliosrnis

1915 977 2099 1046 duces,
2130 996 2339 1039 necnon
2386 994 2439 1040 et
2482 986 2707 1044 Sainum
2762 991 2937 1048 tribus
2992 997 3196 1065 praeliis
3241 1013 3480 1070 superat;

1914 1067 2043 1125 Inde
2071 1072 2301 1129 hiemem
2334 1076 2385 1131 in
2418 1077 2643 1134 Albania
2678 1083 2926 1138 traducit.

1912 1180 1979 1237 Α.
2011 1177 2078 1237 D.
2109 1180 2235 1250 6‘35,
2256 1185 2453 1243 Indict.
2479 1192 2566 1253 15,
2587 1182 2834 1269 Πῌε-ναειδξ
2849 1194 2942 1269 15,
2972 1208 3088 1261 post
3109 1217 3216 1256 cos.
3253 1203 3338 1269 14,
3369 1204 3479 1261 He-

2485 1261 2639 1315 raclii
2655 1264 2778 1330 jun.
2813 1265 2899 1320 15.

1982 1352 2264 1416 Heraciius
2318 1362 2509 1421 Martio
2559 1382 2744 1426 mense
2793 1387 2890 1442 per
2940 1373 3151 1447 Syriam
3194 1380 3260 1434 ad
3292 1380 3478 1453 Tigrin

1912 1450 2178 1513 pervenit.
2210 1449 2339 1508 Inde
2368 1457 2507 1511 datis
2534 1460 2601 1513 ad
2631 1460 2947 1532 Cpolitahos
2975 1468 3169 1527 litteris
3196 1488 3318 1529 cum
3352 1449 3479 1531 tiar-

1910 1533 2105 1590 baraza
2151 1553 2370 1610 pugnat.
2409 1544 2569 1601 Multa
2605 1549 2658 1604 in
2700 1567 2763 1608 eo
2806 1557 2991 1624 praelio
3019 1574 3181 1630 supra
3212 1565 3478 1623 humanas

1911 1624 2053 1681 vires
2080 1637 2301 1688 strenue
2327 1649 2389 1689 ac
2408 1636 2624 1695 fortiter
2648 1643 2837 1699 edidit.
2869 1646 3294 1718 Superveniente
3320 1670 3478 1715 nocte

1837 1759 1877 1813 Β
1908 1727 1972 1769 ac
2006 1719 2194 1782 praelia
2223 1723 2494 1796 dirempto
2526 1727 2750 1786 Barbari
2784 1734 3015 1805 fugiunt.

1906 1826 1971 1881 A.
2006 1829 2075 1884 D.
2109 1831 2236 1898 626,
2272 1834 2470 1892 Indict.
2525 1841 2611 1906 14,
2647 1842 2884 1901 Herarlli

2939 1851 3027 1918 l6,
3061 1866 3178 1923 post
3222 1875 3330 1914 cos.
3385 1859 3474 1925 15.

2406 1948 2409 1951 ς
2440 1909 2670 1966 Heraclii
2698 1916 2813 1979 ian.
2848 1918 2934 1974 14.

1975 2009 2250 2070 Cbosroes
2284 2026 2360 2072 tot
2391 2019 2638 2079 cladibus
2668 2029 3026 2087 exacerbatus
3054 2038 3378 2107 conscriptis
3401 2057 3465 2098 ex

1903 2100 2050 2153 omni
2106 2102 2383 2160 hominum
2440 2112 2750 2173 conditione
2800 2120 2974 2188 copiis
3020 2137 3207 2180 earnm
3262 2141 3469 2198 partem

1902 2200 2025 2241 rum
2065 2190 2371 2249 Sarbaraza
2404 2198 2540 2253 duce
2575 2201 2786 2270 Cpolim
2841 2208 3031 2273 mittit,
3066 2190 3275 2282 partem
3307 2220 3470 2275 aliam

1903 2276 2067 2335 Saino
2098 2283 2219 2338 duci
2255 2287 2416 2343 tradit
2443 2280 2500 2346 et
2526 2292 2789 2351 adversus
2815 2276 3121 2358 Heracliuin
3154 2307 3362 2377 objicit.

1969 2369 2179 2426 Avares
2207 2389 2235 2427 a
2273 2375 2579 2435 Snrharaza
2629 2385 2900 2442 sollicitati
2942 2391 3149 2460 Cpolim
3196 2369 3466 2460 obsident.

1900 2455 2006 2512 Sed
2054 2461 2222 2517 beata:
2256 2464 2490 2536 Virginis
2521 2485 2623 2540 cpe
2652 2473 2875 2532 liberata
2910 2455 3043 2537 urbe
3074 2483 3294 2544 Barbari

1898 2562 2085 2605 omnes
2120 2554 2450 2628 interempti.
2546 2564 2553 2569 ’

1971 2639 2288 2709 Heraclius,
2341 2650 2430 2718 qui
2487 2652 2756 2711 trifariam
2810 2661 3109 2720 exercitum
3168 2666 3465 2739 diviserat,

1900 2729 2199 2789 Turcorum
2232 2740 2435 2795 auxilia
2466 2748 2759 2802 contrahit.
2792 2747 2892 2815 Qui
2935 2756 3220 2823 eruptione
3246 2760 3298 2813 in
3330 2759 3466 2818 Per-

1898 2822 2067 2880 sidem
2098 2825 2240 2883 facta
2280 2835 2479 2890 reversi
2513 2847 2701 2905 postea
2736 2842 2805 2896 ab
2835 2840 3088 2900 Heraclio
3114 2849 3467 2917 perbumanlo

1901 2927 1985 2970 ter
2004 2923 2214 2988 excepti
2240 2935 2387 2981 sunt.

1970 3007 2039 3062 Sa
2048 3022 2148 3065 esa
2169 3011 2474 3084 Theodore,
2496 3017 2728 3076 Heraclii
2754 3020 2947 3094 fratre,
2972 3026 3146 3086 victus
3162 3043 3230 3089 es
3245 3037 3464 3106 aagt'itu-

1730 3081 1789 3141 8.
1818 3097 1862 3156 c
1893 3095 2019 3150 dine
2053 3099 2223 3154 animi
2261 3081 2513 3161 moritur.

1961 3182 2180 3241 lnterim
2207 3190 2537 3252 Sarbarazas
2559 3196 2959 3261 Chalcedonem
2982 3209 3238 3266 obsidere
3261 3215 3459 3284 pergit.

1888 3295 1954 3348 Δ.
1980 3296 2050 3352 D.
2079 3299 2426 3391 62131345“.
2457 3308 2814 3391 _5,'H¢_rac_lit'
2846 3317 2938 3391 17,
2950 3330 3075 3391 post
3095 3338 3202 3376 cas.
3237 3324 3324 3391 16,
3352 3323 3465 3383 Ile-

2096 3372 2252 3423 ταοίἱὶ
2280 3373 2404 3442 jun.
2450 3378 2537 3441 15,
2567 3384 2710 3449 cyclo
2740 3385 2883 3440 luna:
2918 3372 2970 3453 1,
2998 3372 3248 3446 laneo.

1959 3477 2230 3537 Chosroes
2275 3481 2535 3541 Razatem
2578 3490 2769 3546 ducem
2802 3494 3164 3555 fortissimum
3204 3504 3461 3565 adversus

1886 3563 2199 3627 Heracliam
2233 3577 2417 3641 mittit,
2446 3580 2537 3647 qui
2583 3596 2704 3635 cum
2739 3582 2932 3642 Turcis
2963 3589 3015 3643 in
3047 3588 3325 3649 Persidem
3370 3599 3458 3653 in-
3573 3654 3577 3657 τ

1886 3675 2104 3728 gressus
2134 3665 2200 3718 ab
2237 3666 2428 3722 iisdem
2461 3672 2751 3738 deseritur,
2804 3690 2948 3731 anno
2971 3677 3084 3748 jam
3126 3682 3335 3753 imperii
3379 3689 3461 3743 iu-

1886 3752 2081 3806 cltoato
2108 3754 2174 3808 l8
2203 3771 2324 3811 cum
2354 3757 2549 3818 Indict.
2581 3763 2633 3818 l.
2770 3760 2781 3770 ’

1960 3841 2093 3897 Hinc
2125 3845 2340 3914 regione
2367 3853 2511 3904 omni
2539 3851 2693 3923 longe
2719 3854 2935 3925 lateque
2976 3873 3205 3929 vastata,
3237 3864 3459 3924 Decem-

1885 3929 1997 3985 bris
2028 3935 2242 3989 demum
2267 3938 2332 3991 l2
2356 3940 2464 4006 die,
2495 3941 2755 4011 Sabhato,
2793 3946 3046 4006 Rasatem
3071 3969 3191 4010 cum
3215 3963 3457 4016 exercitu

1884 4037 1986 4077 suo
2044 4024 2284 4082 funditus
2336 4030 2499 4086 delet.
2552 4032 3129 4111 Moxquefugientem
3178 4045 3457 4107 Chosroen

1884 4116 2244 4183 persequitur.

1885 4205 1947 4256 A.
1979 4204 2042 4260 ι).
2067 4206 2190 4269 6ὶ8.
2228 4208 2427 4267 Imlirt.
2454 4214 2502 4278 l,
2534 4212 2769 4272 Heraclii
2806 4218 2891 4287 l8,
2927 4233 3047 4291 post
3086 4238 3192 4280 cos.
3227 4226 3314 4289 16,
3350 4226 3455 4285 Ησ-

2099 4301 2251 4353 raclii
2273 4302 2397 4370 juu.
2429 4304 2516 4369 16,
2556 4311 2702 4377 cyclo
2735 4312 2862 4373 solis
2890 4312 2983 4378 21,
3016 4315 3158 4370 lum:
3184 4316 3238 4371 2.

1811 4410 1858 4467 ο
1953 4384 2223 4444 Cliosroes
2271 4393 2483 4462 fugiens
2515 4395 2795 4455 Merdasen
2843 4402 3011 4458 filium
3059 4395 3243 4476 spreto
3297 4408 3454 4493 sime

1880 4494 2250 4540 successorem
2283 4491 2548 4559 designat.

1952 4572 2032 4627 0b
2064 4574 2115 4627 id
2156 4574 2315 4632 Siroe
2346 4580 2551 4647 maiore
2576 4597 2705 4639 natu
2739 4586 2848 4642 lilio
2880 4605 2947 4643 ac
2979 4588 3267 4648 Persarum
3305 4599 3452 4665 prin-

1879 4662 2092 4730 cipibus
2124 4670 2561 4738 conspirantibus
2590 4686 2782 4746 captus
2801 4694 2867 4733 ac
2896 4682 3278 4739 miserabiliter
3302 4692 3449 4745 occia

1881 4766 1976 4805 sus
2002 4765 2084 4808 est
2119 4754 2279 4814 Febr.
2308 4760 2378 4815 28
2404 4763 2512 4818 die.

1952 4840 2138 4900 Siroes
2165 4849 2234 4903 ab
2258 4849 2506 4907 lleraciio
2522 4869 2707 4925 pacem
2732 4859 3016 4929 impetrat;
3044 4863 3133 4931 qui
3155 4864 3362 4920 litteras
3386 4867 3453 4924 de

1881 4936 2040 4987 rebus
2067 4943 2343 5008 ascgestis
2373 4945 2440 4998 ad
2471 4944 2509 4998 S
2540 4945 2580 4999 P
2608 4948 2652 5014 Q
2679 4948 2719 5003 C
2750 4952 2938 5006 mittit.
2974 4951 3061 5009 Ea:
3090 4953 3155 5009 l5
3186 4956 3307 5013 Maii
3336 4961 3451 5030 ipsa

1880 5021 1966 5075 die
1994 5023 2341 5086 Pentecostes
2371 5033 2421 5086 in
2459 5036 2689 5093 ecclesia
2713 5042 2987 5109 perlectze.

1877 5304 2138 5359 sequente
2166 5312 2290 5352 verc
2324 5302 2599 5369 profectus
2633 5307 3025 5383 Hierosolymis
3056 5318 3310 5372 restituit.

1948 5384 2233 5441 Postremo
2256 5405 2324 5446 ne
2350 5395 2481 5462 quid
2503 5400 2887 5465 praz'tereamus
2912 5408 3050 5474 quod
3079 5407 3146 5460 ad
3181 5408 3453 5460 illustran-

1878 5476 1998 5529 dam
2055 5480 2192 5534 hunc
2245 5484 2528 5542 historiam
2581 5494 2886 5560 pertineat,
2938 5493 3174 5549 Iletaclii
3230 5497 3450 5561 liberos,

1877 5585 2104 5637 quorum
2135 5575 2349 5642 quidem
2377 5581 2519 5650 apud
2543 5585 2840 5652 scriptorcs
2867 5587 3068 5640 utentia
3100 5587 3176 5650 lii.
3207 5586 3306 5663 ³³01³
3335 5588 3454 5643 hic"

1878 5660 2254 5730 subjicicmns.

3061 5769 3140 5830 28
