3832 6198
413 346 514 411 831

1398 310 1482 407 s.‘
1512 341 1926 407 NICEPHORI
1964 337 2466 403 PATltIARCHzE
2501 338 2610 400 αι).

3544 326 3647 390 892

416 468 621 521 litatem
668 465 793 520 vita:
849 472 1009 535 atque
1040 464 1365 533 optimarum
1392 462 1977 532 leguminstitutionem

2080 455 2390 525 ἀνθρώποις
2437 456 2552 517 τοῖς
2603 450 2773 507 πάλαι
2823 449 2921 503 καὶ
2974 446 3070 504 νῦν
3126 445 3389 517 τυγχάνει
3420 444 3669 535 ἅπασιν,-

413 554 592 618 an‘ert,
631 563 687 609 et
749 554 815 608 ad
865 552 918 609 id
977 553 1117 622 quod
1148 552 1214 607 de
1258 553 1483 622 imperio
1509 552 1684 607 adhuc
1732 559 1979 620 superest

416 643 669 698 tuendum
685 657 1011 712 magnopere
1030 643 1280 712 pertinet.
1297 641 1483 712 Neque
1499 643 1641 698 enim
1665 643 1979 710 ignoramus

416 732 617 787 nullum
642 747 873 802 unquam
904 732 1187 801 imperium
1228 732 1367 795 lore,
1399 733 1541 801 quod
1591 747 1715 786 cum
1770 732 1979 787 duobus

416 823 521 875 illis
578 821 815 876 conferri
860 825 1049 892 possit.
1080 823 1256 893 Atque
1288 824 1416 877 illud
1445 823 1596 877 nefas
1651 837 1771 878 esse
1818 824 1976 888 duco,

416 914 555 965 inter
602 926 740 981 quos
776 912 1061 979 prudentia
1092 924 1254 982 atque
1296 913 1525 968 consilio
1584 924 1768 968 mutua
1818 914 1979 968 bene-

413 1001 646 1057 volentia
687 1011 744 1057 ει
803 1002 1042 1058 amicitia
1106 1004 1419 1058 conﬁrmari
1469 1006 1662 1073 possit,
1694 1019 1789 1058 eos
1826 1018 1976 1057 arma

414 1094 516 1149 sibi
552 1096 778 1150 invicem
810 1094 1014 1151 inferre
1048 1110 1111 1150 ac
1144 1095 1417 1166 subjectos
1455 1096 1558 1150 sibi
1598 1096 1821 1166 populos
1861 1094 1979 1150 sine

414 1200 573 1241 causa
626 1185 964 1240 detrimentis
1016 1185 1253 1242 allicere.
1310 1187 1389 1240 Ex
1437 1202 1544 1256 quo
1585 1187 1716 1256 quid
1762 1188 1976 1241 tandem

414 1277 667 1331 accidet?
702 1276 958 1331 nituit-nm
984 1277 1029 1331 si
1068 1278 1413 1332 concordiam
1452 1279 1595 1331 inter
1624 1293 1719 1331 vos
1770 1292 1978 1345 pacem-

414 1382 520 1435 que
550 1367 903 1433 stabilieritis,
935 1370 1151 1438 utrique
1207 1368 1418 1423 caeteris
1466 1367 1771 1423 hominibus
1809 1368 1978 1421 multo

416 1458 687 1513 feliciores
707 1467 762 1512 et
795 1467 907 1513 toto
939 1460 1332 1527 vitastcmpore
1380 1459 1568 1527 majori
1597 1460 1649 1512 in
1699 1459 1979 1529 splendore

415 1557 473 1602 et
491 1547 731 1602 omnium
772 1548 1134 1603 admiratione
1174 1548 1361 1615 eritis,
1407 1565 1471 1603 ac
1534 1548 1769 1603 laborem
1830 1549 1975 1603 illum

416 1652 708 1707 curamque
739 1654 859 1694 cum
894 1639 1077 1708 quiete
1102 1649 1154 1694 ct
1178 1641 1290 1694 otio
1311 1642 1734 1697 commutabitis.
1767 1641 1861 1695 Sin
1896 1641 1980 1696 his

414 1730 738 1798 contemptis
756 1744 819 1783 ac
846 1729 1062 1798 rejectis
1084 1744 1267 1798 pacem
1297 1730 1452 1800 longe
1474 1730 1974 1800 prmstantissimum

418 1821 617 1873 bonum
671 1820 951 1888 repudiare
1002 1819 1326 1886 malueritis,
1371 1820 1505 1874 nihil
1564 1834 1626 1874 ea
1692 1836 1797 1885 res,
1848 1820 1977 1874 mihi

416 1908 639 1974 credite,
669 1909 819 1982 vobis
864 1911 1113 1976 utilitatis
1148 1911 1355 1964 alleret.
1380 1910 1484 1964 Sed
1541 1911 1643 1979 12
1690 1926 1811 1964 cum
1878 1911 1977 1965 ho-

418 1998 594 2053 stilem
644 2009 828 2055 mutuo
872 2001 924 2054 in
978 2017 1071 2057 vos
1093 2002 1331 2055 animum
1387 2016 1454 2056 ac
1500 2000 1822 2056 discordiam
1868 2016 1983 2055 sus-

394 2089 696 2160 .ceperitls,
731 2090 1126 2160 quamplurima
1190 2090 1343 2146 vobis
1389 2090 1549 2156 bella,
1596 2090 1739 2156 quod
1807 2090 1979 2159 ipsum

420 2178 656 2233 immane
703 2196 767 2235 ac
814 2181 1188 2236 detestandum
1216 2190 1321 2248 est,
1357 2181 1729 2237 consciscetis.
1759 2181 1837 2236 Ac
1868 2191 1978 2235 tum

414 2270 626 2324 sudoris
660 2278 716 2325 et
760 2271 982 2337 laboris,
1016 2280 1075 2326 ut
1116 2281 1360 2341 apparet,
1394 2272 1682 2341 plurimum
1733 2271 1977 2339 capietis,

423 2370 531 2413 tum
559 2348 848 2429 corporum
888 2378 951 2417 ac
981 2365 1329 2431 pecuniarum
1360 2362 1834 2418 innumerabilium
1891 2361 1980 2431 ja-

419 2463 625 2503 cturam
650 2448 883 2507 facietis.
922 2453 1071 2518 Et,ut
1105 2469 1211 2510 uno
1236 2453 1399 2508 verbo
1423 2453 1622 2519 dtcam,
1647 2467 1856 2509 summa
1888 2467 1980 2509 ca-

421 2540 663 2596 lamitate
689 2542 810 2596 belli
840 2544 994 2598 nobis
1021 2544 1177 2599 istius
1228 2544 1409 2599 exitus
1443 2543 1752 2610 constabit;
1794 2542 1979 2613 cujus-

422 2632 564 2685 modi
600 2633 651 2687 in
708 2636 993 2703 praesentia
1039 2636 1238 2690 intueri
1296 2637 1570 2704 potestis:
1611 2650 1737 2690 nam
1786 2649 1817 2688 a
1873 2648 1980 2703 quo

422 2731 663 2791 tempore
688 2722 986 2778 Romanum
1029 2725 1315 2795 imperium
1359 2725 1635 2794 ingressus
1660 2739 1802 2791 sum,
1828 2732 1978 2779 atru-

417 2813 632 2868 cissinia
650 2830 877 2884 quisque
905 2815 1035 2870 vidit
1060 2832 1122 2870 ac
1147 2831 1460 2885 perpessum
1485 2824 1589 2871 est.
1613 2814 1979 2881 Quamobrem

420 2905 685 2972 reliquum
717 2905 820 2959 erit
842 2915 900 2958 ut
930 2920 1108 2959 rerum
1136 2906 1471 2974 publicarum
1503 2914 1810 2961 vestrarum
1843 2904 1979 2961 infe-

416 2993 708 3047 iicissimus
737 2995 807 3049 sit
837 3003 1011 3050 status
1038 3009 1103 3049 ac
1121 2995 1609 3063 deploratissimus.
1642 3014 1662 3049 ι
1700 2994 1796 3052 His
1814 2996 2011 3052 dictis.

412 3083 790 3179 jusjurandum
820 3085 1040 3179 insuper
1068 3083 1281 3153 adjecit,
1321 3100 1645 3179 magnopere
1678 3087 1895 3141 studere
1917 3101 1977 3142 se
2002 3116 2047 3179 ο

419 3182 476 3226 ιιι
525 3172 755 3227 Romani
790 3187 853 3227 ac
894 3170 1073 3229 Persae
1099 3176 1247 3244 pacis
1282 3176 1427 3253 inter
1455 3190 1514 3230 se
1550 3175 1726 3232 lmdus
1754 3176 1975 3232 inirent.

417 3262 497 3335 Ad
546 3261 659 3316 haec
707 3262 1005 3331 imperator
1038 3264 1111 3317 ita
1141 3264 1406 3318 iacturum
1438 3279 1497 3320 se
1543 3266 1859 3336 pollicetur;
1885 3265 1980 3322 sed

416 3366 601 3423 eorum
645 3366 764 3420 qua:
787 3353 1142 3423 jurejurando
1168 3352 1487 3409 continuata
1516 3367 1672 3411 erant
1706 3355 1861 3411 [idem
1885 3355 1982 3410 ali-

416 3455 579 3509 quam
629 3439 929 3495 faciendam
975 3457 1096 3498 esse
1148 3443 1314 3509 dixit,
1381 3445 1574 3499 iisdem
1618 3444 1725 3499 illis
1788 3453 1980 3513 sponte

416 3533 741 3588 Cbrosroeni
768 3548 1141 3591 assensurum.
1170 3534 1445 3590 AtSaitus
1481 3554 1495 3590 :
1537 3554 1557 3588 ι
1609 3536 1664 3590 Si
1709 3536 1863 3599 inibi,
1894 3538 1982 3590 in-

417 3624 553 3691 quit,
587 3625 829 3689 creditis,
864 3624 1066 3690 legatus
1113 3640 1323 3678 mecum
1367 3641 1430 3678 ea
1463 3624 1529 3679 de
1567 3639 1627 3678 re
1677 3625 1743 3678 ad
1776 3624 1979 3680 Chres-

419 3726 563 3766 roem
601 3713 863 3767 mittetis:
902 3728 1001 3768 nec
1031 3714 1219 3769 dubito
1256 3716 1385 3783 quin
1428 3716 1494 3769 ad
1532 3729 1705 3769 meam
1764 3726 1981 3770 senten-

419 3802 545 3855 tiam
598 3804 837 3867 accedat,
866 3798 936 3857 ita
993 3813 1170 3858 tamen
1192 3807 1236 3859 si
1272 3815 1327 3860 et
1373 3806 1650 3862 nobiscum
1691 3805 1865 3862 fmdus
1894 3820 1979 3861 so-

415 3887 573 3942 cietis
608 3898 663 3941 et
712 3889 765 3943 in
798 3900 1072 3957 posterum
1105 3906 1291 3959 pacem
1335 3892 1544 3948 lirmam
1597 3910 1662 3950 ac
1707 3895 1975 3950 sinceram

415 3978 757 4034 custodiatis.
792 3997 813 4031 ι

485 4157 763 4214 Heraclius
799 4157 992 4213 blanda
1047 4157 1149 4214 hac
1179 4160 1426 4216 oratione
1463 4159 1720 4215 delinitus
1771 4160 1978 4229 prolixe

416 4247 600 4303 omnia
641 4245 1009 4317 perfecturum
1073 4262 1134 4304 se
1162 4263 1284 4325 esse
1332 4250 1598 4320 promisit.
1629 4249 1704 4303 lta
1749 4248 1977 4305 consilio

414 4337 620 4403 habito,
645 4337 995 4394 vehementer
1050 4354 1112 4394 ea
1174 4354 1259 4394 res
1308 4340 1632 4409 patriarcha:
1673 4338 1738 4396 ac
1803 4338 1972 4408 magi-

2075 546 2155 609 είς
2184 546 2229 578 ³⁸
2257 562 2317 598 τε
2346 547 2445 615 τῆς
2470 544 2617 613 ζωῆς
2645 560 2705 597 τε
2732 543 2836 613 τῆς
2868 541 3101 603 εύκτέας
3131 539 3229 592 καὶ
3255 534 3647 607 εύγνωμουμέ-

2074 654 2172 707 νης
2203 635 2545 701 αἰτιώτατον,
2572 634 2668 689 καὶ
2697 634 2775 705 τῷ
2797 633 3041 704 περιόντι
3065 632 3164 701 τῆς
3186 629 3467 695 ἔξουσίας*
3507 643 3647 694 συμσ

2076 727 2416 798 παραμένειν
2454 726 2513 779 δὲ
2569 727 2632 779 τὸ
2687 727 2790 796 τῆς
2841 722 3170 794 συμϐάσεως
3229 718 3477 790 μέγεθος.
3529 710 3642 769 Καὶ

2075 819 2189 891 γὰρ
2220 820 2381 888 ῐσμεν
2409 818 2486 882 ὡς
2526 819 2733 888 ἥκιστα
2762 820 2882 881 ταῖς
2905 814 3178 881 ἐξουσίαις
3202 812 3267 884 δὴ
3302 812 3347 843 ⁸⁸
3374 807 3483 880 (29)
3505 806 3639 860 ταύ-

2074 926 2196 972 ταις
2226 907 2524 978 ἐφάμιλλος
2550 907 2798 960 πολιτεία
2822 905 3020 975 φανείη
3051 905 3117 958 ἂν
3147 901 3391 956 πιῖιποτε.
3427 898 3504 952 Οθ
3533 896 3646 967 γὰρ

2074 997 2241 1061 ὅσιον,
2269 997 2444 1069 παρὸν
2472 997 2815 1068 ἐπιφροσύνῃ
2847 997 2942 1049 καὶ
2969 993 3226 1063 εἰσουλίᾳ
3242 992 3561 1062 χρωμένους
3588 987 3650 1040 τὸ

2075 1085 2266 1140 εὔνουν
2303 1087 2402 1140 καὶ
2446 1086 2623 1155 φίλιον
2651 1088 2734 1149 είς
2764 1086 3027 1157 ἀλλήλους
3078 1081 3475 1155 κρατύνασθαι,
3507 1077 3649 1132 ὅπλα

2076 1176 2197 1229 κατ’
2222 1175 2470 1246 ἀλλήλων
2516 1175 2769 1245 αἴρεσθαι
2811 1177 2905 1229 καὶ
2948 1173 3247 1244 πημαίνειν
3296 1171 3399 1223 οὐκ
3431 1170 3491 1222 ἰν
3519 1168 3646 1236 δίκῃ

2076 1267 2171 1319 καὶ
2212 1265 2417 1319 κακοῦν
2466 1265 2530 1318 τὸ
2560 1266 2823 1335 ὑπήκοον.
2868 1263 2960 1328 Ἐξ
2986 1256 3061 1317 ὦν
3093 1263 3146 1315 τί
3194 1260 3530 1330 συμϐαίνεις
3582 1256 3647 1309 Ei

2080 1358 2179 1428 μὲν
2229 1358 2290 1409 τὸ
2336 1356 2661 1427 ὁμόγνωμον
2713 1356 2809 1409 καὶ
2840 1354 3117 1425 εἰρηνικὸν
3156 1352 3423 1423 θήσεσθε,
3463 1346 3649 1401 εὐδαί-

2079 1447 2218 1516 μονά
2247 1464 2306 1499 τε
2332 1448 2596 1518 ἑκάτερον
2627 1446 2782 1516 ὑμῶν
2810 1446 2922 1498 τῶν
2969 1445 3143 1500 ἄλλων
3172 1441 3479 1513 ἀνθρώπων
3513 1438 3650 1509 μᾶλ-

2040 1526 2043 1533 ’
2076 1538 2167 1591 λον
2201 1537 2461 1608 ὑπάρξαι,
2505 1536 2781 1608 ζηλωτούς
2808 1554 2868 1590 τε
2905 1537 2999 1590 καὶ
3035 1535 3402 1601 ἁξιαγάστους
3433 1533 3518 1591 είς
3545 1530 3639 1581 τὸν

2077 1629 2291 1683 ἄπαντα
2315 1627 2430 1697 βίον
2460 1627 2774 1681 δείκνυσθαι
2805 1644 2821 1659 ο
2874 1628 2953 1689 είς
2979 1644 3039 1679 τε
3063 1626 3126 1678 τὸ
3152 1623 3395 1695 ᾶμοχθον
3428 1623 3527 1674 καὶ
3552 1617 3647 1672 εὖ-

2081 1717 2254 1787 θυμον
2285 1718 2313 1770 ὁ
2348 1716 2510 1779 πόνος
2541 1716 2596 1769 δὲ
2633 1718 2762 1787 ὑμῖν
2794 1718 3018 1787 φροντὶς
3059 1716 3106 1748 ³⁸
3138 1715 3554 1784 περιστήσεται.
3586 1710 3647 1762 ΕΞ

2013 1786 2055 1840 Β
2081 1809 2126 1863 δ’
2154 1786 2224 1862 αὖ
2252 1826 2317 1877 γε
2362 1808 2521 1861 ταυτὶ
2554 1807 2892 1878 μεθιέμενοι,
2933 1808 3030 1860 καὶ
3071 1806 3257 1877 ἡλίκον
3294 1799 3407 1858 οἷον
3440 1800 3648 1869 ἀγαθὸν

2080 1900 2303 1969 εἰρήνην
2332 1899 2578 1952 ἐκποδὼν
2611 1898 2940 1969 ποιήσασθαι
2962 1898 3147 1951 ἑλέσθε
3169 1897 3234 1928 ’τ’
3270 1898 3367 1949 καὶ
3393 1895 3554 1947 οὐδὲν
3566 1894 3647 1945 ὅτι

2079 1990 2401 2061 ὀνησιφόρον
2426 1988 2743 2058 λογίσασθαι
2769 1990 2899 2059 ύμῖν
2924 1986 3090 2051 οῐσον,
3119 1988 3446 2058 δυσμένειαν
3467 1983 3640 2052 δὲτὴν

2079 2082 2161 2143 είς
2180 2081 2451 2148 ¹ἀλλήλους
2475 2080 2571 2132 καὶ
2603 2079 2663 2131 τὸ
2696 2078 2944 2149 ἔχθιστον
2965 2077 3354 2149 ἀνθῃρημένοι,
3392 2074 3638 2141 πολέμων

2083 2171 2182 2241 μὲν
2211 2172 2288 2235 ὼς
2339 2171 2633 2231 πλείστων.
2682 2170 2820 2240 ὅπερ
2864 2169 3076 2239 ἀπηχὲς
3120 2169 3164 2201 ³⁸
3197 2169 3294 2221 καὶ
3326 2164 3645 2233 ἀπώμοτον,

2081 2262 2362 2334 παραίτιοι
2395 2260 2724 2331 γενήσεσθε,
2779 2260 2984 2331 ἱδρώτᾶ
3022 2277 3080 2314 τε
3116 2259 3213 2312 καὶ
3242 2258 3444 2319 πόνους
3474 2254 3557 2317 ὥς
3584 2252 3646 2306 τδ

2079 2351 2226 2414 εἰκὸς
2247 2351 2504 2405 ἁνελέσθε
2531 2350 2575 2382 ³⁹
2607 2350 2902 2420 μεγίστους
2928 2393 2943 2417 ,
2969 2349 3140 2403 πολλὰ
3162 2349 3219 2402 δὲ
3248 2346 3480 2417 σώματα
3516 2359 3656 2414 προ·

2078 2444 2285 2512 ’ἱέμενοι
2308 2442 2672 2510 δαπανήσετε,
2691 2440 2993 2511 χρημάτων
3018 2457 3078 2493 τε
3095 2439 3362 2493 ἀνάλωσιν
3388 2436 3468 2500 ὡς
3498 2433 3650 2488 πλεί-

2081 2548 2212 2602 στην
2234 2531 2555 2602 ποιήσεσθε,
2590 2533 2683 2585 καὶ
2706 2530 3046 2597 ἁπαξαπλῶς
3083 2532 3166 2593 είς
3204 2530 3348 2599 μέγα
3381 2524 3562 2580 κακοῦ
3588 2523 3651 2578 τὸ

2077 2621 2173 2674 τοῦ
2203 2621 2442 2691 πολέμου
2468 2621 2598 2691 ὑμῖν
2632 2621 2806 2692 πέρας
2834 2618 2977 2691 ἡξει.
3027 2615 3129 2674 Οἷα
3151 2619 3216 2689 δὴ
3249 2618 3343 2672 καὶ
3373 2616 3474 2669 νῦν
3512 2615 3650 2685 ὁρᾷν

2079 2708 2209 2778 ὑμῖν
2239 2708 2522 2779 πάρεστιν,
2542 2709 2636 2776 ἀφ’
2662 2702 2737 2762 ὧν
2765 2709 2943 2778 ἔγωγε
2968 2709 3045 2772 είς
3077 2709 3180 2779 τὴν
3221 2704 3515 2775 Ῥωμαίων
3532 2704 3650 2756 εισ-

2080 2795 2261 2863 6αλὼν
2291 2800 2425 2869 γῆν,
2481 2798 2551 2851 τὰ
2594 2799 2879 2854 δεινότατα
2922 2795 3036 2852 εἶδε
3066 2794 3491 2851 καὶνπέπονθεν.
3535 2794 3653 2847 Ἐνο

2077 2887 2268 2941 τεῦθεν
2295 2883 2390 2942 οὖν
2429 2887 2732 2958 λελείψεται
2764 2889 2832 2942 τὰ
2862 2889 2973 2942 τῶν
2999 2886 3284 2941 πολιτειῶν
3320 2883 3653 2956 οἰκτρότατα

2078 2978 2171 3032 καλ⁹
2229 2976 2539 3032 ἀθλιώτατα
2591 2978 2984 3033 διακείσεσθαι.
3060 2997 3079 3030 ι
3134 2975 3322 3031 Ταῦτα
3371 2975 3655 3044 διώμνυτο

2077 3064 2250 3134 λέγων
2276 3065 2438 3129 αὐτὸς
2463 3066 2555 3119 καὶ
2576 3066 2651 3129 ὡς
2669 3068 2728 3119 ὲν
2743 3067 2946 3137 σπουδῇ
2971 3065 3218 3120 τίθεσθαι
3244 3065 3344 3127 τὰς
3368 3063 3653 3128 πολιτείας

2089 3156 2375 3227 Ῥωμαίων
2416 3173 2478 3209 τε
2521 3158 2616 3211 καὶ
2660 3157 2887 3227 Περσῶν
2934 3159 3015 3221 εἰς
3054 3157 3118 3211 τδ
3166 3157 3235 3213 τὰ
3292 3155 3653 3226 συμϐατήρια

2077 3249 2253 3319 ἥκειν.
2278 3245 2468 3302 Ταῦτα
2482 3247 2706 3318 ἐπιτελῆ
2731 3249 2777 3281 ⁸⁸
2802 3249 2915 3319 (50)
2934 3251 3182 3319 ποιήσειν
3195 3250 3291 3317 ὅτε
3317 3246 3648 3317 ἀπήγγελτο,

2078 3340 2174 3391 καὶ
2202 3338 2276 3402 ώς
2299 3338 2407 3391 τῶν
2430 3338 2839 3409 ὀμωμοσμένων
2860 3337 2931 3391 τὰ
2953 3339 3122 3391 πιστὰ
3144 3337 3261 3408 δοίη
3288 3336 3647 3409 προσφέρειν,

2076 3427 2160 3480 ὅτι
2190 3444 2253 3496 γε
2281 3426 2345 3498 δὴ
2384 3426 2558 3481 ταῦτα
2580 3426 2659 3498 τῷ
2687 3426 2902 3498 Χοσρόῃ
2937 3426 3252 3497 βουλομένῳ
3283 3426 3515 3499 αἱρετέα
3535 3425 3643 3495 είη.

2082 3535 2102 3569 ι
2148 3517 2217 3570 El
2255 3533 2308 3570 τι
2360 3514 2456 3571 οὖν
2506 3535 2638 3588 μοι,
2675 3518 2851 3587 φησὶ,
2882 3516 3137 3571 πείθεσθε
3162 3556 3179 3582 ,
3232 3516 3415 3587 ἔχοιτε
3448 3514 3649 3570 αὐτίκα

2076 3607 2143 3677 δὴ
2187 3608 2228 3639 ⁸³
2268 3608 2414 3678 μάλα
2463 3611 2591 3671 τοὺς
2637 3608 2713 3671 ὡς
2756 3608 3004 3678 Χοσρὸην
3060 3606 3574 3678 πρεσϐευσομένους
3602 3605 3646 3636 ⁵³

2076 3698 2271 3752 τούτου
2322 3699 2478 3769 ἕκητι
2507 3698 2627 3768 ἅμα
2654 3698 2778 3768 ἐμοὶ
2803 3699 3165 3769 ἑκπέμποιτε.
3202 3697 3473 3767 Πεισθείη
3506 3696 3553 3750 δ’
3582 3695 3645 3748 ἄν

2081 3808 2172 3861 μοι
2205 3791 2300 3845 καὶ
2337 3791 2522 3856 αὐτὸς,
2568 3786 2629 3845 εὖ
2661 3787 2806 3859 οἴδα,
2829 3792 2911 3855 είς
2944 3789 3107 3845 τοῦτο
3137 3790 3369 3861 γνώμης
3394 3786 3649 3844 καθιστᾶν-

2080 3896 2262 3949 μενος.
2305 3879 2602 3934 Σπείσεσθε
2636 3880 2759 3950 μεθ’
2806 3880 3000 3951 ὑμῶν,
3047 3881 3143 3934 καὶ
3182 3880 3287 3951 τὴν
3329 3880 3560 3952 εἰρήνην
3587 3879 3649 3932 τδ

2076 3968 2261 4022 λοιπὸν
2289 3971 2348 4032 ες
2368 3968 2459 4022 τὸν
2474 3968 2690 4025 ἃπαντα
2709 3970 2898 4043 χρόνον
2920 3968 3143 4040 βεϐαίαν
3168 3986 3226 4023 τε
3255 3971 3352 4024 καὶ
3372 3970 3647 4041 ἀκραιφνῆ

2075 4060 2321 4129 καταστῇ
2330 4059 2510 4114 σεσθε.
2551 4078 2572 4111 ι

2146 4169 2407 4236 Βασιλεὺς
2435 4171 2492 4225 δὲ
2527 4171 2845 4244 Ἡράκλειος
2876 4174 3001 4226 ἐπεὶ
3032 4172 3179 4227 τοῦτ’
3209 4166 3304 4227 οὗν
3330 4171 3643 4232 ἐπέπειστο,

2073 4256 2152 4327 τῷ
2182 4261 2445 4329 προσηνεῖ
2473 4260 2568 4314 καὶ
2600 4259 2907 4331 θελκτηρίῳ
2936 4260 3049 4315 τῶν
3073 4260 3248 4328 λόγων
3282 4259 3646 4331 συνηδόμενος

2073 4348 2170 4400 καὶ
2198 4348 2698 4420 κατακηλούμενος,
2727 4350 2997 4421 ὑπέσχετο
3024 4352 3104 4414 είς
3134 4351 3353 4408 ἅπαντα
3380 4350 3650 4420 πράσσειν

412 4428 675 4483 stratibus
725 4427 943 4493 placuit,
972 4429 1131 4498 eique
1151 4431 1529 4497 promovenda:
1576 4443 1740 4498 opera
1792 4427 1971 4485 omnis

2079 4436 2399 4507 ἑτοιμότατά
2429 4454 2488 4491 τε
2526 4439 2620 4492 καὶ
2653 4439 3049 4495 σπουδαιότατα
3068 4455 3083 4470 ·
3103 4441 3198 4493 καὶ
3224 4434 3309 4503 οἷς
3330 4438 3649 4494 ἑὸουλεύετο

412 4517 670 4573 adhibita.
730 4518 912 4584 Quare
977 4516 1078 4588 13
1147 4518 1303 4585 legati
1366 4517 1510 4575 illico
1585 4519 1967 4587 decernuntur,

294 4676 301 4681 _
411 4608 689 4680 Olympius
708 4609 958 4678 praetorio
978 4617 1033 4663 et
1047 4608 1303 4663 Leontius
1324 4609 1444 4664 urbi
1470 4609 1779 4679 praefectus,
1826 4612 1973 4665 Ana-

412 4699 611 4756 stasius
636 4698 858 4768 majoris
883 4697 1231 4767 templi,quod
1257 4697 1471 4767 Sophia:
1488 4699 1804 4768 appellatur,
1824 4713 1972 4755 uaco-

413 4805 623 4857 nomus,
679 4805 802 4847 cum
862 4789 946 4846 bis
1010 4787 1213 4855 Saitus,
1259 4790 1503 4846 abductis
1560 4806 1593 4844 a
1638 4789 1979 4879 Chalcedone

2077 4526 2281 4582 τούτων
2319 4528 2447 4597 πέρι
2486 4530 2858 4601 συνέπραττον
2881 4548 2941 4585 τε
2981 4532 3219 4602 μάλιστα
3250 4530 3348 4586 καὶ
3386 4529 3651 4600 συνῄνουν

2078 4622 2109 4672 ὁ
2151 4619 2484 4692 ίερομύστης
2512 4637 2574 4673 τε
2612 4621 2705 4675 καὶ
2734 4622 2785 4675 el
2813 4624 2874 4675 ὲν
2896 4620 3124 4677 sint“.
3154 4623 3269 4677 Καὶ
3305 4623 3390 4675 ὅτι
3416 4621 3655 4688 τάχιστα

2077 4711 2127 4763 οί
2206 4710 2759 4782 διαπρεσϐευσὸμενοι
2817 4712 2864 4745 ⁸⁸
2925 4713 3270 4782 ἐξελέγοντο,
3349 4710 3648 4781 Ὀλύμπιος

2086 4796 2186 4866 μὲν
2228 4797 2342 4867 (Si)
2378 4800 2406 4853 ὁ
2437 4800 2538 4871 τὴν
2568 4801 2678 4854 τῶν
2720 4801 2984 4873 ὑπάρχων
3011 4800 3122 4873 τῷν
3164 4801 3523 4874 πραιτωρίων
3567 4798 3649 4851 δι-

1717 4966 1951 5023 VARIAS
1983 4968 2385 5029 LECTIONES.

517 5107 561 5140 ⁸⁵
583 5104 663 5171 είς
685 5104 1116 5186 ]_£'rt.._Pe_ta_vius1
1188 5110 1234 5186 ff
1251 5109 1317 5186 δὴ
1343 5109 1615 5186 Petavius,
1645 5110 1727 5186 δεῖ
1751 5110 1793 5167 P
1824 5111 1966 5186 ιρᾲνη
1994 5112 2096 5186 κᾶν
2114 5112 2155 5186 P
2187 5115 2467 5186 :_cort_'exit
2495 5116 2548 5170 in
2579 5117 2820 5186 margine
2849 5116 3122 5175 Petavius.

3239 5118 3287 5152 ³⁸
3314 5135 3374 5172 τε
3405 5118 3533 5172 ύιιῖν
3553 5116 3653 5171 καὶ

414 5179 446 5252 ᾖ
470 5175 732 5252 φροντίς
779 5176 848 5252 ,³⁷
876 5177 1118 5252 ἑλεϊσθεῖ
1189 5179 1236 5252 _”
1264 5175 1475 5252 ἀπηνὲς
1497 5175 1772 5252 Petavius.
1835 5175 2233 5252 πανελεϊσθεῖ
2301 5183 2350 5216 δ’
2375 5186 2469 5239 ἐπὶ
2498 5186 2642 5240 τέλει
2666 5175 2740 5241 Ρ”ε
2769 5202 2913 5244 ωιτ.
2944 5187 3211 5243 Petavius.
3289 5187 3332 5220 δ’
3364 5175 3649 5242 πείθεσθαι

413 5245 617 5328 ἔχοιτε,
630 5317 642 5328 ι
665 5245 865 5328 αὐτίκα
891 5245 950 5328 6‘s
969 5275 1033 5286 —
1053 5245 1402 5328 ’ἐκπέμποιτέ
1423 5251 1694 5323 (πεισθείη
1711 5280 1781 5293 --
1818 5251 2264 5323 καθιστάμενος),
2293 5254 2617 5309 σπείσεσθεῖ
2690 5258 2737 5289 ⁶²
2769 5256 3290 5328 πρεσσευσαμένους
3317 5257 3381 5313 Ρ.
3459 5256 3503 5287 ⁸⁸
3529 5256 3557 5309 ό
3580 5255 3646 5309 ἑν

411 5308 475 5372 τῖ’
492 5318 532 5373 Ρ
599 5308 650 5349 ⁷⁵⁸
672 5308 1229 5401 διαπρεοτσευσάμενοὶ
1258 5316 1299 5370 Ρ

1765 5414 1940 5472 ΡΕΤΑ
1950 5416 2039 5473 νιι
2069 5414 2299 5474 ΝΟΤΕ.

486 5548 599 5618 (29)
647 5547 991 5633 ἐξουσίξιις
1018 5545 1413 5633 §e7.'Melt_dpsa
1452 5548 1567 5633 haec
1600 5560 1749 5616 sunt,
1782 5561 1842 5607 ut
1877 5553 1978 5608 alia

416 5615 685 5688 pleraque.
738 5619 862 5688 Leg.
888 5617 950 5688 δή
981 5616 1286 5688 ιιι-φαίνοιτ’
1309 5615 1376 5671 ἂν
1405 5617 1640 5673 πώποτε.

493 5686 605 5756 (50)
648 5686 832 5742 Ταῦτά
861 5686 956 5743 ἐπὶ
993 5686 1168 5742 τέλει.
1220 5686 1403 5757 Neque
1454 5688 1567 5745 btet:
1610 5691 1868 5746 saniora:
1920 5707 1984 5747 ex

2088 5554 2281 5624 quibus
2306 5564 2486 5610 tamen
2503 5571 2819 5624 germanum
2839 5571 3059 5615 sensum
3080 5558 3297 5613 odorari
3320 5558 3650 5613 studuimus.

2169 5622 2646 5697 (δυλολύμξτιος
2668 5626 2803 5697 μέν.
2841 5626 3004 5697 Iidem
3033 5627 3187 5695 plane
3218 5639 3561 5687 recensentur
3590 5626 3651 5697 in

2095 5693 2244 5758 Alex,
2269 5692 2476 5750 Chron.
2520 5695 2574 5750 in
2618 5692 2842 5766 cpistola
2875 5692 3105 5753 Heraciii
3132 5697 3199 5752 ad
3227 5696 3546 5753 Chrosruen.
3574 5695 3649 5745 At
