4024 6214
365 275 464 338 921

1315 290 1415 351 DE
1451 292 1704 356 REBUS
1739 295 1926 360 POST
1965 299 2414 366 MAURICIUM
2452 305 2742 367 GESTIS.

3521 311 3628 374 922

371 383 598 447 Ἄλλους
621 385 642 415 ²
669 402 728 438 τε
755 385 981 441 τοιαῦτα
1012 388 1278 460 tractato
1306 394 1641 463 πράξαντας,
1668 398 1760 452 καὶ
1784 400 1942 455 αὐτὸν

2050 406 2359 464 insimulari
2411 411 2963 468 contendit.-Contra
3017 412 3316 482 imperator
3369 416 3625 485 gentilent

369 475 551 545 μάτην
580 475 721 545 ὑπὲρ
758 477 964 530 τούτων
999 478 1406 551 ἐγκαλούμενον
1437 485 1764 557 ίσχυρίζετο.
1805 489 1864 542 'U
1887 490 1946 544 δὲ

370 565 613 633 Ἕλληνα
671 567 764 619 τὸν
823 568 1042 638 Κῦρον,
1080 571 1348 626 ἀπεκάλει
1421 574 1499 637 ὡς
1554 557 1778 649 Ἕλληνι
1853 581 1946 634 καὶ¹

368 655 626 727 θεομάχῳ
696 658 792 712 καὶ
863 659 1007 714 κατὰ
1088 663 1434 733 Χριστιανῶν
1526 669 1808 740 φρονοῦντι
1867 671 1946 743 τῷ

370 745 608 815 ’Λμὸρῳ
647 746 724 816 τῷ
764 747 872 800 τῶν
920 749 1258 821 Σαρακηνῶν
1287 755 1549 830 φυλάρχῳ
1610 761 1948 830 συμϐουλεύ-

369 852 540 889 σαντα
569 838 671 906 τὴν
697 837 794 891 τοῦ
830 839 1102 908 βασιλέως
1143 847 1594 919 κατεγγυηθῆναι
1648 851 1942 923 θυγατέρα.

378 926 515 980 Ἐν³
541 928 751 993 τούτοις
824 927 919 984 οὖν
985 933 1375 1007 ἀγανακτήσας
1436 939 1559 993 κατ’
1601 943 1792 1007 αὑτοῦ,
1850 945 1946 999 καὶ

291 1073 307 1083 ._
365 1017 686 1108 ἀναιρήσειν
715 1021 974 1088 ἀπειλῶν,
1006 1023 1084 1094 τῷ
1113 1025 1212 1096 τῆς
1267 1029 1478 1095 πόλεως
1512 1033 1679 1088 αὐτὸν
1711 1036 1946 1108 ὑπάρχῳ

365 1107 443 1170 ὡς
477 1111 813 1182 αἰκισομένῳ
842 1115 1200 1184 παραδίδωσι.

435 1201 596 1254 Μετὰ
617 1202 774 1256 τοῦτο
795 1204 1034 1260 ἐδικαίου
1071 1208 1162 1263 τὸν
1208 1213 1322 1268 υίὸν
1361 1214 1680 1284 Ἡράκλειον
1707 1218 1946 1274 ὑπατεύ-

366 1311 482 1360 σαι,
523 1298 688 1352 Δαϐὶδ
722 1301 783 1354 δὲ
812 1300 834 1332 δ
875 1303 972 1356 καὶ
999 1306 1242 1376 Μαρῖνον
1277 1309 1388 1378 (78)
1416 1313 1546 1375 τοὺς
1596 1315 1746 1378 υίοὺς
1775 1317 1941 1370 αὐτοῦ

365 1389 655 1462 Καίσαρας
681 1392 1072 1463 ἀνηγόρευσεν,
1103 1399 1482 1467 Δύγουστῖναν
1510 1404 1567 1456 δὲ
1600 1405 1696 1458 καὶ
1727 1407 1942 1478 Μαρτί-

365 1497 463 1533 ναν
494 1482 594 1546 τὰς
624 1483 930 1555 θυγατέρας
960 1488 1301 1556 Αύγούστας.
1323 1493 1531 1564 Χρόνου
1562 1495 1621 1550 δὲ
1640 1497 1944 1562 διελθόντος

363 1571 510 1642 νόσῳ
538 1573 759 1645 ὑδερικῇ
791 1579 1135 1648 περιπίπτει,
1158 1582 1252 1634 καὶ
1277 1583 1421 1654 ὁρῶν
1455 1584 1518 1640 τὸ
1550 1585 1726 1650 πάθος
1753 1587 1943 1642 δυσία-

362 1679 460 1716 τον
505 1666 636 1733 (ἐπὶ
667 1665 895 1719 τοσοῦτο
939 1669 1051 1739 γὰρ
1079 1669 1449 1736 ἐπεξετείνετο
1471 1715 1486 1738 .
1532 1676 1607 1738 ὡς
1639 1679 1736 1731 καὶ
1774 1680 1940 1748 ἡνίκα

365 1753 631 1824 ἀπουρείν
665 1757 868 1826 ἤμελλε
899 1761 1088 1815 σανίδα
1132 1764 1273 1817 κατὰ
1305 1765 1401 1818 τοῦ
1435 1768 1602 1837 ἤτρου
1647 1771 1886 1824 ἐπετίθει
1920 1787 1935 1802 ·
1967 1756 2012 1812 Β

364 1845 662 1915 ἐστρέφετο
692 1850 802 1920 γὰρ
831 1852 997 1907 αὑτοῦ
1019 1855 1080 1910 τὺ
1104 1855 1322 1920 αἰδοῖον,
1350 1861 1602 1914 καὶκατὰ
1623 1861 1726 1915 τοῦ·
1749 1881 1932 1934 προσ-

360 1935 518 1996 ώπου
553 1940 720 1999 αὑτοῦ
756 1943 828 1998 τὰ
854 1942 992 2013 οὖρα
1017 1945 1266 2016 ἔπεμπεν
1293 1963 1308 1978 ⁸
1346 1950 1568 2022 ἐλεγχος
1601 1953 1659 2008 δὲ
1688 1950 1755 2025 ἦν
1783 1957 1940 2010 τοῦτο

360 2027 464 2098 τῆς
489 2033 836 2102 παρανομίας
862 2037 962 2106 τῆς
1021 2037 1240 2102 ἑαυτοῦ,
1274 2040 1413 2112 ὑπὲρ
1440 2039 1510 2114 ἧς
1549 2044 1752 2114 ταύτην
1783 2047 1940 2119 δίκην

362 2119 604 2189 ὑστάτην
656 2123 863 2196 ἐξέτισε
921 2127 1015 2182 τοῦ
1045 2131 1126 2192 είς
1170 2130 1270 2202 τὴν
1309 2134 1537 2204 ἀνεψιὰν
1575 2137 1674 2207 τὴν
1729 2140 1938 2194 οἰκείαν

362 2211 609 2283 γάμου),
647 2214 914 2286 διαθήκας
938 2214 1033 2274 οὖν
1073 2220 1502 2287 eisdem-£631:
1527 2228 1942 2284 Κωνσταντῖνον

363 2304 459 2358 καὶ
509 2304 830 2374 Ἡράκλειον
884 2313 1015 2374 τοὺς
1060 2313 1214 2376 υἱοὺς
1266 2315 1431 2368 αὑτοῦ
1467 2315 1712 2386 βασιλεῖς
1751 2320 1941 2391 ὁμοτί-

366 2413 504 2466 μους
526 2395 688 2464 εἶναι,
719 2401 819 2455 καὶ
854 2404 1141 2475 Μαρτῖναν
1174 2407 1273 2477 τὴν
1309 2407 1476 2461 αὐτοῦ
1507 2413 1744 2478 γυναῖκα
1773 2414 1938 2483 τιμᾶ-

365 2489 492 2542 σθαι
525 2493 656 2562 παρ’
691 2493 875 2547 αὐτῶν
925 2495 1002 2560 ὼς
1048 2497 1262 2569 μητέρα
1320 2500 1416 2552 καὶ
1460 2500 1802 2570 βασίλισσαν.
1845 2505 1940 2559 Ἐκ

361 2575 553 2634 τούτου
589 2580 776 2636 λοιπὸν
794 2582 905 2653 (79)
955 2585 1211 2642 ἐτελεύτα
1249 2585 1422 2657 ζήσας
1454 2589 1547 2661 ἔτη
1583 2590 1641 2658 ἐξ
1671 2593 1766 2645 καὶ
1813 2593 1940 2665 ἐξή-

363 2671 637 2734 novre,“
661 2670 720 2726 δὲ
765 2674 830 2743 τῇ
881 2672 1134 2746 βασιλείᾳ
1173 2675 1436 2740 διανύσας
1492 2679 1587 2750 ἐτη
1645 2682 1940 2751 τριάκοντα

365 2760 548 2828 μῆνας
577 2762 850 2834 τέσσαρας
869 2766 1086 2837 ἡμέρας
1120 2767 1200 2832 ἐξ.
1227 2768 1506 2823 ϐάπτεται
1537 2771 1597 2824 δὲ
1632 2775 1689 2826 ὲν
1708 2771 1786 2843 τῷ
1805 2773 1939 2844 ίερῷ

361 2849 473 2904 τῶν
514 2856 891 2926 πανευφήμων
940 2857 1303 2925 Ἀποστόλων,
1350 2861 1446 2914 καὶ
1479 2861 1656 2932 τρισὶν
1704 2863 1943 2935 ήμέραις

361 2945 635 3026 ἀσκεπὲς,
668 2945 861 3020 ὥσπερ
897 2944 966 3021 ἦν
1002 2951 1260 3018 διατάξας
1293 2952 1374 3005 ἔτι
1395 2954 1626 3024 περιὼν,
1652 2957 1720 3008 τὸ
1747 2957 1943 3011 ὑποδε-

362 3031 589 3104 ξόμενον
613 3036 780 3091 αὐτοῦ
813 3038 876 3092 τδ
927 3040 1085 3112 σῶμα
1117 3042 1351 3096 διετέλει
1401 3045 1596 3115 μνῆμα
1630 3047 1672 3111 ⁸,
1709 3064 1938 3119 περικα-

363 3124 621 3196 θημένων
655 3128 805 3199 αύτῷ
842 3130 1114 3202 εὐνούχων
1147 3133 1462 3203 ὑπηρετῶν.

433 3218 593 3272 Μετὰ
620 3219 780 3274 τοῦτο
811 3222 1068 3298 Μαρτῖνα
1128 3225 1162 3294 ή
1208 3224 1496 3292 Λύγοῦστα
1527 3225 1944 3298 ἐκκλησιάσασα

363 3313 460 3363 καὶ
487 3311 580 3364 τὸν
613 3313 744 3382 περὶ
770 3313 832 3368 τὸ
876 3315 1174 3378 Βυζάντιον
1205 3317 1358 3383 λαὸν,
1409 3319 1507 3381 τάς
1543 3317 1647 3390 [τε]
1678 3320 1942 3391 διαθήκας

375 3398 699 3470 Ἡρακλείου
717 3401 1032 3467 ὑπεδείκνυ,
1055 3403 1131 3468 ὡς
1157 3405 1284 3477 περὶ
1301 3407 1473 3476 αὐτῆς
1487 3409 1583 3460 καὶ
1604 3407 1712 3460 τῶν
1737 3409 1942 3462 τέκνων

363 3489 591 3544 διέθετο.
635 3492 694 3544 '0
727 3491 783 3546 δὲ
806 3492 997 3562 παρὼν
1029 3495 1176 3558 ἅπας
1210 3495 1382 3567 δῆμος
1410 3499 1818 3552 Κωνσταντῖνον
1847 3500 1942 3554 καὶ

375 3582 695 3655 Ἡράκλειον
708 3585 836 3649 τοὺς
861 3585 1102 3656 βασιλεῖς
1125 3587 1382 3659 ἐπεζήτει
1400 3602 1414 3618 °
1435 3589 1538 3659 ἠδὲ
1554 3585 1690 3661 ἦγεν
1719 3591 1937 3654 αὐτοὺς,

363 3675 460 3726 καὶ
497 3674 613 3745 ἆμα
639 3677 968 3746 διελογίζετο
1020 3679 1318 3750 νομίζουσα
1375 3679 1472 3733 ἆτε
1505 3681 1528 3712 ⁵
1553 3680 1843 3750 βασίλισσα
1872 3682 1942 3738 τὰ

363 3765 557 3835 πρῶτα
610 3768 692 3830 είς
745 3768 845 3840 τὴν
891 3769 1493 3846 βασιλείανκφέρεσθαι.
1531 3773 1690 3836 Τινές
1733 3773 1791 3827 δὲ
1841 3774 1939 3829 τοῦ

365 3861 703 3924 συνεστῶτος
769 3861 902 3920 λαοῦ
956 3864 1268 3933 άνεφώνουν
1320 3867 1457 3936 πρὸς
1515 3869 1684 3940 αὐτὴν
1740 3871 1825 3924 ὅτι
1862 3869 1938 3925 Σὺ

365 3951 469 4022 μὲν
516 3952 682 4024 τιμὴν
721 3952 866 4025 ἔχεις
909 3955 986 4020 ὡς
1034 3945 1218 4029 μήτηρ
1256 3957 1543 4027 βασιλέων,
1583 3954 1730 4015 οὗτοι
1763 3961 1820 4015 δὲ
1860 3960 1939 4027 ὡς

364 4043 607 4113 βασιλεῖς
637 4048 733 4099 καί
764 4047 1050 4102 δεσπόται.
1097 4049 1404 4120 Ἐξαίρετον
1439 4051 1499 4103 δὲ
1528 4051 1737 4105 ἐδίδουν
1766 4053 1936 4126 γέρας

364 4137 762 4210 Κωνσταντίνῳ
791 4139 872 4203 ὡς
923 4140 1129 4211 πρώτῳ
1160 4143 1241 4204 είς
1273 4141 1372 4212 τὴν
1423 4141 1702 4211 βασιλείαν
1747 4144 1892 4198 κατὰ
1914 4145 1936 4178 '

360 4227 464 4297 τὴν
502 4229 716 4300 ήλικίαν
767 4233 832 4284 ἐκ
861 4231 1052 4294 παιδὸς
1099 4231 1558 4302 προχειρισθέντι.
1599 4251 1619 4280 ι
1667 4232 1803 4286 Οὐδὲ
1825 4233 1938 4306 γὰρ

1963 3085 2010 3145 ϐ

2049 499 2197 554 illum
2227 515 2293 556 ac
2324 500 2420 557 Dei
2452 505 2660 560 hostem
2699 505 2992 574 appellare,
3031 506 3122 574 qui
3169 507 3431 561 adversus
3460 505 3624 561 Clu-i-

2046 591 2255 647 stianos
2279 595 2667 663 conspirasset,
2687 606 2743 651 et
2773 597 2841 652 de
2872 598 3219 665 imperatoris
3255 597 3360 651 [ilia
3391 596 3624 652 Sarace-

2047 698 2239 738 norum
2265 685 2497 755 principi
2539 684 2741 743 Omaro
2783 687 3168 758 despondenda
3198 689 3482 742 consilium
3524 691 3625 742 de-

2046 775 2238 834 disset.
2272 777 2420 834 inter
2450 779 2568 835 haec
2593 790 2780 836 contra
2817 781 2970 836 illum
3003 792 3384 851 exasperatus,
3434 793 3490 837 et
3533 781 3622 836 in-

2048 872 2402 928 teri‘ecturum
2419 888 2480 929 se
2501 874 2784 943 minitans,
2813 875 3068 945 praelecto
3091 876 3242 932 urbis
3264 876 3622 944 torquendum

2047 981 2111 1021 ac
2144 955 2498 1023 cruciaudum
2533 966 2776 1023 tradidit.

2114 1227 2218 1297 31
2246 1227 2438 1304 Postea
2463 1243 2592 1284 vero
2624 1228 2932 1285 Heraclium
2963 1231 3130 1286 ﬁlium
3157 1232 3428 1287 consulem
3464 1231 3614 1298 facit,

2044 1319 2302 1374 Davidem
2342 1330 2399 1376 et
2432 1319 2699 1374 Marinum
2727 1323 2862 1376 alios
2884 1323 3082 1378 liberos
3103 1324 3344 1378 Cmsares
3361 1325 3614 1393 appellat,

2044 1411 2400 1479 Augustinam
2425 1420 2480 1465 et
2500 1411 2788 1467 Martinam
2813 1412 2950 1468 ﬁlias
2972 1414 3263 1484 Augustas.
3287 1413 3414 1470 Inde
3446 1417 3616 1472 inter-

2045 1502 2186 1556 cutis
2222 1517 2376 1572 aqum
2405 1505 2597 1558 morbo
2621 1514 2908 1573 correptus
2937 1519 3058 1560 cum
3092 1506 3438 1576 desperatum
3472 1509 3616 1562 hunc

2044 1595 2272 1648 sentiret
2299 1595 2447 1663 (nam
2489 1609 2663 1663 usque
2719 1597 2856 1650 adeo
2910 1596 3258 1661 invaluerat,
3313 1608 3370 1650 ut
3401 1597 3617 1666 quoties

2044 1687 2247 1740 meiere
2281 1685 2460 1751 vellet,
2511 1686 2818 1740 ventriculo
2849 1699 3092 1740 asserem
3135 1687 3439 1755 imponeret
3475 1709 3487 1743 :
3536 1697 3618 1743 et-

2039 1777 2183 1831 enim
2208 1777 2498 1831 distortum
2528 1778 2836 1846 pudendum
2857 1777 3070 1832 urinam
3093 1793 3308 1832 sursum
3339 1780 3392 1833 in
3424 1779 3615 1833 [aciem

2041 1864 2352 1927 emittebat;
2389 1866 2534 1935 quod
2569 1867 2622 1920 in
2647 1867 2943 1936 perpetrati
2982 1868 3209 1923 sceleris
3231 1879 3615 1936 argumentum

2039 1964 2203 2023 atque
2233 1956 2471 2012 incestus
2493 1971 2708 2026 poenam
2738 1957 2998 2014 inﬂictum
3031 1971 3136 2023 est,
3164 1961 3303 2028 quod
3328 1963 3616 2017 consobri-

2039 2063 2164 2103 nam
2189 2063 2340 2103 suam
2371 2050 2425 2103 in
2448 2049 2853 2104 matrimonium
2880 2053 3228 2123 accepisset),
3256 2054 3420 2121 igitur
3448 2063 3618 2109 testa-

2040 2149 2280 2196 mentum
2334 2141 2522 2206 edidit,
2577 2156 2684 2210 quo
2735 2143 3154 2198 Constantinum
3195 2155 3252 2198 et
3310 2144 3615 2200 Heraclinm

2040 2231 2184 2288 ﬁlios
2219 2247 2350 2297 suos
2394 2248 2550 2300 atquo
2576 2231 2702 2300 jure
2750 2233 2996 2289 bae-redes
3042 2235 3256 2305 imperii
3308 2235 3613 2298 constituit,

2041 2325 2178 2379 adeo
2209 2333 2265 2378 ut
2290 2333 2517 2394 uterque
2549 2324 2835 2379 Martinam
2865 2326 3153 2395 coniugem
3183 2336 3616 2396 suamtanq—nam

2041 2426 2272 2471 matrem
2300 2426 2354 2470 et
2386 2417 2788 2486 imperatricem
2823 2417 3049 2472 coleret.
3099 2418 3307 2484 Quibus
3347 2419 3616 2473 ordinatis

2039 2516 2317 2576 postremo
2347 2508 2564 2560 tandem
2598 2506 2850 2572 moritur,
2875 2509 3052 2562 aetatis
3082 2523 3227 2562 anno
3247 2519 3436 2562 exacto
3453 2524 3614 2563 sexa-

2041 2599 2250 2669 gesimo
2275 2607 2432 2653 sexto
2455 2596 2570 2669 [οη.
2602 2597 2762 2670 6H],
2799 2598 3013 2668 imperii
3057 2600 3364 2665 tricesimo,
3393 2609 3617 2670 quarto-

2042 2705 2148 2761 que
2174 2691 2398 2760 insuper
2427 2705 2614 2746 mense
2642 2700 2697 2746 et
2721 2691 2809 2746 die
2839 2701 3014 2747 sexto.
3052 2692 3306 2761 Sepultus
3333 2703 3417 2747 est
3441 2694 3491 2747 in
3527 2708 3616 2746 ce-

2040 2781 2461 2838 leberrimorum
2493 2781 2880 2852 Apostolorum
2919 2781 3145 2851 templo,
3169 2797 3233 2835 ac
3255 2783 3438 2837 triduo
3463 2795 3620 2850 aper-

2044 2883 2157 2929 tum
2200 2873 2510 2942 sepulcrum
2569 2873 2794 2937 mansit,
2852 2881 2910 2927 ut
2957 2873 3075 2942 ipse
3119 2883 3398 2942 superstes
3439 2873 3618 2928 adhuc

2037 2963 2302 3036 iusserat,
2334 2962 2600 3019 ministris
2631 2963 2896 3018 eunuchis
2919 2963 3425 3020 circumstantibus.

2112 3232 2239 3288 inde
2272 3233 2502 3288 Martina
2531 3236 2772 3305 Augusta
2807 3232 3167 3303 Byzantinum
3207 3243 3422 3285 omnem
3452 3245 3620 3299 popu-

2043 3321 2150 3375 lum
2175 3336 2507 3386 convocans,
2526 3322 2761 3377 Heraclii
2812 3330 3200 3377 testamentum
3232 3330 3396 3388 atque
3429 3329 3618 3374 extre-

2043 3425 2186 3463 mam
2227 3410 2295 3465 de
2324 3425 2383 3465 se
2409 3411 2702 3480 liberisque
2726 3411 2842 3466 suis
2870 3410 3200 3463 voluntatem
3235 3408 3428 3476 aperit.
3457 3406 3622 3461 Cum-

2043 3514 2149 3569 que
2177 3499 2407 3569 populus
2460 3499 2720 3570 frequens
2751 3499 3175 3554 Constantinum
3217 3505 3272 3550 et
3306 3493 3618 3548 lleraclinm

2044 3592 2401 3662 imperatores
2428 3603 2700 3662 posceret,
2733 3601 3023 3661 utrumque
3049 3605 3234 3645 coram
3264 3588 3510 3644 adduxit.
3542 3588 3622 3643 Ae

2042 3689 2278 3757 primum
2317 3698 2575 3757 tanquam
2619 3688 2859 3742 habenas
2889 3687 3042 3756 regni
3071 3685 3179 3756 32
3214 3685 3617 3748 moderaretur,

2041 3785 2141 3847 pro
2173 3777 2521 3846 imperat-rice
2551 3790 2612 3831 se
2631 3791 2819 3846 gerere
2845 3777 3142 3844 cogitabat.
3177 3774 3282 3829 Sed
3318 3770 3560 3828 nonnulli
3588 3786 3620 3826 e

2043 3872 2199 3925 turba
2219 3869 2285 3923 ad
2302 3884 2425 3924 eam
2447 3868 2755 3924 clamarunt
2783 3885 2799 3924 :
2823 3887 2842 3920 ι
2865 3866 2988 3923 Tibi
3015 3869 3480 3938 utimperatorum
3504 3878 3621 3918 ma.

2043 3964 2110 4020 tri
2138 3961 2416 4017 habendas
2452 3961 2627 4016 honor
2643 3969 2746 4024 est,
2789 3961 2876 4015 his
2907 3970 3166 4029 tanquam
3199 3956 3619 4028 imperatoribus

2040 4071 2104 4111 ac
2152 4055 2404 4110 dominis.
2443 4072 2463 4105 ι
2512 4054 2691 4123 Atque
2744 4053 2966 4108 interim
3002 4052 3366 4108 Constantino
3407 4049 3613 4119 primas

2039 4145 2360 4202 deferebant
2387 4155 2575 4216 utpote
2595 4155 2653 4199 et
2690 4151 2850 4199 aetate
2879 4143 3074 4212 majori
3115 4151 3170 4196 et
3203 4141 3269 4195 ad
3328 4139 3612 4208 imperium

2034 4239 2148 4308 jam
2197 4250 2311 4294 tum
2368 4255 2398 4294 a
2445 4237 2676 4308 pueritia
2715 4245 2988 4306 promoto.
3023 4254 3043 4288 ι
3107 4235 3289 4302 Neque
3312 4233 3480 4296 enim,
3508 4232 3613 4285 aie-

363 4320 651 4392 Βαρϐάρου
672 4323 694 4355 ⁸
716 4323 749 4394 ἢ
799 4324 1113 4394 ἀλλοφύλων
1146 4327 1283 4398 πρὸς
1307 4326 1374 4380 τὰ
1399 4326 1648 4396 βασίλεια
1686 4328 1935 4398 εἰσερχο-

2043 4331 2194 4394 bant,
2225 4328 2484 4384 Barbaris
2511 4337 2603 4384 aut
2623 4329 2867 4384 externis
2903 4327 3164 4381 adversus
3220 4324 3428 4393 regiam
3481 4325 3621 4378 hanc

366 4413 564 4483 μένων,
603 4407 650 4467 ὦ
682 4415 960 4483 δέσποινα,
996 4435 1016 4469 ι
1053 4417 1314 4487 ἔφασκον,
1352 4437 1372 4470 t
1407 4419 1637 4472 δύνασαι
1677 4419 1932 4490 ὑποδέχεο

362 4504 490 4560 σθαι
515 4503 549 4576 ἢ
575 4505 756 4576 λόγοις
783 4507 805 4540 ⁸
836 4508 1185 4579 ἀμείϐεσθαι,
1221 4510 1358 4581 μηδὲ
1400 4510 1516 4581 δοίη
1549 4511 1682 4575 Θεὸς
1720 4513 1781 4564 ἐν
1803 4511 1931 4566 τού·

1969 4373 2016 4440 D

2044 4424 2230 4476 urbem
2256 4422 2622 4488 venientibus,
2646 4436 2680 4474 ο
2711 4419 2966 4484 domina,
3014 4426 3169 4488 petes
3226 4416 3484 4470 resistere
3527 4423 3621 4466 aut

2043 4515 2371 4585 respondere
2402 4515 2605 4570 verbis.
2633 4513 2860 4568 Avertat
2887 4511 3030 4567 Deus
3065 4518 3125 4564 ut
3155 4524 3222 4564 eo
3244 4507 3620 4563 Romanorum

1653 4690 1888 4749 VARUE
1925 4692 2332 4750 LECTIONES.

437 4819 676 4904 τᾶλλουῖ
695 4822 986 4904 Ρβξὲνὴξεε,
1005 4822 1181 4904 ἀλλευς
1215 4826 1302 4904 Po“
1354 4826 1523 4904 δὲῖτίῗ
1593 4828 1725 4904 *ίτεΔ
1757 4829 1813 4885 Ρ.
1877 4833 2024 4904 ξγρ.
2061 4833 2214 4904 σῆμα
2237 4847 2426 4903 margo
2450 4832 2512 4885 P.
2591 4833 2611 4862 ‘
2649 4833 2743 4890 ἆτε
2811 4828 3090 4890 Petavius,
3127 4825 3250 4882 οὔτε
3270 4823 3332 4882 P.

365 4889 636 4958 Petavius,
658 4891 750 4944 καί
768 4890 828 4946 Ρ.
902 4894 925 4925 ⁸
947 4894 1246 4965 Βαρϐάρων
1264 4895 1538 4952 Petavius.
1615 4900 1637 4930 ’
1670 4899 1860 4965 λόγους
1877 4900 1936 4955 Ρ.

3431 4825 3451 4856 ⁷
3481 4826 3623 4884 κατά

1748 5039 2026 5098 PETAVII
2065 5041 2306 5099 NOTAE.

437 5196 753 5270 (rerum
797 5197 866 5253 δὲ
895 5199 1319 5270 καίίΜαρῖνον.
1367 5199 1526 5256 Anno
1566 5200 1797 5258 Heraclii
1845 5202 1936 5270 22.

365 5265 567 5343 Christi
599 5269 724 5343 659,
757 5269 980 5343 ἰηύελρη
1005 5265 1144 5343 ΔΝονζ
1179 5271 1210 5324 7
1244 5271 1622 5343 (corrigendus
1661 5265 1942 5343 Theopha-

365 5351 485 5413 nes,
519 5339 647 5413 dum
678 5337 912 5413 Heraclii
953 5341 1018 5394 ει
1055 5341 1326 5413 numerat)
1357 5337 1520 5413 natus
1556 5351 1641 5413 est
1685 5337 1937 5399 Heraclio

367 5409 420 5479 i_n
443 5410 667 5464 Oriente
697 5409 859 5471 tilius,
891 5425 1074 5479 .quem
1110 5409 1388 5466 Cedretius
1440 5410 1698 5468 Davidem
1751 5425 1930 5468 νοιτοι.

363 5476 674 5548 Eademque
703 5481 788 5534 die
827 5476 1186 5536 Constantino
1237 5480 1486 5535 Heraclio
1532 5481 1642 5536 tilio
1693 5483 1936 5539 nascitur

367 5547 668 5624 ileraclius,
699 5551 788 5619 qui
818 5567 877 5624 _a.
897 5551 1306 5624 sequentiind.
1341 5552 1394 5618 5,
1421 5550 1552 5606 Nov.
1582 5552 1636 5618 5,
1667 5554 1706 5606 ὀ
1741 5553 1932 5624 Sergio

366 5617 672 5686 baptizatus
701 5617 785 5674 est
817 5621 869 5675 in
897 5617 1233 5676 Blaclternis.

439 5689 550 5762 (79)
603 5691 701 5743 ‘Ex
729 5691 939 5745 τούτου
968 5690 1204 5746 λοιπόν.
1242 5689 1382 5747 Obiit
1424 5690 1723 5759 Heraclius,
1756 5693 1933 5763 inquit

2042 5205 2432 5276 Theophanes,
2468 5207 2579 5262 ind.
2634 5206 2704 5262 Η
2753 5205 2947 5261 Martio
2986 5219 3199 5270 mense,
3249 5200 3458 5276 die__tt,
3496 5212 3619 5252 cum

2044 5270 2364 5347 imperasset
2417 5270 2589 5331 annos
2654 5278 2724 5333 30
2787 5292 3000 5332 menses
3051 5276 3138 5330 10.
3207 5276 3278 5327 At
3326 5270 3522 5352 Noster
3563 5280 3614 5320 a.

2044 5349 2112 5388 ειη
2152 5363 2371 5388 manu»:
2393 5347 2445 5388 Δ.-
2501 5349 2618 5388 diae
2645 5349 2694 5388 lt,
2755 5347 2860 5388 Rm!
2909 5349 2952 5388 ni
3010 5363 3058 5388 ει.
3111 5344 3228 5388 pina
3291 5352 3498 5388 nrtmtts
3554 5333 3624 5388 ab

2042 5349 2112 5403 50
2152 5363 2371 5402 menses
2393 5347 2448 5402 4.
2501 5349 2618 5402 dies
2645 5349 2701 5404 6.
2755 5347 2862 5403 Sed
2909 5349 2952 5402 si
3010 5363 3060 5400 a.
3111 5347 3228 5407 eius
3291 5347 3498 5410 primus
3554 5347 3618 5388 an

2041 5419 2165 5475 Oct.
2209 5418 2239 5471 7
2276 5427 2594 5474 numeratus
2617 5428 2720 5483 est,
2761 5417 2873 5473 ind.
2906 5417 2992 5483 Μ,
3027 5433 3080 5470 a.
3117 5413 3338 5488 (ἔτ-619.
3370 5415 3618 5488 mentea

2042 5490 2331 5571 probatum
2371 5474 2904 5571 est,_mortuusqueu
3034 5501 3087 5541 a.
3115 5484 3252 5571 "64!.
3283 5474 3620 5571 ttat-“tumlti

2039 5553 2335 5641 imperavit.
2383 5577 2434 5615 a.
2468 5553 2560 5614 ’30
2604 5553 2820 5641 menses
2874 5558 2907 5613 5
2943 5557 3092 5641 dies”
3112 5554 3165 5609 5.
3223 5553 3300 5607 Ac
3355 5553 3396 5605 si
3450 5561 3621 5602 ωηιοὸ

2039 5625 2292 5699 66’νὶχίι,
2325 5631 2595 5703 imperare
2624 5631 2790 5700 cmpit
2819 5628 2996 5683 aetatis
3025 5625 3116 5680 35.
