3972 6220
301 273 413 338 985

1233 279 1332 339 DE
1372 278 1620 340 ΗΕΒυὸ
1666 278 1848 341 POST
1885 279 2332 344 MAURICIUM
2369 284 2659 344 GESTIS.

3457 277 3565 342 986

301 389 418 448 τοῖς
479 385 705 439 πλέουσι
751 385 1168 456 δυσφορὼτατος
1187 386 1231 458 ),
1291 388 1513 459 πνεῦμα
1567 389 1742 460 βίαιον
1798 392 1885 446 καὶ

1996 409 2101 462 que
2121 395 2188 448 ad
2211 394 2362 448 littus
2394 395 2622 450 amictas
2640 392 2936 465 confregit,
2961 407 3062 450 nec
3097 394 3346 462 exiguam
3379 402 3591 449 vectn-.

304 477 542 548 σκληρὸν
565 477 688 530 κατ’
729 477 905 548 αὐτῆς
927 479 1168 532 πνεῦσαν
1206 480 1224 549 (
1249 477 1443 550 βορέας
1471 479 1516 533 δ’
1549 476 1617 552 ἦν
1647 481 1891 550 ἄνεμος)

299 569 404 633 τάς
429 585 491 622 τε
521 569 656 634 ναῦς
690 568 827 641 πρὸς
857 571 980 632 ταῖς
1008 571 1202 634 ἀκταῖς
1231 571 1572 642 περιτρέψας
1599 571 1890 644 συνέτριψε

302 661 399 716 καὶ
425 661 606 734 πλήθη
625 661 735 716 τῶν
757 661 1122 716 εἰσπλεόντων
1143 663 1244 717 οὐκ
1269 663 1427 731 ὀλίγα
1459 663 1540 734 τῷ
1565 664 1731 736 ῥοθίῳ
1751 681 1889 718 κατ-

302 751 608 806 επόντισεν.
639 753 728 806 Ἐν
754 751 969 816 τούτοις
987 752 1128 820 ἄγαν
1159 751 1536 825 θορυϐηθέντα
1555 753 1602 786 ³⁸
1621 754 1712 808 τὸν
1738 753 1890 825 βασι-

300 842 405 897 λέα
435 842 692 897 κελεῖηαι
713 843 843 908 τοὺς
869 845 1140 916 ἄρχοντας
1164 843 1407 910 δικτύοις
1439 844 1760 918 περιϐαλεῖν
1788 845 1889 916 τὴν

1996 501 2112 538 rum
2140 485 2540 541 multitudinem
2570 484 2768 542 auctus
2798 486 3088 556 oppressit.
3126 485 3272 540 lnter
3307 485 3422 540 hac
3452 493 3560 539 tre-

1990 573 2304 644 pidantibus
2331 573 2584 628 omnibus
2616 571 2754 640 jussi
2785 573 2854 626 ab
2879 573 3206 642 imperatore
3231 571 3397 624 duces
3421 584 3565 640 pra-

1988 661 2292 718 focatorum
2315 677 2545 730 corpora
2573 660 2853 732 dispositis
2891 661 2945 714 in
2991 662 3124 714 mari
3163 661 3370 714 retibus
3405 659 3560 713 exci-

1991 767 2120 824 pere
2156 769 2222 810 ac
2251 751 2555 822 sepultura
2587 753 2825 808 tradere.
2869 750 3080 818 Quibus
3129 748 3384 821 perfectis
3419 749 3586 819 (390--⁴

1989 843 2079 898 lim
2112 859 2364 900 reversus
2391 855 2494 900 est.
2524 883 2532 890 -

301 939 600 1004 θάλασσαν,
644 941 721 1005 ῶς
747 941 1038 996 ἀνελέσθαι
1073 943 1183 997 τῶν
1218 943 1636 1012 ἁποπνιγίντων
1671 942 1741 997 τὰ
1769 942 2002 1016 σώματα
2031 941 2130 996 καὶ
2194 943 2262 1014 τῇ
2296 943 2369 1014 γῇ
2437 925 2819 1014 παραδιδόναι,
2885 939 3032 994 οὕτω
3054 956 3117 994 τε
3182 937 3320 1009 πρὸς
3355 935 3427 990 τὰ
3466 933 3566 1006 βα·-

301 1031 482 1088 σίλεια
504 1034 873 1106 ἀποστρέψαι.
1413 1087 1422 1095 .

376 1125 498 1178 Ἔτι
529 1124 590 1180 δὲ
620 1125 797 1180 πνέων
821 1125 966 1180 κατὰ
997 1127 1094 1197 τῆς
1127 1127 1476 1191 εὖσεϐείαςπ
1509 1128 1572 1182 τδ
1593 1127 1740 1200 ίερδν
1769 1127 1882 1182 τῶν

299 1213 635 1290 Ναζηραίων
673 1221 862 1290 σχῆμα
907 1219 1262 1291 καθύϐρισεν.
1312 1221 1494 1286 Εὐθὺς
1547 1222 1658 1293 γὰρ
1699 1222 1886 1290 ἀγῶνα

302 1309 532 1362 ίππικδν
579 1309 864 1376 ἐπετέλει,
901 1311 998 1366 καί
1043 1329 1201 1378 τινας
1251 1312 1458 1368 τούτων
1506 1313 1791 1384 ἐπιτρέπει
1828 1315 1886 1366 ὲν

305 1400 460 1471 μέσῳ
499 1399 581 1470 τῷ
639 1399 853 1472 θεάτρῳ
901 1401 1214 1458 διέλκεσθαι
1272 1405 1370 1459 καὶ
1423 1403 1604 1458 αὐτῶν
1651 1403 1888 1458 ἕκαστον

297 1495 541 1562 γυναῖκα
581 1489 916 1565 μονάστριαν
951 1494 1104 1567 παρὰ
1139 1497 1298 1568 χεῖρα
1337 1494 1545 1566 φέρειν·
1585 1493 1796 1548 πολλῶν
1825 1511 1886 1546 τε

2055 1127 2166 1200 83
2191 1125 2398 1182 Exinde
2421 1125 2664 1182 fervente
2685 1126 2862 1180 adhuc
2889 1123 3171 1195 religionis
3187 1121 3316 1177 odio
3343 1134 3568 1177 sacrum

1992 1216 2374 1272 Nazaraorum
2399 1216 2603 1270 cultum
2635 1214 3026 1271 contumeliose
3071 1211 3282 1268 habuit.
3309 1208 3568 1266 Commov

1993 1309 2120 1362 dum
2157 1313 2416 1378 equestre
2443 1315 2720 1362 certamen
2757 1305 3004 1368 dederat,
3033 1317 3157 1358 cum
3180 1317 3248 1356 ex
3279 1299 3372 1354 illo
3398 1311 3568 1368 grege

1991 1405 2178 1453 certos
2234 1394 2486 1450 homines
2527 1393 2738 1450 traduci
2775 1408 2873 1464 per
2927 1389 3352 1460 Hippodromum
3391 1387 3566 1455 jubet,

1993 1487 2250 1556 adjuncta
2279 1486 2482 1557 cuique
2517 1485 2750 1542 muliere
2783 1484 3068 1548 monacba,
3109 1495 3273 1551 quam
3298 1479 3568 1550 prehensa

298 1583 456 1656 παρά
477 1583 716 1656 πλήθους
737 1583 848 1638 τῶν
875 1584 1174 1656 θεωμένων
1213 1587 1426 1658 ὕϐρεων
1453 1587 1640 1649 αὐτοῖς
1669 1585 1766 1639 καὶ
1795 1586 1885 1655 ἑμ-

1993 1594 2157 1634 mauu
2211 1577 2670 1632 circumduceret.
2715 1579 2895 1644 Atque
2925 1573 2962 1628 ii
3005 1571 3192 1627 multis
3223 1585 3253 1624 a
3285 1577 3568 1640 spectante

301 1675 667 1745 πτυσμᾱπων,
695 1671 786 1730 οἷα
819 1677 948 1746 περὶ
973 1677 1037 1730 τὸ
1069 1677 1307 1748 ὀχλῶδες
1343 1679 1436 1731 καὶ
1461 1677 1714 1743 ἀγελαῖον
1742 1693 1884 1746 συμ-

298 1767 512 1822 ϐαίνειν
543 1765 742 1832 εἴωθε,
789 1769 1242 1840 καταχυθέντων,
1301 1767 1448 1823 οὕτω
1497 1768 1588 1822 τὸν
1642 1766 1883 1837 ἄθεσμον

298 1861 510 1913 ἐκεῖνον
545 1860 640 1913 καὶ
689 1859 973 1931 αἴσχιστον
1013 1861 1274 1932 διήνυσαν
1327 1859 1566 1914 δίαυλον.
1618 1858 1784 1912 Μετὰ·
1825 1845 1884 1912 δὲ

298 1948 478 2004 ταῦτα
509 1949 712 2022 ἄνδρας
740 1951 896 2014 τινὰς
925 1951 1036 2004 τῶν
1065 1953 1124 2004 ὲν
1172 1951 1471 2021 ὑπεροχαῖς
1507 1948 1604 2002 καὶ
1633 1945 1882 2018 ἀξιώμα-

299 2057 392 2094 σιν
432 2041 750 2112 ἐγκλήμασι
783 2041 1116 2112 βαρυτάτοις
1168 2043 1528 2112 συκοφαντῶν
1555 2042 1758 2110 ὑπάγει
1807 2043 1885 2108 ὡς

297 2135 382 2196 είς
425 2133 528 2204 τὴν
579 2133 758 2205 ἀρχὴν
809 2133 962 2204 αὐτῷ
1021 2132 1435 2189 ἐπιϐουλεύσειν
1481 2137 1882 2208 πειρωμένους.

297 2223 523 2281 Τούτων
557 2225 602 2278 δ’
632 2221 702 2296 ἦν
751 2225 1029 2296 ’Δντίοχος
1070 2225 1184 2297 (54)
1239 2227 1340 2296 μὲν
1388 2228 1419 2280 ό
1455 2227 1568 2281 τῶν
1607 2227 1886 2299 δημοσίων

297 2313 653 2385 πραγμάτων
704 2314 806 2378 τὰς
837 2315 1181 2384 ὑπομνήσεις
1218 2313 1369 2385 αὐτῷ
1409 2314 1744 2384 διακομίζων
1771 2313 1882 2378 (λο-

295 2404 534 2484 γοθέτην
576 2404 636 2459 δὲ
666 2405 762 2460 τοῦ
796 2405 1002 2477 δρόμου
1029 2407 1131 2476 τὴν
1169 2405 1330 2472 ἀξίαν
1373 2406 1424 2458 οἱ
1455 2406 1586 2476 περὶ
1615 2404 1686 2460 τὰ
1723 2405 1883 2476 βασί-

297 2497 421 2552 λεια
473 2497 748 2566 καλοῦσι).
783 2496 1168 2566 Θεοφύλακτος
1209 2495 1266 2552 δὲ
1325 2497 1386 2550 ὲν
1415 2499 1530 2560 τοῖς
1568 2493 1883 2568 πατρικίοις

298 2588 398 2640 καὶ
430 2588 764 2657 στρατηγοῖς
811 2585 1094 2654 διατελῶν,
1145 2587 1229 2640 ἔτι
1286 2587 1396 2659 μὴν
1447 2587 1542 2640 καὶ
1574 2585 1726 2641 ἄλλοι
1770 2588 1883 2640 τῶν

297 2679 433 2750 περὶ
460 2677 626 2732 αὑτὸν
658 2677 1052 2749 άσπιδηφόρων
1099 2679 1197 2732 καὶ
1225 2678 1546 2750 δορυφόρων
1583 2678 1883 2749 τυγχάνον-

295 2783 414 2837 τες,
446 2769 585 2841 πρὸς
628 2769 687 2823 δὲ
713 2769 811 2824 καὶ
853 2769 1067 2825 τούτων
1114 2769 1274 2834 ἐκτὸς
1323 2769 1529 2842 ἕτεροι.
1573 2769 1709 2824 Μετ’
1741 2771 1804 2824 οὑ
1836 2771 1884 2805 ³⁸

298 2859 440 2912 πολὺ
468 2859 568 2927 τὴν
615 2859 812 2929 ὁμοίαν
859 2859 1128 2914 ἐπιτελῶν
1177 2859 1415 2930 ἆμιλλαν
1463 2859 1758 2930 δεσμώτας
1794 2863 1881 2914 ὲν-

1987 1667 2182 1739 populo
2209 1666 2556 1724 contumeliis
2587 1681 2652 1722 ac
2673 1666 2849 1736 eputis
2874 1665 3038 1720 etiam
3068 1659 3434 1720 dehonestati,
3469 1673 3568 1712 cu-

1953 1759 2213 1830 ‘jusmodi
2243 1757 2315 1813 ab
2345 1758 2619 1814 incondita
2646 1755 2962 1824 forensique
2995 1753 3152 1822 plebe
3185 1766 3283 1820 par
3307 1757 3392 1804 est
3422 1746 3566 1810 ﬁeri.

1941 1883 1966 1894 ο
1987 1848 2212 1904 infando
2246 1849 2339 1903 illo
2363 1864 2428 1902 ac
2477 1848 2619 1917 turpi
2652 1843 2928 1902 curricqu
2955 1841 3225 1912 perfuncti
3273 1833 3566 1917 sunt.Sub

1984 1944 2099 1996 hac
2139 1939 2430 2008 primarios
2461 1921 2724 2007 quosdam
2768 1951 2832 1990 ac
2880 1931 3276 2004 pracipuarum
3317 1926 3562 1997 dignita-

1984 2042 2096 2088 tum
2121 2032 2370 2087 homines
2393 2029 2752 2085 atrocissimis
2767 2025 3086 2092 criminibus
3112 2037 3208 2093 per
3235 2018 3566 2076 calumniam

1985 2125 2346 2196 aggreditur,
2376 2127 2686 2178 affectatum
2738 2121 2807 2176 ab
2838 2119 2905 2174 iis
2943 2115 3231 2186 imperium
3253 2105 3260 2110 ’
3284 2121 3564 2176 causatus,

1983 2231 2153 2286 seque
2186 2214 2400 2274 illorum
2434 2204 2654 2269 insidiis
2681 2211 3007 2282 appetitum.
3034 2208 3116 2264 Ex
3145 2205 3213 2260 iis
3241 2202 3564 2268 Antiochus,

1983 2307 2246 2378 magister
2289 2305 2564 2361 memoria
2594 2307 2778 2374 (quem
2818 2301 3201 2372 magistratum
3229 2293 3564 2362 logothetam

1984 2413 2178 2456 cursus
2205 2397 2486 2469 appellare
2507 2395 2728 2465 solent),
2755 2387 3441 2460 necnouTheOpbylactus,
3457 2383 3564 2439 dux

1982 2499 2040 2546 et
2066 2489 2352 2560 patricius,
2408 2504 2535 2545 cum
2586 2488 2714 2544 aliis
2757 2485 3034 2558 plerisque
3072 2497 3104 2537 e
3143 2488 3480 2537 scutatorum
3511 2483 3568 2530 et

1983 2590 2350 2650 protectorum
2391 2594 2620 2637 numero
2642 2591 2806 2648 atque
2833 2593 2902 2634 ex
2932 2575 3056 2630 aliis
3087 2572 3392 2633 ordinibus.
3418 2567 3567 2634 Quos

1982 2685 2176 2730 omnes
2223 2672 2414 2728 iisdem
2445 2671 2786 2727 circensibus
2831 2666 3163 2738 spectaculis
3196 2665 3411 2718 vinctos
3454 2660 3564 2716 cir-

1983 2763 2286 2822 cumduxit.
2303 2763 2531 2820 Postera
2557 2763 2676 2818 luce
2701 2753 3121 2816 Constantinum
3149 2763 3202 2812 et
3233 2753 3565 2822 Strategium

1986 2851 2185 2908 fratres
2208 2860 2382 2908 morte
2407 2849 2706 2914 damnavit,
2732 2863 2797 2904 ac
2821 2845 3054 2902 subinde
3085 2847 3139 2899 in
3159 2841 3418 2914 Cynegio,
3447 2841 3568 2896 loco

297 2949 480 3006 ταῢθα
531 2949 900 3022 περιελκύσας
944 2949 1303 3036 ἐθριάμϐευε,
1339 2951 1435 3005 καὶ
1461 2953 1527 3024 τῇ
1561 2951 1694 3022 ἑξῆς
1723 2954 1882 3008 Κων-

1987 2943 2137 2998 urbis
2161 2942 2239 3000 ita
2267 2943 2445 3008 dicto,
2487 2949 2650 3009 caput
2685 2939 2791 2994 illis
2841 2937 3047 2992 abscidi
3096 2935 3293 3004 jussit;
3335 2933 3566 2986 aliorum

300 3045 591 3098 σταντῖνον
623 3043 726 3114 μὲν
752 3043 850 3096 καὶ
875 3043 1222 3115 Στρατήγιον
1245 3043 1512 3111 ἀδελφοὺς
1535 3043 1886 3114 ὑπάρχοντας

299 3134 525 3206 θανάτῳ
573 3133 925 3197 κατεδίκασε,
979 3135 1076 3187 καὶ
1120 3133 1222 3206 ἧδη
1257 3133 1468 3187 τούτων
1509 3133 1610 3196 τὰς
1641 3133 1888 3204 κεφαλὰς

297 3228 360 3281 ἐν
393 3225 474 3298 τῷ
528 3227 811 3298 λεγομένῳ
855 3227 958 3297 τῆς
995 3221 1208 3290 πόλεως
1243 3225 1532 3296 χΚτυνηγίῳ
1585 3227 1886 3296 ἀπέτεμεν,

299 3317 479 3374 ἄλλων
517 3317 576 3370 δὲ
614 3317 685 3372 αὖ
713 3317 840 3382 τοὺς
889 3319 934 3351 ³⁹
989 3316 1304 3388 ὀφθαλμοὺς
1352 3315 1600 3385 ἐξέκοψε.
1663 3317 1782 3370 Καὶ
1819 3318 1886 3388 τῇ

299 3411 332 3463 ὑ
343 3427 434 3464 στε
443 3409 580 3482 ραίᾳ
603 3426 679 3462 πα
689 3407 1022 3481 ρασκευάζει
1047 3409 1158 3462 τῶν
1177 3406 1397 3460 οἰκείων
1413 3405 1568 3469 τινὰς
1585 3403 1888 3460 ’Κωνσταν-

297 3503 452 3558 τίνου
483 3501 580 3556 τοῦ
609 3501 709 3572 τῆς
762 3502 977 3566 πόλεως
1019 3497 1327 3572 ἀρχιερέως
1371 3499 1537 3570 ὅρκον
1560 3498 1608 3530 ⁵⁰
1642 3498 1766 3552 κατ’
1791 3497 1886 3552 αὑ-

294 3593 399 3648 τοῦ
425 3594 540 3666 (55)
575 3593 842 3665 ὲξυφῆναι
865 3591 1232 3665 κατηγορίαν,
1264 3590 1533 3662 διελέγχει
1554 3590 1612 3644 δὲ
1633 3587 1886 3660 φανερῶς

300 3681 380 3751 ὡς
411 3687 543 3759 παρ’
574 3685 743 3740 αὐτοῦ
773 3684 1074 3758 ἀκηκοέναι
1116 3683 1300 3738 πάντα
1331 3681 1400 3737 τὰ
1432 3682 1586 3754 παρὰ
1615 3682 1726 3736 τῶν
1753 3679 1884 3752 περὶ

313 3770 595 3850 Ἀντίοχον
625 3778 721 3832 καὶ
751 3774 1142 3845 Θεοφύλακτον
1169 3773 1544 3846 μελετώμενα.
1584 3775 1694 3828 Καὶ
1719 3771 1884 3834 εὐθὺς

297 3869 511 3922 ἐκεῖνον
535 3867 636 3937 μὲν
665 3865 944 3937 ἐξόριστον
967 3865 1028 3917 ἐν
1051 3867 1119 3936 τῇ
1163 3863 1353 3936 Ἱερίᾳ,
1377 3863 1520 3916 οὕτω
1545 3858 1878 3930 καλουμένου

1983 3034 2173 3091 oculos
2211 3033 2377 3088 eruit.
2413 3032 2684 3088 Postridie
2716 3031 3079 3088 Constantino
3109 3027 3431 3100 patriarcha
3472 3039 3568 3079 ac-

1987 3137 2268 3182 cusatores
2298 3125 2565 3180 subornat
2595 3125 2860 3194 quosdam
2911 3139 2977 3178 ex
3011 3121 3130 3191 ejus
3153 3148 3158 3152 -
3179 3117 3566 3182 familiaribus,

1987 3219 2080 3287 qui
2109 3217 2362 3272 Antiochi
2389 3233 2454 3273 ac
2487 3217 2872 3288 Tlteopbylacti
2908 3214 3134 3270 consilia
3163 3211 3382 3271 audisse
3414 3224 3474 3266 se
3503 3209 3570 3264 de

1986 3306 2100 3380 84
2123 3322 2187 3362 eo
2211 3305 2566 3376 jurejurando
2589 3305 2893 3360 ﬁrmarunt.
2927 3303 3124 3359 Statim
3152 3303 3319 3368 igitur
3351 3298 3567 3356 in‘llie-

1993 3401 2128 3454 riam
2160 3399 2404 3468 pontifex
2443 3397 2718 3466 relegatur
2742 3399 2850 3468 (est
2899 3397 3006 3450 hoc
3039 3391 3381 3464 imperatoris
3413 3388 3567 3458 pala-

1993 3491 2130 3546 tium
2178 3505 2211 3546 e
2260 3489 2481 3560 regione
2523 3487 2710 3558 Cpolis
2765 3490 2833 3542 ad
2889 3487 3237 3543 subsolanum
3283 3481 3565 3553 positum),

1994 3598 2228 3652 tutosque
2265 3581 2506 3648 Nicetes,
2546 3591 2861 3642 sanctorum
2911 3577 3292 3650 Apostolorum
3321 3573 3568 3630 ecclesia

1991 3677 2296 3746 presbyter,
2331 3676 2633 3740 eunuchus,
2667 3675 2722 3730 in
2737 3673 2855 3742 ejus
2883 3673 3062 3728 locum
3080 3669 3446 3728 substituitur.
3467 3667 3568 3721 At-

1989 3781 2095 3836 que
2145 3767 2262 3822 hac
2305 3766 2488 3822 omnia
2531 3765 2778 3837 Augusto
2820 3779 3006 3820 mense
3044 3761 3338 3818 indictione
3373 3766 3565 3830 quarta

1986 3856 2348 3928 contigerunt.
2937 3909 2946 3918 ,
3458 3854 3468 3864 ’

303 3959 598 4032 βασιλικοῦ
631 3959 899 4013 παλατίου
941 3958 986 3990 δ’
1023 3957 1295 4029 ἀντιπέρα
1336 3957 1474 4028 πρὸς
1507 3955 1666 4027 εὖρον
1698 3954 1902 4024 ἄνεμον
1935 3947 2033 4004 τοῦ
2067 3949 2369 4018 Βυζαντίου
2400 3951 2684 4024 κειμένου,
2714 3945 3570 4024 παρέπεμψε,Νικήτανδὲ(56)..

301 4050 680 4125 πρεσϐύτερον
709 4050 811 4120 τῆς
847 4049 958 4103 τῶν
1000 4048 1199 4117 Ἀγίων
1239 4045 1581 4101 Ἀποστόλων
1611 4042 1932 4114 ἐκκλησίας,
1966 4040 2244 4116 εὐνοῦχον,
2281 4043 2694 4116 προχειρίζεται
2730 4042 3020 4115 ἀρχιερέα.
3059 4041 3252 4095 Ταῦτα
3283 4041 3343 4095 δὲ
3383 4039 3563 4092 πάντα

301 4146 608 4217 ἐπράττετο
639 4143 784 4198 κατὰ
827 4141 920 4196 τὸν
949 4141 1261 4212 Δὺγουστον
1291 4141 1440 4214 μῆνα
1468 4141 1572 4210 τῆς
1607 4139 1879 4208 τετάρτης
1916 4135 2272 4204 ίνδικτιῶνος.

376 4235 512 4308 Μετ’
550 4237 614 4291 οὑ
665 4235 803 4290 πολὺ
848 4235 906 4288 δὲ
957 4235 1376 4306 μεταπέμπεται
1434 4235 1870 4300 Κωνσταντίνον,

2051 4231 2162 4289 Νεε
2181 4232 2340 4304 longo
2367 4241 2489 4302 post
2523 4241 2766 4300 tempore
2791 4227 3210 4288 Constantinum
3237 4225 3570 4283 arcessitum

1613 4384 1848 4442 VARIAS
1887 4387 2292 4446 LECTIONES.

375 4528 851 4600 “Oopuﬁqeévrsc
881 4527 942 4582 P.
1021 4529 1064 4560 ⁸⁷
1101 4528 1360 4600 ἀσεϐείας
1392 4527 1454 4582 Ρσ
1531 4529 1577 4560 ³⁸
1606 4527 1702 4593 οὓς

1734 4531 1890 4601 μετ”ἒ
1965 4535 2008 4567 ³³
2039 4533 2238 4599 αὐτοὺς
2267 4534 2328 4588 Ρ.

2447 4531 2494 4565 ⁴⁰
2527 4531 2754 4604 ἔνορκον
2784 4529 3065 4604 Petavtus.
3110 4598 3124 4604 _
3144 4527 3184 4604 ξ*
3206 4525 3540 4604 ξαλουμένῳ

341 4595 571 4675 ασιλικῷ
593 4595 844 4675 παλατίῳ
863 4628 935 4645 ——-
960 4598 1238 4675 κειμένῳῖ
1272 4615 1581 4668 quamquam
1613 4595 1776 4655 etiam
1835 4607 2002 4671 'supra
2031 4604 2109 4674 (ρ.
2136 4595 2231 4670 50,
2259 4603 2315 4673 ὅ)
2339 4620 2356 4659 :
2384 4603 2516 4675 ἄχρι
2547 4595 2944 4673 Χρυσοπόλεως
2975 4597 3281 4662 κατελθεῖν,
3313 4595 3564 4666 παραθα-

303 4597 571 4720 Esaia-4G)
593 4597 844 4670 παλατίῳ
863 4628 935 4645 —-.-
965 4598 1162 4669 κειμένη

339 4685 531 4725 ασσιον
569 4672 769 4742 χωρίον
791 4699 863 4712 --
885 4668 1162 4738 κείμενον.

1673 4748 1948 4840 perm!
1989 4784 2220 4842 Nom.

375 4919 505 4992 (54),
529 4920 762 4974 Τούτων
787 4917 857 4992 δε
877 4915 958 4992 ἦγέ
987 4917 1318 4992 ’Aigloxog.
1360 4917 1598 4992 Eosdem
1623 4929 1882 4992 recenset

303 4987 671 5060 Theophanes
712 4999 769 5045 et
827 4987 1398 5060 PaulusuDiacouus.
1427 4987 1738 5060 AOIOQét'q;
1783 4988 1880 5060 τοῦ

301 5057 761 5133 δρόμουγιιίεἱιυ-ι-
813 5060 900 5133 hic
947 5075 976 5113 a
1021 5057 1566 5133 ﬁicepborodmrdw
1599 5057 1879 5133 δημοσίων

303 5127 656 5202 πραγμάτων
681 5131 780 5193 τὰς
823 5127 1171 5202 ὑπομνήσεις
1197 5127 1555 5202 διακομίζων,
1587 5127 1729 5202 quod
1761 5145 1878 5182 ma-

305 5199 784 5272 gi'stri'rmemo‘riag
813 5199 1092 5272 proprium
1129 5209 1267 5272 erat.
1298 5199 1422 5272 Qui,
1466 5209 1525 5252 ut
1551 5211 1641 5272 est
1683 5200 1735 5252 in
1772 5215 1872 5272 no-

307 5268 430 5326 titia
484 5269 697 5340 imperii
750 5268 1068 5332 Orientalis,
1113 5270 1717 5340 ailnotatiouestlictat.
1771 5270 1873 5324 hoc

306 5355 396 5398 est
436 5339 738 5406 scripturas
789 5340 1004 5404 breves,
1034 5341 1231 5409 quibus
1259 5355 1322 5394 ea
1376 5339 1729 5396 continentur
1755 5355 1876 5409 qua

308 5411 572 5483 principis
607 5411 828 5466 nomine
850 5408 1166 5483 statuuntur
1192 5415 1288 5464 aut
1322 5409 1742 5483 confirmantur.
1767 5408 1872 5464 Sed

306 5481 364 5536 J-t
405 5483 658 5551 precibus
683 5481 989 5551 respondet,
1015 5481 1115 5535 hoc
1133 5492 1237 5541 est,
1272 5491 1529 5551 responsa
1559 5481 1726 5534 dictat
1754 5496 1874 5551 qua

309 5549 568 5620 princeps
599 5550 796 5605 libellis
829 5549 1162 5619 supplicibus
1186 5551 1418 5605 dederit.
1441 5549 1520 5604 Ad
1553 5553 1667 5620 hac
1697 5550 1871 5619 diplo-

1989 4921 2154 4994 θέτης
2179 4919 2516 4994 τοῦίδρόμου
2542 4921 2722 4994 dictus
2745 4929 2850 4977 est.
2886 4919 3155 4994 Craterum
3209 4917 3349 4988 apud
3379 4916 3563 4994 Tlteb-

1985 4989 2221 5060 phanem
2269 4989 2707 5060 Constantinus,
2766 5006 2872 5044 non
2921 4989 3244 5060 Antiochus,
3297 4990 3561 5056 patricius

1982 5058 2184 5133 dicitur
2205 5073 2256 5117 et
2291 5060 2586 5133 λογοθέτης
2618 5059 2710 5114 τοῦ
2749 5061 2974 5133 δρόμου.
3008 5060 3175 5133 Cujus
3201 5058 3374 5114 frater
3401 5062 3558 5116 Stra-

1985 5131 2162 5200 tegius
2191 5132 2504 5200 spatharius
2528 5131 2585 5186 et
2613 5131 2948 5186 domesticus
2980 5131 3380 5200 excubitorum.

2051 5199 2162 5270 (55)
2201 5203 2429 5269 Ὅρκον
2469 5201 2599 5256 κατ’
2636 5201 2845 5256 αὐτοῦ.
2884 5201 3114 5273 Augusti
3153 5200 3242 5262 50,
3277 5199 3464 5273 imljct.
3495 5204 3556 5259 ι.

1981 5267 2347 5342 Constantino
2415 5275 2848 5342 patriarcbatum
2921 5267 3216 5342 abrogati}
3264 5267 3557 5342 ὁμῲνυμος

1979 5340 2390 5413 βοιιειιιιιιίιιιιε,
2417 5335 2666 5411 ἐιιιιιιιυε
2700 5344 2934 5413 primum
2971 5343 3024 5396 in
3050 5335 3314 5402 flicriam,
3346 5335 3471 5390 inde
3500 5337 3554 5392 in

1978 5411 2290 5482 Principum
2319 5413 2550 5482 insulam
2583 5411 2850 5482 deportat.
2889 5411 3272 5482 Theophanes.

2047 5475 2466 5553 (SM-Nimim?
2493 5481 2582 5538 δέ.
2620 5475 2939 5538 Novembris
2975 5475 3172 5553 ltiilie,
3215 5475 3340 5553 'itttl.
3371 5475 3427 5541 5,
3458 5475 3552 5534 Ni-

1975 5548 2221 5609 cct'as'ab
2263 5548 2592 5624 imperatore
2646 5555 2712 5608 ad
2751 5551 3169 5622 patriarch-ilcm
3213 5548 3397 5611 sedem
3428 5562 3560 5611 etes

309 5619 456 5676 inata
483 5619 550 5676 ad
583 5622 910 5676 currendum
954 5620 1170 5676 nomine
1204 5621 1466 5689 principis
1508 5619 1590 5673 vel
1623 5621 1866 5690 magistri
1974 5635 2094 5679 ctus
2120 5635 2221 5681 est.
2257 5619 2430 5690 Idem,

309 5692 609 5760 ciliciorum
640 5690 770 5756 dare
807 5692 1046 5752 muneris
1075 5689 1313 5760 ejusdem
1361 5691 1482 5758 fuit,
1517 5705 1543 5746 a
1578 5705 1681 5767 quo
1709 5689 1864 5767 λογο-
