3916 6204
443 226 546 290 995
1460 228 1521 287 S.
1558 225 1977 287 NI‘CEPHORI
2015 224 2521 286 PATRIARCHE
2558 224 2664 284 CP.
3590 220 3693 284 996

445 370 3696 405 Μ

753 534 1097 650 ΤΟΥ
1202 536 1420 649 ΕΝ
1538 534 2163 650 ΑΓΙΟΙΣ
2269 527 3341 649 ΝΙΚΗΦΟΡΟΥ

1027 744 1599 798 ΑΡΧῘΕΠΙΣΚΟΠΟΥ
1634 743 2456 799 ΚΩΝΣΤΑΝΤΙΝΟΥΠΟΛΕΩΣ
2492 746 2613 799 ΚΑΙ
2660 745 3129 801 ΟΜΟΛΟΓΗἸῸΥ

923 907 2119 1046 ΧΡΟΝΟΓΡΑΦΙΑ
2205 911 3187 1048 ΣΥΝΤΟΜΟΣ.
3268 832 3277 838 ”

1374 1319 1889 1433 SANCTI
1936 1364 1943 1367 '
1993 1316 2772 1434 NICEPHORI

924 1541 1882 1604 CONSTANTINOPOLITANI
1927 1539 2535 1605 ARCHIEPISCOPI
2577 1542 2681 1603 ET
2723 1543 3261 1609 CONFESSOIUS

1047 1727 2394 1857 CHRONOGRAPHIA
2487 1732 3111 1865 BREVIS.

1252 1984 1536 2030 CAROLUS
1567 1984 1719 2029 AUG.
1754 1983 2047 2028 CREDNER
2073 1984 2300 2030 TBEOL.
2334 1985 2411 2029 ET
2439 1985 2605 2030 PHIL.
2652 1987 2915 2032 DOCTOR.

1449 2131 1656 2194 (Gissa,
1687 2127 1819 2193 typis
1843 2129 1966 2180 Geo.
1990 2129 2127 2180 Frid.
2159 2129 2365 2192 Heyeri.
2400 2135 2734 2197 nocccxxxu.)

1774 2472 2398 2567 MONITUM.

538 2832 673 2891 Cum
722 2839 846 2887 ante
880 2808 1096 2896 aliquod
1151 2825 1407 2894 temporis
1443 2824 1679 2894 spatium
1725 2822 1779 2875 in
1804 2822 2215 2892 perscrutandis
2248 2821 2534 2893 Epiphanii
2571 2826 2791 2895 scriptis
2840 2841 3112 2895 versarer,
3191 2832 3483 2902 aliquoties
3534 2834 3597 2891 de
3632 2835 3699 2890 lc-

473 2921 741 2976 ctionibns
792 2917 1135 2989 quibusdam,
1197 2926 1334 2982 quas
1369 2912 1493 2967 libri
1549 2912 1688 2982 typis
1736 2911 1985 2980 impressi
2027 2910 2306 2977 exhibent,
2358 2910 2739 2969 dubitationes
2795 2914 2927 2970 mihi
2998 2916 3208 2985 injecta;
3241 2929 3389 2976 sunt.
3423 2920 3699 2992 Epipbami

475 3008 656 3076 itaque
711 3007 954 3060 codicem
1009 3001 1294 3061 eximium,
1327 3014 1469 3054 anno
1520 2998 1657 3054 1504
1698 3015 1751 3067 p.
1780 2999 1915 3052 Chr.
1946 3012 2003 3053 ιι.
2065 2999 2352 3070 scriptum,
2401 3002 2673 3065 consului,
2710 3004 2801 3072 qui
2849 3004 2974 3059 aliis
3029 3008 3331 3064 rarioribus
3374 3026 3499 3064 cum
3562 3012 3699 3065 libris

476 3095 529 3147 in
563 3093 885 3146 bibliotheca
926 3088 1229 3143 Academiae
1280 3084 1524 3139 lenensis
1571 3093 1902 3139 asservatur.
1931 3084 2048 3141 Una
2071 3100 2194 3140 cum
2219 3087 2321 3141 hoc
2380 3088 2570 3142 codice
2620 3088 2674 3143 in
2731 3104 2924 3146 manus
2984 3093 3176 3148 incidit
3231 3110 3383 3151 meas
3428 3096 3694 3166 Nicephori

477 3179 833 3247 Chronologia
868 3175 1052 3238 breuis,
1084 3187 1206 3243 quae
1264 3172 1452 3235 nitide,
1478 3170 1571 3224 sed
1610 3185 1638 3223 a
1694 3171 1998 3225 recentiore
2044 3187 2206 3227 manu
2264 3174 2492 3242 scripta,
2523 3177 2575 3229 in
2625 3174 2733 3231 ﬁne
2779 3177 3021 3247 ejusdem
3067 3181 3274 3237 codicis
3325 3183 3546 3254 legitur.
3573 3183 3696 3238 Inest

480 3266 639 3320 rebus
687 3264 840 3317 novis
889 3272 1051 3331 atque
1085 3258 1400 3329 irrupinalis,
1433 3260 1620 3313 nescio
1662 3258 1789 3326 quid
1846 3258 1989 3324 quod
2053 3257 2300 3315 homines
2357 3261 2560 3315 alliciat
2605 3270 2769 3331 atque
2826 3267 3161 3321 curiosiores
3207 3268 3422 3323 reddat.
3469 3269 3603 3325 Hinc
3651 3278 3698 3323 et

479 3356 595 3421 ipse
640 3349 1003 3417 cognoscendi
1038 3348 1217 3402 studio
1243 3361 1507 3402 accensus
1545 3345 1831 3415 Nicephori
1855 3344 2150 3401 editionem
2191 3347 2553 3417 novissimam
2600 3365 2727 3405 cum
2768 3352 2968 3406 codice
3019 3352 3231 3409 lenensi
3280 3358 3512 3423 contuli,
3555 3373 3695 3428 quem

479 3455 598 3493 mox
637 3438 804 3491 multo
846 3447 902 3490 et
930 3435 1224 3507 pleniorem
1256 3444 1321 3488 et~
1347 3433 1779 3503 praestantiorem
1810 3431 2061 3500 cognovi.
2095 3429 2483 3499 Szepcnumcro
2531 3448 2653 3488 cum
2686 3436 3178 3494 animadverterent
3223 3442 3472 3498 codicem
3515 3441 3695 3499 leuen-

483 3543 597 3581 sem
627 3525 879 3580 comitem
910 3522 1012 3578 sibi
1049 3522 1247 3576 habere
1282 3521 1587 3574 versionem
1618 3517 1905 3588 Nicephori
1955 3517 2225 3583 Latinam,
2256 3534 2286 3573 a
2320 3520 2641 3585 Camerario
2671 3522 2998 3589 confectam,
3031 3526 3170 3581 hanc
3200 3527 3378 3597 ipsam
3428 3531 3692 3585 admotam

479 3614 789 3668 accuratius
816 3608 1022 3678 inspexi
1049 3625 1063 3673 ;
1095 3623 1202 3678 quo
1236 3607 1377 3662 facto
1400 3606 1697 3660 Camerarii
1721 3605 1955 3660 versioni
1976 3605 2214 3661 codicem
2250 3605 2525 3662 leneusem
2552 3608 2721 3665 fuisse
2750 3624 2846 3679 pro
2870 3610 3035 3666 fundo
3070 3628 3193 3668 mox
3223 3629 3325 3689 pro
3356 3627 3511 3671 certo
3533 3618 3693 3672 habui.

482 3703 556 3757 Ita
591 3701 736 3756 enim
768 3699 1039 3767 interpres
1079 3698 1216 3767 ipse,
1252 3697 1303 3750 in
1329 3697 1591 3764 prooemio
1619 3695 1737 3747 libri
1771 3694 1856 3748 cui
1894 3692 2082 3748 titulus
2117 3709 2134 3745 :
2184 3692 2536 3764 Chronologia
2584 3701 2871 3750 secundum
2904 3695 3211 3752 Grecorum
3272 3703 3536 3757 rationem
3579 3715 3693 3758 teat-

481 3788 691 3855 poribus
709 3789 982 3856 expositis,
1007 3796 1217 3838 auctare
1246 3783 1545 3852 Nicepliaro
1565 3782 1952 3851 archiepiscopo
1977 3779 2479 3845 CommminOpolis,
2494 3795 2740 3834 conversa
2767 3783 2821 3834 in
2842 3798 3129 3837 sermonem
3156 3784 3411 3840 Latinum
3430 3791 3495 3842 de
3509 3787 3694 3853 Grato,

480 3885 529 3928 et
562 3873 825 3940 explicata
849 3891 880 3926 a
908 3871 1188 3925 Joarhimo
1218 3871 1521 3926 Camerario
1554 3869 1954 3939 Pabepergensi,
1986 3882 2221 3935 nuncque
2241 3866 2467 3933 primum
2484 3867 2645 3919 edita.
2675 3868 2873 3921 Addita
2900 3879 3001 3933 est,
3034 3881 3141 3925 etc.
3172 3871 3406 3928 Basilea:
3429 3892 3522 3942 per
3543 3876 3695 3930 Joan-

482 3976 598 4014 nem
633 3958 921 4028 Oporinum
953 3957 1030 4029 (in
1063 3961 1167 4011 line
1196 3975 1210 4011 :
1245 3956 1395 4010 Anno
1422 3957 1609 4010 salutis
1639 3958 1884 4010 humana?
1926 3954 1982 4008 Μ
1990 3952 2182 4018 DLXI,
2205 3969 2377 4007 mense
2402 3952 2714 4027 Ianuario),
2746 3971 2801 4026 p.
2837 3956 2902 4011 17
2935 3973 2952 4009 :
2986 3976 3006 4011 ι
3046 3957 3212 4014 Incidi
3237 3962 3291 4014 in
3340 3963 3689 4033 χρονολογίαν,

491 4047 576 4102 cui
620 4045 998 4116 priescriptum
1034 4053 1178 4100 esset
1202 4044 1440 4098 auctoris
1469 4059 1661 4099 nomen
1710 4041 1997 4112 Nicephori
2027 4043 2265 4112 episcopi
2287 4041 2809 4113 Constantinopolis,
2864 4054 3144 4101 exaratam
3197 4047 3347 4103 illam
3389 4051 3602 4122 quidem
3645 4050 3688 4102 in

492 4135 680 4203 paucis
702 4134 936 4196 chartis,
972 4148 1092 4201 quas
1127 4140 1310 4187 essent
1332 4133 1667 4186 concinnatae
1697 4146 1819 4187 cum
1856 4145 2021 4199 opere
2053 4130 2356 4202 Epipbanii,
2390 4132 2460 4187 de
2492 4147 2599 4200 quo
2628 4133 2860 4188 eximius
2888 4132 3195 4204 Theologus
3223 4134 3465 4192 Joannes
3499 4139 3683 4209 Lausus

485 4221 856 4293 typographis,
885 4230 944 4274 ut
973 4219 1367 4290 exprimeretur
1392 4218 1546 4283 illud,
1582 4219 1810 4289 benigne
1846 4220 2289 4274 accommodavit.
2312 4216 2447 4273 Cum
2479 4230 2661 4274 autem
2692 4219 2814 4285 hoc,
2844 4236 2942 4291 pro
2987 4223 3159 4276 veteri
3186 4225 3587 4279 necessitudine
3609 4240 3691 4278 no-

494 4321 631 4374 stra,
658 4321 786 4364 tunc
809 4322 1023 4377 quoque
1042 4322 1299 4377 perquam
1342 4303 1686 4361 lannliariter
1717 4306 1793 4360 uti
1826 4306 2231 4374 concederetur,
2266 4308 2382 4362 viro
2412 4324 2519 4363 non
2541 4309 2699 4364 modo
2725 4311 2984 4379 dignitate
3009 4320 3067 4366 et
3088 4312 3355 4375 doctrina.
3399 4317 3496 4368 sed
3520 4313 3689 4368 huma-

487 4402 657 4454 nitate
696 4398 858 4453 etiam
898 4406 1221 4466 praestante,
1262 4395 1592 4460 sumpsimus
1619 4395 1687 4447 ab
1722 4394 1838 4463 ipso
1866 4404 1920 4450 et
1949 4395 2091 4449 hunc
2127 4394 2345 4461 librum,
2368 4404 2422 4450 et
2451 4396 2586 4451 alios
2606 4398 2933 4467 complures,
2968 4413 3199 4468 quorum
3227 4398 3469 4456 lectione
3504 4413 3689 4455 recrea-

486 4505 607 4543 mur
641 4489 694 4543 in
727 4487 816 4542 illo
851 4497 1036 4541 nostro
1058 4487 1190 4539 satis
1221 4486 1499 4553 negotioso
1536 4495 1589 4538 et
1613 4483 1834 4547 minime
1865 4483 2048 4552 quieto
2068 4483 2178 4537 otio
2212 4499 2226 4537 :
2255 4493 2308 4536 et
2340 4498 2482 4547 eam,
2509 4497 2669 4551 quam
2685 4484 2795 4538 disi
2838 4484 3206 4554 χρονολογίαν,
3239 4501 3365 4539 cum
3406 4486 3689 4542 describere

484 4579 647 4630 etiam
687 4575 971 4645 cmpisscm
997 4573 1187 4628 Latina
1215 4571 1460 4627 oratione
1491 4572 1769 4633 vertendo,
1807 4569 2132 4640 deprehendi
2171 4569 2334 4623 multa
2368 4579 2421 4623 et
2455 4571 2697 4625 auctoris
2728 4581 2785 4625 et
2811 4572 3019 4626 librarii
3043 4582 3246 4627 errata.
3265 4571 3494 4629 Perrexi
3516 4584 3689 4632 tamen.

488 4674 543 4715 nt
574 4676 866 4731 creperum.
902 4659 966 4714 Et
1016 4670 1201 4729 postea
1238 4657 1421 4711 multis
1444 4658 1507 4711 de
1528 4657 1709 4712 causis
1753 4657 2055 4710 faciendum
2089 4672 2209 4712 esse
2247 4658 2396 4724 duxi,
2433 4668 2492 4712 ut
2536 4659 2649 4713 haec
2689 4660 2831 4729 ipsa.
2864 4674 3038 4728 neque
3088 4671 3335 4714 correcta
3368 4662 3504 4717 satis
3544 4672 3692 4723 neque

487 4749 749 4819 explicata
786 4749 1009 4811 diserte,
1041 4744 1306 4815 exemplis
1341 4753 1519 4797 tamen
1550 4741 1919 4811 compluribus
1947 4758 2223 4813 expressa,
2258 4747 2550 4801 emittenda
2579 4761 2850 4801 curarem.
2896 4765 2914 4799 ι
2950 4747 3334 4817 Acquisiverat
3376 4758 3562 4819 postea
3606 4743 3690 4801 sibi

490 4837 738 4889 eumdem
770 4835 1035 4901 codicem,
1070 4835 1255 4888 nescio
1285 4847 1386 4900 qua
1409 4831 1518 4893 via,
1557 4828 1642 4885 «ιο.
1667 4828 1835 4883 Andr.
1868 4829 2025 4895 Bose,
2052 4831 2324 4899 professor
2349 4832 2609 4895 lenensis.
2641 4834 2733 4902 qui
2770 4833 2824 4886 iu
2853 4834 3083 4902 cpistola
3120 4848 3263 4888 anno
3284 4833 3430 4889 1655
3456 4835 3522 4888 ad
3554 4830 3613 4885 ν.
3639 4830 3688 4881 D-

490 4920 751 4975 Thomam
784 4921 1097 4975 Reinesinm
1130 4922 1279 4983 data,
1314 4920 1379 4974 de
1400 4933 1468 4971 eo
1498 4917 1610 4970 haec
1638 4917 1894 4969 disseruit
1926 4917 2000 4985 (l)
2039 4933 2055 4971 :
2093 4935 2113 4968 ί
2156 4917 2363 4973 Paucos
2391 4930 2519 4973 ante
2553 4920 2667 4973 dies
2698 4921 2753 4974 in
2811 4936 3004 4976 manus
3047 4936 3198 4976 meas
3224 4922 3378 4976 venit
3411 4937 3533 4976 cum
3585 4917 3691 4987 Epi-

495 5010 690 5077 phanio
731 5025 831 5062 ms.
866 5008 1153 5078 Nieephori
1214 5007 1616 5076 Chronologia,
1643 5022 1672 5058 a
1728 5004 2093 5072 Scaligeriaua
2158 5004 2395 5059 editione
2455 5006 2594 5060 haud
2646 5020 2834 5074 parum
2887 5007 3224 5075 discrepans,
3258 5024 3384 5061 cum
3421 5009 3560 5072 aliis,
3600 5015 3689 5058 tum

492 5096 795 5166 przl‘set'litu
835 5098 1078 5149 numeris
1109 5112 1391 5150 annorum.
1430 5094 1676 5163 Snppleri
1715 5094 1840 5146 hinc
1871 5101 1923 5146 et
1973 5091 2176 5145 lacuum
2207 5099 2449 5158 possunt,
2473 5105 2592 5158 qua:
2623 5094 2762 5159 apud
2787 5092 3121 5161 Scaligerum
3176 5092 3465 5148 habentur.
3491 5092 3583 5146 Est
3619 5103 3691 5142 auo

494 5199 599 5237 tum
635 5185 681 5238 is
720 5185 911 5248 codex,
945 5198 1052 5252 quo
1077 5182 1458 5236 Mclanchtbon
1494 5192 1549 5235 et
1578 5180 1926 5236 Canwrarius
1948 5178 2205 5233 beneﬁcio
2229 5178 2449 5234 Joannis
2500 5178 2686 5250 Langii
2720 5182 2800 5233 usi
2828 5192 2954 5233 sunt
3005 5182 3205 5247 :cujus
3237 5190 3292 5237 et
3348 5196 3540 5236 nomen
3579 5190 3686 5248 pr:-

492 5276 754 5343 srriptum
786 5272 969 5325 habet.
1007 5288 1027 5321 ι
1050 5269 1151 5336 Qui
1190 5271 1405 5337 quidem
1442 5270 1635 5332 codex,
1674 5268 1956 5337 Epiphanii
1980 5282 2141 5335 opera
2170 5284 2273 5321 non
2299 5269 2500 5330 onmia,
2533 5269 2629 5321 sed
2661 5268 3020 5337 posteriorem
3049 5278 3255 5323 tantum
3282 5272 3601 5337 scriptorum
3622 5276 3688 5332 κο·

494 5364 781 5415 nninnrum
810 5367 1020 5428 partem
1054 5358 1362 5422 continens,
1400 5366 1584 5426 postea
1610 5371 1715 5410 una
1751 5370 1873 5410 cum
1905 5353 2058 5407 libris
2088 5351 2313 5422 Buderi,
2352 5356 2404 5409 in
2433 5355 2813 5410 bibliothecam
2842 5356 3222 5411 Academicam
3269 5356 3485 5410 delatus
3510 5364 3604 5411 est.

562 5537 638 5656 (l3
668 5536 887 5590 Thomas
923 5533 1161 5588 Reinesii
1190 5541 1242 5586 et
1276 5528 1358 5584 Jo.
1399 5530 1567 5582 Andr.
1607 5529 1769 5593 Bosii,
1799 5529 2037 5583 virorum
2077 5526 2552 5584 celeberrimorum
2603 5524 2860 5597 Epistola
2897 5536 3115 5589 mutuae.
3168 5534 3301 5590 etc.,
3353 5522 3573 5594 public-ae
3606 5514 3692 5574 luci

569 5616 586 5656 t
646 5621 699 5656 ο.
731 5606 897 5656 Andr.
923 5606 1264 5656 Schmidens.
1301 5602 1460 5656 lente.
1498 5599 1657 5656 1700.
1692 5615 1742 5656 [ι.
1780 5600 1875 5653 ’ὀύι
1905 5614 1950 5653 s.

495 5599 586 5656 dat
615 5599 699 5658 Jo.
731 5606 897 5661 Andr.
923 5606 1264 5661 Schmidens.
1301 5602 1460 5665 lenae,
1498 5599 1657 5662 1700,
1692 5615 1742 5668 p.
1780 5600 1875 5653 ὅθι
1905 5614 1950 5653 s.
