3972 6220
441 252 548 316 999
1475 257 1539 314 S.
1577 253 1998 316 NICEPHORI

2170 249 2548 312 ’ΒΙΑΒΟΗᾸΞ
2586 249 2700 309 CP.
3573 249 3738 317 ιῡοο

440 368 508 423 P.
540 365 776 422 Iacobus
835 363 1003 420 Guar.
1037 364 1144 422 Sed
1179 365 1246 423 de
1271 365 2165 438 hac‘NiceplioriCbronographia
2212 357 2460 434 pluribus
2497 362 2786 432 loquemur
2843 361 2900 417 in
2955 360 3197 419 editione
3245 359 3482 434 Operum
3537 365 3736 420 sancti

443 453 733 525 Nicephori
765 451 897 516 CP.,
919 451 1007 507 cui
1061 453 1368 523 propediem
1403 453 1623 509 manum
1671 454 2098 509 admovebimus.
2141 471 2162 504 ι
2195 453 2453 507 Attamen
2482 449 2814 517 Bandurius,
2846 450 3144 522 quominus
3177 450 3466 520 promissis
3490 453 3610 508 suis
3632 453 3736 512 bis

445 541 696 613 repetitis
723 548 915 604 staret,
947 539 1135 594 nescio
1162 539 1358 609 quibus
1383 541 1781 608 impedimentis
1814 539 2084 596 cohibitus
2108 549 2214 596 est.

517 627 811 686 liberiores
854 633 1054 695 praeter
1104 623 1442 682 Bandurium
1466 629 1690 684 notitias
1713 629 1780 683 de
1807 629 2086 683 codicibus
2115 641 2248 681 mss.
2271 623 2563 696 Nicephori
2589 624 2768 696 palam
2817 634 3226 697 proposuerunt
3255 625 3361 680 viri
3405 623 3728 682 doctissimi

445 715 797 775 Lambecius,
822 711 1170 768 Montl'aucon
1203 726 1258 768 et
1297 713 1536 780 Yriarte,
1557 715 1841 784 dequibus
1865 712 2178 768 consulatur
2202 711 2440 768 Fabricii
2478 712 2622 770 Bibl.
2655 711 2752 768 Gr.
2781 713 2873 768 ed.
2905 711 3114 767 Harles.
3149 711 3262 778 Vll,
3301 726 3360 782 p.
3406 709 3514 767 462
3553 727 3606 768 s.
3661 721 3730 769 ct

336 869 342 875 ι
444 819 501 873 p.
527 801 653 864 602,
685 799 861 869 quoin
889 799 1028 854 libro
1047 799 1210 854 etiam
1234 800 1441 856 codicis
1459 799 1770 870 Nicephori,
1789 801 1878 870 qui
1902 800 2040 855 lente
2069 811 2407 866 asservatur,
2434 801 2726 872 aliquoties
2748 800 2952 856 mentio
2985 800 3066 854 llt.

511 887 633 942 Jam
665 888 848 958 igitur,
875 886 1243 942 subsidiorum
1281 888 1599 943 criticorum
1635 903 1864 943 numero
1890 897 2071 942 nostra
2098 896 2256 941 aetate
2283 895 2571 956 tantopere
2601 887 2858 948 atlaucto,
2891 901 2999 940 non
3041 895 3185 952 erat,
3211 887 3356 957 quod
3399 888 3582 944 editor
3607 903 3726 942 no-

447 977 702 1031 vissimus
733 973 890 1041 hujus
913 971 1200 1044 Nicephori
1227 975 1418 1039 libelli,
1448 977 1502 1030 in
1547 974 1780 1044 Corpore
1828 977 2149 1046 scriptorum
2173 971 2427 1050 Historia
2447 972 2784 1044 Byzantina,
2811 977 2959 1043 quod
2989 973 3332 1031 celeberrimi
3400 975 3721 1044 Niebuhrii,

439 1061 552 1130 jam
579 1057 844 1121 defuncti,
877 1057 978 1111 sub
999 1057 1256 1126 auspiciis
1284 1059 1508 1128 prodiit,
1529 1068 1585 1114 et
1611 1059 1870 1114 editionis
1893 1056 2272 1116 emendauerit
2297 1069 2351 1116 et
2401 1061 2712 1130 copiosioris
2755 1075 2869 1129 prae
2921 1075 2982 1116 se
3011 1059 3119 1115 fert
3144 1061 3384 1127 titulum,
3405 1061 3576 1118 Goari
3601 1073 3724 1120 tam

446 1155 656 1200 textum
681 1158 848 1212 quam
875 1138 1282 1208 adnotationes,
1301 1153 1608 1215 utrumque
1634 1144 1776 1200 male
1795 1145 2176 1214 compositum,
2196 1157 2489 1220 repeteret.
2510 1149 2800 1203 Adhibitus
2820 1148 3060 1217 Equidem
3091 1156 3176 1204 est
3202 1149 3236 1203 ‘a
3292 1147 3577 1205 υἱιιάοῆἰο
3615 1167 3722 1207 co-

443 1233 548 1287 dex
570 1245 710 1284 unus
733 1229 1036 1294 Parisinus,
1067 1231 1161 1286 sed
1197 1231 1347 1300 parvi
1363 1233 1546 1310 pret-ii,
1571 1233 1682 1288 imo
1710 1233 1950 1290 fortasse
1973 1249 2079 1289 non
2105 1235 2356 1290 diversus
2387 1235 2457 1289 ab
2499 1249 2566 1290 eo
2593 1248 2702 1304 quo
2724 1234 2973 1304 Scaliger
2999 1250 3131 1290 usus
3157 1243 3284 1302 est;
3311 1235 3523 1292 lacuna
3563 1238 3720 1293 enim

443 1321 720 1392 graviores
751 1319 808 1374 in
837 1320 1306 1390 utroqueeaadem.
1332 1321 1416 1375 Ad
1464 1323 1567 1378 hoc
1619 1323 1885 1388 secedunt
1910 1321 2076 1378 Goari
2099 1319 2154 1374 in
2181 1321 2628 1378 adnotationibus
2655 1336 2894 1386 errores,
2929 1322 2983 1375 in
3031 1321 3138 1376 hac
3196 1323 3490 1378 novissima
3543 1333 3722 1396 atque

443 1409 726 1463 emendata
749 1406 989 1462 editione
1047 1408 1280 1476 repetiti.
1322 1409 1484 1476 Quid,
1515 1411 1660 1480 quod
1694 1411 1874 1466 editor
1919 1423 1988 1465 ne
2048 1410 2355 1463 versionem
2392 1408 2614 1475 quidem
2651 1407 2901 1462 Latinam
2927 1409 3100 1462 textui
3134 1408 3325 1464 Graeco
3357 1409 3447 1464 hic
3479 1411 3612 1474 illic,
3644 1427 3722 1466 ne

443 1495 618 1550 dicam
647 1493 955 1559 emendato,
987 1503 1195 1550 mutato
1219 1503 1399 1550 tamen
1436 1497 1966 1564 accommodaverit?
1995 1495 2106 1552 Cur
2135 1496 2352 1550 tandem
2397 1494 2763 1555 Valentiniani
2821 1509 3045 1564 prorsus
3077 1505 3336 1574 corrupta
3387 1499 3721 1569 genealogis

443 1584 674 1651 repetita
698 1591 804 1645 est,
828 1595 934 1634 una
957 1579 1258 1638 cumGoari
1277 1583 1628 1640 adnotatione
1647 1602 1663 1616 ο
1689 1583 1757 1639 Ut
1789 1587 1874 1642 hic
1903 1583 2107 1648 Graece,
2123 1585 2198 1635 ita
2228 1580 2416 1636 Latine
2435 1589 2740 1648 corruptam
2763 1581 2970 1635 exhibet
3001 1582 3320 1638 Anastasius
3340 1582 3559 1654 Regius,
3576 1597 3717 1652 etc.;

441 1682 566 1722 cum
593 1665 914 1722 Lambecius
943 1665 1020 1738 (6)
1045 1666 1156 1734 iam
1187 1668 1400 1737 pridem
1429 1671 1854 1726 emendatiorem
1883 1668 2265 1741 proposuerit?
2319 1666 2430 1724 Cur
2485 1668 2674 1722 mutila
2725 1667 2779 1722 in
2830 1669 2936 1722 line
2965 1668 3088 1730 libri
3108 1654 3506 1734 stichometria,
3537 1687 3714 1738 quam

443 1753 794 1822 iutegriorem
849 1751 1195 1808 Montl‘aucon
1253 1755 1330 1823 (7)
1381 1755 1494 1825 jam
1525 1757 1730 1824 pridem
1760 1755 2156 1826 divulgaverit?
2182 1755 2290 1810 Sed
2324 1754 2444 1812 haec
2470 1757 2757 1817 hactenus.
2791 1753 3024 1810 Textum
3055 1757 3202 1812 enim
3228 1756 3518 1826 Nicephori
3555 1755 3719 1816 Gra-

442 1856 589 1904 cum,
626 1841 764 1912 typis
791 1841 970 1894 adhuc
995 1840 1343 1910 impressum,
1384 1843 1474 1896 vix
1505 1843 1670 1899 ullius
1699 1858 1823 1898 esse
1847 1843 2032 1912 pretii,
2051 1858 2121 1898 ex
2151 1845 2236 1900 his
2263 1859 2384 1914 qua:
2414 1843 2605 1913 paucis
2626 1843 3046 1912 disputavimus,
3085 1853 3240 1899 certo
3266 1855 3504 1901 constat.
3537 1893 3546 1902 .

514 1927 669 1994 Quod
695 1938 874 1982 autem
909 1927 975 1982 ad
1001 1927 1164 1997 hujus
1197 1929 1581 1998 Chronolosiae
1610 1931 1896 1987 utilitatem
1930 1932 2146 1995 attinet,
2170 1930 2327 2006 plura
2384 1931 2570 1986 insunt
2599 1947 2720 2003 qua:
2763 1931 2848 1988 vel
2879 1933 3120 2007 novitate
3163 1949 3263 1988 sua
3321 1935 3411 1990 vel
3462 1935 3604 1991 alias
3640 1941 3716 1992 ob

445 2031 638 2071 causas
673 2031 732 2071 se
763 2016 1176 2071 commendent.
1206 2013 1310 2070 Vix
1339 2017 1764 2090 commodiorem
1812 2032 1986 2074 annos
2009 2021 2195 2074 mundi
2246 2021 2591 2090 computandi
2626 2019 2898 2075 rationem
2926 2021 3223 2088 inveneris,
3259 2032 3428 2092 quam
3475 2038 3506 2076 a
3551 2022 3713 2080 Nice-

443 2113 615 2180 plioro
639 2109 998 2178 prepositam.
1027 2109 1304 2165 Recensus
1329 2111 1694 2179 Augustarum
1725 2111 1841 2165 sive
1873 2125 2104 2166 uxorum
2148 2111 2539 2180 imperatorum
2569 2113 2682 2182 jam
2707 2111 3087 2168 Camerarium
3109 2111 3319 2181 justum
3344 2113 3700 2185 (laudatorem

442 2199 654 2254 habuit.
693 2195 1077 2253 Stichometria
1108 2196 1372 2252 librorum
1407 2197 1747 2264 bibl‘tcorttm,
1785 2197 1901 2252 sola
1929 2197 2070 2268 apud
2127 2195 2386 2252 Nostrum
2421 2199 2601 2264 obvia,
2639 2199 2880 2255 historiae
2930 2200 3046 2255 sive
3105 2201 3336 2256 canonis
3377 2201 3500 2256 sive
3529 2214 3714 2260 textus

445 2287 656 2340 ratione
681 2284 886 2349 'nabita,
917 2282 1140 2338 maximi
1171 2293 1259 2339 est
1291 2283 1578 2340 momenti.
1612 2282 1912 2356 Praeterea,
1943 2298 2167 2354 parvum
2215 2283 2426 2339 huncce
2465 2283 2703 2340 libellum
2751 2287 2804 2350 in
2869 2285 3066 2356 primis
3099 2285 3360 2352 juvenum
3393 2289 3716 2345 seminariis

444 2371 762 2441 tlteologicis
805 2371 1171 2449 ascriptorum
1207 2371 1406 2426 studiis
1433 2369 1746 2426 conducere
1769 2385 1930 2440 posse
1959 2369 2194 2425 conlido.
2229 2369 2552 2440 Suppeditat
2581 2372 2724 2426 enim
2770 2372 2856 2428 hic
2902 2371 3139 2439 libellus,
3174 2375 3267 2445 qui
3317 2383 3398 2430 tot
3429 2389 3574 2444 pene
3623 2378 3715 2434 bi-

445 2461 698 2522 smricas,
728 2461 1056 2526 exegeticas,
1081 2459 1298 2513 criticas
1336 2458 1858 2528 quastiones,'quot
1887 2458 2051 2512 verba
2083 2457 2352 2522 continet,
2410 2457 2614 2528 largam
2670 2459 2874 2514 diversi
2937 2461 3158 2528 generis
3200 2460 3438 2531 copiam,
3469 2463 3553 2518 .in
3603 2480 3712 2535 qua

445 2547 761 2615 exponenda
793 2556 956 2614 atque
985 2545 1336 2612 dijudicanda
1371 2545 1506 2614 quid
1539 2555 1799 2615 prastare
1821 2544 2032 2614 possint
2059 2544 2206 2600 vires
2231 2544 2498 2614 iuveniles
2524 2546 3027 2613 experiantut‘Jam
3062 2549 3194 2602 mihi
3223 2548 3324 2618 ipsi
3354 2559 3440 2605 est
3467 2551 3711 2620 animus,

445 2635 572 2688 data
609 2633 918 2700 occasione,
937 2631 1169 2702 singulis
1195 2631 1754 2687 connuentationibus
1807 2631 2047 2704 singulas
2077 2631 2237 2702 hujus
2269 2630 2436 2693 libelli
2467 2642 2651 2702 partes
2712 2633 3053 2704 disquirendi
3085 2647 3252 2704 atque
3302 2639 3660 2694 examinandi
3691 2655 3711 2707 ;

447 2731 777 2791 quapropter
803 2735 1106 2794 nunc,quae
1135 2721 1202 2774 de
1224 2731 1468 2784 auctore,
1491 2721 1607 2776 sive
1639 2721 1820 2792 potius
1848 2719 2160 2776 auctoribus
2185 2712 2350 2790 hujus
2373 2718 2537 2774 libelli
2569 2721 2791 2776 dicenda
2824 2721 3083 2776 haberem
3105 2725 3460 2792 praetermisi;
3496 2725 3614 2781 imo
3639 2741 3715 2782 ne

449 2810 612 2866 tutius
642 2809 858 2878 quidem
884 2807 1362 2878 opusculi-textum
1392 2806 1668 2874 Graecum,
1709 2799 2164 2878 quemadmodum
2208 2805 2264 2860 in
2321 2794 2461 2861 votis
2491 2807 2813 2873 habueram,
2855 2811 3134 2878 proposui,
3169 2810 3268 2866 sed
3318 2812 3554 2880 primam
3587 2823 3716 2867 tan-

450 2907 562 2950 tum
595 2898 713 2964 ejus
739 2906 968 2966 partem,
1007 2911 1126 2965 qua:
1155 2911 1271 2948 mea
1301 2911 1368 2950 ex
1397 2896 1668 2950 sententia
1701 2907 1900 2966 praeter
1922 2898 2094 2966 ipsam
2139 2890 2436 2963 Nicephori
2481 2892 3012 2970 Cbrouographiam,
3040 2897 3412 2954 additamenta
3441 2901 3702 2969 quadarn

451 2985 642 3039 incerti
675 2983 916 3038 auctoris
943 2984 1376 3052 comprehendit,
1415 2991 1475 3037 ut
1501 2985 1676 3040 serius
1695 2983 1941 3052 pluribus
1974 2986 2388 3040 demonstrabo.
3207 3027 3214 3034 .

522 3072 579 3124 In
608 3071 925 3124 adornanda
956 3081 1136 3124 autem
1172 3080 1320 3124 textu
1369 3067 1584 3134 Graeco,
1625 3086 1750 3125 cum
1791 3075 1857 3124 ad
1893 3071 2252 3128 bibliothecas
2284 3069 2638 3143 Vindbbopae,
2672 3075 2922 3142 Parisiis,
2964 3074 3196 3132 Madridi
3218 3078 3400 3136 aditus
3436 3081 3567 3136 ibi
3595 3097 3708 3139 non

452 3168 684 3227 pateret,
715 3159 786 3211 ita
813 3167 1059 3212 versatus
1092 3172 1236 3220 sum,
1267 3167 1326 3211 ut
1356 3159 1599 3212 codicem
1624 3158 1902 3212 lenensem
1935 3173 2058 3212 cum
2094 3169 2242 3214 textu
2274 3161 2574 3217 editionum
2621 3161 2908 3234 diligenter
2930 3164 3235 3220 conferrem
3269 3175 3324 3222 et
3369 3169 3568 3224 codicis
3613 3170 3703 3226 le-

453 3245 661 3299 ctiones
697 3259 884 3298 omnes
937 3244 1068 3298 mihi
1128 3259 1234 3299 non
1265 3241 2122 3314 probatasanimadversionibus
2144 3245 2350 3302 criticis
2376 3247 2700 3318 insererem,
2725 3252 2910 3307 addito
2951 3252 3108 3323 signo
3146 3252 3410 3310 lectiones
3449 3256 3708 3314 editionis

452 3332 568 3386 sive
593 3329 756 3386 Goari
787 3329 1188 3386 sive-Dindorlii
1220 3333 1376 3398 signo
1406 3329 1468 3386 ν.
1501 3332 1582 3386 vel
1609 3329 1766 3401 Vulg.
1806 3333 2039 3388 iudicavi
2065 3349 2082 3400 ;
2111 3333 2378 3388 lectiones
2397 3343 2580 3390 autem
2605 3338 2813 3392 codicis
2837 3337 3067 3393 Parisini
3099 3353 3130 3394 a
3158 3339 3435 3395 Dindorlio
3470 3345 3712 3400 adhibiti

456 3423 633 3474 littera
663 3419 730 3472 li.
785 3417 1054 3489 (Regius).
1093 3417 1535 3488 QuotieScunque
1562 3418 1823 3474 Dindorﬂi
1851 3429 2079 3475 textusa
2103 3429 2252 3476 textu
2311 3421 2476 3479 Goari
2507 3425 2828 3491 recederet,
2870 3425 3138 3484 Dindorﬁi
3170 3414 3393 3486 nomen
3443 3435 3710 3505 ascripsi.

454 3507 714 3578 Scaligeri
755 3507 1050 3591 editionem
1083 3509 1398 3574 secundum,
1438 3509 1490 3562 in
1543 3507 1826 3564 Thesauro
1849 3517 2178 3580 temporum,
2213 3512 2630 3582 Amstelodami,
2669 3515 2810 3572 £658
2839 3520 3096 3589 (primam
3138 3537 3250 3576 non
3280 3523 3496 3589 habui),
3529 3527 3710 3582 denuo
3811 3518 3818 3524 ’

451 3596 678 3661 contuli,
707 3595 802 3649 sed
843 3595 1061 3649 nonnisi
1096 3609 1268 3664 usque
1294 3595 1361 3666 ad
1410 3595 1776 3650 Alexandrum
1809 3591 2084 3667 Magnum,
2120 3603 2378 3670 quoniam
2437 3619 2506 3660 ex
2542 3605 2868 3664 lectionibus
2919 3611 3260 3668 variantibus
3309 3614 3458 3668 nihil
3495 3615 3713 3671 fructus

449 3683 569 3752 capi
597 3697 755 3768 posse
781 3682 1040 3736 intellexi.
1068 3681 1356 3768 bentiones
1384 3681 1466 3736 ha:
1489 3683 1648 3752 signo
1675 3680 1822 3738 Scal.
1851 3683 1912 3738 Π
1953 3677 2381 3758 distinguuntur.
2409 3691 2583 3768 Porro
2619 3695 2801 3750 Contii
2831 3675 3060 3763 textum,
3099 3713 3166 3754 ex
3199 3698 3530 3755 Bibliotheca
3563 3701 3711 3758 Satt-

446 3781 652 3822 ctorum
681 3766 928 3830 Patrum,
945 3785 1037 3836 per
1053 3767 1422 3855 Margarinum
1441 3769 1507 3823 de
1531 3768 1606 3823 La
1625 3769 1812 3840 Bigne,
1833 3783 1966 3828 tom.
1987 3771 2098 3841 νη,
2116 3779 2198 3833 ed.
2219 3780 2254 3831 2
2285 3766 2706 3849 Parisiis,1589,
2728 3799 2780 3852 p.
2800 3783 2908 3839 974
2927 3799 3108 3855 seqq.,
3127 3787 3372 3852 adtribui;
3390 3791 3488 3844 sed
3514 3791 3710 3845 sedulo

450 3855 582 3908 mihi
624 3855 746 3908 cavi
790 3869 860 3908 ne
907 3855 1046 3908 ultra
1079 3853 1394 3942 Mlclianelem
1431 3867 1485 3910 et
1523 3857 1881 3928 Theophilum
1911 3861 2275 3932 imperatores
2301 3866 2408 3921 Cl’.
2461 3883 2776 3940 pergerem;
2807 3853 3065 3942 praeterea
3119 3877 3364 3931 consului
3427 3880 3708 3934 Anastasii

445 3943 762 4034 Historiam,
797 3943 1167 4034 exueditione
1221 3934 1466 4034 Fabroti,
1502 3959 1624 4034 quae
1656 3947 1834 4016 primo
1870 3951 2069 4034 prodiit
2106 3950 2334 4009 Parisiis
2361 3934 2520 4011 1619'
2548 3934 2691 4013 inter
2725 3934 3024 4028 scriptores
3058 3959 3313 4016 Historia,-
3363 3963 3704 4034 Byzantina,

445 4034 478 4084 d
515 4031 662 4119 inde,
691 4031 812 4086 sine
833 4029 956 4119 blla
985 4037 1162 4119 textus
1180 4031 1472 4103 varietate,
1510 4033 1749 4089 Venetiis
1781 4037 1940 4092 {729.
1977 4032 2058 4094 Ad
2096 4041 2196 4094 has
2219 4041 2489 4098 editiones
2524 4044 2806 4102 referenda
2840 4058 2991 4117 sunt,
3025 4065 3146 4119 qua:
3170 4029 3444 4106 Anastasii
3479 4029 3709 4110 nomine

443 4117 1122 4206 signaviums.Camerarii
1163 4119 1427 4178 lectiones
1454 4122 1730 4202 variantes
1764 4121 1878 4180 fere
1925 4141 2115 4182 omnes
2154 4137 2210 4183 et
2241 4127 2424 4185 Contii
2456 4131 2510 4186 in
2539 4136 2844 4202 pesteriore
2897 4117 3064 4196 libelli
3119 4148 3274 4206 parte
3328 4141 3586 4196 consulto
3612 4157 3704 4197 se-

442 4207 602 4262 clusi.
625 4205 870 4277 Denique
890 4203 1182 4276 Nicephori
1221 4208 1536 4278 particulas,
1570 4225 1601 4264 a
1644 4209 2249 4276 Lambecio,Bandurio
2282 4227 2338 4272 et
2365 4217 2871 4278 Montel'alconloin
2935 4223 3092 4280 libris
3122 4203 3290 4294 supra
3320 4226 3561 4283 laudatis
3587 4229 3706 4284 edi-

441 4305 545 4357 tas,
573 4295 626 4350 in
650 4295 912 4350 auxilium
935 4293 1178 4350 adhibui.
1202 4294 1512 4367 Catalngum
1545 4300 1792 4353 codicum
1821 4316 1951 4356 mss.
1979 4300 2189 4364 Madriti
2216 4307 2284 4357 ab
2331 4302 2540 4360 Yrinrte
2567 4308 2770 4363 editum
2799 4311 2952 4366 adire
2973 4312 3104 4366 mihi
3137 4293 3242 4366 non
3272 4312 3448 4369 licuit.

508 4378 637 4438 llaec
657 4385 746 4438 ubi
779 4383 1016 4438 subsidia
1052 4383 1120 4437 ad
1145 4393 1350 4436 textum
1379 4385 1820 4440 constituendum
1847 4404 1950 4442 non
1973 4387 2341 4454 subiciebant,
2370 4406 2439 4445 ex
2469 4383 2736 4462 ipsa'libri
2759 4396 2945 4452 indole
2977 4401 3220 4455 auctoris
3251 4413 3437 4454 veram
3471 4410 3703 4456 senten-

438 4473 571 4526 tiam
609 4473 919 4542 conjectura
945 4473 1164 4541 assequi
1201 4471 1380 4524 studui
1409 4489 1423 4538 ;
1454 4475 1596 4542 quod
1627 4474 2158 4546 quotiescunque,et
2211 4474 2374 4532 caute
2425 4479 2668 4548 quidem,
2698 4480 2904 4540 factum
2940 4497 3047 4551 est,
3071 4488 3235 4544 verba
3280 4487 3436 4544 uncis
3482 4489 3704 4546 inclusa

438 4561 656 4649 docent.
692 4557 957 4649 Nutrteros
987 4557 1214 4649 singulis
1241 4557 1323 4612 vel
1361 4559 1600 4649 regibus,
1637 4561 1718 4615 vel
1759 4564 2062 4649 episcopis,
2095 4572 2227 4628 etc.,
2261 4564 2422 4636 vulgo
2467 4569 2784 4637 praepositos
2814 4587 2844 4627 a
2870 4581 3022 4628 textu
3058 4577 3248 4631 abesse
3298 4575 3480 4644 v'olui;
3505 4592 3703 4649 magna

435 4645 582 4734 enim
609 4656 666 4734 et
696 4645 945 4734 codicum
977 4655 1029 4700 et
1058 4645 1435 4734 editionum‘in
1466 4647 1531 4734 iis
1555 4648 1820 4716 ponendis
1847 4651 2106 4716 varietas,
2133 4652 2276 4725 unde
2301 4653 2444 4708 haud
2479 4657 2634 4725 pauci
2657 4672 2874 4717 errores
2897 4661 2950 4716 in
2985 4672 3190 4722 tevtum
3225 4665 3588 4734 irrepserunt,
3601 4645 3709 4721 vtae

435 4731 676 4796 edocuit,
710 4731 809 4786 hos
835 4745 1090 4785 numeros
1119 4730 1188 4784 ab
1219 4739 1441 4785 auctore
1465 4732 1586 4803 ipso
1611 4747 1716 4785 non
1741 4747 1863 4788 esse
1901 4735 2194 4804 profectos.
3337 4730 3350 4734 ⁷
3523 4757 3534 4768 °

509 4819 673 4874 Goari
707 4820 1009 4874 versiom-m
1041 4816 1313 4880 Latinam,
1349 4819 1600 4888 quamvis
1634 4820 1834 4890 sapius
1881 4825 2404 4894 reprehendendam,
2442 4831 2638 4886 retinui
2661 4833 2902 4902 quidem,
2927 4839 3022 4890 sed
3075 4838 3244 4890 textui
3281 4847 3469 4894 nostro
3501 4837 3709 4910 ubique

439 4923 738 4978 congruam
787 4910 1020 4960 reddi-st.

531 5085 585 5158 6)
624 5085 896 5167 hatiibecii
933 5097 1242 5167 continent.
1279 5089 1361 5167 de
1390 5089 1775 5167 augustissima
1817 5089 2021 5167 Biblio-
2080 5116 2095 5130 κ
2134 5095 2342 5167 ρ.ῤ8ρ
2394 5111 2543 5167 seqq.
2790 5129 2796 5136 ι
2853 5113 2861 5120 ·

439 5157 590 5213 theca
648 5157 902 5211 “tia-sarea
943 5157 1388 5213 ‘Vindoboneusi.
1449 5157 1514 5214 ll.
1573 5161 1801 5213 Vindub.
1848 5162 2004 5215 i669.
2134 5157 2150 5164 “
2193 5164 2272 5236 (7)
2307 5157 2634 5225 Bibliotheca
2667 5172 3024 5238 Coisliniana.
3057 5191 3110 5246 p.
3143 5177 3252 5232 205
3291 5191 3342 5234 s.
