3972 6220
531 219 667 287 1063

1553 216 1614 274 S.
1657 209 2076 274 NICEPHORI
2113 205 2620 270 PATRIARCHE
2660 205 2769 266 (ΖΡ.

3635 207 3738 278 106i

527 333 798 405 quomodo
835 343 896 385 ea
921 328 1198 400 spernitur
1225 322 1561 382 constitutio.
1597 321 1798 378 Verum
1831 333 1954 384 nos,
1983 331 2102 388 quae

2216 313 2262 368 ἢ
2305 314 2406 368 οὐκ
2438 299 2558 367 οῖδα
2601 313 2752 374 ὅπως
2792 311 3219 382 καταφρονεῖται
3270 311 3307 380 ἡ
3349 311 3565 387 τοιαύτη
3589 316 3739 374 διάη.

531 423 733 494 scripta
761 429 998 484 exstant,
1029 419 1338 475 referimus.

490 517 496 547 ⁵
601 511 1093 583 Compaternitates
1114 516 1318 571 autem,
1347 503 1433 561 vel
1459 501 1829 558 lratcrnitates
1852 497 2104 554 monachi

535 601 716 659 facere
739 611 1022 665 vetantur;
1066 599 1231 668 idque
1259 595 1497 667 graviter
1535 590 1810 663 prioribus
1837 597 1932 644 aut
1958 601 2106 659 pra-

537 695 693 751 fectis
721 692 1172 748 monasteriorum
1213 687 1457 744 Ecclesia
1483 685 1746 756 iniungit;
1765 697 1940 751 neque
1961 680 2106 737 enim

539 784 647 838 ullo
683 783 841 837 modo
869 782 956 838 lex
987 780 1225 834 admittit
1254 793 1371 844 eas,
1402 790 1522 846 qua:
1556 783 1839 838 vocantur,
1882 769 2108 826 fratrili-s

537 877 804 930 cationes.

609 965 714 1020 Eas
743 973 923 1020 autent
974 963 1232 1018 mulieres
1267 975 1388 1031 quae
1435 959 1603 1014 fctum
1650 963 1900 1020 enecant,
1929 951 2110 1008 homi-

539 1057 669 1112 cidii
730 1056 904 1126 pretiis
953 1053 1185 1124 subjici,
1235 1063 1390 1112 extra
1447 1048 1839 1104 dubitationem
1888 1053 2002 1111 est,
2054 1051 2114 1098 ul.

541 1149 809 1206 secundus
840 1146 1021 1218 magni
1052 1145 1240 1201 Basilii
1269 1157 1446 1200 canon
1475 1143 1586 1197 late
1613 1139 1985 1210 persequitur.

614 1327 767 1396 Quod
811 1336 992 1381 autem
1026 1325 1094 1380 ad
1126 1323 1364 1378 infantes
1416 1320 1610 1374 attinet
1657 1315 1750 1387 qui
1795 1313 1995 1370 mortui
2033 1311 2119 1367 ἰοί

543 1421 690 1475 venti
727 1427 857 1474 sunt
903 1418 956 1472 in
997 1425 1284 1486 parentum
1335 1412 1526 1477 cubili,
1577 1408 1866 1476 prudentia
1922 1418 2118 1473 magna

547 1526 684 1581 opus
731 1520 838 1566 est.
875 1507 1008 1562 Nam
1041 1507 1088 1562 si
1127 1521 1193 1560 ex
1233 1503 1468 1559 evidenti
1501 1502 1684 1571 culpa,
1729 1498 2116 1554 inebriatorum

547 1604 795 1658 videlicet
815 1601 1144 1672 genitornm,
1169 1606 1262 1651 aut
1282 1597 1390 1650 alio
1406 1609 1514 1666 quo
1535 1593 1693 1648 modo
1713 1589 2117 1661 negligentium,

549 1694 762 1749 facinus
809 1690 1105 1745 admissum
1152 1697 1258 1748 est.
1310 1686 1668 1743 homicidium
1711 1696 1835 1737 esse
1883 1679 2116 1734 videtur.

551 1783 648 1838 Sin
693 1793 876 1837 autem
910 1796 976 1836 ex
1023 1780 1404 1851 cooperatione
1437 1785 1496 1831 et
1539 1773 1750 1830 insidiis
1800 1768 2120 1834 adversarii,

549 1891 671 1932 cum
703 1873 849 1930 nulla
892 1887 1081 1928 eorum
1106 1873 1178 1927 sit
1208 1870 1388 1941 culpa,
1420 1881 1512 1923 res
1541 1865 1754 1920 veniam
1787 1871 2047 1917 meretur.

619 2055 696 2110 De
727 2053 901 2110 servis
955 2059 1158 2114 autem,
1213 2047 1306 2119 qui
1369 2045 1488 2100 sine
1537 2055 1690 2098 sacra
1744 2036 2124 2096 benedictione

549 2163 672 2205 eum
725 2143 938 2200 ancillis
983 2139 1258 2209 conjuncti
1316 2146 1481 2201 sunt,
1533 2133 1706 2199 scito,
1755 2131 1860 2186 nisi
1905 2127 2124 2184 benedi-

551 2241 730 2296 ctione
760 2236 1066 2299 initientur,
1100 2247 1208 2286 non
1240 2229 1437 2284 debere
1467 2226 1774 2281 divinorum
1811 2235 2123 2290 sacramen-

551 2341 726 2388 torum
782 2326 899 2382 tleri
953 2323 1288 2394 participes,
1337 2319 1432 2375 sed
1483 2327 1544 2373 ut
1585 2322 1889 2372 scortantes
1947 2312 2016 2368 ab
2055 2311 2124 2366 iis

551 2416 849 2488 prohiberi.
899 2413 1028 2469 llaec
1061 2411 1357 2468 secundum
1408 2407 1626 2462 divinas
1676 2413 1990 2460 sanctorum
2022 2398 2124 2455 Pa-

550 2520 694 2564 trum
749 2507 1052 2562 sententias
1097 2513 1154 2558 et
1187 2499 1608 2556 constitutiones
1663 2505 1767 2550 tua:
1805 2493 2124 2550 reverentia:

551 2599 867 2656 scribimus.
907 2594 1257 2651 Antistitibus
1291 2601 1471 2645 autent
1516 2589 1717 2643 tributa
1770 2585 1987 2642 licentia
2017 2591 2121 2650 est,

551 2691 983 2761 dispensationes
1006 2688 1060 2740 itt
1091 2685 1176 2740 Itis
1211 2682 1471 2747 faciendi,
1499 2681 1651 2751 juxta
1680 2679 1862 2732 datnnt
1892 2677 1958 2731 iis
1984 2675 2126 2728 divi-

551 2799 678 2838 nttm
726 2783 976 2853 spiritum
1007 2791 1059 2834 et
1093 2776 1343 2848 gratiat'tt.
1371 2773 1452 2830 0b
1483 2786 1716 2841 eamque
1749 2784 1863 2824 rem
1895 2768 2123 2823 dicimus

551 2883 606 2929 et
631 2873 1067 2944 pronuntiamus,
1091 2874 1512 2923 consentaneum
1542 2877 1690 2926 esse,
1722 2861 1965 2914 locorum
1999 2873 2124 2912 ma-

553 2969 815 3036 gistratus
829 2981 924 3019 seu
939 2961 1210 3016 antistites
1229 2959 1296 3012 de
1312 2958 1395 3012 ltis
1411 2956 1773 3022 interrogare,
1789 2963 1842 3006 et
1861 2965 1955 3006 eos
1968 2951 2122 3020 adju-

555 3066 700 3110 tores
725 3055 947 3108 ltabere.
982 3051 1064 3110 illi
1089 3051 1231 3104 enim
1267 3044 1447 3117 potius
1475 3045 1543 3100 de
1591 3044 1693 3100 sibi
1727 3043 1941 3098 credito
1965 3055 2128 3112 grege

556 3148 821 3203 rationem
850 3146 958 3200 Deo
988 3143 1235 3198 reddent.
1270 3141 1461 3194 Dicere
1505 3147 1689 3192 autem
1728 3151 1843 3201 eos,
1875 3134 1964 3204 qni
1997 3147 2128 3203 pec-

555 3245 682 3290 cant
701 3273 719 3303 ,
747 3249 854 3290 non
881 3233 1024 3289 ferre
1044 3246 1312 3288 canonum
1343 3229 1712 3291 severitatem,
1731 3227 1866 3282 nihil
1912 3227 1980 3281 ad
2007 3238 2126 3280 nos.

554 3329 645 3382 Ait
670 3327 813 3382 enim
840 3324 1054 3380 ctelitus
1083 3322 1431 3392 resplendens
1451 3319 1682 3376 Basilius
1712 3321 1764 3373 in
1782 3319 1854 3374 84
1894 3331 2126 3376 canone.

561 3419 770 3476 fructus
802 3415 1136 3488 pmnitentiae
1167 3414 1382 3484 probari
1413 3421 1701 3483 oportere;
1739 3426 1844 3467 non
1877 3409 2022 3465 enim
2053 3409 2127 3464 ad

559 3523 798 3581 tempus,
827 3509 922 3565 sed
965 3509 1034 3564 ad
1069 3509 1286 3563 modum
1319 3504 1394 3577 (4)
1419 3505 1644 3560 omnino
1685 3502 2034 3558 attendimus.
2065 3499 2126 3555 Si

557 3599 844 3656 difﬁculter
873 3613 904 3652 a
946 3597 1059 3652 suis
1113 3597 1356 3652 moribus
1399 3594 1478 3664 (5)
1525 3590 1826 3646 evellantur
1855 3600 1908 3646 et
1948 3591 2128 3646 carnis

557 3689 926 3760 voluptatibus
947 3687 1154 3743 servire
1184 3686 1395 3750 malint,
1423 3698 1584 3755 quam
1615 3681 1860 3747 Domino,
1881 3691 1940 3738 et
1971 3696 2130 3737 evan-

558 3779 786 3850 gelicam
835 3792 940 3832 non
972 3777 1248 3846 excipiant
1299 3773 1492 3837 vitam,
1545 3772 1688 3827 nulla
1722 3772 1878 3828 nobis
1908 3787 2030 3829 cum
2063 3773 2130 3827 iis

559 3868 866 3924 communis
901 3866 1062 3920 ratio.
1104 3865 1169 3919 Et
1195 3863 1428 3934 perlege,
1456 3862 1640 3927 Pater,
1668 3862 1736 3918 ad
1766 3861 1925 3918 linem
1957 3877 2128 3933 usque

557 3973 824 4017 canonem
855 3966 1038 4028 utpote
1067 3971 1247 4012 causae
1275 3955 1711 4050 convenientem.

625 4258 805 4316 [Iabes
835 4255 1124 4325 reliquum,
1145 4253 1198 4307 in
1221 4250 1432 4324 primis,
1453 4249 1756 4305 venerande
1783 4247 1965 4313 Pater,
1985 4249 2126 4316 quod

559 4353 786 4427 petiisti,
824 4349 982 4419 juxta
1025 4347 1274 4402 notitiam
1319 4354 1561 4400 nostram
1606 4361 1620 4398 :
1663 4351 2033 4397 verumtamen
2077 4342 2120 4395 si

557 4461 653 4501 eos
683 4443 776 4514 qui
803 4453 854 4498 te
872 4443 1090 4502 adeunt,
1124 4439 1208 4493 vis
1227 4437 1292 4492 ad
1313 4445 1560 4492 exactam
1582 4441 1638 4491 et
1670 4445 1874 4489 rectam
1897 4433 2129 4504 dirigere

558 4549 806 4590 normam
829 4571 846 4598 ,
873 4545 1130 4602 percurre
1155 4530 1442 4594 diligenter
1469 4541 1704 4583 canones
1726 4541 1754 4579 a
1784 4526 1958 4598 sacris
1987 4541 2126 4596 prae-
2179 4574 2186 4581 .

555 4626 784 4680 conibus
832 4623 1140 4694 divinisque
1179 4621 1438 4693 apostolis
1506 4630 1562 4676 et
1631 4619 1887 4674 divinitus
1937 4616 2129 4673 alllatis

554 4715 806 4770 Patribus
837 4715 1044 4782 editos,
1092 4723 1146 4770 et
1199 4715 1266 4768 de
1316 4712 1512 4782 quibus
1545 4711 1777 4774 debitas,
1801 4726 1921 4766 cum
1951 4710 2130 4765 humi-

557 4807 706 4862 litate
731 4816 786 4862 et
807 4806 1081 4876 precibus,
1115 4805 1182 4859 ad
1209 4802 1685 4873 metmpnlitanunt
1714 4809 1863 4858 tuum
1895 4802 2120 4870 referas,

555 4897 678 4968 ejus
707 4907 862 4954 utere
891 4897 1141 4963 consilio,
1191 4896 1300 4952 Deo
1327 4905 1498 4951 totum
1526 4893 1793 4961 referens,
1817 4893 1988 4951 Deum
2014 4903 2125 4951 toto

555 5007 625 5048 ex
665 4996 848 5049 animo
877 5009 1095 5064 rogans,
1123 5005 1182 5048 ut
1205 4991 1549 5062 tibixperitia:
1572 4989 1870 5060 judiciique
1897 4990 2124 5061 gratiam

557 5087 841 5159 largiatur.
891 5084 1094 5142 Revera
1123 5089 1272 5141 enim
1305 5084 1463 5140 valde
1493 5083 1852 5154 periculosum
1882 5091 1988 5148 est,
2025 5095 2127 5135 au-

554 5179 746 5234 dacter
785 5177 956 5250 ligare
999 5185 1056 5232 ct
1105 5177 1316 5233 solvere
1377 5191 1473 5232 eos
1520 5175 1611 5245 qui
1657 5163 2126 5232 delicti'convicti

556 5287 656 5328 sun
666 5278 706 5337 ι,
733 5278 788 5328 et
810 5269 1016 5327 morbis
1035 5285 1142 5325 non
1165 5269 1362 5326 idonea
1387 5281 1694 5340 praeparare
1713 5266 2129 5322 medicamenta.

632 5582 712 5654 (ι)
746 5582 979 5640 lndolem
1015 5601 1077 5641 ac
1119 5601 1320 5642 mores.

2203 406 2317 474 ξιςο
2349 405 2467 459 ἀλλ’
2501 407 2667 476 ἡμεῖς
2698 405 2771 456 τὰ
2801 402 3170 474 γεγραμμένα
3204 401 3461 474 λέγομεν.

2275 497 2600 558 Συντεκνίας
2630 494 2709 559 δὲ,
2741 493 2774 565 ἢ
2807 492 3267 565 ἀδελφοποιήσεις
3289 498 3464 548 ποιεῖν
3497 503 3740 570 μεινιιχοζις⁸

2193 585 2587 656 «κεκωλυμένον
2643 585 2762 638 ἐστὶ
2785 625 2798 646 ,
2854 583 2952 639 καὶ
3013 585 3441 658 ὲνταλματικῶς
3473 589 3618 645 τοῦτο
3653 600 3743 661 rei;

2205 675 2529 748 ἡγουμένοις
2586 674 2620 746 ἢ
2689 676 2806 738 τοῖς
2859 674 3112 746 ἐξάρχοις
3171 675 3286 730 τῶν
3330 683 3676 753 μοναστηρίων
3715 691 3741 756 ἡ

2219 764 2515 836 Ἐκκλησία
2543 763 3002 837 παρακελεύεται.
3032 765 3172 820 Οὐδὲ
3201 765 3317 839 γὰρ
3345 769 3374 819 δ
3396 769 3550 840 νὸμοῖ
3571 771 3742 843 δέκεται

2206 856 2306 919 τὰς
2332 855 2631 926 λεγομένας
2660 855 3044 925 ἀδελφοποιίας
3071 856 3243 919 ὅλως.

2280 947 2420 1020 Περὶ
2463 947 2521 1000 δὲ
2551 947 2662 1000 τῶν
2692 947 2912 1018 ἔμϐρυα
2957 947 3314 1016 ἁναιρουσῶν
3358 951 3646 1019 γυναικῶν,
3680 957 3742 1010 ὅτι

2211 1035 2374 1104 φόνου
2427 1035 2730 1106 ἐπιτιμίοις
2778 1036 3136 1100 ὑπόκεινται,
3187 1037 3556 1108 ἀναμφίϐολόν
3591 1045 3738 1097 ἔστιν·

2211 1127 2287 1188 ὡς
2325 1127 2354 1181 ἑ
2397 1125 2653 1198 δεύτερος
2695 1125 2880 1181 κανὼν
2912 1125 3006 1180 τοῦ
3049 1127 3300 1198 μεγάλου
3347 1129 3610 1186 Βασιλείαν
3637 1137 3742 1192 τὰα-

2212 1215 2353 1282 τέως
2373 1215 2622 1282 διέξεισι.

2287 1309 2426 1381 Περὶ
2474 1308 2584 1362 τῶν
2633 1308 3046 1380 εὑρισκομένων
3080 1311 3141 1364 δὲ
3183 1311 3404 1383 νεκρῶν
3459 1312 3651 1385 βρεφῶν
3699 1319 3743 1371 ἐν

2217 1399 2296 1472 τῷ
2337 1399 2750 1470 συγκοιμᾶσθαι
2793 1403 2908 1463 τοῖς
2953 1400 3216 1470 γονεῦσι,
3267 1401 3582 1475 διακρίσεως
3609 1411 3741 1475 μεγάο

2216 1492 2317 1564 λης
2335 1493 2518 1564 χρεία.
2540 1493 2601 1546 Ei
2623 1493 2732 1562 γὰρ
2750 1490 2806 1556 ἐξ
2827 1490 3090 1562 ἀμελείας
3119 1495 3389 1564 φανερᾶς,
3427 1497 3742 1566 μεθυσθέντων

2220 1585 2420 1657 δηλαδὴ
2453 1586 2819 1658 γεννητόρων,
2855 1585 2889 1655 ἢ
2919 1585 3098 1648 ἄλλως
3121 1603 3245 1649 πως
3273 1588 3737 1660 καταμελησάντων,

2153 1661 2195 1716 Β
2221 1676 2281 1730 τὸ
2321 1677 2706 1747 πλημμέλημα
2733 1675 2980 1744 γένηται,
3015 1662 3182 1745 φόνος
3220 1675 3374 1730 δοκεί
3404 1680 3494 1732 καὶ
3523 1678 3671 1733 τοῦτο.
3693 1682 3740 1735 El

2220 1765 2277 1818 δὲ
2311 1767 2376 1818 ὲκ
2433 1765 2730 1836 συνεργίας
2782 1765 2876 1818 καὶ
2925 1763 3228 1835 ἐπιϐουλῆς
3277 1765 3370 1820 τοῦ
3400 1768 3736 1840 ἀντικειμένου,

2225 1857 2489 1929 μηδαμῶς
2558 1857 2906 1912 πταισάντων
2969 1859 3242 1926 ἐκείνων,
3330 1863 3630 1932 συγγνώμης
3691 1864 3736 1917 τὸ

2222 1953 2456 2022 πρᾶγμα
2485 1949 2654 2018 ἀξιον.
3533 1947 3542 1952 ’

2292 2041 2430 2111 Περὶ
2464 2040 2522 2094 δὲ
2562 2041 2673 2096 τῶν
2723 2041 3172 2114 ἁνιεραλογήτως
3207 2043 3616 2115 ’συναπτομένων
3642 2045 3732 2098 tio-5-

2221 2131 2329 2191 λων
2381 2131 2626 2197 δούλαις,
2665 2133 2931 2202 γίνωσκε,
2979 2128 3056 2198 ὥς
3106 2137 3213 2189 οὐκ
3259 2129 3645 2207 όφείλουσιν,εί
3677 2140 3730 2208 μὴ

2224 2222 2630 2292 ίερολογηθῶσι,
2664 2225 2772 2278 τῶν
2802 2223 2962 2278 θείων
2992 2227 3317 2298 μυστηρίων
3349 2227 3732 2296 μεταλαμϐάνειν,

2222 2313 2360 2368 ἀλλὰ
2389 2313 2696 2370 κωλύεσθαι
2722 2315 2799 2380 ὡς
2819 2317 3217 2388 πορνεύοντες.
3246 2319 3427 2374 Ταῦτα
3449 2322 3506 2391 τῇ
3535 2318 3731 2390 εὐλαϐείᾳ

2225 2421 2319 2457 σου
2348 2406 2492 2459 κατὰ
2529 2407 2628 2470 τὰς
2661 2405 2812 2470 θείας
2841 2408 2950 2460 τῶν
2978 2409 3159 2477 ἁγίων
3207 2409 3460 2479 Πατέρων
3493 2409 3731 2478 ἀποφάσεις

2223 2497 2320 2550 καὶ
2359 2496 2640 2562 διατάξεις,
2658 2497 2979 2576 γράφομεν
3013 2501 3126 2559 τοῖς
3172 2499 3230 2553 δὲ
3261 2499 3554 2572 ἀρχιερεῦσι
3573 2501 3728 2554 δέδοται

2223 2589 2537 2658 οἰκονομίας
2579 2591 2635 2642 ἐν
2675 2591 2790 2653 τοῖς
2821 2590 3102 2654 τοιούτους
3150 2588 3502 2646 ποιεῖν’κατά
3533 2593 3585 2645 τὸ
3605 2591 3730 2646 ,δοθὲν

2223 2678 2407 2741 αὐτοῖς
2453 2677 2597 2732 θεῖον
2646 2681 2866 2750 πνεῦμα
2919 2682 3015 2734 καὶ
3055 2683 3332 2754 χάρισμα.
3377 2685 3476 2738 Καὶ
3508 2683 3583 2737 διὰ
3612 2682 3734 2737 τοῦτο

2221 2767 2456 2839 λέγομεν
2483 2769 2578 2823 καὶ
2617 2771 3034 2842 ἀποφαινόμεθα
3065 2771 3154 2827 ὅτι
3187 2774 3412 2846 ἁρμόζει
3452 2773 3589 2828 τοῦτο
3611 2774 3728 2826 Meo

2222 2861 2370 2923 δίους
2403 2860 2694 2931 ἄρχοντας,
2725 2863 2844 2934 ἦτοι
2873 2867 3184 2936 ἀρχιερεῖς,
3215 2883 3279 2918 πε
3289 2865 3343 2938 pl
3365 2865 3548 2920 τούτων
3570 2859 3732 2934 ἐρωτᾷν

2153 2991 2196 3049 C
2227 2951 2324 3049 καὶΪ
2369 2954 2669 3049 συνεργοὺς
2733 2955 2928 3020 αὐτοὺς
2985 2957 3159 3029 ἔχειν.
3231 2960 3449 3012 Ἐκεῖνοι
3487 2957 3537 3012 δὲ
3579 2958 3729 3027 μᾶλλον

2230 3044 2372 3114 ὐπέρ
2403 3043 2496 3096 τοῦ
2531 3045 2910 3112 πιστευθέντος
2939 3050 3123 3114 αὐτοῖς
3173 3052 3418 3121 ποιμνίου
3449 3051 3516 3120 τῷ
3539 3049 3634 3120 θεῷ
3663 3047 3728 3100 λό-

2229 3149 2360 3202 γους
2398 3133 2652 3188 δώσουσι.
2698 3137 2772 3190 Τὸ
2809 3139 2866 3191 δὲ
2912 3137 3134 3207 λέγειν,
3191 3143 3272 3196 ὅτι
3312 3142 3371 3195 οὐ
3418 3141 3727 3208 καταδέχοντσι

2227 3228 2278 3280 οἱ
2309 3227 2722 3299 ἁμαρτάνοντες
2760 3231 2858 3303 τὴν
2889 3233 3189 3304 ἀκρίϐειαν
3222 3234 3332 3288 τῶν
3360 3234 3592 3299 κανόνων,
3616 3233 3728 3286 οἰδὲν

2231 3319 2368 3391 “Pb;
2399 3321 2569 3392 ἡμᾶς.
2629 3321 2798 3390 Λέγει
2844 3323 2955 3396 γὰρ
2997 3326 3056 3378 έν
3085 3327 3169 3397 τῷ
3205 3326 3291 3380 πεδ’
3332 3325 3485 3381 αὖτοῦ
3529 3320 3727 3378 κανόνιό

2227 3413 2655 3487 οὐρανοφάντωρ
2713 3413 3035 3482 Βασίλειος,
3096 3419 3186 3474 ὅτι
3247 3419 3328 3473 δεῖ
3370 3419 3483 3480 τοὺς
3540 3414 3726 3485 καρποὺς

2227 3503 2626 3576 δοκιμάζεσθαι
2683 3505 2786 3576 τῆς
2841 3507 3160 3578 μετανοίας.
3216 3512 3292 3565 Οὐ
3333 3512 3434 3580 γὰρ
3471 3507 3541 3578 τῷ
3570 3505 3724 3576 χρόνῳ.

2227 3593 2366 3647 ἀλλὰ
2396 3595 2476 3666 τῷ
2513 3595 2702 3668 τρόπῳ
2741 3597 2962 3662 πάντως
2993 3601 3359 3673 προσέχομεν.
3397 3599 3512 3652 Ἐὰν
3545 3597 3726 3650 δυσαπο-

2229 3686 2486 3752 σπάστως
2534 3687 2701 3760 ἔχωσι
2732 3689 2842 3744 τῶν
2879 3690 3026 3745 ἰδίων
3082 3692 3230 3748 ἐθῶν
3252 3736 3268 3762 ,
3302 3693 3392 3748 καὶ
3416 3693 3524 3754 ταῖς
3564 3687 3724 3759 ἡδοναῖς

2227 3777 2324 3848 τῆς
2349 3779 2550 3849 σαρκὸς
2575 3779 2782 3864 ἐθέλειν
2805 3780 3089 3858 [ἐθέλοιεν]
3114 3783 3459 3854 δουλεύειν,⁴ἧ
3479 3780 3547 3851 τῷ
3565 3779 3722 3849 Κυρᾶε).

2227 3871 2322 3922 καὶ
2345 3871 2446 3942 τὴν
2465 3871 2606 3925 κατᾶ
2634 3873 2694 3924 τὸ
2719 3871 3052 3942 Εὐαγγέλιον
3081 3876 3232 3948 ζωὴν
3267 3875 3342 3948 μὴ
3365 3871 3719 3940 καταδέχωνται.

2227 3964 2404 4027 οὐδεὶς
2466 3967 2603 4035 ἡμῖν
2647 3965 2828 4029 κοινδς
2868 3965 3005 4037 πρὸς
3051 3968 3256 4030 αὐτοὺς
3298 3967 3465 4036 λόγος.
3508 3961 3598 4015 Καὶ
3627 3957 3722 4012 ἀνά·

2227 4055 2418 4124 γνωθι,
2439 4056 2640 4125 Πάτερ,
2666 4054 2770 4119 ἕως
2800 4055 2988 4120 τέλους
3021 4057 3115 4112 τδν
3149 4060 3367 4124 κανόνα,
3393 4055 3464 4118 ὡς
3489 4053 3546 4122 τῇ
3578 4046 3722 4102 ὑποθέ-

2228 4169 2310 4205 σει
2340 4151 2672 4224 πρόσφορον.
2881 4135 2894 4143 ⁸

2302 4245 2488 4314 Ἐχεις
2521 4243 2732 4311 λοιπὸν,
2764 4243 3069 4315 τιμιώτατε
3109 4245 3318 4319 Πάτερ,
3349 4241 3480 4298 κατὰ
3507 4239 3589 4309 τὴν
3620 4236 3715 4304 ἠμε-

2159 4341 2198 4396 ι)
2229 4336 2285 4388 τέ
2295 4353 2394 4406 ραν
2420 4335 2642 4404 γνῶσιν,
2669 4336 2807 4406 ὅπερ
2827 4333 3060 4410 ᾔτησας.
3077 4341 3222 4412 Πλὴν
3251 4335 3408 4414 [οὗν],
3426 4335 3512 4390 ἐὰν
3533 4323 3717 4400 ἀκριδὼς

2231 4427 2326 4480 καὶ
2361 4425 2677 4492 ἀπταίστως
2747 4429 2928 4500 βούλει
2972 4433 3275 4500 κανονίζειν
3307 4432 3423 4492 τοὺς
3466 4421 3716 4495 προσιόντας

2229 4536 2312 4572 σοι
2338 4558 2354 4584 ,
2413 4521 2537 4584 τοὺς
2576 4521 2902 4584 ἑκτεθέντας
2942 4525 3096 4596 παρὰ
3143 4526 3249 4579 τῶν
3295 4521 3620 4592 lapsi:quwa
3651 4507 3718 4560 καὶ

2231 4610 2393 4666 θείων
2435 4610 2754 4666 ἀποστόλων
2783 4614 2926 4669 κατὰ
2952 4615 3062 4670 τῶν
3100 4617 3370 4687 θεοφόρων
3398 4608 3620 4678 Πατέρων
3643 4614 3714 4652 κα·

2228 4707 2390 4772 νόνας
2422 4708 2702 4780 ὲττιμελῷς
2732 4711 3031 4782 μετέρχου,
3071 4715 3160 4772 cat
3190 4710 3460 4782 ἀναφέρων
3485 4699 3593 4771 περὶ
3615 4693 3716 4749 πάνυ

2229 4816 2338 4852 των
2359 4839 2373 4862 ,
2403 4793 2478 4854 ὧν
2508 4800 2896 4872 ἀμφισϐητεῖς,
2928 4802 3068 4874 μάτὰ
3097 4802 3460 4860 ταπεινώσεως
3480 4792 3560 4848 καὶ
3583 4797 3714 4853 παρα¹

2233 4889 2476 4963 κλήσεως
2532 4893 2609 4963 τῷ
2658 4895 3031 4969 μητροπολξτῃ
3081 4914 3212 4960 σου,
3257 4893 3456 4962 ἐνέργει
3499 4879 3614 4938 κατὰ
3643 4873 3714 4940 τὴν

2228 4981 2440 5036 ἐκείνου
2478 4984 2827 5056 συμϐουλὴν,
2863 4988 3101 5053 ἐκτενῶς
3144 4987 3236 5042 τοῦ
3269 4981 3458 5054 Κυρίου
3487 4972 3710 5041 ὰόμενοὲο

2231 5074 2456 5146 δοθῆναί
2491 5093 2572 5131 σοι
2625 5078 2758 5151 παρ’
2809 5078 2976 5134 αὐτοῦ
3030 5078 3281 5148 γνώσεως
3325 5073 3413 5130 καὶ
3455 5059 3711 5130 διακρίσεωί

2229 5167 2500 5238 χάρπμα·
2533 5167 2625 5240 Τῷ
2657 5147 2771 5222 δέτι
2814 5170 2924 5241 γάρ
2952 5147 3074 5224 λίαν
3113 5171 3228 5225 ἐστὶ
3256 5157 3542 5223 κινδυνῶδες
3561 5147 3611 5202 τὸ
3645 5155 3712 5242 τέ’

2233 5259 2746 5331 παρρησιασμένως
2797 5259 3022 5331 δεσμεῖν
3053 5263 3148 5316 καὶ
3185 5260 3326 5315 λύειν
3365 5245 3556 5324 τοὺς-ὲν
3595 5245 3709 5288 πται·

2238 5368 2442 5422 σμασιν
2465 5351 2695 5416 ἁλόντας
2717 5390 2732 5416 ,
2761 5353 2855 5406 καὶ
2887 5353 2964 5427 μὴ
2999 5353 3302 5426 κατάλληλα
3332 5346 3435 5410 τοῖς
3461 5333 3708 5402 παθήμασιν

2236 5445 2670 5503 nomanaria»
2693 5445 2764 5498 τὰ
2786 5447 3073 5518 φάρμακα.
3327 5429 3330 5432 ’

2311 5581 2388 5653 (5)
2419 5583 2918 5642 Consuetudinibus
2950 5586 3263 5644 avellantur.
