3916 6204
539 263 676 330 1067

1735 265 2114 327 STEPHANI
2161 263 2470 326 DiACONI
2511 265 2618 324 (ΣΡ.
2688 280 2728 332 '_
3587 269 3675 333 1068

537 389 729 433 omnes
757 374 1138 445 oportebat-ad
1169 375 1310 444 ipsos
1352 375 1638 445 pontifices
1670 376 1951 441 accedere,
1992 391 2116 430 sna-
2145 390 2187 444 Α
2220 373 2734 442 suscipiendumqtte
2783 371 3121 442 dijudicarit,
3156 373 3200 428 is
3229 373 3406 443 lapsos,
3430 382 3676 445 quantuset

540 483 647 537 que
694 467 802 521 illis
847 466 1059 521 occulta
1102 465 1376 534 prodere;
1412 477 1466 520 et
1501 467 1582 522 sic
1629 467 1711 521 vel
1758 467 2120 523 renuntiatio-

542 573 667 612 ttetu
701 559 784 611 vel
821 559 1100 625 repudium
1131 555 1294 612 ferre.
1337 557 1533 628 Ignoro
1567 569 1750 614 autem
1790 560 1883 630 qui
1918 558 2118 614 factum

543 653 634 716 sit,
667 660 724 704 ut
753 651 866 703 lucc
891 649 1067 702 minus
1092 649 1487 716 observentur;
1513 653 1766 720 quamvis
1816 651 2118 705 existimem

544 741 844 812 pontifices,
881 741 1080 812 negotii
1116 741 1274 796 taedio
1323 741 1706 813 frequentique
1757 743 2121 798 multitudinis

447 894 454 900 _
541 835 873 890 tttrltuleutia
945 833 1304 903 defatigatus.
1357 835 1408 890 id
1463 849 1640 904 operat
1699 837 1767 890 ad
1824 836 2123 890 monachos

543 926 915 983 transmisisse
947 944 961 979 :
990 927 1056 980 ad
1089 941 1182 981 eos
1207 927 1415 982 scilicet
1449 928 1537 996 qui
1571 942 1698 982 vere
1730 927 1941 992 probati
1991 927 2119 992 sint,

539 1023 773 1091 aliisque
805 1018 1156 1074 valeantesse
1181 1019 1344 1074 utiles
1369 1036 1382 1072 :
1411 1019 1540 1073 nihil
1570 1020 1714 1074 enim
1736 1020 1842 1074 tale
1874 1019 2125 1090 inexper-

541 1117 610 1166 tis
660 1125 715 1167 et
749 1111 984 1165 indoctis
1035 1110 1423 1180 permiserunt.
1476 1109 1738 1181 Equidem
1791 1111 1847 1166 in
1895 1113 2121 1166 adversa

538 1206 786 1275 corporis
832 1203 1144 1258 valetudine
1188 1201 1335 1258 illum
1382 1202 1729 1272 inquirimus,
1781 1203 2122 1272 dicituusque

542 1301 838 1363 medicum,
863 1295 952 1366 qui
984 1306 1092 1350 tam
1127 1295 1300 1364 reipsa
1327 1310 1489 1363 quam
1518 1296 1724 1360 verbis,
1753 1295 1893 1350 male
1919 1294 2124 1350 habena

541 1399 652 1443 tem
683 1405 884 1446 curare.
931 1398 1115 1458 queat.
1149 1387 1338 1457 Itaque
1370 1402 1473 1441 nou
1505 1387 1861 1457 respiciemus
1893 1387 1946 1441 itt
1981 1387 2124 1440 hunc

545 1487 626 1542 vel
675 1482 846 1548 illntn,
896 1482 986 1550 qui
1025 1489 1221 1549 praeter
1270 1479 1462 1534 medici
1516 1495 1708 1536 nomen
1756 1479 1888 1535 nihil
1927 1478 2125 1534 habeat

548 1571 778 1640 medici;
822 1571 914 1627 sed
961 1571 1013 1624 itt
1049 1585 1172 1622 eum
1221 1568 1310 1638 qui
1364 1569 1507 1623 sicut
1561 1571 1804 1634 expedit,
1849 1570 2118 1625 medicum

543 1671 800 1732 praestare
826 1661 1044 1732 poterit.
1077 1659 1246 1716 Porro
1277 1661 1322 1714 si
1346 1661 1469 1729 quis
1496 1671 1756 1729 expertus
1783 1661 1857 1716 sit
1881 1671 1935 1716 et
1958 1660 2120 1732 frugi,

2222 480 2364 536 saepe
2389 475 2447 520 et
2477 467 2704 519 multum
2757 463 3111 535 deliquerint,
3144 480 3248 536 quo
3275 476 3414 535 pacto
3450 470 3621 538 repellet
3637 483 3672 526 et

2223 557 2478 626 atqiciet;
2511 559 2620 612 imo
2643 558 3012 628 spiritualibns
3043 557 3468 628 increpationibus
3491 563 3675 618 admoue-

2222 651 2336 716 bit,
2391 651 2599 706 utiliter
2649 660 2915 706 consonet
2965 651 3132 705 vitam
3181 649 3418 718 futuram,
3457 664 3499 706 et
3537 665 3673 709 atterat

2223 745 2482 813 supplicia
2516 744 2568 798 in
2606 743 2926 799 memoriam
2973 745 3232 800 reducet?
3267 760 3414 799 unum
3438 747 3612 809 carebit.
3631 765 3674 803 ne

2224 835 2590 906 indulgentius
2621 847 2675 891 et
2706 839 2842 892 citra
2886 851 3106 890 omnent
3136 835 3518 906 ohjttrgationeut
3554 838 3672 892 absol-

2224 938 2339 992 Vat,
2373 928 2577 998 fiatque
2606 931 2910 985 alienorum
2939 928 3224 984 criminum
3247 928 3502 999 particeps.
3523 927 3622 994 iam.
3643 933 3672 986 si

2223 1022 2315 1092 qui
2343 1030 2723 1090 peccaverant,
2759 1021 3016 1092 lacrymis
3047 1021 3366 1091 liquescant,
3395 1037 3449 1076 ac
3475 1022 3674 1076 continen-

2228 1125 2309 1170 ter
2339 1115 2603 1168 malorum
2652 1123 2874 1168 suorum
2927 1113 3366 1168 abalienationem
3411 1113 3677 1182 meditemur;

2227 1207 2356 1263 licet
2387 1206 2440 1262 in
2473 1207 2660 1261 eadem
2719 1204 3057 1269 reincidant,
3114 1204 3460 1274 suscipiendos
3487 1217 3618 1259 tamen
3638 1221 3681 1259 eo

2225 1296 2467 1360 duxeris,
2501 1309 2912 1366 congruumque
2941 1295 3282 1364 deputaveris
3305 1293 3480 1349 locum.
3505 1292 3630 1347 Penes
3649 1305 3682 1349 te

2225 1387 2370 1442 enim
2402 1386 2632 1441 facultas
2657 1372 2764 1450 est,
2798 1395 2858 1440 ut
2885 1385 3052 1452 nosti,
3081 1400 3376 1440 mensuram
3405 1386 3683 1456 castigationis

2225 1480 2506 1536 adhibeas.
2550 1479 2656 1535 Eos
2683 1489 2862 1535 autem
2893 1479 2987 1550 qui
3013 1480 3142 1534 hinc
3163 1479 3428 1550 emigraut,
3453 1477 3496 1533 in
3515 1493 3685 1548 quocun-

2226 1586 2331 1642 qttc
2360 1571 2559 1628 fuerint
2593 1583 2818 1638 peccato
2849 1572 3078 1638 detenti,
3109 1588 3176 1628 ne
3205 1572 3468 1641 ligaveris;
3495 1571 3568 1625 sed
3591 1570 3684 1623 diri.

2227 1678 2419 1717 norum
2457 1677 2828 1733 purorumque
2878 1673 3336 1719 sacramentorum
3367 1661 3503 1716 facito
3525 1661 3684 1732 partici-

541 1763 747 1808 etcum
783 1753 905 1817 hoc,
932 1751 1241 1808 sacerdotio
1266 1750 1540 1821 fungatur,
1569 1753 1638 1806 ad
1669 1752 1818 1807 illum
1847 1751 1897 1806 itt
1931 1753 2121 1822 primis
2155 1741 2198 1800 Β
2224 1771 2340 1827 pes.
2393 1753 2498 1822 Qui
2543 1755 2680 1811 citra
2733 1765 2952 1826 pactum
2993 1756 3201 1823 polluti.
3233 1756 3417 1826 gratias
3441 1764 3568 1822 agant
3609 1751 3684 1804 Deo

541 1847 903 1900 accedendum
941 1864 956 1902 :
989 1862 1112 1901 nam
1143 1843 1344 1915 poterit
1391 1846 1573 1918 indigo
1618 1846 1906 1917 prodesse,
1955 1862 2116 1903 acce-

540 1937 756 1992 dentem
786 1952 846 1995 se
875 1937 1184 2007 diligentius
1232 1952 1459 2001 curare,
1517 1937 1872 1994 reconciliare
1905 1938 2034 1994 item
2067 1947 2122 1994 et

541 2028 837 2096 corrigere.
894 2029 1031 2084 Puto
1077 2037 1259 2082 autem
1315 2029 1519 2082 nttllutu
1564 2029 1654 2098 qui
1712 2029 1800 2099 pie
1850 2039 1907 2083 et
1961 2039 2120 2084 caute

543 2120 703 2191 hujus
747 2119 963 2176 molesti
997 2121 1260 2190 temporis
1307 2122 1470 2174 vitam
1501 2131 1651 2190 agat,
1677 2137 1744 2176 ex
1777 2122 1881 2176 hoc
1926 2122 2122 2178 ordine

540 2212 1029 2287 exttuetoraudutu.
1064 2213 1354 2281 Caeterum,
1386 2214 1477 2284 qui
1511 2215 1672 2269 talem
1724 2216 1964 2278 accedit.
1996 2228 2116 2270 out-

544 2301 672 2354 nino
720 2300 896 2368 ipsum
929 2299 1129 2370 dirigat
1156 2311 1212 2356 et
1243 2302 1502 2370 instruat,
1539 2313 1596 2356 ttt
1629 2313 1780 2360 recte
1829 2305 2120 2376 dirigatur.

544 2391 606 2444 Et
639 2391 706 2456 is,
735 2402 941 2460 quanto
973 2393 1279 2446 diriuoruut
1313 2409 1703 2464 sacrorumque
1735 2410 2004 2451 canonum
2036 2411 2124 2466 pe-

545 2481 700 2536 ritior
754 2483 954 2547 fuerit,
1013 2483 1114 2538 hoc
1163 2484 1396 2552 amplius
1452 2485 1706 2541 instruet.
1759 2488 1982 2552 Contra,
2027 2488 2122 2558 qui

545 2589 813 2630 canonum
867 2575 1104 2646 vigorem
1155 2589 1210 2633 et
1252 2595 1406 2633 suam
1458 2579 1719 2651 cujusque
1767 2581 1948 2637 delicti
1981 2582 2122 2638 utul-

548 2675 656 2717 tam
709 2665 1011 2734 ignorarit;
1048 2661 1093 2721 is
1118 2667 1246 2722 nulli
1275 2670 1382 2724 ulla
1413 2671 1465 2722 itt
1500 2687 1558 2726 re
1589 2689 1824 2741 unquam
1856 2675 1972 2728 usui
2001 2688 2124 2729 esse

547 2757 765 2825 poterit.
807 2757 1122 2826 Propterea,
1155 2761 1246 2830 qui
1287 2759 1509 2816 fratrem
1539 2763 1589 2816 in
1640 2779 1722 2824 se,
1753 2781 1861 2817 uno
1905 2765 2121 2819 eodem-

547 2863 650 2915 que
706 2848 812 2906 die.
846 2851 1050 2918 septies
1101 2862 1438 2919 peccantem,
1493 2854 1645 2907 venia
1699 2855 2118 2910 euttdonaudntn

2228 1858 2441 1916 nostro,
2496 1849 2641 1920 quod
2691 1849 2758 1905 de
2801 1849 3054 1906 faucibus
3124 1849 3316 1904 diaboli
3367 1847 3542 1902 liberati
3575 1853 3682 1900 sunt.

2224 1938 2423 1995 Parum
2455 1940 2508 1995 in
2542 1941 2733 1996 horum
2782 1941 3197 2012 castigationem
3238 1939 3540 2010 praescribere
3561 1951 3684 2005 operat

2227 2034 2487 2105 pretium.
2539 2032 2658 2089 Non
2689 2035 2836 2088 enim
2872 2044 3122 2090 nostrum
3160 2042 3244 2089 est
3271 2031 3488 2096 delinire,
3516 2029 3586 2084 sed
3618 2041 3683 2080 τοο

2228 2125 2451 2181 luutatis
2480 2141 2670 2182 eorum
2714 2125 2806 2196 qui
2848 2126 3123 2182 mandatis
3161 2135 3344 2196 parent
3378 2143 3390 2178 ε
3419 2135 3585 2192 tempus
3617 2119 3682 2175 etsi

2223 2220 2442 2291 longum
2474 2222 2567 2287 sit,
2601 2237 2706 2276 non
2742 2231 2922 2276 tamen
2954 2221 3190 2292 amplius
3220 2230 3296 2276 est
3336 2231 3476 2290 quam
3497 2211 3682 2270 correctio

2230 2315 2505 2384 requirat;
2560 2314 2701 2370 forte
2749 2313 2883 2370 nihil
2933 2314 3160 2370 omnino
3211 2309 3452 2368 commodi
3497 2305 3684 2364 correctio

2230 2405 2470 2461 afferret.
2509 2403 2760 2460 Vidimus
2803 2393 3014 2474 autem,
3045 2415 3102 2462 et
3131 2405 3272 2461 hrevi
3315 2413 3522 2470 tempore
3554 2397 3685 2453 multis

2232 2496 2400 2550 multa
2461 2497 2786 2553 abstersisse
2855 2513 2919 2553 ac
2993 2500 3322 2554 emendasse.
3371 2493 3575 2562 Alioquin
3617 2487 3684 2542 etsi

2231 2604 2483 2643 mensura
2514 2590 2773 2659 temporis
2797 2591 2886 2646 cui
2909 2591 3244 2663 iujungatttr,
3299 2591 3338 2643 is
3362 2593 3510 2642 tamen
3537 2583 3686 2636 tandem

2228 2680 2550 2747 declarabit,
2582 2697 2650 2738 an
2677 2683 2837 2754 digne
2866 2685 3144 2740 admissus
3171 2683 3249 2740 vel
3275 2681 3540 2752 repudiatus
3558 2672 3686 2734 fuerit,

2227 2771 2320 2856 qui
2353 2773 2622 2827 mandatis
2649 2771 3138 2843 obtemperaverit.

553 2983 3678 3042 ΝΜ

1727 3027 1924 3034 --————.

1816 3152 1990 3206 ΔΝΝΩ
2031 3153 2257 3202 DOMINI
2294 3153 2579 3200 DCCCV’III.

1554 3333 2835 3520 STEPHANUS

1048 3596 2600 3744 CONSTANTINOPOLI'TANUS
2675 3653 3304 3750 DIACONUS.

1996 3915 2361 3978 NOTITIA.

1438 4039 1657 4141 (lt‘itautc.
1698 4075 1932 4128 Biblioth.
1967 4079 2123 4130 erc.
2158 4086 2196 4128 t.
2222 4079 2354 4141 vm,
2380 4096 2431 4144 p.
2465 4081 2575 4143 διε),
2599 4082 2680 4132 ed.
2709 4081 2930 4147 Harles.)

623 4228 1020 4307 Stephanus,
1094 4227 1402 4307 diaconus
1463 4226 1768 4307 Ecclesia)
1836 4227 2592 4307 Constantinoriolitante,
2658 4248 2760 4292 an.
2808 4228 3047 4293 Christi
3092 4230 3209 4293 808
3279 4217 3682 4307 scripsitd’iiam

544 4299 844 4386 Stephani
880 4299 1170 4388 iunioris
1195 4353 1211 4380 ,
1247 4323 1358 4388 an.
1388 4307 1506 4367 766
1552 4305 1675 4366 sub
1718 4305 2138 4388 Constantino
2172 4299 2617 4388 ‘Copronymo
2656 4308 2876 4388 occisi,
2923 4327 3114 4388 quam
3171 4299 3474 4388 Grieceget
3512 4299 3681 4388 unus

544 4373 740 4450 Paris.
778 4387 932 4448 1692
963 4385 1156 4458 iit-Iv,
1198 4373 1476 4446 edidere
1529 4384 1818 4445 monachi
1861 4383 2260 4446 Benedictini
2294 4373 2812 4448 'celevbratissimi
2857 4373 3218 4451 Bernardus
3267 4385 3340 4448 de
3381 4373 3682 4458 Montfauwtt

547 4476 607 4528 ct
635 4465 912 4528 Jacobus
947 4466 1278 4543 Loppinus
1308 4465 1433 4541 (an.
1473 4463 1650 4528 1663.
1677 4464 1757 4522 29
1793 4465 1940 4525 Dec.
1976 4463 2301 4542 denatus).

1249 4759 2343 4854 BENEDICTINORUM
2423 4759 3101 4854 PBIEFATIO.

1737 4937 1992 5002 (Analecta
2021 4942 2212 5000 Grcam,
2249 4945 2282 4988 t.
2321 4939 2359 4998 l,
2392 4954 2440 5003 p.
2477 4938 2612 5001 396.)

616 5069 875 5126 Ultimum
911 5067 1088 5121 locum
1122 5067 1332 5121 obtinet
1386 5065 1504 5120 Vita
1539 5067 1716 5120 sancti
1766 5066 2025 5136 Stephani
2057 5067 2321 5131 Jttuioris,
2352 5069 2440 5124 nui
2487 5077 2728 5134 tempore
2772 5065 3107 5121 Constantini
3137 5055 3438 5130 Coprouytui
3463 5051 3517 5105 ob
3539 5041 3678 5136 “imm

536 5169 856 5218 sanctarum
913 5153 1205 5224 imaginum
1243 5153 1678 5209 crudelissimam
1713 5134 1943 5210 mortem
1980 5156 2192 5214 subiit:
2224 5171 2343 5226 quae
2383 5158 2500 5210 Vita
2537 5174 2565 5211 a
2601 5157 2881 5225 Stephano
2912 5155 3159 5211 Ecclesia;
3188 5134 3677 5208 Constantinopolim”

536 5253 770 5302 diacono
828 5239 1250 5315 quadragesimo
1283 5240 1522 5293 secundo
1559 5251 1681 5309 post
1711 5241 1884 5294 sancti
1925 5241 2076 5312 Strpl

2124 5243 2188 5298 uti
2217 5243 2422 5300 obitum
2460 5259 2600 5298 anno
2630 5246 2936 5313 conscripta
2968 5253 3066 5306 est,
3096 5253 3152 5294 ut
3174 5247 3352 5292 auctor
3379 5235 3474 5300 ipse
3503 5227 3670 5315 testatur.

539 5334 709 5403 llnjus
760 5312 977 5402 quidem
1029 5325 1202 5381 sancti
1249 5323 1428 5377 Vitam
1459 5337 1487 5376 a
1517 5323 1882 5394 Metaphraste
1927 5331 2284 5395 coutpusitant
2315 5346 2346 5384 ο
2371 5331 2558 5386 Graeca
2613 5331 2788 5401 lingua
2825 5312 2876 5384 itt
2907 5330 3148 5385 Latinam
3183 5327 3306 5382 olim
3335 5321 3532 5374 verterat
3554 5312 3672 5403 ﬁt":

540 5396 662 5479 ltlici
707 5396 841 5492 iuris
890 5419 1093 5474 fecerat
1143 5411 1492 5470 doctissimus
1545 5413 1714 5470 ahhas
1761 5413 1996 5472 Jacobns
2049 5417 2252 5472 Dillius.
2294 5417 2495 5474 Verum
2543 5434 2605 5473 ea
2649 5396 2812 5490 quam
2859 5420 3147 5480 tradimus,
3201 5429 3262 5470 ex
3309 5425 3402 5480 qua
3447 5411 3568 5458 suam
3606 5396 3670 5492 illi

539 5487 936 5579 Metapttrastes
1005 5503 1240 5571 collegit.
1304 5497 1570 5557 hactenus
1622 5503 1764 5556 nulla
1823 5505 1873 5556 in
1919 5505 2096 5576 lingua
2153 5508 2366 5577 vulgata
2407 5519 2509 5561 cst.
2561 5487 2683 5564 Nos
2723 5507 2866 5564 illam
2914 5525 3034 5563 cum
3071 5515 3292 5576 quatuor
3337 5511 3450 5550 ntss.
3480 5487 3671 5580 ξςκπξξῖξθ

536 5564 888 5659 rottttilitttus,
931 5610 1038 5648 uno
1070 5593 1283 5648 scilicet
1334 5589 1498 5659 regiae
1549 5588 1895 5648 Bibliotheca:
1926 5592 2082 5658 2028,

2148 5564 2320 5648 tritius
2347 5597 2465 5650 aliis
2515 5598 2862 5651 Bibliotheca
2909 5564 3222 5652 Cttlbcrtitm
3255 5585 3403 5647 3823,
3435 5564 3668 5659 $27.59*

534 5693 764 5748 quorum
809 5681 1034 5738 ultimus
1071 5681 1246 5736 media
1281 5687 1438 5749 parte
1480 5675 1726 5742 mutilus,
1761 5677 1850 5731 alti
1880 5690 1992 5736 tres
2029 5683 2221 5753 integri
2269 5694 2397 5740 sunt
2432 5704 2445 5739 :
2478 5703 2667 5741 omnes
2695 5701 2824 5742 \cto
2849 5686 3055 5756 antiqui
3090 5693 3140 5739 et
3171 5678 3368 5750 optima:
3395 5677 3525 5725 ttolz-
3550 5655 3671 5718 ⁸⁸⁸1³⁸
