3916 6204
233 293 382 360 1077

1307 292 1482 354 νιΤΑ
1519 289 1583 352 S.
1620 287 1998 348 STEPHANI
2041 283 2420 345 JUNIORIS.

3349 265 3482 332 1078

230 407 393 480 πάσῃ
421 409 487 479 τῇ
513 389 829 478 οἰκουμένῃ.
864 403 1070 458 Τούτου
1104 399 1198 458 οὖν
1245 403 1380 474 πρὸς
1413 401 1514 474 τὴν
1538 401 1812 471 ἐνθρονία-

1923 399 2090 460 domi,
2147 398 2370 448 luceret.
2425 392 2560 445 Cum
2603 403 2731 458 ergo
2786 385 2850 441 ad
2913 381 3152 453 ejusdem
3206 382 3257 435 iu
3295 383 3484 436 throno

233 515 328 551 σιν
363 498 542 568 πάσης
591 496 692 566 τῆς
726 497 816 566 ὑφ’
863 496 996 567 ἡλίῳ
1032 493 1466 566 συνδραμούσης,
1493 493 1588 545 καὶ
1636 491 1819 561 πάσης

233 589 458 660 ἡλικίας
501 588 611 642 ὰ.πό
642 607 700 642 τε
741 585 978 658 γηραιοῦ
1027 585 1122 640 καὶ
1163 584 1495 656 πρεσϐύτου,
1525 583 1816 636 νεανίσκου

231 684 336 761 διαὶ
369 682 660 754 νεωτέρου,
696 679 906 751 ἐφήϐου
938 696 996 732 τε
1017 678 1114 732 καὶ
1143 677 1252 730 τῶν
1299 677 1383 730 ἐτι
1432 679 1499 746 τῇ
1528 675 1664 747 θηλῇ
1719 691 1818 746 μυ-

231 776 448 840 ζὸντων
473 773 778 846 ἀρτιγενῶν
809 771 1030 844 βρεφῶν
1075 770 1330 824 ἁπάντων
1373 767 1817 838 συνδεδραμηκό-

230 884 352 921 των
375 884 388 898 ·
409 867 476 918 ἶν’
500 867 640 920 εἴπω
669 883 748 932 τι,
778 865 841 918 οὐ
875 863 982 935 μὴν
1009 863 1146 916 ἀλλὰ
1169 863 1265 916 καὶ
1297 861 1548 932 ἀγγέλων
1579 876 1816 928 συγκατο

239 961 440 1013 ιόντων
487 957 622 1029 πρὸς
671 959 889 1029 ἐκείνην
935 955 1036 1027 τὴν
1083 955 1416 1026 εύφρόσυνον
1471 952 1812 1022 καθίδρυσιν,

238 1053 389 1120 μετὰ
423 1051 642 1105 πάντων
680 1051 1052 1121 συνήχθησαν,
1096 1050 1191 1102 καὶ
1245 1041 1390 1102 οὗτοι
1422 1047 1472 1100 oi
1515 1045 1618 1114 τῆς
1661 1045 1816 1098 εὐσε·

235 1144 371 1209 ϐοῦς
398 1144 633 1212 ζυγάδος
659 1141 931 1212 εὔκαρποι
957 1141 1052 1195 δύο
1075 1140 1279 1194 θαλλοί.
1311 1129 1505 1192 Καὶ’τδ
1529 1137 1624 1190 τοῦ
1653 1135 1814 1192 ἀπεί-

238 1251 339 1301 ρου
391 1233 524 1288 λαοῦ
583 1233 784 1305 πλῆθος
836 1232 1060 1298 ἰδόντες,
1088 1230 1321 1300 καὶτῆς
1371 1228 1561 1300 τιμίας
1613 1228 1815 1294 ’Λννης

237 1325 609 1396 ὑποστρέφειν
650 1323 912 1396 θελούσης
941 1323 1030 1378 διὰ
1058 1323 1157 1394 τὴν
1184 1322 1279 1376 τού
1319 1320 1452 1373 λαοῦ
1497 1319 1818 1391 ὀχλαγωγῆ-

235 1417 430 1471 θεῖσαν
481 1418 775 1488 σύμπνιξιν
830 1417 924 1470 καὶ
961 1412 1254 1484 σύνθρυψιν
1285 1411 1555 1481 ἀλλήλων,
1592 1408 1684 1462 καὶ
1719 1404 1816 1460 τοῦ

237 1509 444 1578 μήπως
473 1511 538 1562 ἐκ
569 1503 664 1561 τοῦ
695 1506 940 1562 τοιούτου
970 1501 1330 1574 ἀναγκασμοῦ
1354 1503 1506 1572 παρὰ
1529 1498 1724 1570 χρόνον
1755 1495 1816 1549 τὸ

233 1600 482 1672 ἔμϐρυον
509 1599 872 1671 ἀπορρήξασα
899 1597 1210 1668 θανατωθῇ.
1251 1595 1366 1650 Οὐκ
1396 1592 1654 1646 ἐπένευσε
1678 1587 1814 1660 πρὸς

233 1693 397 1748 τοῦτο
424 1693 454 1746 ό
480 1693 685 1762 ταύτης
708 1691 1039 1762 τιμιώτατος
1084 1689 1257 1760 ἀνήρ’
1294 1686 1410 1741 ἀλλ’
1461 1685 1536 1748 ὡς
1587 1684 1682 1738 ἅτε
1715 1683 1811 1735 άνο

234 1785 588 1855 δρειότατος,
639 1787 734 1840 καὶ
788 1784 948 1856 ῥώμῃ
1035 1781 1288 1854 σώματος
1350 1778 1618 1848 ἐνισχύων
1671 1774 1811 1842 ὑπὲρ

233 1877 434 1936 ἄλλους
467 1894 554 1943 γε,
584 1876 651 1929 τὰ
685 1879 832 1948 χεῖρε
852 1874 1054 1942 ταύτης
1078 1877 1188 1936 τοῖς
1218 1871 1382 1925 αὑτοῦ
1412 1869 1674 1923 κενεῶσιν
1715 1870 1810 1934 ἐγο

233 1973 466 2040 κρατεῖν
489 1969 1060 2038 παρακελευσάμενος,
1085 1963 1417 2036 ἐμπρόσθιος
1437 1961 1634 2027 αὐτοὺς
1655 1958 1811 2013 ὠθῶν

235 2062 332 2115 καὶ
368 2059 809 2130 άντωθούμενος,
845 2059 1000 2130 μόλις
1033 2059 1164 2112 ποτέ
1211 2055 1557 2128 ἠδυνήθησαν
1613 2053 1808 2120 εἰσπηο

229 2152 398 2224 δῆσαι
447 2153 525 2214 εἰς
567 2152 634 2204 τὰ
672 2150 769 2204 τοῦ
807 2151 1048 2222 μεγάλου
1081 2150 1342 2218 τεμένους
1387 2147 1487 2216 τῆς
1528 2144 1622 2197 τοῦ
1675 2141 1811 2196 Θεοῦ

232 2244 444 2312 Σοφίας
500 2241 788 2313 προαύλια.
840 2240 1112 2295 Κάκεῖθεν
1145 2240 1321 2292 ἄνετοι
1351 2237 1598 2307 εἰσῆλθον
1643 2237 1700 2288 ἐν
1743 2235 1810 2304 τῇ

231 2335 346 2407 πρὸ
370 2334 485 2388 τῶν
511 2335 604 2388 τοῦ
649 2334 754 2388 νεὼ
778 2333 1037 2387 πυλώνων
1065 2321 1200 2402 στοᾷ
1235 2332 1250 2370 ί
1283 2347 1296 2360 ·
1327 2331 1383 2382 ἐν
1507 2327 1643 2396 πρὸς
1681 2325 1812 2378 σκά-

233 2444 372 2496 μνον
408 2425 422 2476 i
467 2425 708 2491 ἀνιόντες
731 2425 829 2497 τὴν
865 2423 960 2478 τοῦ
993 2424 1311 2496 ἱεροφάντου
1348 2419 1629 2491 Γερμανοῦ
1655 2436 1812 2489 περι-

233 2519 437 2587 έμενον
455 2520 676 2573 εἴσοδον.
695 2519 916 2574 Πολλῶν
946 2518 1053 2588 γὰρ
1076 2517 1153 2580 ὡς
1183 2514 1400 2584 ἀληθῶς
1426 2513 1535 2566 τῶν
1566 2512 1812 2565 ἐπαίνων

231 2613 312 2675 είς
343 2611 516 2664 αὑτὸν
536 2611 859 2678 γεγονότων,
892 2607 1176 2678 ἐφείλκυεν
1204 2605 1413 2667 πάντας
1437 2601 1498 2654 τὸ
1524 2601 1620 2654 καὶ
1652 2601 1813 2670 μόνον

231 2702 548 2770 ὀφθαλμοῖς
574 2701 943 2772 θεωρηθῆναι.
981 2695 1115 2752 Εἶτα
1151 2695 1247 2750 τοῦ
1277 2693 1581 2767 ἀρχιερέως
1605 2692 1811 2746 ἐκείνου

231 2797 334 2865 τὴν
369 2793 574 2848 εἴσοδον
603 2795 952 2865 ποιουμένου,
977 2792 1162 2846 θεόθεν
1195 2792 1228 2862 ἡ
1253 2782 1532 2858 κινηθεῖσα
1569 2786 1664 2851 (ὡς
1691 2784 1812 2856 μεθ’

233 2889 422 2958 ὅρκων
457 2885 794 2940 ἐπιστώσατο
833 2888 942 2948 τοῖς
975 2883 1074 2952 ἐμὲ
1108 2882 1131 2922 ιι
1165 2877 1586 2950 ἀπαγγείλασιν)
1625 2877 1813 2930 τοῦτον

235 2978 392 3044 ἐώρα
429 2976 559 3028 ὡσεί
586 2975 759 3044 φλόγα
784 2974 983 3044 πυρὸς,
1016 2974 1112 3026 καί
1148 2973 1281 3040 παρ’
1307 2970 1448 3024 αὐτὰ
1487 2968 1774 3038 ἐξεϐόησεν
1795 2981 1809 2997 ·

239 3087 255 3118 ι
297 3068 634 3137 Εὐλόγησον,
670 3067 930 3133 πανάγιε,
961 3066 1052 3118 τὸν
1085 3066 1144 3117 ἐν
1169 3067 1235 3135 τῇ
1265 3061 1444 3131 κοιλίᾳ
1487 3060 1603 3112 υἱόν
1628 3076 1748 3130 μου.
1787 3076 1804 3109 ι
1838 3079 1882 3136 c
1917 3059 2004 3102 lllS

233 3158 347 3212 Τοῦ
379 3158 434 3212 δὲ
457 3157 778 3228 λαμπτῆρος
814 3157 878 3210 τὸ
907 3156 1065 3226 ὄμμα
1107 3151 1579 3222 περιστρέψαντος
1622 3149 1807 3219 ἡρέμα

234 3267 382 3315 πως,
411 3252 505 3303 καὶ
526 3251 624 3320 τὴν
646 3251 882 3318 γυναῖκα
929 3243 1418 3318 ἐνοπτρισαμένου,
1463 3241 1542 3312 τῷ
1575 3238 1810 3311 ἐμπύρῳ

231 3343 332 3398 ετοὸ
367 3342 514 3396 θείου
545 3341 863 3412 Πνεύματος
893 3338 1137 3410 κινηθεὶς
1159 3338 1185 3390 ὁ
1211 3333 1562 3407 μυστιπὸλος,
1610 3327 1767 3384 εἶπεν
1792 3347 1805 3360 ·

239 3453 258 3485 ι
302 3433 412 3486 Τὸν
436 3433 535 3502 τῆς
563 3433 772 3495 κοιλίας
799 3449 894 3484 σου
931 3427 1146 3500 καρπὸν
1181 3425 1324 3480 κατὰ
1343 3425 1442 3494 τὴν
1475 3421 1658 3476 πίστιν
1691 3436 1808 3480 σου.

233 3523 425 3610 γύναι,
443 3525 786 3609 εύλογήσειεν
810 3521 1014 3594 Κύριος
1030 3521 1150 3582 ταῖς
1166 3519 1265 3587 τῆς
1288 3515 1552 3569 Θεοτόκου
1575 3511 1670 3566 καὶ⁸
1691 3511 1809 3572 ταῖς

234 3606 332 3672 τοῦ
371 3603 837 3688 πρωτομάρτυρος
865 3613 1139 3682 Στεφάνου
1167 3607 1509 3683 πρεσὸείαις.
1550 3623 1569 3656 ι
1602 3603 1811 3664 Ὄντως

235 3709 455 3780 ἀγαθῆς
479 3709 716 3771 πίστεως
753 3705 1087 3777 άγαθωτέρα
1107 3705 1204 3758 καὶ
1243 3705 1278 3775 ἡ
1308 3697 1632 3772 ἁντάμειψις
1658 3697 1672 3749 ι
1718 3695 1811 3758 Ὠς

235 3802 400 3872 τάρῆ
437 3799 719 3854 Χαναναία
748 3797 879 3852 ποτὲ
912 3796 1048 3866 γυνὴ
1079 3796 1280 3868 ῆκουσε
1322 3791 1470 3863 παρὰ
1499 3789 1594 3844 τοῦ
1622 3785 1806 3855 Σωτῆ-

239 3855 334 3964 ῥοέ
382 3855 652 3964 ἆίριστοιγ
691 3887 768 3944 Ὦ
799 3855 997 3959 γύναι,
1036 3855 1272 3957 ’μεγάλη
1319 3855 1437 3939 σοι)
1491 3883 1530 3951 ἡ
1582 3881 1803 3946 πίστις,
1844 3871 2148 3945 γενηθήτω
2182 3884 2280 3922 σοι
2343 3863 2420 3930 ὡς
2479 3858 2696 3924 θέλεις.
2725 3855 2799 3911 Οὔ

237 3961 298 4043 ἐν
333 3961 486 4057 αὐτῷ
513 3986 634 4040 ὅλον
665 3984 756 4039 τὸν
778 3982 1016 4054 Χριστὸν
1067 3979 1363 4053 φοροῦντος
1403 3976 1693 4032 θεσπεσίου
1760 3971 1974 4043 Πατρδς
2034 3965 2246 4031 ἐλαϐεν,
2294 3961 2388 4015 καὶ
2468 3972 2666 4029 περισσ

237 4086 424 4147 λοντος
453 4079 740 4152 γεννᾶσθαι
769 4079 829 4132 τὸ
843 4081 1033 4151 ὄνομα.

223 4193 228 4201 ·
285 4179 422 4250 εΤῆς
445 4179 500 4232 δὲ
524 4177 790 4248 συνήθους
819 4173 1210 4246 μυσταγωγίας
1241 4167 1610 4236 τελεσθείσης,
1643 4179 1810 4233 μετα-

238 4267 517 4321 λαϐόντων
547 4266 804 4320 ἁπάντων
825 4263 935 4316 τῶν
953 4263 1116 4316 θείων
1137 4260 1235 4314 καὶ
1253 4257 1540 4328 ἀχράντων
1563 4253 1656 4307 τοῦ
1679 4253 1812 4322 Χρι-

1921 488 2330 545 collocationem
2384 493 2532 539 totus
2602 491 2866 536 terrarum
2937 476 3084 530 orbis
3159 472 3488 532 conﬂueret.

1919 581 2096 637 omnis
2131 578 2306 633 anatis
2355 573 2684 637 hominibus,
2734 569 2972 633 senibus,
3034 564 3487 627 adolescentibus,

1913 673 2244 742 juvenibus,
2301 665 2600 722 infantibus
2651 675 2864 732 quoque
2906 668 2958 712 et
2993 655 3330 710 lactentibus
3382 669 3486 707 una
3567 715 3582 725 .

1921 762 2370 820 concurrentibus
2415 777 2429 813 :
2477 759 2624 821 imo,
2671 763 2726 806 ut
2773 751 2972 820 aliquid
3021 749 3232 809 diram,
3284 745 3491 814 angelis

1923 857 2054 928 ipsis
2077 855 2142 909 ad
2178 853 2322 907 illam
2371 847 2642 905 lanificam
2676 844 2968 899 sessionem
3003 837 3488 898 descendentibus;

1917 967 2040 1004 eum
2082 949 2202 1001 aliis
2234 959 2450 1016 quoque
2471 947 2842 1002 convenerunt
2867 935 2973 990 duo
2995 932 3068 1002 pii
3109 931 3254 1000 paris
3282 927 3490 982 fertiles

1919 1041 2076 1096 rami.
2109 1037 2306 1092 Verum
2331 1078 2346 1100 ,
2379 1048 2503 1090 cum
2545 1030 2806 1084 infinitam
2854 1025 3032 1097 populi
3085 1021 3486 1077 multitudinem

1920 1138 2226 1194 cernerent,
2296 1127 2446 1179 Anna
2485 1121 2788 1178 veneranda
2830 1127 3047 1190 propter
3097 1124 3336 1170 mutuam
3393 1113 3489 1166 ho-

1917 1225 2120 1279 minum
2174 1219 2630 1288 rompressionem
2691 1223 2743 1267 et
2791 1211 3126 1267 coactionem
3181 1205 3376 1262 reverti
3431 1206 3484 1258 in

1917 1309 2097 1363 animo
2130 1305 2382 1366 habebat,
2421 1317 2486 1354 ne
2510 1299 2646 1353 forte
2675 1297 2839 1352 lmtus
2871 1291 3235 1361 hujuscemodi
3265 1303 3487 1359 oppres-

1915 1401 2066 1455 sione
2095 1397 2324 1452 emissus
2356 1401 2680 1446 moreretur.
2717 1386 2914 1442 Verum
2941 1385 3040 1456 ipsi
3073 1399 3176 1438 non
3208 1379 3482 1436 consensit

1917 1492 1999 1545 vir
2037 1486 2522 1550 honoratissimus;
2571 1482 2662 1537 sed
2689 1495 2812 1534 cum
2864 1472 3276 1531 robustissimus
3317 1477 3478 1531 esset,

1917 1577 2228 1648 etcorporis
2259 1573 2466 1629 viribus
2499 1585 2606 1641 prae
2633 1568 2753 1622 aliis
2779 1565 3000 1626 valeret,
3033 1577 3150 1616 eam
3196 1557 3400 1628 rogavit
3427 1566 3485 1609 ut

1918 1671 2162 1728 manibus
2185 1681 2282 1723 sua
2311 1665 2475 1718 latera
2499 1657 2957 1731 apprehenderet;
2995 1655 3219 1727 ipseque
3251 1665 3279 1701 a
3305 1648 3483 1702 fronte

1842 1745 1885 1800 Β
1914 1763 2116 1833 pellens
2165 1767 2217 1814 et
2249 1755 2486 1811 vicissim
2530 1749 2808 1822 repulsus,
2847 1747 2933 1798 vix
2965 1745 3016 1797 iu
3054 1740 3215 1814 405
3246 1737 3484 1794 vestibu-

1915 1855 2022 1908 lum
2076 1837 2256 1920 magni
2307 1845 2502 1902 divina:
2553 1839 2844 1910 Sapientia:
2873 1834 3059 1904 templi
3097 1832 3161 1864 ¹⁶¹
3201 1827 3484 1900 pervenire

1915 1945 2106 2016 potuit.
2132 1941 2258 1994 lude
2287 1939 2360 1993 illi
2392 1936 2546 1991 facile
2577 1930 2807 2002 ingressi
2843 1937 2971 1981 ειιιιι
3003 1927 3052 1979 in
3081 1923 3368 1994 porticum,
3393 1919 3479 1988 qni

1915 2049 2040 2094 ante
2097 2031 2279 2102 templi
2333 2029 2472 2084 atria
2525 2026 2664 2080 situs
2713 2031 2793 2077 est
2842 2037 2857 2074 :
2919 2018 3136 2086 illirque
3187 2027 3484 2068 conscenso

1914 2144 2172 2192 scamno,
2211 2121 2508 2182 sacerdotis
2567 2115 2822 2172 Germani
2880 2109 3162 2166 introitum
3199 2113 3482 2171 exspecta-

1914 2227 2062 2281 bant.
2098 2218 2372 2289 Siquidem
2410 2221 2487 2268 tot
2511 2219 2563 2265 et
2594 2217 2756 2263 tanta:
2789 2217 2975 2259 revera
3005 2207 3163 2254 erant
3191 2198 3330 2252 illius
3363 2195 3484 2248 lau-

1914 2319 2030 2376 des,
2070 2324 2126 2365 ut
2157 2309 2239 2364 vel
2284 2305 2454 2362 solum
2485 2303 2602 2372 ejus
2629 2295 2840 2353 videndi
2897 2290 3222 2348 desiderium
3257 2293 3497 2342 cunetos'

1911 2408 2168 2462 alliceret.
2209 2399 2466 2455 Pontiﬁce
2502 2401 2684 2462 postea
2717 2386 3083 2457 ingrediente,
3106 2380 3362 2436 divinitus
3390 2393 3484 2432 ex-

1913 2499 2076 2554 citata
2141 2491 2334 2549 mulier
2378 2490 2458 2558 (ut
2483 2483 2834 2553 jurejurando
2863 2477 2970 2542 bis,
3001 2477 3091 2544 qui
3119 2474 3169 2528 id
3196 2471 3324 2526 mihi
3347 2486 3484 2524 nun-

1915 2592 2122 2646 tiarqu
2147 2627 2162 2649 ,
2201 2577 2572 2645 asseveravit)
2601 2589 2722 2627 eum
2753 2572 2925 2626 instar
2963 2564 3190 2621 flaminia:
3216 2563 3352 2632 ignis
3397 2561 3483 2614 in-

1916 2683 2046 2737 tuita
2080 2689 2182 2740 est,
2231 2672 2522 2739 Statimque
2561 2659 2929 2719 exclamavit:
2967 2677 2986 2709 ι
3036 2655 3300 2718 Benedic,
3351 2667 3480 2706 san-

1915 2775 2174 2831 (:tissime,
2218 2765 2324 2820 lilio
2359 2776 2515 2832 quem
2557 2758 2610 2810 in
2650 2754 2944 2807 visceribus
2985 2765 3133 2819 gero.
3173 2765 3192 2798 ι
3227 2745 3318 2800 llle
3352 2759 3486 2797 vero

1917 2843 2058 2920 totus
2101 2857 2354 2930 fulgielus,
2400 2850 2547 2905 vultu
2599 2847 2790 2900 leniter
2823 2853 3122 2901 converso,
3178 2835 3364 2890 oculos
3427 2835 3482 2884 iu

1917 2929 2196 3011 mulierem
2239 2943 2493 3014 conjecit,
2535 2954 2597 2993 ac
2619 2937 2741 3014 igne
2783 2932 2952 2989 sancti
2994 2929 3226 2998 Spiritus
3271 2939 3488 2994 pernm-

2063 3045 2140 3098 ait
2174 3059 2188 3096 :
2225 3037 2324 3092 Τιιί
2364 3032 2571 3089 ventris
2601 3013 2824 3091 fructui,
2859 3040 2892 3078 o
2923 3022 3141 3086 mulier,
3189 3019 3485 3074 secmnlum

1917 3141 2076 3196 fidem
2102 3147 2246 3188 tuam
2273 3129 2555 3184 benedicat
2603 3121 2884 3182 Dominus,
2922 3115 3163 3184 Deiparm
3201 3120 3257 3166 et
3304 3119 3488 3179 proto-

1913 3227 2171 3300 martyris
2203 3219 2464 3292 Stephani
2496 3210 2996 3270 intercessionibus.
3040 3225 3058 3258 ι
3089 3203 3134 3260 0
3175 3205 3331 3258 bona:
3366 3201 3396 3254 li
3422 3200 3488 3254 :ei

1913 3321 2106 3375 melior
2148 3329 2276 3368 vere
2325 3303 2733 3378 compensatio!
2766 3299 2967 3369 Nempe
3012 3307 3070 3350 ut
3107 3295 3236 3351 olim
3297 3293 3492 3346 mulier

1912 3403 2212 3466 Chauauma
2257 3419 2286 3456 ιι
2333 3403 2623 3457 Servatore
2669 3393 2886 3448 Christo
2923 3387 3168 3440 audivit:
3205 3383 3250 3438 0
3282 3384 3488 3444 mulier,

1923 3513 2112 3572 magna
2145 3509 2218 3553 est
2250 3496 2380 3566 ﬁdes
2415 3503 2526 3556 tua,
2555 3487 2648 3554 fiat
2683 3484 2777 3538 tibi
2807 3484 2940 3537 sicut
2963 3480 3038 3532 vis
3072 3479 3146 3532 “:
3189 3478 3261 3530 ita
3292 3484 3345 3530 et
3377 3477 3490 3527 have

1923 3611 1952 3650 ε
1989 3567 2171 3648 divino
2199 3588 2290 3642 illo
2324 3585 2503 3647 Patre,
2547 3578 2636 3648 qui
2676 3582 2844 3628 totum
2880 3567 3155 3625 Christum
3200 3567 3254 3620 in
3307 3579 3365 3620 se
3396 3580 3492 3636 ge-

1919 3687 2097 3751 rebat,
2130 3691 2327 3752 praeter
2348 3677 2398 3732 id
2439 3673 2582 3744 quod
2620 3668 2796 3740 petiit,
2827 3661 3086 3720 nascituri
3127 3673 3342 3730 quoque
3391 3672 3491 3712 no-

1918 3799 2050 3842 men
2071 3777 2300 3846 accepit.
2902 3834 2916 3846 .

2803 3843 2916 3918 ’τως
2942 3852 3036 3906 καὶ
3059 3849 3196 3920 αὕτη
3224 3844 3376 3916 παρὰ
3398 3843 3490 3896 τοῦ

2667 3954 2852 4024 ότερον
2932 3947 3188 4020 εἰληφυῖα
3240 3942 3334 3998 τοῦ
3365 3940 3496 4012 μέλ-

1984 4153 2150 4228 406
2193 4148 2480 4206 Cousuetis
2537 4153 2717 4200 autem
2769 4140 2942 4196 sacris
2987 4137 3184 4193 officiis
3239 4135 3492 4203 peractis,

1919 4227 2040 4306 cum
2074 4259 2263 4302 omnes
2287 4240 2596 4295 divinorum
2640 4242 2694 4290 et
2749 4232 3162 4303 purissitnorum
3203 4227 3492 4298 mysterio-

243 4358 374 4412 στοῦ
407 4357 746 4428 μυστηρίων,
801 4355 895 4408 καὶ
930 4353 1068 4424 μετὰ
1101 4353 1203 4422 τῆς
1371 4347 1565 4419 εἰρήνῃ
1607 4319 1811 4416 πορεύ-

1923 4357 2038 4397 rum
2071 4335 2276 4394 Christi
2305 4331 2596 4404 participes
2632 4327 2782 4388 facti,
2814 4334 2870 4380 et
2900 4323 2952 4377 in
2984 4337 3114 4390 pace
3151 4319 3374 4388 profecti
3399 4320 3496 4369 do.

237 4468 384 4514 -σεως
432 4449 450 4488 ι
505 4448 687 4502 οἴκαδε
763 4447 1023 4500 ἁπάντων
1081 4440 1560 4513 ἀναχωρησάντων
1606 4477 1623 4502 ,
1695 4434 1812 4506 μεθ’

241 4544 458 4614 ἡμέρας
484 4541 634 4604 τινὰς
660 4544 694 4611 ἡ
747 4529 1146 4609 θεοφιλεστάτη
1175 4535 1251 4598 ὡς
1285 4533 1562 4603 ἐπάληθες
1600 4539 1638 4566 ω
1673 4528 1814 4597 αὓτη

241 4636 340 4690 νέα
369 4637 544 4687 Ἀννα
568 4633 663 4686 τοῦ
687 4633 880 4704 χρόνου
913 4627 1407 4701 συμπληρωθέντος
1451 4624 1617 4693 γεννᾷ
1644 4620 1734 4673 τὸν
1755 4621 1815 4673 ἐν

241 4727 516 4796 πνεύματι
545 4725 666 4778 νέον
713 4722 987 4795 Σαμουὴλ.
1039 4720 1114 4774 Τδ
1150 4720 1208 4774 δὲ
1261 4717 1590 4786 γεννηθῆναι
1625 4712 1814 4769 τοῦτον

243 4816 492 4890 παρευθὺ
542 4817 609 4886 τῇ
632 4814 728 4868 τοῦ
785 4811 1251 4885 πρωτομάρτυρος
1297 4807 1487 4876 κλήσει
1547 4802 1818 4870 Στέφανον

244 4909 434 4964 τοῦτον
467 4909 760 4978 ὠνόμασαν
802 4917 850 4971 ιι,
875 4904 1019 4959 κατὰ
1045 4903 1144 4974 τὴν
1193 4901 1496 4972 πρόρρησιν
1523 4894 1616 4949 τοῦ
1650 4891 1814 4946 σεϐα-

249 5000 410 5070 σμίου
439 4997 652 5068 Πατρὸς
683 4995 843 5066 ήμῶν
873 4991 1178 5065 Γερμανοῦ.
1219 4992 1330 5060 Τῆς
1362 4989 1417 5041 δέ
1463 4983 1815 5054 ὀκταημέρου

247 5090 400 5152 ὡςέν
437 5088 589 5158 μέσῳ
624 5085 1110 5159 παραδραμούσης,
1143 5083 1236 5136 καὶ
1277 5079 1355 5151 τῷ
1387 5077 1501 5146 ναῷ
1542 5073 1639 5128 τοῦ
1678 5071 1816 5128 Θεοῦ

251 5179 701 5250 προσενεχθέντος
763 5176 854 5231 τοῦ
909 5175 1176 5247 βρέφους,
1241 5172 1341 5242 τὴν
1396 5165 1819 5241 προωρισμένην

251 5272 462 5342 εἰλήφει
495 5271 706 5342 κλῆσιν.
745 5267 976 5340 Ὁμοίως
1003 5268 1098 5322 καὶ
1121 5267 1188 5337 τῇ
1222 5262 1632 5333 τεσσαρακοστῇ
1661 5257 1822 5321 ἰδίαις

321 5449 388 5482 ⁸⁸⁸
422 5445 700 5518 Templum
726 5429 942 5500 Sancte
971 5439 1204 5510 Sophim.
1256 5440 1294 5470 “
1334 5436 1522 5492 Matth.
1543 5452 1634 5498 xv,
1663 5432 1755 5487 28.

1923 4447 2066 4485 mum
2090 4427 2413 4488 rediissem;
2447 4427 2568 4492 post
2607 4418 2812 4490 aliquot
2841 4414 2956 4468 dies
2975 4410 3208 4466 Deivcre
3237 4409 3495 4462 animantis-

1922 4522 2058 4578 sima
2102 4531 2240 4572 nova
2283 4513 2372 4568 illa
2411 4513 2569 4567 Anna
2599 4504 2866 4576 completo
2901 4511 3143 4568 tempore
3199 4511 3394 4551 novum
3443 4495 3495 4548 in

1923 4612 2116 4684 spiritu
2141 4605 2356 4664 Samuel
2393 4603 2618 4674 peperit.
2648 4597 2845 4652 Statim
2881 4577 3062 4648 autem
3091 4605 3154 4646 ac
3203 4599 3363 4642 natus
3394 4597 3494 4650 est,

1923 4678 2340 4773 protomartyris
2373 4691 2633 4764 Stephani
2669 4702 2868 4743 nomen
2908 4683 2981 4739 illi
3029 4683 3313 4744 dederunt,
3349 4678 3498 4746 juxta

1924 4793 2327 4862 prsidii-tionem
2392 4782 2683 4840 venerandi
2749 4777 2924 4834 Patris
2987 4773 3156 4829 nostri
3223 4770 3496 4826 Germani.

1919 4887 2056 4942 Octo
2096 4899 2226 4940 vero
2266 4883 2476 4936 dierum
2509 4873 2686 4944 Spatio
2715 4871 2872 4941 quasi
2903 4864 3223 4924 intemedio
3273 4872 3497 4932 prmtcr-

1919 4980 2018 5039 ito,
2053 4993 2186 5048 puer
2211 4975 2262 5028 in
2291 4969 2544 5038 templum
2583 4965 2674 5020 Dei
2711 4961 2975 5018 adductus
3008 4967 3112 5024 est,
3147 4957 3326 5024 ibique
3359 4967 3498 5023 ιιι-ευ·
3554 4959 3582 5038 ,3

1923 5033 2126 5126 finitam
2187 5033 2602 5134 appellationem
2641 5055 2868 5126 accepit.
2919 5051 3181 5109 Similiter
3234 5049 3323 5122 die
3371 5059 3498 5116 qua-
3554 5033 3568 5048 ’”

1925 5161 2226 5234 ilragesima
2275 5159 2428 5214 illum
2479 5157 2715 5226 propriis
2751 5153 2998 5210 manibus
3045 5157 3258 5220 gestans
3304 5154 3498 5211 mater,

1928 5255 2002 5328 (ut
2038 5255 2166 5309 olim
2217 5250 2567 5309 celeberrima
2615 5249 2768 5302 Anna
2814 5260 3027 5302 sacrum
3065 5244 3132 5306 ab
3162 5241 3366 5296 iurante
3402 5237 3497 5292 Sa-

1551 5546 1780 5603 VAerE
1821 5543 2226 5601 LECTIONBS.

329 5703 347 5743 ί
390 5701 464 5754 al.
502 5699 648 5767 φλιᾷ.
731 5710 743 5747 ι
785 5697 849 5750 al.
883 5693 1164 5764 σκαμνίον.
1243 5687 1584 5761 1ιιιείζιτὲμοί.
