3972 6220
391 313 412 376 i
423 317 526 377 0.33

1587 312 1968 375 STEPHANI
2006 309 2311 370 DIACONI
2353 310 2460 369 (ΞΡ.
2589 302 2612 320 ’

3518 306 3675 372 1084

391 423 484 478 Dei
543 436 754 484 amore,
797 431 910 475 tum
963 418 1204 476 discendi
1252 417 1461 484 studio,
1513 419 1662 474 brevi
1725 431 1967 489 tempore

2077 417 2150 468 Ξτι
2185 417 2246 468 οὺ
2279 415 2397 484 μετ’
2431 414 2494 468 ού
2523 415 2656 469 πολὺ
2688 414 2746 469 ἐν
2796 413 2978 488 καιρῷ
3013 415 3128 488 ίδίῳ
3157 415 3321 471 δώσει
3343 420 3476 483 τοῦς
3504 439 3668 491 anap-

393 518 615 568 n.ultnm
643 515 938 583 superavit.
958 511 1234 581 Siquidem
1253 527 1414 580 supra
1445 520 1656 566 aetatem
1675 521 1792 566 erat
1823 511 1966 565 illius

391 609 586 670 ardor;
619 614 676 658 ut
716 605 879 660 etiam
909 603 961 656 in
990 604 1407 659 admirationem
1438 603 1576 673 rapti
1605 611 1854 672 parentes
1883 603 1967 655 di-

394 706 580 752 rerent
621 712 741 750 eum
775 709 900 749 vere
941 693 1110 750 lilium
1137 695 1403 751 orationis
1443 710 1587 750 esse.
1620 694 1671 748 In
1717 693 1800 748 his
1835 707 1968 764 ergo

395 803 550 841 sat-er
577 787 890 840 adolescens
909 785 1294 859 emdiebatur,
1319 795 1375 841 ct
1403 785 1607 854 optima
1643 785 1965 854 purissima-

289 889 306 896 ί
393 895 496 946 que
529 879 867 932 institutione
900 876 1320 940 informahatur,
1345 891 1530 946 quam,
1562 887 1619 930 ιιι
1641 877 1716 929 ait
1755 876 1958 931 acutis.

393 971 526 1024 sima
559 979 612 1022 et
638 968 792 1022 valde
820 969 1122 1038 theologica
1153 967 1640 1040 mens[Gregorius
1667 965 1966 1020 Nazianze-

396 1057 542 1130 nus],
576 1058 826 1113 diurnam
862 1059 1077 1113 divinus
1112 1059 1278 1113 David
1307 1058 1570 1128 praeclare
1599 1067 1757 1112 vocat
1787 1067 1840 1112 et
1869 1073 1970 1112 no-

396 1162 602 1204 cturnze
637 1150 946 1204 adversam.
995 1149 1131 1202 Dum
1194 1160 1374 1204 autem
1413 1164 1599 1204 sacras
1659 1147 1970 1220 Scripturas

397 1228 694 1307 ediscebat,
725 1241 1034 1296 divinOrum
1061 1242 1300 1295 virorum
1321 1241 1411 1308 qui
1439 1242 1489 1296 iu
1521 1241 1602 1295 eis
1621 1241 1966 1307 exhibentur,

397 1335 680 1388 aemulator
705 1349 824 1388 esse
849 1334 1124 1403 cupiebat,
1153 1349 1288 1403 quos
1309 1334 1526 1404 quidem
1555 1333 1844 1399 imitando,
1871 1347 1967 1386 va-

403 1427 603 1478 tiorttm
625 1426 867 1479 ciborum
894 1440 960 1479 ne
981 1426 1304 1480 meminerat
1324 1425 1564 1494 quidem,
1584 1439 1758 1494 neque
1775 1439 1968 1478 vanam

401 1517 624 1584 gloriam
657 1519 971 1586 expetebat,
1017 1533 1191 1588 neque
1216 1533 1456 1588 unquam
1501 1532 1530 1571 a
1581 1517 1760 1574 divina
1816 1517 1972 1571 laude

401 1622 462 1660 os
495 1621 724 1662 vacuum
767 1607 1018 1662 habebat.

2069 508 2204 571 ποὺς
2240 507 2348 561 τῶν
2376 507 2554 561 πόνων
2586 507 2754 562 αὑτοῦ
2789 511 2870 572 είς
2911 510 3127 564 ἑκατόν.
3161 509 3350 576 Οῦτως
3382 515 3410 566 6
3467 515 3674 584 τίμιος

2067 599 2342 668 Στέφανος
2363 599 2673 662 παιδευθεὶς
2697 599 2798 671 τὴν
2822 601 3132 672 ἀκροτάτην
3164 601 3478 670 εὐσέϐειαν,
3513 606 3668 658 πολ-

2064 691 2192 755 λοὺς
2211 690 2492 762 ὁμηλίκων
2515 692 2950 763 ὑπερηκόντισεν
2978 694 3035 745 ἐν
3056 693 3226 764 ὀλίγῳ
3253 694 3433 767 χρόνῳ
3456 700 3525 766 τῇ
3549 699 3666 768 τῆς

2065 781 2244 852 ψυχῆς
2274 781 2521 854 φιλοθεῒα
2552 782 2646 835 καὶ
2671 783 2993 852 φιλομαθία.
3023 779 3132 835 Ἦν
3160 784 3270 854 γὰρ
3304 786 3475 839 αὑτοῦ
3507 788 3668 858 ὑπὲρ

2065 873 2166 945 τὴν
2203 873 2420 944 ἠλικίαν
2451 875 2514 927 τδ
2544 873 2848 944 πρόθυμον,
2877 874 3023 928 ὥστε
3063 874 3447 945 θαυμάζεσθαι
3479 879 3661 932 αὑτὸν

2069 966 2222 1036 παρᾶ
2274 965 2382 1020 τῶν
2430 966 2702 1020 τεκόντων
2754 969 2850 1021 καὶ
2903 967 3114 1035 λέγειν,
3169 969 3364 1042 ὅτιπερ
3417 971 3664 1041 ἀληθῶς

2067 1057 2236 1128 εὐχῆς
2289 1059 2406 1122 υἱός
2435 1060 2583 1112 ἐστιν
2630 1051 2807 1122 οὗτος.
2857 1059 2948 1113 Ἐν
3003 1059 3216 1124 τούτοις
3263 1057 3357 1116 οῦν
3411 1064 3442 1114 6
3505 1065 3670 1132 ἱερὴ

2068 1149 2287 1214 νεανίας
2345 1149 2660 1204 παιδεύεται
2709 1152 2804 1204 καὶ
2846 1151 3235 1206 διαπλάττεται
3295 1153 3506 1208 πλάσιν
3539 1156 3658 1226 τὴν

2068 1240 2298 1312 ἀρίστην
2335 1243 2430 1296 καὶ
2454 1242 2871 1312 καθαρωτάτην,
2901 1243 3102 1315 ἥνπερ,
3131 1243 3209 1309 ὥς
3262 1263 3429 1315 φησιν
3459 1249 3490 1300 6
3533 1247 3671 1300 δια-

2070 1332 2301 1405 πρύσιος
2335 1335 2429 1387 καὶ
2458 1334 2920 1403 θεολογικώτατος
2951 1335 3100 1399 νοῦς,
3143 1338 3414 1409 ἡμερινὴν
3439 1343 3469 1392 6
3501 1339 3666 1404 θεῖος

2070 1425 2236 1478 Δαϐὶδ
2267 1424 2448 1489 καλῶς
2491 1425 2748 1494 ὀνομάζει
2781 1426 2877 1480 καὶ
2922 1427 3022 1498 τῆς
3072 1429 3397 1498 νυκτερινῆς
3427 1429 3669 1483 ἀντίθε-

2074 1533 2186 1570 τον.
2231 1518 2620 1588 Ἐκμανθάνων
2677 1519 2735 1572 δὲ
2775 1519 2874 1582 τὰς
2923 1519 3072 1582 θείας
3113 1520 3343 1590 Γραφάς
3389 1522 3672 1576 Eata-1:685:

2077 1607 2326 1678 ζηλωτὴς
2360 1608 2615 1678 γενέσθαι
2665 1609 2778 1664 τῶν
2828 1609 2990 1663 Θείων
3021 1611 3247 1664 ἐκείνων
3290 1613 3505 1682 ἀνδρῶν
3545 1613 3673 1666 τῶν

403 1703 532 1771 παρ’
594 1705 784 1766 αὑταῖς
822 1705 1218 1776 ἐμφερομένων
1243 1722 1258 1737 ο
1288 1704 1382 1759 καὶ
1432 1705 1652 1767 τούτους
1693 1702 2051 1776 μιμούμενος,
2081 1703 2190 1758 οὐδ’
2221 1704 2360 1769 ὅλως
2413 1706 2650 1759 ἐποιεῖτο
2707 1705 2961 1778 ποικίλης
2991 1707 3199 1776 τροφῆς
3230 1707 3478 1777 μνήμην,
3531 1708 3673 1761 οὖτα

402 1794 566 1864 κενῆς
628 1795 785 1862 δόξης
815 1797 1018 1865 ἐφίετο,
1082 1795 1206 1851 οὔτε
1232 1798 1295 1851 τὸ
1342 1798 1518 1868 στόμα
1546 1797 1710 1850 αὐτοῦ
1742 1795 1850 1850 ἀπὸ
1896 1794 2210 1866 δοξολογίας
2243 1797 2406 1867 ῆργει
2443 1795 2600 1852 ποτέ.

473 1888 673 1944 Eodem
719 1905 849 1945 vero
892 1901 1149 1961 tempore,
1171 1907 1279 1962 quo
1305 1893 1498 1948 studiis
1527 1907 1745 1962 Operam
1779 1892 1974 1954 dabat,
2007 1897 2050 1952 Β

403 1980 511 2034 Leo
541 1995 572 2035 e
600 1980 756 2049 Syria
781 1983 1066 2049 oriundus,
1097 1999 1267 2040 novus
1290 1984 1492 2055 Doeg"
1521 1996 1576 2038 et
1595 1984 1878 2051 Idumaeos,
1904 2001 1971 2040 ex

402 2074 648 2139 partibus
688 2072 947 2138 Orientis,
978 2075 1162 2129 rebelli
1199 2085 1254 2128 et
1291 2077 1570 2147 lyraunico
1626 2077 1870 2131 facinore
1917 2078 1970 2132 in

405 2163 768 2217 Theodosium
795 2166 1170 2232 imperatorem
1186 2168 1500 2222 insnrrexit.
1520 2167 1619 2234 Qui
1639 2168 1974 2224 Theodosius

404 2267 516 2306 rem
544 2253 814 2322 indignam
841 2270 962 2310 esse
999 2267 1147 2310 ratus
1175 2257 1514 2314 Christianos
1553 2274 1675 2314 cum
1709 2260 1974 2315 Christia-

405 2345 488 2398 nis
516 2345 653 2400 bello
680 2347 965 2413 congredi,
997 2349 1495 2418 tranquillissimum
1521 2353 1643 2406 vita:
1669 2368 1837 2420 genus
1857 2369 1976 2416 am-

404 2438 672 2505 plexatus,
707 2439 1003 2506 cupiditate
1038 2451 1091 2495 et
1130 2441 1390 2510 dignitate
1444 2443 1545 2496 frui
1585 2445 1805 2512 impium
1852 2460 1974 2513 per-

407 2527 571 2580 misit.
595 2527 712 2582 Mox
740 2543 867 2597 ergo
897 2537 1163 2600 tyrannus
1191 2531 1354 2604 412
1391 2534 1442 2586 in
1477 2535 1766 2603 palatium,
1825 2537 1974 2592 cauis

407 2617 458 2667 in
499 2628 708 2680 sancta,
758 2632 850 2671 sus
909 2619 960 2671 in
1019 2623 1340 2690 margaritas
1395 2625 1726 2692 preparavit.
1779 2623 1972 2678 Verum

407 2706 579 2772 vnlpis
607 2707 801 2776 pellem
855 2707 1116 2774 induens,
1160 2725 1388 2778 Suseque
1429 2713 1658 2766 subdole
1704 2714 1858 2766 initio
1877 2730 1972 2781 ge-

407 2812 551 2859 rens,
575 2797 645 2849 ob
675 2800 1030 2852 reverentiam
1071 2815 1198 2870 erga
1229 2817 1483 2871 magnum
1520 2805 1802 2872 praesulem
1841 2806 1976 2860 Ger-

406 2904 645 2951 manum,
681 2904 738 2942 se
793 2889 1012 2956 pietatis
1065 2893 1326 2946 cultorem
1374 2894 1490 2949 fore
1535 2897 1798 2963 promisit.
1849 2896 1977 2951 Post

407 2979 675 3034 decimum
712 2995 840 3036 vero
877 2984 962 3035 sui
1012 2983 1222 3053 imperii
1263 3001 1485 3051 annum,
1519 3003 1690 3041 navus
1732 2989 1820 3042 ille
1850 2990 1975 3044 Bal-

411 3082 588 3126 tassar
612 3073 676 3139 ⁸⁸,
728 3073 1080 3128 Manicheam
1121 3076 1404 3145 haeresim,
1437 3089 1493 3134 et
1522 3079 1977 3147 Aphthartodoci-

411 3174 606 3227 tarum,
639 3174 694 3217 ut
727 3165 799 3218 ita
831 3165 1037 3233 loquar,
1076 3165 1218 3222 forte
1254 3167 1395 3222 baud
1433 3169 1754 3225 dissimilem
1787 3173 1840 3226 in
1873 3173 1974 3227 Ec-

2160 1894 2250 1946 Ἐν
2277 1892 2334 1944 δὲ
2367 1895 2479 1955 τοῖς
2507 1891 2720 1962 χρόνοις
2747 1891 2849 1962 τῆς
2876 1891 3039 1946 αὑτοῦ
3083 1891 3400 1963 μαθήσεως,
3433 1894 3593 1948 Λέων
3629 1897 3666 1948 ὁ

2073 1983 2399 2054 Συρογενής,
2431 1985 2458 2034 6
2493 1982 2613 2046 νέος
2646 1982 2790 2054 Δοὴκ
2820 1983 2915 2036 καὶ
2953 1983 3274 2049 Ἰδουμαῖος,
3315 1985 3382 2037 ἐκ
3413 1984 3522 2035 τῶν
3551 1984 3668 2054 τῆς

2084 2073 2254 2142 Ἑῴας
2291 2073 2496 2144 μερῶν,
2525 2075 2764 2142 συσκευῇ
2815 2073 3118 2142 ἀνταρτικῇ
3181 2072 3668 2126 κατεπανίσταται

2071 2165 2338 2233 Θεοδοσίῳ
2364 2164 2442 2234 τῷ
2475 2164 2703 2235 βασιλεῖ.
2741 2164 2928 2226 Ὅστις
2975 2160 3258 2228 Θεοδόσιος
3286 2165 3666 2236 Χριστιανοὺς

2072 2257 2208 2328 πρὸς
2234 2257 2594 2328 Χριστιανοὺς
2621 2256 2721 2308 οὐκ
2749 2254 2899 2319 ἀξιον
2942 2249 3082 2306 εἶναι
3114 2253 3307 2324 κρίνας
3365 2254 3666 2322 πολεμεῖν,

2073 2345 2593 2416 ἡσυχαστικωτάτην
2623 2343 2837 2397 δίαιταν
2870 2341 3181 2404 ἀναλαϐὼν,
3221 2343 3324 2410 τῆς
3353 2342 3668 2412 ἐπιθυμίας

2074 2440 2169 2494 καὶ
2202 2440 2302 2509 τῆς
2338 2438 2494 2504 ἀξίας
2530 2435 2828 2491 ἀπολαύειν
2853 2436 2944 2488 τὸν
2973 2434 3146 2504 ἀσεϐῆ
3198 2435 3500 2503 πεποίηκε.
3548 2436 3670 2488 Καὶ

2074 2529 2276 2592 εὐθέως
2303 2529 2331 2580 6
2382 2527 2646 2597 τύραννος
2672 2527 2752 2589 είς
2778 2526 2847 2580 τὰ
2878 2525 3146 2596 βασίλεια,
3193 2523 3289 2578 καὶ
3326 2525 3354 2576 6
3395 2523 3548 2578 κύων
3578 2527 3667 2592 εἰς

2072 2621 2142 2675 τὰ
2175 2622 2326 2688 ἅγια,
2361 2622 2455 2674 καὶ.
2485 2619 2715 2690 ὁχοῖρος
2751 2617 2844 2669 ἐπὶ
2873 2617 2999 2680 τοὺς
3045 2615 3414 2686 μαργαρίτας⁶
3471 2615 3669 2669 Ἂλῶ.

2075 2731 2240 2776 πεκος
2286 2712 2343 2766 δὲ
2381 2711 2582 2782 χρῶμα
2638 2709 2947 2772 ἀναλαϐὼν,
2994 2711 3088 2763 καὶ
3137 2709 3385 2770 ὑπούλως
3423 2724 3546 2771 πως
3590 2709 3674 2760 τὰ

2076 2806 2268 2874 πρῶτα
2284 2803 2568 2868 διεξελθὼν
2597 2804 2685 2858 διὰ
2721 2805 2820 2875 τὴν
2851 2803 2989 2873 πρὸς
3019 2801 3110 2854 τὸν
3145 2801 3320 2872 μέγαν
3381 2799 3665 2872 πρόεδρςν

2076 2894 2355 2964 Γερμανὺν
2412 2893 2544 2946 αίδὼ
2595 2893 2838 2946 εὐσεϐεῖν
2867 2892 3249 2944 συνετάσσετο.
3284 2889 3445 2943 Μετά
3474 2889 3534 2942 δὲ
3564 2889 3657 2942 δέ..

2076 3002 2240 3038 κατον
2286 2984 2476 3056 χρόνον
2527 2985 2622 3054 τῆς
2661 2983 2826 3037 αὑτοῦ
2870 2984 3213 3056 κατάρξεως,
3257 2985 3287 3036 6
3336 2984 3461 3046 νὲος
3499 2979 3668 3048 οὗτος

2077 3075 2365 3144 Βαλτάσαρ
2387 3075 2595 3148 αἵρεσιν
2623 3077 2823 3146 ὲμπνεῖ
2848 3079 2914 3146 τῇ
2953 3075 3249 3146 Ἐκκλησία
3269 3076 3650 3146 Μανιχαῖκὴν,

2076 3169 2238 3237 τάχα,
2273 3168 2337 3220 ἵν’
2380 3169 2521 3222 εἴπω
2574 3185 2649 3233 τι,
2683 3169 2796 3233 ptui
2839 3167 2948 3221 τῶν
2994 3166 3524 3236 ’Δφθαρτοδοκητῶν
3568 3167 3670 3236 ἐφ-

407 3255 626 3310 ciesiatn
662 3257 906 3324 Spiravit.
942 3257 1130 3327 Itaque
1161 3258 1406 3326 subjecta
1444 3261 1546 3316 sibi
1590 3263 1746 3332 plehe
1773 3278 1975 3318 convo-

2079 3261 2318 3332 άμιλλον.
2349 3262 2458 3315 Καὶ
2487 3262 2578 3315 τὸν
2605 3261 2696 3314 ὑπ’
2727 3261 2894 3314 αὐτοῦ
2911 3260 3054 3326 ,λαὸν
3073 3259 3474 3330 ἐκκλησιάσας,
3493 3257 3670 3329 μέσον

408 3360 551 3412 cata,
583 3364 765 3402 coram
813 3350 1062 3404 omnibus
1096 3350 1366 3406 leoninnm
1416 3354 1632 3424 rugiens
1686 3355 1974 3414 inhumana

411 3442 523 3494 haec
557 3440 754 3503 bellua,
783 3451 838 3496 et
868 3441 1064 3496 Leonis
1093 3443 1308 3500 nomine
1328 3446 1588 3517 insignis,
1617 3463 1682 3503 ex
1719 3449 1976 3506 iracundo

407 3532 589 3594 corde,
621 3532 848 3587 velutex
883 3532 1046 3588 IEtna
1081 3539 1267 3590 monte
1297 3529 1471 3607 ignem
1500 3548 1555 3592 et
1602 3539 1848 3608 sulphur,
1879 3541 1979 3595 mi-

407 3617 685 3678 serandam
711 3625 850 3680 illam
868 3641 1048 3681 vocem
1067 3628 1333 3683 eructavit
1348 3639 1402 3683 et
1419 3630 1667 3698 protulit:
1693 3651 1711 3683 ι
1724 3631 1976 3698 Quando-

406 3715 621 3780 quidem
671 3713 964 3783 imaginum
1031 3715 1312 3772 fabricatio
1345 3734 1434 3774 ars
1486 3732 1570 3774 est
1616 3722 1828 3789 idoliea,
1859 3724 1978 3778 illas

409 3807 633 3859 adorare
663 3821 764 3860 non
788 3817 1021 3876 oportet.
1071 3828 1090 3862 ι
1125 3809 1318 3864 Verum
1359 3828 1480 3865 cum
1517 3812 1821 3880 huiusmodi
1847 3832 1978 3872 voce

409 3896 559 3964 plebs
593 3896 844 3965 religiosa
875 3907 928 3952 et
957 3899 1257 3953 orthodoxa
1306 3903 1624 3956 conturbata
1655 3903 1972 3972 ingemerct,

409 3985 648 4053 perditus
677 3985 764 4040 ille
796 4002 914 4040 mox
951 3987 1096 4056 quod
1122 3989 1447 4056 sequebatur
1479 3990 1712 4054 reticuit,
1754 4001 1806 4044 et
1863 4007 1978 4045 ser-

410 4090 621 4129 monem
652 4076 704 4129 in
729 4076 959 4130 alienam
992 4079 1314 4132 sententiam
1343 4079 1590 4134 detorsit.
1641 4079 1778 4134 Vere
1811 4082 1975 4151 sepul-

407 4184 549 4221 crum
583 4179 768 4236 putens
799 4181 980 4240 guttur
1020 4171 1062 4202 ¹⁹
1091 4169 1230 4241 ejus,
1261 4182 1314 4226 et
1351 4175 1531 4242 paries
1562 4173 1849 4230 dealbalus
1882 4192 1978 4230 cor

409 4261 568 4314 illius.
645 4266 652 4281 ‘

476 4351 608 4406 Cum
663 4363 841 4408 autem
887 4353 938 4408 id
982 4357 1253 4412 rcsciisset
1300 4359 1516 4429 pietatis
1547 4373 1722 4427 praeco
1746 4359 1976 4416 Genna-

409 4459 541 4506 nus,
579 4458 700 4499 st-se
750 4447 932 4500 rebelli
969 4450 1185 4518 tyranni
1222 4451 1384 4504 menti
1419 4466 1718 4521 opponens,
1779 4453 1892 4506 haec
1925 4454 1975 4506 ei

2077 3357 2298 3412 πάντων
2353 3354 2698 3418 λεοντοειδῶς
2753 3353 2958 3424 βρύξας
3001 3356 3030 3408 ό
3087 3353 3366 3424 ἀνήμερος
3415 3351 3523 3422 θὴρ
3568 3353 3668 3404 καὶ

2076 3445 2468 3518 λεοντὼνυμος,
2503 3447 2568 3500 ἐκ
2621 3449 2718 3516 τῆς
2769 3444 2989 3516 ὀργίλου
3027 3443 3193 3499 αὑτοῦ
3229 3445 3466 3514 καρδίας
3489 3443 3571 3506 ὡς
3598 3443 3664 3508 ἐξ

2075 3539 2238 3611 ὅρους
2281 3536 2534 3591 Αἰτναίου
2597 3539 2709 3606 πῦρ
2762 3537 2859 3590 καὶ
2911 3535 3114 3604 θὲαφον
3152 3543 3180 3572 ν
3232 3533 3509 3605 ὴρεύξατο
3561 3533 3668 3602 τὴν

2077 3629 2318 3700 ἐλεεινὴν
2353 3628 2571 3698 ἐκείνην
2618 3627 2825 3698 φωνὴν,
2886 3627 2984 3680 καὶ
3023 3621 3186 3680 ,εἶπεν
3217 3641 3232 3675 °.
3271 3647 3289 3677 ι
3349 3624 3668 3694 Εἰδωλικῆς

2075 3721 2432 3793 τεχνουργίας
2466 3720 2822 3791 ὑπαρχούσης
2849 3719 2948 3788 τῆς
2981 3719 3087 3772 τῶν
3119 3718 3344 3773 εἰκόνων
3371 3717 3668 3771 ἀνατυπιῦ-

2079 3832 2234 3879 σεως,
2267 3815 2327 3868 οὐ
2357 3815 2440 3867 δεῖ
2457 3813 2661 3876 ταύτας
2689 3815 3034 3885 προσκυνεῖν.
3078 3831 3098 3863 ι
3160 3809 3270 3864 Τοῦ
3308 3810 3670 3881 φιλοχρίστου

2077 3905 2171 3960 καὶ
2196 3904 2479 3975 ὁρθοῦόξου
2523 3903 2654 3957 λαοῦ
2718 3903 3115 3974 θορυϐηθέντος
3157 3916 3184 3943 ι
3226 3900 3344 3972 ἅμα
3382 3905 3452 3971 τῇ
3507 3904 3666 3972 φωνῇ

2077 3998 2174 4054 καὶ
2199 3997 2574 4062 στενάξαντος,
2597 3999 2625 4051 6
2651 3997 2932 4068 ἀλιτήριος
2972 3996 3222 4066 παρευθὺ
3246 3995 3308 4048 τὸ
3335 3993 3467 4063 ἑξῆς
3496 3993 3668 4048 ἐσιώ-

2077 4109 2241 4164 πησε,
2275 4093 2370 4146 καὶ
2403 4093 2540 4162 πρὸς
2559 4091 2964 4162 ἑτερογνωμίαν
2992 4091 3082 4144 τὸν
3123 4091 3284 4158 λόγον
3317 4092 3665 4162 μετήγαγεν.

2081 4183 2310 4244 Ὄντως,
2358 4179 2549 4250 Τύρος
2585 4180 2962 4250 ἀνεῳγμένος
2990 4184 3022 4234 ό
3055 4180 3290 4251 λάρυγξ
3321 4179 3516 4245 αὑτοῦ,
3571 4181 3670 4233 καὶ

2075 4274 2252 4340 τοῖχος
2279 4271 2662 4339 κεκονιαμένος
2699 4272 2731 4336 ἡ
2764 4269 2958 4330 τούτου
2987 4271 3204 4340 καρδία.

2149 4363 2313 4426 Γνοὺς
2334 4363 2390 4414 δὲ
2417 4361 2576 4416 τοῦτο
2616 4363 2646 4414 6
2682 4363 2785 4432 τῆς
2815 4363 3104 4426 εὐσεϐείας
3139 4361 3317 4432 κῆρυξ
3349 4361 3665 4432 Γερμανὸς,

2079 4453 2174 4506 καὶ
2207 4451 2466 4513 ἀντιστὰς
2502 4453 2566 4520 τῇ
2625 4451 2927 4522 ἁνταρτικῇ
2977 4452 3074 4504 τοῦ
3125 4451 3392 4520 τυράννου
3443 4447 3668 4521 γνώμῃ,

408 4541 664 4606 mandat:
695 4555 714 4588 ι
747 4537 1067 4608 Imperator,
1097 4539 1315 4595 Christo
1352 4542 1577 4596 Domino
1609 4551 1664 4597 et
1697 4542 1975 4598 Salvatore

2079 4543 2230 4614 δηλοῖ
2262 4543 2398 4614 πρὸς
2444 4541 2640 4596 αὐτόν·
2684 4559 2704 4594 ι
2741 4540 3008 4606 Βασιλεῦ,
3058 4540 3155 4594 τοῦ
3207 4539 3482 4593 Δεσπότου
3528 4539 3672 4608 Χρι-

409 4637 592 4681 uostro
622 4627 727 4680 Deo
759 4644 824 4683 ex
863 4630 1151 4697 purissimo
1183 4641 1388 4686 sancta:
1439 4630 1679 4700 Deiparae
1715 4635 1978 4703 sanguine

409 4733 572 4772 carne
603 4717 784 4784 facto,
831 4730 887 4774 et
935 4721 1172 4789 perfecte
1213 4721 1375 4794 413
1414 4724 1572 4779 simili
1607 4726 1760 4779 nobis
1787 4737 1841 4780 et
1873 4727 1978 4780 cir-

408 4811 741 4878 cumscripto
791 4813 926 4880 viso,
970 4813 1255 4869 universus
1295 4815 1758 4870 idolornmcnltns
1791 4831 1822 4870 e
1863 4832 1978 4871 me-

409 4901 497 4954 dio
521 4902 764 4957 sublatus
801 4911 906 4967 est,
941 4904 1234 4973 on‘tniaque
1257 4906 1520 4961 idolorum
1546 4907 1835 4962 simulacra
1867 4908 1976 4978 igni

409 5001 464 5044 et
493 4993 730 5047 tenebris
779 4996 1028 5050 mandata
1087 5007 1238 5053 sunt.
1291 4999 1336 5052 Α
1378 5013 1484 5068 quo
1509 5014 1635 5053 vero
1694 4999 1975 5055 nobiscum

410 5085 524 5152 ipse
557 5093 800 5140 versatus
844 5095 962 5152 est,
1015 5088 1242 5160 ejusque
1293 5092 1522 5160 apostoli
1579 5106 1676 5144 sua
1726 5091 1971 5145 doctrina

418 5176 618 5230 mundo
653 5177 879 5232 salutem
935 5193 1282 5250 pepererunt,
1336 5183 1403 5237 ad
1451 5183 1772 5238 hodiernum
1808 5185 1975 5250 diem,

415 5267 543 5322 anni
565 5280 691 5324 sunt
717 5269 1041 5342 septingenti
1071 5276 1296 5328 trecenti
1335 5289 1427 5330 sex
1458 5293 1471 5329 :
1496 5284 1871 5347 quotquotque
1901 5279 1984 5331 in-

491 5425 534 5458 ιτ
568 5423 586 5477 l
619 5424 750 5494 Reg.
779 5441 893 5492 ut,
927 5417 978 5479 7.
1059 5425 1102 5458 "‘
1132 5425 1265 5481 Dan.
1290 5441 1345 5496 ν,
1421 5429 1442 5475 Ι
1521 5446 1625 5501 seq.

2082 4637 2210 4690 στοῦ
2233 4637 2328 4690 καὶ
2365 4635 2621 4705 Σωτῆρος
2668 4635 2826 4704 ἡμῶν
2859 4632 2994 4687 Θεοῦ
3039 4631 3416 4704 σαρκωθέντος
3455 4634 3523 4686 ἐκ
3559 4630 3672 4684 τῶν

2077 4729 2362 4800 ἀχράντων
2392 4728 2640 4798 αἱμάτων
2669 4728 2766 4795 τῆς
2791 4727 2954 4796 ἁγίας
2996 4725 3284 4787 Θεοτὸκου,
3318 4723 3416 4776 καὶ
3451 4723 3671 4775 τελείου

2078 4817 2242 4872 αύτοῦ
2273 4817 2571 4886 καθ’ήμᾶς
2622 4815 2882 4885 ὀφθέντος
2925 4815 3021 4867 καὶ
3069 4809 3476 4886 περιγραπτοῦ,
3513 4812 3668 4863 πᾶσα

2076 4909 2334 4980 είδωλικὴ
2359 4908 2581 4980 λατρεία
2613 4905 2856 4960 ἐκποδὼν
2888 4907 3102 4974 γέγονε,
3133 4905 3230 4959 καὶ
3275 4905 3386 4956 πᾶν
3433 4903 3668 4972 ἄγαλμα

2083 4999 2361 5054 εἰδωλικδν
2383 4999 2460 5070 τῷ
2493 5001 2625 5070 πυρὶ
2655 4999 2746 5052 καὶ
2771 4997 2849 5067 τῷ
2873 4997 3055 5050 σκότει
3080 4993 3482 5065 παρεπέμφθη.
3528 4994 3588 5045 Ἀ
3600 4997 3674 5045 πο

2079 5094 2137 5148 δὲ
2174 5095 2272 5164 τῆς
2315 5092 2479 5146 αὑτοῦ
2538 5092 2671 5159 πρὸς
2714 5092 2862 5161 ἡμᾶς
2905 5086 3383 5158 συναναστροφῆς,
3428 5087 3524 5138 καὶ
3575 5087 3681 5155 τῆς

2079 5186 2188 5240 τῶν
2215 5185 2530 5238 ἀποστόλων
2553 5183 2720 5238 αὑτοῦ
2746 5181 3136 5253 κοσμοσὼστου
3164 5177 3521 5241 διδασκαλίας
3556 5177 3671 5239 ’ἐως

2083 5277 2182 5346 τῆς
2202 5276 2340 5340 νυνὶ,
2370 5265 2466 5345 ἔτή
2496 5273 2800 5327 ἑπτακόσια
2838 5273 3138 5342 τριάκοντα
3171 5269 3231 5336 ἐξ
3258 5277 3288 5317 ἵ
3307 5283 3323 5298 ⁸
3359 5269 3458 5321 καὶ
3490 5268 3543 5320 οἱ
3575 5271 3680 5320 ἀνα

1707 5427 1748 5460 η
1785 5427 1931 5486 Psal.
1961 5444 2012 5497 ν,
2054 5425 2140 5482 tt.

1693 5566 1924 5622 VARI/ﬂ
1961 5565 2366 5624 LECTIONES.

491 5715 521 5743 ν
559 5704 668 5756 Duo
704 5707 901 5762 habent
931 5707 1151 5779 τὲιιφον,
1187 5725 1322 5764 unus
1355 5709 1573 5778 τέφρον.

1652 5718 1678 5745 ι
1705 5709 1776 5763 ai.
1811 5707 2221 5778 Θρνλληοένῖος.

2297 5715 2326 5756 1
2357 5704 2504 5762 Uutts
2535 5705 2595 5770 ’ἐξ
2625 5721 2727 5760 non
2769 5705 2955 5758 habet.
