3972 6220
233 344 371 410 1035

1351 315 1529 417 im
1578 359 1638 418 s.
1671 359 2052 421 STEPHANI
2085 357 2468 422 JUNIORIS.

3367 355 3502 420 10.6

233 461 398 551 μέσον
429 461 488 513 ὲν
533 457 747 522 τούτοις
783 461 898 524 τοῖς
935 460 1151 532 χρόνοις
1183 464 1564 534 περιελθόντες
1610 468 1810 522 δίκαιοι

1932 485 1996 523 .ra
2029 469 2160 524 illud
2184 470 2445 551 temporis
2474 467 2711 538 spatium
2741 467 3150 536 exstiterejnsti
3174 467 3390 530 Patres.
3415 476 3497 521 n-

231 550 374 604 Πατέ
385 567 474 621 ρες
503 552 632 621 περὶ
660 549 767 604 τῶν
792 551 964 620 ἁγίων
995 553 1090 606 καὶ
1113 555 1330 608 σεπτῶν
1356 556 1584 610 εἰκόνων
1632 558 1813 611 τοιοῦ-

226 643 325 696 τόν
349 660 403 696 τι
435 644 536 698 οὐκ
563 643 873 715 ὲνενόησαν.
918 643 1250 716 Ἐξαρχῆθεν
1281 647 1392 718 γὰρ
1419 649 1558 718 μετά
1590 649 1692 720 τὴν
1719 649 1814 703 τοῦ

230 731 472 803 Χριστοῦ
522 735 603 798 είς
639 733 904 804 οὐρανοὺς
943 735 1234 808 ἀνάληψιν,
1269 739 1302 808 ή
1345 739 1590 811 είκονικὴ
1623 741 1816 812 ὅρασις

231 823 579 897 ἀνετυπώθη.
610 825 770 896 Παρά
791 843 850 880 τε
895 827 1006 898 γὰρ
1038 828 1138 898 τῆς
1181 829 1452 902 αίμόρῤου
1483 833 1564 895 εἰς
1591 831 1691 903 τὴν
1727 833 1815 886 ἐπ’

233 916 374 986 αὐτῇ
455 913 892 986 θαυματοποιίαν
949 919 1244 986 γεγονυῖαν
1303 921 1336 990 ἡ
1397 921 1494 974 τοῦ
1562 921 1816 993 Σωτῆρος

233 1007 400 1062 εἰκὼν
426 1007 906 1080 ἐστηλογραφήθη.
931 1010 1076 1064 Μεθ’
1100 1006 1169 1083 ἧς
1211 1013 1306 1067 καὶ
1337 1015 1812 1088 ἀχειροποίητοςή

235 1103 293 1154 ὲν
331 1100 520 1172 Ἐδέσῃ
549 1103 616 1172 τῇ
651 1101 805 1154 πόλει
829 1117 844 1134 ⁸
871 1103 1074 1157 αὐτίκα
1115 1105 1210 1158 καὶ
1258 1105 1292 1175 ἡ
1330 1107 1480 1176 παρὰ
1511 1107 1589 1170 τῷ
1632 1109 1818 1180 Δουκᾷ

233 1192 313 1263 τῷ
349 1191 705 1264 εύαγγελιστῇ
740 1195 1087 1265 ἱστορηθεῖσα
1108 1194 1217 1248 ἀπὸ
1253 1196 1646 1270 Ἰεροσολύμων
1681 1199 1818 1270 πρὸς

235 1283 494 1352 Θεόφιλον
521 1283 620 1352 τῆς
652 1284 927 1354 πανὰγνου
978 1287 1072 1338 καί⁸
1109 1285 1374 1340 Θεοτόκου
1425 1288 1608 1342 εἰκών.
1657 1289 1820 1343 Ἀλλὰ

237 1378 334 1428 καὶ
364 1374 420 1426 ai
454 1374 608 1442 ἅγιαι
637 1373 695 1442 ἓξ
727 1375 1108 1444 οίκουμενικαὶ
1139 1375 1349 1428 σύνοδοι
1384 1375 1591 1441 ταύτας
1627 1377 1820 1448 εὑροῦ-

237 1483 351 1529 σαι,
399 1464 821 1536 προσκυνεῖσθαι
850 1463 1166 1532 διετάξαντο
1211 1466 1304 1520 καὶ
1340 1467 1440 1520 οὐκ
1473 1467 1818 1539 ἀποστρέφε-

239 1555 385 1610 σθαι.
417 1557 558 1628 Ἐσῃ
589 1555 645 1608 δὲ
674 1555 980 1624 γινώσκων,
1016 1555 1262 1625 βασιλεῦ,
1295 1557 1378 1608 ὅτι
1407 1557 1457 1609 εἰ
1483 1555 1644 1610 τοῦτο
1675 1574 1817 1628 κρα·

236 1645 482 1718 τήσειας,
513 1643 654 1716 ὑπὲρ
681 1644 789 1698 τῶν
821 1645 994 1713 ἁγίων
1027 1645 1124 1698 καὶ
1167 1645 1381 1700 σεπτῶν
1421 1646 1648 1700 εἰκόνων
1675 1647 1816 1700 ἑτοί-

243 1752 362 1806 μως
415 1735 814 1806 ἀποθανοῦμαι.
864 1735 927 1790 Ἠ
968 1735 1074 1808 γὰρ
1119 1735 1215 1790 τοῦ
1258 1736 1498 1808 Χριστοῦ
1547 1737 1711 1792 εἰκὼν
1758 1739 1818 1792 τὸ

1917 559 1991 614 hil
2027 559 2132 615 tale
2147 561 2212 615 de
2231 561 2438 616 sanctis
2466 569 2522 616 et
2549 561 2873 616 venerandis
2905 555 3235 630 imaginibus
3282 562 3504 634 excogi-

1919 658 2121 706 tavere.
2147 650 2425 721 Siquidem
2455 653 2522 706 ab
2545 653 2700 707 initio
2729 659 2851 721 post
2879 650 3086 707 Christi
3117 651 3172 705 in
3205 651 3372 708 coelos
3414 668 3503 710 as-

1918 743 2280 812 snmptionem
2313 742 2579 812 imagines
2605 757 2880 814 expressae
2910 750 3055 796 sunt.
3081 740 3213 796 Nam
3251 741 3499 798 Salvato-

1919 836 1995 890 ris
2027 833 2258 904 elligiem
2309 833 2366 888 in
2423 835 2738 888 memoriam
2797 833 3047 888 miraculi
3092 834 3144 887 in
3194 848 3255 888 se
3304 835 3502 902 patrati

1919 927 2074 994 cippo
2125 924 2357 995 insculpi
2400 925 2612 980 curavit
2642 924 3084 991 hmmorrhoissa,
3112 923 3196 978 cui
3229 923 3318 978 illa
3353 924 3500 978 nullo

1919 1016 2149 1072 artiﬁcio
2173 1016 2416 1071 humano
2439 1015 2583 1071 facta
2615 1015 2956 1084 adjungenda
2987 1026 3091 1077 est,
3129 1030 3248 1083 quae
3283 1015 3334 1068 in
3367 1017 3502 1068 urbe

1917 1107 2123 1163 Edessa
2149 1115 2526 1172 conservatur,
2571 1116 2626 1161 ut
2657 1115 2714 1160 et
2755 1105 2845 1160 illa
2887 1105 3209 1160 castissimae
3260 1104 3504 1173 Deiparte

1920 1197 2120 1267 imago,
2149 1212 2311 1267 quam
2353 1211 2384 1252 a
2425 1196 2569 1251 Luca
2602 1195 2935 1266 evangelista
2963 1195 3252 1264 depictam,
3285 1193 3504 1250 .leroso—

1919 1288 2079 1359 lymis
2119 1289 2188 1344 ad
2214 1287 2572 1358 Theophilum
2616 1289 2837 1343 missam
2869 1287 3039 1341 fuisse
3073 1285 3350 1339 memoriae
3377 1299 3503 1354 pro-

1919 1380 2089 1434 ditum
2118 1388 2220 1434 est.
2244 1378 2511 1433 Prmtcrea
2543 1391 2746 1434 sanctae
2782 1393 2879 1432 sex
2909 1377 3260 1432 tecumenicae
3285 1375 3500 1446 synodi,

1919 1483 2039 1538 quae
2061 1468 2182 1524 illas
2205 1477 2544 1536 repererunt,
2566 1467 2784 1524 easdem
2811 1467 3134 1533 adorandas,
3171 1483 3276 1522 non
3303 1465 3504 1522 abhor-

1920 1561 2118 1616 rendas
2141 1561 2447 1616 sancivere.
2486 1559 2779 1624 Caeterum,
2813 1575 2914 1630 pro
2958 1570 3111 1615 certo
3147 1561 3369 1624 habeas,
3404 1560 3504 1614 im-

1919 1658 2156 1721 perator,
2180 1652 2223 1705 si
2253 1651 2356 1705 hac
2381 1651 2432 1704 in
2479 1666 2537 1706 re
2566 1652 2616 1704 vi
2640 1652 2715 1703 uti
2747 1651 3010 1716 volueris,
3061 1665 3144 1704 me
3177 1665 3272 1720 pro
3302 1650 3504 1706 sanctis

1920 1752 1974 1795 ct
2005 1741 2332 1796 venerandis
2383 1741 2713 1812 imaginibus
2747 1740 3108 1795 libentissime
3158 1741 3501 1796 moriturum.
3547 1765 3555 1771 -

238 1831 404 1886 αὑτοῦ
435 1830 590 1902 φέρει
621 1831 774 1900 ἅγιον
805 1831 998 1902 ὄνομα,
1039 1832 1162 1886 καθ’
1193 1833 1223 1885 ὃ
1251 1833 1309 1886 ὲν
1352 1832 1517 1903 σαρκὶ
1543 1831 1698 1902 ὤφθη
1728 1833 1821 1886 καὶ

1932 1833 2168 1903 Namque
2191 1832 2395 1889 Christi
2420 1833 2598 1903 imago
2623 1842 2872 1887 sanctum
2899 1832 3014 1902 ejus
3045 1842 3237 1885 nomen
3266 1831 3502 1899 praefert,

237 1927 353 1987 τοῖς
377 1923 686 1996 ἀνθρώποις
723 1925 1162 1996 συνανεστράφη.
1190 1924 1413 1978 Δίκαιον
1455 1923 1512 1977 δὲ
1544 1925 1638 1977 καὶ
1671 1923 1823 1992 ἅγιόν

238 2019 389 2071 ἐστιν
417 2016 557 2088 ὑπὲρ
591 2015 686 2069 τοῦ
729 2015 993 2085 ὀνόματος
1029 2015 1196 2069 αὐτοῦ
1243 2016 1465 2077 πάντως
1503 2015 1820 2070 ἀποθανεῖν.

251 2107 310 2161 ’0
343 2107 454 2178 γὰρ
482 2107 582 2176 τὴν
605 2106 790 2160 εἰκόνα
816 2105 981 2159 αὐτοῦ
1027 2105 1333 2175 ἀτιμάζων,
1360 2107 1441 2168 εἰς
1471 2105 1564 2158 τὸν
1599 2105 1658 2157 ὲν
1685 2107 1822 2175 αὐτῇ

239 2199 714 2272 ὲγχαραττόμενον
759 2198 1079 2269 ἀναπέμπει
1147 2199 1247 2270 τὴν
1312 2197 1494 2269 ὕϐριν.
1555 2216 1574 2250 ι
1637 2195 1826 2250 Ταῦτα.

240 2291 506 2355 ἀκούσας,
541 2293 569 2344 ό
599 2289 916 2358 παράνομος
940 2287 1216 2358 βασιλεὺς,
1239 2289 1332 2342 καὶ
1352 2287 1555 2359 βρύξάς
1587 2287 1661 2352 ὡς
1689 2287 1825 2341 λέων

241 2380 607 2452 φερωνύμως,
644 2378 897 2448 ξιςρήρεις
939 2378 1225 2447 σατράπας
1283 2376 1612 2440 ἀποστείλας
1651 2377 1709 2430 ὲν
1745 2376 1826 2448 τῷ

241 2471 630 2544 πατριαρχικῷ
675 2471 828 2540 οἴκῳ,
897 2471 1142 2540 πυγμαῖς
1179 2469 1274 2522 καὶ
1318 2468 1644 2538 ὀνειδισμοῖς
1694 2484 1826 2522 κατ-

241 2564 469 2631 ενέγκαι
499 2563 592 2615 τὸν
625 2561 782 2629 ἅγιον
835 2559 942 2614 τῶν
982 2562 1164 2612 ἐκεῖσε
1199 2557 1555 2630 προσέταξεν.
1605 2552 1826 2621 Οὖτινος

241 2655 617 2719 κατελθόντος,
642 2655 735 2708 καὶ
780 2653 875 2706 τοῦ
901 2654 1170 2725 μονήρους
1199 2651 1316 2722 βίου
1350 2651 1696 2722 συμμετόχου
1729 2668 1826 2720 γε-

240 2747 481 2817 γονότος,
509 2743 579 2818 ἦν
612 2745 738 2800 ἰδεῖν
764 2746 864 2816 τὴν
894 2744 1052 2798 πόλιν
1089 2745 1312 2798 ἃπασαν
1355 2742 1554 2815 θρῆνον
1588 2744 1685 2796 καὶ
1715 2761 1829 2797 κω-

240 2839 407 2892 κυτδν
435 2839 536 2892 οὐκ
562 2837 744 2907 ὀλίγον
774 2835 1196 2908 ἐκπέμπουσαν,
1233 2833 1331 2906 τὴν
1358 2834 1453 2888 τοῦ
1481 2835 1698 2906 Πατρός
1732 2833 1829 2907 ζη-

244 2929 544 3000 μιωθεῖσαν
593 2927 896 2999 μελισταγῆ
953 2925 1306 2980 διδασκαλίαν
1331 2940 1347 2958 ο
1409 2925 1488 2988 ὡς
1531 2919 1673 2980 εἶναι
1728 2927 1829 2994 τὴν

243 3018 463 3088 ἡμέραν
492 3016 725 3083 εκείνην,
761 3017 860 3086 οὐχ
881 3015 1118 3086 ἡμέραν,
1145 3014 1284 3069 ἀλλὰ
1316 3013 1532 3082 σκότος,
1569 3014 1666 3070 καὶ
1693 3015 1828 3087 θρῆ-⁸

243 3127 337 3164 νον
361 3111 457 3163 καὶ
483 3109 604 3162 ούαὶ
623 3107 717 3161 ἐπὶ
746 3108 890 3172 οὐαὶ,
931 3106 1008 3171 ὥς
1041 3125 1208 3180 φησιν
1239 3108 1268 3160 ό
1305 3107 1615 3179 προφήτης.

1924 1925 2268 1999 quatenusin
2301 1941 2470 1980 carne
2503 1927 2650 1980 visus
2669 1935 2752 1980 est
2781 1933 2837 1980 et
2863 1925 3004 1979 inter
3040 1923 3287 1978 homines
3321 1938 3506 1978 versa-

1926 2028 2012 2074 tus
2035 2027 2137 2073 est.
2165 2016 2298 2072 Mori
2331 2015 2496 2088 414
2535 2026 2725 2072 autem
2754 2031 2850 2086 pro
2868 2016 2986 2086 ejus
3007 2015 3246 2079 nomine,
3278 2029 3504 2083 prorsus

1929 2125 2017 2164 res
2044 2118 2126 2164 est
2155 2109 2301 2178 justa
2335 2119 2388 2162 et
2423 2116 2636 2162 sancta.
2661 2107 2762 2172 Qui
2800 2115 2992 2161 contra
3037 2107 3157 2174 ejus
3205 2106 3500 2174 imaginem

1927 2201 2218 2272 ignominia
2252 2198 2436 2264 allicit,
2469 2199 2522 2252 in
2567 2198 2714 2252 illutn
2742 2238 2756 2261 ,
2784 2213 2942 2268 quem
2973 2198 3212 2262 exhibet,
3252 2195 3504 2263 injuriam

1927 2293 2122 2362 rejicit.
2153 2311 2172 2346 ι
2201 2290 2297 2346 llis
2321 2291 2540 2354 auditis,
2571 2292 2850 2360 improbus
2877 2289 3189 2358 imperator,
3223 2303 3372 2342 more
3390 2287 3504 2343 leo-

1927 2385 2033 2451 nis,
2077 2385 2232 2453 cujus
2278 2399 2472 2438 nomen
2521 2383 2750 2446 ferebat,
2801 2380 3092 2446 frendens,
3141 2390 3384 2450 satrapas
3407 2394 3506 2433 eu-

1926 2476 2075 2531 sibus
2095 2485 2335 2530 armatos
2367 2475 2420 2528 in
2463 2473 2886 2543 patriarchicam
2915 2472 3132 2527 domum
3172 2471 3353 2534 misit,
3386 2470 3509 2540 qui-

1927 2569 2029 2624 bus
2059 2568 2311 2638 praecepit
2351 2575 2414 2620 ut
2457 2582 2580 2619 cum
2616 2565 2809 2635 pugnis
2849 2572 2904 2618 et
2945 2563 3210 2618 conviciis
3255 2569 3504 2616 sanctum

1928 2661 2104 2714 virum
2158 2661 2284 2714 inde
2333 2658 2707 2713 deturbarent.
2755 2655 2834 2711 Eo
2883 2666 3066 2710 autem
3101 2656 3275 2726 ejecto
3315 2665 3372 2708 et
3393 2667 3510 2707 mo-

1929 2751 2154 2806 nastica:
2188 2750 2312 2805 vita:
2340 2749 2603 2820 participe
2639 2749 2781 2803 l‘acto
2805 2787 2820 2812 ,
2847 2747 3030 2802 videre
3053 2757 3172 2802 erat
3199 2746 3507 2800 universam

1929 2841 2228 2906 civitatem,
2262 2838 2516 2894 melliﬂua
2544 2836 2722 2893 Patris
2747 2837 2996 2893 doctrina
3023 2835 3296 2897 orbatam,
3326 2833 3510 2888 ﬂetum

1929 2939 1982 2986 et
2009 2931 2267 3002 gemitum
2303 2945 2411 2984 non
2444 2943 2670 2998 parvum
2705 2928 2904 2992 edere;
2930 2927 3004 2980 ita
3025 2937 3087 2981 ut
3110 2925 3226 2981 dies
3258 2924 3371 2988 illa,
3404 2938 3508 2978 non

1931 3023 2064 3088 dies,
2089 3021 2184 3078 sed
2217 3020 2452 3077 tenebrae
2473 3030 2527 3075 et
2549 3019 2705 3074 ﬂetus
2735 3033 2899 3089 super
2935 3015 3140 3082 ﬂetum,
3169 3025 3224 3072 et
3243 3029 3318 3070 vae
3349 3029 3514 3084 super

1933 3129 2013 3169 vae
2045 3121 2210 3180 esset,
2243 3121 2305 3168 ut
2327 3111 2564 3180 loquitur
2585 3109 2871 3181 propheta.

330 3201 420 3253 Ἑν
447 3200 506 3254 δὲ
546 3201 669 3261 ταῖς
693 3198 978 3269 δυσείμοσι
1022 3197 1245 3262 ταύταις
1275 3198 1535 3268 ἡμέραις,
1563 3197 1592 3249 ὁ
1624 3196 1825 3268 ἀσεϐὴς

2005 3207 2202 3262 Iisdem
2235 3205 2450 3260 miseris
2473 3203 2662 3257 diebus
2687 3203 2886 3271 impius
2913 3200 3231 3256 Anastasius
3266 3199 3515 3267 impieta-

259 3295 387 3346 Ἀνα
394 3292 612 3354 στάσιος
633 3290 794 3344 ἀσεὸε
803 3291 886 3354 ίας
897 3290 1042 3362 χειρὶ
1056 3290 1158 3361 τὴν
1174 3287 1585 3360 ἀρχιερωσύνην
1597 3289 1831 3359 ἐπιλαμ-

245 3385 472 3440 ϐάνεται
504 3382 932 3454 στρατιωτικῶς,
961 3381 1058 3435 καὶ
1091 3381 1154 3434 οὐ
1183 3379 1351 3451 ψήφῳ
1367 3378 1503 3433 Θεοῦ
1525 3378 1826 3456 εὐσεϐείας⁹

245 3481 398 3542 ὅστις
423 3477 495 3532 τὰ
521 3477 620 3548 τῆς
655 3473 984 3546 Ἐκκλησίας
1006 3472 1188 3526 πάντα
1217 3474 1332 3536 τοῖς
1360 3470 1655 3542 βασιλείοις
1689 3486 1834 3540 παρ-

249 3573 454 3626 έδωκεν
484 3579 531 3624 ³.
573 3569 662 3622 Ἐν
695 3567 906 3630 τούτοις
963 3564 1057 3619 οῦν
1091 3561 1522 3630 ὲξουσιαστικῶς
1561 3561 1832 3634 δραξάμε-

249 3681 343 3727 νος
367 3665 395 3717 ὁ
421 3661 681 3733 τύραννος
712 3660 814 3730 τῆς
835 3658 1121 3728 αἱρέσεως,
1177 3657 1437 3727 πειρᾶται
1463 3673 1536 3709 πα
1547 3653 1710 3726 ρευθὺ
1735 3653 1835 3724 τὴν

251 3754 418 3823 ἁγίαν
469 3754 564 3808 καὶ
614 3751 956 3821 Δεσποτικὴν
1013 3750 1200 3803 εἰκόνα
1262 3745 1501 3818 Χριστοῦ
1552 3745 1646 3798 τοῦ
1698 3741 1833 3798 Θεοῦ

252 3845 432 3918 ἡμῶν,
465 3844 562 3916 τὴν
592 3843 886 3914 ἱδρυμένην
907 3839 1144 3912 ὕπερθεν
1175 3837 1282 3894 τῶν
1307 3837 1606 3909 βασιλικῶν
1629 3834 1833 3902 πυλῶν,

251 3941 311 3992 ὲν
345 3931 541 4008 οἷσπερ
569 3934 660 3990 διὰ
688 3935 780 3988 τὸν
808 3933 1135 4005 χαρακτῆρα
1163 3933 1195 4003 ἡ
1218 3929 1352 4000 ἁγία
1381 3929 1572 3996 Χαλκῆ
1594 3927 1834 3997 λέγεται,

253 4029 588 4095 κατενέγκαι
613 4026 708 4080 καὶ
743 4026 877 4097 πυρὶ
921 4023 1279 4096 παραδοῦναι,
1321 4021 1350 4076 ὃ
1382 4021 1479 4076 καί¹
1515 4018 1836 4087 πεποίηκεν.

267 4121 360 4175 Ἐν
389 4120 448 4173 δὲ
490 4123 556 4191 τῇ
605 4119 775 4190 αὐτῆς
821 4115 1141 4188 καθαιρέσει
1169 4115 1318 4186 ζήλῳ
1365 4113 1494 4183 θείῳ
1541 4111 1838 4183 ῥωσθεῖσαι

253 4212 436 4282 τίμιαι
463 4213 738 4280 γυναῖκες,
767 4209 861 4263 καὶ
886 4208 1186 4280 ρωμαλέως
1211 4203 1614 4275 είσπηδήσασαι
1631 4203 1841 4272 καὶτῆς

256 4305 528 4374 κλίμακος
546 4301 906 4374 δραξάμεναι,
937 4301 1029 4354 καὶ
1051 4300 1142 4353 τὸν
1175 4297 1514 4368 καθαιρέτην
1535 4293 1841 4366 σπαθάριον

257 4393 475 4464 χαμᾶζε
533 4391 927 4463 προσρίψασαι,
991 4389 1086 4442 καὶ
1146 4386 1338 4440 τοῦτον
1379 4384 1730 4454 διασύρασαι,
1761 4381 1843 4452 τῷ

259 4485 478 4555 θανάτῳ
495 4481 868 4556 παρέπεμψαν
891 4498 904 4512 ·
938 4482 1032 4535 καὶ
1059 4479 1260 4543 εὐθέως
1297 4476 1694 4548 εἰσδραμοῦσαι
1743 4493 1842 4528 κα-

257 4576 697 4646 ταλαμϐάνουσιν
719 4574 810 4628 τὸν
835 4571 1234 4644 πατριαρχικὸν
1261 4565 1434 4634 οἶκον,
1469 4565 1843 4621 λιθοϐολοῦσαι

257 4669 350 4722 τὸν
378 4667 617 4740 δυσσεὸῆ
654 4666 1022 4729 Ἀναστάσιον,
1039 4663 1135 4718 καὶ
1153 4663 1429 4732 λέγουσαι,
1459 4679 1478 4712 ι
1505 4658 1844 4729 Μιαρωτάτη

261 4761 490 4832 κεφαλὴ,
524 4761 616 4814 καὶ
645 4759 743 4831 τῆς
771 4757 1028 4829 ἀληθείας
1047 4757 1232 4829 ἐχθρὲ,
1257 4755 1448 4808 τούτου
1469 4770 1533 4822 γε
1559 4753 1724 4806 ἕνεκα
1743 4749 1844 4820 τῆς

263 4853 572 4926 ἱερωσύνης
610 4851 841 4923 ὲδράξω,
895 4851 1032 4922 πρὸς
1077 4848 1468 4919 καταστροφὴν
1515 4843 1624 4897 τῶν
1671 4841 1845 4910 ἁγίων

261 4923 360 5000 καὶ
390 4947 552 5017 ἱερῶν
590 4944 994 5016 ἀναθημάτωνς
1025 4962 1044 4994 ι
1077 4943 1293 5013 Ταύτην
1317 4937 1418 4994 οὖν
1449 4939 1547 5008 τὴν
1574 4931 1745 5008 ἦτταν
1769 4923 1868 5005 μὴ’

263 5039 448 5109 φέρων
491 5041 544 5112 όί
576 5037 816 5108 ἀνίερος,
867 5038 1013 5107 φυγῇ
1057 5035 1333 5106 ἐχρήσατο
1378 5031 1488 5086 ἀπὸ
1545 5027 1842 5103 προσώπου

264 5129 375 5185 τῶν
391 5127 632 5182 εὐσεϐῶν
655 5127 932 5197 γυναικῶν
951 5143 964 5159 ·
994 5129 1088 5180 καὶ
1115 5125 1193 5196 τῷ
1207 5124 1458 5196 τυράννῳ
1486 5119 1844 5194 προσφυγὼν,

267 5221 530 5274 πέπεικεν
579 5220 764 5286 αὐτὸν,
813 5218 908 5273 τοῦ
959 5219 1048 5273 διὰ
1095 5216 1281 5288 ξίφους
1321 5214 1700 5285 θανατωθῆναι
1746 5211 1848 5274 τὰς

263 5314 433 5382 ἁγίας
453 5315 714 5382 γυναῖκας
743 5313 979 5376 ὲκείνας.
1015 5313 1080 5364 Ὃ
1103 5311 1168 5380 δὴ
1192 5309 1288 5363 καὶ
1309 5309 1553 5376 γέγονεν,
1586 5307 1680 5358 καὶ
1705 5303 1846 5375 ὑπὲρ

267 5407 369 5476 τῆς
393 5405 488 5459 τοῦ
523 5405 763 5477 Χριστοῦ
815 5404 1023 5466 εἰκόνος
1071 5399 1462 5472 ἐναθλήσασαι,
1500 5397 1560 5450 τὸ
1595 5395 1847 5467 βραϐεῖον

1935 3296 2002 3350 tis
2026 3311 2186 3350 manu
2238 3293 2612 3364 pontiﬁcatum
2639 3293 2948 3362 occupavit.
3001 3293 3052 3346 vi
3109 3291 3364 3355 militum,
3402 3305 3509 3344 non

1934 3385 2197 3456 suffragio
2232 3385 2429 3440 divitum
2457 3383 2707 3454 pietatis;
2741 3383 2832 3451 qui
2865 3383 3081 3451 quidem
3111 3384 3290 3435 omnia
3319 3383 3384 3434 ad
3416 3381 3516 3436 Ec.

1934 3478 2154 3534 clesiam
2213 3475 2538 3546 pertinentia
2586 3473 2952 3550 imperatoriis
3001 3471 3208 3527 aedibus
3267 3473 3510 3526 tradidit.

1935 3565 2073 3620 Tum
2127 3574 2391 3636 tyrannus
2429 3563 2597 3618 libera
2655 3571 2922 3634 potestate
2962 3563 3252 3632 prodendae
3291 3562 3516 3617 haeresis

1937 3665 2184 3726 accepta,
2213 3655 2359 3711 illico
2409 3655 2658 3710 Sanctam
2701 3665 2753 3710 et
2805 3654 3143 3708 Dominicam
3181 3653 3380 3710 Christi
3423 3651 3516 3708 Dei

1938 3749 2442 3818 nostriimaginem,
2466 3763 2585 3816 qua:
2636 3761 2800 3816 supra
2858 3734 3206 3816 imperatoria
3240 3747 3378 3800 atria
3405 3745 3518 3800 col-

1939 3841 2134 3905 locata,
2166 3839 2236 3895 ob
2265 3839 2496 3911 eliigiem
2527 3847 2716 3894 sancta
2741 3836 2914 3895 Enen
2943 3837 3224 3892 dicebatur
3245 3877 3260 3903 ,
3290 3836 3518 3905 dejicere

1937 3941 1992 3988 et
2023 3932 2130 4003 igni
2166 3932 2379 3987 tradere
2402 3931 2648 3998 tentavit,
2669 3931 2812 4000 quod
2851 3930 3068 4000 quidem
3097 3932 3322 3999 peregit.
3367 3927 3510 3980 lute-

1941 4025 2042 4078 rim
2074 4038 2204 4078 vero
2223 4022 2350 4078 dum
2385 4021 2902 4087 tollebatnr,.divino
2929 4019 3046 4075 zelo
3075 4022 3340 4076 robor-aue
3355 4017 3518 4089 415

1943 4115 2284 4170 honorabiles
2315 4113 2590 4178 mulieres,
2623 4112 2836 4168 fortiter
2869 4112 3162 4176 irruerunt,
3197 4119 3520 4180 arreptaque

1941 4205 2491 4274 scala,spatharium,
2523 4205 2613 4274 qui
2635 4203 2928 4270 imaginem
2969 4201 3294 4264 amovebat,
3323 4201 3376 4254 in
3413 4209 3520 4256 ter-

1944 4309 2060 4350 ram
2101 4294 2480 4364 proiecerunt,
2529 4293 2961 4361 distractumque
3014 4291 3173 4346 morti
3235 4292 3518 4346 dederunt.

1944 4388 2073 4444 Post
2095 4389 2210 4444 haec
2246 4389 2311 4442 ad
2357 4386 2781 4456 patriarchicam
2831 4387 3051 4440 domum
3101 4384 3285 4440 statim
3331 4399 3522 4454 prope-

1950 4487 2152 4543 rantes,
2179 4477 2406 4546 impium
2437 4477 2786 4530 Anastasium
2813 4475 3082 4543 lapidibus
3101 4481 3309 4542 petunt,
3365 4472 3520 4526 aien-

1951 4580 2032 4627 tes
2065 4587 2079 4622 :
2117 4589 2138 4621 ι
2178 4569 2609 4640 lmpurissimum
2635 4576 2819 4636 Caput,
2857 4576 2910 4620 et
2933 4564 3175 4619 veritatis
3207 4564 3392 4628 hostis,
3437 4577 3524 4618 er-

1948 4677 2087 4728 gone
2114 4649 2316 4718 idcirco
2349 4661 2712 4718 sacerdmium
2744 4659 3010 4720 invasisti,
3045 4667 3102 4710 ut
3125 4666 3312 4710 sancta
3345 4665 3399 4709 et
3430 4669 3520 4710 sa-

1946 4767 2040 4807 cra
2059 4753 2406 4807 anathemata
2451 4752 2564 4806 sive
2595 4749 2816 4805 donaria
2855 4743 3264 4802 averterentur?
3300 4761 3318 4796 ι
3369 4741 3524 4798 Hanc

1948 4844 2014 4896 de
2035 4859 2094 4898 se
2124 4843 2406 4898 victoriam
2439 4857 2548 4897 non
2600 4837 2782 4896 ferens
2816 4838 3092 4909 profanus,
3154 4851 3183 4888 ιι
3229 4843 3521 4904 conspectu

1951 4935 2162 5004 piarum
2196 4935 2482 4989 mulierum
2531 4933 2761 5002 aufugit,
2799 4941 2853 4985 et
2884 4931 2950 4984 ad
2999 4939 3284 5000 tyrannum
3334 4925 3528 4980 confu-

1951 5026 2125 5098 giens,
2151 5028 2198 5081 ei
2222 5036 2409 5082 auctor
2449 5025 2567 5091 fuit,
2605 5035 2665 5079 ut
2697 5033 2916 5080 sanctas
2951 5022 3068 5078 illas
3099 5020 3346 5076 mulieres
3384 5018 3529 5074 ferro

1954 5120 2313 5174 interimeret.
2351 5118 2504 5186 Quod
2552 5117 2771 5187 quidem
2819 5117 3015 5172 factum
3034 5125 3136 5180 est,
3185 5114 3392 5182 illchue
3430 5126 3528 5179 pro

1951 5211 2154 5266 Christi
2187 5210 2419 5280 imagine
2453 5209 2587 5262 inito
2619 5210 2941 5274 certamine,
2975 5208 3212 5263 victoria:
3243 5203 3522 5274 praemium

1953 5303 2160 5370 abipso
2192 5300 2411 5355 Christo
2462 5311 2800 5370 receperunt,
2849 5315 2970 5354 cum
3006 5300 3255 5354 omnibus
3315 5292 3520 5350 sanctis

1954 5393 2264 5446 vittricihus
2302 5393 2352 5446 in
2373 5409 2538 5463 regno
2570 5393 2829 5450 ccelorum
2864 5394 3122 5448 laetantes.

270 5498 424 5570 παρά
447 5497 684 5570 Χριστοῦ
717 5497 1064 5567 ἐκομίσαντο,
1095 5495 1154 5547 ὲν
1181 5497 1245 5565 τῇ
1271 5492 1518 5565 βασιλεία
1541 5489 1650 5541 τῶν
1715 5481 1961 5558 οὐρανῶν
2025 5485 2552 5554 συνευρραινόμεναι
2581 5485 2720 5556 μετὰ
2761 5487 2952 5539 πασῶν
3011 5503 3029 5516 '

270 5598 478 5668 φόρων.

352 5769 374 5795 ι
406 5757 473 5811 al.
507 5771 596 5824 πρι
615 5755 834 5812 sior/sv.
