3916 6204
233 302 370 366 lim

1287 302 1469 364 VITA
1518 304 1578 362 S.
1620 301 2000 362 STEPHANI
2041 302 2429 368 JUNIORIS.

3370 313 3504 376 lt‘tiil

223 426 374 469 τεῐον
404 412 488 476 εἰς
545 413 638 466 τὸν
695 411 792 466 τοῦ
831 412 1098 483 κυναρίου
1149 413 1443 484 τράχηλον,
1485 415 1582 468 καὶ
1633 413 1821 480 ἔλεγεν

1932 413 2076 466 rebat
2113 433 2124 468 :
2167 433 2186 466 ι
2246 415 2388 473 Vade
2457 419 2596 472 infra
2655 421 2707 472 in
2760 420 3184 479 monasterium,
3258 424 3504 490 hamqne

227 509 381 580 αυτῷ
431 511 513 572 είς
557 510 794 578 ἐπήκοον
840 507 952 562 τῶν
997 508 1463 579 παραϐαλόντων
1497 525 1514 559 ι
1576 503 1813 558 ’Δπελθε

226 600 382 654 κάτω
411 599 471 651 ἐν
502 597 582 669 τῷ
613 598 988 670 μοναστηρίῳ,
1018 599 1114 652 καὶ
1147 597 1266 652 τόδε
1315 599 1378 651 τὸ
1430 596 1816 668 γραμματεῖον

225 689 574 761 ἀποκόμισον
594 691 662 760 τῇ
693 689 997 763 ἡγουμένῃ,
1023 689 1119 742 καὶ
1143 687 1386 759 ταχύνας
1411 686 1775 759 ὑπόστρεψον.
1791 703 1810 736 ο

226 783 452 847 Εὐθέως
474 783 534 838 δὲ
553 784 616 836 τὸ
647 782 907 853 κυνάριον
937 781 1083 836 κατά
1106 779 1208 852 τὴν
1243 780 1514 850 ἐπιταγὴν
1557 777 1655 831 τοῦ
1705 777 1820 830 lla-

223 874 358 945 τρδς
396 875 458 928 τὸ
507 874 878 945 μοναστήριον
928 870 1367 941 κατελάμϐανεν,
1390 871 1487 924 καὶ
1539 872 1606 941 τῇ
1649 868 1818 940 κέλλῃ

228 965 328 1036 τῆς
362 964 680 1038 ἡγουμένης
721 961 1056 1028 ὲπιὸαϐύςον
1079 965 1157 1035 (3)
1185 963 1284 1034 τὴν
1305 961 1529 1032 ἐντολὴν
1549 959 1814 1031 ἐπλήρου.

227 1055 498 1127 ’ῌδεισαν
527 1054 636 1126 γὰρ
665 1054 762 1109 καὶ
777 1055 828 1108 oi
852 1065 868 1105 ι
897 1051 992 1108 τοῦ
1033 1052 1400 1125 μοναστηρίου
1427 1051 1528 1122 τὴν
1547 1049 1644 1106 τοῦ
1669 1049 1816 1113 ζῶου

221 1145 535 1210 διακονίαν,
567 1146 664 1198 καί⁵
701 1144 908 1209 εὐθέως
937 1144 1071 1198 αὐτὸ
1099 1147 1164 1215 τῇ
1214 1143 1498 1215 ἡγουμένῃ
1545 1141 1824 1210 εἰσεκόμιο

225 1237 351 1303 ζον,
399 1240 495 1292 καὶ
543 1237 680 1308 πρὸς
730 1236 832 1308 τὴν
884 1235 1106 1308 γραφὴν
1158 1236 1400 1290 ἐποίουν.
1469 1233 1585 1288 Καὶ
1645 1233 1822 1285 ταῦτα

1927 499 2177 556 tabellam
2241 504 2324 557 fer
2362 507 2662 576 prasiectaa,
2710 520 2764 562 ct
2817 509 3094 580 celeriter.
3126 511 3263 564 redi.
3318 531 3335 561 ι
3387 512 3506 566 Μυχ

1924 607 2052 646 vero
2101 597 2254 652 canis
2293 596 2473 654 Patris
2527 601 2796 654 mandatis
2843 601 3184 671 obsequens,
3237 615 3507 658 monaste—

1927 685 2068 738 rium
2121 687 2360 755 petebat,
2403 700 2457 744 et
2489 691 2636 746 cellae
2684 693 2955 755 praetecta:
3003 694 3264 749 allatrans
3295 697 3504 762 jussutu

1927 775 2204 842 implebat.
2240 777 2334 832 llis
2363 782 2532 844 enim,
2564 783 2653 850 qui
2688 797 2718 836 e
2742 786 3072 838 monasterio
3120 783 3282 856 423
3329 797 3503 851 erant,

1925 876 2110 918 notum
2153 879 2269 922 erat
2317 871 2470 924 canis
2505 872 2893 938 ministerimn,
2933 873 3227 944 statimque
3261 877 3408 929 illiilli
3439 879 3505 928 ad

1923 955 2234 1025 praelectam
2285 963 2646 1027 adducebant,
2695 973 2858 1034 atque
2903 966 3008 1032 his,
3056 982 3174 1036 quae
3225 968 3276 1021 in
3311 969 3504 1022 tabella

1923 1050 2125 1119 scripta
2153 1062 2332 1117 erant,
2365 1051 2634 1109 faciebant
2660 1057 2814 1110 satis.
2835 1055 2972 1110 Tum
2993 1059 3144 1112 canis
3169 1060 3280 1112 haec
3299 1057 3506 1114 faciens

1927 1157 2115 1198 rursus
2145 1143 2196 1199 in
2232 1157 2468 1201 montem
2518 1147 2912 1206 revertebatur.
2951 1149 3107 1214 Vere,
3137 1160 3197 1206 ut
3224 1167 3346 1207 cum
3377 1167 3506 1220 pro-

1926 1233 2087 1300 pheta
2115 1234 2328 1305 loquar,
2365 1238 2630 1292 mirabilis
2661 1239 2801 1294 Deus
2836 1243 2890 1292 in
2919 1244 3118 1295 sanctis
3155 1244 3267 1297 suis
3293 1244 3363 1302 “.

223 1331 425 1386 ποιοῦν
467 1331 528 1384 τὸ
586 1331 872 1402 κυνάριον,
903 1326 1062 1394 αὖθις
1097 1329 1366 1402 ἁνήρχετό
1419 1329 1513 1383 ἐπὶ
1567 1328 1628 1382 τὺ
1678 1327 1827 1400 ὅρος.
1871 1327 2101 1391 Ὄντως,
2169 1332 2529 1402 προφητικῶς
2577 1335 2776 1399 εἰπεῖν,
2819 1339 3167 1405 θαυμαστὸς
3197 1342 3230 1394 ό
3259 1339 3402 1404 Θεὸς
3437 1339 3510 1393 ἐν

222 1429 358 1494 τοῖς
379 1429 572 1498 ἁγίοις
597 1428 806 1482 αὑτοῦ.

318 1519 536 1573 ’Δλλοτέ
565 1535 698 1574 ποτε
722 1518 790 1571 ἐκ
819 1517 1100 1582 διακονίας
1127 1516 1274 1580 τινὸς
1301 1517 1361 1570 τὸ
1406 1516 1532 1589 ὅρος
1573 1512 1817 1569 καταλα-

225 1612 348 1666 εὼν
389 1613 418 1666 ὁ
477 1611 810 1682 τιμιώτατος
849 1611 1156 1680 Στέφανος,
1215 1601 1373 1680 εὗρεν
1410 1607 1502 1661 τὸν
1557 1605 1816 1675 θεοφόρον

237 1705 504 1774 Ἰωάννην
542 1703 680 1775 πρὸς
704 1703 766 1756 τὸ
815 1701 1054 1774 θυρίδων
1100 1699 1194 1756 τοῦ
1223 1700 1490 1772 σπηλαίου
1520 1697 1618 1770 τήν
1657 1696 1816 1765 ἁγίαν

225 1794 400 1849 αὐτοῦ
433 1793 612 1866 κάραν
636 1792 1000 1865 ὲπιθήσαντα,
1040 1793 1298 1847 κλαίοντα
1351 1789 1585 1861 πικρῶς.
1637 1787 1724 1850 Ὠς
1759 1787 1814 1840 δὲ

225 1884 493 1940 εἰσελθὼν
517 1887 613 1940 καὶ
633 1884 736 1957 τὴν
775 1885 982 1956 συνήθη
1011 1884 1188 1955 βαλὼν
1231 1883 1546 1956 μετάνοιαν,
1571 1879 1814 1952 παράθε-

224 1997 319 2032 σιν
349 1979 453 2032 οὐκ
486 1977 700 2043 ἐλαϐεν,
727 1976 817 2031 διὰ
841 1977 902 2031 τὸ
931 1978 1021 2030 τὶν
1056 1977 1277 2047 Πατέρα
1299 1977 1360 2029 οὐ
1392 1973 1604 2046 μικρῶς
1628 1973 1815 2043 ὀδύρεο

227 2071 358 2126 σθαι
377 2087 392 2102 ·
415 2069 748 2139 διελογίζετο
777 2070 929 2124 κάτω
959 2069 1234 2140 κείμενος,
1264 2069 1350 2132 τίς
1381 2068 1492 2139 ἀρα
1522 2067 1610 2138 εἴη
1649 2067 1678 2120 ὁ
1720 2062 1816 2117 τοῦ

226 2161 450 2232 Πατρὸς
479 2159 779 2230 κλαυθμός.
820 2159 877 2212 '0
905 2159 962 2213 δὲ
997 2159 1185 2228 πραῢς
1213 2161 1422 2221 ἐκεῖνος
1470 2157 1662 2228 Πατὴρ
1701 2155 1820 2209 θεό-

226 2253 326 2306 θεν
354 2254 518 2322 γνοὺς
566 2255 690 2315 τοὺς
731 2252 1119 2323 διαλογισμοὺς
1146 2252 1241 2305 τοῦ
1277 2251 1464 2320 ἁγίου,
1504 2252 1818 2320 ἀναστήσας

227 2345 400 2400 αὐτὸν
422 2339 578 2398 εἶπεν
601 2362 615 2375 ·
659 2362 678 2395 ι
715 2343 815 2398 Διὰ
847 2345 908 2396 σέ
935 2361 1036 2414 μου
1073 2344 1101 2396 ὁ
1149 2343 1366 2414 θρῆνος,
1417 2337 1462 2396 ὦ
1487 2341 1818 2414 τιμιώτατον

227 2437 450 2492 τέκνον.
483 2436 696 2505 Ἕγνων
722 2436 832 2507 γὰρ
856 2437 949 2488 ἐπὶ
994 2435 1090 2488 σοῦ
1121 2435 1472 2500 αὐξάνεσθαι,
1514 2437 1609 2489 καί
1643 2451 1818 2488 κατα-

231 2525 574 2598 στρέφεσθαι
603 2525 755 2578 τόνδε
781 2525 874 2578 τδν
902 2525 1071 2580 τόπον
1103 2525 1209 2579 ὑπὸ
1257 2528 1356 2596 τῆς
1393 2527 1513 2580 νυνὶ
1547 2525 1820 2591 ἀναζεσά-

231 2635 338 2688 σης
366 2618 478 2671 τῶν
528 2617 965 2670 είκονοκαυστῶν
1014 2615 1308 2688 αἱρέσεως.
1371 2635 1389 2669 ι
1445 2617 1502 2670 Ὁ
1541 2617 1599 2671 δὲ
1638 2616 1820 2688 τίμιος

231 2711 514 2780 Στέφανος
533 2712 596 2762 ὲκ
625 2709 858 2780 καρδίας
885 2708 1144 2774 στενάξας
1166 2708 1444 2780 ὀδυνηρῶς
1467 2704 1618 2763 εἶπεν
1646 2725 1660 2740 ο
1699 2728 1716 2760 ι
1751 2703 1820 2760 Ὦ

233 2803 452 2872 Πάτερ,
503 2799 982 2870 συναπολλύμενον
1039 2799 1292 2871 κάμὲτῇ
1337 2798 1516 2854 αὐτῶν
1565 2797 1818 2868 ἀσεϐείᾳ,

232 2896 337 2948 καὶ
368 2899 446 2964 μὴ
481 2893 816 2964 σωζόμενονς
860 2911 880 2944 ι
936 2891 996 2944 Ὀ
1040 2891 1098 2945 δὲ
1139 2892 1286 2956 ὅσιος
1329 2891 1582 2963 Ἰωάννης
1617 2889 1816 2960 φησίν

232 2987 401 3056 οὐχὶ,
457 2987 686 3039 τέκνον·
746 2985 863 3038 ἀλλ’
931 2983 1026 3038 οὖν
1061 2982 1250 3055 βλέπε.
1311 2985 1626 3054 Γέγραπται
1689 2981 1818 3051 γὰρ,

1995 1513 2298 1583 Aliquando
2330 1529 2509 1572 autem
2537 1532 2601 1572 ex
2633 1519 2816 1590 aliquo
2856 1521 3152 1577 ministenio
3180 1523 3232 1578 in
3267 1535 3503 1581 montem

1925 1618 2174 1660 reversus
2199 1607 2651 1666 honoratissimus
2674 1613 2981 1681 Stephanus
3010 1617 3210 1686 reperit
3238 1617 3502 1673 deil‘ernm

1850 1731 1892 1786 Β
1920 1692 2209 1760 Joannem,
2229 1699 2404 1767 capite
2421 1701 2484 1754 ad
2505 1701 2800 1758 fenestram
2817 1720 3010 1774 specus
3030 1707 3297 1774 innixum,
3316 1725 3501 1764 amare

1923 1784 2075 1842 ﬂere.
2099 1788 2264 1859 Igitur
2286 1804 2407 1844 cum
2431 1791 2711 1862 ingressus
2743 1809 2802 1849 se
2831 1807 3094 1852 consueto
3125 1799 3230 1854 ritu
3251 1801 3505 1855 inclinas'

1921 1891 2024 1945 set,
2062 1895 2162 1934 nec
2192 1883 2624 1937 benedictionem
2657 1888 2958 1956 accepisset
2982 1890 3052 1945 ob
3084 1891 3265 1946 Patris
3299 1894 3503 1948 luctum

1921 1985 2027 2024 non
2050 1985 2114 2040 pa
2125 1987 2275 2024 rrum
2293 1991 2306 2040 ;
2331 1973 2468 2028 infra
2487 1973 2680 2043 jacens
2699 1983 2838 2047 apud
2861 1996 2920 2035 se
2935 1983 3236 2052 cogitabat,
3253 1987 3502 2054 quisnam

1919 2069 2064 2114 esset
2091 2059 2178 2115 ille
2202 2059 2378 2117 Patris
2405 2064 2658 2132 gemitus.
2679 2067 2749 2120 At
2781 2081 3096 2127 mansuetus
3129 2072 3289 2129 Pater
3311 2076 3507 2131 divini-

1923 2161 2007 2208 tus
2033 2154 2263 2225 cognitis
2319 2157 2490 2210 sancti
2538 2153 2804 2226 Stephani
2845 2162 3292 2233 cogitationibus,
3326 2168 3500 2236 ipsum

1917 2245 2112 2312 erexit,
2147 2246 2307 2314 eique
2333 2248 2412 2300 ait
2443 2264 2456 2300 :
2490 2247 2588 2302 Tui
2619 2265 2784 2304 causa
2819 2265 2974 2307 meus
3003 2263 3088 2309 est
3132 2253 3336 2323 luctus,
3369 2273 3400 2312 o
3429 2260 3502 2313 lili

1923 2333 2366 2393 lt0noratissime.
2401 2337 2680 2410 Siquidem
2711 2342 2837 2396 novi
2873 2343 3112 2399 futurum
3149 2361 3288 2414 esse,
3319 2358 3374 2401 nt
3403 2351 3502 2404 sub

1925 2433 1975 2479 te
1999 2426 2101 2480 iste
2126 2429 2275 2483 locus
2302 2429 2698 2504 incrementum
2724 2435 2992 2504 capiat,et
3017 2445 3204 2506 postea
3231 2439 3299 2492 ab
3317 2419 3504 2494 Iceno-

1921 2530 2232 2574 caustarum
2269 2523 2460 2576 haeresi
2489 2521 2598 2591 iam
2651 2541 2796 2582 nunc
2847 2528 3245 2585 refervescente
3294 2542 3507 2587 everta-

1924 2619 2030 2664 tur.
2062 2613 2157 2667 (ἐυί
2198 2617 2537 2669 venerandus
2588 2615 2899 2688 Stephanus
2929 2635 2995 2676 ex
3031 2622 3140 2676 imo
3171 2628 3334 2678 corde
3381 2642 3505 2694 gra-

1921 2702 2062 2757 viter
2114 2705 2477 2775 ingemiscens
2529 2709 2666 2764 dixit
2701 2729 2715 2764 :
2753 2728 2772 2762 ι
2819 2711 2973 2768 Mene
3025 2714 3214 2782 etiam,
3245 2729 3279 2770 o
3320 2714 3504 2783 Pater,

1922 2809 2044 2848 cum
2078 2795 2290 2850 illorum
2327 2799 2606 2866 impietate
2638 2803 2958 2870 periturum,
2995 2819 3095 2859 nec
3129 2807 3334 2860 salvum
3363 2809 3507 2862 futu-

1925 2886 2089 2940 rum?
2127 2905 2146 2938 ι
2183 2887 2282 2942 Cui
2329 2900 2552 2944 sanctus
2603 2889 2840 2948 Joannes
2872 2909 2884 2946 :
2917 2893 3290 2966 Nequaquam,
3325 2916 3353 2952 ο
3389 2903 3502 2965 liii;

1925 2979 2018 3031 sed
2058 2979 2192 3032 ride.
2247 2977 2521 3050 Scriptum
2574 2995 2660 3038 est
2707 2985 2850 3039 enim
2888 3002 2902 3038 :
2948 2985 3051 3049 Qui
3103 2995 3503 3056 perseveraverit

243 3075 314 3130 ⁸0
346 3075 678 3144 ὑπομείνας
706 3075 796 3138 είς
817 3071 1012 3136 τέλος,
1042 3067 1218 3138 οὗτος
1243 3071 1604 3140 σωθήσεται.
1642 3090 1660 3122 ι
1711 3071 1818 3122 Καὶ

1932 3085 2081 3138 usque
2109 3072 2160 3122 in
2191 3071 2368 3139 ﬁnem,
2401 3075 2484 3127 hic
2511 3075 2690 3130 salvus
2725 3075 2825 3130 erit
2853 3079 2918 3132 ’⁷.
2953 3078 3028 3131 llli
3073 3082 3269 3137 deinde
3299 3087 3481 3139 omnia

234 3167 506 3236 προεῖπεν
530 3163 678 3234 αὐτῷ
705 3163 881 3217 πάντα
935 3161 971 3214 ἃ
999 3163 1194 3234 ἐκείνῳ
1231 3163 1457 3234 ἔμελλον
1488 3160 1637 3231 αὐτῷ
1685 3177 1822 3230 συμ-

233 3256 474 3313 σαίνειν.

325 3350 418 3403 Ἐν
441 3350 497 3402 δὲ
526 3347 604 3419 τῷ
626 3347 1012 3418 χρόνῳὲκείνῳ
1033 3349 1060 3400 ὁ
1101 3343 1196 3398 τοῦ
1212 3341 1395 3414 τιμίου
1417 3340 1693 3410 Στεφάνου
1722 3358 1825 3393 πα-

231 3436 348 3507 τὴρ
379 3436 525 3489 τέλει
555 3435 648 3488 τοῦ
693 3436 808 3506 βίου
831 3438 1125 3507 ἐχρήσατο.
1161 3433 1269 3486 Καὶ
1287 3430 1387 3503 τὴν
1413 3432 1566 3484 πόλιν
1597 3428 1828 3483 τοῦνεκα

233 3525 570 3582 καταλαϐὼν
603 3519 779 3592 οὗτος,
823 3530 1008 3598 παρῆν
1043 3525 1182 3596 πρὸς
1219 3524 1320 3595 τὴν
1363 3523 1458 3576 τοῦ
1502 3525 1826 3594 γεννήτορος

236 3618 491 3689 κηδείαν.
529 3618 642 3671 Καὶ
682 3618 824 3687 μετὰ
869 3618 970 3689 τὴν
1003 3619 1197 3670 τούτου
1239 3615 1580 3684 ὲνταφίασιν,
1612 3615 1678 3666 τὰ
1709 3630 1829 3666 συν-

236 3713 371 3764 όντα
427 3711 617 3772 αὐτοῖς
654 3711 714 3762 ὲν
764 3709 1307 3763 Κωνστατινουπόλει
1359 3710 1576 3761 ἅπαντα
1609 3723 1827 3777 πεπραο-

239 3801 352 3866 κὼς
381 3800 432 3866 ι,
466 3802 591 3872 ἅμα
609 3805 675 3872 τῇ
708 3803 876 3872 μητρὶ
904 3803 998 3855 καὶ
1033 3804 1102 3872 τῇ
1141 3803 1241 3873 μιᾷ
1276 3801 1480 3871 ἀδελφῇ
1511 3801 1629 3870 (τῆς
1660 3799 1827 3868 ἄλλης

239 3894 807 3966 προαποκειραμένης
841 3896 899 3947 ἐν
939 3893 1111 3964 ἑτέρῳ
1165 3893 1260 3946 τοῦ
1305 3891 1600 3956 Βυζαντίου
1660 3908 1826 3961 μονα-

242 3986 503 4059 στηρίῳ),
532 3983 713 4039 οὕτω1
739 3986 837 4055 τῆς
860 3985 1235 4058 ἐνεγκαμένης
1255 3986 1590 4055 ἀπάραντες,
1617 3984 1676 4036 τὸ
1705 3984 1830 4052 ὅρος

243 4079 572 4133 κατέλαϐον.
619 4079 677 4131 '0
715 4078 772 4132 δὲ
813 4079 996 4149 τίμιος
1058 4077 1329 4147 Στέφανος
1385 4081 1482 4148 τήν
1530 4095 1588 4130 τε
1617 4078 1830 4148 μητέρα

241 4171 340 4224 καὶ
374 4167 612 4241 ἀδελφὴν
652 4169 1016 4240 εὐλογηθῆναι
1064 4172 1298 4241 ποιήσας
1357 4170 1506 4239 παρὰ
1537 4169 1630 4221 τοῦ
1670 4168 1828 4238 ἁγίου

239 4261 502 4333 γέροντος
541 4259 814 4326 Ἰωάννου,
858 4262 952 4314 καὶ
985 4261 1369 4331 κατηχηθῆναι
1401 4259 1491 4312 τὸν
1541 4260 1696 4328 λόγον
1732 4259 1831 4328 τῆς

241 4353 526 4425 ἀληθείας,
562 4348 722 4416 αὖθις
751 4354 1094 4424 κατήνεγκεν
1127 4351 1296 4416 αὐτὲις
1337 4354 1393 4404 ὲν
1426 4351 1503 4421 τῷ
1535 4351 1830 4419 γυναικείῳ

246 4445 622 4517 μοναστηρίῳ,
671 4446 766 4499 καὶ
807 4444 1338 4515 συγκαταριθμήσας
1383 4444 1553 4506 αὐτὰς
1582 4447 1650 4515 τῇ
1695 4445 1826 4515 ἁγίᾳ

244 4539 428 4610 ἐκείνῃ
459 4538 701 4608 συνοδίᾳ,
727 4537 942 4606 γίνεται
971 4537 1132 4598 αὐτὸς
1159 4536 1262 4606 τῆς
1307 4535 1578 4606 σαρκικῆς
1620 4535 1825 4605 μητρὸς

245 4631 623 4701 πνευματικὸς
647 4629 838 4700 Πατὴρ
872 4629 961 4682 διὰ
993 4629 1088 4682 τοῦ
1113 4628 1270 4696 ἁγίου
1301 4629 1601 4698 σχήματος,
1625 4627 1826 4696 ὁμοίως

243 4725 340 4776 καὶ
365 4723 466 4792 τῆς
500 4721 763 4791 ἀδελφῆς.
803 4721 912 4774 Καὶ
940 4719 1082 4790 μετά
1140 4719 1240 4790 τὴν
1271 4718 1366 4771 τοῦ
1418 4717 1573 4785 ἁγίου
1608 4719 1827 4786 σχήμα-

243 4828 336 4874 τος
371 4811 791 4882 συμπλήρωσιν,
825 4811 989 4874 αὐτὸς
1017 4809 1240 4880 ἀπάρας
1263 4808 1356 4862 ἐπὶ
1387 4809 1451 4861 τὸ
1476 4806 1623 4878 ὄρος,
1656 4805 1828 4878 ᾤχετο

242 4906 313 4973 τῇ
345 4903 590 4972 προτέρᾳ
613 4902 882 4972 διαγωγῇ.

329 4992 420 5044 Ἐν
448 4993 582 5045 πᾶσι
604 4991 662 5044 δὲ
702 4995 815 5054 τοῖς
841 4991 1156 5062 θεαρὲστοις
1183 4989 1366 5060 ἔργοις
1398 4989 1579 5052 καλῶς
1611 4990 1829 5061 διαπρέ-

249 5082 353 5150 ψας
383 5085 414 5135 δ
443 5083 705 5154 θεοφόρος
743 5082 998 5154 Ἰωάννης
1031 5085 1086 5135 ἐν
1120 5083 1316 5155 εἰρήνῃ
1361 5082 1692 5153 ὲκοιμήθη¹³
1735 5083 1830 5136 καὶ

321 5265 366 5298 ²⁴
403 5262 545 5319 l’sal.
581 5277 749 5330 urit,
777 5264 867 5321 36.
945 5263 990 5295 ’⁷
1023 5261 1212 5317 Matth.
1241 5280 1296 5326 χ,
1325 5263 1423 5320 ‘22.

1923 3159 2088 3233 424
2116 3177 2234 3232 quae
2260 3164 2360 3234 ipsi
2401 3177 2662 3222 eventura
2693 3180 2851 3224 erant
2879 3173 3148 3238 praedixit.

1998 3339 2110 3392 Sub
2159 3341 2295 3393 idem
2336 3350 2544 3411 tempus
2577 3346 2866 3398 venerandi
2899 3346 3155 3414 Stephani
3204 3337 3360 3418 pater
3404 3354 3505 3406 vita

1926 3431 2140 3486 functus
2171 3442 2289 3497 est;
2333 3449 2439 3502 qua
2473 3436 2538 3488 de
2568 3449 2730 3488 eausa
2783 3438 2968 3492 urbem
2999 3439 3088 3492 ille
3119 3443 3292 3508 petiit,
3332 3453 3384 3497 et
3410 3459 3508 3512 pa-

1930 3523 2029 3576 tt'is
2061 3524 2336 3592 exsequiis
2365 3523 2535 3578 aﬂuit.
2581 3523 2714 3578 Post
2746 3528 2902 3596 cujus
2955 3529 3314 3598 sepulturam,
3348 3536 3508 3588 simul

1928 3629 2048 3666 cum
2098 3624 2270 3669 matre
2313 3623 2368 3669 et
2424 3631 2525 3669 una
2558 3631 2588 3672 e
2620 3617 2903 3673 sororibus
2955 3619 3100 3690 (nam
3153 3623 3256 3675 alia
3297 3623 3350 3676 in
3403 3626 3511 3679 alio

1928 3703 2173 3777 Byzantii
2234 3708 2565 3762 monasterio
2615 3709 2842 3764 detonsa
2895 3709 3120 3781 fuerat),
3177 3717 3356 3770 omnia
3389 3731 3511 3786 qua:

1929 3794 2396 3868 Constantinopoli
2456 3798 2831 3869 possidebant,
2879 3803 3140 3860 vendidit.
3177 3807 3296 3874 Quo
3343 3809 3508 3877 facto,

1932 3889 2104 3958 patria
2140 3890 2350 3953 relicta,
2406 3905 2526 3946 sese
2556 3891 2609 3945 in
2641 3903 2876 3949 montem
2929 3897 3294 3954 contulerunt.
3337 3899 3511 3956 Vene-

1932 3983 2135 4037 randus
2168 3997 2296 4037 vero
2326 3979 2658 4054 Stephanus,
2686 3997 2994 4056 postquam,
3019 4005 3080 4042 se
3113 4001 3356 4054 auctore,
3381 4007 3510 4045 san-

1932 4081 2016 4128 tus
2046 4087 2212 4127 senex
2260 4072 2497 4129 Joannes
2548 4090 2660 4129 sua;
2697 4077 2856 4130 matri
2889 4086 2942 4130 et
2974 4078 3146 4132 sorori
3181 4079 3513 4134 benedictio-

1932 4181 2054 4221 nem
2148 4166 2528 4237 impertisset,
2594 4181 3016 4236 sermonemque
3102 4171 3348 4226 veritatis
3421 4189 3514 4227 eas

1932 4257 2226 4322 docuisset,
2263 4257 2408 4327 ipsas
2441 4259 2493 4314 in
2524 4258 2808 4312 mulierum
2840 4262 3228 4316 monasterium
3265 4264 3509 4327 deduxit,

1935 4363 2070 4418 quas
2133 4359 2326 4403 sancto
2387 4349 2678 4404 comentui
2753 4353 3198 4416 annumerando,
3253 4353 3369 4420 ipse
3417 4371 3514 4422 per

1936 4448 2186 4495 sanctum
2229 4440 2496 4504 habitum,
2537 4439 2771 4496 carnalis
2807 4443 2996 4497 matris
3041 4441 3219 4500 factus
3244 4455 3326 4499 est
3352 4447 3515 4516 spiri-

1939 4535 2065 4591 talis
2119 4535 2315 4600 Pater,
2361 4535 2614 4590 similiter
2659 4545 2714 4590 et
2760 4537 2986 4592 sororis.
3031 4536 3274 4606 Expletis
3319 4540 3515 4593 deinde

1935 4627 2110 4682 sancti
2141 4626 2360 4682 habitus
2379 4625 2740 4693 caeremoniis,
2766 4628 2878 4697 ipse
2899 4629 2950 4682 in
2980 4639 3216 4684 montem
3239 4632 3512 4698 ascendit,

1934 4729 1988 4773 et
2019 4720 2083 4771 ad
2120 4720 2358 4790 priorem
2391 4719 2512 4774 vitae
2543 4719 2806 4776 rationem
2837 4719 3019 4775 rediit.

2013 4985 2192 5039 lieifer
2232 4998 2393 5053 porro
2442 4981 2678 5036 Joannes
2708 4997 2828 5036 cum
2864 4983 2915 5037 in
2949 4984 3096 5038 omni
3130 4983 3237 5039 Deo
3264 4996 3518 5054 accepto-

1940 5096 2056 5133 rnm
2090 5093 2313 5148 operum
2345 5091 2546 5146 genere
2591 5075 2956 5143 excelluisset,
2997 5077 3046 5131 in
3077 5092 3208 5146 pace
3236 5075 3512 5144 dormivit,

1517 5354 1754 5410 VAle
1811 5351 2216 5409 LECTIONES.
2505 5427 2527 5433 _

325 5475 342 5528 i
385 5476 535 5531 Unus
563 5475 724 5530 habet
751 5477 822 5529 εί.
898 5475 923 5514 ι
957 5475 1027 5529 al.
1068 5476 1372 5546 πέπρακτο.
1413 5471 1431 5512 ι
1472 5473 1540 5528 al.
1567 5465 1736 5527 οὗτοι.
1813 5481 1852 5504 ⁸³
1879 5472 1992 5527 Duo
2023 5472 2108 5526 hic
2141 5471 2346 5526 addunt
2376 5469 2470 5524 ἐπὶ
2499 5470 2557 5524 τὸ
2591 5471 2744 5527 αὑτό.

1735 5587 1968 5643 NOTAE.

329 5710 404 5784 (5)
445 5707 841 5768 Ἑπισαϐύζον,
887 5706 1000 5762 Vox
1033 5703 1279 5766 eorttmd.
1308 5701 1416 5757 ἀπὸ
1447 5702 1539 5756 τοῦ
1573 5701 1816 5774 βαύζειν,
1854 5706 1994 5772 quod
2030 5711 2106 5755 est
2146 5701 2366 5754 latrare.
