3972 6220
483 272 624 337 1095

1679 271 2057 364 STEPHANI
2099 272 2404 332 DiACONI
2442 273 2551 336 (ΞΡ.

3600 279 3761 346 1036

479 380 848 450 pratclareqne
868 395 933 436 ex
965 380 1068 434 hoc
1093 379 1292 432 mundo
1315 379 1624 447 emigravit,
1659 379 1842 434 multis
1865 394 2054 434 sancto

2159 381 2264 434 τῶν
2298 382 2424 452 τῇδε
2454 381 2637 445 καλῶς
2667 385 2929 454 μετέστη,
2966 387 3263 459 πάμπολλα
3295 393 3624 462 κατηχὴσας
3657 397 3761 449 τὸν

483 473 762 541 Stephano
818 470 960 524 datis
1013 470 1254 533 monitis,
1302 470 1389 525 cui
1441 472 1659 539 quidem
1715 482 2051 540 postremum

483 567 663 618 dixit:
698 557 937 617 Salutem
983 578 1359 631 consequere,
1407 564 1503 626 (ili,
1563 565 1684 618 vide
1724 565 2057 620 imminentis

483 657 578 709 tibi
612 655 831 722 periculi
859 652 1023 724 425
1074 655 1258 707 linetn.
1307 655 1517 722 Quibus
1551 657 1774 710 minime
1810 659 2056 713 turbatus

483 747 702 798 divinus
748 743 1078 810 Stephanus,
1115 745 1207 798 sed
1255 755 1442 798 contra
1501 745 1682 797 animo
1712 749 2055 810 oblirmatus,

483 837 698 904 signum
733 835 988 902 pulsavit,
1017 849 1189 904 eoque
1227 837 1406 890 Patris
1453 838 1834 890 dortttitionent
1879 839 2057 892 matti-

485 925 677 979 festam
730 926 878 980 fecit.
918 926 1070 980 Tunc
1125 928 1308 980 videre
1340 939 1458 982 erat
1491 930 1715 982 chorum
1751 939 2058 982 ascetarum

484 1031 550 1072 ex
587 1017 780 1070 vicinis
811 1017 1104 1082 montibus,
1137 1019 1390 1082 collibus,
1421 1018 1630 1086 campis
1663 1027 1717 1071 et
1745 1018 1916 1081 silvis,
1947 1017 2060 1072 vel-

487 1120 543 1164 ttt
576 1125 766 1164 cervos
793 1111 882 1164 siti
920 1111 1261 1175 laborantes,
1291 1113 1357 1165 ad
1401 1123 1634 1165 tnotttem
1666 1111 1828 1166 [ontis
1869 1111 2058 1165 deiferi

484 1202 743 1256 Auxentii
777 1203 1206 1264 acettrreutiuttt,
1230 1213 1285 1255 ιιι
1313 1203 1516 1256 deil'ero
1539 1200 1732 1255 Joanni
1755 1215 2061 1256 extremum

486 1292 728 1346 osculum
755 1292 946 1346 darent
976 1301 1028 1346 et
1047 1292 1195 1359 justa
1232 1293 1624 1361 persolverent.
1653 1292 1728 1345 Ita
1755 1307 1884 1363 ergo
1911 1307 2064 1346 vene-

496 1382 722 1434 randum
751 1393 806 1435 et
837 1393 1083 1436 sanctum
1135 1383 1277 1435 illius
1309 1398 1505 1452 corpus
1535 1383 1587 1435 itt
1628 1385 1940 1437 emineterio
1967 1398 2060 1452 pa-

493 1483 634 1526 trum
687 1474 990 1539 depositum
1045 1473 1144 1528 fuit
1173 1491 1187 1526 :
1217 1475 1454 1543 pretiosa
1485 1489 1613 1528 vero
1643 1473 1760 1540 ejus
1788 1476 1965 1528 anima
1994 1477 2062 1530 ab

488 1562 696 1631 angelis
724 1563 816 1616 Dei
849 1565 914 1616 ad
947 1562 1115 1618 eteius
1144 1562 1352 1617 sublata
1382 1570 1487 1626 est,
1540 1562 1816 1632 perpetuis
1851 1563 2062 1630 gaudiis

491 1648 750 1704 frtt'ttura.

2157 473 2311 540 ἆγιον
2360 475 2654 543 Στέφανον,
2705 477 2799 528 καὶ
2842 478 3154 534 τεὴυταῖον
3191 481 3393 536 εἰπών’
3450 504 3469 535 ι
3523 485 3756 552 Σὼζου,

2157 564 2365 629 τέκνον,
2404 564 2572 635 βλέπε
2610 565 2667 617 δὲ
2700 565 2792 618 τοῦ
2841 568 3217 642 ἐπερχομένου
3256 573 3506 628 κινδύνου
3555 593 3648 630 σοι
3691 579 3762 630 τὸ

2157 655 2352 726 πέρας.
2406 657 2492 709 Ἐν
2530 655 2742 719 τούτοις
2779 653 2872 710 οὖν
2904 659 2932 710 ὁ
2964 661 3208 730 θεόφρων
3249 665 3521 731 Στέφανος
3571 667 3762 737 μηδὲν

2157 744 2406 808 ἀνιάσας,
2431 744 2566 798 ἀλλὰ
2603 748 2802 816 μᾶλλον
2831 749 3172 820 εὐθυμήσας,
3201 755 3262 806 τὸ
3291 755 3510 826 κροῦμα
3537 759 3760 812 δέδωκε

2159 837 2253 889 καὶ
2273 838 2572 907 κατάδηλον
2609 842 2672 892 ἐκ
2703 842 2893 892 τούτου
2919 847 3065 894 ποιεῖ
3103 844 3204 913 τὴν
3239 847 3333 898 τοῦ
3373 849 3583 918 [ἰατρὸς
3628 852 3758 902 κοί-

2161 945 2348 998 μησιν.
2381 931 2491 984 Καὶ
2538 926 2606 1001 ἦν
2652 933 2784 984 ἰδεῖν
2837 933 2998 1002 χορὸν
3035 936 3293 1006 ἀσκητῶν
3325 939 3390 990 ἐκ
3417 941 3527 991 τῶν
3577 941 3758 1008 πέριξ

2158 1018 2322 1088 ὀρῶν,
2360 1019 2566 1090 βουνῶν
2595 1039 2654 1074 τε
2701 1024 2798 1076 καὶ
2848 1025 3163 1092 πλαγιὰδων
3220 1030 3314 1083 καὶ
3349 1030 3562 1092 ναπῶν,
3606 1031 3760 1083 ὡσεί

2158 1127 2310 1174 τινας
2353 1113 2418 1165 ὲκ
2465 1113 2625 1182 δίψης
2677 1114 2934 1182 ἐλάφους,
2981 1118 3076 1169 ἐπὶ
3131 1119 3192 1170 τὸ
3238 1120 3338 1189 τῆς
3401 1123 3592 1190 πηγῆς
3647 1124 3757 1175 τοῦ

2161 1196 2422 1266 θεοφόρου
2444 1200 2732 1263 Αὑξεντίου
2754 1203 2878 1268 ὅρος
2899 1205 3316 1274 συντρέχοντας,
3345 1208 3436 1260 τὸν
3471 1211 3762 1282 θεοφόρον

2173 1288 2427 1358 Ἰωάννην
2451 1292 2511 1344 τὸ
2535 1290 2847 1346 τελευταῖον
2895 1295 3250 1350 ἀσπάσασθαι
3295 1301 3394 1352 καὶ
3429 1303 3712 1370 κηδεῦσαι
3738 1321 3756 1336 ο

2161 1378 2256 1430 καὶ
2281 1377 2452 1441 οὕτως
2475 1378 2535 1430 τὸ
2564 1380 2662 1448 μὲν
2695 1381 2856 1450 σῶμα
2879 1383 3042 1436 αὐτοῦ
3070 1385 3129 1436 τὸ
3149 1386 3332 1456 τίμιον
3369 1391 3466 1443 καὶ
3496 1391 3668 1458 ἆγιον
3693 1393 3760 1444 ἐν

2159 1465 2238 1534 τῷ
2287 1467 2633 1537 κοιμητηρίῳ
2673 1469 2781 1520 τῶν
2826 1473 3078 1542 πατέρων
3102 1475 3346 1546 ἀπετέθη
3373 1496 3386 1507 ·
3420 1480 3454 1549 ἡ
3485 1479 3546 1532 δὲ
3581 1481 3761 1550 τιμία

2161 1557 2328 1610 αὐτοῦ
2379 1559 2527 1628 φυλὴ
2575 1561 2669 1611 ὑπ’
2729 1561 2976 1629 ἀγγέλων
3011 1564 3148 1618 Θεοῦ
3191 1568 3536 1642 ἀνεκομίσθη
3601 1575 3760 1643 πρὸς

2163 1649 2420 1719 οὐρανοὺς
2448 1649 2633 1713 ἁῐδίως
2662 1650 3069 1722 ἁγαλλιωμένη.

559 1739 756 1793 Verum
789 1755 816 1792 a
848 1739 1013 1810 gloria
1059 1740 1122 1793 ad
1179 1739 1424 1808 gloriam,
1449 1749 1504 1794 et
1552 1755 1580 1794 a
1617 1750 1804 1796 sancto
1834 1743 1900 1794 ad
1933 1755 2055 1794 san-

2245 1737 2376 1792 Ἀπδ
2409 1737 2465 1790 δὲ
2493 1737 2651 1806 δόξης
2684 1742 2766 1804 εἰς
2798 1741 2958 1807 δόξαν
2998 1745 3092 1797 καὶ
3129 1747 3187 1813 ἐξ
3221 1747 3380 1814 ἀγίου
3413 1749 3550 1820 πρὸς
3582 1752 3761 1822 ἅγιον

491 1838 634 1883 ctum
689 1834 930 1900 apposite
988 1834 1372 1886 transeundum
1403 1841 1504 1886 est.
1543 1831 1650 1886 Nec
1681 1832 1823 1884 enim
1877 1832 2061 1885 delicit

491 1938 747 1977 numerus
781 1939 1058 1978 servorum
1117 1925 1230 1978 Dei.
1259 1925 1536 1993 Siquidem
1593 1934 1804 1976 mortuo
1854 1922 2054 1992 Moyse,

490 2022 686 2082 pra-sto
711 2011 811 2066 fuit
838 2011 996 2067 Jesns
1019 2013 1158 2068 lilius
1179 2013 1323 2069 Nave
1344 2032 1358 2076 ;
1383 2024 1435 2067 et
1460 2013 1572 2066 Elia
1599 2023 1898 2082 aSsnmpto,
1927 2028 2058 2067 con-

491 2103 666 2156 festim
688 2103 910 2156 Elisaeus
932 2104 1159 2158 melotes
1179 2113 1230 2158 et
1249 2106 1436 2173 gratia:
1460 2107 1511 2160 in
1541 2103 1698 2173 duplo
1725 2105 1893 2157 haeres
1907 2103 2060 2173 agni-

491 2202 578 2246 tus
609 2202 713 2246 est.
751 2193 920 2248 Sitttili
974 2195 1153 2257 modo,
1206 2195 1408 2248 deiiero
1431 2194 1641 2250 Joattne
1684 2209 1746 2248 ex
1790 2195 1890 2248 hac
1950 2195 2057 2248 vita

487 2301 731 2356 egresso,
759 2286 874 2354 ejus
925 2286 1132 2341 vivendi
1165 2286 1352 2350 moris,
1381 2288 1482 2340 loci
1510 2299 1564 2342 et
1593 2287 1781 2354 gratia:
1819 2287 1871 2338 itt
1899 2285 2058 2367 duplo

491 2386 652 2445 atque
681 2378 842 2430 etiam
885 2377 1054 2430 multo
1087 2379 1414 2432 cumulatius
1443 2380 1613 2432 haeres
1644 2377 1744 2430 l‘uit
1789 2392 2057 2431 veneran-

491 2467 590 2522 dus
624 2468 949 2535 Stephanus.
981 2469 1413 2524 Consentaneum
1446 2473 1588 2524 enim
1617 2481 1756 2537 erat,
1782 2483 1838 2523 ut
1867 2470 1936 2536 is,
1966 2471 2058 2538 qui

493 2557 774 2628 principum
843 2558 990 2612 illius
1048 2561 1308 2614 doctrinae
1357 2561 1529 2614 han-es
1589 2562 1778 2622 fuerat,
1816 2562 2056 2630 ejusdem

491 2649 650 2702 etiam
683 2649 824 2702 beati
850 2647 1023 2704 Patris
1055 2651 1158 2718 piis
1180 2653 1432 2719 operibus
1461 2653 1704 2719 proxime
1742 2665 2059 2721 exaequare-

493 2750 601 2806 tur,
631 2742 772 2810 quod
801 2742 984 2811 utique
1013 2743 1266 2797 ostendit.
1299 2742 1464 2814 426
1490 2745 1765 2814 Siquidem
1819 2753 1876 2798 ut
1918 2743 2058 2798 filius

490 2833 690 2901 proprii
719 2833 958 2901 parentis
988 2834 1201 2886 eosdcnt
1257 2849 1456 2900 mores,
1476 2838 1553 2888 sic
1587 2836 1674 2889 ille
1712 2835 1910 2903 proprii
1943 2852 2060 2890 nta-

490 2923 644 2992 gistri
687 2922 898 2976 virtutis
927 2923 1150 2991 vestigia
1198 2927 1484 2991 expressit.
1525 2925 1622 2979 llic
1672 2941 1799 2994 ergo
1821 2925 2060 2981 cmlestis

2161 1829 2222 1881 τὸ
2257 1834 2591 1902 μεταφοιτᾷν
2633 1831 2872 1890 εὔθετον.
2909 1837 2982 1887 Οὐ
3031 1839 3136 1907 γάρ
3179 1838 3408 1912 ἐλλιπὴς
3437 1846 3464 1894 ὀ
3502 1844 3759 1914 ἀριθμὸς

2159 1920 2270 1973 τῶν
2309 1921 2404 1973 τοῦ
2448 1923 2582 1974 Θεοῦ
2622 1923 2846 1978 δουλων.
2885 1929 2996 1979 Καὶ
3027 1931 3136 1998 γὰρ
3161 1929 3252 1984 τοῦ
3295 1933 3538 1998 Μωσέως
3574 1952 3754 1990 τετεο

2161 2009 2506 2081 λευτηκότος,
2542 2014 2726 2084 παρῆν
2753 2016 2781 2067 ὁ
2806 2015 2900 2068 τοῦ
2938 2019 3096 2090 Ναυῆ
3137 2021 3379 2092 Ἰησοῦς·
3417 2026 3514 2078 καὶ
3553 2027 3752 2082 Ἠλίου

2160 2102 2580 2173 ἀναληφθέντος,
2619 2109 2864 2176 παρευθυ
2909 2109 3183 2164 Ἐλισσαιὲ
3207 2117 3306 2185 τῆς
3333 2117 3597 2188 μηλωτῆς
3650 2121 3748 2172 καὶ

2160 2193 2261 2262 τῆς
2335 2196 2555 2264 χάριτος
2623 2198 2960 2270 κληρονόμος
3021 2205 3348 2274 ὲγνωρίζετο
3423 2209 3483 2260 ἐν
3544 2209 3744 2282 διπλῷ.

2161 2285 2398 2340 Τοιῶσδε
2454 2291 2548 2340 καὶ
2597 2290 2694 2342 τοῦ
2753 2292 3015 2362 θεοφόρου
3071 2297 3320 2352 Ἰωάννου
3369 2301 3481 2353 τῶν
3528 2303 3747 2358 ἐνθένδε

2163 2379 2578 2447 ματαστάντος,
2630 2381 2658 2432 ὁ
2705 2361 2888 2452 τίμιος
2923 2385 3193 2454 Στέφανος
3253 2392 3346 2443 καὶ
3387 2391 3484 2444 τοῦ
3535 2396 3744 2464 τρόπου

2160 2469 2384 2539 καὶτῆς
2436 2474 2655 2542 χάριτος
2683 2474 2740 2525 ἐν
2784 2475 2958 2546 διπλῷ
2995 2479 3088 2530 καὶ
3139 2479 3284 2550 μάλα
3337 2487 3745 2559 περισσοτέρως

2159 2559 2497 2632 κληρονόμος
2557 2565 2902 2636 γνωρίζεται.
2963 2570 3109 2624 Ἔδει
3159 2573 3269 2642 γάρ
3320 2576 3484 2630 αὐτὸν
3535 2577 3612 2641 ὡς
3675 2579 3749 2636 τὰ

2160 2656 2355 2728 πρῶτα
2383 2658 2812 2730 κληρωσάμενον
2849 2659 2960 2714 τῶν
2993 2663 3157 2716 αὑτοῦ
3194 2666 3541 2736 μαθημάτων
3555 2678 3604 2736 ³,
3647 2675 3752 2727 καὶ

2163 2749 2365 2823 μικροῦ
2403 2749 2512 2803 δεῖν
2563 2753 2676 2814 τοῖς
2731 2751 2825 2804 τοῦ
2877 2752 3152 2834 μακαρίου
3203 2755 3515 2827 θεοφιλέσιν
3558 2761 3750 2833 ἔργοις

2161 2841 2504 2908 ἐξισοῦσθαι,
2541 2842 2568 2895 δ
2602 2844 2698 2896 καὶ
2738 2844 3036 2911 ἐπέδειξεν.
3085 2847 3298 2920 Ὠσπερ
3329 2851 3436 2922 γάρ
3479 2856 3616 2918 παῖς
3644 2856 3752 2909 τοῦ

2161 2933 2362 2985 οἰκείου
2399 2935 2625 3004 πατρὸς,
2655 2935 2746 2988 τὸν
2767 2936 2930 2990 αὐτὸν
2955 2937 3156 3008 τρόπον
3182 2941 3277 2996 καὶ
3303 2937 3460 3008 οὗτος
3491 2947 3617 3010 τοὺς
3642 2947 3752 3018 τῆς

491 3013 802 3082 metropolis
829 3011 1146 3077 aediﬁcator,
1179 3015 1448 3082 perlectus
1483 3015 1626 3068 inter
1681 3017 1912 3070 nuitates
1961 3034 2055 3070 nuc

2164 3023 2368 3092 ἀρετῆς
2416 3026 2770 3096 χαρακτῆρας
2821 3027 2915 3080 τοῦ
2973 3030 3176 3084 οἰκείου
3232 3033 3623 3090 ἀνετυπῶσατο
3661 3039 3752 3094 δι-

491 3116 694 3166 ttterus,
731 3103 895 3156 divini
921 3103 1079 3158 istius
1115 3114 1170 3158 et
1195 3105 1448 3160 salutaris
1482 3110 1620 3160 antri
1653 3119 1838 3163 sextus
1868 3111 2059 3164 ordine

493 3191 765 3245 habitator
794 3193 968 3248 factus
990 3203 1299 3260 est;norus
1323 3194 1505 3260 Jarcd,
1539 3210 1728 3250 Sexltts
1789 3203 1857 3252 ab
1887 3203 2056 3254 Adam

489 3281 808 3349 appellatus,
837 3292 892 3336 et
925 3293 1078 3352 pater
1105 3285 1286 3338 Enoch
1310 3287 1524 3354 agnitus
1579 3291 1681 3340 vita
1708 3293 1914 3358 pariter
1949 3291 2057 3346 Deo

491 3371 706 3438 placita.
738 3369 856 3441 Ipse
878 3373 1022 3426 enim
1054 3385 1241 3428 sextus
1265 3383 1346 3427 est
1365 3390 1392 3428 a
1419 3377 1732 3430 beatissimo
1763 3379 2054 3433 Auxentio.

491 3463 628 3530 Ipse,
661 3463 898 3531 inquam,
931 3473 1184 3533 tanquam
1222 3466 1348 3528 lilio,
1393 3467 1584 3520 timore
1629 3469 1717 3522 Dei
1777 3483 2058 3539 concepto,

483 3559 635 3625 juxta
655 3558 990 3626 prophetam,
1012 3557 1262 3625 placitum
1289 3559 1396 3612 Deo
1431 3563 1769 3630 martyrium,
1805 3571 2057 3631 tanquam

429 3653 448 3668 ‘
490 3665 684 3702 norunt
725 3649 909 3724 Enoeh
955 3649 1159 3718 placita:
1224 3649 1330 3703 Deo
1361 3652 1480 3704 vita:
1503 3655 1712 3716 ducent,
1756 3657 1964 3722 peperit
1990 3655 2056 3710 ³⁸.

488 3740 752 3794 Caeterum
780 3742 849 3793 ob
883 3741 1256 3808 migrationem
1299 3746 1650 3812 przeccptoris
1711 3762 1946 3803 ntmrore
2003 3761 2059 3803 et

490 3831 706 3884 tristitia
751 3828 994 3895 allectus,
1033 3834 1274 3900 magistri
1325 3847 1624 3900 certamen,
1659 3853 1809 3890 more
1859 3841 2054 3908 egregii

488 3921 724 3985 assecltc,
755 3923 975 3975 omnino
1009 3921 1268 3988 perﬁcere
1313 3926 1692 3980 meditabatur.
1726 3928 1789 3981 Et
1839 3931 2055 3998 quidem

487 4011 940 4080 quemadmodum
972 4014 1062 4081 qui
1095 4015 1260 4068 maria
1293 4015 1539 4084 trajicere
1579 4017 1870 4088 langasqtte
1903 4036 2058 4089 pere-

486 4102 822 4172 grittationes
850 4105 1123 4172 suscipere
1155 4105 1367 4160 solent:
1401 4121 1522 4160 cum
1573 4124 1832 4178 aquarum
1865 4124 2055 4166 natura

487 4206 669 4248 certas
697 4195 806 4249 vias
831 4212 934 4249 nun
978 4199 1188 4263 habeat,
1216 4216 1316 4256 nec
1341 4202 1536 4269 pedum
1564 4205 1784 4274 vestigia
1816 4207 1897 4260 vel
1927 4223 2054 4261 cur-

443 4305 456 4320 \
489 4300 642 4339 ruunt
703 4288 872 4340 lineas
921 4298 1140 4358 pr0ptcr
1185 4291 1382 4346 ﬂuitant
1442 4306 1496 4348 et
1545 4296 1756 4350 mollem
1799 4299 2052 4353 substan-

2161 3114 2447 3167 δασκάλου.
2488 3109 2656 3178 Οὗτος
2687 3113 2778 3170 οὖν
2801 3120 2828 3172 ὁ
2859 3119 2958 3190 τῆς
2988 3123 3314 3193 ἐπουρανίου
3346 3128 3752 3198 μητροπόλεως

2161 3208 2426 3277 οίκιστὴς,
2457 3209 2485 3260 ό
2513 3209 2718 3272 τέλειος
2751 3213 2807 3263 ἐν
2837 3213 3066 3282 μονάσιν
3095 3216 3347 3286 ἀριθμὸς,
3377 3219 3407 3272 ό
3433 3223 3582 3276 κατά
3606 3224 3750 3278 ἀκο-

2162 3295 2382 3352 λουθίαν
2433 3299 2728 3370 ἑξάριθμος
2775 3303 3020 3374 οἰκήτωρ
3071 3307 3167 3360 τοῦ
3222 3309 3370 3362 θείου
3419 3313 3617 3366 τούτου
3651 3318 3746 3370 καὶ

2160 3387 2511 3458 ψυχοσώστου
2547 3391 2746 3462 ἄντρου
2797 3381 3111 3464 γενόμενος,
3143 3400 3172 3450 ό
3198 3400 3318 3464 νέος
3366 3402 3561 3474 Ἰάρεδ,
3585 3406 3742 3470 ἕκτος

2161 3479 2270 3532 ἀπὸ
2311 3480 2483 3551 Ἀδὰμ
2530 3484 2913 3552 χρηματίσας,
2949 3488 3046 3540 καὶ
3096 3491 3284 3560 πατὴρ
3329 3493 3502 3564 Ἑνὼχ
3537 3512 3740 3568 γνωρι-

2163 3569 2310 3633 σθεὶς
2336 3573 2400 3641 τῇ
2439 3573 2603 3643 ὁμοίᾳ
2649 3574 3025 3646 εὐαρεστήσει.
3079 3579 3190 3633 Καὶ
3228 3582 3392 3646 αὐτὸς
3427 3587 3538 3656 γάρ
3582 3587 3740 3650 ἕκτος

2161 3663 2268 3715 ἀπὸ
2295 3662 2390 3714 τοῦ
2437 3666 2813 3736 παμμάκαρος
2841 3668 3132 3734 Λύξεντίου
3185 3674 3556 3745 γνωρίζεται·
3591 3679 3739 3744 ὅστις

2159 3751 2235 3816 ὡς
2265 3753 2378 3808 υἱὸν
2411 3755 2501 3807 τὸν
2533 3756 2626 3810 τοῦ
2655 3757 2792 3812 Θεοῦ
2825 3761 2991 3829 φόϐον
3023 3762 3307 3819 συλλαϐὼν
3343 3773 3738 3840 προφητικῶς,

2157 3844 2258 3913 τὴν
2298 3846 2389 3898 διὰ
2419 3849 2720 3918 μαρτυρίου
2764 3852 3149 3925 εὐαρέστησιν,
3175 3856 3252 3920 ὼς
3280 3860 3400 3912 νέον
3439 3862 3615 3934 Ἑνὼχ
3644 3865 3738 3918 τὸν

2156 3936 2255 4005 τῆς
2299 3937 2712 4008 εὐαρεστήσεως
2763 3943 3091 4015 πρώταρχον
3136 3947 3495 4007 άποτέτοκεν.
3533 3955 3648 4024 Τὴν
3679 3956 3737 4010 δὲ

2156 4027 2251 4081 τοῦ
2276 4029 2586 4100 καθηγητοῦ
2611 4033 2901 4102 μετάθεσιν
2919 4035 3122 4104 ἀλγῶν,
3139 4039 3330 4108 ἠνιᾶτο
3353 4045 3449 4096 καὶ
3471 4045 3733 4116 ἤσχαλλε,

2159 4117 2256 4170 καὶ
2297 4117 2627 4186 διελογίζετο
2674 4123 2913 4188 πάντως,
2961 4125 3038 4190 ὡς
3067 4128 3232 4192 καλὸς
3259 4131 3496 4198 ὀπαδὸς,
3544 4136 3609 4187 τὸ
3637 4135 3732 4189 τοῦ

2156 4207 2478 4264 διδασκάλου
2509 4212 3013 4286 ἀναπληρώσασθαι
3037 4221 3350 4294 ἀγώνισμα.
3399 4225 3514 4280 Καὶ
3543 4226 3733 4300 ὥσπερ

2156 4299 2202 4350 οἱ
2237 4297 2504 4353 θαλάσσια
2549 4303 2693 4357 νῶτα
2743 4305 3012 4380 διαπερᾷν
3041 4311 3325 4376 εἰωθότες,
3361 4317 3460 4370 καὶ
3489 4319 3596 4382 τας
3627 4297 3733 4389 μαζ

488 4377 614 4430 tiam
645 4377 901 4446 recipiat;
938 4381 1262 4444 positionem
1289 4384 1525 4438 siderum
1558 4389 1902 4450 attendendo,
1926 4405 2052 4458 pro-

2159 4387 2295 4457 κράς
2325 4389 2640 4460 ἀποδημίας
2677 4377 3022 4465 ποιούμενοι·
3071 4400 3259 4472 ἐπειδὴ
3307 4404 3417 4459 τῶν
3452 4377 3668 4459 ὑδάτων
3700 4409 3732 4476 ἠ

489 4473 716 4537 positam
763 4471 865 4524 sibi
923 4471 1064 4524 viam
1112 4475 1425 4540 decurrunt,
1451 4487 1506 4530 et
1557 4492 1621 4530 ex
1683 4483 2052 4548 superioribus

486 4560 735 4612 cursibus
784 4559 1094 4614 inferiorem
1151 4565 1396 4616 semitam
1449 4575 1633 4634 aperte
1688 4569 2048 4636 coitjiciendo,

487 4650 602 4704 sine
619 4665 804 4704 errore
827 4651 929 4704 iter
949 4652 1166 4706 mininte
1191 4655 1370 4707 tritum
1403 4669 1632 4726 pergunt
1656 4662 2047 4728 :quetnadnto-

484 4741 609 4794 dum
631 4741 794 4813 427
821 4752 982 4796 ettant
1007 4744 1064 4808 ii,
1095 4744 1288 4812 quibus
1319 4746 1369 4798 itt
1397 4750 1693 4802 continenti
1721 4753 2047 4806 commorari

443 4883 462 4902 κ
483 4831 680 4901 placet,
711 4849 831 4886 cum
865 4847 924 4886 se
957 4831 1187 4888 invicem
1221 4835 1452 4890 invisere
1479 4838 1720 4905 cupiunt,
1757 4855 1864 4893 non
1897 4841 2049 4910 igno-

487 4921 556 4974 tis
583 4923 791 4974 semitis
818 4924 1020 4993 seipsos
1049 4926 1296 4992 credunt,
1336 4938 1478 4980 metu
1514 4931 1753 4992 errandi,
1783 4930 1864 4985 vel
1889 4932 1942 4984 in
1967 4931 2048 4985 la-

485 5019 699 5064 tronum
732 5013 954 5067 insidias
1009 5015 1300 5081 incidendi,
1329 5017 1421 5070 sed
1464 5033 1557 5086 per
1612 5020 1876 5089 publicam
1909 5022 2046 5075 viatn

483 5113 791 5170 susceptum
833 5105 936 5158 iter
985 5121 1104 5159 eum
1168 5107 1334 5161 multa
1377 5111 1671 5165 securitate
1718 5111 2044 5182 perﬁciunt:

481 5195 595 5263 pari
628 5195 836 5249 ratione
881 5196 1223 5254 beatissimus
1273 5199 1432 5254 Pater
1475 5215 1660 5257 noster
1717 5203 2042 5274 Stephanus,

551 5382 598 5414 “
625 5380 797 5438 Eccli.
829 5400 976 5449 xttv,
1001 5385 1101 5453 16;
1142 5383 1304 5442 Hebr.
1339 5403 1416 5450 ιι,
1441 5389 1492 5443 5.

2161 4479 2321 4548 φύσις
2347 4481 2502 4546 ὁδοὺς
2529 4483 2632 4536 οὐκ
2656 4483 2770 4554 ἔχει
2801 4486 3184 4564 διωρισμένας,
3214 4493 3419 4557 τύπους
3465 4514 3524 4550 τε
3559 4501 3732 4554 ποδῶν

2158 4569 2252 4660 καὶ
2297 4573 2566 4642 γραμμὰς
2612 4573 2910 4646 ὀχημάτων
2934 4588 2958 4615 ⁸
3005 4579 3094 4634 διὰ
3125 4583 3188 4660 τὸ
3221 4585 3386 4655 μανὸν
3416 4589 3510 4642 καὶ
3537 4593 3732 4660 χαῦνον

2153 4659 2256 4730 τῆς
2289 4662 2480 4728 οὐσίας
2516 4665 2576 4716 οὐ
2613 4664 2906 4739 δεχομένη,
2950 4674 3019 4742 τῇ
3051 4659 3198 4726 θέσει
3252 4676 3310 4729 δὲ
3343 4677 3454 4733 τῶν
3485 4659 3729 4752 ἀστέρων

2157 4754 2552 4823 προσέχοντες,
2613 4757 2712 4828 τὴν
2785 4763 3157 4836 προκειμένην
3211 4768 3398 4832 αὐτοῖς
3457 4772 3582 4826 ὁδὸν
3657 4776 3728 4828 δι-

2155 4844 2434 4899 οδεύουσιν
2455 4862 2468 4877 ·
2502 4848 2595 4901 καὶ
2634 4851 2699 4902 ὲκ
2722 4851 2832 4904 τῶν
2867 4855 3073 4908 ἄνωθεν
3108 4857 3328 4928 δρόμων
3365 4864 3608 4931 carpch
3637 4869 3727 4938 τὴν

2157 4935 2402 4990 κάτωθεν
2433 4941 2858 5022 τεκμαιρόμενοι
2883 4946 3086 5015 τρίϐον,
3115 4950 3372 5015 ἀπλανῶς
3397 4954 3500 5024 τὴν
3533 4935 3726 5029 ἀτριδῆ

2155 5028 2384 5097 πορείαν
2412 5029 2708 5086 ὁδεύουσιν.
2761 5035 2868 5089 Καὶ
2896 5037 2970 5098 ὡς
3012 5034 3169 5102 αὖθις
3197 5041 3249 5092 οἱ
3280 5043 3376 5106 τὰς
3403 5046 3467 5096 ὲν
3517 5028 3730 5120 ἠπεὶρῳ

2153 5119 2438 5188 διατριϐὰς
2475 5122 2870 5196 ἀσπαζόμενοι,
2911 5128 3039 5181 ὅταν
3070 5133 3259 5202 φοιτᾷν
3297 5132 3434 5204 πρὸς
3464 5119 3726 5208 ἀλλήλους

2151 5209 2439 5264 ἐθέλωσινο
2472 5215 2535 5266 οὐ
2563 5218 2682 5279 ταῖς
2725 5217 3122 5289 ἀγνοουμένους
3149 5223 3419 5294 ἀτραποῖς
3450 5241 3602 5296 σφας
3637 5228 3723 5282 αὐ-

1739 5507 1979 5563 ὛΑΜέΕ
2019 5510 2422 5574 LECTIONES.

551 5643 581 5673 ³
619 5637 689 5692 al.
725 5641 1003 5711 μαθητῶν.
1085 5651 1108 5679 °
1147 5646 1218 5699 al.
1261 5647 1572 5716 τλημάτων,
1611 5651 1678 5704 al.
1723 5653 2042 5722 σχισμάτων

2138 5664 2166 5704 P
2203 5659 2270 5711 al.
2311 5657 2512 5726 σοφῶς.
