3972 6220
1163 189 1196 216 Ι

340 290 474 356 1113

1397 292 1574 356 νιΤΑ
1605 297 1668 356 8.
1711 296 2085 360 STEPHANI
2133 301 2516 366 JUNIORIS.

3463 295 3598 360 1114

333 400 598 469 οούμενα,
653 398 748 453 καὶ
793 396 966 471 σκεύη
1016 399 1484 472 μεταποιούμενα,
1524 403 1820 474 ἐκκλησίας
1857 421 1910 457 τε

2021 415 2072 462 ta
2091 447 2106 468 .
2130 423 2350 465 eversas
2379 409 2638 465 ecclesias
2658 415 2712 465 et
2739 406 2888 462 calce
2920 406 3137 464 oblitas.
3169 419 3236 459 eo
3262 405 3402 475 quod
3430 409 3600 460 sacris

335 491 803 564 ἀνορυσσομένας,
825 489 922 545 καὶ
935 491 1004 562 τῇ
1033 489 1232 562 σποδιᾷ
1247 492 1638 562 κεχρισμὲνας,
1663 494 1739 558 ώς
1765 497 1917 565 ἱερὰς

2021 499 2342 568 imaginibus
2381 509 2726 556 ornarentur.
2764 498 2951 567 Itaque
2990 498 3078 552 ubi
3114 495 3318 552 Christi
3346 507 3436 548 aut
3467 495 3599 550 Dei-

334 584 550 646 εικόνας
591 581 842 653 ἐχούσας.
894 583 1006 636 Καὶ
1035 583 1172 636 ὅπου
1207 581 1309 654 μὲν
1344 578 1414 654 ἦν
1457 584 1696 655 Χριστοῦ
1743 586 1776 656 ἢ
1817 587 1910 656 τῆς

2017 605 2160 658 parm
2188 599 2242 646 et
2293 602 2607 646 sanctorum
2643 591 2964 646 veneranda
3000 587 3266 656 imagines
3297 597 3476 649 erant.
3515 587 3596 640 ννΙ

333 675 606 729 Θεοτόκου
631 675 830 728 eamut
852 673 1065 738 εἰκόνες
1089 673 1316 728 καὶτῶν
1349 675 1544 743 ἁγίων,
1577 677 1610 747 ἢ
1647 679 1914 748 πυρκαῐᾷ,

335 769 374 840 ἢ
402 766 682 840 ἀνορύεει,
703 766 752 838 -ἢ
787 766 1078 838 ἀνακρίσει
1107 765 1482 838 παρεδίδοντο.
1513 769 1580 824 Εί
1613 768 1671 822 δὲ
1699 765 1769 840 ἦν
1795 769 1914 824 δὲνο

329 859 457 930 δρα,
488 860 519 930 ἦ
550 859 733 930 δρνεα,
761 859 795 930 η
829 857 946 922 ζῶα
970 857 1162 927 ἄλογα,
1201 843 1440 928 μάλιστᾶ
1464 859 1522 912 δι
1549 859 1618 913 τὰ
1642 859 1915 914 summa

337 951 662 1022 ίππηλάσια,
696 947 1199 1020 κυνήγια,’θέατρα¹
1215 948 1310 1002 καὶ
1334 948 1672 1020 ίπποδρόμια
1704 951 1915 1004 ἀνιστο-

334 1042 550 1112 ρημένα
568 1081 584 1108 ,
629 1040 811 1095 ταῦτα
853 1041 1166 1112 τιμητικῶς
1195 1041 1558 1112 ἔναπομένειν
1585 1044 1681 1097 καὶ
1709 1043 1913 1114 ὲκλαμ·

333 1131 659 1203 πρύνεσθαι.
699 1133 912 1196 Ὄντως
942 1128 1014 1204 ἦν
1037 1133 1162 1186 τότε
1189 1133 1408 1204 ἀληθῶς
1435 1136 1640 1200 είπεῖνῤ
1677 1135 1747 1189 οι
1775 1153 1908 1206 μοι,

251 1241 256 1253 ι
331 1223 421 1279 ὅτι
453 1225 774 1280 ἀπόλωλεν
793 1224 1062 1294 εὐλαϐὴς
1085 1225 1207 1280 ἀπὸ
1244 1225 1358 1294 τῆς
1393 1225 1530 1297 γῆς,
1569 1227 1668 1282 και
1702 1231 1736 1283 ὀ
1768 1212 1908 1283 κὰτ-

331 1315 524 1385 ορθῶν
565 1316 637 1368 ἐν
663 1315 998 1383 ἀνθρώποις
1031 1318 1143 1370 οὐκ
1177 1316 1366 1371 ἐστιν.
1423 1317 1516 1370 Ἐν
1553 1318 1748 1372 πέλυκι
1799 1320 1909 1391 γὰρ

330 1412 428 1464 καὶ
455 1407 799 1480 λαξευτηρίῳ
827 1407 1182 1480 κατέρῤαξαν
1209 1407 1309 1472 τάς
1335 1408 1505 1482 θύρας
1527 1410 1626 1480 τῆς
1652 1411 1747 1464 τοῦ
1771 1411 1906 1465 Θεοῦ

343 1500 693 1572 Ἐκκλητίας,
742 1499 837 1552 καὶ
885 1500 946 1552 ὲν
987 1498 1126 1569 πυρὶ
1185 1499 1519 1570 ἐνεπύρισαν
1562 1500 1620 1554 τὸ
1658 1501 1907 1570 ἁγίασυια

328 1592 513 1646 αὐτοῦ.
555 1591 706 1662 Θύρα
737 1591 794 1645 δὲ
820 1591 854 1661 ἡ
888 1587 1052 1646 είκὼν
1093 1590 1334 1660 λέγεται,
1371 1593 1496 1663 ἥτις
1527 1592 1906 1662 διανοίγει-τδν

329 1685 469 1738 κατά
497 1683 632 1736 Θεὸν
656 1681 948 1736 κτισθέντα
975 1682 1100 1736 νοῦν
1120 1683 1279 1752 ἡμῶν
1307 1683 1442 1753 πρὸς
1465 1682 1562 1755 τὴν
1589 1684 1736 1738 ἔνδον
1763 1685 1786 1724 ἀ
1807 1685 1902 1739 τοῦ

2014 693 2148 748 rogo
2201 689 2255 733 et
2302 681 2571 735 eversioni
2619 680 2990 742 tradebantur,
3044 677 3134 734 vel
3176 677 3383 731 albario
3433 692 3598 744 npare

2012 769 2464 825 obliniebantur:
2515 772 2606 826 ubi
2655 786 2783 826 vero
2821 779 2977 824 erant
3031 770 3255 824 arbores
3314 769 3395 822 vel
3447 783 3594 832 aves,

2011 856 2176 930 ΜΒ
2196 858 2276 914 vel
2309 859 2477 916 bruta
2509 861 2833 922 animantes.
2859 859 2941 913 vel
2973 859 3275 928 pmsertim
3315 857 3588 913 Satanieae

2012 952 2396 1020 equitationes,
2411 955 2746 1017 venationes,
2765 953 2976 1008 theatra
2991 961 3045 1006 et
3061 951 3327 1006 curricula
3351 951 3591 1020 depicta,

2013 1045 2128 1100 haec
2165 1047 2457 1103 honoriﬁce
2507 1047 2868 1103 servabantur
2926 1057 2980 1101 et
3010 1044 3442 1100 illustrabantur.
3470 1044 3596 1098 Prn-

2010 1137 2260 1192 culdubiu
2311 1149 2437 1194 tunc
2470 1154 2598 1195 vere
2627 1139 2807 1194 dicere
2861 1137 3060 1193 licebat
3091 1155 3104 1192 :
3150 1133 3244 1190 Va
3274 1137 3422 1197 mihi,
3457 1137 3584 1206 quia

2008 1229 2161 1297 periit
2183 1239 2398 1284 sanctus
2430 1232 2687 1294 delum,
2723 1243 2770 1284 et
2824 1240 2990 1282 rectus
3018 1231 3071 1282 in
3125 1227 3422 1281 hominibus
3481 1242 3586 1280 non

2007 1332 2084 1374 est
2111 1321 2180 1376 ".
2223 1320 2279 1376 lu
2321 1323 2500 1378 securi
2531 1323 2675 1379 enim
2709 1332 2764 1377 et
2788 1323 2932 1376 ascia
2970 1329 3154 1392 portas
3197 1319 3452 1375 Ecclesiae
3486 1317 3578 1371 Dei

2007 1411 2342 1482 deiecerunt,
2375 1426 2428 1470 et
2451 1417 2804 1471 incenderunt
2829 1415 2938 1485 igni
2969 1414 3339 1469 sanetuarium
3365 1413 3481 1482 ejus
3509 1412 3630 1485 ἐσθ’

2005 1500 2166 1556 Porta
2199 1519 2360 1571 porro
2403 1506 2582 1575 imago
2624 1507 2844 1573 dicitur,
2891 1521 3015 1575 quae
3062 1513 3296 1558 mentem
3345 1483 3584 1556 nostram

2005 1594 2296 1648 secundum
2331 1595 2620 1656 imaginem
2653 1595 2744 1668 Dei
2773 1603 3011 1648 creatam
3035 1593 3100 1644 ad
3121 1591 3434 1646 interiorem
3463 1604 3588 1657 pro-

2006 1684 2174 1756 totypi
2211 1685 2618 1738 similitudinem
2645 1685 2837 1752 aperit.
2875 1683 2938 1737 Ut
2969 1682 3110 1736 enim
3137 1681 3380 1751 quedam
3407 1679 3587 1745 ianua

329 1776 688 1847 πρωτοτύπου
719 1774 1110 1846 καθομοίωσιν.
1152 1775 1367 1848 Ὠσπερ
1396 1776 1505 1848 γάρ
1545 1777 1713 1832 πύλαι
1762 1778 1908 1842 τινες

2011 1775 2188 1832 clavos
2207 1785 2262 1830 et
2290 1776 2464 1846 sigilla
2492 1775 2843 1845 praeferentes
2871 1789 2968 1843 per
2991 1773 3291 1843 sigillorum
3321 1771 3586 1825 securita-

328 1865 544 1928 κλεῖδας
574 1865 667 1919 καὶ
700 1864 1008 1936 σφραγῖδας
1036 1864 1417 1934 ὲπιφέρουσαι,
1467 1866 1532 1918 ἐκ
1569 1866 1678 1920 τῶν
1706 1866 1904 1933 ἔξω.τά

328 1958 478 2012 ἔνδον
521 1957 909 2028 τεκμαίρονται
929 1955 1017 2009 διὰ
1062 1954 1168 2025 τῆς
1200 1955 1499 2026 ἀσφαλείας
1527 1955 1635 2010 τῶν
1669 1957 1904 2028 σφραγί-

323 2049 467 2104 δων⁶
511 2047 695 2112 ὀὕτως
741 2049 835 2102 καὶ
869 2049 903 2120 ἡ
937 2049 1182 2118 είκονικὴ
1219 2046 1587 2114 ἀνατύπωσις,
1621 2048 1698 2112 ώς
1729 2065 1903 2118 σφρα-

326 2143 480 2212 γῖδας
529 2143 632 2206 τὰς
718 2140 1068 2214 gemmea;
1136 2138 1592 2204 ἀναδεικνύουσα,
1643 2141 1738 2195 καὶ
1805 2140 1904 2204 τὰς

327 2231 598 2304 ῑμφάσεις
651 2231 727 2294 ώς
775 2231 1016 2296 κλεῖδας,
1070 2229 1160 2284 διὰ
1213 2229 1325 2284 τῶν
1377 2229 1584 2284 ὑλικῶν
1627 2232 1694 2285 τὰ
1739 2231 1906 2302 νοητά

329 2322 796 2396 προσαινίττεται.
833 2322 945 2375 Καὶ
975 2323 1040 2376 ού
1067 2324 1135 2393 τῇ
1171 2320 1274 2394 ὕλη
1305 2321 1643 2393 λατρεύομεν
1668 2339 1905 2394 προσκυ-

324 2413 546 2478 νοῦντες
592 2411 792 2484 ταύτῃ,
821 2413 1025 2482 ἄπαγε,
1058 2412 1197 2466 ἀλλὰ
1231 2411 1435 2486 νοερῶς
1464 2412 1551 2468 διὰ
1583 2412 1692 2466 τῶν
1721 2413 1906 2484 αίσθηο

325 2505 436 2559 τῶν
495 2507 554 2558 ὲν
607 2507 721 2568 τοῖς
759 2503 958 2568 αἰτίοις
1012 2503 1426 2576 προσεφιέμεθα
1465 2515 1512 2570 ο,
1571 2503 1760 2576 ὥσπερ
1810 2505 1905 2558 καὶ

329 2596 590 2668 σταυρὸν,
623 2595 719 2650 καὶ
751 2595 898 2665 ἱερὸν
931 2593 1110 2664 ἅγιον,
1167 2595 1262 2649 καὶ
1289 2594 1546 2665 λείψανον
1596 2595 1778 2664 ἀγίου,
1811 2593 1906 2648 καὶ

327 2681 440 2740 πᾶν
479 2685 545 2738 τὸ
598 2687 658 2740 tv
713 2683 983 2758 ἑκκλησίᾳ
1031 2683 1512 2756 προσκυνούμενον
1540 2726 1554 2752 ,
1617 2686 1676 2738 εν
1731 2685 1907 2754 τούτῳ

326 2775 664 2848 πληροῦντες
697 2775 799 2848 τὴν
840 2774 1132 2847 βασιλικὴν
1167 2775 1388 2846 ἐκείνην
1413 2777 1598 2847 φωνὴν
1621 2774 1711 2830 τοῦ
1739 2778 1905 2848 οὐρα-

327 2869 655 2941 ωφάντορος
689 2865 1006 2922 Βασιλείουο
1037 2868 1230 2942 ὅτιπερ
1279 2870 1314 2938 ὴ
1365 2868 1468 2940 τῆς
1509 2867 1722 2933 είκόιης
1773 2868 1907 2940 τιμὴ

328 2960 423 3014 ἐπὶ
449 2961 511 3014 τὸ
538 2960 896 3030 πρωτότυπον
924 2959 1215 3016 διαϐαίνει.
1243 2961 1338 3026 Et;
1369 2960 1425 3015 δὲ
1454 2961 1515 3016 τὺ
1545 2961 1908 3033 προκείμενον

325 3051 733 3124 ἐπανέλθωμεν.
1452 3074 1454 3078 '

411 3148 499 3201 Ἐν
535 3107 749 3213 τούτοις
790 3150 904 3214 τοῖς
946 3150 1231 3223 ὀδυνηροῖς
1280 3149 1756 3222 διαμερισθεῖσαὴ
1811 3153 1904 3206 τοῦ
1933 3107 1976 3166 c

325 3239 568 3313 Χριστοῦ
618 3241 957 3312 Ἐκκλησία,
1004 3242 1054 3296 οῖ
1097 3241 1198 3312 τῆς
1239 3240 1524 3304 εὐσεϐείας
1557 3242 1908 3312 ἀντεχόμενοι

324 3333 435 3387 τῶν
489 3332 774 3404 μοναστῶν
803 3332 1063 3402 λογάδες,
1096 3331 1208 3386 τῶν
1238 3331 1342 3402 τῆς
1373 3331 1647 3402 Εὐρώπης
1697 3333 1904 3404 μερῶν,

325 3421 424 3476 καὶ
449 3421 546 3475 τοῦ
573 3421 892 3488 Βυζαντίου,
923 3421 1124 3486 Θυνίας
1143 3439 1206 3475 τε
1231 3422 1328 3476 καὶ
1353 3420 1592 3480 Βιθυνῶν
1613 3422 1904 3494 ἐπαρχίας,

326 3515 424 3570 καὶ
456 3517 506 3568 oi
542 3505 680 3586 πρδς
725 3517 797 3571 τὰ
827 3517 927 3588 τῆς
973 3514 1308 3586 Προυσιάδος
1349 3514 1494 3588 μέρη
1532 3515 1908 3586 σπηλοδίαιτοι

327 3607 423 3661 καὶ
450 3607 762 3678 ὁρεόμονες,
794 3608 996 3682 δμαδδν
1018 3606 1260 3672 ἅπαντες
1283 3607 1345 3660 τὸ
1363 3607 1489 3677 ὅρος
1517 3606 1615 3661 τοῦ
1643 3606 1905 3679 θεοιιςόρου

328 3698 616 3766 Αύξεντίου
639 3699 1062 3763 καταλαϐόντες,
1086 3698 1164 3762 ώς
1191 3697 1330 3770 πρὸς
1353 3697 1550 3768 ὁδηγὸν
1571 3698 1669 3753 καὶ
1697 3699 1908 3752 σκοπέα

332 3793 641 3863 σωτήριον,
701 3792 781 3866 τῷ
836 3792 1176 3864 ωμμάκαρι
1228 3789 1540 3864 προσῆλθον
1595 3791 1903 3862 Στεφάνῳ,

330 3883 759 3956 ικλιπαροῦντες
781 3884 948 3939 αὐτὸν
977 3885 1232 3954 γενέσθαι
1266 3883 1572 3955 σύμϐουλον
1607 3885 1907 3958 σωτηρίας.

332 3974 506 4052 Εὗρον
533 3978 591 4032 δὲ
637 3978 802 4032 αὑτὸν
828 3978 1041 4052 ἀθυμίᾳ
1069 3981 1165 4034 xui.
1196 3977 1430 4050 δάκρυσι
1471 3979 1600 4052 περὶ
1631 3979 1735 4050 τῆς
1776 3997 1910 4033 νεω-

331 4069 618 4144 τεροποιοῦ
673 4071 944 4143 αἱρέσεως
998 4071 1383 4142 συνεχόμενον,
1445 4071 1541 4125 καί
1589 4087 1723 4140 φασι
1771 4071 1910 4142 πρὸς

339 4163 524 4218 αὑτόν·
583 4163 744 4228 Εἰπὲ,
802 4155 1006 4234 Πάτερ,
1041 4163 1110 4217 τὰ
1137 4163 1361 4217 είκότα·
1389 4159 1590 4234 κάμνει
1614 4161 1725 4234 γὰρ
1754 4162 1910 4234 ἡμῶν

330 4263 361 4314 ὁ
395 4257 656 4329 λογισμὸς
676 4298 693 4322 ,-
724 4255 820 4310 καὶ
851 4254 1271 4326 βεϐαπτίσμεθα
1300 4257 1366 4327 τῇ
1411 4254 1638 4327 ἀπορίᾳ,
1677 4256 1752 4326 μή
1794 4273 1911 4320 πως

331 4352 362 4404 δ
415 4348 756 4420 ἀνθρώπινος
803 4348 968 4418 φόϐος
997 4347 1251 4420 προδώσῃ
1285 4348 1385 4419 τῆς
1417 4345 1598 4418 ψυχῆς
1646 4346 1708 4400 τὸ
1753 4347 1910 4400 εὐσε-

2006 1878 2114 1925 tcm
2149 1869 2514 1926 exterioribus
2561 1867 2820 1922 interiora
2839 1866 3172 1935 signiﬁcant,
3200 1866 3280 1920 sic
3321 1865 3496 1934 imago
3519 1863 3583 1916 li-

2005 1970 2290 2013 neamenta
2326 1959 2481 2029 quasi
2525 1959 2725 2028 sigilla,
2755 1968 2811 2013 et
2847 1957 3084 2026 speciem
3115 1964 3393 2011 externam
3431 1954 3583 2019 qua~i

2004 2049 2185 2106 claves
2204 2051 2491 2115 exhibens,
2506 2052 2668 2105 rebus
2689 2066 2754 2104 ex
2779 2049 3006 2104 materia
3027 2047 3344 2117 compositis
3363 2046 3479 2098 illas
3498 2045 3574 2098 in-

2005 2143 2186 2196 dicant
2217 2157 2337 2212 quae
2371 2142 2486 2197 sola
2521 2151 2700 2197 mente
2727 2141 3120 2209 intelliguntur.
3143 2137 3252 2194 Nec
3280 2137 3422 2192 enim
3467 2151 3583 2188 ma-

2007 2235 2196 2288 teriam
2229 2235 2478 2298 eoliums,
2506 2249 2628 2289 cmn
2662 2248 2780 2287 eam
2816 2235 3124 2287 adoramus.
3156 2231 3343 2284 Absit!
3387 2230 3580 2283 Verum

2003 2339 2102 2394 per
2122 2341 2207 2378 res
2233 2337 2352 2394 qua:
2372 2333 2566 2380 sensus
2587 2333 2823 2388 movent,
2843 2322 2990 2392 ipsas
3005 2337 3200 2377 causas
3219 2329 3398 2375 mente
3420 2319 3584 2373 altiu-

2005 2419 2220 2488 gimus:
2251 2432 2358 2486 quo
2382 2417 2546 2470 etiam
2583 2416 2744 2469 modo
2778 2429 2876 2469 nos
2905 2413 3143 2484 gerimus
3167 2413 3310 2468 circa
3339 2427 3578 2475 crucem,

2004 2517 2434 2572 sacrosanctum,
2460 2513 2882 2575 Sanctorumque
2912 2503 3192 2573 reliquias,
3218 2512 3276 2557 et
3318 2502 3575 2571 quidquid

2006 2602 2056 2656 in
2077 2600 2304 2656 ecclesia
2341 2601 2620 2655 aduratur.
2664 2597 2780 2666 Qua
2820 2597 3036 2667 quidem
3081 2598 3132 2650 in
3165 2610 3226 2650 re
3284 2594 3486 2664 regiam
3519 2593 3584 2646 il-

2005 2691 2112 2748 lam
2143 2706 2329 2749 vocem
2375 2693 2472 2745 viri
2504 2691 2570 2745 ad
2607 2691 2806 2746 calum
2840 2704 3012 2759 usque
3050 2686 3447 2759 resplendeutis
3480 2685 3584 2738 Ba-

2005 2784 2109 2839 silii
2144 2783 2455 2853 implemus,
2484 2797 2678 2852 nempe
2709 2782 2968 2851 imaginis
3001 2783 3264 2836 bonorem
3301 2779 3367 2834 ad
3403 2789 3587 2848 proto-

2007 2889 2190 2953 typum
2223 2879 2475 2936 transire.
2505 2875 2609 2932 Sed
2635 2877 2700 2931 ad
2726 2875 3060 2946 propositum
3091 2874 3396 2932 redeamus.

2077 3155 2241 3230 447
2283 3155 2378 3211 llis
2411 3155 2566 3210 malis
2615 3157 2885 3224 discerpta
2933 3151 3135 3208 Christi
3181 3149 3456 3212 Ecclesia,
3495 3151 3588 3203 de-

2009 3250 2131 3304 lecti
2163 3247 2380 3318 pictatis
2406 3255 2706 3302 assertores
2741 3245 2987 3300 moaaelti
3023 3243 3249 3310 Europa
3272 3280 3287 3305 ,
3314 3240 3585 3313 Byzantii,

2009 3339 2251 3410 Tliymim
2275 3377 2290 3402 ,
2319 3348 2374 3392 et
2401 3336 2692 3407 provinciae
2725 3334 3071 3405 Bitliynensis
3095 3373 3111 3399 ,
3150 3333 3295 3400 iique
3329 3333 3419 3400 qui
3456 3331 3589 3384 Pru-

2009 3431 2102 3484 siae
2153 3437 2308 3481 antra
2365 3436 2419 3481 et
2477 3435 2688 3480 montes
2741 3425 3078 3487 incolebant,
3131 3422 3291 3477 simul
3348 3422 3586 3476 universi

2021 3531 2260 3575 montem
2295 3517 2484 3574 deifcri
2519 3517 2768 3572 Auxentii
2799 3525 3004 3584 petunt,
3037 3523 3090 3569 et
3119 3514 3185 3567 ad
3219 3512 3584 3566 beatissimum

2012 3611 2342 3679 Stephanum
2377 3620 2630 3680 tanquam
2659 3609 2724 3662 ad
2755 3609 2947 3662 ducem
2975 3615 3030 3660 et
3063 3603 3464 3675 speculatorem
3495 3615 3583 3654 sa-

2010 3704 2240 3757 lutarem
2287 3697 2802 3770 confugiunt,‘eum
2854 3697 3076 3768 rogandi
3117 3711 3313 3763 causa,
3349 3704 3407 3750 ut
3456 3693 3588 3764 ipsis

2011 3793 2317 3850 necessaria
2348 3794 2414 3846 ad
2449 3793 2674 3848 salutem
2704 3790 3032 3846 consuleret.
3062 3789 3214 3844 Illum
3247 3797 3428 3842 autem
3461 3799 3588 3854 pro-

2007 3897 2130 3958 pter
2160 3901 2295 3941 nova
2336 3885 2648 3940 molientem
2685 3883 2932 3938 bzeresim
2975 3881 3200 3935 tristitia
3231 3887 3285 3934 et
3323 3876 3588 3949 lacrymis

2009 3979 2320 4034 demersum
2353 3985 2694 4048 repererunt,
2721 3989 2880 4044 quem
2913 3975 2997 4029 bis
3022 3972 3202 4028 verbis
3227 3969 3586 4040 compellant:

2014 4069 2186 4126 Verba
2230 4079 2531 4140 opportuna
2591 4068 2835 4138 loquere,
2878 4065 3056 4119 Pater.
3089 4062 3257 4118 Nobis
3292 4061 3436 4116 enim
3456 4059 3590 4115 dell-

2007 4163 2082 4219 cit
2135 4163 2368 4225 aniums,
2399 4173 2694 4228 rerumque
2743 4156 3010 4227 angustiis
3049 4157 3230 4210 obruti
3282 4153 3587 4216 haeremus,

2009 4269 2080 4309 ne
2128 4252 2268 4308 forte
2315 4256 2579 4306 luunauus
2611 4250 2772 4302 timor
2810 4247 3063 4316 pietatem
3125 4244 3318 4299 anima:
3373 4241 3588 4313 prodat.

2011 4343 2289 4412 Siquidem
2318 4341 2512 4395 anima:
2541 4339 2814 4409 proprium
2839 4347 2923 4392 est
2951 4345 3178 4390 mortem
3211 4335 3587 4390 extimescere.

333 4440 448 4504 ϐἐς.
509 4438 669 4492 Ἰδιον
703 4437 814 4510 γὰρ
875 4437 1050 4507 αὐτῆς
1083 4439 1233 4490 ἐστιν
1264 4437 1325 4490 τὸ
1355 4436 1644 4506 φοϐεῖσθαι
1679 4437 1772 4490 τὸν
1808 4436 1909 4490 θά-

2018 4436 2153 4490 Tum
2205 4433 2552 4488 beatissimus
2600 4431 2760 4485 Pater
2809 4441 3040 4484 turmam
3082 4437 3138 4484 et
3189 4427 3591 4483 multitudinem

332 4548 514 4586 νατον.
558 4529 616 4584 '0
644 4529 704 4584 δὲ
740 4529 1057 4602 παμμάκαρ
1087 4529 1412 4600 αίσθόμενος
1459 4529 1523 4582 τὸ
1567 4528 1776 4599 πλῆθος
1819 4529 1914 4584 καὶ

334 4621 587 4690 ἀγελαῖον
613 4620 722 4674 τῶν
750 4618 1034 4691 Πατέρων,
1082 4621 1180 4673 καὶ
1211 4619 1312 4691 τὴν
1345 4619 1666 4692 ἁγγελοειδῆ
1697 4621 1912 4692 ἐκείνην

336 4713 830 4782 κατασπασάμενος
872 4711 1068 4766 πολιὰν
1099 4708 1274 4766 εἶπεν·
1329 4708 1402 4766 Ὦ
1463 4714 1709 4785 Πατέρες
1742 4713 1913 4784 τίμιοι

336 4805 432 4859 καὶ
468 4801 706 4874 ἀδελφοὶ,
741 4802 893 4856 οὐδὲν
917 4801 1148 4875 γνώμης
1184 4803 1436 4858 εὐσεϐεῖν
1463 4805 1913 4877 προαιρουμένης

341 4897 711 4968 ἰσχυρότερον,
774 4896 868 4948 καὶ
907 4895 1060 4949 οὐδὲν
1097 4893 1472 4968 δυνατώτερον
1519 4895 1701 4968 ψυχῆς
1744 4898 1914 4970 κακίᾳ

337 4985 612 5048 δουλεύειν
644 4985 705 5038 ού
735 4986 1092 5058 βουλομένης·
1115 4987 1255 5057 ὅπερ
1289 4984 1350 5052 ἐξ
1375 4988 1581 5058 ἀμφοῖν
1610 4989 1916 5061 πέπεισμαι

339 5078 687 5150 πεφυλάχθαι
731 5078 867 5152 πρὸς
895 5079 995 5152 τὴν
1038 5079 1314 5150 ὑμετέραν
1349 5081 1682 5152 πατρότητα”
1721 5081 1816 5136 καὶ
1854 5083 1918 5137 ἐκ

341 5170 529 5226 τούτου
563 5169 768 5244 μᾶλλον
803 5171 964 5243 ὑμεῖς
1007 5172 1144 5243 ἐμοῦ
1179 5171 1478 5244 σύμϐουλοι
1518 5174 1612 5229 καὶ
1657 5176 1791 5249 εὐχὴ
1822 5177 1916 5245 γέο

347 5263 542 5320 νοισθε.
589 5265 903 5330 Ἑξέλιπον
941 5265 1050 5335 γὰρ
1078 5265 1149 5320 ἐν
1177 5265 1477 5336 δάκρυσιν
1520 5270 1576 5322 οι
1621 5270 1922 5340 ὀφθαλμοί

2017 4527 2236 4583 Patrum
2267 4526 2513 4587 intuitus,
2549 4524 2791 4594 angelica
2845 4523 2931 4576 i!la
2973 4521 3174 4576 canitie
3207 4519 3444 4576 salutata
3474 4517 3589 4571 ait:

2017 4625 2061 4680 0
2108 4634 2290 4692 patres
2321 4631 2376 4677 et
2408 4620 2626 4684 l‘ratres,
2661 4620 2793 4674 nihil
2847 4617 3044 4672 fortius
3093 4617 3274 4670 animo
3303 4613 3395 4682 qui
3426 4612 3594 4681 pieta-

2012 4728 2128 4770 tem
2160 4716 2467 4786 pruiitctur.
2505 4712 2649 4766 Μιιῑι
2691 4710 2964 4782 potentius
2996 4710 3196 4770 anima,
3235 4719 3353 4775 qua:
3386 4705 3594 4772 impro-

2016 4809 2170 4864 bitati
2204 4807 2410 4862 servire
2443 4809 2701 4860 recusat:
2739 4816 2841 4871 qua
2876 4816 2940 4854 ex
2980 4797 3178 4868 duplici
3214 4804 3366 4866 parte
3401 4805 3596 4849 vestra:

2015 4898 2328 4970 paternitati
2363 4906 2582 4952 cautum
2611 4907 2730 4950 cssc
2761 4905 3076 4960 persuasum
3105 4888 3234 4942 mihi
3257 4895 3340 4942 est.
3369 4905 3383 4942 :
3414 4886 3598 4956 proin-

2014 4993 2186 5062 deque
2208 5003 2302 5046 vos
2326 4988 2504 5058 potius
2526 5000 2609 5040 me
2631 4994 2686 5039 et
2713 4982 2942 5038 consilio
2973 4992 3026 5036 et
3046 4981 3298 5051 precibus
3321 4978 3593 5049 adjuvate.

2015 5083 2291 5155 Siquidem
2333 5080 2632 5150 defecerunt
2673 5093 2784 5144 prta
2828 5075 3079 5146 lacrymis
3117 5073 3258 5128 oculi
3313 5073 3416 5127 mei
3442 5087 3598 5140 super

2013 5174 2182 5248 448
2210 5173 2518 5229 contritione
2553 5173 2679 5242 ﬁlia:
2701 5171 2746 5222 ⁸3
2780 5170 2992 5242 generis
3027 5167 3169 5232 mei,
3201 5173 3262 5221 ut
3299 5179 3420 5221 cum
3447 5162 3598 5216 Jere-

2019 5268 2147 5332 mia,
2167 5268 2258 5336 qui
2280 5267 2422 5323 lucet
2443 5275 2461 5322 t
2484 5265 2701 5336 scripsit
2724 5261 2777 5320 et
2797 5263 2907 5334 egit
2927 5304 2942 5330 ,
2966 5262 3201 5318 clamare
3220 5271 3404 5327 cogor.
3427 5251 3602 5309 Video

416 5420 463 5455 "
504 5421 666 5504 ilicb.
693 5438 790 5490 vn,
815 5421 928 5491 1,2.
955 5421 998 5454 ⁵⁸
1031 5417 1178 5476 Psal.
1212 5439 1405 5492 uult,
1433 5423 1487 5492 6,
1521 5425 1577 5482 7.
1654 5425 1698 5458 "
1733 5423 1937 5480 'l'hren.
1973 5439 2035 5487 ιι,
2070 5423 2157 5477 lt.

1630 5576 1864 5635 VARM-I
1905 5575 2318 5635 LECTIONES.

424 5723 450 5760 ιι
473 5719 540 5776 ιιι.
567 5720 730 5779 ἔνδον.
811 5732 836 5763 ε
863 5721 934 5776 al.
975 5721 1258 5789 ἐφιόπεθα.
