3972 6220
788 95 858 131 κ.

381 247 511 316 1121

374 455 468 510 τοῦ
491 454 630 509 Θεοῦ
661 454 969 510 ἐπιτελοῦσι
995 450 1233 522 σύνοδον,
1261 454 1612 524 ἀγαλματικά
1641 451 1832 506 εἴδωλα
1853 452 1952 517 τὰς

379 547 583 609 οεπτὰς
609 544 824 609 εἰκόνας
853 545 1200 608 καλέσαντες.
1236 543 1522 614 Φρίττουσί
1551 561 1654 614 μου
1686 542 1754 597 τὰ
1784 531 1949 609 ὀστᾶ,

375 639 470 690 καὶ
500 637 690 709 νεφροὶ
739 636 965 706 καρδίας
995 635 1381 704 αἰσθάνονται,
1431 635 1508 699 ὦς
1551 651 1718 708 φησιν
1744 638 1773 690 ό
1814 635 1952 688 Ἐλιο

375 727 488 797 φὰς
516 769 530 793 ,
561 721 606 796 ᾧ
655 727 878 782 συνετὸν
931 726 1024 780 καί
1056 725 1248 780 πιστὸν
1284 727 1671 798 ἀκροατήριον,
1719 727 1806 781 ὅτε
1859 727 1953 781 καὶ

377 821 543 889 μόνον
569 821 650 882 εἰς
695 821 919 892 μνήμην
948 820 1016 874 τὰ
1043 819 1166 874 τότε
1195 820 1511 891 πραχθέντα
1541 819 1782 892 λάϐοιμι.
1817 818 1954 877 Εἶτα

374 910 658 980 Γερμανὸν
703 910 796 965 τὸν
838 911 981 965 θεῖον
1011 912 1108 965 καὶ
1151 911 1444 983 ὀρθοτύμον
1471 911 1574 982 τῆς
1625 913 1952 984 Ἐκκλησίας

379 1001 644 1071 πρόεδρον
679 1003 730 1054 οἱ
762 1003 826 1054 ὲκ
855 1001 992 1054 Θεοῦ
1026 1000 1481 1073 ἀλλοτριωθέντες
1511 1001 1950 1071 ἀναθεματίσαν-

377 1106 490 1155 τες,
519 1088 852 1162 ξυλολάτρην
887 1073 1334 1146 ἀπεκάλεσαν.Ὦ
1361 1092 1460 1162 τῆς
1491 1091 1582 1146 τοῦ
1611 1091 1808 1164 ἐχθροῦ
1833 1109 1952 1146 πως»

379 1180 626 1252 ρώσεωςί
663 1179 707 1233 ὦ
755 1181 855 1250 τῆς
889 1181 1278 1252 βλασφημίαςί
1329 1180 1376 1235 ὣ
1400 1181 1502 1252 τῆς
1546 1183 1946 1254 παρατροπῆςί

377 1273 502 1335 Πῶς
535 1273 772 1346 ἐννοήσω
807 1289 924 1339 σου,
961 1273 1166 1343 Χριστέ
1195 1291 1322 1344 μου,
1349 1274 1451 1345 τὴν
1481 1273 1604 1328 τότε
1639 1275 1949 1346 ἀπέραντον

375 1361 768 1430 ἀνεξικακίαν;
805 1361 1101 1433 πάμπολλα
1125 1365 1180 1418 δὲ
1209 1353 1388 1419 αὐτῶν
1413 1364 1947 1437 βλασφημησάντων,

377 1455 475 1506 καὶ
517 1452 658 1507 κατὰ
690 1451 800 1506 τῶν
845 1453 1018 1522 ἁγίων
1066 1454 1164 1507 κιιί⁸
1210 1454 1313 1524 τῆς
1359 1456 1632 1526 ἁχράντον
1681 1456 1946 1510 Θεοτόκου

379 1541 560 1596 αὐτῶν
603 1541 991 1613 χωρησάντων,
1027 1541 1105 1605 ὡς
1147 1541 1364 1614 βοηθεῖν
1407 1542 1546 1614 μετά
1591 1543 1824 1597 θάνατον
1873 1543 1948 1617 μὴ

377 1629 717 1701 δυναμένηςο
754 1629 816 1683 τὸ
860 1629 1172 1684 τελευταῖον
1205 1631 1300 1684 καὶ
1343 1630 1560 1706 πρῶτον
1593 1633 1688 1686 καὶ
1729 1633 1948 1687 πάντων

1472 252 1647 312 νιΤΑ
1681 251 1740 313 S.
1768 251 2112 312 STEPIIAN
2121 253 2147 312 Ι
2189 249 2573 314 JUNIORIS.

377 363 754 428 κοιλιοδνύλοις
775 363 1093 428 ἐπισκόποις
1118 376 1147 418 ιο
1165 362 1263 434 τὴν
1293 361 1546 434 μυσαρὰς
1576 363 1672 415 καὶ
1703 361 1797 432 ὲχθ
1809 361 1948 432 ρώδη

2058 359 2238 414 randa:
2267 360 2526 428 imagines
2559 360 2846 418 simulacra
2877 345 3067 420 idolica
3098 345 3362 436 appellata

3472 383 3622 427 sunt.

2055 442 2318 498 Tremqu
2345 461 2468 501 ossa
2502 463 2617 500 utea
2639 487 2655 512 ,
2686 458 2740 503 et
2777 465 2935 504 renes
2963 453 3142 509 cordis
3171 456 3432 521 sentiunt,
3462 470 3520 512 ut
3551 461 3628 513 ait

2052 532 2778 609 Etiphas",cuiintelligens
2814 549 2868 594 et
2899 540 3054 597 ﬁdele
3095 547 3212 598 erat
3261 547 3584 604 auditorium
3609 588 3626 614 ,

2051 623 2212 696 455
2243 641 2362 680 cum
2409 626 2492 681 vel
2543 628 2714 684 solum
2763 629 2817 684 in
2863 633 3181 687 memoriam
3233 649 3458 701 revoco,
3509 654 3629 709 qua:

2053 729 2178 774 tunc
2201 720 2458 788 temporis
2485 730 2604 774 acta
2623 731 2768 792 sunt,
2803 721 2994 778 Postea
3027 724 3356 782 Germanum
3382 730 3625 785 divinum

2051 820 2106 864 et
2159 811 2518 865 orlhodoxum
2572 813 2828 868 Ecclesia:
2869 815 3152 884 prxsulem
3203 818 3276 883 ii,
3326 821 3419 889 qui
3457 838 3484 874 a
3521 821 3626 876 Deo

2051 900 2340 956 abalienati
2372 910 2526 956 erant
2551 941 2566 966 ,
2587 904 2944 960 anathemate
2977 918 3389 976 purcttsserunt,
3413 921 3466 964 ct.
3499 912 3623 982 ligni

2049 989 2312 1044 cultorem
2368 989 2800 1060 appellaverunt.
2851 990 2896 1047 0
2955 993 3160 1050 inimici
3209 997 3540 1053 caecitatem!
3595 1018 3627 1052 ο

2053 1079 2472 1148 blasphemiam!
2508 1095 2540 1135 ο
2571 1072 2980 1148 perversitatem
3008 1086 3023 1140 ί
3054 1085 3152 1152 Qui
3189 1095 3332 1142 tuatn
3359 1089 3622 1146 inﬁnitam

2051 1168 2412 1235 clementiam,
2427 1171 2498 1224 mi
2521 1170 2755 1237 Christe,
2771 1173 3100 1244 intelligam?
3122 1175 3314 1245 Porro,
3338 1192 3620 1250 pOStquam

2004 1280 2008 1284 '
2049 1261 2355 1332 complures
2385 1263 2747 1334 blaspltemias
2782 1269 3148 1324 evomuissent
3169 1311 3184 1338 ,
3215 1281 3380 1342 atque
3411 1275 3460 1327 in
3495 1290 3622 1328 san-

2049 1362 2167 1406 ctos
2192 1361 2244 1408 et
2268 1353 2640 1410 intemeratum
2667 1356 2949 1428 Deiparam
2975 1361 3244 1416 hostiliter
3273 1367 3622 1433 prodiissent,

2048 1444 2204 1512 quasi
2246 1455 2367 1514 post
2411 1458 2638 1502 mortem
2689 1449 2803 1518 ipsa
2837 1464 2994 1519 Opem
3045 1451 3188 1507 ferre
3237 1469 3342 1509 non
3388 1456 3619 1511 τοῖοι-εις

2047 1544 2357 1604 postremo,
2391 1537 2500 1592 imo
2539 1543 2681 1609 quod
2711 1541 2942 1610 primum
2967 1551 3023 1596 et
3050 1545 3300 1599 omnibus
3331 1547 3480 1616 pejus
3515 1559 3618 1614 est,

2049 1625 2242 1682 nefarii
2271 1628 2346 1682 illi
2367 1636 2422 1682 et
2446 1631 2674 1697 profani,
2708 1631 2855 1700 impii
2883 1630 3193 1703 Babylonici
3222 1637 3392 1690 vinem
3421 1640 3619 1694 Christi

378 1698 581 1790 χεῖρον,
610 1698 660 1773 oi.
682 1709 881 1792 μιαροὶ
911 1721 1110 1784 ἐκεῖνοι
1153 1721 1249 1776 καὶ
1279 1698 1515 1794 ἀνέεροι,
1547 1724 1598 1776 οἰ
1622 1722 1736 1776 ’τὸν
1768 1724 1948 1794 ἀμπει

2051 1727 2433 1792 corruptores,
2457 1716 2526 1772 de
2556 1720 2754 1788 quibus
2784 1698 3046 1790 scriptum
3092 1733 3175 1779 est
3215 1741 3230 1778 :
3277 1725 3507 1796 Egreua
3541 1738 3620 1782 est

377 1811 523 1866 λῶνα
574 1811 814 1883 Χριστοῦ
872 1811 1287 1884 διαφθείραντες
1335 1813 1527 1884 ἄνομοι
1575 1813 1942 1880 Βαϐυλώνιοι,

376 1903 510 1975 περὶ
551 1895 627 1955 ὧν
669 1901 1017 1974 γέγραπται·
1075 1901 1372 1974 Ἐξῆλθεν
1404 1906 1624 1974 ἀνομία
1655 1905 1715 1972 ἐξ
1751 1907 1947 1978 ἱερέων

375 1990 757 2060 Βαϐυλῶνος,
789 1994 885 2047 καὶ
915 1993 1200 2064 Romam;
1224 1995 1443 2050 πολλοὶ
1473 1995 1814 2066 διέφθειραν
1842 1997 1948 2052 τὸν

375 2083 700 2155 ἀμπελῶνα
724 2101 868 2155 μου,
902 2085 1000 2139 καί
1031 2083 1283 2155 ἐμίαναν
1321 2085 1440 2156 τὴν
1480 2087 1692 2156 μερίδα
1726 2105 1868 2158 μου·
1897 2091 1946 2142 οἰ

377 2177 504 2240 τοὺς
533 2175 726 2242 ἄξονας
757 2175 854 2229 τοῦ
896 2175 1030 2229 ἰδίου
1059 2179 1332 2249 γεωργίου
1381 2179 1768 2250 παροιμιακῶς
1803 2180 1943 2234 πλα-

376 2267 656 2336 νηθέντες,
692 2267 786 2322 κα)⁸
831 2267 1160 2332 συνάξαντες.
1179 2271 1298 2333 ταῖς
1331 2271 1860 2341 χερσ¹ιν,ἀκαρπίαν,
1895 2273 1945 2325 οἰ

377 2359 651 2430 ἀναμέσον
672 2359 830 2428 ἁγίου
860 2361 955 2414 καὶ
985 2359 1214 2432 βεϐήλου
1248 2360 1324 2432 μὴ
1359 2361 1780 2428 διαστείλαντες,
1811 2363 1948 2418 ἀλλὰ

377 2453 651 2523 ἀναμέσον
679 2450 775 2506 τοῦ
805 2453 1195 2526 θυσιαστηρίου
1228 2453 1320 2507 τὸν
1371 2454 1568 2526 θρῆνον
1608 2455 1706 2508 καὶ
1734 2455 1795 2508 τὸ
1823 2455 1947 2510 οὐαὶ

379 2546 890 2617 κατεργασάμενοι*
938 2539 1086 2600 οὗτοι
1131 2546 1260 2601 ἔνθα
1305 2549 1556 2620 ὑπῆρχον
1604 2547 1943 2620 ἐφεζόμενοι,

377 2620 713 2700 ἀναστάντες
753 2637 871 2708 ἅμα
917 2637 1084 2690 παντὶ
1110 2637 1187 2709 τῷ
1213 2638 1346 2710 λαῷ,
1377 2639 1476 2702 τὰς
1499 2639 1687 2711 χεῖράς
1718 2657 1775 2694 τε
1809 2640 1946 2710 προς

380 2726 514 2796 ὕψος
565 2727 794 2799 ἄραντες
848 2727 1117 2798 ἠλάλαξαν
1167 2729 1266 2800 τὴν
1311 2729 1549 2800 ἐλεεινὴν
1596 2729 1803 2800 φωνὴν,
1852 2728 1946 2782 καὶ

377 2814 552 2870 εἶπον·
607 2819 852 2887 Σήμερον
888 2821 1143 2890 σωτηρία
1171 2820 1245 2891 τῷ
1299 2821 1520 2892 κόσμῳ,
1547 2821 1630 2876 ὅτι
1665 2823 1752 2886 σὺ,
1791 2821 1946 2891 βασι-

379 2905 494 2970 λεῦ,
530 2906 822 2978 ἐλυτρώσω
889 2911 1036 2978 ἡμᾶς
1089 2911 1152 2964 ἐκ
1195 2911 1300 2964 τῶν
1343 2911 1594 2966 εἰδώλων.
1647 2913 1710 2965 Ὃ
1759 2915 1944 2983 φωνῆς

376 2995 641 3067 όδυνηρᾶς
663 3037 677 3057 ,
715 2997 834 3065 ἣτις
867 2997 1271 3068 ὲκὸομϐηθεῖσα
1301 3009 1351 3064 ιι,
1381 2999 1608 3070 οὐρανὸν
1635 3001 1945 3070 κατεζόφω-
1971 3019 2014 3081 C‘

378 3103 493 3146 σεν,
541 3088 633 3139 καὶ
676 3087 779 3156 γῆν
827 3089 1155 3150 συνέσεισεν,
1198 3088 1392 3158 αἰθέρα
1441 3106 1499 3142 τε
1555 3090 1798 3158 ἐμίανεν,
1851 3092 1946 3145 καὶ

378 3177 589 3234 πάντας
651 3179 777 3240 τοὺς
830 3178 1000 3246 αὐτὴν
1057 3179 1398 3249 κεκραγότας
1447 3179 1581 3232 Θεοῦ
1633 3181 1946 3252 ἀλλοτρίους

377 3267 634 3335 ἐποίησεν
665 3267 678 3319 l
715 3257 810 3321 κοιλ
839 3267 948 3338 γὰρ
981 3269 1039 3320 εἰ-
1073 3270 1102 3320 ὁ
1141 3267 1241 3339 τῆς
1279 3269 1536 3332 ἀσεϐείας
1567 3271 1888 3342 πρώταρχος
1919 3279 1944 3311 ³

375 3353 530 3420 οὗτος
561 3358 735 3422 αἴτιος
761 3360 860 3428 τῆς
905 3358 1012 3411 τῶν
1052 3357 1288 3412 εἰδώλων
1321 3359 1699 3432 καθαιρέσεως
1720 3399 1734 3426 ,
1770 3363 1946 3432 μάτην

375 3448 486 3517 ἄρα
515 3447 548 3516 ἡ
581 3445 676 3499 τοῦ
708 3445 950 3515 Χριστοῦ
971 3447 1387 3518 ὲνανθρώπησις
1413 3449 1658 3516 γέγονεν,
1691 3451 1784 3503 καὶ
1814 3452 1945 3520 κενὴ

375 3541 412 3610 η
443 3540 551 3594 τῶν
579 3540 893 3598 ἀποστόλων
915 3539 1255 3595 διδασκαλία.
1276 3541 1387 3594 Kal.
1408 3541 1478 3606 εἰ,
1506 3540 1581 3605 ὡς
1601 3542 1756 3612 ὑμεῖς
1787 3559 1944 3612 φατε,

375 3631 538 3695 αὐτός
569 3633 717 3685 ἐστιν
743 3631 1021 3702 λυτρωτὴς
1049 3632 1150 3701 τῆς
1189 3631 1710 3704 κτισματολατρείας
1733 3633 1824 3686 καὶ
1849 3633 1947 3702 τῆς

374 3717 485 3770 τῶν
519 3719 756 3772 εἰδώλων
801 3721 1047 3790 κατάρας
1071 3759 1088 3786 ,
1130 3722 1158 3773 ὁ
1192 3720 1288 3774 καὶ
1319 3721 1452 3791 παρ’
1481 3721 1609 3792 ὑμῖν
1637 3723 1946 3790 τρισκαιδέ-

377 3826 542 3873 κατος
604 3811 897 3874 ἀπόστολος
925 3810 1362 3882 ὀνομαζόμενος,
1390 3813 1485 3866 καί¹
1523 3813 1645 3884 οὐχὶ
1689 3812 1944 3884 Χριστὸς,

377 3901 520 3954 κατὰ
565 3901 664 3972 τὴν
709 3901 803 3955 τοῦ
831 3903 1166 3974 θεοκήρυκος.
1205 3902 1420 3956 Παύλου
1453 3906 1636 3974 φωνήν
1658 3920 1674 3936 ο
1703 3905 1836 3976 μηδὲ
1867 3908 1948 3969 εἰς

377 3993 420 4044 Τ
424 3993 584 4062 ριάδα
619 3992 972 4063 βαπτίζεσθε,
1003 3993 1118 4048 ἀλλ’
1153 3993 1260 4064 (ἶν’
1292 3994 1432 4048 εἴπω
1469 4011 1523 4048 τι
1573 3995 1666 4048 καὶ
1719 3996 1946 4064 γελοίως

378 4085 514 4156 πρὸς
558 4085 658 4154 τὴν
703 4084 858 4154 ὑμῶν
893 4085 1100 4156 αὐθάδη
1150 4084 1494 4157 ἀφροσύνην)
1517 4087 1599 4150 εἰς
1645 4088 1942 4154 Παστιλᾶν,

375 4174 722 4246 Τρικάκασον
751 4177 844 4230 καὶ
877 4176 1132 4230 Κάὁαλον
1157 4179 1282 4242 τοὺς
1311 4177 1478 4231 αὐτοῦ
1505 4177 1822 4248 καθηγητὰς
1850 4179 1947 4232 καὶ

377 4263 556 4332 ὑμῶν,
611 4257 794 4334 ὦνπερ
841 4263 1012 4335 τριῶν
1059 4265 1093 4336 ή
1144 4263 1465 4336 ὑπέρφωτος
1518 4264 1614 4318 καὶ
1673 4265 1944 4336 σεϐασμία

2047 1806 2297 1878 iniquitas
2334 1824 2362 1862 a
2416 1811 2788 1867 sacerdotibus
2839 1812 3130 1884 Babylonis
3173 1815 3248 1882 “;
3290 1827 3341 1871 et
3384 1830 3620 1886 pastores

2049 1898 2202 1952 multi
2229 1899 2461 1953 demoliti
2493 1905 2866 1958 stmt‘uiueam
2901 1922 3072 1959 meam
3101 1914 3150 1960 et
3179 1909 3618 1962 conculcarerunt

2045 2004 2244 2059 partem
2271 2008 2444 2047 meum
2467 1993 2512 2033 ⁸⁵
2545 2011 2559 2049 :
2592 1996 2682 2065 qui
2717 2008 2870 2052 extra
2919 2013 3051 2053 axes
3085 1999 3287 2070 proprii
3320 1999 3434 2070 agri
3465 2017 3616 2056 erra.

2049 2097 2202 2147 vere,
2239 2092 2296 2136 ut
2326 2086 2611 2153 proverbio
2642 2085 2837 2152 fertur,
2885 2098 2939 2143 et
2989 2091 3238 2144 manibus
3275 2091 3616 2146 sterilitatem

2048 2171 2351 2242 collegere:
2387 2174 2476 2242 qui
2523 2177 2664 2230 inter
2694 2187 2941 2230 sattctum
2977 2187 3030 2232 et
3069 2179 3353 2247 profanum
3403 2196 3507 2235 non
3539 2182 3620 2234 di-

2049 2263 2252 2329 visere,
2284 2265 2378 2318 sed
2409 2265 2547 2318 intra
2577 2267 2752 2320 altare
2795 2267 2994 2323 luctum
3041 2279 3096 2324 et
3140 2286 3221 2325 vae
3251 2274 3554 2341 produxere
3598 2315 3613 2329 .

2050 2355 2122 2416 hi,
2157 2353 2396 2422 inquam,
2428 2368 2460 2408 ο
2509 2355 2625 2410 lbco
2659 2357 2748 2412 ubi
2779 2358 3057 2435 sedebant,
3083 2359 3242 2415 simul
3267 2375 3388 2415 cum
3424 2363 3617 2430 populo

2048 2455 2356 2516 surgentes,
2408 2447 2654 2502 inanibus
2685 2449 2738 2502 in
2789 2450 2989 2504 cmlutn
3021 2452 3218 2507 erectis
3250 2453 3614 2508 miserabilmn

2046 2534 2194 2589 illam
2220 2550 2400 2591 vocem
2425 2537 2710 2593 ediderunt
2737 2553 2752 2591 :
2786 2556 2806 2590 ι
2842 2539 3184 2600 Ilodiesalus
3211 2545 3410 2612 mundo
3431 2588 3446 2612 ,
3487 2545 3612 2614 quia

2049 2638 2101 2680 tu
2124 2665 2138 2692 ,
2170 2627 2483 2696 Imperator,
2527 2643 2624 2683 nos
2651 2644 2715 2683 ex
2756 2629 2911 2685 idolis
2943 2633 3237 2688 redemisti.
3272 2653 3290 2686 ι
3331 2633 3376 2689 Ο
3408 2636 3614 2690 luctuu-

2045 2732 2161 2772 sam
2189 2731 2372 2770 vocent
2402 2733 2520 2785 qua:
2545 2757 2558 2780 ,
2590 2727 2646 2770 ut
2695 2718 2900 2786 prolata
2926 2717 3092 2792 456
3124 2733 3204 2777 est
3232 2762 3246 2788 ,
3289 2725 3486 2779 coelum
3517 2723 3614 2780 oh-

2045 2808 2304 2874 scuravit,
2339 2817 2534 2861 terram
2566 2811 2858 2874 concussit,
2891 2827 3069 2866 aerem
3102 2814 3312 2882 polluit,
3343 2825 3396 2870 et
3425 2831 3615 2872 omnes

2046 2897 2136 2967 qui
2175 2897 2318 2952 illam
2361 2898 2675 2962 emiserunt,
2727 2899 2820 2954 Dei
2865 2901 3071 2958 alienos
3115 2903 3285 2959 fecit?
3326 2907 3616 2963 Enimvero

2047 2989 2092 3042 si
2140 2988 2228 3044 ille
2280 2991 2569 3058 impietatis
2615 2992 2910 3062 princeps,
2968 2993 3109 3063 idem
3152 2998 3266 3066 ipse
3313 3001 3615 3054 eversionis

2049 3081 2314 3136 idolorum
2356 3089 2546 3136 auctor
2585 3092 2669 3138 est
2693 3124 2710 3150 ,
2759 3099 2889 3158 ergo
2927 3081 3151 3142 l‘rustra'
3178 3090 3425 3145 Christus
3456 3094 3617 3146 homo

2048 3173 2221 3227 fat-tus
2245 3181 2330 3228 est
2355 3190 2533 3244 ,_ergo
2560 3191 2698 3230 vana
2727 3185 2810 3231 est
2840 3179 3204 3249 apostolorum
3233 3179 3497 3236 doctrina.
3533 3184 3611 3249 Si,

2048 3273 2108 3318 ut
2135 3280 2230 3320 vos
2246 3268 2524 3333 'asseritis,
2579 3267 2664 3321 ille
2693 3279 2776 3323 est
2823 3270 3152 3341 redemptor,
3183 3273 3274 3343 qui
3303 3289 3397 3330 vos
3431 3291 3613 3331 rerum

2047 3365 2352 3410 creatarttm
2397 3357 2540 3409 cultu
2575 3365 2630 3409 et
2673 3357 2934 3412 idolorum
2964 3363 3340 3418 exsecratione
3369 3365 3616 3420 liberavit

2050 3454 2249 3517 (quem
2298 3447 2459 3500 etiam
2493 3447 2759 3501 decimum
2807 3449 3024 3503 tertium
3069 3451 3368 3519 apostolum
3413 3457 3618 3509 vocita-

2051 3538 2187 3607 tis),
2216 3552 2320 3590 non
2358 3550 2484 3591 vero
2512 3536 2762 3593 Christus
2789 3539 2940 3606 juxta
2974 3540 3138 3595 divini
3179 3544 3440 3607 prrcconis
3464 3542 3615 3598 Pauli

2049 3643 2268 3695 vacem;
2299 3643 2472 3698 neque
2494 3628 2657 3698 igitur
2683 3629 2742 3704 ιιι
2767 3629 3085 3686 Trinitatem
3114 3633 3486 3702 baptizemini,
3521 3637 3616 3690 sed

2047 3721 2142 3789 (ut
2171 3719 2373 3788 aliquid
2421 3719 2703 3774 ridiculum
2735 3727 2928 3775 vestra:
2963 3725 3238 3793 arroganti
3294 3725 3617 3794 insipientia:

2047 3810 2274 3882 loquar)
2303 3810 2355 3864 in
2391 3807 2666 3874 Pastilatn,
2707 3809 3062 3866 Tricacabuttt
3094 3822 3146 3866 et
3171 3813 3429 3867 Gabalum
3475 3815 3618 3870 illius

2048 3912 2100 3956 et
2137 3912 2372 3956 vesmttn
2422 3900 2749 3970 magistros,
2779 3917 3006 3969 quorum
3049 3903 3208 3956 trium
3251 3907 3614 3973 memoriam,

2046 3994 2237 4060 dogma
2265 4001 2317 4046 et
2361 3979 2578 4046 nomina
2607 4001 2659 4045 et
2699 4006 2796 4045 sua
2831 3989 3068 4046 Ecclesia
3104 3993 3301 4048 delevit
3333 3995 3612 4064 fulgentis-

2045 4082 2180 4137 sima
2215 4090 2270 4136 et
2293 4081 2674 4152 augustissima
2697 4079 2956 4136 Trinitas.
2987 4080 3188 4136 Verum
3224 4085 3308 4138 his
3339 4085 3617 4139 ἰιιυιιίὠιιε

2047 4173 2390 4226 sermonibus
2421 4171 2660 4225 dimissis
2681 4210 2694 4235 ,
2728 4179 3024 4240 opportune
3037 4173 3150 4238 jam
3182 4189 3530 4243 erumpamus
3561 4187 3616 4229 et

2047 4264 2476 4336 progrediamur.
2515 4262 2823 4319 Redeamus
2864 4264 3031 4333 igitur
3067 4266 3133 4318 ad
3165 4267 3523 4336 propositum,
3560 4276 3616 4323 et

375 4355 568 4425 Τριάς,
600 4355 694 4407 καὶ
709 4355 807 4426 τὴν
843 4355 1064 4426 μνήμην
1087 4355 1260 4410 καὶτὸ
1286 4355 1464 4425 δόγμα
1493 4355 1585 4408 καὶ
1611 4354 1682 4408 τὰ
1704 4354 1946 4426 ὀνόματα

2049 4358 2113 4411 de
2144 4355 2458 4410 beatissimo
2490 4354 2762 4425 Stephano
2794 4355 3095 4424 loquamur.

375 4446 698 4518 ὲξηφάνισεν
729 4457 752 4486 ι
785 4447 885 4518 τῆς
915 4447 1083 4518 αὐτῆς
1135 4445 1480 4518 Ἐκκλησίας.
1532 4447 1747 4510 Ταύτας
1795 4446 1851 4500 δὲ
1901 4447 2002 4510 τὰς
2039 4447 2349 4517 φληναφίας
2381 4447 2611 4518 ἀφέντες
2635 4486 2650 4512 ,
2681 4445 2874 4518 καιροῦ
2908 4447 3122 4512 δέοντος
3146 4489 3161 4511 ,
3187 4449 3559 4536 ὲφρρμώμεθα
3594 4453 3610 4490 ⁸

375 4540 478 4612 ήδη
506 4539 600 4592 καὶ
639 4537 991 4609 βαδιούμεθα,
1022 4539 1118 4592 καὶ
1149 4537 1287 4610 πρὸς
1322 4537 1386 4592 τὸ
1415 4538 1776 4610 προκείμενον
1807 4539 2140 4603 ἑπανιέντες,
2159 4539 2250 4592 τὸν
2277 4538 2739 4610 παμμακάριστον
2761 4537 3030 4606 Στέφανον
3055 4539 3472 4613 καταλάϐωμεν.

445 4631 664 4686 Τούτων
691 4631 746 4684 δὲ
771 4629 944 4694 οὕτως
975 4630 1416 4699 ἐκτελεσθέντων,
1435 4632 1530 4685 καὶ
1555 4632 1733 4702 πάσης
1759 4632 1940 4703 χειρὸς

374 4727 468 4780 καί
508 4723 775 4793 στόματος
804 4723 1201 4793 ὑπογραψάσης
1240 4721 1335 4776 καὶ
1368 4723 1802 4793 ὁμολογήσαντος
1828 4761 1844 4788 ,
1869 4724 1938 4777 τὰ

373 4815 517 4872 κατὰ
551 4813 643 4866 τὺν
674 4813 830 4881 ἅγιον
850 4812 1038 4866 τοῦτον
1066 4813 1284 4884 Πατέρα
1311 4813 1345 4884 ἡ
1355 4811 1470 4882 μῶν
1497 4812 1768 4881 Στέφανον
1791 4813 1820 4865 ὁ
1844 4809 1937 4863 τύ-

377 4923 567 4976 ραννος
624 4905 844 4977 μαθὼν,
890 4903 1406 4976 προσκαλεσάμενος
1457 4903 1552 4956 ἕνα
1605 4903 1714 4957 τῶν
1772 4902 1939 4956 αὐτοῦ

374 4996 670 5069 περιδόξων
718 4995 1055 5066 μεγιστάνων
1085 4993 1434 5064 λογιώτατον,
1483 4995 1576 5047 καὶ
1604 4995 1740 5066 πρὸς
1769 4994 1830 5047 τὸ
1854 4993 1941 5046 λέ-

375 5103 492 5154 γειν
517 5088 612 5140 καὶ
641 5084 860 5140 ἀκούειν
897 5085 1202 5156 ἐπιτήδειον
1223 5127 1239 5152 ,
1281 5085 1580 5140 Κάλλιστον
1608 5095 1634 5122 υ
1673 5085 1935 5157 τοῦνομα,

374 5174 467 5229 καὶ
509 5175 576 5244 τῇ
606 5173 703 5226 τοῦ
752 5171 1044 5246 πατρικίου
1086 5171 1214 5244 ἀξίᾳ
1260 5175 1661 5246 τετιμημένον,
1707 5177 1770 5229 οὐ
1828 5176 1936 5248 μὴν

449 5332 494 5364 ⁸³
528 5331 630 5388 Job
681 5347 754 5400 tv,
783 5331 872 5386 14.
948 5332 994 5364 ⁸⁸
1033 5329 1168 5388 Dan.
1200 5347 1320 5398 xm,
1363 5333 1416 5388 5.
1493 5332 1534 5363 “
1566 5332 1765 5388 Jercm.
1797 5351 1894 5399 λιι,
1930 5334 2016 5388 ιο.

2116 4631 2406 4700 Postquam
2457 4631 2570 4686 haec
2626 4631 2698 4684 ita
2747 4640 2866 4684 acta
2911 4640 3070 4698 sunt,
3121 4635 3410 4704 cunctique
3455 4651 3614 4688 manu

2045 4722 2484 4792 subscripserunt
2518 4729 2572 4775 et
2598 4736 2693 4776 ore
2740 4719 2974 4776 confessi
3023 4729 3168 4786 sunt,
3227 4733 3511 4794 tyrannus,
3546 4731 3611 4777 ad

2047 4829 2206 4883 quem
2247 4814 2420 4869 sancti
2453 4813 2630 4868 Patris
2679 4813 2846 4866 nostri
2883 4812 3025 4867 fama
3069 4824 3411 4883 pervenerat,
3449 4831 3612 4869 unum

2048 4921 2078 4960 e
2105 4906 2389 4974 praecipuis
2417 4907 2530 4959 suis
2562 4905 2896 4974 proceribus,
2931 4905 3095 4978 457
3121 4907 3291 4961 virum
3321 4908 3614 4964 disertissi-

2047 5011 2196 5050 mum
2243 5003 2404 5064 atque
2451 4995 2516 5048 ad
2567 4995 2850 5050 dicendum
2878 5007 2931 5052 et
2960 4998 3282 5052 audiendum
3313 4999 3603 5066 'idoncutu.

2044 5086 2322 5145 Callistum
2355 5085 2592 5149 nomine,
2627 5089 2840 5156 patricii
2871 5090 3131 5159 dignitate
3161 5101 3436 5157 ornatum,
3463 5107 3610 5146 eam.

2045 5178 2274 5245 denique
2325 5178 2576 5231 haeresim
2618 5181 2859 5248 apprime
2897 5183 3144 5236 edoctum
3177 5184 3482 5249 accersivit,
3523 5182 3611 5239 cui

1630 5467 1866 5524 VARl/E
1905 5467 2308 5524 LECTIONES.

448 5581 571 5653 val.
602 5581 930 5651 ὲπισκότοις.
1005 5590 1034 5631 ιι
1059 5580 1130 5636 al.
1169 5581 1566 5652 έκφωνηθεῖσα.
1650 5591 1670 5618 τ
1701 5583 1771 5636 al.
1809 5581 2113 5653 πρόμαχος.

380 5651 669 5704 Κὰλιστον.

2193 5591 2213 5616 ³
2247 5583 2316 5636 al.
2349 5582 2744 5654 ἐξαφανίσειεν.
2829 5587 2847 5622 ⁸
2883 5586 2952 5640 al.
2985 5587 3397 5658 ὲφορμούμεθα.
3477 5599 3504 5628 ιι
3535 5591 3606 5647 al.
