3972 6220
372 199 508 266 1123

1568 195 1944 255 STEPHANI
1985 193 2296 255 DIACONI
2335 194 2444 256 CP.

3495 194 3680 258 11Ξὶ

375 315 491 368 haec
539 310 793 366 mandata
850 309 1036 364 dedit:
1068 307 1195 364 Pete
1241 305 1492 360 Auxentii
1523 305 1739 368 collem,
1768 306 1943 375 ibique

2046 305 2183 359 ἀλλὰ
2216 305 2318 358 καὶ
2337 305 2440 376 τὴν
2473 303 2642 359 αὐτοῦ
2688 305 2904 378 αἰρεσιν
2931 307 3014 370 είς
3045 307 3216 378 ἄκρον
3243 312 3682 384 πεπαιδευμέ-

375 401 713 457 dciitescenti
761 399 1035 472 Stephano
1075 413 1144 454 ex
1185 397 1538 452 nefandorum
1571 405 1790 452 caterva
1822 411 1947 466 per-

376 494 545 551 suade
570 503 624 545 nt
650 491 856 564 synodo
882 489 1212 546 subscribat.
1239 487 1556 557 Huiusmodi
1581 503 1740 556 porro
1771 489 1948 545 verbis

377 587 597 642 uteris:
630 584 708 638 Pii
754 591 809 638 et
840 581 1127 638 orthodoxi
1176 583 1348 636 nostri
1405 580 1758 649 impaatores
1808 581 1948 636 Con-

376 677 646 732 stantinus
674 683 731 728 et
772 673 900 737 Leo,
947 686 1162 727 summa
1209 687 1337 742 erga
1372 680 1424 726 te
1455 671 1826 726 benevolentia
1879 672 1949 726 ob

375 779 522 820 tuam
547 766 802 836 pietatem
856 763 1057 828 aﬂecti,
1093 763 1190 818 tibi
1233 763 1507 833 imperant
1543 771 1600 816 ut
1633 762 1948 816 orthodoxa:

374 865 618 912 nostrum
675 855 868 928 synodi
938 855 1241 911 deﬁnitioni
1315 853 1646 912 subscribas.
1734 853 1948 908 Palmas

373 948 537 1002 etiam
576 958 632 1004 et
679 948 890 1006 caricas
939 947 1109 1002 aliave
1148 948 1195 1003 ei
1247 946 1446 1002 offeres
1495 961 1617 1018 qua:
1665 947 1717 1000 in
1766 947 1945 1000 cibum

259 1056 272 1066 '
375 1049 570 1095 asceta
615 1053 738 1096 esse
809 1037 1008 1094 solent.
1057 1037 1259 1108 Nempe
1315 1037 1417 1107 ipsi
1497 1037 1664 1094 etiam
1718 1045 1947 1107 tyranno

375 1137 561 1183 notum
600 1137 719 1184 erat
747 1125 866 1198 ejus
906 1128 1159 1184 strictum
1191 1137 1245 1182 et
1271 1127 1364 1183 Dei
1394 1126 1702 1198 proximum
1735 1127 1944 1181 vivendi

374 1230 564 1287 genus.
597 1216 786 1286 Itaque
811 1215 900 1272 ille
935 1215 1221 1272 confestim
1251 1217 1303 1270 in
1331 1223 1567 1270 montem
1601 1229 1662 1269 se
1685 1215 1943 1280 contulit;

373 1321 603 1376 cumque
659 1307 812 1364 collis
880 1309 1138 1362 verticem
1194 1307 1498 1378 attigisset,
1552 1315 1739 1362 sancto
1797 1305 1944 1358 Patri

374 1400 686 1453 mandatum
735 1399 1078 1469 imperatoris
1108 1412 1204 1454 ore
1236 1398 1378 1463 tulit,
1409 1412 1642 1467 eumque
1678 1397 1945 1467 pessimus

371 1489 712 1551 hortabatur,
743 1498 801 1542 ut
829 1489 1216 1557 imperatorum
1247 1487 1550 1543 detinitioni
1576 1488 1944 1542 subscriberet

2048 413 2160 460 νον,
2189 395 2508 450 ἀποστέλλει
2565 396 2730 451 αὐτὸν
2781 397 2994 462 είποῖιν·
3046 399 3150 453 Τὸν
3187 401 3282 454 τοῦ
3327 402 3679 471 Δὺξεντιου

2049 484 2236 556 βουνὸν
2269 485 2618 552 καταλαϐὼν,
2645 486 2737 540 τὸν
2775 489 2955 564 ἐκεῖσε
2987 489 3379 558 ὲμφωλεύοντα
3409 497 3682 562 Στέφαο

2047 594 2138 630 νον
2169 576 2430 649 τοῦνομα,
2477 579 2574 634 καὶ
2608 577 2807 634 τοῦτον
2835 581 3262 650 άμνημονεύτων
3288 585 3463 654 ἑσμοῦ
3493 587 3676 656 ὁμόε

2051 683 2260 736 σχημαν
2289 705 2307 732 ,
2355 665 2544 722 τοῦτον
2574 667 2890 739 ὑπογράψαι
2941 671 3001 722 ἐν
3047 673 3114 740 τῇ
3165 671 3372 741 συνόδῳ
3409 677 3670 742 πεῖσον,

2047 756 2218 810 εἰπών
2241 773 2257 786 ’
2309 757 2390 828 Τῇ
2442 757 2580 829 πρὸς
2611 758 2672 811 σὲ
2706 760 2862 829 φιλίᾳ
2903 759 2992 816 διὰ
3023 761 3084 814 τὸ
3113 763 3339 828 εὐσεϐές
3387 783 3490 820 σου
3541 785 3626 821 το

2048 848 2166 919 βίου
2196 848 2512 918 κινούμενοι
2544 850 2594 902 οἰ
2625 849 2874 912 εὐσεϐεῖς
2906 852 3002 906 καί
3029 851 3302 922 ὀρθόδοξοι
3343 857 3512 925 ἡμῶν
3541 859 3637 926 βα»

2049 939 2216 1004 σιλείς
2243 942 2652 1006 Κωνστσντῖνος
2675 943 2772 996 καὶ
2797 943 2949 998 Λέων
2982 944 3267 1000 κελεύουσι
3302 948 3664 1018 ὑπογράψαι

2049 1049 2110 1086 σε
2140 1034 2278 1104 πρὸς
2307 1033 2398 1086 τὸν
2426 1033 2530 1102 τῆς
2557 1034 2840 1103 ὀρθοδόξου
2872 1034 3032 1105 ἡμῶν
3055 1037 3278 1092 συνόδου
3311 1041 3476 1111 ὅρον·
3505 1042 3659 1104 δοὺς

2047 1125 2199 1195 αὐτῷ
2219 1126 2470 1195 φοίνικας
2503 1127 2602 1182 καὶ
2635 1127 2882 1197 ίσχάδας,
2919 1130 3014 1183 καὶ
3047 1131 3186 1186 ἄλλα
3214 1133 3338 1186 τινὰ
3366 1134 3518 1206 άπερ
3555 1139 3658 1189 εὶ-

2049 1218 2132 1270 σὶν
2166 1217 2452 1287 ἐπιτήδεια
2483 1220 2566 1282 εἰς
2609 1219 2819 1290 τροφὴν
2862 1221 3128 1291 (inmori.
3187 1225 3342 1294 ’ῌδει
3383 1228 3497 1298 γάρ
3539 1232 3656 1280 καὶ

2046 1301 2209 1372 αὐτὸς
2236 1311 2265 1362 ὁ
2297 1309 2560 1380 τύραννος
2590 1310 2692 1380 τὴν
2721 1312 2967 1382 ἐγκρατῆ
2998 1315 3095 1366 καὶ
3135 1313 3258 1385 Θεῷ
3283 1317 3654 1385 ἐγγίζουσαν

2044 1399 2136 1454 τοῦ
2163 1401 2311 1454 ὁσίου
2337 1401 2639 1473 διαγωγήν.
2686 1403 2744 1457 ’0
2769 1403 2826 1456 δὲ
2855 1405 3100 1475 παρευθὺ
3133 1407 3194 1460 τὸ
3224 1408 3352 1478 ὅρος
3382 1413 3652 1466 καταλα-

2046 1489 2181 1555 ϐὼν,
2211 1491 2307 1546 καὶ
2334 1492 2474 1563 πρὸς
2493 1493 2594 1564 τὴν
2641 1494 2890 1565 κορυφὴν
2921 1496 3016 1550 τοῦ
3054 1497 3249 1568 βουνοῦ
3273 1503 3642 1571 προσταοεὶς,

369 1589 422 1634 et
455 1580 836 1634 assentiretur.
880 1579 950 1633 At
993 1578 1335 1632 venerandus
1384 1576 1712 1660 Stephanus,
1769 1576 1940 1647 priori

2047 1579 2127 1652 τῷ
2160 1582 2302 1652 ἁγίῳ
2333 1585 2510 1654 Πατρὶ
2531 1624 2546 1648 ,
2578 1585 2641 1637 τὸ
2673 1584 2762 1639 διὰ
2793 1584 3055 1656 γλώσσης
3083 1595 3467 1660 γραμματεῖον
3503 1595 3644 1647 ἑκό-

373 1686 477 1724 non
508 1669 758 1731 inferior,
791 1677 1049 1738 tanquam
1081 1683 1111 1722 a
1138 1667 1347 1722 dextris
1389 1643 1504 1722 suis
1523 1656 1697 1722 'Deum
1730 1643 1943 1736 semper

2055 1643 2235 1743 μισεν,
2268 1643 2656 1744 ουμὸουλεύων
2691 1678 2720 1730 ὁ
2765 1643 3148 1740 κάκιστος-καλ
3177 1643 3634 1752 ύπογράψαινκάὶ

371 1761 661 1830 providens
709 1759 780 1826 ⁸⁵,
827 1759 974 1814 nulla
1031 1759 1286 1814 haeretica
1339 1758 1648 1827 suspicione
1689 1760 1940 1828 agitatus,

371 1851 597 1918 patricio
665 1851 946 1920 respondit
1007 1851 1338 1915 :Attende,
1390 1851 1608 1906 domine
1695 1852 1938 1920 patricio.

371 1942 816 2012 Quanzbquidem
845 1941 1154 1996 bmreticam
1181 1942 1490 2012 opinionem
1515 1939 1684 2013 458
1707 1943 1946 1998 continet

370 2035 612 2088 definitio
635 2033 864 2102 hujusce
896 2031 1045 2088 falsae
1067 2031 1282 2103 synodi,
1307 2047 1408 2102 ego
1435 2032 1744 2102 Stephanus
1771 2049 1944 2101 neque

369 2125 677 2189 subscribe,
733 2138 910 2193 neque
955 2139 1201 2178 amarum
1245 2123 1402 2180 dulce
1452 2125 1684 2194 appello,
1716 2141 1782 2180 nc
1819 2141 1944 2194 pre-

370 2218 545 2284 pheta:
608 2231 686 2271 va:
751 2216 1021 2270 attraham
1070 2215 1138 2269 “.
1189 2215 1412 2285 Insuper
1462 2231 1562 2284 pro
1625 2227 1938 2272 sanctarum

373 2309 666 2377 irnaginum
716 2307 1039 2362 adoratione
1068 2316 1299 2362 mortem
1343 2308 1704 2362 libentissime
1732 2310 1942 2363 subitu-

370 2412 465 2450 rus
491 2413 634 2461 sum,
683 2397 995 2467 nullamque
1036 2398 1302 2452 rationem
1348 2397 1522 2454 habeo
1568 2399 1944 2456 ltaercsiarchze

373 2489 742 2557 imperatoris,
777 2488 868 2559 qui
902 2503 995 2544 eas
1041 2487 1205 2543 audet
1245 2488 1491 2557 rejicere.
1539 2508 1558 2542 ι
1596 2491 1797 2544 Deinde
1825 2481 1944 2560 pal-

375 2594 517 2632 mam
561 2594 754 2635 manus
793 2579 1094 2649 compactis
1125 2593 1224 2649 per
1257 2579 1504 2634 ordinem
1551 2579 1740 2651 digitis
1774 2595 1944 2636 esca-

373 2678 554 2724 vatam
583 2671 876 2756 ostenjlenS
902 2671 1042 2726 dixit
1078 2689 1092 2725 :
1125 2688 1146 2723 ι
1188 2671 1416 2727 Etiamsi
1453 2670 1722 2726 tantulum
1769 2671 1946 2728 vitalis

373 2762 654 2832 sanguinis
694 2763 826 2816 mihi
866 2771 1034 2829 esset,
1063 2775 1160 2832 pro
1191 2760 1392 2817 Christi
1425 2761 1664 2831 imagine
1696 2757 1944 2816 eﬂ'unda-

381 2866 486 2908 tur.
523 2853 686 2910 Refer
713 2865 896 2908 autem
931 2852 1082 2908 cibos
1110 2867 1246 2922 quos
1275 2851 1365 2908 ille
1395 2851 1567 2906 misit.
1605 2851 1736 2906 Nam
1774 2853 1945 2906 oleum

2044 1761 2325 1816 ἐπαινέσαι
2347 1762 2456 1817 τῶν
2479 1763 2744 1833 βασιλέων
2772 1764 2867 1817 τὸν
2892 1765 3038 1834 ὅρον.
3077 1764 3137 1820 ὀ
3165 1765 3224 1818 δὲ
3251 1769 3432 1838 τίμιος
3466 1767 3631 1834 οὗτος

2043 1853 2336 1924 Στέφανος,
2370 1855 2400 1908 ό
2434 1853 2531 1908 τοῦ
2573 1855 2844 1926 προτέρου
2877 1855 3198 1927 ἐφάμιλλος,
3229 1857 3308 1922 ὡς
3337 1861 3404 1911 ὲκ
3432 1861 3626 1927 δεξιῶν

2043 1923 2210 1998 αὑτοῦ
2227 1943 2314 1996 ἀεὶ
2341 1941 2436 1995 τὸν
2453 1941 2588 1996 Θεδν
2617 1923 3022 2014 προορώμενος,
3046 1943 3144 1997 καὶ
3164 1945 3240 2014 μὴ
3260 1923 3628 2017 σαλευόμενοξ

2045 2035 2102 2085 ὲν
2122 2032 2478 2104 οίᾳδηποτοῦν
2509 2034 2762 2104 αἰρετικῇ
2794 2033 3040 2105 ὑπονοίᾳ,
3062 2035 3204 2106 πρὸς
3225 2037 3322 2089 τὸν
3335 2038 3626 2108 πατρίκιον

2044 2122 2146 2194 ἔφη
2173 2139 2187 2153 ⁸
2227 2123 2958 2196 Πρόσσκεςκυριοπατρίκιος
2979 2134 3009 2168 '
3039 2141 3054 2156 '
3097 2126 3388 2196 αἱρετικῆς
3423 2127 3629 2198 ὕπωλῆ⁶

2043 2214 2187 2283 ψεως
2221 2215 2278 2267 ἐν
2306 2212 2383 2284 τῷ
2418 2214 2531 2284 ὅρῳ
2564 2214 2672 2282 τῆς
2705 2214 3134 2285 ψευδοσυλλόγου
3167 2217 3376 2288 ταύτης
3403 2220 3624 2276 συνόδου

2047 2302 2470 2376 προτεθειμένης
2496 2343 2512 2369 ,
2558 2303 2830 2374 Στέφανος
2859 2303 2983 2360 οὔτε
3017 2307 3320 2379 ὑπογράφω
3341 2351 3357 2374 ,
3389 2308 3516 2363 οὔτε
3567 2313 3627 2364 τὸ

2047 2397 2243 2465 πικρὸν
2290 2396 2465 2466 γλυκὺ
2509 2397 2803 2451 άποκαλῶ·
2838 2400 2927 2451 ἵνα
2981 2399 3058 2469 μὴ
3085 2399 3150 2453 τὸ
3189 2401 3287 2454 τοῦ
3336 2405 3625 2473 προφήτου

2044 2489 2168 2542 οὐαὶ⁸
2205 2488 2600 2558 ὲπισπάσωμαι
2624 2503 2638 2517 ·
2686 2488 2825 2558 πρὸς
2854 2487 2914 2541 δὲ
2943 2489 3036 2542 καὶ
3063 2488 3163 2559 τὴν
3212 2489 3326 2544 τῶν
3355 2491 3522 2563 ἱερῶν
3547 2496 3628 2544 εί-

2047 2581 2218 2634 κὸνων
2253 2579 2645 2651 προσκύνησιν,
2685 2579 2928 2654 εὐχερῶς
2979 2580 3162 2650 μέλλω
3217 2583 3616 2653 ἀποθνήσκειν,

2049 2671 2252 2742 μηδένα
2306 2670 2464 2739 λόγον
2515 2669 2842 2742 ποιούμενος
2877 2671 2974 2725 τοῦ
3011 2671 3218 2736 ταύτας
3265 2675 3620 2728 ἀπωθεῖσθαι

2046 2763 2353 2833 τολμῶντος
2421 2763 2774 2834 αἰρεσιάρχου
2849 2763 3136 2834 βασιλέως.
3207 2765 3316 2818 Καὶ
3371 2767 3472 2835 τὴν
3518 2784 3629 2819 πα-

2047 2853 2274 2924 λαιστὴν
2323 2853 2700 2919 ὑπολακκίσας
2745 2858 2813 2927 τῇ
2877 2854 2987 2908 τῶν
3032 2855 3313 2908 δακτύλων
3367 2857 3622 2930 όρόιναίᾳ

372 2945 665 3012 peccatoris
715 2960 820 2998 non
869 2943 1156 3013 impinguet
1209 2951 1365 3011 caput
1413 2958 1584 2998 meum
1625 2943 1703 3006 ⁸⁷,
1748 2957 1847 2998 nec
1878 2957 1942 2998 ex

2050 2944 2326 3016 συμπήξει
2359 2942 2532 3008 οὕτως
2559 2945 2856 3010 ἐδείκνυεν,
2913 2945 3122 3013 λέγων·
3179 2947 3243 2999 Εἰ
3269 2948 3528 3001 τοσοῦτον
3555 2950 3619 3000 τὸ

375 3037 511 3089 cibis
544 3034 784 3090 hteretici
817 3033 1093 3089 dulcescst
1138 3039 1326 3104 guttur
1390 3047 1590 3088 meum.
1627 3031 1724 3087 His
1787 3032 1945 3086 audi-

376 3125 466 3188 tis,
528 3121 816 3193 praefectus
857 3122 908 3175 in
958 3120 1222 3191 palatium
1279 3119 1627 3190 imperatoris
1699 3122 1946 3185 revertit,

375 3217 554 3286 eiquc,
593 3229 622 3268 a
652 3228 759 3286 quo
787 3214 988 3269 missus
1026 3210 1231 3278 fuerat,
1261 3213 1444 3268 omnia
1474 3210 1759 3266 manifesta
1795 3211 1944 3268 fecit.

376 3305 512 3362 Tum
566 3305 656 3361 ille
691 3307 772 3360 ira
805 3317 1034 3376 repente
1086 3305 1331 3375 rugiens,
1376 3315 1627 3374 tanquam
1675 3303 1796 3368 leo,
1835 3305 1949 3358 cla-

375 3414 526 3455 more
558 3413 664 3453 non
699 3398 954 3453 mediocri
983 3413 1048 3453 ex
1082 3397 1339 3452 iracunda
1379 3399 1558 3452 anima
1605 3397 1775 3461 edito,
1827 3398 1944 3451 sine

375 3504 523 3545 mora
553 3490 955 3558 arcbisatrapas
983 3488 1302 3560 validosque
1335 3489 1536 3544 milites
1557 3503 1678 3544 cum
1710 3490 1944 3558 patricio

373 3585 616 3649 Callisto,
655 3599 818 3655 quem
853 3585 1004 3654 prius
1035 3585 1283 3648 miserat,
1319 3594 1556 3639 montem
1589 3583 1739 3640 adire
1761 3581 1944 3650 jussit,

373 3687 430 3730 ct
473 3683 722 3731 sanctum
756 3675 950 3730 ecella
984 3674 1246 3730 ferociter
1294 3674 1566 3730 sublatum
1613 3673 1668 3728 in
1717 3673 1946 3728 inferius

374 3766 772 3822 monasterium
808 3765 1104 3830 custodire,
1153 3765 1328 3820 donec
1379 3765 1494 3836 ipse
1519 3763 1588 3819 de
1614 3764 1705 3820 illo
1745 3764 1948 3820 delibe-

375 3857 600 3911 raverit.
636 3855 823 3928 Itaque
859 3853 935 3912 illi
972 3857 1038 3912 ad
1073 3866 1313 3912 montem
1353 3854 1604 3926 profecti,
1639 3853 1728 3910 ubi
1765 3870 1949 3910 mona-

375 3951 602 4004 sterium
635 3949 884 4018 attigero,
921 3948 1242 4006 irruentium
1289 3945 1456 4019 459
1503 3947 1744 4004 ferarum
1775 3962 1944 4014 more,

375 4041 614 4098 calcibus
649 4041 834 4098 limina
871 4042 1183 4112 pulsabant.
1235 4038 1433 4097 Postea
1461 4040 1514 4094 in
1549 4049 1792 4094 sanctam
1823 4053 1947 4110 spe-

378 4133 593 4186 luncam
662 4130 996 4187 trueulenter
1057 4129 1324 4200 ingressi,
1381 4139 1631 4185 sanctum
1681 4126 1943 4194 efferunt,

373 4235 608 4292 eumque
661 4221 820 4292 quasi
865 4236 933 4277 ex
979 4220 1217 4276 thalamo
1276 4219 1459 4290 aliquo
1515 4217 1744 4290 spiritali
1799 4217 1958 4280 foras

2047 3037 2176 3106 περὶ
2215 3036 2314 3105 spe
2363 3034 2596 3101 ζωτικὸν
2643 3031 2820 3105 αἷμα·
2853 3035 3146 3106 ὲκχυθήτω
3203 3038 3344 3107 ὑπὲρ
3377 3039 3483 3108 τῆς
3527 3039 3620 3092 τοῦ

2047 3126 2284 3197 Χριστοῦ
2318 3127 2546 3190 εἰκόνος.
2586 3125 2669 3180 Τὰ
2689 3127 2747 3179 δὲ
2777 3127 2906 3196 παρ’
2933 3127 3100 3180 αὐτοῦ
3130 3129 3452 3198 πεμφθέντα
3485 3129 3625 3200 βρώ-

2051 3235 2196 3287 ματα
2223 3217 2555 3288 ἀπόστρεφε.
2591 3217 2840 3272 Ἐλάιον
2879 3217 2987 3289 γὰρ
3016 3217 3368 3288 (impetit/lor”;
3403 3221 3494 3289 μὴ
3535 3225 3621 3276 ,ιιι

2047 3307 2289 3362 πανάτω
2318 3307 2432 3376 τὴν
2470 3309 2750 3378 κεφαλήν
2779 3325 2901 3376 μου
2921 3349 2937 3375 ,
2971 3313 3065 3363 καὶ
3099 3313 3164 3362 ἐκ
3194 3297 3508 3382 βρωμάτων
3536 3315 3621 3378 αἱ-

2051 3397 2267 3466 ρετικοῦ
2325 3398 2400 3470 μὴ
2455 3398 2815 3469 γλυκανθήτω
2883 3401 2913 3452 ὁ
2978 3401 3198 3472 φάρυγξ
3259 3419 3384 3472 μου.
3438 3404 3622 3460 Ταῦτα

2047 3485 2288 3551 ἀκούσας
2315 3490 2343 3542 ὁ
2378 3489 2563 3560 ἄρχων
2589 3489 2798 3550 ἐκεῖνος
2823 3529 2838 3552 ,
2871 3489 3276 3562 παλινοστήσας
3295 3531 3310 3555 ,
3344 3493 3414 3546 τά
3465 3494 3620 3563 βασί-

2046 3578 2167 3632 λεια
2199 3579 2518 3644 κατέλαϐεν,
2546 3581 2640 3635 καὶ
2671 3579 2806 3649 δῆλα
2837 3580 3016 3637 πάντα
3044 3582 3121 3654 τῷ
3161 3583 3311 3654 αὺτῷ
3341 3584 3620 3656 πέμψαντι

2047 3671 2367 3740 πεποίηκεν.
2418 3670 2477 3724 Ὁ
2502 3669 2560 3723 δὲ
2589 3671 2836 3744 παρευθὺ
2867 3673 3072 3744 βρύξας
3103 3674 3182 3746 τῷ
3212 3667 3393 3746 Θιῖμῷ,
3429 3677 3620 3747 ὥσπερ

2047 3761 2202 3824 λέων,
2237 3761 2331 3815 καὶ
2376 3761 2506 3833 βοὴν
2549 3762 2612 3816 οὐ
2661 3763 2866 3834 μικρὰν
2908 3766 2974 3817 ὲκ
3022 3764 3123 3834 τῆς
3173 3767 3394 3837 ὀργίλου
3449 3769 3618 3822 abeo-3

2046 3851 2430 3921 άνακαχλάσας
2450 3851 2647 3922 ψυχῆς,
2673 3853 2919 3923 παρευθὺ
2940 3855 3261 3910 ἀποστέλλει
3285 3859 3618 3930 ὰρχισατρά·

2048 3959 2157 4006 πας
2190 3944 2286 3996 καὶ
2333 3942 2731 4015 ἁσπιδοφόρους
2767 3945 3118 4015 σφριγῶντας
3143 3986 3159 4013 ,
3195 3948 3316 4016 ἅμα
3355 3949 3436 4018 τῷ
3476 3965 3614 4020 προ-

2046 4034 2354 4106 πεμφθέντι
2417 4035 2692 4109 πατρικίῳ
2732 4037 3020 4109 Καλλίστῳ
3073 4040 3137 4092 τὸ
3177 4039 3309 4110 ὅρος
3363 4042 3611 4096 καταλαο

2048 4125 2189 4191 δεῖν,
2221 4127 2316 4182 καὶ
2347 4127 2440 4180 τὸν
2472 4127 2628 4196 ᾇγιον
2653 4127 2756 4197 τῆς
2783 4127 2982 4198 κέλλης
3011 4128 3246 4199 ὀργίλως
3283 4129 3607 4202 ἑξάραντας,

2046 4217 2106 4272 ὲν
2137 4216 2217 4286 τῷ
2241 4216 2392 4272 κάτω
2441 4216 2791 4288 μοναστηρίῳ
2826 4219 3218 4288 παραφυλάξαι
3273 4223 3616 4290 παρεκελεύ.

375 4313 619 4368 trahunt.
667 4311 877 4382 Quippe
924 4326 1048 4368 cum
1102 4326 1214 4382 pra:
1265 4326 1475 4368 summa
1529 4309 1853 4366 abstinentia
1885 4318 1942 4364 et

2046 4323 2197 4372 σατο,
2230 4305 2337 4370 ἕως
2364 4303 2432 4360 ἂν
2475 4304 2744 4379 σκέψηται
2782 4309 2914 4378 περὶ
2961 4307 3150 4362 αὑτοῦ.
3199 4311 3260 4362 οι
3304 4309 3362 4363 δὲ
3400 4312 3460 4365 τὸ
3492 4313 3616 4384 δρος

373 4400 758 4470 οιιειιειίεείωο
782 4393 1081 4466 domicilio,
1109 4401 1254 4456 illius
1276 4399 1420 4456 tibia:
1441 4399 1740 4456 femoribus
1765 4398 1940 4454 adhae-

373 4498 576 4558 rerent,
610 4498 756 4544 stare
781 4490 866 4546 vel
894 4491 1152 4546 incedere
1186 4505 1296 4546 non
1321 4490 1553 4548 valebat.
1583 4489 1802 4556 Verum,
1832 4491 1937 4546 viri

373 4579 448 4633 illi
479 4580 703 4646 armati,
735 4580 1044 4636 admirabili
1073 4579 1252 4636 Patris
1278 4581 1586 4650 prastantia
1632 4588 1938 4650 perspecta,

372 4671 540 4727 multa
573 4671 626 4726 in
657 4685 779 4728 eum
804 4671 1180 4730 misericordia
1218 4671 1302 4728 usi
1338 4681 1463 4727 sunt
1489 4671 1558 4726 ob
1595 4685 1683 4727 res
1715 4682 1938 4740 stupen-

369 4765 466 4819 das
503 4779 639 4836 quas
666 4764 783 4822 suis
814 4764 1061 4836 ipsismet
1086 4763 1262 4821 oculis
1295 4762 1715 4819 contuebantur.
1751 4763 1934 4832 Itaque

368 4858 476 4912 duo
518 4873 586 4911 ex
635 4857 745 4914 illis
781 4855 1156 4929 coniungendo
1197 4857 1419 4927 suisque
1474 4856 1715 4912 humeris
1765 4857 1937 4912 sancti

367 4965 562 5009 manus
609 4950 956 5020 imponendo,
1011 4949 1240 5021 ejusque
1273 4964 1470 5018 genua
1523 4949 1637 5004 suis
1689 4950 1936 5014 manibus

368 5042 472 5096 hoc
501 5048 658 5110 pacto
697 5041 969 5096 fulciendo
992 5080 1009 5106 ,
1041 5043 1109 5095 ad
1149 5041 1322 5096 sancti
1367 5036 1623 5094 Auxentii
1662 5034 1936 5092 Ctetnete-

366 5133 508 5189 rium
559 5145 890 5204 pervenere,
938 5132 1027 5187 ubi
1079 5146 1202 5188 cum
1252 5141 1499 5186 sanctum
1535 5129 1712 5184 virum
1741 5139 1797 5184 et
1826 5129 1934 5184 Deo

436 5291 482 5326 ⁸⁵
522 5289 663 5344 Psal.
702 5303 793 5356 xv,
825 5287 880 5343 8.
955 5287 1002 5320 “
1041 5285 1146 5342 Isa.
1180 5285 1348 5352 v,20.
1424 5285 1467 5317 ⁸⁷
1510 5284 1652 5341 Psal.
1681 5299 1804 5347 ειι,
1837 5283 1889 5338 5.

2043 4396 2447 4461 καταλαϐόντες
2466 4439 2481 4464 ,
2513 4397 2607 4452 καὶ
2633 4397 2695 4452 τὸ
2730 4398 3095 4469 μοναστήριον
3129 4401 3469 4468 πεφθακὸτες
3493 4443 3509 4466 ,
3541 4405 3616 4464 ὡς

2045 4488 2212 4562 θῆρες
2240 4487 2549 4561 ἁλλόμενοι,
2577 4487 2680 4553 λὰξ
2707 4490 2848 4542 κατά
2870 4490 2979 4543 τῶν
3007 4491 3191 4562 θυρῶν
3221 4495 3612 4563 προσέκρουον,

2045 4580 2140 4634 καὶ
2169 4579 2248 4651 τῷ
2277 4580 2417 4651 ἁγίῳ
2455 4579 2706 4651 σπηλαίῳ
2739 4579 2934 4649 φονίως
2967 4582 3416 4654 εἰσπηδήσαντες,
3449 4587 3615 4656 smpsi-

2049 4688 2204 4744 ρουσι
2243 4671 2336 4724 τὸν
2370 4672 2549 4739 ἅγιον,
2587 4671 2664 4732 ὼς
2696 4671 2762 4724 ἐκ
2803 4673 3014 4726 παστοῦ
3061 4691 3208 4737 τινος
3237 4677 3612 4745 πνευματικοῦ

2049 4761 2306 4833 σύροντες
2328 4759 2454 4826 ἔξω.
2495 4762 2592 4815 Ἐκ
2618 4762 2715 4833 τῆς
2735 4764 2844 4834 γὰρ
2873 4763 3014 4832 ἄγαν
3041 4766 3378 4836 ἐγκρατείας.
3397 4771 3490 4822 καὶ
3519 4769 3613 4840 τῆς

2047 4853 2388 4925 στενωτάτης
2421 4849 2687 4924 οἰκήοεω,
2735 4855 2844 4908 τῶν
2873 4856 3102 4928 κνημῶν
3147 4857 3316 4913 αὐτοῦ
3359 4861 3472 4923 τοῖς
3507 4839 3611 4929 pq-

2051 4947 2162 5017 ροίς
2193 4943 2729 5015 προοκολληθέντων,
2763 4946 2984 5018 στήκειν
3009 4947 3042 5018 ἢ
3066 4947 3334 5008 κινεῖσθαι
3359 4949 3459 5005 οὐκ
3483 4949 3612 5020 ἠδύ-

2045 5053 2195 5092 νατο.
2227 5035 2350 5090 Τῶν
2395 5035 2452 5090 δὲ
2482 5035 2863 5108 άσπιδοφόρων
2901 5038 3122 5092 ἐκείνων
3159 5039 3372 5108 ἀνδρῶν
3405 5041 3469 5094 τὸ
3519 5039 3610 5093 τοῦ

2045 5127 2260 5200 Πατρὺς
2291 5125 2606 5198 θαυμαστὸν
2641 5127 2986 5199 ἑωρακότων,
3020 5127 3120 5182 καὶ
3150 5127 3356 5200 πολλὴν
3387 5128 3613 5200 συμπά-

1642 5438 1878 5494 νΑιιιΑῖ
1919 5441 2326 5496 LECTION‘ES.

435 5597 464 5626 ν
497 5590 576 5641 Διί
610 5589 904 5659 marginem
941 5599 1042 5640 ms.
1077 5579 1337 5653 πρόσθες,
1373 5577 1502 5649 κύρι
1532 5576 1810 5646 πατρίκιε.
