3972 6220
307 255 443 320 1125

1353 263 1526 322 VITA
1568 263 1629 322 S.
1664 265 2040 327 STEPHANI
2077 269 2456 332 JUNIORIS.

3421 279 3556 346 1126

305 369 455 422 θειαν
495 365 891 438 ἐνδειξαμένων
921 368 1016 421 ἐπὶ
1051 369 1128 440 τῷ
1171 370 1332 442 ἀγίῳ,
1366 370 1456 424 διὰ
1499 369 1562 426 τδ
1605 373 1703 442 τῆς
1749 373 1880 444 epa-

1994 377 2255 434 lirmatam
2318 383 2704 438 monachorum
2767 389 3245 458 congregationem
3300 407 3420 460 quia:
3477 395 3556 448 illi

305 475 443 521 σεως
480 455 820 526 ἔκπληκτον,
871 456 968 512 δύο
1015 456 1371 526 συζεύξαντες
1411 459 1504 513 καὶ
1547 461 1658 523 τοῖς
1709 459 1884 530 ὤμοις

305 551 486 605 αὐτῶν
524 550 626 614 τὰς
665 553 856 622 χεῖρας
906 551 1001 605 τοῦ
1053 551 1202 606 ὁσίου
1243 552 1570 620 ἐπιθέντες,
1623 553 1718 608 καὶ
1765 557 1884 622 ταῖς

307 643 500 715 χερσὶν
551 645 731 698 αὐτῶν
779 645 848 700 τὰ
895 646 1096 716 γόνατα
1129 648 1272 703 οὕτω
1315 645 1786 717 διαναπαύοντες,
1823 653 1885 706 τὸ

306 737 675 808 κοιμητήριον
718 737 814 792 τοῦ
845 739 1004 807 ἁγίου
1049 738 1339 806 Λὺξεντίου
1377 739 1684 798 κατέλαϐον
1706 784 1721 807 ,
1754 745 1813 798 ὲν
1840 740 1884 812 ᾧ

305 827 399 881 τὸν
430 827 590 907 ἅγιον
639 829 1028 897 ἐγκλείσαντες
1072 831 1172 884 σὺν
1211 831 1278 903 τῇ
1315 831 1553 906 συνούσῃ
1571 833 1732 906 αὑτῷ
1765 833 1881 889 θεο-

308 918 591 989 στηρίκτῳ
620 915 732 972 τῶν
765 919 1018 990 μοναχῶν
1072 921 1310 996 συνοδίᾳ,
1358 924 1689 995 περιέμενον
1729 925 1885 980 αὐτοὶ

307 1007 416 1080 πρὸ
445 1007 557 1063 τῶν
599 1007 781 1080 θυρῶν
821 1009 1139 1082 ἐφεζόμενοι
1171 1012 1270 1084 τὴν
1300 1013 1394 1068 τοῦ
1431 1010 1695 1086 βασιλέως
1742 1016 1882 1070 ἁπό-

307 1117 496 1170 φασιν.
543 1101 602 1154 '0
630 1100 688 1154 δὲ
719 1101 1034 1176 παμμάκαρ
1069 1105 1170 1158 οὐκ
1193 1104 1492 1174 ἐπαύσατο,
1538 1107 1634 1161 καὶ
1664 1107 1774 1162 ἔσω
1808 1107 1884 1162 ὢν

311 1194 453 1266 μετά
482 1194 582 1265 τῆς
623 1193 790 1250 αὑτοῦ
842 1195 1092 1261 συνοδίας
1115 1237 1129 1262 ,
1161 1197 1430 1270 ἀριδήλως
1465 1198 1681 1268 ψάλλων
1703 1217 1718 1232 ·
1765 1199 1884 1269 Τὴν

305 1288 613 1358 ἄχραντον
650 1289 856 1342 εἰκόνα
893 1305 1012 1343 σου
1033 1290 1526 1360 προσκυνοῦμεν,
1551 1293 1759 1362 ἀγαθὲ,
1789 1293 1884 1346 καὶ

307 1378 378 1432 τὰ
411 1377 542 1448 ἑξῆς
564 1394 578 1410 ·
611 1379 709 1432 καὶ
754 1379 892 1449 μετὰ
938 1377 1101 1433 τοῦτο
1127 1379 1225 1432 καὶ
1249 1379 1332 1446 τὸ,
1359 1380 1548 1446 Δόξα’
1593 1381 1724 1448 Τοῖς
1766 1381 1884 1436 τῶν

307 1468 469 1538 ἐμῶν
499 1468 810 1538 λογισμῶν
837 1469 1096 1540 λῃσταῖς
1125 1471 1466 1539 περιπεσὼν
1492 1472 1808 1541 ἐσυλήθην
1849 1477 1886 1528 ὁ

307 1559 494 1626 τάλας
527 1559 634 1613 τὸν
652 1558 826 1626 νοῦν,
859 1560 955 1614 καὶ
983 1560 1050 1615 τὰ
1075 1559 1204 1630 ἑξῆς
1231 1559 1327 1634 τοῦ
1381 1560 1567 1626 ἔπους.
1601 1564 1666 1616 Οί
1697 1563 1753 1616 δὲ
1779 1562 1885 1634 πρὸ

307 1651 418 1704 τῶν
448 1649 634 1722 θυρῶν
659 1649 900 1723 φύλακες
921 1690 936 1716 ,
959 1649 1118 1704 τοῦτο
1149 1633 1279 1721 παρ’
1312 1651 1500 1715 αὐτοῖς
1542 1633 1882 1722 ψαλλόμενον

1989 467 2213 524 suberat
2259 468 2634 539 inclusissent,
2687 474 2786 544 ipsi
2833 487 2958 556 ante
3001 478 3223 553 ianuam
3278 483 3557 546 sedentes,

1988 559 2334 630 imperatoris
2365 565 2688 621 sententiam
2719 569 3129 634 exspectabant.
3168 571 3387 627 Interim
3425 587 3558 630 vero

1985 649 2333 708 beatissimus
2362 652 2528 710 Pater
2567 656 2713 712 intus
2753 659 2916 714 etiam
2950 659 3213 727 inclusus,
3251 663 3398 718 clara
3427 681 3559 722 voce

1987 755 2108 794 cum
2142 756 2238 796 sua
2270 747 2694 815 congregatione
2739 751 2973 818 psallere
3018 767 3124 806 non
3171 752 3337 808 desiit
3367 769 3380 806 :
3411 753 3557 810 Inte-

1987 842 2243 888 meratom
2275 835 2558 906 imaginem
2593 847 2736 892 tuam
2770 840 3078 908 adoramus,
3114 859 3144 896 ο
3175 844 3327 910 bene,
3361 855 3469 904 etc.
3501 857 3559 902 et

1987 930 2110 990 post
2142 922 2272 977 illud
2303 935 2358 979 et
2397 923 2626 980 Gloria:
2659 924 2726 981 In
2774 943 3009 982 mearum
3061 931 3446 1000 cogitationum
3471 931 3558 985 la-

1987 1021 2160 1068 trones
2199 1015 2455 1079 incidens,
2497 1025 2667 1070 mente
2710 1019 2869 1073 miser
2897 1020 3154 1088 spoliatus
3183 1039 3320 1088 sum,
3350 1033 3405 1078 et
3433 1023 3560 1079 reli-

1985 1118 2150 1174 quum
2215 1118 2456 1160 carmen.
2512 1103 2779 1164 Custodes
2819 1123 2998 1176 vero,
3035 1112 3124 1181 qui
3187 1123 3314 1168 ante
3371 1115 3559 1170 limina

1984 1203 2162 1261 erant,
2206 1198 2319 1250 haec
2356 1195 2421 1252 ab
2453 1195 2560 1252 illis
2603 1199 2812 1254 cantari
2865 1201 3170 1266 audientes,
3221 1205 3399 1272 capita
3446 1207 3560 1276 agis

1993 1284 2178 1350 tando,
2201 1300 2320 1340 sese
2343 1285 2574 1342 invicem
2601 1289 2826 1344 miseros
2849 1293 3240 1360 praedicabant.
3269 1293 3436 1366 460
3472 1295 3560 1352 ναξ

1986 1376 2178 1442 nobis,
2225 1375 2478 1443 aiebant,
2532 1381 2624 1450 qui
2654 1397 2682 1434 a
2719 1385 3000 1440 monachis
3063 1386 3416 1454 hominibus,
3463 1389 3556 1460 qui

1990 1467 2200 1522 innoxii
2277 1467 2604 1538 alﬁiguutur,
2669 1471 2906 1530 latrones
2967 1477 3160 1530 merito
3204 1479 3558 1550 appellamur.

1987 1555 2091 1612 Sex
2129 1573 2293 1628 porro
2349 1559 2551 1628 elapsis
2597 1559 2788 1616 diebus
2830 1561 3004 1631 jejuni
3039 1565 3148 1620 illic
3179 1567 3373 1622 iuclus'i
3406 1583 3561 1622 mau-

1985 1663 2126 1703 sere.
2180 1648 2420 1718 Septima
2450 1659 2629 1702 autem
2663 1650 2749 1706 die
2795 1652 2935 1706 alius
2967 1655 3186 1722 quidam
3217 1655 3503 1724 praefectus
3529 1673 3558 1710 a

311 1740 624 1806 ἀκούοντες,
661 1739 763 1804 τὰς
795 1743 970 1812 κέρας
999 1740 1436 1805 ὲπισαλεύοντες,
1464 1741 1730 1813 ἀλλήλους
1759 1743 1884 1796 ἑτα-

1994 1747 2218 1808 tyranno
2273 1737 2600 1807 imperatore
2663 1739 2904 1811 advenit,
2961 1753 3212 1798 sanctum
3283 1745 3458 1798 virum
3503 1747 3559 1800 iu

310 1830 527 1898 λάνιςον
589 1831 650 1884 λέ
667 1847 854 1900 γοντες
879 1847 892 1865 ο
956 1832 1096 1885 Οὐαὶ
1124 1831 1251 1904 ἡμῖν
1277 1834 1381 1888 εὸτι
1403 1833 1554 1905 παρά
1579 1833 1883 1906 ἀνθρώπων

1994 1830 2266 1900 proprium
2341 1830 2734 1885 monasterium
2806 1834 3201 1900 restituturus,
3247 1838 3314 1892 ob
3365 1838 3560 1894 bellum

313 1923 604 1998 μοναχῶν,
650 1925 820 1996 μηδὲν
869 1924 1214 1994 ἠδικηκότων
1255 1923 1352 1978 καὶ
1395 1925 1874 1997 κακουχουμένων,

1994 1917 2243 1973 adt‘ersus
2278 1917 2508 1989 Scythas
2544 1922 2885 1974 incumbens.

311 2017 537 2078 εἰκότως
587 2007 783 2088 λῃσταὶ
817 2014 1233 2086 κηρυσσόμεθα.
1295 2012 1392 2078 Ἐξ
1417 2014 1474 2068 δὲ
1503 2014 1896 2088 παρελθουσῶν
1933 2009 2178 2084 ἡμερῶν,
2229 2009 2406 2064 ἄσιτοι
2468 2007 2751 2080 ’διέμειναν
2818 2012 2868 2064 σί
2913 2015 3040 2083 περὶ
3083 2013 3172 2066 τὸν
3204 2013 3360 2084 ἅγιον
3403 2019 3562 2088 ἐγκε-

313 2109 644 2178 κλεισμένοι.
678 2107 788 2162 Καὶ
815 2111 884 2179 τῇ
925 2107 1130 2182 ἑϐδόμῃ
1170 2111 1354 2180 ἡμέρᾳ
1397 2110 1460 2162 ὲκ
1489 2107 1582 2162 τοῦ
1649 2108 1915 2182 τυράννου
1959 2102 2226 2175 βασιλέως
2271 2101 2463 2172 ἕτερός
2493 2119 2576 2165 τις
2631 2101 2818 2173 ἄρχων
2889 2105 3243 2174 παρεγένετο,
3279 2108 3371 2160 τὸν
3410 2106 3561 2178 ἅγιον

311 2206 372 2257 ιν
403 2201 484 2274 τῷ
528 2202 718 2272 οἰκείῳ
741 2202 1142 2274 φροντιστηρίῳ
1176 2203 1674 2274 ἀποκαταστήσων,
1711 2202 1954 2271 πολέμου
1986 2197 2122 2272 πρὸς
2150 2195 2365 2258 Σκύθας
2397 2197 2829 2266 παρακειμένου.
3013 2203 3019 2208 ’

397 2298 456 2352 '0
483 2297 538 2352 δὲ
564 2299 824 2360 κάκιστος
855 2298 1062 2360 ἐκεῖνος
1088 2300 1436 2369 παρωνύμως
1458 2297 1763 2361 Κάλλιστος
1787 2298 1884 2352 ἕνα

2064 2291 2338 2347 Pessimus
2363 2300 2541 2346 autem
2567 2290 2654 2344 ille
2681 2291 2816 2346 male
2837 2291 3178 2359 Callistus,id
3193 2299 3298 2357 est,
3329 2295 3564 2362 optimus

309 2387 422 2444 τῶν
459 2385 718 2460 μαθητῶν
746 2384 844 2440 τοῦ
869 2385 1018 2441 ὁσίου
1069 2385 1190 2440 κατ’
1229 2371 1366 2442 ἰδίαν
1397 2388 1846 2460 προσλαϐόμενος
1866 2427 1881 2452 ,

1994 2383 2306 2453 appellatus,
2321 2397 2493 2463 unum
2520 2397 2548 2436 e
2573 2383 2742 2436 sancti
2765 2383 3044 2452 discipulis
3065 2384 3318 2452 privatim
3338 2386 3566 2444 adorsus

312 2480 537 2554 χρυσίον
561 2495 622 2532 τε
649 2477 800 2548 αὐτῷ
825 2475 969 2541 δοὺς,
998 2478 1093 2532 καὶ
1113 2479 1300 2549 ἕτερον
1328 2479 1514 2532 δοῦναι
1547 2479 1882 2548 ἐπαγγειλά-

1994 2485 2093 2539 est,
2119 2481 2362 2541 auroque
2384 2471 2430 2525 ei
2455 2472 2581 2526 dato
2611 2479 2666 2524 et
2692 2471 2839 2524 aliud
2871 2486 2928 2526 se
2961 2472 3063 2542 ipsi
3089 2475 3335 2536 daturum
3359 2477 3566 2545 pollici-

316 2587 499 2643 μινυς,
527 2568 702 2624 πείθει
733 2570 824 2623 τὸν
852 2569 1095 2622 ’ἐλεεινὸν
1141 2569 1348 2624 ἐκεῖνον
1375 2569 1630 2640 δεύτερον
1678 2568 1882 2623 Ἰούδαν

1995 2575 2099 2630 tus,
2130 2561 2417 2618 miseroilli
2448 2563 2734 2632 persuadet
2765 2561 2990 2617 alterum
3013 2564 3126 2618 ﬁeri
3156 2563 3372 2632 Judam,
3396 2583 3568 2624 arma-

313 2659 611 2731 γενέσθαι,
669 2659 766 2713 καὶ
819 2659 962 2713 κατὰ
1011 2656 1108 2712 τοῦ
1161 2658 1483 2714 διδασκάλου
1535 2658 1882 2729 ὁπλισθῆναι.

1994 2671 2094 2726 que
2125 2665 2315 2710 contra
2352 2654 2667 2724 magistrum
2707 2669 2944 2710 sumere.
2976 2653 3113 2710 1-1uic
3143 2655 3404 2726 discipulo
3440 2657 3568 2712 Scr—

315 2753 544 2824 Σέργιος
572 2750 630 2804 δὲ
669 2749 842 2820 ὄνομα
869 2747 1048 2820 τούτῳ
1081 2749 1156 2822 τῷ
1183 2749 1422 2821 μαθητῇ.
1460 2749 1534 2802 Τὸ
1557 2747 1616 2802 δὲ
1655 2748 1886 2819 στρατό-

1994 2747 2108 2818 gius
2143 2763 2339 2802 nomen
2363 2757 2503 2802 erat.
2543 2748 2620 2801 Illi
2655 2761 2782 2803 vero
2825 2747 3024 2804 milites
3053 2750 3302 2804 oratione
3327 2765 3356 2804 a
3377 2761 3566 2806 sancto

318 2843 483 2896 πεδον
529 2845 707 2896 ἐκεῖνο
747 2840 912 2912 εὐχὴν
944 2839 1101 2913 παρᾲ
1132 2839 1227 2894 τοῦ
1277 2839 1433 2908 ἁγίου
1483 2839 1738 2910 αἰτῆσαν,
1789 2837 1886 2908 τὴν

1994 2839 2284 2909 postulata,
2299 2853 2359 2894 se
2384 2838 2437 2894 in
2459 2839 2865 2908 imperatoriam
2884 2839 3072 2894 urbem
3106 2852 3455 2910 receperunt,
3481 2842 3568 2895 in-

319 2932 712 3006 βασιλεύουσαν
763 2929 1084 2990 κατέλαϐεν.
1117 2929 1214 2984 καὶ
1258 2931 1357 2984 σὺν
1383 2927 1462 3001 τῷ
1489 2927 1702 3000 βασιλεῖ
1745 2927 1888 2982 κατὰ

1994 2933 2167 3001 deque
2188 2945 2310 2985 cum
2337 2929 2664 2999 imperatore
2686 2931 2736 2983 in
2761 2928 3030 3000 Europam
3047 2931 3304 2988 adversus
3335 2930 3566 3004 Scythas

315 3025 431 3079 τῶν
477 3021 699 3076 Σκυθῶν
741 3021 835 3074 ἐπὶ
868 3021 970 3092 τὴν
1000 3019 1275 3092 Εὐρώπην
1315 3019 1714 3089 ἑφουσὰτευσεν
1754 3017 1888 3090 (10).

1997 3019 2222 3090 profecti
2253 3028 2400 3077 sunt.
2434 3019 2653 3076 Interim
2678 3022 2768 3076 ille
2795 3021 3099 3092 iniquitatis
3133 3023 3276 3080 illius
3308 3023 3556 3096 Sergius,

329 3115 392 3170 Ὀ
421 3113 617 3184 δὲ’τῆς
643 3112 872 3182 ἀνομίας
898 3113 1108 3175 ἐκεῖνος
1133 3111 1246 3174 υἱὸς
1291 3111 1517 3182 Σέργιος
1540 3151 1554 3176 ,
1587 3113 1616 3165 ὁ
1641 3109 1890 3181 δεύτερος

1994 3109 2132 3166 alter
2175 3109 2429 3166 lscariota
2465 3121 2520 3166 et
2560 3113 2736 3182 laquei
2781 3113 2992 3177 haeres,
3041 3110 3300 3169 Satanam
3351 3117 3568 3186 penitus

332 3203 689 3276 Ἰσκαριώτης
713 3241 728 3266 ,
752 3201 857 3256 καὶ
911 3200 1012 3272 τῆς
1039 3200 1276 3270 ἀγχόνης
1297 3199 1660 3270 κληρονόμος,
1690 3198 1890 3253 παντά-

1995 3214 2087 3270 per
2119 3201 2366 3256 dolosum
2409 3217 2600 3256 aurum
2653 3202 2901 3270 indutus,
2937 3203 3006 3260 ab
3031 3219 3097 3260 eo
3131 3214 3377 3274 tempore
3423 3205 3564 3260 clam

322 3313 490 3352 πασιν
517 3295 608 3349 διὰ
629 3295 723 3348 τοῦ
744 3291 924 3346 δολίου
951 3291 1178 3362 χρυσίου
1197 3299 1222 3328 ι
1239 3291 1476 3354 ὲνδυθεὶς
1501 3291 1594 3344 τὸν
1625 3292 1890 3356 Σατανᾶν,

323 3389 390 3443 ὲκ
417 3387 541 3441 τότε
577 3385 678 3439 οὐκ
709 3383 992 3437 ἐπαύσατο
1032 3380 1390 3453 λαθροπορῶν
1431 3381 1526 3435 καὶ
1551 3398 1894 3452 κρυφιογνω-

325 3478 444 3550 μῶν
469 3475 614 3532 κατά
639 3474 735 3528 τοῦ
767 3472 1067 3544 σεϐασμίου
1095 3471 1328 3542 Πατρός.
1375 3471 1462 3536 Ὠς
1494 3471 1554 3526 δὲ
1584 3467 1724 3526 εἶδεν
1769 3475 1894 3526 ἑαυ-

321 3567 415 3622 τὸν
450 3563 786 3620 ἀσθενοῦντα
831 3561 968 3632 πρὸς
998 3560 1060 3616 τὸ
1091 3558 1288 3612 ἑαυτοῦ
1327 3559 1556 3630 ἐφετὸν,
1610 3560 1709 3632 τῆς
1743 3562 1895 3631 ίερᾶς

323 3659 546 3730 δκείνης
573 3656 824 3727 »μάνδρας
865 3653 1061 3708 ἑαυτὸν
1087 3653 1350 3724 χωρίσας,
1381 3651 1481 3706 καὶ
1511 3651 1646 3722 πρὸς
1684 3653 1774 3706 τὸν
1796 3655 1895 3724 ἀρ-

323 3748 720 3824 χιτελιονοῦντα
752 3745 959 3800 κόλπου
996 3752 1024 3794 1
1057 3743 1160 3816 τῆς
1191 3743 1560 3814 Νικομηδείας
1605 3744 1895 3816 φορολόγον

326 3841 660 3915 εἰσδραμὼν,
697 3837 1081 3908 Δὺλικάλαμον
1123 3837 1186 3890 τὸ
1231 3835 1487 3902 ἐπίκλην,
1535 3835 1896 3908 συγγνώμονα

325 3935 515 3990 τοῦτον
537 3931 810 4004 λαμϐάνει
836 3930 932 3985 καὶ
965 3927 1222 3984 κοινωνὸν
1252 3928 1351 3999 τῆς
1381 3927 1547 3982 αὐτοῦ
1577 3928 1856 3993 ἀπωλείας
1879 3970 1892 3992 ,

327 4028 422 4083 καὶ
459 4027 628 4096 τόμον
667 4021 1085 4093 συγγράψαντες
1119 4022 1180 4074 ἂν
1210 4019 1568 4083 ἑπιπλάστοις
1604 4019 1896 4091 λοιδορίαις

329 4118 470 4174 κατά
493 4115 590 4170 τοῦ
613 4115 763 4170 όσίου
792 4113 1066 4182 Στεφάνου
1103 4111 1372 4182 ἐνέθηκαν
1411 4109 1612 4174 οὕτως’
1688 4110 1774 4175 Ὠς
1814 4114 1896 4166 ὅτι

330 4209 546 4283 πρῶτον
573 4207 670 4261 καὶ
693 4205 974 4276 ἐξαίρετον
1000 4201 1398 4272 ἁναθεματίζει
1426 4217 1522 4254 σου
1550 4201 1650 4272 τὴν
1677 4204 1897 4272 μνήμην

329 4303 405 4366 ὡς
441 4296 720 4372 αίρετικοῦ
763 4312 780 4328 ο
814 4292 1093 4365 Συρογενῆ
1129 4309 1188 4346 τε
1231 4292 1324 4346 καὶ
1357 4290 1592 4362 Βιτάλην
1625 4301 1647 4328 ι
1678 4307 1736 4345 σε
1761 4294 1896 4346 ἀπο-

1994 3291 2220 3346 insidias
2249 3291 2560 3348 venerando
2598 3290 2746 3346 Patri
2793 3304 3008 3350 struere
3033 3303 3088 3349 et
3128 3295 3430 3352 machinari
3461 3313 3566 3352 non

1993 3382 2218 3437 destitit.
2268 3380 2488 3447 Verum,
2520 3392 2580 3437 ut
2607 3381 2767 3455 461
2801 3386 2936 3441 vidit
2982 3401 3041 3442 se
3082 3387 3134 3440 id
3164 3388 3307 3455 quod
3342 3389 3569 3456 optabat

1995 3474 2252 3544 consequi
2282 3489 2386 3530 non
2420 3488 2593 3544 posse,
2628 3490 2686 3530 se
2717 3493 2745 3530 a
2781 3492 2937 3530 sacra
2965 3477 3053 3532 illa
3083 3478 3238 3533 cauta
3268 3481 3561 3548 separavit,

1995 3575 2048 3621 et
2079 3566 2144 3618 ad
2187 3563 2596 3635 publicanorum
2648 3567 2799 3623 sinus
2851 3565 3181 3624 Nicomedia:
3242 3569 3557 3642 prail'ectum

1995 3667 2354 3728 cognomento
2383 3657 2774 3714 Aulicalamum
2822 3659 3150 3727 convolavit,
3185 3675 3418 3732 eumque
3451 3678 3564 3718 sure

1996 3749 2318 3817 perditionis
2365 3761 2674 3804 consortem
2721 3761 2774 3806 et
2823 3751 3030 3807 socium
3095 3754 3324 3823 accepit.
3381 3753 3568 3826 Itaque

1996 3841 2154 3896 ambo
2182 3840 2336 3896 lictas
2361 3842 2662 3898 calumnias
2688 3842 2952 3900 adversus
2978 3843 3312 3914 Stephanum
3346 3845 3400 3901 in
3423 3847 3569 3902 codi-

1997 3933 2122 3989 cillo
2147 3934 2524 4004 conscripsere
2579 3935 2681 3990 hoc
2738 3936 2937 3990 modo:
2967 3935 3154 3992 Primo
3180 3948 3234 3993 et
3275 3938 3568 4008 praecipue,

2000 4024 2096 4086 tui,
2129 4032 2391 4093 tanquam
2429 4023 2694 4092 hmretici,
2749 4027 3028 4082 memoriae
3060 4028 3351 4083 anathema
3391 4028 3521 4082 dicit
3555 4047 3568 4081 :

2001 4123 2050 4168 te
2080 4115 2274 4186 Syrum
2307 4123 2360 4169 et
2389 4113 2622 4170 Vitalem
2660 4117 2896 4186 appellat
2931 4135 2947 4172 :
2990 4117 3173 4172 foveas
3227 4119 3488 4172 adversus
3521 4127 3574 4173 te

1999 4204 2135 4261 fodit
2166 4205 2219 4260 in
2250 4216 2434 4260 monte
2481 4193 2711 4274 sedens;
2745 4206 2959 4276 aliaque
3014 4205 3410 4276 quatuplurima
3454 4211 3573 4276 qui-

2003 4297 2103 4351 bus
2146 4296 2296 4350 illum
2331 4295 2661 4352 inaleliciose
2695 4295 3048 4362 accusabant,
3101 4311 3221 4365 qua:
3256 4296 3574 4351 meminisse

328 4369 524 4446 καλεϊλ
570 4389 667 4442 καὶ
712 4385 938 4458 βόθρους
973 4381 1119 4438 κατά
1151 4381 1248 4435 σοῦ
1295 4380 1518 4452 όρόσσει
1553 4383 1612 4435 ἐν
1655 4380 1732 4452 τῷ
1784 4382 1890 4454 opst

2008 4385 2088 4440 vel
2143 4383 2364 4455 scriptis
2432 4385 2690 4442 mandare
2749 4385 3026 4457 indignum
3077 4395 3182 4440 est.
3239 4385 3570 4441 Addebam:

330 4482 658 4553 καθήμενος.
717 4479 829 4532 Καὶ
871 4476 1008 4532 ἄλλα
1048 4473 1174 4530 τινὰ
1223 4473 1518 4545 πάμπολλα
1579 4474 1743 4526 αὑτὸν
1794 4473 1897 4528 λοι-

329 4575 688 4648 δορήσαντες,
721 4563 796 4624 ὧν
825 4567 1129 4640 μνησθῆναι
1153 4564 1254 4618 οὐκ
1285 4563 1434 4618 ἐστιν
1456 4563 1625 4633 ἀξιον,
1649 4565 1685 4637 ἢ
1715 4568 1898 4638 γραφῇ

334 4661 826 4736 παραδοῦναιλίαὶ
850 4661 956 4728 δτι,
985 4657 1173 4730 φησιν,
1229 4654 1465 4724 γυναῖκά
1517 4671 1640 4708 τινα
1697 4655 1902 4726 πλανή-

2015 4472 2257 4530 Nobilem
2323 4475 2610 4550 quamdam
2679 4474 2957 4531 mulierem
3001 4475 3114 4544 ipse
3165 4475 3580 4544 scduxitetto-

2009 4551 2203 4633 tendit,
2238 4581 2466 4636 eamque
2502 4568 2554 4622 in
2584 4567 2914 4622 monasterio
2961 4567 3216 4622 inferiore
3261 4576 3424 4632 tenet,
3456 4582 3576 4636 quze

2005 4657 2222 4728 quidem
2270 4667 2429 4714 noctu
2459 4657 2610 4712 illum
2641 4658 2694 4712 in
2723 4657 2860 4714 colle
2895 4656 3168 4720 convenit,
3216 4656 3488 4713 libidinosi
3521 4665 3577 4708 et

335 4732 435 4820 σας
484 4753 596 4808 τῶν
637 4751 895 4821 εὐγενῶν,
946 4748 1152 4818 ταύτην
1191 4746 1486 4816 ἀπέκειρεν
1530 4746 1622 4799 καὶ
1663 4745 1800 4817 πρὸς
1842 4747 1890 4810 τζ

1994 4749 2224 4816 lagitiosi
2299 4747 2610 4804 commercii
2667 4732 2855 4804 causa.
2928 4743 3053 4803 Hae
3103 4761 3264 4816 porro
3322 4746 3433 4815 ipsa
3487 4745 3576 4798 illa

335 4844 621 4916 κάτωοεχει
649 4843 1038 4916 μοναατήριον,
1063 4840 1158 4894 καὶ
1187 4837 1330 4892 κατὰ
1347 4837 1524 4890 νύκτα
1573 4837 1709 4908 πρὸς
1740 4835 1890 4890 αὐτοι

2005 4849 2110 4904 est,
2145 4839 2420 4894 auditores
2467 4838 2786 4904 ﬁdelissimi,
2831 4837 2988 4906 cujus
3035 4837 3284 4906 superius
3331 4836 3572 4903 memini,

235 4944 246 4963 '
335 4941 394 4994 ἐν
431 4936 510 5007 τῷ
551 4934 726 5006 βουνῷ
778 4932 1073 5004 ἀνέρχεται
1119 4926 1404 5000 ἑμπαθοῢς
1443 4927 1539 4980 καὶ
1583 4927 1890 5000 ὲφαμάρτοι

2007 4947 2126 5000 quae
2157 4946 2372 5001 nempe,
2400 4931 2513 4986 suis
2541 4930 2792 4985 omnibus
2829 4927 2986 4984 bonis
3031 4939 3174 4984 recte
3227 4928 3574 4996 dispensatis,

335 5031 501 5084 ἕνεκα
547 5025 874 5098 ιπιμιξίας’
926 5023 1068 5093 αὕτη
1115 5021 1173 5075 δέ
1231 5020 1405 5083 ἔστιν,
1475 5013 1520 5071 ὧ
1587 5021 1900 5074 πιστότατοι

2009 5021 2118 5076 lilia
2161 5020 2423 5091 spiritalis
2462 5021 2637 5075 sancti
2686 5017 2948 5090 Stephani
2999 5035 3096 5090 per
3143 5031 3389 5078 sanctum
3421 5017 3577 5074 habi-
3607 5090 3621 5102 ἱ

1631 5149 1864 5208 VARI/Ii
1917 5149 2326 5208 LECTIONES.

413 5295 439 5324 ι
475 5281 589 5336 Duo
614 5279 816 5335 addunt
847 5273 1132 5348 σαρκικῶς
1158 5275 1354 5329 εἰπεῖν.
1431 5282 1462 5323 1
1485 5273 1556 5328 al.
1595 5270 1686 5323 τὸν
1717 5267 1936 5321 κόλπον.
2014 5275 2038 5302 ²
2073 5266 2144 5319 al.
2177 5266 2446 5322 Βιτάλιον.

1848 5401 2080 5457 NOTAE.

413 5531 524 5599 (Ιθ)
568 5527 1076 5599 Ἑφουσάτευσεν.
1124 5525 1295 5599 Αιίιιςἐ
1350 5538 1452 5578 ms.
1484 5521 1654 5599 habet
1689 5517 1908 5599 ὲφωσάτ

2017 5515 2308 5585 signiﬁcat,
2335 5515 2634 5571 exercitum
2662 5518 2880 5578 ducere,
2909 5516 3106 5572 bellum
3130 5527 3340 5586 gerere,
3367 5513 3432 5568 ad
3467 5509 3577 5568 bel-

340 5587 535 5652 τευσεν
565 5587 770 5660 :a'lius,
810 5596 1230 5665 ὲφοσσάτευσεν.
1268 5595 1432 5646 Porro
1483 5593 1596 5644 ha-c
1621 5603 1723 5665 vox
1767 5587 1907 5655 apud
2018 5587 2122 5639 lum
2167 5587 2455 5656 proﬁcisci,
2495 5589 2888 5644 castrametari.

345 5671 563 5726 (ἔνερθε
596 5670 782 5723 mediae
833 5661 886 5720 et
923 5665 1119 5720 intimae
1165 5665 1340 5718 astatis
1397 5678 1494 5732 pro
1548 5661 1696 5712 vario
1747 5671 1908 5710 sensu
