3972 6220
413 278 544 344 1131

1613 269 1993 337 STEPHANI
2042 265 2348 328 DlACONI
2386 264 2497 324 ΟΡ,

3531 247 3688 313 1132

413 410 532 450 rum
575 391 893 448 indumento
941 389 1204 460 deposito,
1253 385 1533 461 splendide
1575 399 1698 440 cum
1753 383 1983 451 impera-

2117 375 2293 438 ἐῖσαι,
2343 373 2527 442 γύναι,
2571 369 2798 440 σαυτῆς,
2844 365 2940 420 καὶ
2976 365 3142 436 ζῆσον
3181 363 3362 428 καλῶς
3395 363 3541 433 μετὰ
3563 363 3688 432 τῆς

415 486 548 541 trlec
581 485 726 548 vive,
765 492 820 540 et
847 483 1081 538 crastina
1116 481 1204 536 die
1239 481 1520 536 veritatem
1570 477 1831 532 adversus
1864 471 1983 527 Ste-

412 576 653 647 pbanum
685 589 872 630 coram
901 572 1158 627 universo
1187 569 1384 641 pupnlo
1416 568 1694 638 eloquere.
1747 562 1880 619 Nam
1913 575 1982 618 en

413 667 533 733 ipsa
569 663 764 718 ancilla
809 671 897 717 tua
928 660 1070 732 quod
1104 674 1289 715 verum
1327 667 1412 715 est
1441 656 1735 713 convincit.
1767 653 1822 708 Si
1853 665 1986 706 vero

415 759 468 813 id
509 771 670 826 agere
706 755 964 820 nolueris,
1003 753 1323 823 lapideaque
1361 759 1474 805 tute
1517 747 1714 803 mentis
1751 743 1984 816 pertina-

415 851 500 904 cia
529 846 745 903 mentiri
770 859 984 916 pergas,
1017 855 1108 899 tua
1136 846 1378 898 membra
1418 855 1514 912 per
1540 848 1721 912 partes
1750 837 1986 916 lacerata

417 939 486 994 ob
523 937 711 992 oculos
767 915 887 991 tuos
932 950 1222 1005 exponam.
1273 932 1498 996 Verum,
1540 930 1586 986 si
1620 929 1763 1000 quod
1801 915 1986 996 cupio,

420 1029 693 1093 cll'eceris,
737 1027 986 1098 illiusque
1018 1025 1283 1081 adulteria
1315 1035 1368 1079 et
1393 1033 1577 1093 stupra
1605 1019 1986 1083 declaraveris,

417 1120 602 1176 multis
672 1130 724 1173 te
767 1119 1066 1174 honoribus
1119 1127 1176 1172 et
1224 1115 1538 1172 muneribus
1581 1111 1810 1168 ornabo.
1854 1108 1990 1176 Quae

417 1228 538 1266 cum
595 1212 838 1266 audisset
897 1208 1062 1282 467
1124 1208 1428 1264 veneranda
1498 1205 1725 1270 mulier,
1769 1219 1835 1258 ex
1883 1203 1991 1256 imo

417 1313 636 1373 pectore
659 1317 876 1373 gravem
905 1303 1163 1372 gemitum
1187 1299 1436 1365 eiiciens,
1461 1308 1730 1368 caputque
1757 1296 1988 1365 agitans,

417 1397 490 1451 illi
555 1395 833 1467 respondit
863 1412 878 1450 :
921 1411 940 1446 ι
979 1391 1190 1449 Recede
1235 1409 1263 1448 a
1298 1409 1382 1449 me
1405 1433 1418 1460 ,
1453 1407 1486 1446 o
1519 1393 1699 1456 homo,
1751 1387 1942 1443 recede
1973 1403 1990 1441 :

419 1489 510 1544 ﬁat
542 1489 792 1545 voluntas
824 1487 1060 1542 Domini.
1100 1503 1118 1537 ι

488 1668 644 1724 Mane
693 1681 840 1727 vero.
888 1666 1206 1736 imperator,
1235 1664 1391 1735 plebe
1418 1674 1543 1718 ante
1573 1661 1724 1716 urbis
1754 1658 1993 1714 Pliialam

2085 465 2428 538 βασιλίσσης,
2463 461 2783 532 ἀποθεμένη
2810 459 2872 512 τὸ
2893 461 2994 530 τῆς
3031 459 3258 520 σκοτίας
3276 456 3413 510 αὐτὸ
3433 453 3682 524 ἔνδυμα..

2084 557 2179 612 καὶ
2202 556 2264 610 τδ
2293 554 2491 628 ἀληθὲς
2531 551 2678 606 κατά
2703 551 2998 620 ’Στεφάνου
3032 548 3224 622 αὔριον
3253 546 3378 602 είπέ
3407 547 3504 600 ἐπὶ
3531 563 3686 598 πανο

2083 649 2174 712 τὸς
2199 646 2294 700 τοῦ
2321 645 2476 700 λαοῦ.
2523 645 2657 699 Ἰδοὺ
2689 643 2798 713 γὰρ
2827 642 2924 696 καὶ
2953 642 2987 711 ἠ
3009 641 3218 704 οἰκέτις
3243 656 3338 693 σου
3367 639 3684 706 ἀπελέγχει

2084 741 2148 794 τὸ
2173 738 2391 810 ἀληθές.
2433 738 2496 790 Ei
2547 737 2606 791 δέ
2642 735 2720 808 μὴ
2748 734 3018 806 βουληθῇς
3065 732 3226 787 τοῦτο
3273 731 3518 802 πρᾶξαι,
3555 729 3684 785 ἀλλ’

2086 831 2348 903 ἐμμένεις
2366 833 2434 902 τῇ
2463 826 2823 898 λιθογνώμονί
2846 843 2943 880 σου
2965 825 3224 896 ἀπειθείᾳ
3247 823 3681 893 διαψευδομένη.

2088 923 2196 995 πρὸ
2222 921 2331 976 τῶν
2354 920 2649 992 ὀφθαλμῶν
2683 935 2776 972 σου
2799 917 2897 981 τὰς
2929 917 3139 988 σάρκας
3167 932 3264 969 σου
3296 913 3531 985 μεληδὸν
3568 930 3684 964 πα·-

2092 1015 2406 1086 ραθήσομαι
2429 1027 2444 1043 ·
2478 1013 2529 1065 εί
2553 1011 2612 1065 δὲ
2646 1011 2810 1065 πάλιν
2837 1008 2900 1063 τὸ
2925 1009 3052 1080 ἐμοὶ
3085 1006 3277 1077 ἐφετὸν
3302 1005 3642 1070 ἐπιδείξεως
3659 1045 3683 1068 ,

2091 1107 2187 1162 καὶ
2217 1103 2575 1175 ὁμολογήσεις
2607 1103 2708 1167 τὰς
2743 1100 2935 1155 τούτου
2978 1099 3228 1170 μοιχείας
3258 1099 3357 1152 καὶ
3386 1096 3684 1168 πορνείας,

2091 1197 2305 1252 πολλῶν
2339 1195 2516 1267 τιμῶν
2569 1194 2666 1249 καὶ
2731 1192 2953 1264 δωρεῶν
2993 1191 3123 1262 παρ’
3161 1189 3298 1261 ἐμοῦ
3365 1188 3680 1262 ἀξιωθήσῃ.

2105 1288 2172 1343 Ἦ
2204 1288 2262 1342 δέ
2281 1286 2442 1358 τιμία
2479 1287 2618 1356 γυνὴ
2650 1283 2859 1338 τούτων
2889 1281 3205 1347 ἀκούσασα,
3243 1279 3338 1335 καὶ
3365 1281 3434 1332 ἐκ
3475 1271 3688 1350 βάθους

2093 1381 2324 1454 καρδίας
2361 1377 2636 1450 ὀδυνηρῶς
2681 1374 3005 1447 οίμὼξασα,
3037 1373 3132 1427 καὶ
3155 1371 3256 1443 τὴν
3293 1370 3542 1440 κεφαλὴν
3575 1387 3686 1423 κα-

2091 1473 2395 1529 τασείσασα
2421 1510 2438 1537 ,
2497 1465 2653 1524 εἶπεν
2694 1467 2834 1536 πρὸς
2882 1465 3081 1520 αὐτόν·
3132 1463 3326 1518 Ἄπιθι
3364 1462 3460 1516 ἀπ’
3503 1461 3684 1532 ἐμοῦ,

2096 1566 2375 1637 ἄνθρωπε,
2415 1561 2610 1617 ἀπιθιο
2664 1558 2727 1612 τὸ
2781 1556 2997 1628 θέλημα
3027 1554 3124 1610 τοῦ
3167 1553 3380 1625 Κυρίου
3413 1551 3684 1622 γενέσθω.

2181 1657 2238 1710 '0
2291 1654 2348 1708 δέ
2417 1651 2674 1723 βασιλεὺς
2727 1647 2901 1702 ἕωθεν
2956 1646 3164 1716 πλῆθος
3211 1643 3347 1698 λαοῦ
3420 1643 3528 1714 πρὸ
3579 1640 3685 1695 τοῦ

424 1776 515 1814 seu
569 1755 796 1811 Fontem
838 1763 1187 1824 congregata,
1237 1763 1391 1828 ratus
1421 1765 1480 1806 se
1509 1749 1653 1804 illam
1706 1745 1993 1809 ﬂexuram,

2117 1751 2290 1813 ἱστεος
2315 1746 2414 1817 τῆς
2441 1745 2646 1815 Φιάλης
2675 1739 3069 1812 ἐκκλησιάσας,
3093 1739 3169 1802 ώς
3191 1736 3434 1806 νομίζων
3468 1735 3686 1788 πείθειν

423 1848 474 1902 in
506 1846 744 1900 omnium
799 1851 1089 1912 conspectu
1136 1843 1334 1896 nudam
1387 1839 1505 1894 sisti
1543 1837 1725 1908 jussit,
1776 1833 1997 1889 bovillo-

424 1951 649 2004 rumque
671 1949 962 1990 nervorum
994 1931 1265 2003 manipulo
1282 1940 1406 1984 ante
1423 1929 1538 1998 ejus
1557 1927 1739 1984 oculos
1763 1926 1998 1997 olijecto,

423 2031 600 2084 dixit:
637 2026 743 2080 llos
793 2041 980 2100 omnes
1013 2038 1210 2078 nervos
1239 2023 1401 2077 dorso
1465 2031 1520 2075 et
1543 2019 1714 2074 ventri
1750 2028 1840 2072 tuo
1881 2031 2002 2070 ver-

423 2121 662 2175 berando
690 2117 1078 2189 comminjtam,
1113 2116 1212 2169 nisi
1245 2114 1504 2168 nefandas
1525 2110 1799 2188 ‘Stepliani
1827 2109 2003 2178 impu-

423 2212 660 2276 dicitias,
702 2225 852 2280 quas
894 2210 946 2262 in
1017 2219 1068 2262 te
1107 2207 1398 2271 commisit,
1453 2205 1629 2276 palam
1707 2201 1994 2272 producas.

425 2305 633 2372 Quibus
664 2315 785 2356 eum
838 2299 1146 2354 veneranda
1203 2297 1394 2351 mulier
1445 2295 1579 2350 nihil
1627 2295 2001 2364 responderet,

429 2399 508 2452 ira
554 2395 793 2450 fremens
828 2405 1088 2466 tyrannus
1113 2430 1129 2458 ,
1177 2390 1320 2444 illam
1358 2391 1698 2443 meretricem
1745 2385 2002 2456 appellat,

427 2497 482 2543 et
511 2486 737 2557 ﬂagellis
787 2461 918 2539 credi
964 2482 1139 2550 jubet.
1173 2479 1290 2534 Mos
1323 2495 1451 2550 ergo
1499 2490 1622 2533 octo
1662 2461 1870 2533 robusti
1902 2473 2005 2529 viri

431 2593 662 2657 utraque
701 2577 843 2631 illius
891 2589 1052 2630 manu
1105 2573 1468 2643 apprehensa,
1523 2584 1642 2623 eam
1695 2569 1747 2622 in
1791 2568 2004 2621 modum

428 2671 613 2726 crucis
653 2669 706 2723 in
737 2682 863 2722 aere
899 2665 1220 2730 extendunt,
1255 2663 1538 2732 ipsamque
1582 2660 1722 2714 alter
1755 2673 1850 2728 per
1878 2671 2008 2710 ven-

432 2777 600 2831 trem,
654 2761 791 2817 alter
825 2775 924 2832 per
970 2759 1188 2812 dorsum
1245 2755 1374 2809 totis
1422 2753 1628 2807 viribus
1681 2750 2008 2821 percutiunt,

432 2856 565 2911 niliil
591 2854 736 2908 aliud
769 2852 856 2907 illa
885 2849 1100 2905 interim
1130 2847 1408 2917 loquente,
1429 2852 1614 2915 quam,
1642 2841 1754 2897 Non
1773 2842 1893 2896 novi
1916 2840 2012 2894 bo-

435 2952 658 3012 minem,
691 2957 751 3001 ut
782 2956 836 3000 tu
869 2943 1004 2998 dicis
1032 2959 1046 2996 :
1074 2951 1150 3005 et,
1170 2939 1414 3001 Domine,
1433 2937 1712 2995 miserere.
1737 2933 1879 2987 Ante
1898 2931 2013 3003 ejus

433 3053 650 3109 quoque
678 3036 895 3100 faciem,
927 3033 1171 3088 dolosam
1213 3029 1388 3104 ipsius
1433 3026 1682 3082 ancillam
1731 3023 2016 3080 collocavit

441 3141 704 3200 tyrannus
735 3166 752 3194 ,
801 3135 862 3178 ut
911 3121 1056 3176 illam
1111 3133 1293 3174 coram
1346 3115 1598 3172 omnibus
1646 3110 2054 3190 convinceret,"

433 3199 886 3290 quemadmodum
922 3225 1040 3290 eam
1059 3207 1173 3278 ipse
1197 3206 1488 3270 docuerat;
1523 3215 1644 3272 quae
1665 3199 2017 3270 jurejurando

435 3288 708 3366 dominam
760 3288 1048 3376 arguebat,
1083 3299 1254 3374 468
1320 3295 1573 3352 manibus
1625 3303 1815 3348 contra
1870 3290 2016 3346 illam

437 3403 686 3466 sublatis,
720 3399 948 3470 ejusque
999 3393 1190 3450 faciem
1223 3391 1394 3462 sputis
1430 3379 2017 3444 fcedandoJl‘ostremo

438 3497 540 3566 ipsi
573 3505 788 3564 quoque
831 3484 1124 3557 impietatis
1171 3489 1484 3554 symmysta:
1513 3477 1628 3533 sive
1661 3475 1818 3540 socii,
1849 3475 2018 3529 Annae

439 3589 662 3646 auribus
701 3579 1112 3653 obstrepebant,
1153 3588 1210 3632 ut
1239 3575 1293 3630 id
1333 3575 1564 3636 diceret,
1595 3569 1742 3642 quod
1783 3567 2020 3623 maxime

437 3683 658 3755 optabat
682 3679 1070 3749 imperator,et
1087 3673 1158 3727 ita
1180 3669 1408 3724 viveret.
1423 3663 1623 3720 Verum
1667 3661 1755 3718 illa
1770 3661 2020 3718 similiter

439 3794 504 3830 ac
535 3771 784 3844 superius
834 3779 1155 3838 responsum
1203 3761 1387 3816 dabat.
1420 3757 1493 3815 Ut
1521 3764 1702 3810 autem
1759 3763 2020 3824 tyrannus

441 3867 587 3922 illam
604 3842 735 3935 prae
753 3858 964 3916 crudeli
989 3853 1322 3910 laceratione
1343 3850 1610 3920 elinguem
1639 3845 1838 3900 factam
1862 3842 2020 3907 vidit,

443 3933 709 4012 mortuam
749 3965 874 4007 esse
924 3957 1099 4011 ratus,
1155 3943 1362 4014 pudore
1399 3937 1636 3995 suffusus
1679 3951 1738 3990 se
1779 3936 1831 3990 in
1874 3933 2024 4004 pala-

446 4050 580 4102 tium
643 4041 867 4112 recepit,
908 4052 1030 4092 cum
1079 4031 1428 4106 praecepisset
1469 4027 1616 4082 illam
1653 4027 1707 4080 in
1751 4025 2020 4094 quoddam

443 4135 685 4208 Byzantii
714 4129 1104 4188 monasterium
1131 4121 1342 4196 projici,
1367 4119 1513 4175 nulla
1541 4132 1671 4186 erga
1699 4118 1868 4186 ipsam
1893 4129 2024 4169 cura

443 4229 705 4284 adhibita.
729 4223 1076 4294 lpseinterea
1113 4213 1363 4272 meditari
1393 4226 1498 4267 non
1523 4209 1752 4274 destitit,
1785 4221 2022 4278 quonam

446 4322 605 4378 modo
665 4330 913 4376 sanctum
969 4311 1308 4382 Stephanum
1350 4321 1383 4363 e
1428 4304 1606 4361 medio
1659 4301 1875 4374 penitus
1919 4299 2028 4356 tol-

447 4419 599 4473 let-et.

523 4610 654 4665 Eam
678 4607 747 4662 ob
775 4618 887 4660 rem
925 4595 1186 4672 postridie
1219 4608 1382 4649 unum
1418 4608 1449 4650 e
1476 4593 1589 4648 suis
1625 4589 1840 4646 ﬂorenti
1866 4597 2027 4644 aetate

453 4702 693 4774 praeditis
738 4691 1179 4753 adolescentibus
1226 4689 1409 4758 (quem
1472 4683 1691 4753 quidem
1739 4681 2028 4751 plurimum

428 4808 639 4850 'amare
674 4807 794 4846 eum
840 4783 1200 4859 jurejurando
1237 4777 1584 4846 allirmabat),
1613 4776 1902 4845 Georgium
1933 4787 2028 4826 no-

455 4890 622 4948 mine,
651 4890 1012 4954 cegnomento
1041 4873 1356 4948 Syncletutn
1393 4866 1698 4932 accersivit,
1733 4866 1892 4935 eique
1918 4863 2029 4933 pri-

453 4981 626 5036 vatim
683 4977 820 5034 dixit
848 4979 928 5044 (ut
959 4973 1076 5042 ipse
1137 4967 1326 5024 mortis
1360 4973 1607 5032 tempore
1632 4959 1739 5026 liis,
1770 4973 1800 5012 a
1835 4959 2032 5028 quibus

455 5076 589 5130 illud
628 5067 836 5138 accepi,
872 5061 1156 5120 confessus
1207 5057 1315 5129 est)
1348 5053 1634 5122 :Quantus
1681 5059 1784 5117 est,
1811 5048 2030 5118 Georgi,

461 5183 584 5221 tuus
625 5175 753 5235 erga
813 5173 899 5214 me
947 5154 1134 5210 amor?
1181 5153 1281 5207 Cui
1329 5151 1467 5206 ille:
1507 5145 1778 5208 lnlinitus,
1837 5143 2032 5213 inquit,

459 5264 612 5322 here,
643 5253 901 5320 omnique
925 5246 1236 5316 conjectura
1273 5238 1463 5308 major.
1491 5238 1593 5294 Cui
1627 5239 1820 5292 iterum
1862 5236 2030 5304 impe.

462 5348 766 5408 ratorzAu
813 5343 1042 5397 libenter
1090 5336 1194 5391 mei
1247 5347 1432 5388 amore
1480 5338 1706 5384 mortem
1760 5329 2036 5382 subiturus

461 5441 558 5500 es?
620 5442 691 5498 At
751 5438 840 5492 ille
885 5446 1055 5505 prono
1089 5431 1142 5484 in
1197 5435 1396 5482 terram
1439 5423 1638 5492 capite,
1681 5421 2038 5488 manibusque

463 5535 674 5610 pectori
705 5512 940 5595 innexis,
981 5541 1042 5582 se
1069 5521 1218 5578 omni
1261 5518 1542 5572 alacritate
1573 5515 1691 5582 ejus
1732 5528 1894 5568 causa
1921 5529 2039 5566 mo—

466 5604 697 5686 riturum
746 5639 867 5678 esse
897 5616 1062 5692 469
1106 5613 1346 5686 jurabat.
1383 5607 1523 5662 Tum
1562 5606 1857 5675 imperator
1889 5604 2036 5658 illum

465 5717 801 5788 amplexatus
869 5715 990 5768 ait:
1027 5709 1165 5768 Ecce
1208 5719 1376 5760 novus
1451 5699 1596 5754 Isath
1635 5715 1650 5766 ;
1699 5698 1889 5752 deinde
1941 5697 2036 5766 ipsi

2099 1829 2292 1911 αὐτὴν,
2349 1837 2514 1910 μέσον
2559 1836 2780 1891 πάντων
2835 1832 3006 1904 αὐτὴν
3061 1831 3278 1901 γυμνὴν
3329 1828 3684 1899 παραστῆναι

2103 1932 2567 2010 παρεκελεύσατο.
2619 1928 2829 1998 Πλῆθος
2854 1925 2910 1979 δὲ
2947 1921 3257 1995 βουνεῦρων
3285 1919 3394 1991 πρὸ
3421 1918 3530 1972 τῶν
3577 1919 3686 1986 ὀφ-

2103 2025 2326 2096 θαλμῶν
2355 2023 2528 2092 αὐτῆς
2555 2018 2780 2091 προθεὶς
2804 2059 2820 2084 ,
2863 2012 3018 2070 εἶπεν
3045 2031 3059 2045 ·
3110 2012 3313 2067 Ταῦτα
3335 2013 3519 2066 πάντα
3572 2013 3688 2074 τοῖς

2103 2116 2294 2178 νώτοις
2325 2130 2420 2167 σου
2444 2113 2538 2166 καὶ
2567 2113 2632 2182 τῇ
2671 2107 2852 2179 κοιλίᾳ
2880 2103 3173 2168 ἀναλώσω,
3207 2103 3257 2156 εί
3285 2103 3362 2173 μὴ
3389 2103 3490 2165 τὰς
3511 2104 3608 2176 είςι
3629 2101 3692 2152 ob

2101 2209 2196 2263 τοῦ
2227 2206 2499 2274 Στεφάνου
2523 2201 2774 2275 μυσαρὰς
2799 2197 3058 2270 πορνείας
3087 2197 3166 2258 είς
3189 2193 3504 2265 τούμφανὲς
3535 2193 3693 2259 ἐνέγο

2104 2319 2228 2374 κῃς.
2269 2301 2380 2370 Τῆς
2427 2297 2485 2351 δέ
2549 2294 2740 2365 τιμίας
2783 2289 3064 2372 ’γυναικὸς
3108 2285 3278 2360 μηδὲν
3317 2284 3694 2356 ἀποκρινομέ-

2105 2369 2236 2468 νης,
2268 2369 2496 2461 ταύτην,
2532 2369 3024 2458 ἐμϐριμησάμενος
3053 2383 3081 2434 6
3105 2381 3405 2452 τύραννος,
3443 2378 3537 2430 καὶ
3575 2392 3695 2446 μοι·

2106 2467 2297 2555 χαλίδα
2332 2478 2714 2542 ἀποκαλέσας,
2757 2471 3120 2546 μαστίζεσθαι
3156 2469 3370 2540 ταύτην
3416 2467 3693 2540 προσὲτα-

2109 2572 2218 2640 ξεν.
2249 2571 2501 2644 Παρευθὺ
2524 2569 2582 2623 δὲ
2617 2569 2812 2640 ἄνδρες
2841 2564 2988 2620 ὀκτὼ
3017 2565 3259 2634 γενναῖοι
3294 2561 3404 2615 τῶν
3446 2559 3686 2629 ἀμφοτέ·

2112 2683 2222 2742 ρων
2267 2666 2440 2736 αὐτῆς
2486 2661 2873 2732 ἐπιλαϐόμενοι
2914 2656 3148 2729 χειρῶν,
3185 2656 3282 2709 καὶ
3323 2651 3699 2723 σταυροειδῶς

2109 2740 2314 2830 ταύτην
2357 2759 2437 2821 είς
2486 2754 2576 2809 τὸν
2625 2753 2767 2825 ἀέρα
2821 2749 3214 2812 ἁπλώσαντες,
3268 2740 3351 2811 εἷς
3397 2746 3542 2800 κατά
3596 2744 3698 2812 τῆς

2111 2849 2380 2921 γαστρὸς,
2412 2848 2506 2902 καὶ
2552 2841 2635 2910 εἷς
2661 2843 2803 2899 κατά
2835 2841 2934 2896 τοῦ
2967 2840 3139 2895 νώτου
3163 2879 3178 2905 ,
3210 2837 3412 2908 ταύτην
3456 2837 3696 2888 ἔτυπτον

2113 2939 2384 3011 ἀφειδῶς,
2422 2937 2590 3011 μηδὲν
2624 2937 2791 3005 αὐτῆς
2825 2933 2954 2988 ἀλλο
2999 2931 3269 3002 λεγούσης
3294 2971 3310 2996 ,
3357 2928 3392 3000 ἠ
3437 2928 3526 2981 ὅτι
3579 2927 3698 2980 υὺκ

2114 3029 2235 3088 οἶδα
2261 3033 2353 3088 τὸν
2381 3030 2668 3101 ἄνθρωπον
2691 3066 2710 3095 ,
2734 3027 2809 3090 ὡς
2839 3027 2903 3080 σὺ
2947 3024 3128 3092 λέγεις
3159 3039 3174 3053 ο
3205 3022 3302 3076 καὶ
3355 3021 3439 3083 ab,
3476 3037 3497 3072 ι
3521 3019 3696 3089 Κύριε

2115 3125 2360 3194 ἐλέησον.
2406 3140 2426 3174 ι
2467 3121 2738 3188 Ἐστησεν
2769 3117 2826 3180 δέ
2864 3118 2893 3170 6
2921 3115 3190 3186 τύραννος
3213 3111 3335 3165 κατ’
3366 3111 3492 3180 ὄψιν
3526 3109 3697 3177 αὐτῆς

2117 3219 2212 3274 καὶ
2251 3217 2351 3288 τὴν
2379 3213 2559 3268 δολίαν
2587 3205 2760 3282 αὐτῆς
2799 3209 3014 3263 δουλίδα
3049 3207 3292 3277 ἐκείνην,
3333 3204 3586 3273 ἐλέγχειν
3604 3204 3698 3254 αὐ-

2115 3312 2216 3384 τὴν
2265 3309 2430 3382 μέσον
2461 3306 2704 3370 πάντων,
2737 3301 2921 3364 καθὼς
2951 3299 3114 3363 αὐτὸς
3157 3297 3366 3370 ταύτην
3409 3293 3653 3360 ἐδίδαξεν
3673 3309 3690 3323 ο

2126 3406 2252 3478 ἥτις
2297 3402 2390 3456 καὶ
2425 3399 2717 3471 ἐξήλεγχεν
2753 3395 3132 3478 ἐξομνυμένη,
3176 3395 3367 3462 χεῖρας
3409 3387 3554 3444 κατὰ
3599 3387 3693 3455 τῆς

2118 3476 2316 3567 κυρίας
2361 3491 2666 3562 ἐπαίρουσα
2689 3528 2705 3552 ,
2757 3486 2852 3540 καὶ
2903 3477 3120 3554 πτυέλῴ
3164 3482 3264 3552 τῆς
3299 3479 3596 3548 δεσποίνης
3635 3476 3694 3530 τὸ

2122 3588 2420 3660 πρόσωπον
2461 3581 2902 3653 καταδρέχουσα.
2937 3575 3138 3631 Λοιπὸν
3172 3569 3266 3628 οὖν
3293 3571 3527 3628 καὶτῶν
3563 3585 3698 3638 συμ-

2122 3679 2344 3754 μυστῶν
2399 3677 2499 3748 τῆς
2544 3672 2802 3735 ἀσεϐείας
2844 3669 2984 3740 πρὸς
3028 3666 3130 3730 τὰς
3181 3665 3352 3728 ἀκοὰς
3399 3661 3573 3730 αὐτῆς
3615 3661 3695 3712 ἐν·

2122 3759 2403 3846 ηχοιῖντων
2429 3768 2604 3822 εἰπεῖν
2633 3765 2694 3819 τὸ
2713 3764 2809 3818 τοῦ
2843 3761 3108 3833 βασιλέως
3133 3756 3573 3829 θυμηρέστατον,
3605 3754 3696 3807 καὶ

2124 3867 2321 3938 ζῆσαι,
2358 3859 2731 3932 αὑτὴ·ὁμοίως
2775 3859 2844 3928 τῇ
2877 3853 3124 3926 προτέρᾳ
3149 3853 3303 3920 φωνῇ
3335 3847 3692 3918 ἀπεκρίνατο.

2135 3933 2224 4020 Ἱίς
2253 3955 2312 4008 δέ
2356 3948 2495 4007 εἶδεν
2537 3952 2566 4004 6
2596 3947 2859 4021 τύραννος
2910 3947 3014 4017 ἤδη
3054 3942 3228 4012 αὐτὴν
3259 3941 3478 4008 ἄφωνον
3513 3941 3577 3990 ἐκ
3603 3933 3692 3989 τοῦ

2136 4044 2402 4118 ἀνηλεοῦς
2429 4041 2642 4118 δαρμοῦ
2672 4039 2982 4108 γεγονυῖαν,
3015 4037 3108 4088 καί⁸
3123 4033 3284 4098 δόξας
3317 4029 3492 4101 αὐτὴν
3515 4025 3698 4082 τεθειάο

2129 4156 2240 4204 ναι,
2279 4135 2522 4199 ἀναστὰς
2547 4133 2684 4206 πρὸς
2716 4133 2778 4184 τδ
2806 4128 3067 4183 παλάτιον
3095 4125 3272 4180 είσέδυ
3303 4120 3697 4194 κατησχυμμέ-

2128 4248 2238 4298 νος,
2285 4227 2597 4301 προστάξας
2639 4223 2810 4295 αὐτὴν
2859 4223 2917 4274 ἐν
2973 4221 3054 4274 ἐνί
3102 4217 3212 4271 τῶν
3263 4215 3358 4270 τοῦ
3399 4212 3695 4278 Βυζαντίου

2131 4321 2513 4394 μοναστηρίων
2558 4310 3256 4394 ριφῆναιοάνεπιμέλητονο
3305 4305 3471 4367 αὐτὸς
3508 4305 3564 4358 δέ
3602 4304 3697 4357 οὐκ

2130 4413 2366 4470 ἐπαύετο
2411 4407 2800 4482 μηχανώμενος
2830 4405 2893 4460 τὸ
2936 4405 3086 4468 ὅπως
3139 4401 3232 4456 τὸν
3283 4397 3438 4469 ἀγιον
3487 4396 3698 4458 πάντως

2132 4507 2438 4562 ἀποκτενεῖ.

2158 4637 2166 4642 υ
2206 4598 2320 4652 Καὶ
2370 4598 2436 4668 τῇ
2483 4593 2613 4663 ἐξῆς
2668 4588 3189 4662 προσκαλεσάμενος
3234 4585 3333 4638 ἕνα
3379 4583 3491 4636 τῶν
3539 4578 3698 4636 αὑτοῦ

2141 4687 2501 4761 σφριγώντων
2544 4684 2863 4754 νεωτέρων,
2903 4681 2964 4734 ὃν
3007 4678 3104 4733 καὶ⁸
3151 4677 3324 4730 πολλά
3355 4675 3576 4744 ἀγαπᾷν
3624 4671 3704 4736 ἐξ-

2135 4781 2376 4853 ώμνυτο,
2405 4773 2958 4848 Γεώργιοντοῦνομα,
2988 4772 3052 4824 τὸ
3081 4769 3312 4839 ἐπίκλην
3341 4764 3704 4835 Συγκλητοῦν,

2137 4873 2287 4942 λέγει
2317 4868 2466 4938 αὐτῷ
2492 4865 2615 4921 κατ’
2649 4866 2786 4919 ἰδίαν
2835 4863 2952 4933 (ὡς
2981 4861 3149 4924 αὐτὸς
3188 4860 3310 4928 μεθ’
3341 4859 3525 4929 ὅρκων
3557 4859 3613 4909 ἐν
3638 4855 3710 4924 τῷ

2139 4963 2358 5032 θανάτῳ
2400 4959 2566 5014 αὑτοῦ
2592 4954 2912 5026 ἐξήγγειλεν
2935 4957 3050 5017 τοῖς
3074 4952 3197 5022 ἐμοὶ
3227 4949 3668 5018 ἀπαγγείλασιν)
3696 4963 3708 4974 °

2143 5056 2315 5118 Πόσος
2351 5049 2499 5125 ἆρα,
2532 5047 2773 5122 Γεώργιε
2798 5087 2814 5112 ,
2861 5048 2890 5099 6
2943 5045 3084 5116 πρὸς
3129 5042 3230 5113 ἐμέ
3265 5059 3363 5096 σου
3399 5040 3607 5107 πόθος;
3655 5039 3712 5092 '0

2140 5148 2198 5202 δέ
2243 5160 2438 5215 φησιν·
2497 5141 2852 5210 Ἀπέραντος.
2887 5135 3157 5196 δέσποτα,
3191 5133 3286 5186 καὶ
3319 5129 3574 5200 εικασμῷ
3621 5131 3714 5198 οῦκ

2141 5234 2598 5304 ὑποϐαλλόμενος.
2636 5229 2805 5286 Πάλιν
2837 5231 2974 5298 πρὸς
3005 5225 3170 5278 αὐτὸν
3211 5227 3241 5277 6
3275 5221 3533 5294 βασιλεύς
3554 5235 3568 5250 ⁸
3615 5223 3716 5274 Καὶ

2143 5327 2385 5402 εὐχερῶς
2411 5326 2555 5397 ἔχεις
2584 5322 2726 5396 ὑπὲρ
2754 5321 2854 5392 τῆς
2879 5321 3021 5392 ἐμῆς
3055 5319 3278 5388 ἀγάπης
3310 5316 3713 5384 ἀποθνήσκειη

2161 5423 2220 5476 '0
2249 5421 2308 5473 δὲ
2348 5419 2486 5490 πρὸς
2523 5416 2630 5486 γῆν
2659 5409 2960 5475 νενευκὼς,
2996 5410 3090 5464 καὶ
3118 5409 3186 5462 τὰ
3225 5410 3378 5478 χεῖρε
3413 5409 3530 5468 τοῖς
3565 5407 3718 5476 σπέρ-

2148 5527 2260 5574 νοις
2308 5506 2478 5562 αὑτοῦ
2526 5505 2780 5575 ἐνδήσας,
2820 5499 3104 5571 ἐξώμνυτο
3135 5498 3274 5570 μετὰ
3306 5495 3487 5564 πάσης
3524 5497 3722 5568 προθνο

2149 5601 2276 5674 μίας
2311 5599 2454 5671 ὑπὲρ
2485 5595 2654 5652 αὐτοῦ
2685 5593 3075 5662 ἀποθνήσκειν.
3105 5590 3214 5643 Καὶ
3247 5589 3276 5640 6
3309 5587 3565 5658 βασιλεὺς
3605 5583 3719 5638 τοῦ·

2146 5709 2237 5745 τον
2285 5689 2671 5759 ἀσπασάμενος
2725 5685 2832 5754 ἔφη
2860 5697 2874 5710 ·
2920 5681 3024 5734 Ἴδε
3072 5679 3167 5734 καὶ
3215 5677 3332 5740 νέος
3377 5675 3600 5729 Ἰοαᾶπυ
3636 5674 3722 5728 ml
