3972 6220
424 255 561 320 113-5

1623 255 1968 316 STEPHAN
1977 255 2001 314 Ι
2041 255 2349 316 DIACONI
2386 255 2495 316 (ΣΡ.

3543 258 3701 323 1136

423 369 598 424 salute
626 367 680 421 iu
709 365 1083 437 captivitatem
1121 365 1376 430 abducat,
1411 364 1766 436 pristinisque
1804 364 2011 434 laqueis

2123 365 2341 438 τρόπου,
2385 363 2494 417 ίδοὺ
2546 360 2732 416 θεόθεν
2760 317 3130 434 ὁδηγούμενος
3153 406 3168 430 ,
3197 365 3267 419 τά
3299 317 3708 438 τῇδε-κατέλαῖ

428 457 688 528 tmplicet.
727 459 796 512 At
832 457 919 511 ille
959 459 1150 510 iterum
1183 457 1472 525 procidens
1503 457 1746 512 instabat
1771 457 1855 511 his
1879 473 2001 511 ver-

426 554 512 606 bis
542 569 555 604 :
592 550 880 604 Rationem
930 562 1026 616 pro
1054 561 1139 602 me
1175 548 1284 602 Deo
1334 547 1550 611 reddes,
1582 547 1740 602 sime
1775 547 2004 601 tonden-

2107 456 2202 510 ϐον
2226 473 2239 487 ·
2275 457 2370 509 καὶ
2419 454 2537 520 νῦν,
2593 453 2745 525 τίμιε
2779 455 2985 525 Πάτερ.
3043 457 3119 527 μὴ
3147 455 3558 528 ἑξοστρακισθῶ
3587 458 3706 528 τῆς

2105 547 2460 618 ψυχοσὼστου
2489 563 2586 600 σου
2617 545 2870 610 συνοδίας
2898 563 2912 577 °
2943 547 3084 601 ἀλλὰ
3115 547 3337 619 τύχοιμι
3383 549 3478 602 τοῦ
3515 549 3707 618 ἀγγε-

428 644 555 697 dum
617 639 822 696 differs.
879 637 976 694 Cui
1030 651 1252 694 sanctus
1283 655 1298 692 :
1329 638 1385 694 Si
1419 638 1472 693 id
1499 638 1714 708 quidem
1761 637 2002 707 periculo

2123 637 2258 692 ιικοῦ
2293 639 2592 710 σχήματος.
2635 637 2693 692 Ὀ
2727 638 2784 692 δὲ
2808 637 2990 710 τίμιος
3007 640 3282 709 Στέφανος
3309 640 3447 712 πρὸς
3478 641 3655 693 αὐτόν
3681 656 3700 671 ο

429 745 667 798 vacaret,
716 745 902 786 vocem
947 729 1315 800 evangelicae)
1384 730 1688 800 implerem,
1745 726 1882 786 Eum
1914 729 2007 799 qui

429 826 560 882 venit
598 823 667 877 ad
700 837 780 878 me
815 837 919 877 non
965 821 1176 893 ejiciam
1210 825 1358 892 [orae
1397 821 1462 878 ".
1495 822 1718 888 Quando
1767 836 1914 884 Vero,
1948 832 2007 875 ut

427 916 656 980 asseris,
695 929 762 970 ex
806 923 918 970 toto
949 913 1114 968 corde
1159 913 1398 980 accedis,
1429 912 1660 983 idipsum
1713 912 2003 982 praestabo.

430 1005 544 1060 ΙΙοο
591 1013 799 1060 tantum
849 1017 1020 1067 cave,
1080 1016 1149 1056 ne
1229 1011 1281 1056 te
1347 1001 1575 1058 tentatin
1613 1000 2007 1071 apprehendat.

429 1098 636 1166 Quibus
678 1097 858 1160 dictis,
891 1095 1042 1150 illum
1075 1093 1319 1150 saeculari
1355 1107 1508 1148 veste
1543 1095 1716 1162 exuit,
1752 1092 2012 1148 obedien-

431 1190 626 1259 tizrque
691 1188 1021 1245 vestimento
1085 1186 1258 1241 induit
1292 1203 1305 1240 :
1335 1185 1500 1258 472
1521 1186 1710 1257 sicque
1763 1185 1854 1241 ille
1903 1195 2011 1242 tres

431 1282 547 1336 dies
586 1284 716 1348 egit.

2109 731 2186 785 Ού
2216 729 2456 800 δύναμαι
2492 729 2653 784 τοῦτο
2675 730 2902 801 ποιῆσαι
2925 730 3016 784 διά
3046 729 3141 785 τὸν
3168 731 3559 803 ἐπηρτημένον
3584 731 3706 786 κευ-

2109 825 2266 878 δυνον
2299 822 2394 877 τοῦ
2425 823 2712 894 τυράννου,
2751 823 2828 894 μή
2869 839 2987 887 πως
3017 823 3213 895 μαθὼν
3255 823 3703 895 ἐξανδραποδίσῃ

2116 929 2210 968 σου
2252 913 2352 982 τὴν
2396 911 2576 982 ψυχὴν
2613 912 2717 982 τῆς
2751 913 3069 984 σωτηρίας,
3113 915 3210 969 καί
3257 917 3378 978 ταῖς
3432 915 3704 985 ἀρχαίαις

2111 1001 2488 1075 περιεμπλέξῃ
2545 1003 2750 1072 πάγαις
2800 1003 2850 1056 δ.
2906 1003 2965 1057 ⁸0
3014 1004 3071 1058 δὲ
3127 1004 3292 1058 πάλιν
3347 1005 3550 1058 ἔπιπτε
3601 1005 3705 1058 καὶ

2109 1095 2294 1166 ᾐτεῖτο
2325 1093 2499 1164 λέγων
2526 1111 2541 1125 ο
2573 1095 2748 1163 Λόγον
2771 1094 2913 1166 ὑπὲρ
2943 1093 3078 1164 ἐμοῦ
3110 1094 3415 1159 ἀποδώσεις
3444 1095 3524 1165 τῷ
3547 1095 3701 1166 Θεῷ,

2111 1186 2207 1240 ἐάν
2241 1187 2457 1259 ύπέρθῃ
2498 1186 2594 1242 τοῦ
2644 1186 2939 1257 ἀποκεῖραι
2994 1203 3080 1258 με.
3131 1187 3194 1242 '0
3244 1189 3302 1243 δὲ
3334 1189 3488 1258 ἅγιος
3529 1190 3704 1242 πάλιν

2113 1279 2251 1349 πρὸς
2275 1279 2458 1332 αὐτόν’
2482 1279 2546 1334 Ei
2572 1275 2640 1350 ἦν
2663 1279 2966 1344 ἀκίνδυνον,
2999 1279 3298 1351 ἐπλήρωσα
3321 1279 3388 1334 ἀν
3409 1281 3508 1352 τὴν
3531 1281 3707 1348 εὐαγ-

434 1374 654 1446 γελικὴν
684 1373 889 1445 φωνὴν,
919 1377 1003 1429 ὅτι
1037 1371 1149 1428 Τὸν
1171 1371 1502 1443 ἐρχόμενον
1529 1373 1680 1443 πρός
1701 1389 1778 1443 με
1815 1375 1886 1428 οὐ
1919 1372 2007 1444 μὴ
2045 1372 2280 1428 ἐκϐάλω
2318 1374 2456 1440 ἔξω.
2504 1375 2773 1444 Ἐπείπερ
2830 1373 2889 1428 δὲ
2915 1412 2931 1440 ,
2956 1375 3033 1438 ὡς
3095 1374 3235 1448 ἔφης
3261 1415 3277 1441 ,
3315 1379 3372 1444 ἐξ
3403 1377 3534 1448 ὅλης
3559 1393 3707 1448 καρ-

428 1469 548 1534 δίας
587 1469 934 1541 ίπροσέρχῃ,
969 1463 1130 1519 τοῦτο
1185 1465 1397 1537 πληρῶ.
1432 1465 1606 1521 Βλέπε
1651 1467 1708 1521 δὲ
1743 1465 1928 1537 μόνον,
1981 1465 2057 1536 μή
2102 1482 2162 1519 σε
2218 1467 2502 1540 καταλάϐῃ
2569 1466 2897 1539 πειρασμός.
2944 1467 3055 1520 Καὶ
3089 1467 3264 1524 ταῦτα
3320 1469 3516 1536 εἰπὼν,
3557 1470 3708 1523 ἀπο·

428 1563 544 1618 δύει
577 1563 738 1617 αύτδν
768 1562 867 1632 τὴν
901 1555 1174 1630 κοσμικὴν
1203 1559 1444 1630 ἐσθῆτα,
1485 1559 1579 1614 καὶ
1613 1558 1796 1630 βάλλει
1843 1559 2006 1614 αὑτὸν
2044 1558 2146 1630 τῆς
2211 1559 2494 1630 ὑποταγῆς
2523 1559 2583 1614 τὸ
2620 1559 2826 1630 ἔνδυμα
2847 1573 2862 1589 ο
2899 1559 2994 1611 καὶ
3057 1559 3319 1630 ἐποίησεν
3344 1558 3520 1624 οὕτως
3553 1562 3706 1632 ἠμέ-

429 1672 533 1728 ρας
561 1656 730 1726 τρεῖς.

503 1747 728 1802 iuterim
758 1755 1038 1815 tyrannus,
1081 1743 1311 1805 collecta
1380 1741 1570 1812 plebe,
1617 1741 1671 1796 iu
1711 1743 2006 1813 hippodro-
2041 1758 2084 1814 Β

433 1838 792 1904 miitheatro,
848 1839 916 1892 ad
947 1838 1152 1908 gradus
1194 1834 1286 1905 qui
1352 1834 1602 1890 Russatze
1652 1834 1906 1890 factionis
1931 1835 2014 1889 di-

430 1941 654 1996 cuntur,
683 1929 797 1998 ipse
823 1937 974 1982 stans
1001 1927 1056 1981 in
1095 1926 1370 1997 superiori
1417 1934 1575 1994 parte
1607 1925 1659 1980 iu
1695 1927 1809 1980 lucc
1851 1926 2014 1980 verba

433 2027 613 2095 erupit
649 2040 663 2077 :
695 2019 852 2076 Nulla
915 2019 1044 2074 mihi
1101 2035 1230 2088 pars
1273 2018 1396 2074 vita:
1450 2029 1534 2072 cst
1579 2034 1702 2074 cum
1755 2019 2015 2073 nefando-

437 2131 556 2170 rum
605 2113 717 2168 Deo
749 2111 924 2166 invisa
961 2119 1158 2164 turma.
1195 2108 1402 2179 Pepulo
1439 2117 1624 2166 autem
1675 2108 1918 2164 ululante
1961 2117 2018 2164 et

437 2208 769 2262 tumultuose
821 2202 1090 2258 clamante
1147 2199 1268 2256 :Ne
1309 2199 1590 2271 vestigium
1626 2187 1843 2270 quidem
1894 2199 2015 2256 illo—

437 2313 558 2352 rum
596 2295 815 2351 habitus
863 2295 916 2350 in
952 2301 1042 2348 tua
1075 2293 1212 2348 urbe
1252 2300 1555 2363 comparet,
1586 2292 1840 2360 domine;
1898 2293 2014 2362 ipse

439 2390 697 2462 iracunde
722 2387 978 2444 clamavit
1010 2404 1024 2441 :
1056 2386 1252 2441 Eorum
1304 2384 1536 2440 insidias
1567 2385 1844 2440 sustinere
1895 2385 2011 2460 jam

441 2497 678 2553 nequeo.
707 2480 912 2537 Omnes
945 2479 1090 2534 enim
1130 2477 1259 2532 mihi
1314 2477 1562 2532 subditos
1606 2476 1919 2533 subduxere
1961 2485 2017 2534 et

441 2575 684 2632 tenebris
728 2573 1021 2629 tradidere.
1070 2569 1215 2638 Quin
1265 2570 1429 2624 etiam
1471 2569 1556 2625 his
1612 2584 1720 2624 non
1775 2569 2015 2624 contenti

444 2682 578 2722 mea:
610 2665 806 2720 anima:
848 2661 1283 2718 amantissimum
1305 2657 1597 2728 Georgium
1629 2657 1964 2730 Syncletum.
1984 2672 2016 2714 e

429 2775 562 2815 meo
623 2758 830 2813 femore
877 2753 1268 2824 arripuerunt,
1308 2747 1612 2819 abhamque
1656 2750 1773 2804 sive
1831 2763 2018 2803 mona-

439 2853 603 2906 chum
658 2848 860 2905 fecere.
900 2845 946 2902 0
1006 2845 1223 2900 illorum
1275 2840 1602 2897 insidiarum
1665 2839 2017 2895 violentiaml

442 2941 670 3006 Verum,
702 2937 1124 2996 sollicitudinem
1155 2941 1395 2990 nostram
1453 2935 1520 2986 ad
1569 2930 1858 2985 Dominum
1893 2943 2014 3000 pro-

439 3035 697 3106 ﬁciamus
757 3049 772 3086 ς
831 3031 1058 3101 ipseque
1109 3026 1262 3084 illum
1309 3024 1420 3079 cito
1472 3022 1782 3094 patefaciet.
1818 3021 2016 3077 Preces

2193 1745 2254 1799 Ὀ
2273 1744 2331 1798 δὲ
2358 1743 2736 1816 τύραννος-τὸν
2756 1743 2885 1798 λαὸν
2911 1745 3267 1821 συναθροίσας
3289 1747 3349 1800 ἐν
3369 1745 3448 1816 τῷ
3475 1745 3704 1819 θεάτρῳ

2114 1836 2208 1891 τοῦ
2235 1835 2596 1908 ἱπποδρομίαν
2620 1877 2634 1902 ,
2667 1837 2805 1907 πρὸς
2840 1837 2965 1898 τοὺς
2997 1836 3352 1908 ἀναϐαθμοὺς
3384 1838 3496 1908 (Hi
3519 1879 3536 1904 ,
3559 1839 3698 1893 ἔνθα

2113 1927 2429 1998 ἐπιλέγεται
2461 1925 2531 1980 τά
2562 1927 2656 1980 τοῦ
2683 1927 2933 1998 ῥουσίου,
2967 1927 3130 1991 αὐτὸς
3169 1927 3408 1998 ὕπερθεν
3441 1928 3578 1990 στάς
3603 1927 3696 1994 ἐξ-

2118 2022 2350 2092 εϐόησεν
2379 2019 2508 2074 τάδε
2530 2036 2544 2050 ·
2582 2019 2696 2072 Ούκ
2729 2018 2879 2072 ἐστιν
2907 2035 2997 2088 μοι
3025 2017 3173 2088 ζωῆς
3206 2018 3374 2092 μέρος
3427 2019 3572 2089 μετὰ
3597 2017 3700 2071 τοῦ

2115 2111 2445 2181 θεοστυγοῦς
2472 2111 2582 2165 τῶν
2613 2112 3046 2182 ἀμνημονεύτων
3081 2110 3275 2181 ἐσμοῦ.
3321 2110 3431 2164 Τοῦ
3457 2110 3517 2164 δέ
3566 2109 3702 2164 λαοῦ

2113 2201 2464 2269 ὀλολύξαντος
2525 2200 2621 2254 καὶ
2677 2197 2933 2272 θορυϐεῖν
2984 2199 3397 2270 ἐπιχειροῦντος
3424 2240 3440 2263 ,
3499 2202 3694 2268 6mm?

2115 2295 2250 2350 Οὐδὲ
2271 2296 2417 2365 ίχνος
2439 2293 2621 2348 αὐτῶν
2649 2291 2747 2347 τοῦ
2773 2293 3056 2363 σχήματος
3073 2292 3346 2362 πέφανται
3365 2293 3426 2347 ἐν
3445 2297 3511 2365 τῇ
3547 2295 3702 2348 πόλει

2117 2404 2246 2452 σου,
2299 2386 2538 2440 δέσποτα
2564 2400 2580 2415 ’
2615 2383 2854 2457 ὀργίλως
2901 2383 3064 2448 αὐτὸς
3119 2383 3441 2456 ἐξεϐόησεν·
3497 2387 3704 2440 Οὐκέτι

2115 2477 2449 2549 ὑποφέροιμι
2485 2475 2586 2540 τάς
2619 2476 2810 2542 αὐτῶν*
2831 2473 3147 2539 ἐπιϐουλάς.
3177 2474 3397 2538 Πάντας
3424 2475 3536 2547 γὰρ
3573 2477 3701 2538 τοὺς

2115 2571 2208 2626 ὑπ’
2262 2571 2362 2642 ἐμὲ
2408 2569 2711 2641 ύπέσυραν,
2739 2569 2836 2622 καὶ
2880 2571 2947 2639 τῇ
2985 2567 3174 2639 σκοτίᾳ
3219 2568 3573 2640 παρέδωκαν,
3606 2570 3703 2624 καὶ

2119 2665 2195 2737 μὴ
2224 2662 2591 2736 ἀρκεσθέντες
2635 2660 2746 2715 ἰδοὺ
2777 2661 2874 2714 καὶ
2899 2661 2992 2713 τὸν
3020 2659 3295 2730 προσφιλῆ
3333 2677 3441 2731 μου
3469 2660 3569 2731 τῆς
3595 2662 3703 2729 ψυ-

2120 2755 2248 2827 χῆς,
2277 2755 2316 2807 Γ
2319 2753 2552 2824 εὼργιόν
2584 2769 2744 2824 φημι
2765 2751 2860 2805 τὸν
2887 2749 3258 2822 Συγκλητοῦν,
3289 2753 3354 2804 ἐκ
3381 2751 3478 2805 τοῦ
3514 2751 3698 2822 μηροῦ

2119 2863 2222 2918 μου
2277 2844 2752 2916 ἀφαρπάσαντες,
2810 2840 2985 2895 άϐϐᾶν
3039 2842 3430 2912 πεποιήκασιν.
3474 2837 3550 2894 Ὦ
3603 2841 3700 2912 βία

2116 2936 2224 2990 ἀπὸ
2273 2929 2372 3006 τῆς
2409 2933 2616 2988 τούτων
2648 2932 2946 3002 ἐπιϐουλῆς
2974 2933 2990 2987 l
3025 2931 3168 2985 Ἀλλ’
3195 2928 3290 2986 οὖν
3325 2932 3573 3003 ῥίψωμεν
3603 2935 3698 2988 ἐπὶ

2119 3025 2324 3096 Κύριον
2361 3024 2459 3096 τὴν
2502 3025 2770 3096 μέριμναν
2815 3023 3008 3094 ἡμῶν,
3053 3024 3150 3078 καὶ
3190 3024 3354 3087 αὐτὸς
3389 3025 3699 3096 φανερώσει

447 3135 656 3184 tantum
711 3124 1088 3179 adhibeamus.
1124 3119 1280 3175 Tunc
1339 3117 1575 3172 universi
1615 3116 1839 3172 dixere:
1875 3113 2016 3170 Vere

2123 3115 2298 3175 αὐτὸν,
2317 3116 2374 3168 ἐν
2395 3115 2588 3185 τάχει,
2627 3115 2786 3186 μόνον
2815 3114 2981 3185 εύχὴν
3009 3112 3390 3185 ποιησώμεθα.
3421 3115 3536 3168 Καὶ
3559 3106 3696 3170 πάνε-

444 3237 540 3277 cor
566 3230 714 3276 tuum
752 3217 806 3274 in
834 3231 994 3272 manu
1019 3213 1112 3270 Dei
1138 3230 1155 3281 ;
1189 3222 1350 3281 teque
1367 3218 1617 3266 orantem
1645 3211 1888 3278 profecto
1915 3220 2012 3261 ex-

441 3309 626 3364 audiet
666 3305 941 3362 Dominus.

513 3398 696 3455 Tertia
737 3405 919 3451 autem
953 3394 1040 3449 die
1077 3391 1388 3460 interiecta.
1414 3387 1760 3446 venerandus
1789 3385 2018 3454 Stepha-

447 3508 549 3552 nus
575 3491 870 3560 Georgium
898 3527 915 3551 ,
947 3500 1204 3558 perversa
1230 3483 1529 3540 calliditate
1559 3480 1871 3552 prmditum,
1901 3487 2021 3548 post

443 3586 676 3658 plurima
729 3577 1130 3637 exhortationis
1185 3575 1389 3641 verba,
1449 3574 1682 3631 totondit
1733 3583 1787 3628 et
1829 3579 2020 3627 saneto

447 3681 636 3736 habitu
687 3675 885 3732 induit.
932 3671 1003 3725 At
1041 3669 1204 3741 473
1257 3669 1348 3724 ille
1405 3666 1708 3738 iniquitatis
1748 3664 2019 3728 minister,

447 3772 581 3827 nihil
613 3782 802 3824 eorum
839 3779 960 3833 qua:
995 3763 1089 3817 Dei
1136 3769 1262 3816 sunt
1321 3774 1549 3816 servans
1585 3757 1754 3828 (nam,
1793 3765 1849 3810 ut
1885 3754 2022 3810 scri-

446 3870 596 3933 ptum
624 3868 727 3923 est,
747 3855 812 3912 In
841 3853 1149 3910 malevola»:
1169 3853 1400 3908 animum
1425 3868 1530 3906 non
1550 3848 1788 3905 introibit
1812 3847 2022 3915 sapien-

447 3956 524 4009 tia
557 3949 652 4025 ⁷⁰,)
679 3960 798 4022 post
828 3959 941 4004 tres
971 3947 1105 4000 alios
1135 3946 1254 4000 dies
1277 3943 1412 4000 colle
1440 3943 1653 4008 relicto,
1684 3942 1752 3997 ad
1787 3943 2022 4010 impera-

447 4057 584 4104 IOI'IS
608 4046 787 4099 aulam
820 4040 1031 4112 aufugit
1051 4053 1247 4108 ;quem
1277 4035 1652 4092 amantissime
1675 4033 1889 4102 excepit
1920 4033 2022 4086 im-

445 4147 684 4210 perator,
718 4145 903 4205 utpote
929 4133 1022 4204 qui
1053 4131 1322 4196 fraudem,
1343 4143 1506 4199 quam
1543 4127 1655 4197 ipse
1680 4124 2022 4189 moliebatur,

447 4232 512 4290 ad
547 4231 796 4288 etiectum
819 4227 1181 4298 perduxerat;
1215 4235 1450 4291 eumque
1473 4219 1748 4295 osculatus
1779 4227 1884 4282 est,
1917 4230 2023 4272 non

449 4325 687 4389 habitus,
739 4323 836 4377 sed
883 4315 1335 4386 transgressionis
1359 4327 1546 4376 causa,
1581 4319 1720 4366 etut
1770 4324 1901 4363 ansa
1939 4325 2018 4362 re-

2118 3225 2211 3272 τες
2239 3203 2392 3264 εἷπον
2421 3223 2435 3237 ο
2474 3207 2714 3278 Ἀληθῶς
2761 3207 2798 3275 ἡ
2840 3205 3038 3278 καρδία
3087 3223 3184 3260 σου
3229 3209 3290 3260 ἐν
3340 3208 3490 3278 χειρὶ
3517 3208 3692 3274 θεοῦ,

2119 3299 2214 3353 καὶ
2238 3299 2495 3369 δεομένου
2537 3315 2630 3352 σου
2661 3298 2882 3361 πάντως
2914 3297 3296 3352 εἰσακούσεται
3325 3298 3557 3370 Κύριος.

2191 3392 2348 3446 Μετὰ
2385 3391 2442 3445 δέ
2485 3390 2675 3462 τρίτην
2724 3390 2936 3461 ἡμέραν
2979 3390 3008 3442 ὁ
3049 3389 3379 3461 τιμιώτατος
3422 3392 3694 3461 Στέφανος

2118 3482 2210 3536 τὸν
2242 3480 2550 3553 πανοῦργον
2586 3482 2642 3534 ἐν
2669 3480 2908 3552 πονηρίᾳ
2940 3479 3214 3550 Γεώργιον
3247 3480 3422 3535 πολλὰ
3454 3484 3691 3552 κατηχή-

2121 3592 2220 3640 σας
2246 3575 2538 3646 ἀπέκειρεν
2559 3614 2574 3640 ,
2612 3574 2708 3628 καὶ
2742 3573 2991 3629 ἐνέδυσεν
3019 3575 3181 3630 αὐτὸν
3211 3574 3273 3628 τὸ
3304 3573 3460 3644 ἅγιον
3489 3575 3690 3645 σχῆμα.

2133 3668 2192 3722 '0
2214 3668 2270 3722 δὲ
2301 3668 2402 3739 τῆς
2427 3667 2657 3738 ἀνομίας
2691 3667 2989 3740 ὑπουργὸς,
3015 3667 3182 3738 μηδὲν
3209 3669 3567 3738 συντηρήσας
3589 3668 3693 3720 τῶν

2120 3760 2216 3814 τοῦ
2241 3757 2378 3813 Θεοῦ
2409 3759 2539 3828 (καὶ
2573 3757 2680 3830 γάρ
2715 3759 2821 3823 Εἰς
2849 3758 3222 3827 κακότεχνον
3262 3758 3479 3826 ψυχὴν
3511 3757 3690 3826 (fascia

2121 3853 2236 3908 οὐκ
2269 3851 2708 3917 είσελεύσεται,
2739 3849 2814 3912 ὡς
2835 3851 2930 3904 καὶ
2951 3849 3321 3919 γέγραπται),
3361 3849 3504 3918 μετά
3529 3848 3690 3918 ἄλλην

2121 3943 2312 4013 τρίτην
2351 3943 2568 4012 ἡμέραν
2607 3941 2701 3995 τοῦ
2737 3941 2932 4011 βουνοῦ
2975 3939 3154 4011 φυγὰς
3184 3940 3358 4011 ῷχετο
3395 3942 3476 4004 είς
3502 3941 3572 3993 τὰ
3603 3939 3690 4011 βα-

2124 4033 2300 4088 σίλεια
2319 4049 2333 4063 ·
2359 4029 2480 4087 εἶτα
2518 4032 2738 4103 δέχεται
2764 4031 2952 4086 τοῦτον
2979 4033 3233 4103 ἀσμένως
3257 4032 3291 4084 6
3313 4031 3587 4102 βασιλεὺς,
3621 4032 3691 4093 ὡς

2123 4123 2223 4192 τῆς
2262 4124 2398 4187 ιδίας
2446 4122 2611 4177 αὑτοῦ
2652 4121 2956 4194 σκαιωρίας
3005 4123 3068 4176 τδ
3111 4122 3475 4194 ἐπιτήδευμα·
3495 4123 3694 4192 ἐκπλη-

2127 4215 2400 4288 ρώσαντα,
2434 4215 2722 4284 καταφιλεῖ
2751 4213 2965 4278 τοῦτον,
3003 4215 3064 4268 ού
3096 4214 3185 4268 διὰ
3211 4215 3274 4268 τὸ
3321 4216 3531 4286 σχῆμα,
3566 4217 3694 4270 ἀλλὰ

2124 4307 2212 4361 διά
2244 4305 2344 4378 τὴν
2385 4305 2734 4378 παράϐασιν,
2784 4306 2881 4358 καὶ
2923 4305 3000 4368 ὡς
3038 4305 3311 4376 πρόφασιν
3347 4305 3528 4377 εὑρὼν
3561 4308 3691 4359 ἀπο-

447 4427 600 4488 perta
647 4429 838 4470 necem
905 4417 1098 4464 sancto
1146 4404 1433 4461 inferendi.
1497 4402 1663 4474 Igitur
1719 4411 2019 4471 opportuna

2127 4402 2340 4452 κτεῖναι
2362 4400 2452 4452 τὸν
2489 4400 2644 4467 διγιον
2663 4413 2678 4430 ’
2709 4399 2804 4452 καὶ
2833 4397 3095 4468 εὐκαίρου
3128 4397 3492 4466 δεδραγμένος
3522 4398 3536 4448 i
3579 4415 3692 4450 καις

448 4510 735 4566 occasiOue
755 4515 992 4574 arrepta,
1031 4515 1188 4558 mane
1212 4499 1520 4554 universam
1557 4505 1808 4558 aetatem.
1845 4508 2022 4559 senes,

447 4601 718 4665 seniores,
781 4597 1043 4666 juvenes,
1091 4591 1483 4652 adolescentes,
1531 4602 1718 4642 recens
1753 4595 1911 4638 natos
1948 4587 2029 4638 in-

450 4693 648 4759 fames,
710 4691 860 4745 viros
905 4685 1071 4743 simul
1125 4695 1179 4740 et
1214 4681 1492 4745 mulieres,
1525 4679 1742 4734 silentio
1788 4688 1929 4743 acto,
1974 4675 2028 4729 in

446 4785 666 4842 theatro
710 4778 1071 4853 hippodromii
1125 4773 1417 4832 convenire
1452 4770 1736 4840 imperavit
1787 4787 1800 4823 :
1849 4771 2028 4823 θιηιιὶ-

530 4935 575 4972 ⁸⁸
603 4939 758 4994 «Ιοιιιι.
787 4952 860 5003 vI,
901 4935 998 4992 57.
1063 4933 1111 4965 "
1151 4929 1278 5002 Sap.
1309 4945 1350 4994 ι,
1382 4929 1435 4985 ι.

2131 4491 2258 4560 ροῦ,
2300 4491 2629 4561 προστάττει
2666 4490 2836 4542 ἕωθεν
2866 4491 3044 4544 πᾶσαν
3073 4490 3324 4559 ἡλικίαν,
3355 4491 3467 4543 ἀπὸ
3508 4507 3568 4542 τε
3605 4507 3697 4560 γη·-

2131 4583 2324 4654 ραιοῦ,
2377 4581 2715 4653 πρεσϐύτου,
2764 4582 2859 4637 καὶ
2908 4581 3212 4652 νεωτέρου,
3259 4581 3468 4652 ἐφήϐου
3505 4599 3566 4634 τε
3611 4585 3696 4634 καὶ

2129 4675 2432 4747 ἀρτιγενῶν
2460 4673 2707 4746 βρεφῶν,
2738 4675 2935 4745 ἄνδρας
2963 4667 3098 4742 ὁμοῦ
3152 4673 3246 4725 καὶ
3277 4675 3581 4741 γυναῖκας,
3613 4689 3696 4724 σε·

2129 4765 2340 4832 λεντίου
2391 4764 2503 4838 (l5)
2534 4766 2829 4836 ἀγομένου,
2863 4767 2922 4820 ἐν
2946 4765 3024 4837 τῷ
3059 4764 3274 4836 θεάτρῳ
3314 4766 3412 4820 τοῦ
3445 4765 3700 4836 ἱπποδρο-

1803 5015 2040 5090 unus
2086 5027 2491 5088 LECTlONf-JS.

523 5164 552 5206 ³
581 5166 653 5222 al.
690 5164 950 5234 πληγαῖς.
1031 5160 1051 5200 ί
1085 5156 1158 5211 al.
1186 5152 1388 5224 ψυχῆς.
1466 5148 1484 5200 ί
1524 5149 1597 5204 al.
1628 5146 1926 5220 δεδρακώς.

1978 5262 2212 5321 ΝΟΤΑΕ.

523 5403 640 5476 (Μ)
677 5381 2032 5476 Ἀναβσθμοῷςομθνέθυδ,ίῗῗηῖίίὲῗῗῗῗῗῖίῆῗῖῗηῗίίῖῗζ

463 5462 556 5536 l'us
605 5462 964 5530 considebant
1017 5462 1302 5536 lectiones.
1349 5469 1468 5536 quin
1527 5469 1752 5536 nuntch
1799 5463 2032 5522 ῳωιηυι·

461 5524 888 5606 Linguam
945 5529 1348 5592 senCaBrulca,
1403 5524 1652 5586 l'rasina,
1711 5524 1938 5577 iiussalu
1979 5533 2033 5574 vi.

461 5614 697 5674 Samlida
729 5629 820 5665 seu
850 5609 1066 5678 Albata.
1095 5675 1104 5678 _
1328 5668 1338 5678 ι
1576 5663 1586 5674 _

530 5683 641 5758 (t5)
677 5679 1013 5741 Σελέντιον,
1057 5675 1143 5727 hic
1187 5672 1505 5726 concionem
1545 5672 1658 5720 sive
1703 5672 2029 5716 convectum

2139 5391 2194 5433 et
2227 5388 2427 5432 malum
2461 5375 2770 5445 signiﬁcare
2813 5374 3043 5430 videtur.
3080 5375 3217 5429 Alibi
3259 5376 3632 5432 hortationem
3657 5387 3703 5433 et

2137 5451 2467 5512 Ol'ailtilletli,
2507 5457 2670 5516 atque
2711 5447 2875 5516 etiam
2916 5446 3206 5516 concilium
3251 5445 3548 5514 signiﬁcat.
3596 5448 3705 5514 Qua

2139 5524 2204 5571 de
2238 5537 2292 5570 re
2318 5519 2436 5568 vide
2472 5513 2809 5570 nutferuditi
2835 5513 3022 5570 Jacobi
3065 5515 3226 5570 Goari
3273 5513 3340 5568 ad
3384 5533 3504 5583 cap.
3537 5518 3574 5572 5
3613 5513 3704 5572 Coo

2137 5590 2246 5642 diui
2274 5587 2526 5655 Curupal.
2560 5585 2632 5638 De
2653 5586 2784 5654 θρίξ.
2810 5586 3212 5654 Camtauliuop.
3243 5603 3296 5638 ιι.
3323 5584 3411 5640 67.
3431 5585 3702 5642 Interdum

2141 5659 2400 5712 σιὶέντιον
2432 5659 2708 5716 scribitur.
