3942 6218
226 279 381 345 11ξὸ

1281 293 1457 352 νιΤΑ
1497 291 1558 350 8.
1601 286 1980 350 STEPHANI
2019 285 2402 349 JUNIORIS.

3347 281 3481 346 1146

215 385 544 452 ἀνατείνας,
569 389 664 442 καὶ
688 390 751 443 ἑκ
783 392 1018 462 καρδίας
1045 393 1191 463 μέγα
1207 396 1471 468 οἰμώξας,
1499 397 1601 458 τὰς
1624 395 1815 466 χεῖρας

1921 393 2048 456 Dic,
2106 377 2378 464 episcope.
2443 392 2560 459 Quo
2605 393 2811 450 fatente
2853 393 2927 448 ita
2987 408 3047 450 se
3100 408 3215 449 rem
3253 391 3480 458 habere,

219 479 482 540 ἐκτείνας
505 480 610 552 ιφη
637 497 652 511 ο
689 482 754 535 El!
777 499 859 546 τις
899 484 962 536 οὐ
1005 491 1303 555 προσκυνεί
1324 488 1416 541 τὸν
1433 486 1638 558 Κύριον
1653 484 1812 557 ἡμῶν

235 568 452 638 Ἰησοῦν
482 571 718 640 Χριστὸν
747 574 805 626 ὲν
833 573 1004 628 εἰκόνι
1033 579 1409 648 περιγραπτὺν
1436 577 1578 631 κατὰ
1609 577 1672 631 τὸ
1712 581 1810 633 ἀν-

219 661 537 731 θρώπινον,
576 665 695 734 ἤτω
732 665 1006 738 ἀνάθεμα,
1037 671 1131 722 καὶ
1159 672 1280 740 μετ’
1322 673 1550 727 ἐκείνων
1575 673 1813 727 καταλο-

217 752 444 823 γισθείη
475 754 586 808 τῶν
640 754 982 824 κραξάντων,
1019 755 1218 830 Ἆρον,
1249 755 1418 831 ἆρον,
1455 765 1812 832 σταύρωσον

213 842 435 897 αὐτόν.
455 843 854 913 Ἐκπλαγέντες
885 848 943 902 δὲ
965 843 1111 904 οὗτοι
1142 853 1192 904 οἱ
1224 851 1609 926 θρυλλολέκται
1632 854 1728 907 ἐπὶ
1745 854 1810 924 τῇ

215 930 322 984 τοῦ
355 933 513 1000 ἁγίου
537 935 838 1007 παρρησίᾳ,
869 937 951 990 ἔτι
993 940 1158 994 αὐτοῦ
1184 941 1277 994 τὸν
1304 942 1462 1011 λόγον
1494 944 1762 1016 συνείρειν
1781 953 1811 981 τι

217 1022 528 1088 ἐθέλοντος,
559 1027 948 1092 διαναστάντες
976 1033 1152 1098 αὐτοὶ,
1197 1034 1360 1104 μόνον
1391 1035 1454 1088 τὸ
1480 1037 1808 1106 ἐγκλεισθῆ-

218 1132 317 1168 ναι
358 1115 525 1168 αὑτὸν
577 1120 1156 1190 παρακελευσάμενοι,
1209 1126 1660 1196 κατῃσχυμμένοι
1712 1128 1810 1179 ὑπ-

219 1205 502 1277 έστρεφον
523 1210 602 1271 εἰς
634 1210 705 1262 τὰ
725 1210 998 1280 βασίλεια.
1027 1214 1136 1266 Τοῦ
1168 1215 1225 1268 δὲ
1249 1217 1518 1286 βασιλέως
1548 1219 1814 1272 πυνθανο-

223 1297 434 1367 μένου·
468 1301 534 1353 Τί
577 1296 688 1370 ἆρα
745 1303 987 1374 ἧνυσαν;
1028 1305 1108 1360 ἔτι
1142 1309 1459 1362 ἐπισκόπων
1503 1309 1602 1380 τὴν
1641 1305 1812 1382 ἧτταν

219 1390 499 1462 κρύπτειν
524 1401 553 1426 '
590 1393 908 1457 ἐθελόντων,
961 1398 1011 1450 οἱ
1059 1399 1192 1470 περὶ
1235 1401 1540 1454 Κάλλιστον
1574 1401 1810 1470 ἀπεκρί-

217 1497 390 1536 ναντο
426 1495 441 1510 ⁸
490 1483 840 1554 Ἦττήμεθα,
896 1487 1154 1557 βασιλεῦ,
1202 1493 1508 1562 ἡττήμεθα.
1573 1493 1811 1564 ’Υψηλὸς

220 1573 337 1644 γὰρ
389 1574 527 1628 πολὺ
555 1577 584 1629 ὁ
611 1577 750 1647 ἀνὴρ
777 1581 845 1647 τῇ
879 1577 1108 1651 δυνάμει
1159 1583 1254 1634 καὶ
1283 1583 1363 1652 τῷ
1396 1583 1540 1654 λόγῳ
1605 1585 1700 1638 καὶ
1743 1587 1810 1656 τῇ

222 1666 518 1738 παρρησίᾳ
565 1666 659 1720 τοῦ
719 1669 976 1726 θανάτου.
1009 1673 1069 1724 ὐ
1100 1672 1158 1725 δὲ
1183 1673 1495 1744 ὑπερζέσας
1529 1675 1606 1745 τῷ
1624 1675 1802 1747 θυμῷ,

223 1757 478 1826 παρευθὺ
533 1760 738 1828 γράφει
785 1760 885 1832 τὴν
937 1760 1155 1834 ὲξορίαν
1189 1743 1357 1820 αὐτοῦ
1395 1767 1532 1836 πρὸς
1578 1743 1665 1820 7τά
1698 1743 1810 1822 tes
1843 1743 1883 1798 Β

233 1846 640 1919 Ἑλλησπόντου
662 1851 828 1919 νῶτα,
859 1855 919 1907 ὲν
951 1858 1018 1926 τῇ
1049 1856 1319 1929 λεγομένῃ
1355 1859 1711 1932 Προκονήσῳ.

311 2027 392 2080 '0'
419 2027 477 2080 δὲ
533 2027 692 2096 ἅγιος
750 2031 1124 2086 ἑπτακαίδεκα
1171 2034 1392 2106 ἡμέρας
1443 2036 1502 2090 ὲν
1556 2039 1623 2108 τῇ
1672 2041 1808 2109 μονῇ

221 2118 630 2188 Χρυσοπόλεως
660 2122 914 2192 ποιήσας,
955 2124 1141 2187 ἄσιτος
1169 2125 1454 2196 διέμεινεν,
1487 2129 1689 2202 καίπερ
1715 2127 1810 2183 τοῦ

224 2206 508 2276 βασιλέως
534 2209 710 2262 πολλὰ
760 2211 911 2280 αὐτῷ
948 2212 1379 2278 ἀποστείλαντος
1429 2217 1564 2287 πρὸς
1591 2219 1811 2288 διατρο-

226 2297 363 2368 φὴν,
404 2299 571 2362 αὐτὸς
614 2300 782 2353 πάλιν
825 2304 964 2372 πρὸς
1009 2304 1172 2358 αὐτὸν
1216 2307 1681 2380 ἀνταπὲστρεφεν,
1713 2311 1812 2382 τὴν

223 2391 286 2442 έν
321 2391 436 2452 τοῖς
465 2391 755 2462 προτέροις
779 2397 1088 2464 γραφεῖσαν
1121 2396 1284 2467 ῥῆσιν
1311 2397 1592 2468 δηλώσας.
1637 2399 1725 2453 Ἐν
1753 2402 1811 2456 δὲ

223 2482 354 2542 ταῖς
382 2480 620 2550 ἡμέραις
651 2483 892 2548 ἐκείναις
929 2487 958 2538 ὁ
977 2487 1070 2539 τοῦ
1106 2489 1473 2560 μοναστηρίου
1503 2491 1812 2562 ἡγούμενος

223 2572 536 2644 ἀρῥωστῶν
591 2573 733 2644 ὑπὲρ
776 2575 1030 2646 δύναμιν,
1091 2579 1420 2652 ἀπεγνῲσθη
1479 2583 1631 2653 παρὰ
1701 2583 1812 2656 τῷν

227 2664 462 2734 ἰατρῶν,
488 2663 568 2734 τῷ
619 2663 839 2718 διακαεῖ
880 2667 974 2720 τοῦ
1021 2671 1260 2740 πυρετοῦ
1313 2674 1610 2744 νοσήματι.
1668 2675 1728 2729 '0
1752 2675 1811 2728 δὲ

225 2753 418 2822 πάντη
481 2751 610 2806 ἰδὼν
653 2755 847 2808 ἑαυτὸν
893 2755 1274 2828 ἐκλελοιπότα,
1321 2763 1450 2824 τοὺς
1499 2765 1596 2834 τῆς
1640 2766 1811 2836 μονῆς

227 2843 576 2915 προῦχοντας
607 2847 870 2918 πρέσϐεις
906 2849 1044 2920 πρὸς
1083 2850 1175 2904 τὸν
1201 2850 1377 2918 ἅγιον,
1409 2851 1541 2906 ἔνθα
1565 2855 1812 2908 ἐκέκλει-

229 2956 355 3001 στο,
387 2938 718 3002 ἀποστείλας
765 2940 1090 3010 παρεκάλει.
1125 2942 1173 3014 ἢ’
1204 2945 1346 3012 προς
1398 2943 1560 2998 αὐτὸν
1607 2944 1808 3012 ἐλθεῖν,

225 3029 260 3098 ἦ
309 3028 416 3082 κᾶν
440 3027 698 3092 εὔξασθαι
755 3031 894 3102 ὑπὲρ
934 3031 1134 3096 αὐτοί,
1183 3037 1391 3098 εἰπὼν,
1442 3035 1525 3088 ὅτι
1572 3034 1814 3105 Σωματιο

227 3119 353 3185 πῶς
423 3121 519 3174 ἀπ’
576 3121 825 3191 ἀλλήλων
903 3123 1287 3194 χωριζόμεθα,
1334 3125 1450 3178 ἀλλ’
1513 3123 1607 3179 οὖν
1667 3127 1812 3191 ἐλθὲ,

227 3213 386 3282 τέμιε
417 3212 620 3284 Πάτερ,
654 3213 757 3268 κᾶν
784 3215 923 3284 πρὸς
952 3217 1015 3268 τὸ
1044 3217 1396 3270 ἀσπάσασθαί
1443 3233 1502 3268 σε
1544 3217 1644 3286 τὴν
1669 3219 1814 3287 ἡμε-

224 3305 406 3376 τέραν
439 3305 642 3376 ἀσθενῆ
677 3307 1012 3359 ταπείνωσιν
1036 3320 1086 3362 ι.
1118 3307 1287 3370 Μόλις
1321 3307 1428 3376 γὰρ
1454 3307 1553 3376 τὴν
1585 3308 1816 3376 ὲννάτην

226 3398 390 3468 ὥραν
420 3397 792 3468 ὑπουργοῦσιν
817 3399 872 3452 ai
918 3385 1180 3468 δυνάμεις
1235 3415 1338 3470 μου
1377 3401 1478 3469 τὴν
1504 3399 1685 3470 ψυχήν
1713 3415 1816 3469 μου

231 3490 541 3560 κρατῆσαι.
596 3489 705 3544 Τοῦ
762 3489 821 3544 δὲ
858 3491 1014 3558 ἁγίου
1056 3491 1229 3544 ταῦτα
1273 3489 1626 3554 ἀκούσαντος,
1677 3507 1818 3560 προ-

229 3581 494 3652 εθυμήθη
521 3581 801 3638 ἀπελθεῖν.
829 3584 938 3636 Καὶ
965 3581 1045 3653 τῷ
1081 3580 1454 3654 ἀρῤωστοῦντι
1480 3581 1814 3652 περιτυχὼν,

230 3674 338 3728 καὶ
365 3671 462 3726 τοῦ
489 3673 736 3737 τένοντος
759 3683 787 3724 γ
825 3673 1018 3728 τούτου
1069 3674 1412 3744 δραξάμενος
1431 3713 1446 3737 ,
1497 3669 1651 3726 εἶπεν
1678 3688 1692 3702 ο
1760 3673 1818 3726 ’0

230 3762 352 3816 τῶν
400 3761 590 3832 ψυχῶν
618 3761 776 3832 ήμῶν
807 3763 902 3817 καὶ
934 3763 1206 3832 σωμάτων
1238 3763 1440 3832 ἰατρὸς,
1473 3763 1502 3814 ὁ
1527 3761 1626 3823 τὰς
1653 3759 1817 3814 ἀσθε-

231 3853 391 3917 νείας
449 3852 607 3924 ἡμῶν
657 3853 818 3924 ἄρας,
876 3855 971 3907 καὶ
1021 3853 1120 3920 τὰς
1174 3852 1364 3915 νόσους
1422 3851 1720 3921 βαστάσας,
1753 3852 1818 3920 τῇ

233 3941 410 3996 αὑτοῦ
441 3943 708 4012 ίαματικῇ
736 3941 964 4008 δυνάμει
994 3940 1435 4010 ἐπισκεψάμενος
1463 3938 1822 4010 ἁναστήσειέν

239 4053 330 4090 σε.
379 4034 492 4089 Καὶ
538 4033 790 4104 παρευθὺ
841 4034 1126 4105 ἐλώφησεν
1163 4035 1194 4087 ὁ
1235 4033 1491 4102 πυρετός.
1531 4032 1643 4105 Καὶ
1673 4031 1821 4100 λέγει

236 4131 270 4178 ὸ
305 4125 500 4192 ἅγιος·
545 4102 682 4193 Οὐχὶ
744 4121 932 4192 ἔφεσίς
972 4102 1057 4176 σοί
1107 4123 1257 4176 ἐστιν
1303 4102 1634 4192 μεταλαϐεῖν
1675 4120 1820 4174 οἴνου

236 4216 528 4286 ἁκράτου;
595 4213 654 4267 '0
706 4213 786 4275 δὲ,
841 4213 989 4277 Ναὶ,
1035 4214 1254 4284 Πάτερ,
1315 4212 1526 4266 είτιιών⁹
1583 4211 1822 4280 ὁτίμιος

239 4308 520 4374 Στέφανος
560 4306 622 4360 τὸ
675 4305 872 4360 ἑαυτοῦ
907 4305 1202 4376 βαυκάλιον
1229 4305 1472 4376 ἀκράτου
1503 4303 1648 4357 οἴνου
1675 4304 1820 4374 πλή-

1907 479 2088 550 justus
2111 481 2336 537 sublatis
2366 483 2433 535 ad
2469 483 2666 536 emtum
2690 482 2892 550 oculis,
2941 483 3482 556 magnoquememitu

1911 587 1942 625 e
1991 572 2154 626 corde
2192 563 2412 636 emisso,
2447 573 2688 628 extensis
2742 574 2992 630 manibus
3034 574 3171 628 dixit
3207 591 3222 628 :
3257 571 3314 627 Si
3360 573 3485 644 quis

1913 659 2196 716 Dominum
2221 671 2471 717 nostrum
2517 663 2706 719 Jesum
2735 665 3012 721 Christum
3050 667 3102 720 in
3128 665 3364 734 imagine
3397 679 3476 720 se-

1913 755 2146 809 cundum
2189 755 2582 810 humanitatem
2616 756 3090 825 circumscriptum
3157 771 3264 811 non
3325 757 3470 810 ado—

1913 853 2019 912 rat,
2048 848 2337 902 anathema
2368 847 2462 914 sit,
2497 859 2553 903 et
2583 865 2705 904 cum
2753 849 2860 903 illis
2887 859 3199 912 censeatur,
3227 848 3318 918 qui
3359 846 3478 902 cla-

1913 951 2150 1001 mavere,
2205 937 2374 1002 Tolle,
2411 937 2534 992 tolle
2555 978 2571 1004 ,
2627 940 2873 1006 cruciﬁge
2918 955 3036 992 eum
3063 938 3132 992 ".
3166 937 3278 991 Hae
3307 935 3480 990 sancti

1912 1025 2162 1081 libertate
2198 1028 2564 1096 obstupefacti
2606 1029 2682 1083 illi
2723 1044 3069 1091 susurrones,
3111 1042 3232 1082 cum
3264 1041 3475 1082 sermo-

1913 1132 2034 1172 nem
2077 1117 2252 1172 adltue
2282 1119 2444 1190 483
2477 1121 2775 1188 producere
2817 1121 3002 1176 vellet.
3051 1129 3300 1186 surgunt,
3331 1132 3482 1172 eum-

1910 1221 2016 1276 que
2041 1216 2246 1260 tantum
2273 1208 2474 1261 includi
2495 1207 2708 1275 jubent.
2746 1206 2852 1274 Ipsi
2887 1216 3067 1260 autem
3110 1205 3314 1274 pudore
3350 1200 3474 1258 suf-

1913 1297 2016 1351 fusi
2046 1299 2112 1350 ad
2144 1297 2491 1366 imperatoris
2551 1297 2730 1351 aulam
2774 1297 3154 1365 remigrarunt.
3189 1292 3307 1360 Quo
3348 1307 3474 1362 per—

1911 1397 2165 1442 contante
2237 1389 2366 1455 quid
2432 1388 2827 1452 confecissent,
2873 1389 3146 1458 episcOpis
3213 1387 3476 1440 amissam

1914 1481 2192 1534 victoriam
2235 1481 2414 1534 adhuc
2453 1480 2636 1534 celare
2670 1481 2993 1542 volentibus,
3038 1479 3318 1546 respondit
3353 1476 3479 1534 Cal-

1913 1569 2070 1624 listus
2130 1587 2145 1624 :
2205 1569 2344 1625 Victi
2409 1585 2638 1635 sumus,
2692 1571 3026 1640 imperator,
3091 1571 3216 1625 victi
3269 1586 3476 1626 sumus.

1913 1663 2080 1716 Valde
2109 1661 2252 1716 enim
2289 1661 2372 1714 vir
2423 1661 2513 1715 ille
2539 1661 2790 1714 sublimis
2813 1670 2899 1714 est
2943 1660 3164 1726 virtute,
3193 1674 3470 1727 sermone,

1911 1763 1964 1809 et
1997 1751 2263 1808 moriendi
2297 1751 2514 1805 fiducia.
2553 1750 2625 1805 At
2668 1751 2757 1805 ille
2781 1750 2858 1804 ira
2891 1749 3316 1814 excandescens,
3364 1762 3480 1802 sta—

1913 1845 2007 1899 tim
2048 1859 2171 1898 eum
2219 1843 2284 1896 ad
2312 1841 2645 1910 Hellesponti
2672 1843 2854 1910 dorsa,
2888 1841 2943 1896 in
2971 1840 3172 1896 dictam
3200 1841 3476 1896 Procone-

1911 1947 2032 1988 sum
2068 1931 2312 1987 exsulem
2344 1931 2428 2000 agi
2467 1931 2764 1986 mandavit.

1981 2023 2150 2078 Porro
2204 2031 2428 2078 sanctus
2467 2036 2564 2090 per
2619 2023 3006 2092 septemdecim
3064 2022 3199 2086 dies,
3234 2037 3374 2092 quos
3425 2021 3480 2076 in

1912 2114 2246 2169 monasterio
2271 2113 2735 2184 Cbrysopolitano
2759 2113 2960 2182 exegit,
2993 2111 3209 2184 jejunus
3245 2113 3478 2178 mansit;

1911 2205 2037 2258 licet
2088 2204 2316 2272 plurima
2393 2204 2655 2257 alimenta
2710 2202 2810 2272 ipsi
2865 2203 3106 2258 mitteret
3162 2203 3482 2271 imperator,

1913 2311 2034 2364 quae
2079 2295 2170 2348 ille
2201 2296 2266 2348 ad
2299 2308 2421 2348 eum
2470 2294 2810 2360 remittebat,
2852 2294 3044 2349 iisdem
3076 2293 3260 2348 verbis
3299 2303 3480 2358 utens,

1913 2401 2035 2456 quae
2067 2399 2230 2456 supra
2278 2385 2586 2439 attulimus.
2637 2384 2741 2438 Per
2799 2399 2893 2440 eos
2938 2394 3120 2438 autem
3147 2384 3263 2438 dies
3291 2383 3489 2452 praefe-

1913 2490 2032 2534 ctus
2057 2477 2370 2533 monasterii
2420 2491 2584 2545 supra
2620 2481 2840 2530 modum
2894 2479 3200 2546 tegrotavit,
3255 2477 3390 2528 adeo
3421 2485 3480 2528 ut

1913 2587 2024 2642 pra:
2051 2569 2354 2624 vehementi
2379 2567 2545 2624 febris
2561 2569 2756 2623 ardore
2780 2569 2846 2622 de
2867 2567 2984 2635 ejus
3005 2569 3182 2624 salute
3205 2583 3233 2620 a
3262 2567 3488 2622 medicis

1913 2664 2314 2730 desperaretur.
2335 2657 2519 2728 Itaque
2537 2675 2657 2714 cum
2679 2674 2738 2714 se
2759 2659 2978 2727 penitus
3000 2659 3230 2713 deiicere
3243 2658 3446 2711 videret
3466 2674 3484 2724 ;

1913 2753 2198 2824 prmcipuis
2225 2752 2538 2806 monasterii
2573 2750 2794 2806 senibus
2820 2751 2886 2804 ad
2919 2759 3161 2804 sanetum
3188 2749 3239 2802 in
3272 2763 3392 2802 eum
3413 2747 3492 2802 lo-

1914 2861 2036 2901 cum
2071 2825 2168 2896 ttbi
2187 2840 2428 2896 inclusus
2451 2841 2646 2905 fuerat,
2675 2842 2878 2900 missis.
2900 2841 3048 2894 illum
3079 2839 3286 2910 rogavit
3313 2838 3392 2893 vel
3430 2845 3489 2892 ut

1915 2936 1980 2993 ad
2009 2949 2068 2992 se
2090 2932 2321 2997 veniret,
2339 2933 2425 2986 vel
2447 2933 2634 2988 saltem
2661 2946 2758 3000 pro
2782 2946 2839 2986 se
2864 2931 3030 2985 Deum
3067 2928 3490 2998 oraret:Corpo-

1916 3045 1975 3084 re
1993 3025 2231 3096 quidem,
2254 3025 2521 3098 inquiens,
2547 3025 2613 3077 ab
2627 3022 2855 3076 invicem
2874 3021 3251 3090 disiungimur;
3273 3033 3491 3073 verum-

1932 3130 2112 3173 tamen
2141 3122 2286 3183 veni,
2310 3119 2620 3174 veneranUe
2645 3111 2808 3169 Pater
2829 3153 2844 3177 ,
2869 3110 2952 3166 vel
2988 3109 3178 3164 saltent
3209 3119 3267 3163 ut
3299 3119 3350 3164 te
3374 3123 3490 3163 mea

1915 3211 2095 3265 vilitas
2136 3209 2303 3282 484
2327 3212 2704 3278 amplectatur.
2737 3206 2833 3260 Vix
2870 3204 3014 3258 enim
3073 3201 3140 3257 ad
3175 3202 3364 3254 heram
3397 3215 3492 3252 uo-

1917 3317 2040 3355 nam
2095 3303 2238 3357 vires
2283 3316 2417 3355 mea
2474 3300 2712 3352 animam
2747 3312 2922 3350 meam
2985 3296 3225 3350 retinere
3283 3292 3489 3348 valent.

1919 3391 2044 3447 Htec
2093 3407 2218 3446 cum
2265 3400 2486 3446 sanctus
2549 3387 2812 3442 audiisset
2845 3426 2860 3451 ,
2903 3387 2971 3439 ad
3019 3386 3168 3438 illum
3233 3384 3493 3439 accedere

1917 3485 2128 3542 statuit.
2164 3483 2348 3554 Itaque
2372 3497 2573 3551 agrum
2609 3477 2816 3541 invisit,
2855 3493 3014 3547 quem
3043 3478 3262 3529 teudiue
3284 3491 3488 3543 appre-

1919 3574 2162 3630 hendens
2207 3572 2379 3626 dixit:
2417 3567 2738 3623 Nostrarum
2769 3565 3072 3618 animarum
3117 3570 3169 3615 et
3201 3575 3489 3626 corporum

1920 3664 2184 3726 medicus,
2215 3663 2304 3732 qui
2349 3661 2696 3715 inﬁrmitates
2717 3665 2930 3709 nostras
2977 3653 3124 3716 tulit,
3166 3651 3494 3719 morbosque

1919 3755 2180 3825 portavit,
2213 3764 2264 3808 te
2294 3767 2389 3808 sua
2426 3749 2632 3804 medica
2684 3747 2886 3800 virtute
2918 3745 3120 3807 visitet,
3148 3755 3202 3798 et
3237 3743 3292 3796 in
3344 3741 3494 3794 sani-

1925 3854 2087 3901 tatem
2149 3845 2423 3898 restituat.
2475 3839 2684 3908 Quibus
2739 3836 2946 3899 dictis,
3003 3836 3185 3888 statim
3253 3832 3488 3888 cessavit

1922 3935 2112 3991 febris.
2156 3934 2358 3988 Postea
2437 3939 2659 3986 sanctus
2712 3929 2851 3982 dixit
2897 3943 2916 3981 ι
2965 3927 3046 3978 An
3102 3939 3214 3978 non
3279 3923 3493 3992 appetis

1921 4035 2106 4083 vinum
2167 4041 2381 4080 merum
2435 4022 2732 4092 accipere?
2766 4031 2822 4076 et
2856 4020 2972 4080 illo,
3005 4020 3110 4081 Ita,
3173 4017 3354 4077 Pater,
3411 4028 3494 4068 re-

1923 4122 2244 4192 spondente,
2281 4117 2620 4172 venerandus
2646 4113 2956 4181 Stephanus
2983 4124 3140 4165 suum
3176 4105 3484 4160 ttaucalium

1925 4227 2074 4266 meru
2113 4209 2377 4278 implevit,
2421 4207 2660 4272 illudque
2709 4204 3001 4256 bibendum
3033 4197 3289 4268 praefecto
3321 4195 3490 4261 dedit,

1925 4303 2016 4371 qui
2055 4300 2242 4356 statim
2316 4306 2482 4366 atque
2527 4295 2692 4355 bibit,
2718 4291 2944 4344 multum
2977 4291 3232 4342 sudorem
3282 4285 3488 4348 emisit,

244 4414 370 4461 σας,
399 4396 480 4466 τῷ
549 4397 840 4466 ἡγουμένῳ
894 4399 1037 4449 πιεῖν
1091 4397 1348 4450 δέδωκεν.
1405 4397 1624 4458 Ὅστις·
1653 4393 1815 4460 πιὼν,

1925 4395 2122 4462 illaque
2145 4390 2274 4446 crisi
2329 4391 2618 4442 sanitatem
2678 4383 3043 4453 recuperavit.
3078 4377 3214 4432 Tum
3269 4386 3496 4432 Sanctus

245 4485 496 4557 παρευθὺ
520 4485 705 4556 ἱδρῶτι
733 4485 1013 4556 πολλοστῷ
1034 4485 1418 4557 κατασχεθεὶς,
1451 4486 1586 4559 πρὸς
1609 4484 1821 4552 ὑγίειαν

243 4579 484 4650 κρίσεως
548 4578 937 4647 μετετρέπετο.
996 4579 1056 4632 Ὁ
1095 4579 1152 4632 δὲ
1207 4578 1365 4647 ἅγιος
1392 4577 1820 4646 συνταξάμενος,

245 4670 404 4726 εἶπεν
435 4669 629 4739 αὐτῷ’
680 4669 855 4739 Εὓχου
909 4687 1044 4740 μοι,
1107 4671 1202 4722 καὶ
1267 4669 1460 4738 μνείαν
1517 4668 1674 4721 ποιοῦ
1727 4669 1827 4736 τῆς

246 4767 390 4836 ἐμῆς
433 4763 878 4834 χθαμαλότητος,
913 4765 962 4823 εί
1021 4763 1264 4834 δεήσειέν
1303 4779 1362 4815 σε
1409 4767 1462 4814 ἐν
1507 4761 1585 4832 τῷ
1647 4759 1822 4830 βουνῴ

248 4855 650 4926 προσπελάσαι.
689 4857 796 4909 Καὶ
824 4854 998 4918 οὕτως
1039 4855 1252 4908 ἐκεῖθεν
1301 4854 1556 4925 ἀπάρας,
1590 4851 1821 4924 ἔστησεν

248 4949 308 4999 ὲν
336 4947 584 5018 θαλάσσῃ
615 4947 676 5000 τὸ
717 4947 968 5018 ὅρμημα,
1009 4947 1108 5000 καὶ
1158 4946 1263 5016 τῆς
1295 4947 1422 5016 νηὸς
1474 4945 1697 5010 ἐπιϐὰς,
1725 4943 1827 5015 τὴν

253 5036 666 5108 προρρηθεῖσαν
694 5037 790 5107 τῆς
828 5036 1042 5106 ἐξορίας
1063 5037 1228 5108 νῆσον
1253 5035 1556 5091 κατέλαϐεν
1589 5051 1602 5064 ·
1641 5035 1736 5089 καὶ
1765 5037 1824 5087 ἐν

252 5131 392 5198 αὐτῇ
425 5127 740 5200 ἐκϐληθεὶς,
795 5131 886 5182 καὶ
943 5129 1029 5183 διὰ
1087 5128 1192 5182 τῶν
1247 5127 1600 5200 ἐρημοτέρων
1652 5127 1826 5197 αὐτῆς

252 5223 436 5272 τόπων
472 5215 781 5290 παρελθὼν,
824 5215 989 5289 ἦλθεν
1020 5218 1112 5272 ἐπί
1155 5235 1278 5272 τινα
1323 5219 1490 5272 τόπον
1528 5215 1824 5290 κρημνώδη

328 5395 378 5428 ’⁸
417 5393 577 5452 Joan.
613 5411 728 5461 ιιι,
768 5394 855 5450 15.

1925 4481 2376 4554 ipsi‘valedicens
2405 4478 2481 4531 ait
2527 4495 2542 4530 :
2631 4473 2736 4528 Ora
2773 4487 2869 4541 pro
2916 4485 3022 4534 me,
3067 4482 3306 4535 meaeque
3371 4467 3494 4518 vitio

1930 4575 2056 4628 tatis
2080 4571 2398 4626 memoriam
2432 4569 2592 4630 habe,
2627 4565 2898 4634 siquando
2938 4563 3004 4615 ad
3039 4560 3232 4616 collem
3267 4568 3319 4612 te
3345 4572 3502 4610 acce-

1930 4667 2060 4722 dere
2129 4679 2271 4734 opus
2315 4662 2499 4717 fuerit.
2591 4657 2703 4713 lloc
2743 4667 2901 4726 pacto
2948 4653 3074 4707 inde
3120 4651 3408 4706 discedens
3431 4647 3501 4700 ad

1931 4777 2081 4816 mare
2132 4759 2393 4829 perrexit,
2439 4765 2849 4819 conscensaque
2921 4761 3056 4800 nave
3106 4745 3172 4798 ad
3255 4743 3489 4796 insulam

1929 4867 2094 4919 Supra
2128 4856 2506 4910 memoratam,
2547 4841 2655 4912 quo
2697 4841 2849 4896 exsul
2886 4838 3228 4896 mittebatur,
3259 4835 3498 4887 devenit.

1936 4943 2036 4998 Hic
2064 4941 2272 5012 eiectus
2299 4954 2420 4994 cum
2468 4935 2799 4991 desertiores
2846 4943 3028 5000 partes
3077 4933 3413 4996 peragraret,
3449 4924 3502 4976 itt

1935 5033 2220 5103 quemdam
2249 5029 2578 5099 praecipitem
2614 5034 2668 5078 et
2701 5021 3102 5076 formidandum
3136 5018 3310 5072 locum
3343 5028 3502 5068 secus

1935 5135 2086 5175 mare
2141 5117 2401 5178 occurrit,
2461 5115 2642 5183 ibique
2695 5127 2806 5166 orae
2850 5109 3138 5165 maritimae
3187 5103 3505 5175 praecipitiis

1952 5212 2340 5274 eminentibus,
2390 5206 2699 5262 solitudinis
2741 5217 2948 5270 amore,
2991 5198 3358 5270 perlustratis,
3390 5203 3508 5248 ta.t-

1561 5527 1792 5582 VABIAZ
1827 5523 2226 5582 LEtLTIONES.

333 5688 359 5716 ¹¹
387 5685 457 5739 al.
487 5685 782 5756 συναίρειν.
865 5691 886 5721 '
923 5685 993 5740 al.
1022 5685 1264 5739 on6sw.
1345 5693 1369 5721 ³
1395 5685 1460 5738 al.
1493 5682 1876 5754 ταπεινότητα.
1953 5689 1981 5730 γ
2007 5678 2074 5734 al.
2110 5680 2380 5742 τέναντος,
2426 5678 2500 5731 al.
2536 5674 2830 5733 ταίνοντος.
