3972 6220
323 300 454 368 lll‘J

1355 315 1529 374 VITA
1561 315 1622 376 S.
1664 317 2038 381 STEPHANI
2093 321 2469 385 JUNIORIS.

3420 328 3558 393 1150

315 411 502 468 αὐτοῦ
559 413 792 486 ὑπάρχει
851 418 886 469 δ
933 417 1098 484 Θεές.
1153 419 1261 472 Καὶ
1313 420 1505 490 μηδεὶς
1560 419 1870 475 ἀπιστείτω

1990 425 2158 483 Nemo
2193 446 2378 498 porro,
2411 431 2629 496 fratres,
2687 429 2847 486 ﬁdem
2885 431 2974 488 hic
3019 433 3282 490 adhibere
3313 436 3546 502 dubitet,

315 505 556 574 ἀδελφοὶ,
585 505 822 575 μάλιστα
839 507 930 560 τοῦ
956 509 1160 578 Κυρίου
1185 509 1436 578 λέγοντος
1453 527 1468 542 ο
1498 513 1560 564 Ὀ
1577 507 1883 568 πιστεύων

311 599 399 666 είς
423 598 549 666 ἐμὲ,
579 585 652 650 τὰ
687 597 832 668 ἔργα
861 598 902 654 ἆ
935 600 1050 670 ἐγὼ
1092 600 1262 669 ποιῶ,
1299 603 1579 670 κάκεῖνος
1609 605 1876 672 ποιήσει,

312 689 408 744 καί
446 689 692 754 ,μείζονα
743 693 967 745 τούτων
1001 692 1262 762 ποιήσει,
1293 695 1353 748 οὐ
1401 698 1468 767 τῇ
1515 697 1622 768 ίδίᾳ
1651 697 1881 768 δυνάμει

315 781 409 849 τὴν
461 779 782 848 εὐεργεσίαν
835 780 1122 851 πηγάζων,
1173 784 1310 838 ἀλλὰ
1342 784 1418 855 τῷ
1455 787 1574 856 ἐμῷ
1627 788 1878 858 ὀνόματι,

312 869 409 922 καὶ
437 873 502 940 τῇ
536 871 725 940 κλήσει
767 873 832 941 τῇ
861 872 988 942 ἐμῇ.
1035 871 1176 941 Ἐγὼ
1205 875 1313 945 γάρ
1371 878 1486 945 είμι
1536 878 1564 929 6
1599 875 1670 929 τὰ
1695 879 1876 931 πάντα

311 961 366 1011 ὲν
400 961 568 1013 πᾶσιν
607 961 847 1030 ἐνεργῶν
885 965 952 1033 τῇ
999 965 1308 1038 Δεσποτικῇ
1369 983 1468 1036 μου
1508 966 1748 1039 ἐξουσία.
1787 969 1879 1022 Ἐν

309 1048 482 1116 τούτῳ
508 1045 602 1102 οὖν
635 1052 664 1102 6
687 1049 860 1119 μέγας
887 1051 1076 1124 Πατὴρ
1101 1054 1258 1126 ἡμῶν
1281 1055 1571 1124 Στέφανος,
1602 1058 1630 1110 6
1659 1057 1880 1128 ἀληθῶς

309 1139 402 1192 τοῦ
433 1138 568 1193 Θεοῦ
603 1139 912 1212 ἄνθρωπος,
947 1145 976 1196 6
1003 1144 1183 1214 τίμιος
1206 1147 1271 1216 τῇ
1294 1145 1439 1218 ψυχῇ
1462 1147 1557 1200 καὶ
1588 1147 1666 1219 τῷ
1701 1147 1882 1219 σῶμα·

308 1251 382 1301 τι,
414 1236 445 1288 '6
485 1235 576 1288 τὸν
624 1235 910 1308 ἀκτήμονά
946 1235 1060 1306 βίον
1103 1239 1366 1310 ποθήσας,
1395 1241 1492 1294 καὶ
1545 1241 1718 1311 μόνην
1777 1241 1875 1313 τὴν

309 1324 404 1378 τοῦ
433 1325 670 1396 Χριστοῦ
697 1327 880 1387 είκόνα
911 1327 1006 1380 καὶ
1029 1331 1130 1399 τῆς
1151 1329 1360 1399 μητρὸς
1391 1330 1557 1384 αὐτοῦ
1593 1333 1675 1394 εἰς
1703 1333 1878 1402 φυλα-

307 1415 534 1485 κτήριον
563 1415 874 1486 κατασχὼν,
912 1417 940 1469 6
986 1419 1068 1482 είς
1095 1418 1230 1472 Θεὸν
1275 1422 1612 1492 πλουτήσας,
1649 1422 1744 1476 καὶ
1775 1424 1879 1493 τῆς

311 1503 640 1567 πολυτελοῦς
701 1504 1062 1572 καταξιωθεὶς
1124 1506 1345 1577 χάριτος
1377 1549 1392 1574 ,
1463 1504 1619 1574 οὗτος
1679 1509 1866 1565 λαϐὼν

309 1591 554 1662 παρευθὺ
571 1592 823 1659 ἐξουσίαν
840 1597 1028 1648 πατεῖν
1049 1596 1234 1650 ἐπάνω
1261 1597 1441 1666 ὄφεων
1459 1600 1554 1653 καὶ
1573 1601 1870 1673 σκορπίων,

309 1682 401 1735 καὶ
433 1682 526 1735 ἐπὶ
565 1683 746 1737 πᾶσαν
769 1684 871 1756 τὴν
911 1683 1144 1756 δύναμιν
1187 1686 1282 1741 τοῦ
1348 1689 1592 1760 πονηροῦ
1640 1690 1862 1762 ἐχθροῦ,

1985 519 2217 574 maxime
2265 536 2387 574 cum
2436 522 2692 577 Dominus
2743 523 2932 577 dicat:
2989 523 3092 588 Qui
3145 526 3313 580 credit
3355 545 3410 580 ιη
3443 547 3541 592 me,

1983 624 2136 677 opera
2163 627 2278 680 qua
2311 627 2404 681 ego
2429 611 2592 681 facio,
2621 621 2670 667 et
2701 615 2809 680 ipse
2843 615 3028 682 faciet,
3053 627 3100 668 et
3129 617 3339 686 majora
3365 620 3554 674 hortm:

1982 695 2138 764 faciet
2163 697 2230 768 7",
2255 713 2360 751 non
2390 704 2605 766 propria
2640 701 2840 756 virtute
2884 703 3204 758 beneficium
3243 721 3310 760 ex
3345 722 3402 761 se
3428 717 3552 762 tan-

1983 801 2142 854 quam
2177 803 2242 840 ex
2287 787 2431 842 fonte
2455 789 2758 856 eﬂ'undens,
2799 793 2893 847 sed
2928 810 3047 848 meo
3079 799 3297 851 nomine
3329 809 3384 852 et
3410 815 3528 854 mea

1981 877 2338 945 appellatione
2397 877 2676 949 Siquidem
2703 897 2802 952 ego
2854 884 2971 952 ipse
3005 901 3124 940 sum
3155 890 3246 956 qui
3277 891 3458 944 omnia
3495 893 3551 946 in

1980 969 2230 1023 omnibus
2261 971 2476 1039 prepria
2509 987 2624 1026 mea
2650 983 2936 1041 potestate,
2972 984 3228 1046 tanquam
3255 978 3538 1046 Dominus,

1979 1057 2171 1112 cilicio.
2202 1059 2384 1128 Itaque
2419 1076 2644 1130 magnus
2677 1061 2836 1115 Pater
2877 1073 3064 1118 noster
3095 1064 3430 1136 Stephanus,
3462 1085 3550 1122 re-

1979 1160 2104 1200 vera
2135 1147 2298 1201 homo
2332 1146 2448 1214 Dei,
2483 1150 2661 1202 anima
2693 1159 2748 1204 et
2777 1165 3003 1220 corpore
3033 1156 3374 1208 venerandus
3395 1197 3412 1222 ,
3455 1157 3548 1226 qui

1979 1238 2237 1306 pauperis
2259 1238 2379 1292 vitae
2418 1239 2686 1294 desiderio
2717 1244 3022 1308 tenebatur,
3049 1247 3292 1300 etsolam
3331 1248 3538 1304 Christi
3573 1231 3580 1239 ’

1979 1325 2202 1396 ejusque
2251 1329 2440 1382 matris
2484 1331 2770 1400 imaginem
2801 1331 2854 1385 in
2886 1333 2968 1388 sui
2996 1337 3299 1389 custodiam
3336 1339 3543 1392 retine-

1977 1417 2088 1480 hat,
2113 1417 2204 1488 qni
2232 1417 2530 1472 secundum
2579 1421 2746 1474 Deum
2788 1421 2950 1478 dives.
2989 1425 3384 1494 magniﬁcaque
3417 1443 3544 1498 gra-

1979 1510 2049 1564 tia
2077 1521 2303 1564 ornatus
2333 1521 2452 1566 erat
2483 1527 2497 1563 :
2532 1512 2669 1582 ipse,
2703 1515 2941 1582 inquam,
2977 1530 3098 1569 mox
3127 1529 3347 1586 accepta
3387 1528 3545 1588 pote-

1976 1611 2118 1658 state
2147 1613 2429 1670 serpentes
2459 1611 2514 1656 ct
2565 1605 2908 1673 scorpiones,
2957 1617 3285 1674 muneraque
3328 1609 3546 1679 maligni

1979 1691 2185 1746 inimici
2237 1693 2498 1746 virtutem
2535 1692 2801 1757 calcandi,
2837 1682 2900 1747 ac
2947 1707 3167 1748 omnem
3206 1697 3452 1753 morbum
3489 1708 3546 1754 et

307 1767 632 1843 θεραπεύειν
671 1791 732 1826 τε
781 1777 965 1828 πᾶσαν
1015 1777 1172 1830 νόσον
1213 1779 1308 1830 καὶ
1348 1781 1532 1832 πᾶσαν
1569 1780 1868 1850 μαλακίαν,

1982 1781 2298 1851 languorem
2326 1781 2573 1848 curandi,
2603 1783 2922 1838 admiranda
2956 1784 3170 1838 mirifici
3219 1786 3311 1840 Dei
3349 1803 3541 1856 Opera,

303 1860 504 1928 ἔδειξεν
529 1865 660 1934 ἡμῖν
705 1864 776 1918 τὰ
803 1865 899 1920 τοῦ
931 1867 1366 1938 παραδοξοποιοῦ
1399 1870 1534 1924 Θεοῦ
1569 1860 1872 1942 θαυμάσια,

300 1953 400 2026 τὴν
425 1955 656 2026 ἄφθονον
689 1957 872 2028 χάριν,
895 1957 995 2030 τὴν
1025 1959 1300 2030 βρύουσαν
1346 1961 1550 2034 πηγὴν,
1592 1963 1660 2016 τὰ
1693 1963 1877 2036 μελίῤ-

300 2048 437 2122 ρντα
465 2046 700 2120 νάματα.
735 2048 927 2122 Τούτῳ
946 2052 1055 2122 γάρ
1083 2069 1214 2106 ποτε
1236 2053 1313 2124 τῷ
1342 2052 1598 2126 μακαρίῳ
1619 2056 1876 2129 Στεφάνῳ

296 2142 498 2212 τυφλός
519 2158 622 2207 τις,
659 2142 802 2196 κατὰ
823 2143 923 2196 ’τὸν
953 2143 1020 2198 ὲκ
1053 2144 1284 2214 γενετῆς
1324 2145 1550 2214 τυφλὸν,
1599 2150 1875 2218 προσέπε-

298 2247 394 2287 σεν
415 2234 473 2286 ἐν
501 2235 570 2304 τῇ
601 2232 752 2304 νήσῳ
783 2233 1005 2304 κράζων
1031 2251 1046 2266 ⁸
1097 2232 1263 2288 Δοῦλε
1305 2218 1400 2288 τοῦ
1446 2234 1582 2288 Θεοῦ
1615 2235 1710 2290 τοῦ
1751 2237 1877 2307 ὑψί-

301 2341 450 2391 στου,
489 2325 757 2394 Στὲφανε,
785 2325 939 2380 ίασαί
976 2342 1080 2396 μου
1111 2326 1240 2390 τοὺς
1279 2325 1620 2393 ὀφθαλμοὺς,
1659 2327 1874 2394 ἄνοιξόν

301 2435 405 2488 μου
429 2417 531 2488 τὴν
575 2419 852 2488 πήρωσιν,
887 2417 983 2472 καὶ
1025 2415 1262 2488 φώτισόν
1313 2434 1382 2489 με
1411 2417 1504 2471 τὸν
1543 2420 1876 2490 ἑσκοτισμέ-

299 2507 390 2560 νον
409 2523 424 2538 ·
456 2506 627 2567 εἴπως
655 2505 744 2560 διὰ
768 2504 869 2560 σοῦ
897 2505 996 2578 τὴν
1047 2507 1160 2559 τῶν
1193 2505 1492 2576 ὁρωμένων
1534 2507 1874 2580 θεασάμενος

297 2598 566 2670 ἁρμονίαν
591 2614 650 2650 τε
677 2598 771 2651 καὶ
799 2599 1080 2663 σύστασιν,
1126 2599 1224 2652 καὶ
1275 2597 1567 2669 θαυμάσας
1600 2601 1786 2656 αὐτῶν
1809 2601 1875 2656 τὸ

297 2689 594 2760 ἐξαίρετον,
625 2687 852 2760 ὑμνήσω
881 2687 972 2741 διὰ
1017 2686 1128 2740 τῶν
1161 2687 1484 2756 κτισμάτων
1520 2689 1612 2743 τὸν
1639 2689 1874 2744 Κτίσανο

296 2777 386 2834 τα.’
455 2777 657 2832 Τοῦτον
715 2779 746 2832 6
819 2777 1096 2849 μακάριος
1155 2777 1429 2846 Στέφανος
1479 2775 1630 2841 ίδὼν,
1681 2776 1873 2841 δεινῶς

299 2869 399 2940 μὲν
433 2867 538 2922 ὑπὸ
561 2866 656 2922 τοῦ
683 2867 850 2936 ζόφου
882 2868 964 2944 είς
1006 2865 1272 2936 άϐλεψίαν
1327 2865 1752 2937 άμαυρωθέντα,
1782 2866 1873 2920 πί-

299 2981 416 3033 στιν
447 2963 503 3017 δὲ
532 2962 727 3032 ἔχοντα
755 2961 854 3033 τὴν
875 2960 978 3030 ὅρη
1012 2959 1276 3014 ποιοῦσαν
1309 2952 1696 3032 μεθίστασθαι,
1729 2959 1870 3031 πρὸς

295 3027 462 3110 α’ἷτὸν
511 3055 848 3126 ἀπεκρίνατο
877 3069 893 3084 ο
947 3051 1014 3104 Τί
1059 3069 1194 3121 μοι,
1253 3047 1476 3127 νεανία,
1504 3051 1766 3122 προσιὼν,
1799 3051 1869 3106 τὰ

294 3147 438 3219 ὑπὲρ
476 3146 575 3217 ἐμὲ
598 3145 798 3200 διδόναι
851 3161 936 3197 σοι
969 3142 1282 3214 ὲπιζητεῖς;
1329 3143 1394 3195 Τί
1428 3142 1536 3194 τῶν
1566 3142 1778 3212 ἀρετῶν
1807 3144 1867 3195 ὲν

295 3239 422 3308 ἐμοὶ
451 3238 808 3308 θεασάμενος,
837 3233 1048 3305 ταύτην
1087 3233 1222 3304 παρ’
1249 3231 1382 3302 ἐμοῦ
1415 3231 1626 3293 λαϐεῖν,
1659 3233 1869 3304 ἄνθρω-

295 3346 385 3391 πε,
421 3327 519 3397 τὴν
548 3325 848 3394 θεραπείαν
875 3325 1070 3388 αἰτεῖς,
1105 3322 1175 3394 ἢν
1208 3323 1372 3392 μόνος
1406 3323 1434 3374 6
1487 3321 1730 3400 Κτίστης
1770 3320 1868 3374 καὶ

293 3417 403 3471 τῶν
438 3417 575 3471 ὅλων
628 3415 782 3480 Θεὸς,
823 3413 954 3468 ἔνθα
1003 3414 1098 3468 καὶ
1143 3414 1278 3466 ὅπου
1337 3413 1432 3466 καὶ
1477 3407 1559 3476 οἷς
1591 3411 1864 3482 βούλεται,

292 3508 578 3579 διανέμεις
630 3507 697 3560 Τί
727 3507 803 3578 μὴ
841 3505 977 3576 πρὸς
1037 3507 1244 3558 ἐκεῖνον
1293 3499 1626 3574 ἀνέδραμες;
1681 3504 1746 3557 Τί
1774 3504 1866 3558 τὸν

295 3599 537 3670 κτίστην
587 3599 768 3667 ἀφεὶς,
825 3596 966 3667 πρὸς
995 3595 1056 3648 τὺ
1088 3595 1292 3664 κτίσμα
1325 3595 1624 3662 ὲλήλυθαςς
1675 3595 1742 3648 Τί
1773 3596 1866 3648 τὸν

293 3689 572 3758 Δεσπότην
603 3683 942 3749 καταλιπὼν,
974 3685 1108 3754 πρὸς
1137 3685 1228 3736 τὸν
1250 3683 1436 3738 δοῦλον
1470 3683 1773 3746 κατέλαϐες
1801 3693 1862 3748 9;

291 3781 392 3832 οὐκ
435 3775 604 3841 οἶδας,
635 3779 715 3831 ὅτι
744 3779 898 3846 κοινῇ
931 3775 1135 3838 πάντες
1157 3773 1257 3844 τῆς
1291 3773 1506 3826 ἐκείνου
1543 3772 1865 3842 συμμαχίας

291 3865 455 3937 ἐσμὲν
489 3867 726 3933 ὲνδεεῖς;
753 3867 854 3919 οὐκ
877 3861 1048 3930 οἶδας,
1078 3865 1164 3918 ὅτι
1197 3863 1295 3916 καὶ
1323 3863 1486 3926 αὐτὸς
1511 3861 1623 3930 ἐγὼ
1651 3862 1864 3933 ἄνθρω-

291 3959 392 4022 πός
425 3961 542 4027 είμι
581 3958 656 4021 ὡς
689 3957 783 4010 καὶ
829 3955 927 4020 σύ;
968 3956 1022 4009 τί
1071 3951 1162 4008 οῦν
1213 3953 1400 4025 ζητεῖς
1427 3953 1574 4024 άπερ
1621 3953 1768 4024 ἔχειν
1799 3956 1860 4008 οὐ

289 4052 564 4121 δύναμαι;
617 4049 672 4102 τί
712 4048 971 4118 τοιαύτης
1002 4047 1178 4110 θέλεις
1225 4064 1292 4118 με
1324 4047 1480 4099 νόσου
1517 4045 1862 4118 θεραπευτὴν

290 4143 568 4212 γενέσθαι,
597 4136 666 4215 ἦς
691 4140 752 4194 τὺ
779 4138 1042 4192 δύνασθαι
1085 4123 1249 4208 μόνος
1282 4139 1491 4202 ἐκεῖνος
1521 4138 1640 4208 ἔχει
1671 4139 1734 4192 τὸ
1761 4139 1863 4208 δω-

293 4231 568 4303 ρήσασθαι
603 4231 702 4300 τὴν
735 4229 903 4296 ἴασιν,
933 4231 960 4280 6
1013 4229 1110 4282 καὶ
1143 4229 1275 4300 πρὶν
1331 4230 1426 4282 τὸν
1458 4229 1658 4298 τυφλὸν
1699 4231 1861 4284 ίασά-

293 4327 486 4394 μενος’;
537 4320 762 4384 Τούτοις
791 4321 893 4392 μὲν
930 4320 1026 4374 τοῦ
1056 4320 1208 4374 όσίου
1235 4325 1352 4386 τοῖς
1386 4323 1627 4392 ῥήμασιν
1655 4323 1860 4377 ἀποσοο

1975 1873 2251 1942 copiosam
2299 1875 2555 1943 gratiam,
2605 1874 2997 1929 scaturientem
3045 1875 3287 1942 fontem,
3336 1877 3538 1936 ﬂuenta

1975 1965 2230 2020 mellillna
2273 1965 2428 2020 nobis
2447 1967 2728 2020 ostendit.
2773 1965 3001 2032 Quidam
3039 1969 3186 2022 enim
3209 1971 3548 2028 caacusillius

1974 2053 2168 2109 similis
2194 2054 2286 2124 qui
2315 2070 2344 2107 a
2375 2055 2653 2110 nativitate
2677 2059 2918 2112 caecus"
2943 2058 3142 2122 fuerat,
3173 2058 3225 2112 in
3250 2059 3338 2113 illa
3370 2061 3546 2116 insula

1973 2145 2107 2200 sead
2129 2144 2540 2214 beatiStephani
2565 2162 2742 2216 genua
2780 2148 3012 2216 proiecit
3035 2148 3279 2202 clamans
3317 2169 3330 2205 :
3373 2153 3546 2208 Servo

1974 2236 2071 2291 Dei
2105 2237 2376 2301 altissimi,
2400 2235 2571 2309 488
2593 2237 2890 2308 Stephane,
2928 2243 3146 2294 medere
3173 2243 3308 2297 meis
3340 2244 3540 2312 oculis,

1973 2328 2120 2398 aperi
2168 2343 2343 2384 meam
2390 2333 2710 2404 ca-citalem,
2761 2345 2954 2399 meque
3001 2327 3538 2400 tenebris'oﬂ'usum

1972 2415 2241 2479 illumina,
2281 2429 2341 2472 ut
2373 2427 2544 2488 perte
2585 2432 2762 2472 rerum
2807 2433 2929 2488 quae
2976 2430 3274 2474 cernuntur
3307 2437 3544 2477 concen-

1974 2517 2086 2562 tum
2117 2518 2173 2564 et
2194 2507 2660 2564 constructionem
2705 2509 3126 2576 contemplatus,
3169 2512 3538 2583 eximiamque

1971 2612 2160 2652 earum
2213 2597 2671 2667 pulchritudinem
2708 2599 3030 2664 admiratus,
3063 2617 3160 2668 per
3193 2618 3280 2656 res
3314 2613 3531 2660 creatas

1969 2686 2282 2744 Creatorem
2321 2688 2554 2744 laudem.
2596 2689 2748 2744 Hunc
2800 2705 2924 2744 cum
2983 2695 3174 2747 beatus
3229 2695 3543 2762 Stephanus

1971 2781 2119 2850 gravi
2151 2780 2369 2850 quidem
2401 2781 2644 2834 caecitate
2677 2781 3026 2836 obscuratum
3051 2796 3322 2849 cerneret,
3350 2785 3445 2840 sed
3476 2799 3539 2840 ea

1974 2871 2078 2926 ﬁde
2111 2872 2419 2940 pra‘ditum,
2446 2885 2567 2940 qua:
2594 2881 2808 2927 montes
2839 2873 3118 2938 transfert,
3142 2875 3191 2928 ei
3223 2876 3538 2943 respondit:

1967 2963 2108 3030 Quid
2174 2963 2238 3017 ad
2297 2979 2404 3028 me,
2463 2964 2812 3030 adolescens,
2865 2965 3102 3030 accedis,
3162 2975 3222 3018 ιιι
3282 2965 3368 3030 ea,
3413 2982 3538 3035 qua:

1970 3071 2132 3124 supra
2162 3070 2247 3108 me
2272 3065 2419 3120 sunt,
2449 3071 2477 3108 a
2505 3069 2590 3108 me
2626 3057 2720 3111 tibi
2753 3055 2927 3111 danda
2962 3071 3178 3126 quaeras
3199 3057 3222 3110 ί
3245 3056 3387 3123 Quid
3427 3059 3537 3112 vir-

1973 3145 2102 3200 tutis
2132 3145 2184 3199 in
2218 3161 2302 3198 me
2323 3148 2690 3215 conspicatus,
2721 3146 2866 3200 illam
2899 3163 2928 3200 a
2959 3162 3064 3212 me,
3101 3165 3134 3202 ο
3160 3151 3342 3212 homo,
3373 3163 3537 3204 sana-

1971 3237 2170 3287 tionem
2203 3235 2402 3302 poscis,
2435 3253 2597 3304 quam
2633 3237 2780 3290 solus
2802 3236 3035 3292 Creator
3061 3249 3116 3291 et
3147 3238 3526 3292 universorum

1968 3322 2136 3389 Deus,
2178 3325 2264 3378 ubi
2293 3336 2345 3378 et
2383 3327 2578 3394 quibus
2612 3327 2842 3380 voluerit
2867 3327 3136 3396 largitur?
3189 3326 3300 3381 Cur
3331 3345 3433 3381 non
3470 3328 3537 3382 ad

1970 3413 2113 3466 illum
2144 3413 2462 3466 accnrristi?
2491 3416 2620 3476 Cur,
2654 3415 2878 3467 dimisso
2909 3411 3192 3476 Creatore,
3225 3415 3290 3466 ad
3319 3423 3536 3467 creatu-

1971 3517 2083 3554 ram
2121 3501 2353 3556 venisti?
2380 3501 2514 3566 Cur,
2553 3501 2782 3554 Domino
2821 3501 3028 3562 relicto,
3063 3517 3280 3555 servum
3311 3501 3540 3555 adiisti?

1967 3593 2048 3648 An
2086 3593 2263 3648 nescis
2295 3589 2612 3648 nos'omnes
2647 3594 2901 3647 universe
2935 3592 3054 3660 eius
3087 3595 3290 3647 auxilio
3328 3593 3536 3662 indige-

1968 3687 2064 3742 re?
2124 3687 2205 3740 An
2265 3687 2440 3742 nescis
2475 3692 2615 3756 quod
2651 3703 2751 3756 ego
2803 3689 3164 3748 homo.snm,
3237 3695 3293 3740 ut
3353 3694 3408 3740 et
3449 3685 3540 3738 tu?

1965 3778 2093 3848 quid
2133 3780 2296 3848 igitur
2323 3781 2520 3848 quaeris
2557 3795 2678 3848 quze
2709 3780 2912 3832 habere
2967 3794 3070 3832 non
3109 3793 3324 3845 possunt
3351 3779 3374 3832 ?
3400 3779 3529 3846 quid

1968 3882 2053 3922 me
2102 3868 2258 3936 hujus
2303 3869 2476 3922 morbi
2519 3869 2600 3922 vis
2627 3883 2747 3922 esse
2810 3868 3100 3931 medicum,
3149 3869 3234 3923 cui
3265 3869 3411 3922 solus
3447 3868 3538 3922 ille

1965 3961 2260 4015 remedium
2291 3962 2486 4014 alferre
2539 3971 2735 4031 potest,
2757 3961 2847 4030 qui
2894 3977 3094 4016 caecum
3145 3961 3538 4016 olimsanavit?

1967 4050 2128 4106 Hisce
2165 4061 2351 4106 sancto
2372 4052 2650 4120 Stephano
2697 4043 2873 4106 verbis
2905 4037 3299 4106 adulescentem
3335 4051 3532 4105 leniter

1964 4144 2240 4214 rejiciente
2283 4153 2340 4198 et
2383 4146 2536 4213 quasi
2583 4143 2752 4216 489
2810 4145 3106 4198 mansuetis
3163 4144 3532 4198 sermonibus

1963 4235 2213 4306 abigente
2241 4275 2258 4304 ,
2323 4236 2557 4289 instabat
2613 4235 2699 4288 ille
2742 4235 2973 4298 iterum,
3015 4243 3070 4287 et
3114 4235 3347 4302 priscum
3387 4233 3534 4287 illum

1966 4343 2168 4382 «ecum
2205 4327 2471 4390 imitatus,
2519 4341 2712 4396 magna
2742 4340 2878 4379 voce
2922 4325 3146 4394 supplex
3204 4324 3478 4379 clamabat
3517 4342 3532 4378 :

289 4413 514 4476 ϐοῦντος
570 4413 754 4484 ἡρέμα
811 4412 904 4465 τὸν
959 4412 1218 4479 νεανίαν,
1289 4413 1384 4465 καὶ
1439 4414 1700 4482 χρηστοῖς
1771 4409 1859 4467 οἷα

1972 4417 2224 4474 Miserere
2273 4418 2410 4482 mei,
2452 4433 2486 4472 o
2535 4432 2792 4487 germane
2843 4417 2934 4470 Dei
2986 4430 3145 4470 serve
3175 4454 3192 4480 ,
3235 4416 3534 4484 Stephane.

287 4505 472 4574 λόγοις
522 4503 686 4556 αὑτὸν
729 4501 1112 4567 ὲκδιὼκοντος,
1159 4503 1372 4566 ἐκεῖνος
1417 4498 1576 4564 αὖθις
1610 4502 1860 4556 ἐνίστατο

1972 4511 2180 4565 Etenim
2241 4511 2379 4564 hanc
2421 4509 2514 4563 tibi
2585 4507 2672 4561 ille
2727 4509 2956 4578 gratiam
3009 4507 3251 4572 donavit,
3294 4507 3536 4576 mihique

287 4598 384 4652 καὶ
415 4594 508 4650 τὸν
533 4597 664 4666 πρὶν
702 4593 904 4663 τυφλὸν
941 4592 1377 4664 ἐκμιμούμενος,
1439 4593 1658 4664 μεγαλα
1691 4592 1856 4663 βοῶν,

1972 4616 2059 4671 per
2076 4612 2127 4654 te
2149 4601 2238 4656 lux
2265 4616 2389 4655 vera
2407 4599 2690 4655 oculorum
2724 4601 2903 4656 lumen
2928 4600 3154 4654 daturus
3171 4611 3274 4656 est.
3306 4597 3532 4664 Verum,

285 4688 481 4743 τοῦτον
533 4686 914 4750 καθικέτευεν,
962 4685 1220 4756 Ἐλέησόν
1277 4703 1368 4756 με,
1415 4685 1618 4755 λέγων,
1647 4680 1692 4739 ὦ
1724 4687 1861 4758 δίνη-

1972 4703 2037 4746 ne
2073 4705 2246 4746 meam
2279 4691 2526 4745 ﬁduciam
2579 4703 2730 4744 mora
2774 4692 3039 4753 obtundo,
3069 4705 3102 4744 ο
3143 4692 3325 4754 beate,
3355 4705 3531 4759 neque

289 4794 372 4832 σιε
418 4776 511 4830 τοῦ
545 4775 682 4829 Θεοῦ
727 4774 970 4848 θεράπον
1025 4776 1306 4844 Στεέφανιε⁹
1337 4776 1421 4829 σοὶ
1477 4776 1588 4848 γάρ
1655 4777 1860 4846 ταύτην

1972 4783 2452 4854 procrastinatione
2473 4785 2672 4838 donum
2703 4781 2878 4849 din‘er,
2918 4797 3088 4854 neque
3117 4784 3310 4836 nebula
3363 4785 3532 4836 solem

285 4872 498 4933 ἐκεῖνος
527 4869 637 4938 τὴν.
677 4870 840 4940 χάριν
890 4865 1218 4940 δεδώρηται,
1262 4869 1357 4922 καὶ
1389 4867 1476 4922 διὰ
1522 4868 1617 4922 σοῦ
1653 4887 1744 4938 μοι
1795 4869 1856 4922 :6

1972 4874 2238 4929 absconde
2271 4891 2286 4929 :
2316 4875 2410 4928 sed
2451 4890 2623 4928 meam
2676 4873 3028 4929 amictionem
3077 4873 3330 4936 intuitus,
3358 4875 3536 4941 praebe

287 4961 404 5034 φῶς
429 4963 490 5034 τὸ
513 4960 770 5030 ἀληθινὸν
786 4961 888 5030 τὴν
917 4960 1093 5030 αὐγὴν
1111 4961 1389 5030 δωριεῖται
1408 4961 1516 5014 τῶν
1531 4961 1854 5032 ὀφθαλμῶν.

303 5051 464 5107 Ἀλλὰ
499 5052 575 5124 μὴ
605 5051 750 5122 ὄκνῳ
807 5052 908 5123 τὴν
959 5051 1278 5124 παρρησίαν
1325 5051 1642 5123 άμϐλύνῃς,
1678 5054 1859 5122 μακά-

288 5162 398 5218 ριε,
451 5143 589 5216 μηδὲ
624 5129 862 5214 ἀναϐολῇ
911 5142 1011 5214 τὴν
1065 5143 1274 5214 δωρεὰν
1324 5143 1680 5214 ὑπερτίθεσο,
1721 5137 1874 5214 μηδὲ’

287 5237 490 5309 νεφέλῃ
537 5233 784 5306 καλύψης
819 5235 908 5288 τὸν
939 5235 1091 5306 ἥλιον
1113 5251 1126 5264 ·
1181 5232 1300 5288 ἀλλ’
1329 5233 1450 5288 ίδὼν
1475 5251 1578 5301 μου
1613 5235 1712 5306 τὴν
1757 5237 1859 5288 κά-

285 5345 480 5393 κωσιν,
517 5327 800 5398 παράσχου
829 5327 927 5399 τὴν
951 5329 1126 5382 ῐασιψ
1171 5329 1450 5400 μετρήσας
1481 5343 1587 5396 μου
1619 5326 1720 5398 τὴν
1756 5328 1850 5382 πί-

355 5481 403 5515 "
431 5479 587 5538 Joan.
624 5499 712 5538 ιιν
769 5481 856 5538 t2.
933 5484 978 5516 "
1022 5473 1180 5531 Joan.
1207 5491 1283 5552 ιτ,
1314 5477 1366 5538 l.

363 5721 386 5750 ε
417 5711 504 5762 Ic.
542 5705 862 5769 κατέϐαλες.

1962 4966 2323 5021 sanationem.
2356 4965 2489 5020 Fide
2511 4979 2630 5020 mea
2665 4981 2903 5035 expensa
2923 4965 2988 5019 da
3017 4969 3271 5036 gratiam.
3299 4964 3532 5020 Trntina

1963 5072 2142 5112 memn
2202 5073 2440 5112 amorem
2493 5057 2824 5126 ponderans,
2879 5070 3010 5110 sana
3069 5058 3334 5113 laborem.
3386 5056 3526 5123 Quid

1959 5163 2091 5217 ergo
2119 5148 2460 5202 venerandus
2477 5147 2828 5218 Stephanus?
2849 5147 3048 5216 Habes,
3081 5150 3280 5218 inquit,
3315 5149 3472 5202 tidem
3496 5148 3519 5200 ?

1961 5233 2160 5293 Christi
2185 5240 2410 5308 ejusque
2431 5237 2620 5294 Matris
2643 5250 2698 5294 et
2725 5251 3037 5296 sanctorum
3064 5241 3331 5311 imagines
3356 5238 3488 5292 colis
3505 5238 3531 5291 Ι

1965 5329 2154 5384 Credis
2187 5332 2294 5386 Deo
2335 5331 2496 5386 etiam
2523 5347 2621 5402 per
2661 5333 2926 5404 imagines
2975 5335 3216 5400 sananti,
3260 5343 3317 5386 nt
3355 5347 3530 5404 quou-

1573 5573 1809 5631 VARUE
1849 5573 2248 5630 LEGTIONES.
