  <div class='ocr_page' id='page_1' title='image "/cluster/home/n/w/nwhite01/storage/ocr_20150623/100/hvd.32044054111919/583.png"; bbox 0 0 3972 6220; ppageno 0'>
   <div class='ocr_carea' id='block_1_1' title="bbox 431 261 558 328">
    <p class='ocr_par' dir='ltr' id='par_1_1' title="bbox 431 261 558 328">
     <span class='ocr_line' id='line_1_1' title="bbox 431 261 558 328; baseline -0.024 0"><span class='ocrx_word' id='word_1_1' title='bbox 431 261 558 328; x_wconf 62' lang='lat' dir='ltr'><strong>libi</strong></span> 
     </span>
    </p>
   </div>
   <div class='ocr_carea' id='block_1_2' title="bbox 1590 264 2460 326">
    <p class='ocr_par' dir='ltr' id='par_1_2' title="bbox 1590 264 2460 326">
     <span class='ocr_line' id='line_1_2' title="bbox 1590 264 2460 326; baseline -0.001 -1"><span class='ocrx_word' id='word_1_2' title='bbox 1590 265 1966 326; x_wconf 73' lang='lat' dir='ltr'><strong>STEPHANI</strong></span> <span class='ocrx_word' id='word_1_3' title='bbox 2005 264 2310 326; x_wconf 67' lang='lat' dir='ltr'><strong>DIACONI</strong></span> <span class='ocrx_word' id='word_1_4' title='bbox 2350 266 2460 326; x_wconf 88' lang='lat' dir='ltr'><strong>CP.</strong></span> 
     </span>
    </p>
   </div>
   <div class='ocr_carea' id='block_1_3' title="bbox 3543 261 3710 330">
    <p class='ocr_par' dir='ltr' id='par_1_3' title="bbox 3543 261 3710 330">
     <span class='ocr_line' id='line_1_3' title="bbox 3543 261 3710 330; baseline 0.018 -3"><span class='ocrx_word' id='word_1_5' title='bbox 3543 261 3710 330; x_wconf 72' lang='grc'><strong>1152</strong></span> 
     </span>
    </p>
   </div>
   <div class='ocr_carea' id='block_1_4' title="bbox 426 372 1987 447">
    <p class='ocr_par' dir='ltr' id='par_1_4' title="bbox 426 372 1987 447">
     <span class='ocr_line' id='line_1_4' title="bbox 426 372 1987 447; baseline -0.001 -15"><span class='ocrx_word' id='word_1_6' title='bbox 426 380 554 432; x_wconf 80' lang='lat' dir='ltr'><strong>dam</strong></span> <span class='ocrx_word' id='word_1_7' title='bbox 591 377 898 432; x_wconf 84' lang='lat' dir='ltr'><strong>veneranda</strong></span> <span class='ocrx_word' id='word_1_8' title='bbox 924 372 1092 430; x_wconf 70' lang='lat' dir='ltr'><strong>Maria</strong></span> <span class='ocrx_word' id='word_1_9' title='bbox 1113 373 1433 447; x_wconf 68' lang='lat' dir='ltr'><strong>Egyptiaca</strong></span> <span class='ocrx_word' id='word_1_10' title='bbox 1460 375 1712 442; x_wconf 73' lang='lat' dir='ltr'><strong>credidit,</strong></span> <span class='ocrx_word' id='word_1_11' title='bbox 1742 386 1796 431; x_wconf 91' lang='lat' dir='ltr'><strong>et</strong></span> <span class='ocrx_word' id='word_1_12' title='bbox 1830 392 1987 445; x_wconf 87' lang='lat' dir='ltr'><strong>spon-</strong></span> 
     </span>
    </p>
   </div>
   <div class='ocr_carea' id='block_1_5' title="bbox 2092 372 3710 447">
    <p class='ocr_par' dir='ltr' id='par_1_5' title="bbox 2097 375 3710 446">
     <span class='ocr_line' id='line_1_5' title="bbox 2097 375 3710 446; baseline 0.002 -17"><span class='ocrx_word' id='word_1_13' title='bbox 2097 393 2237 439; x_wconf 83' lang='grc' dir='ltr'>στιν,</span> <span class='ocrx_word' id='word_1_14' title='bbox 2266 376 2411 429; x_wconf 82' lang='grc' dir='ltr'>δίδου</span> <span class='ocrx_word' id='word_1_15' title='bbox 2463 375 2559 446; x_wconf 73' lang='grc' dir='ltr'>τὴν</span> <span class='ocrx_word' id='word_1_16' title='bbox 2590 375 2774 445; x_wconf 84' lang='grc' dir='ltr'>χάριν.</span> <span class='ocrx_word' id='word_1_17' title='bbox 2825 375 3254 445; x_wconf 70' lang='grc' dir='ltr'>Ζυγοστατήσας</span> <span class='ocrx_word' id='word_1_18' title='bbox 3311 393 3418 446; x_wconf 78' lang='grc' dir='ltr'><strong>μου</strong></span> <span class='ocrx_word' id='word_1_19' title='bbox 3447 375 3550 429; x_wconf 73' lang='grc' dir='ltr'>τὸν</span> <span class='ocrx_word' id='word_1_20' title='bbox 3579 378 3710 432; x_wconf 76' lang='grc' dir='ltr'>πό-</span> 
     </span>
    </p>
   </div>
   <div class='ocr_carea' id='block_1_6' title="bbox 428 467 1996 539">
    <p class='ocr_par' dir='ltr' id='par_1_6' title="bbox 428 467 1996 539">
     <span class='ocr_line' id='line_1_6' title="bbox 428 467 1996 539; baseline -0.003 -14"><span class='ocrx_word' id='word_1_21' title='bbox 428 471 585 525; x_wconf 84' lang='lat' dir='ltr'><strong>sione</strong></span> <span class='ocrx_word' id='word_1_22' title='bbox 631 469 700 524; x_wconf 86' lang='lat' dir='ltr'><strong>ab</strong></span> <span class='ocrx_word' id='word_1_23' title='bbox 747 469 985 539; x_wconf 79' lang='lat' dir='ltr'><strong>imagine</strong></span> <span class='ocrx_word' id='word_1_24' title='bbox 1023 469 1266 534; x_wconf 82' lang='lat' dir='ltr'><strong>accepta.</strong></span> <span class='ocrx_word' id='word_1_25' title='bbox 1309 467 1682 536; x_wconf 67' lang='lat' dir='ltr'><strong>paenitentiam</strong></span> <span class='ocrx_word' id='word_1_26' title='bbox 1754 468 1886 536; x_wconf 79' lang='lat' dir='ltr'><strong>egit,</strong></span> <span class='ocrx_word' id='word_1_27' title='bbox 1940 477 1996 523; x_wconf 90' lang='lat' dir='ltr'><strong>et</strong></span> 
     </span>
    </p>
   </div>
   <div class='ocr_carea' id='block_1_7' title="bbox 427 553 1987 615">
    <p class='ocr_par' dir='ltr' id='par_1_7' title="bbox 427 553 1987 615">
     <span class='ocr_line' id='line_1_7' title="bbox 427 553 1987 615; baseline -0.002 -3"><span class='ocrx_word' id='word_1_28' title='bbox 427 561 658 615; x_wconf 79' lang='lat' dir='ltr'><strong>salutem</strong></span> <span class='ocrx_word' id='word_1_29' title='bbox 711 567 1001 615; x_wconf 76' lang='lat' dir='ltr'><strong>consecuta</strong></span> <span class='ocrx_word' id='word_1_30' title='bbox 1054 557 1171 610; x_wconf 86' lang='lat' dir='ltr'><strong>est?</strong></span> <span class='ocrx_word' id='word_1_31' title='bbox 1226 553 1322 612; x_wconf 90' lang='lat' dir='ltr'><strong>llle</strong></span> <span class='ocrx_word' id='word_1_32' title='bbox 1375 571 1503 612; x_wconf 88' lang='lat' dir='ltr'><strong>vero</strong></span> <span class='ocrx_word' id='word_1_33' title='bbox 1549 557 1746 612; x_wconf 89' lang='lat' dir='ltr'><strong>iterum</strong></span> <span class='ocrx_word' id='word_1_34' title='bbox 1797 559 1987 610; x_wconf 78' lang='lat' dir='ltr'><strong>dixit:</strong></span> 
     </span>
    </p>
   </div>
   <div class='ocr_carea' id='block_1_8' title="bbox 425 648 1990 713">
    <p class='ocr_par' dir='ltr' id='par_1_8' title="bbox 425 648 1990 713">
     <span class='ocr_line' id='line_1_8' title="bbox 425 648 1990 713; baseline -0.001 -9"><span class='ocrx_word' id='word_1_35' title='bbox 425 651 623 713; x_wconf 85' lang='lat' dir='ltr'><strong>Credo,</strong></span> <span class='ocrx_word' id='word_1_36' title='bbox 682 651 919 713; x_wconf 82' lang='lat' dir='ltr'><strong>domine,</strong></span> <span class='ocrx_word' id='word_1_37' title='bbox 967 657 1021 703; x_wconf 86' lang='lat' dir='ltr'><strong>et</strong></span> <span class='ocrx_word' id='word_1_38' title='bbox 1067 651 1302 702; x_wconf 81' lang='lat' dir='ltr'><strong>credens</strong></span> <span class='ocrx_word' id='word_1_39' title='bbox 1352 650 1551 703; x_wconf 80' lang='lat' dir='ltr'><strong>accedo</strong></span> <span class='ocrx_word' id='word_1_40' title='bbox 1581 657 1634 701; x_wconf 90' lang='lat' dir='ltr'><strong>et</strong></span> <span class='ocrx_word' id='word_1_41' title='bbox 1663 649 1852 702; x_wconf 89' lang='lat' dir='ltr'><strong>adoro.</strong></span> <span class='ocrx_word' id='word_1_42' title='bbox 1890 648 1990 703; x_wconf 88' lang='lat' dir='ltr'><strong>Cui</strong></span> 
     </span>
    </p>
   </div>
   <div class='ocr_carea' id='block_1_9' title="bbox 426 737 1992 809">
    <p class='ocr_par' dir='ltr' id='par_1_9' title="bbox 426 737 1992 809">
     <span class='ocr_line' id='line_1_9' title="bbox 426 737 1992 809; baseline 0.001 -15"><span class='ocrx_word' id='word_1_43' title='bbox 426 749 647 795; x_wconf 83' lang='lat' dir='ltr'><strong>sanctus</strong></span> <span class='ocrx_word' id='word_1_44' title='bbox 707 758 721 793; x_wconf 90' lang='lat'>:</span> <span class='ocrx_word' id='word_1_45' title='bbox 785 739 840 792; x_wconf 93' lang='lat' dir='ltr'><strong>In</strong></span> <span class='ocrx_word' id='word_1_46' title='bbox 903 739 1122 794; x_wconf 88' lang='lat' dir='ltr'><strong>nomine</strong></span> <span class='ocrx_word' id='word_1_47' title='bbox 1187 739 1414 793; x_wconf 83' lang='lat' dir='ltr'><strong>Domini</strong></span> <span class='ocrx_word' id='word_1_48' title='bbox 1449 737 1575 793; x_wconf 81' lang='lat' dir='ltr'><strong>Jesn</strong></span> <span class='ocrx_word' id='word_1_49' title='bbox 1612 738 1854 802; x_wconf 75' lang='lat' dir='ltr'><strong>Christi,</strong></span> <span class='ocrx_word' id='word_1_50' title='bbox 1899 741 1992 809; x_wconf 87' lang='lat' dir='ltr'><strong>qui</strong></span> 
     </span>
    </p>
   </div>
   <div class='ocr_carea' id='block_1_10' title="bbox 424 830 1991 898">
    <p class='ocr_par' dir='ltr' id='par_1_10' title="bbox 424 830 1991 898">
     <span class='ocr_line' id='line_1_10' title="bbox 424 830 1991 898; baseline -0.003 -14"><span class='ocrx_word' id='word_1_51' title='bbox 424 846 625 885; x_wconf 67' lang='lat' dir='ltr'><strong>cmcum</strong></span> <span class='ocrx_word' id='word_1_52' title='bbox 654 830 889 895; x_wconf 90' lang='lat' dir='ltr'><strong>sanavit,</strong></span> <span class='ocrx_word' id='word_1_53' title='bbox 933 830 987 884; x_wconf 93' lang='lat' dir='ltr'><strong>in</strong></span> <span class='ocrx_word' id='word_1_54' title='bbox 1032 844 1192 898; x_wconf 86' lang='lat' dir='ltr'><strong>quem</strong></span> <span class='ocrx_word' id='word_1_55' title='bbox 1236 830 1510 888; x_wconf 85' lang='lat' dir='ltr'><strong>credendo</strong></span> <span class='ocrx_word' id='word_1_56' title='bbox 1554 830 1658 883; x_wconf 89' lang='lat' dir='ltr'><strong>huc</strong></span> <span class='ocrx_word' id='word_1_57' title='bbox 1703 830 1991 895; x_wconf 77' lang='lat' dir='ltr'><strong>advenisti,</strong></span> 
     </span>
    </p>
   </div>
   <div class='ocr_carea' id='block_1_11' title="bbox 424 912 1994 989">
    <p class='ocr_par' dir='ltr' id='par_1_11' title="bbox 424 912 1994 989">
     <span class='ocr_line' id='line_1_11' title="bbox 424 912 1994 989; baseline -0.001 -13"><span class='ocrx_word' id='word_1_58' title='bbox 424 937 583 988; x_wconf 84' lang='lat' dir='ltr'><strong>quem</strong></span> <span class='ocrx_word' id='word_1_59' title='bbox 636 937 800 976; x_wconf 89' lang='lat' dir='ltr'><strong>carne</strong></span> <span class='ocrx_word' id='word_1_60' title='bbox 852 919 1322 989; x_wconf 89' lang='lat' dir='ltr'><strong>circumscriptum</strong></span> <span class='ocrx_word' id='word_1_61' title='bbox 1364 919 1420 973; x_wconf 88' lang='lat' dir='ltr'><strong>in</strong></span> <span class='ocrx_word' id='word_1_62' title='bbox 1463 912 1696 989; x_wconf 75' lang='lat' dir='ltr'><strong>imagine</strong></span> <span class='ocrx_word' id='word_1_63' title='bbox 1763 921 1994 975; x_wconf 86' lang='lat' dir='ltr'><strong>adorare</strong></span> 
     </span>
    </p>
   </div>
   <div class='ocr_carea' id='block_1_12' title="bbox 424 1013 1996 1083">
    <p class='ocr_par' dir='ltr' id='par_1_12' title="bbox 424 1013 1996 1083">
     <span class='ocr_line' id='line_1_12' title="bbox 424 1013 1996 1083; baseline 0 -17"><span class='ocrx_word' id='word_1_64' title='bbox 424 1015 706 1068; x_wconf 73' lang='lat' dir='ltr'><strong>confessus</strong></span> <span class='ocrx_word' id='word_1_65' title='bbox 731 1029 811 1078; x_wconf 89' lang='lat' dir='ltr'><strong>es,</strong></span> <span class='ocrx_word' id='word_1_66' title='bbox 854 1013 1020 1068; x_wconf 87' lang='lat' dir='ltr'><strong>solem</strong></span> <span class='ocrx_word' id='word_1_67' title='bbox 1069 1013 1273 1080; x_wconf 84' lang='lat' dir='ltr'><strong>aspice,</strong></span> <span class='ocrx_word' id='word_1_68' title='bbox 1327 1013 1570 1083; x_wconf 86' lang='lat' dir='ltr'><strong>nihilque</strong></span> <span class='ocrx_word' id='word_1_69' title='bbox 1615 1023 1668 1068; x_wconf 85' lang='lat' dir='ltr'><strong>te</strong></span> <span class='ocrx_word' id='word_1_70' title='bbox 1698 1014 1766 1067; x_wconf 91' lang='lat' dir='ltr'><strong>ab</strong></span> <span class='ocrx_word' id='word_1_71' title='bbox 1813 1028 1880 1068; x_wconf 88' lang='lat' dir='ltr'><strong>eo</strong></span> <span class='ocrx_word' id='word_1_72' title='bbox 1913 1013 1996 1066; x_wconf 81' lang='lat' dir='ltr'><strong>vi-</strong></span> 
     </span>
    </p>
   </div>
   <div class='ocr_carea' id='block_1_13' title="bbox 425 1103 1993 1175">
    <p class='ocr_par' dir='ltr' id='par_1_13' title="bbox 425 1103 1993 1175">
     <span class='ocr_line' id='line_1_13' title="bbox 425 1103 1993 1175; baseline 0.002 -20"><span class='ocrx_word' id='word_1_73' title='bbox 425 1104 598 1157; x_wconf 87' lang='lat' dir='ltr'><strong>dequ</strong></span> <span class='ocrx_word' id='word_1_74' title='bbox 651 1103 926 1171; x_wconf 88' lang='lat' dir='ltr'><strong>impediat.</strong></span> <span class='ocrx_word' id='word_1_75' title='bbox 949 1103 1114 1175; x_wconf 71' lang='grc'><strong>490</strong></span> <span class='ocrx_word' id='word_1_76' title='bbox 1141 1103 1325 1172; x_wconf 84' lang='lat' dir='ltr'><strong>Itaque</strong></span> <span class='ocrx_word' id='word_1_77' title='bbox 1382 1115 1607 1173; x_wconf 87' lang='lat' dir='ltr'><strong>repente</strong></span> <span class='ocrx_word' id='word_1_78' title='bbox 1633 1103 1993 1170; x_wconf 72' lang='lat' dir='ltr'><strong>adolescentis</strong></span> 
     </span>
    </p>
   </div>
   <div class='ocr_carea' id='block_1_14' title="bbox 426 1194 1992 1263">
    <p class='ocr_par' dir='ltr' id='par_1_14' title="bbox 426 1194 1992 1263">
     <span class='ocr_line' id='line_1_14' title="bbox 426 1194 1992 1263; baseline 0.002 -18"><span class='ocrx_word' id='word_1_79' title='bbox 426 1194 566 1248; x_wconf 86' lang='lat' dir='ltr'><strong>oeuli</strong></span> <span class='ocrx_word' id='word_1_80' title='bbox 595 1195 766 1260; x_wconf 86' lang='lat' dir='ltr'><strong>aperti</strong></span> <span class='ocrx_word' id='word_1_81' title='bbox 816 1203 964 1258; x_wconf 90' lang='lat' dir='ltr'><strong>sunt,</strong></span> <span class='ocrx_word' id='word_1_82' title='bbox 1010 1210 1280 1263; x_wconf 89' lang='lat' dir='ltr'><strong>sanusque</strong></span> <span class='ocrx_word' id='word_1_83' title='bbox 1309 1194 1487 1249; x_wconf 86' lang='lat' dir='ltr'><strong>factus</strong></span> <span class='ocrx_word' id='word_1_84' title='bbox 1512 1205 1617 1259; x_wconf 88' lang='lat' dir='ltr'><strong>est,</strong></span> <span class='ocrx_word' id='word_1_85' title='bbox 1658 1195 1811 1263; x_wconf 90' lang='lat' dir='ltr'><strong>quasi</strong></span> <span class='ocrx_word' id='word_1_86' title='bbox 1850 1211 1992 1249; x_wconf 86' lang='lat' dir='ltr'><strong>nun-</strong></span> 
     </span>
    </p>
   </div>
   <div class='ocr_carea' id='block_1_15' title="bbox 426 1285 1992 1354">
    <p class='ocr_par' dir='ltr' id='par_1_15' title="bbox 426 1285 1992 1354">
     <span class='ocr_line' id='line_1_15' title="bbox 426 1285 1992 1354; baseline 0.003 -20"><span class='ocrx_word' id='word_1_87' title='bbox 426 1299 590 1351; x_wconf 88' lang='lat' dir='ltr'><strong>quam</strong></span> <span class='ocrx_word' id='word_1_88' title='bbox 620 1285 792 1338; x_wconf 87' lang='lat' dir='ltr'><strong>oculis</strong></span> <span class='ocrx_word' id='word_1_89' title='bbox 821 1295 1034 1353; x_wconf 89' lang='lat' dir='ltr'><strong>captus,</strong></span> <span class='ocrx_word' id='word_1_90' title='bbox 1069 1285 1154 1338; x_wconf 87' lang='lat' dir='ltr'><strong>vel</strong></span> <span class='ocrx_word' id='word_1_91' title='bbox 1185 1285 1489 1348; x_wconf 81' lang='lat' dir='ltr'><strong>huiusmodi</strong></span> <span class='ocrx_word' id='word_1_92' title='bbox 1523 1286 1769 1340; x_wconf 86' lang='lat' dir='ltr'><strong>morbum</strong></span> <span class='ocrx_word' id='word_1_93' title='bbox 1792 1300 1992 1354; x_wconf 77' lang='lat' dir='ltr'><strong>exper-</strong></span> 
     </span>
    </p>
   </div>
   <div class='ocr_carea' id='block_1_16' title="bbox 429 1373 1992 1448">
    <p class='ocr_par' dir='ltr' id='par_1_16' title="bbox 429 1373 1992 1448">
     <span class='ocr_line' id='line_1_16' title="bbox 429 1373 1992 1448; baseline 0.001 -20"><span class='ocrx_word' id='word_1_94' title='bbox 429 1385 515 1428; x_wconf 90' lang='lat' dir='ltr'><strong>tus</strong></span> <span class='ocrx_word' id='word_1_95' title='bbox 550 1373 762 1429; x_wconf 80' lang='lat' dir='ltr'><strong>fuisset.</strong></span> <span class='ocrx_word' id='word_1_96' title='bbox 803 1376 893 1430; x_wconf 83' lang='lat' dir='ltr'><strong>illa</strong></span> <span class='ocrx_word' id='word_1_97' title='bbox 929 1392 1059 1445; x_wconf 80' lang='lat' dir='ltr'><strong>ergo</strong></span> <span class='ocrx_word' id='word_1_98' title='bbox 1081 1377 1390 1430; x_wconf 85' lang='lat' dir='ltr'><strong>admirabili</strong></span> <span class='ocrx_word' id='word_1_99' title='bbox 1416 1376 1468 1430; x_wconf 92' lang='lat' dir='ltr'><strong>in</strong></span> <span class='ocrx_word' id='word_1_100' title='bbox 1503 1392 1560 1432; x_wconf 89' lang='lat' dir='ltr'><strong>se</strong></span> <span class='ocrx_word' id='word_1_101' title='bbox 1589 1386 1802 1448; x_wconf 86' lang='lat' dir='ltr'><strong>peracta</strong></span> <span class='ocrx_word' id='word_1_102' title='bbox 1833 1393 1992 1431; x_wconf 83' lang='lat' dir='ltr'><strong>sana-</strong></span> 
     </span>
    </p>
   </div>
   <div class='ocr_carea' id='block_1_17' title="bbox 427 1467 1989 1539">
    <p class='ocr_par' dir='ltr' id='par_1_17' title="bbox 427 1467 1989 1539">
     <span class='ocr_line' id='line_1_17' title="bbox 427 1467 1989 1539; baseline 0.002 -20"><span class='ocrx_word' id='word_1_103' title='bbox 427 1467 574 1521; x_wconf 89' lang='lat' dir='ltr'><strong>tione</strong></span> <span class='ocrx_word' id='word_1_104' title='bbox 597 1468 746 1522; x_wconf 67' lang='lat' dir='ltr'><strong>laetus</strong></span> <span class='ocrx_word' id='word_1_105' title='bbox 759 1476 812 1522; x_wconf 90' lang='lat' dir='ltr'><strong>et</strong></span> <span class='ocrx_word' id='word_1_106' title='bbox 831 1469 1020 1523; x_wconf 85' lang='lat' dir='ltr'><strong>hilaris</strong></span> <span class='ocrx_word' id='word_1_107' title='bbox 1035 1470 1188 1532; x_wconf 88' lang='lat' dir='ltr'><strong>abiit,</strong></span> <span class='ocrx_word' id='word_1_108' title='bbox 1211 1470 1300 1524; x_wconf 86' lang='lat' dir='ltr'><strong>Dei</strong></span> <span class='ocrx_word' id='word_1_109' title='bbox 1319 1470 1502 1524; x_wconf 88' lang='lat' dir='ltr'><strong>laudes</strong></span> <span class='ocrx_word' id='word_1_110' title='bbox 1517 1469 1879 1539; x_wconf 60' lang='lat' dir='ltr'><strong>praedicando,</strong></span> <span class='ocrx_word' id='word_1_111' title='bbox 1899 1469 1989 1538; x_wconf 90' lang='lat' dir='ltr'><strong>qui</strong></span> 
     </span>
    </p>
   </div>
   <div class='ocr_carea' id='block_1_18' title="bbox 436 1556 1990 1613">
    <p class='ocr_par' dir='ltr' id='par_1_18' title="bbox 436 1556 1990 1613">
     <span class='ocr_line' id='line_1_18' title="bbox 436 1556 1990 1613; baseline 0.003 -7"><span class='ocrx_word' id='word_1_112' title='bbox 436 1556 562 1610; x_wconf 86' lang='lat' dir='ltr'><strong>talia</strong></span> <span class='ocrx_word' id='word_1_113' title='bbox 599 1557 862 1612; x_wconf 82' lang='lat' dir='ltr'><strong>adversus</strong></span> <span class='ocrx_word' id='word_1_114' title='bbox 893 1559 1111 1612; x_wconf 87' lang='lat' dir='ltr'><strong>morbos</strong></span> <span class='ocrx_word' id='word_1_115' title='bbox 1138 1558 1466 1612; x_wconf 87' lang='lat' dir='ltr'><strong>charismata</strong></span> <span class='ocrx_word' id='word_1_116' title='bbox 1500 1559 1613 1613; x_wconf 89' lang='lat' dir='ltr'><strong>suis</strong></span> <span class='ocrx_word' id='word_1_117' title='bbox 1644 1557 1850 1612; x_wconf 77' lang='lat' dir='ltr'><strong>sanctis</strong></span> <span class='ocrx_word' id='word_1_118' title='bbox 1885 1558 1990 1610; x_wconf 86' lang='lat' dir='ltr'><strong>lar-</strong></span> 
     </span>
    </p>
   </div>
   <div class='ocr_carea' id='block_1_19' title="bbox 427 1645 1990 1717">
    <p class='ocr_par' dir='ltr' id='par_1_19' title="bbox 427 1645 1990 1717">
     <span class='ocr_line' id='line_1_19' title="bbox 427 1645 1990 1717; baseline 0.001 -19"><span class='ocrx_word' id='word_1_119' title='bbox 427 1645 593 1716; x_wconf 80' lang='lat' dir='ltr'><strong>gitur.</strong></span> <span class='ocrx_word' id='word_1_120' title='bbox 625 1647 740 1701; x_wconf 76' lang='lat' dir='ltr'><strong>Hoc</strong></span> <span class='ocrx_word' id='word_1_121' title='bbox 787 1648 1018 1717; x_wconf 88' lang='lat' dir='ltr'><strong>primmn</strong></span> <span class='ocrx_word' id='word_1_122' title='bbox 1062 1647 1164 1701; x_wconf 80' lang='lat' dir='ltr'><strong>fuit</strong></span> <span class='ocrx_word' id='word_1_123' title='bbox 1197 1647 1538 1712; x_wconf 87' lang='lat' dir='ltr'><strong>miraculum,</strong></span> <span class='ocrx_word' id='word_1_124' title='bbox 1585 1648 1729 1717; x_wconf 87' lang='lat' dir='ltr'><strong>quod</strong></span> <span class='ocrx_word' id='word_1_125' title='bbox 1767 1656 1990 1699; x_wconf 86' lang='lat' dir='ltr'><strong>sanctus</strong></span> 
     </span>
    </p>
   </div>
   <div class='ocr_carea' id='block_1_20' title="bbox 2095 463 3709 537">
    <p class='ocr_par' dir='ltr' id='par_1_20' title="bbox 2095 463 3709 537">
     <span class='ocr_line' id='line_1_20' title="bbox 2095 463 3709 537; baseline 0.002 -18"><span class='ocrx_word' id='word_1_126' title='bbox 2095 466 2208 532; x_wconf 92' lang='grc' dir='ltr'>θον,</span> <span class='ocrx_word' id='word_1_127' title='bbox 2242 467 2582 534; x_wconf 73' lang='grc' dir='ltr'>θεράπευσον</span> <span class='ocrx_word' id='word_1_128' title='bbox 2615 469 2705 519; x_wconf 77' lang='grc' dir='ltr'><strong>τδν</strong></span> <span class='ocrx_word' id='word_1_129' title='bbox 2757 467 2940 521; x_wconf 82' lang='grc' dir='ltr'>πόνον.</span> <span class='ocrx_word' id='word_1_130' title='bbox 2972 467 3038 518; x_wconf 88' lang='grc' dir='ltr'>Τί</span> <span class='ocrx_word' id='word_1_131' title='bbox 3064 463 3156 519; x_wconf 75' lang='grc' dir='ltr'><strong>οῦν</strong></span> <span class='ocrx_word' id='word_1_132' title='bbox 3186 467 3214 518; x_wconf 85' lang='grc' dir='ltr'><strong>ό</strong></span> <span class='ocrx_word' id='word_1_133' title='bbox 3244 467 3429 535; x_wconf 77' lang='grc' dir='ltr'>τίμιος</span> <span class='ocrx_word' id='word_1_134' title='bbox 3458 469 3709 537; x_wconf 53' lang='grc' dir='ltr'>Στέφα-</span> 
     </span>
    </p>
   </div>
   <div class='ocr_carea' id='block_1_21' title="bbox 2094 556 3704 628">
    <p class='ocr_par' dir='ltr' id='par_1_21' title="bbox 2094 556 3704 628">
     <span class='ocr_line' id='line_1_21' title="bbox 2094 556 3704 628; baseline 0.011 -24"><span class='ocrx_word' id='word_1_135' title='bbox 2094 574 2211 622; x_wconf 83' lang='grc' dir='ltr'>νος;</span> <span class='ocrx_word' id='word_1_136' title='bbox 2277 558 2463 627; x_wconf 84' lang='grc' dir='ltr'>Ἔχεις</span> <span class='ocrx_word' id='word_1_137' title='bbox 2521 557 2728 617; x_wconf 80' lang='grc' dir='ltr'>πίστιν,</span> <span class='ocrx_word' id='word_1_138' title='bbox 2785 557 2997 628; x_wconf 79' lang='grc' dir='ltr'>φησίν;</span> <span class='ocrx_word' id='word_1_139' title='bbox 3053 559 3389 626; x_wconf 68' lang='grc' dir='ltr'><strong>προσκυνεῖς</strong></span> <span class='ocrx_word' id='word_1_140' title='bbox 3438 556 3553 628; x_wconf 57' lang='lat' dir='ltr'><strong>Th&quot;-</strong></span> <span class='ocrx_word' id='word_1_141' title='bbox 3579 557 3704 612; x_wconf 71' lang='grc' dir='ltr'><strong>τοῧ</strong></span> 
     </span>
    </p>
   </div>
   <div class='ocr_carea' id='block_1_22' title="bbox 2094 647 3702 720">
    <p class='ocr_par' dir='ltr' id='par_1_22' title="bbox 2094 647 3702 720">
     <span class='ocr_line' id='line_1_22' title="bbox 2094 647 3702 720; baseline 0.001 -19"><span class='ocrx_word' id='word_1_142' title='bbox 2094 647 2335 720; x_wconf 75' lang='grc' dir='ltr'><strong>Χριστοῦ</strong></span> <span class='ocrx_word' id='word_1_143' title='bbox 2398 649 2583 701; x_wconf 75' lang='grc' dir='ltr'>εἰκόνα</span> <span class='ocrx_word' id='word_1_144' title='bbox 2617 648 2711 702; x_wconf 74' lang='grc' dir='ltr'><strong>καὶ</strong></span> <span class='ocrx_word' id='word_1_145' title='bbox 2763 647 2864 716; x_wconf 83' lang='grc' dir='ltr'>τῆς</span> <span class='ocrx_word' id='word_1_146' title='bbox 2913 647 3139 718; x_wconf 74' lang='grc' dir='ltr'>Μητρὸς</span> <span class='ocrx_word' id='word_1_147' title='bbox 3172 647 3342 701; x_wconf 80' lang='grc' dir='ltr'>αὑτοῦ</span> <span class='ocrx_word' id='word_1_148' title='bbox 3403 649 3507 702; x_wconf 78' lang='grc' dir='ltr'>καὶ</span> <span class='ocrx_word' id='word_1_149' title='bbox 3565 649 3702 702; x_wconf 81' lang='grc' dir='ltr'>τῶν</span> 
     </span>
    </p>
   </div>
   <div class='ocr_carea' id='block_1_23' title="bbox 2095 735 3697 806">
    <p class='ocr_par' dir='ltr' id='par_1_23' title="bbox 2095 735 3697 806">
     <span class='ocr_line' id='line_1_23' title="bbox 2095 735 3697 806; baseline 0.001 -16"><span class='ocrx_word' id='word_1_150' title='bbox 2095 738 2296 805; x_wconf 77' lang='grc' dir='ltr'>ἁγίωνς</span> <span class='ocrx_word' id='word_1_151' title='bbox 2353 737 2632 800; x_wconf 79' lang='grc' dir='ltr'><strong>πιστεύεις</strong></span> <span class='ocrx_word' id='word_1_152' title='bbox 2681 735 2760 806; x_wconf 83' lang='grc' dir='ltr'>τῷ</span> <span class='ocrx_word' id='word_1_153' title='bbox 2817 736 2912 788; x_wconf 75' lang='grc' dir='ltr'><strong>καὶ</strong></span> <span class='ocrx_word' id='word_1_154' title='bbox 2965 737 3024 788; x_wconf 78' lang='grc' dir='ltr'>ἐν</span> <span class='ocrx_word' id='word_1_155' title='bbox 3078 737 3253 790; x_wconf 77' lang='grc' dir='ltr'>εἰκόσι</span> <span class='ocrx_word' id='word_1_156' title='bbox 3295 737 3697 806; x_wconf 73' lang='grc' dir='ltr'>θεραπεύοντι</span> 
     </span>
    </p>
   </div>
   <div class='ocr_carea' id='block_1_24' title="bbox 2095 825 3697 897">
    <p class='ocr_par' dir='ltr' id='par_1_24' title="bbox 2095 825 3697 897">
     <span class='ocr_line' id='line_1_24' title="bbox 2095 825 3697 897; baseline 0.002 -20"><span class='ocrx_word' id='word_1_157' title='bbox 2095 826 2234 896; x_wconf 78' lang='grc' dir='ltr'>Θεῷ,</span> <span class='ocrx_word' id='word_1_158' title='bbox 2263 827 2338 890; x_wconf 83' lang='grc' dir='ltr'>ὡς</span> <span class='ocrx_word' id='word_1_159' title='bbox 2373 827 2490 890; x_wconf 74' lang='grc' dir='ltr'>καὶ,</span> <span class='ocrx_word' id='word_1_160' title='bbox 2521 827 2708 896; x_wconf 64' lang='grc' dir='ltr'>φησιν,</span> <span class='ocrx_word' id='word_1_161' title='bbox 2731 825 2792 878; x_wconf 81' lang='grc' dir='ltr'><strong>τὸ</strong></span> <span class='ocrx_word' id='word_1_162' title='bbox 2831 828 2960 896; x_wconf 72' lang='grc' dir='ltr'>πρὶν</span> <span class='ocrx_word' id='word_1_163' title='bbox 2973 827 3202 896; x_wconf 79' lang='grc' dir='ltr'>κάκείνη</span> <span class='ocrx_word' id='word_1_164' title='bbox 3231 829 3266 897; x_wconf 73' lang='grc' dir='ltr'><strong>ἡ</strong></span> <span class='ocrx_word' id='word_1_165' title='bbox 3288 827 3447 896; x_wconf 81' lang='grc' dir='ltr'>τιμία</span> <span class='ocrx_word' id='word_1_166' title='bbox 3482 827 3697 896; x_wconf 76' lang='grc' dir='ltr'>Μαρία</span> 
     </span>
    </p>
   </div>
   <div class='ocr_carea' id='block_1_25' title="bbox 2095 915 3697 988">
    <p class='ocr_par' dir='ltr' id='par_1_25' title="bbox 2095 915 3697 988">
     <span class='ocr_line' id='line_1_25' title="bbox 2095 915 3697 988; baseline 0.001 -19"><span class='ocrx_word' id='word_1_167' title='bbox 2095 917 2128 986; x_wconf 87' lang='grc' dir='ltr'><strong>ή</strong></span> <span class='ocrx_word' id='word_1_168' title='bbox 2159 916 2430 984; x_wconf 81' lang='grc' dir='ltr'>Αἰγυπτία</span> <span class='ocrx_word' id='word_1_169' title='bbox 2462 915 2802 969; x_wconf 82' lang='grc' dir='ltr'>πιστεύσασα</span> <span class='ocrx_word' id='word_1_170' title='bbox 2829 917 2928 986; x_wconf 79' lang='grc' dir='ltr'>τὴν</span> <span class='ocrx_word' id='word_1_171' title='bbox 2974 919 3181 988; x_wconf 76' lang='grc' dir='ltr'>ἐγγύην</span> <span class='ocrx_word' id='word_1_172' title='bbox 3228 921 3294 970; x_wconf 86' lang='grc' dir='ltr'>ὲκ</span> <span class='ocrx_word' id='word_1_173' title='bbox 3326 918 3426 988; x_wconf 77' lang='grc' dir='ltr'>τῆς</span> <span class='ocrx_word' id='word_1_174' title='bbox 3459 919 3697 982; x_wconf 73' lang='grc' dir='ltr'>εἰκόνος</span> 
     </span>
    </p>
   </div>
   <div class='ocr_carea' id='block_1_26' title="bbox 2094 1007 3691 1078">
    <p class='ocr_par' dir='ltr' id='par_1_26' title="bbox 2094 1007 3691 1078">
     <span class='ocr_line' id='line_1_26' title="bbox 2094 1007 3691 1078; baseline 0.002 -18"><span class='ocrx_word' id='word_1_175' title='bbox 2094 1008 2372 1076; x_wconf 73' lang='grc' dir='ltr'>εἰληφυῖα,</span> <span class='ocrx_word' id='word_1_176' title='bbox 2399 1009 2463 1078; x_wconf 81' lang='grc' dir='ltr'>τῇ</span> <span class='ocrx_word' id='word_1_177' title='bbox 2493 1007 2753 1076; x_wconf 71' lang='grc' dir='ltr'>μετανοίᾳ</span> <span class='ocrx_word' id='word_1_178' title='bbox 2772 1009 3205 1076; x_wconf 82' lang='grc' dir='ltr'>προσεπέλασεν,</span> <span class='ocrx_word' id='word_1_179' title='bbox 3232 1009 3329 1062; x_wconf 70' lang='grc' dir='ltr'><strong>καὶ</strong></span> <span class='ocrx_word' id='word_1_180' title='bbox 3357 1011 3650 1062; x_wconf 76' lang='grc' dir='ltr'>σέσωσται</span> <span class='ocrx_word' id='word_1_181' title='bbox 3669 1027 3691 1071; x_wconf 84' lang='lat'><strong>;</strong></span> 
     </span>
    </p>
   </div>
   <div class='ocr_carea' id='block_1_27' title="bbox 2093 1095 3693 1170">
    <p class='ocr_par' dir='ltr' id='par_1_27' title="bbox 2093 1095 3693 1170">
     <span class='ocr_line' id='line_1_27' title="bbox 2093 1095 3693 1170; baseline 0.003 -20"><span class='ocrx_word' id='word_1_182' title='bbox 2093 1099 2358 1162; x_wconf 82' lang='grc' dir='ltr'>Κάκεῖνος</span> <span class='ocrx_word' id='word_1_183' title='bbox 2380 1095 2536 1160; x_wconf 82' lang='grc' dir='ltr'>αῦθίς</span> <span class='ocrx_word' id='word_1_184' title='bbox 2556 1115 2741 1167; x_wconf 79' lang='grc' dir='ltr'>φησιν·</span> <span class='ocrx_word' id='word_1_185' title='bbox 2763 1098 3036 1162; x_wconf 80' lang='grc' dir='ltr'>Πιστεύω,</span> <span class='ocrx_word' id='word_1_186' title='bbox 3057 1098 3252 1170; x_wconf 77' lang='grc' dir='ltr'>Κύριε,</span> <span class='ocrx_word' id='word_1_187' title='bbox 3276 1103 3376 1154; x_wconf 75' lang='grc' dir='ltr'><strong>καὶ</strong></span> <span class='ocrx_word' id='word_1_188' title='bbox 3396 1103 3693 1155; x_wconf 71' lang='grc' dir='ltr'>πιστεύων</span> 
     </span>
    </p>
   </div>
   <div class='ocr_carea' id='block_1_28' title="bbox 2096 1186 3690 1260">
    <p class='ocr_par' dir='ltr' id='par_1_28' title="bbox 2096 1186 3690 1260">
     <span class='ocr_line' id='line_1_28' title="bbox 2096 1186 3690 1260; baseline 0.006 -23"><span class='ocrx_word' id='word_1_189' title='bbox 2096 1186 2472 1256; x_wconf 75' lang='grc' dir='ltr'><strong>προσέρχομαι</strong></span> <span class='ocrx_word' id='word_1_190' title='bbox 2504 1190 2598 1239; x_wconf 85' lang='grc' dir='ltr'>καί</span> <span class='ocrx_word' id='word_1_191' title='bbox 2622 1187 2932 1256; x_wconf 81' lang='grc' dir='ltr'>προσκυνῶ.</span> <span class='ocrx_word' id='word_1_192' title='bbox 2977 1189 3038 1241; x_wconf 85' lang='lat'><strong>&#39;0</strong></span> <span class='ocrx_word' id='word_1_193' title='bbox 3069 1188 3125 1242; x_wconf 80' lang='grc' dir='ltr'>δὲ</span> <span class='ocrx_word' id='word_1_194' title='bbox 3151 1191 3289 1260; x_wconf 73' lang='grc' dir='ltr'>πρὸς</span> <span class='ocrx_word' id='word_1_195' title='bbox 3329 1192 3500 1244; x_wconf 75' lang='grc' dir='ltr'>αὐτόν</span> <span class='ocrx_word' id='word_1_196' title='bbox 3527 1209 3542 1222; x_wconf 92' lang='grc'><strong>·</strong></span> <span class='ocrx_word' id='word_1_197' title='bbox 3585 1193 3690 1246; x_wconf 81' lang='grc' dir='ltr'><strong>Ἐν</strong></span> 
     </span>
    </p>
   </div>
   <div class='ocr_carea' id='block_1_29' title="bbox 2095 1277 3690 1350">
    <p class='ocr_par' dir='ltr' id='par_1_29' title="bbox 2095 1277 3690 1350">
     <span class='ocr_line' id='line_1_29' title="bbox 2095 1277 3690 1350; baseline 0.003 -20"><span class='ocrx_word' id='word_1_198' title='bbox 2095 1277 2171 1348; x_wconf 82' lang='grc' dir='ltr'>τῷ</span> <span class='ocrx_word' id='word_1_199' title='bbox 2195 1277 2421 1348; x_wconf 79' lang='grc' dir='ltr'>ὀνόματι</span> <span class='ocrx_word' id='word_1_200' title='bbox 2451 1278 2660 1348; x_wconf 78' lang='grc' dir='ltr'>Κυρίου</span> <span class='ocrx_word' id='word_1_201' title='bbox 2707 1277 2883 1347; x_wconf 87' lang='grc' dir='ltr'>Ἰησοῦ</span> <span class='ocrx_word' id='word_1_202' title='bbox 2932 1278 3174 1350; x_wconf 76' lang='grc' dir='ltr'><strong>Χριστοῦ</strong></span> <span class='ocrx_word' id='word_1_203' title='bbox 3219 1279 3312 1334; x_wconf 78' lang='grc' dir='ltr'><strong>τοῦ</strong></span> <span class='ocrx_word' id='word_1_204' title='bbox 3341 1282 3434 1334; x_wconf 76' lang='grc' dir='ltr'>τὸν</span> <span class='ocrx_word' id='word_1_205' title='bbox 3465 1283 3690 1350; x_wconf 57' lang='grc' dir='ltr'>τυφλὸν</span> 
     </span>
    </p>
   </div>
   <div class='ocr_carea' id='block_1_30' title="bbox 2093 1361 3688 1442">
    <p class='ocr_par' dir='ltr' id='par_1_30' title="bbox 2093 1361 3688 1442">
     <span class='ocr_line' id='line_1_30' title="bbox 2093 1361 3688 1442; baseline 0.003 -22"><span class='ocrx_word' id='word_1_206' title='bbox 2093 1361 2534 1438; x_wconf 78' lang='grc' dir='ltr'>θεραπεύσαντος</span> <span class='ocrx_word' id='word_1_207' title='bbox 2561 1405 2576 1428; x_wconf 92' lang='grc'><strong>,</strong></span> <span class='ocrx_word' id='word_1_208' title='bbox 2611 1367 2690 1429; x_wconf 80' lang='grc' dir='ltr'><strong>είς</strong></span> <span class='ocrx_word' id='word_1_209' title='bbox 2722 1367 2783 1420; x_wconf 83' lang='grc' dir='ltr'>ὃν</span> <span class='ocrx_word' id='word_1_210' title='bbox 2833 1367 3020 1426; x_wconf 70' lang='grc' dir='ltr'>ἐνθάδε</span> <span class='ocrx_word' id='word_1_211' title='bbox 3061 1369 3446 1433; x_wconf 80' lang='grc' dir='ltr'>πεπιστευκὼς</span> <span class='ocrx_word' id='word_1_212' title='bbox 3488 1390 3688 1442; x_wconf 77' lang='grc' dir='ltr'>παρα.-</span> 
     </span>
    </p>
   </div>
   <div class='ocr_carea' id='block_1_31' title="bbox 2091 1459 3684 1532">
    <p class='ocr_par' dir='ltr' id='par_1_31' title="bbox 2091 1459 3684 1532">
     <span class='ocr_line' id='line_1_31' title="bbox 2091 1459 3684 1532; baseline 0.003 -20"><span class='ocrx_word' id='word_1_213' title='bbox 2091 1459 2352 1528; x_wconf 76' lang='grc' dir='ltr'><strong>γέγονας,</strong></span> <span class='ocrx_word' id='word_1_214' title='bbox 2389 1461 2484 1512; x_wconf 80' lang='grc' dir='ltr'><strong>καὶ</strong></span> <span class='ocrx_word' id='word_1_215' title='bbox 2526 1459 2666 1513; x_wconf 73' lang='grc' dir='ltr'>κατὰ</span> <span class='ocrx_word' id='word_1_216' title='bbox 2717 1460 2898 1531; x_wconf 83' lang='grc' dir='ltr'>σάρκα</span> <span class='ocrx_word' id='word_1_217' title='bbox 2930 1463 3336 1532; x_wconf 77' lang='grc' dir='ltr'>’περιγραπτδν</span> <span class='ocrx_word' id='word_1_218' title='bbox 3390 1467 3448 1516; x_wconf 85' lang='grc' dir='ltr'><strong>ὲν</strong></span> <span class='ocrx_word' id='word_1_219' title='bbox 3497 1465 3684 1518; x_wconf 70' lang='grc' dir='ltr'>εἰκόνι</span> 
     </span>
    </p>
   </div>
   <div class='ocr_carea' id='block_1_32' title="bbox 2091 1551 3679 1623">
    <p class='ocr_par' dir='ltr' id='par_1_32' title="bbox 2091 1551 3679 1623">
     <span class='ocr_line' id='line_1_32' title="bbox 2091 1551 3679 1623; baseline 0.002 -21"><span class='ocrx_word' id='word_1_220' title='bbox 2091 1553 2468 1622; x_wconf 79' lang='grc' dir='ltr'>προσκυνῆσαι</span> <span class='ocrx_word' id='word_1_221' title='bbox 2523 1551 2918 1620; x_wconf 75' lang='grc' dir='ltr'>ὡμολόγησας,</span> <span class='ocrx_word' id='word_1_222' title='bbox 2968 1551 3060 1604; x_wconf 75' lang='grc' dir='ltr'>ἔσο</span> <span class='ocrx_word' id='word_1_223' title='bbox 3112 1551 3329 1622; x_wconf 75' lang='grc' dir='ltr'>βλέπων</span> <span class='ocrx_word' id='word_1_224' title='bbox 3360 1553 3453 1606; x_wconf 75' lang='grc' dir='ltr'>τὸν</span> <span class='ocrx_word' id='word_1_225' title='bbox 3488 1555 3679 1623; x_wconf 74' lang='grc' dir='ltr'>ἥλιον,</span> 
     </span>
    </p>
   </div>
   <div class='ocr_carea' id='block_1_33' title="bbox 2093 1641 3677 1715">
    <p class='ocr_par' dir='ltr' id='par_1_33' title="bbox 2093 1641 3677 1715">
     <span class='ocr_line' id='line_1_33' title="bbox 2093 1641 3677 1715; baseline 0.004 -21"><span class='ocrx_word' id='word_1_226' title='bbox 2093 1641 2407 1712; x_wconf 70' lang='grc' dir='ltr'><strong>μηδαμόθεν</strong></span> <span class='ocrx_word' id='word_1_227' title='bbox 2460 1643 2802 1712; x_wconf 73' lang='grc' dir='ltr'><strong>εἰργόμενος.</strong></span> <span class='ocrx_word' id='word_1_228' title='bbox 2857 1642 3068 1696; x_wconf 78' lang='grc' dir='ltr'>Αὐτίκα</span> <span class='ocrx_word' id='word_1_229' title='bbox 3120 1643 3254 1712; x_wconf 89' lang='grc' dir='ltr'>γοῦν</span> <span class='ocrx_word' id='word_1_230' title='bbox 3306 1645 3677 1715; x_wconf 72' lang='grc' dir='ltr'>ἠνεῴχθησαν</span> 
     </span>
    </p>
   </div>
   <div class='ocr_carea' id='block_1_34' title="bbox 429 1730 1987 1806">
    <p class='ocr_par' dir='ltr' id='par_1_34' title="bbox 429 1735 1984 1806">
     <span class='ocr_line' id='line_1_34' title="bbox 429 1735 1984 1806; baseline -0.001 -18"><span class='ocrx_word' id='word_1_231' title='bbox 429 1737 483 1790; x_wconf 93' lang='lat' dir='ltr'><strong>in</strong></span> <span class='ocrx_word' id='word_1_232' title='bbox 516 1737 688 1791; x_wconf 88' lang='lat' dir='ltr'><strong>insula</strong></span> <span class='ocrx_word' id='word_1_233' title='bbox 718 1738 976 1806; x_wconf 82' lang='lat' dir='ltr'><strong>patravit.</strong></span> <span class='ocrx_word' id='word_1_234' title='bbox 1013 1737 1108 1792; x_wconf 68' lang='lat' dir='ltr'><strong>llas</strong></span> <span class='ocrx_word' id='word_1_235' title='bbox 1139 1746 1266 1792; x_wconf 89' lang='lat' dir='ltr'><strong>sunt</strong></span> <span class='ocrx_word' id='word_1_236' title='bbox 1289 1738 1406 1806; x_wconf 81' lang='lat' dir='ltr'><strong>ejus</strong></span> <span class='ocrx_word' id='word_1_237' title='bbox 1439 1737 1680 1791; x_wconf 86' lang='lat' dir='ltr'><strong>laborum</strong></span> <span class='ocrx_word' id='word_1_238' title='bbox 1711 1735 1984 1805; x_wconf 81' lang='lat' dir='ltr'><strong>primitiae,</strong></span> 
     </span>
    </p>
   </div>
   <div class='ocr_carea' id='block_1_35' title="bbox 2092 1730 3674 1806">
    <p class='ocr_par' dir='ltr' id='par_1_35' title="bbox 2092 1730 3674 1804">
     <span class='ocr_line' id='line_1_35' title="bbox 2092 1730 3674 1804; baseline 0.003 -20"><span class='ocrx_word' id='word_1_239' title='bbox 2092 1731 2258 1784; x_wconf 79' lang='grc' dir='ltr'>αὑτοῦ</span> <span class='ocrx_word' id='word_1_240' title='bbox 2291 1733 2341 1784; x_wconf 79' lang='grc' dir='ltr'>οἱ</span> <span class='ocrx_word' id='word_1_241' title='bbox 2392 1730 2680 1802; x_wconf 70' lang='grc' dir='ltr'>ὀφθαλμοὶ,</span> <span class='ocrx_word' id='word_1_242' title='bbox 2733 1733 2829 1785; x_wconf 77' lang='grc' dir='ltr'><strong>καὶ</strong></span> <span class='ocrx_word' id='word_1_243' title='bbox 2862 1733 3086 1801; x_wconf 85' lang='grc' dir='ltr'>γέγονεν</span> <span class='ocrx_word' id='word_1_244' title='bbox 3119 1733 3282 1804; x_wconf 79' lang='grc' dir='ltr'>ὑγιὴς</span> <span class='ocrx_word' id='word_1_245' title='bbox 3330 1737 3360 1788; x_wconf 85' lang='grc' dir='ltr'><strong>ό</strong></span> <span class='ocrx_word' id='word_1_246' title='bbox 3411 1739 3674 1803; x_wconf 77' lang='grc' dir='ltr'>νεανίας,</span> 
     </span>
    </p>
   </div>
   <div class='ocr_carea' id='block_1_36' title="bbox 428 1825 1990 1895">
    <p class='ocr_par' dir='ltr' id='par_1_36' title="bbox 428 1825 1990 1895">
     <span class='ocr_line' id='line_1_36' title="bbox 428 1825 1990 1895; baseline -0.001 -16"><span class='ocrx_word' id='word_1_247' title='bbox 428 1827 496 1879; x_wconf 86' lang='lat' dir='ltr'><strong>ob</strong></span> <span class='ocrx_word' id='word_1_248' title='bbox 543 1841 680 1895; x_wconf 89' lang='lat' dir='ltr'><strong>quas</strong></span> <span class='ocrx_word' id='word_1_249' title='bbox 726 1842 851 1888; x_wconf 87' lang='lat' dir='ltr'><strong>nos.</strong></span> <span class='ocrx_word' id='word_1_250' title='bbox 884 1827 1102 1883; x_wconf 89' lang='lat' dir='ltr'><strong>Christo</strong></span> <span class='ocrx_word' id='word_1_251' title='bbox 1131 1829 1319 1882; x_wconf 90' lang='lat' dir='ltr'><strong>datore</strong></span> <span class='ocrx_word' id='word_1_252' title='bbox 1369 1835 1423 1882; x_wconf 83' lang='lat' dir='ltr'><strong>et</strong></span> <span class='ocrx_word' id='word_1_253' title='bbox 1460 1837 1648 1882; x_wconf 85' lang='lat' dir='ltr'><strong>sancto</strong></span> <span class='ocrx_word' id='word_1_254' title='bbox 1688 1825 1803 1878; x_wconf 86' lang='lat' dir='ltr'><strong>viro</strong></span> <span class='ocrx_word' id='word_1_255' title='bbox 1831 1825 1990 1893; x_wconf 71' lang='lat' dir='ltr'><strong>digne</strong></span> 
     </span>
    </p>
   </div>
   <div class='ocr_carea' id='block_1_37' title="bbox 427 1917 1992 1989">
    <p class='ocr_par' dir='ltr' id='par_1_37' title="bbox 427 1917 1992 1989">
     <span class='ocr_line' id='line_1_37' title="bbox 427 1917 1992 1989; baseline 0 -21"><span class='ocrx_word' id='word_1_256' title='bbox 427 1917 739 1984; x_wconf 81' lang='lat' dir='ltr'><strong>celebratis,</strong></span> <span class='ocrx_word' id='word_1_257' title='bbox 772 1919 838 1972; x_wconf 88' lang='lat' dir='ltr'><strong>ad</strong></span> <span class='ocrx_word' id='word_1_258' title='bbox 875 1919 1020 1974; x_wconf 90' lang='lat' dir='ltr'><strong>aliud</strong></span> <span class='ocrx_word' id='word_1_259' title='bbox 1054 1918 1172 1989; x_wconf 86' lang='lat' dir='ltr'><strong>ejus</strong></span> <span class='ocrx_word' id='word_1_260' title='bbox 1223 1919 1471 1975; x_wconf 84' lang='lat' dir='ltr'><strong>mirabile</strong></span> <span class='ocrx_word' id='word_1_261' title='bbox 1517 1919 1714 1972; x_wconf 81' lang='lat' dir='ltr'><strong>factum</strong></span> <span class='ocrx_word' id='word_1_262' title='bbox 1746 1926 1992 1969; x_wconf 87' lang='lat' dir='ltr'><strong>transea-</strong></span> 
     </span>
    </p>
   </div>
   <div class='ocr_carea' id='block_1_38' title="bbox 426 2023 564 2064">
    <p class='ocr_par' dir='ltr' id='par_1_38' title="bbox 426 2023 564 2064">
     <span class='ocr_line' id='line_1_38' title="bbox 426 2023 564 2064; baseline -0.007 -5"><span class='ocrx_word' id='word_1_263' title='bbox 426 2023 564 2064; x_wconf 72' lang='lat' dir='ltr'><strong>&quot;ills.</strong></span> 
     </span>
    </p>
   </div>
   <div class='ocr_carea' id='block_1_39' title="bbox 2100 1823 3678 1896">
    <p class='ocr_par' dir='ltr' id='par_1_39' title="bbox 2100 1823 3678 1896">
     <span class='ocr_line' id='line_1_39' title="bbox 2100 1823 3678 1896; baseline 0.003 -20"><span class='ocrx_word' id='word_1_264' title='bbox 2100 1823 2177 1886; x_wconf 86' lang='grc' dir='ltr'>ὡς</span> <span class='ocrx_word' id='word_1_265' title='bbox 2234 1823 2508 1894; x_wconf 77' lang='grc' dir='ltr'>μηδέποτε</span> <span class='ocrx_word' id='word_1_266' title='bbox 2569 1823 2846 1892; x_wconf 69' lang='grc' dir='ltr'>πηρωθεὶς</span> <span class='ocrx_word' id='word_1_267' title='bbox 2899 1824 2998 1888; x_wconf 84' lang='grc' dir='ltr'>τὰς</span> <span class='ocrx_word' id='word_1_268' title='bbox 3057 1825 3230 1896; x_wconf 82' lang='grc' dir='ltr'>κόρας</span> <span class='ocrx_word' id='word_1_269' title='bbox 3297 1824 3410 1880; x_wconf 81' lang='grc' dir='ltr'><strong>τῶν</strong></span> <span class='ocrx_word' id='word_1_270' title='bbox 3452 1827 3678 1895; x_wconf 69' lang='grc' dir='ltr'>ὀφθαλ-</span> 
     </span>
    </p>
   </div>
   <div class='ocr_carea' id='block_1_40' title="bbox 2098 1913 3666 1990">
    <p class='ocr_par' dir='ltr' id='par_1_40' title="bbox 2098 1913 3666 1990">
     <span class='ocr_line' id='line_1_40' title="bbox 2098 1913 3666 1990; baseline 0.004 -24"><span class='ocrx_word' id='word_1_271' title='bbox 2098 1913 2236 1984; x_wconf 85' lang='grc' dir='ltr'>μῶν,</span> <span class='ocrx_word' id='word_1_272' title='bbox 2277 1913 2310 1984; x_wconf 82' lang='grc' dir='ltr'>ἢ</span> <span class='ocrx_word' id='word_1_273' title='bbox 2363 1913 2460 1966; x_wconf 84' lang='grc' dir='ltr'><strong>τοῦ</strong></span> <span class='ocrx_word' id='word_1_274' title='bbox 2502 1915 2741 1968; x_wconf 79' lang='grc' dir='ltr'>τοιούτου</span> <span class='ocrx_word' id='word_1_275' title='bbox 2792 1915 2998 1978; x_wconf 71' lang='grc' dir='ltr'>πάθους</span> <span class='ocrx_word' id='word_1_276' title='bbox 3032 1918 3091 1969; x_wconf 77' lang='grc' dir='ltr'>ὲν</span> <span class='ocrx_word' id='word_1_277' title='bbox 3122 1917 3294 1988; x_wconf 57' lang='grc' dir='ltr'>πείρα</span> <span class='ocrx_word' id='word_1_278' title='bbox 3348 1921 3666 1990; x_wconf 77' lang='grc' dir='ltr'>γενόμενος.</span> 
     </span>
    </p>
   </div>
   <div class='ocr_carea' id='block_1_41' title="bbox 2111 2003 3676 2079">
    <p class='ocr_par' dir='ltr' id='par_1_41' title="bbox 2111 2003 3676 2079">
     <span class='ocr_line' id='line_1_41' title="bbox 2111 2003 3676 2079; baseline 0.004 -21"><span class='ocrx_word' id='word_1_279' title='bbox 2111 2003 2330 2075; x_wconf 78' lang='grc' dir='ltr'>’Δμέλει</span> <span class='ocrx_word' id='word_1_280' title='bbox 2387 2005 2590 2075; x_wconf 79' lang='grc' dir='ltr'>ταύτης</span> <span class='ocrx_word' id='word_1_281' title='bbox 2641 2009 2722 2068; x_wconf 79' lang='grc' dir='ltr'><strong>εἰς</strong></span> <span class='ocrx_word' id='word_1_282' title='bbox 2779 2003 2942 2060; x_wconf 81' lang='grc' dir='ltr'>αὐτὸν</span> <span class='ocrx_word' id='word_1_283' title='bbox 2995 2006 3098 2076; x_wconf 79' lang='grc' dir='ltr'><strong>τῆς</strong></span> <span class='ocrx_word' id='word_1_284' title='bbox 3150 2009 3458 2079; x_wconf 76' lang='grc' dir='ltr'>παραδόξου</span> <span class='ocrx_word' id='word_1_285' title='bbox 3509 2027 3676 2078; x_wconf 82' lang='grc' dir='ltr'>γινο-</span> 
     </span>
    </p>
   </div>
   <div class='ocr_carea' id='block_1_42' title="bbox 428 2095 3674 2172">
    <p class='ocr_par' dir='ltr' id='par_1_42' title="bbox 428 2095 3674 2172">
     <span class='ocr_line' id='line_1_42' title="bbox 428 2095 3674 2172; baseline 0.003 -25"><span class='ocrx_word' id='word_1_286' title='bbox 428 2096 596 2168; x_wconf 80' lang='grc' dir='ltr'>μένης</span> <span class='ocrx_word' id='word_1_287' title='bbox 641 2099 840 2166; x_wconf 79' lang='grc' dir='ltr'>εάσεως</span> <span class='ocrx_word' id='word_1_288' title='bbox 873 2101 1038 2172; x_wconf 75' lang='grc' dir='ltr'>ἀπῄει</span> <span class='ocrx_word' id='word_1_289' title='bbox 1084 2100 1336 2172; x_wconf 77' lang='grc' dir='ltr'>γεγηθὼς</span> <span class='ocrx_word' id='word_1_290' title='bbox 1389 2103 1485 2156; x_wconf 75' lang='grc' dir='ltr'>καὶ</span> <span class='ocrx_word' id='word_1_291' title='bbox 1523 2099 1882 2170; x_wconf 81' lang='grc' dir='ltr'>γαννύμενος,</span> <span class='ocrx_word' id='word_1_292' title='bbox 1933 2096 2099 2152; x_wconf 79' lang='grc' dir='ltr'>αἰνῶν</span> <span class='ocrx_word' id='word_1_293' title='bbox 2147 2095 2240 2148; x_wconf 70' lang='grc' dir='ltr'><strong>τὸν</strong></span> <span class='ocrx_word' id='word_1_294' title='bbox 2277 2095 2414 2148; x_wconf 77' lang='grc' dir='ltr'>Θεὸν</span> <span class='ocrx_word' id='word_1_295' title='bbox 2450 2099 2545 2150; x_wconf 78' lang='grc' dir='ltr'><strong>καὶ</strong></span> <span class='ocrx_word' id='word_1_296' title='bbox 2577 2097 2817 2162; x_wconf 66' lang='grc' dir='ltr'>δοξάζων</span> <span class='ocrx_word' id='word_1_297' title='bbox 2845 2097 2938 2151; x_wconf 74' lang='grc' dir='ltr'><strong>τὸν</strong></span> <span class='ocrx_word' id='word_1_298' title='bbox 2967 2098 3035 2152; x_wconf 77' lang='grc' dir='ltr'>τὰ</span> <span class='ocrx_word' id='word_1_299' title='bbox 3075 2099 3304 2158; x_wconf 77' lang='grc' dir='ltr'>τοιαῦτα</span> <span class='ocrx_word' id='word_1_300' title='bbox 3337 2105 3453 2164; x_wconf 84' lang='grc' dir='ltr'>τοῖς</span> <span class='ocrx_word' id='word_1_301' title='bbox 3487 2103 3674 2170; x_wconf 80' lang='grc' dir='ltr'>ἁγίοις</span> 
     </span>
    </p>
   </div>
   <div class='ocr_carea' id='block_1_43' title="bbox 423 2187 3675 2266">
    <p class='ocr_par' dir='ltr' id='par_1_43' title="bbox 423 2187 3675 2266">
     <span class='ocr_line' id='line_1_43' title="bbox 423 2187 3675 2266; baseline 0.002 -24"><span class='ocrx_word' id='word_1_302' title='bbox 423 2191 587 2244; x_wconf 85' lang='grc' dir='ltr'>αὑτοῦ</span> <span class='ocrx_word' id='word_1_303' title='bbox 635 2192 945 2262; x_wconf 86' lang='grc' dir='ltr'>παρέχοντα</span> <span class='ocrx_word' id='word_1_304' title='bbox 990 2193 1136 2246; x_wconf 82' lang='grc' dir='ltr'>κατὰ</span> <span class='ocrx_word' id='word_1_305' title='bbox 1179 2191 1289 2246; x_wconf 86' lang='grc' dir='ltr'>τῶν</span> <span class='ocrx_word' id='word_1_306' title='bbox 1346 2193 1670 2264; x_wconf 77' lang='grc' dir='ltr'>νοσημάτων</span> <span class='ocrx_word' id='word_1_307' title='bbox 1743 2190 2082 2262; x_wconf 78' lang='grc' dir='ltr'>χαρίσματα.</span> <span class='ocrx_word' id='word_1_308' title='bbox 2138 2187 2310 2241; x_wconf 89' lang='grc' dir='ltr'>Τοῦτο</span> <span class='ocrx_word' id='word_1_309' title='bbox 2375 2189 2592 2256; x_wconf 84' lang='grc' dir='ltr'>πρῶτον</span> <span class='ocrx_word' id='word_1_310' title='bbox 2635 2189 2731 2242; x_wconf 88' lang='grc' dir='ltr'><strong>τοῦ</strong></span> <span class='ocrx_word' id='word_1_311' title='bbox 2787 2190 2941 2244; x_wconf 82' lang='grc' dir='ltr'>ὁσίου</span> <span class='ocrx_word' id='word_1_312' title='bbox 2999 2191 3225 2260; x_wconf 85' lang='grc' dir='ltr'>γέγονεν</span> <span class='ocrx_word' id='word_1_313' title='bbox 3279 2195 3338 2247; x_wconf 78' lang='grc' dir='ltr'>ἐν</span> <span class='ocrx_word' id='word_1_314' title='bbox 3391 2197 3464 2262; x_wconf 74' lang='grc' dir='ltr'>τῇ</span> <span class='ocrx_word' id='word_1_315' title='bbox 3521 2199 3675 2266; x_wconf 71' lang='grc' dir='ltr'>νήσῳ</span> 
     </span>
    </p>
   </div>
   <div class='ocr_carea' id='block_1_44' title="bbox 425 2275 3676 2356">
    <p class='ocr_par' dir='ltr' id='par_1_44' title="bbox 425 2275 3676 2356">
     <span class='ocr_line' id='line_1_44' title="bbox 425 2275 3676 2356; baseline 0.001 -19"><span class='ocrx_word' id='word_1_316' title='bbox 425 2283 924 2356; x_wconf 78' lang='grc' dir='ltr'>θαυματούργημα,</span> <span class='ocrx_word' id='word_1_317' title='bbox 964 2284 1129 2340; x_wconf 78' lang='grc' dir='ltr'>αὐτοῦ</span> <span class='ocrx_word' id='word_1_318' title='bbox 1194 2284 1304 2338; x_wconf 87' lang='grc' dir='ltr'>τῶν</span> <span class='ocrx_word' id='word_1_319' title='bbox 1368 2285 1546 2338; x_wconf 85' lang='grc' dir='ltr'>πόνων</span> <span class='ocrx_word' id='word_1_320' title='bbox 1583 2286 1614 2353; x_wconf 79' lang='grc' dir='ltr'><strong>ἡ</strong></span> <span class='ocrx_word' id='word_1_321' title='bbox 1663 2285 1912 2354; x_wconf 77' lang='grc' dir='ltr'>ἀπαρχὴ,</span> <span class='ocrx_word' id='word_1_322' title='bbox 1941 2275 2010 2353; x_wconf 80' lang='grc' dir='ltr'><strong>ἧς</strong></span> <span class='ocrx_word' id='word_1_323' title='bbox 2058 2280 2224 2349; x_wconf 80' lang='grc' dir='ltr'>ἡμεῖς</span> <span class='ocrx_word' id='word_1_324' title='bbox 2266 2277 2358 2331; x_wconf 80' lang='grc' dir='ltr'><strong>τὸν</strong></span> <span class='ocrx_word' id='word_1_325' title='bbox 2405 2278 2608 2351; x_wconf 80' lang='grc' dir='ltr'>δοτῆρα</span> <span class='ocrx_word' id='word_1_326' title='bbox 2667 2281 2904 2352; x_wconf 75' lang='grc' dir='ltr'>Χριστὸν</span> <span class='ocrx_word' id='word_1_327' title='bbox 2949 2287 3047 2336; x_wconf 79' lang='grc' dir='ltr'>καὶ</span> <span class='ocrx_word' id='word_1_328' title='bbox 3089 2283 3186 2336; x_wconf 78' lang='grc' dir='ltr'>τὸν</span> <span class='ocrx_word' id='word_1_329' title='bbox 3235 2285 3386 2338; x_wconf 82' lang='grc' dir='ltr'>ὅσιον</span> <span class='ocrx_word' id='word_1_330' title='bbox 3427 2287 3676 2354; x_wconf 76' lang='grc' dir='ltr'>ἐπαξίως</span> 
     </span>
    </p>
   </div>
   <div class='ocr_carea' id='block_1_45' title="bbox 425 2368 2246 2456">
    <p class='ocr_par' dir='ltr' id='par_1_45' title="bbox 425 2368 2246 2456">
     <span class='ocr_line' id='line_1_45' title="bbox 425 2368 2246 2456; baseline -0.013 -13"><span class='ocrx_word' id='word_1_331' title='bbox 425 2377 792 2448; x_wconf 75' lang='grc' dir='ltr'>ὑμνήσαντες,</span> <span class='ocrx_word' id='word_1_332' title='bbox 832 2377 929 2456; x_wconf 64' lang='grc' dir='ltr'><strong>ἐφ’Δ</strong></span> <span class='ocrx_word' id='word_1_333' title='bbox 957 2375 1150 2448; x_wconf 78' lang='grc' dir='ltr'>ἑτέραν</span> <span class='ocrx_word' id='word_1_334' title='bbox 1185 2373 1351 2430; x_wconf 82' lang='grc' dir='ltr'>αὑτοῦ</span> <span class='ocrx_word' id='word_1_335' title='bbox 1395 2373 1839 2444; x_wconf 82' lang='grc' dir='ltr'>θαυματουργίαν</span> <span class='ocrx_word' id='word_1_336' title='bbox 1871 2368 2246 2444; x_wconf 80' lang='grc' dir='ltr'>μετέλθωμεν.</span> 
     </span>
    </p>
   </div>
   <div class='ocr_carea' id='block_1_46' title="bbox 501 2466 1994 2537">
    <p class='ocr_par' dir='ltr' id='par_1_46' title="bbox 501 2466 1994 2537">
     <span class='ocr_line' id='line_1_46' title="bbox 501 2466 1994 2537; baseline -0.001 -18"><span class='ocrx_word' id='word_1_337' title='bbox 501 2470 760 2536; x_wconf 66' lang='lat' dir='ltr'><strong>Quaedam</strong></span> <span class='ocrx_word' id='word_1_338' title='bbox 827 2468 1022 2523; x_wconf 88' lang='lat' dir='ltr'><strong>mulier</strong></span> <span class='ocrx_word' id='word_1_339' title='bbox 1051 2483 1157 2523; x_wconf 93' lang='lat' dir='ltr'><strong>non</strong></span> <span class='ocrx_word' id='word_1_340' title='bbox 1202 2466 1492 2536; x_wconf 78' lang='lat' dir='ltr'><strong>ignobilis,</strong></span> <span class='ocrx_word' id='word_1_341' title='bbox 1531 2466 1714 2537; x_wconf 86' lang='lat' dir='ltr'><strong>Cyzici</strong></span> <span class='ocrx_word' id='word_1_342' title='bbox 1772 2466 1994 2535; x_wconf 73' lang='lat' dir='ltr'><strong>degens,</strong></span> 
     </span>
    </p>
   </div>
   <div class='ocr_carea' id='block_1_47' title="bbox 429 2562 1990 2630">
    <p class='ocr_par' dir='ltr' id='par_1_47' title="bbox 429 2562 1990 2630">
     <span class='ocr_line' id='line_1_47' title="bbox 429 2562 1990 2630; baseline -0.004 -14"><span class='ocrx_word' id='word_1_343' title='bbox 429 2563 598 2617; x_wconf 81' lang='lat' dir='ltr'><strong>ﬁlium</strong></span> <span class='ocrx_word' id='word_1_344' title='bbox 629 2579 658 2616; x_wconf 92' lang='lat' dir='ltr'><strong>a</strong></span> <span class='ocrx_word' id='word_1_345' title='bbox 690 2564 935 2618; x_wconf 68' lang='lat' dir='ltr'><strong>daemone</strong></span> <span class='ocrx_word' id='word_1_346' title='bbox 969 2563 1037 2617; x_wconf 87' lang='lat' dir='ltr'><strong>ab</strong></span> <span class='ocrx_word' id='word_1_347' title='bbox 1079 2562 1240 2618; x_wconf 86' lang='lat' dir='ltr'><strong>annis</strong></span> <span class='ocrx_word' id='word_1_348' title='bbox 1289 2562 1402 2616; x_wconf 80' lang='lat' dir='ltr'><strong>lere</strong></span> <span class='ocrx_word' id='word_1_349' title='bbox 1441 2576 1630 2614; x_wconf 85' lang='lat' dir='ltr'><strong>novem</strong></span> <span class='ocrx_word' id='word_1_350' title='bbox 1681 2574 1990 2630; x_wconf 82' lang='lat' dir='ltr'><strong>possessum</strong></span> 
     </span>
    </p>
   </div>
   <div class='ocr_carea' id='block_1_48' title="bbox 428 2645 1990 2720">
    <p class='ocr_par' dir='ltr' id='par_1_48' title="bbox 428 2645 1990 2720">
     <span class='ocr_line' id='line_1_48' title="bbox 428 2645 1990 2720; baseline -0.006 -16"><span class='ocrx_word' id='word_1_351' title='bbox 428 2651 684 2714; x_wconf 79' lang='lat' dir='ltr'><strong>habebat,</strong></span> <span class='ocrx_word' id='word_1_352' title='bbox 716 2665 836 2720; x_wconf 66' lang='lat' dir='ltr'><strong>quae</strong></span> <span class='ocrx_word' id='word_1_353' title='bbox 871 2650 1045 2704; x_wconf 84' lang='lat' dir='ltr'><strong>sancti</strong></span> <span class='ocrx_word' id='word_1_354' title='bbox 1082 2650 1224 2704; x_wconf 80' lang='lat' dir='ltr'><strong>fama</strong></span> <span class='ocrx_word' id='word_1_355' title='bbox 1256 2647 1460 2712; x_wconf 86' lang='lat' dir='ltr'><strong>audita,</strong></span> <span class='ocrx_word' id='word_1_356' title='bbox 1489 2646 1556 2701; x_wconf 85' lang='lat' dir='ltr'><strong>ad</strong></span> <span class='ocrx_word' id='word_1_357' title='bbox 1597 2645 1826 2698; x_wconf 87' lang='lat' dir='ltr'><strong>insulam</strong></span> <span class='ocrx_word' id='word_1_358' title='bbox 1868 2657 1990 2695; x_wconf 89' lang='lat' dir='ltr'><strong>cum</strong></span> 
     </span>
    </p>
   </div>
   <div class='ocr_carea' id='block_1_49' title="bbox 428 2733 1987 2806">
    <p class='ocr_par' dir='ltr' id='par_1_49' title="bbox 428 2733 1987 2806">
     <span class='ocr_line' id='line_1_49' title="bbox 428 2733 1987 2806; baseline -0.003 -16"><span class='ocrx_word' id='word_1_359' title='bbox 428 2737 540 2792; x_wconf 80' lang='lat' dir='ltr'><strong>lilio</strong></span> <span class='ocrx_word' id='word_1_360' title='bbox 579 2752 638 2792; x_wconf 87' lang='lat' dir='ltr'><strong>se</strong></span> <span class='ocrx_word' id='word_1_361' title='bbox 665 2737 916 2793; x_wconf 83' lang='lat' dir='ltr'><strong>contulit.</strong></span> <span class='ocrx_word' id='word_1_362' title='bbox 949 2737 1020 2793; x_wconf 87' lang='lat' dir='ltr'><strong>Ut</strong></span> <span class='ocrx_word' id='word_1_363' title='bbox 1055 2753 1184 2791; x_wconf 86' lang='lat' dir='ltr'><strong>vero</strong></span> <span class='ocrx_word' id='word_1_364' title='bbox 1206 2736 1418 2806; x_wconf 80' lang='lat' dir='ltr'><strong>alonge</strong></span> <span class='ocrx_word' id='word_1_365' title='bbox 1439 2750 1657 2791; x_wconf 80' lang='lat' dir='ltr'><strong>caveam</strong></span> <span class='ocrx_word' id='word_1_366' title='bbox 1703 2733 1839 2788; x_wconf 85' lang='lat' dir='ltr'><strong>vidit</strong></span> <span class='ocrx_word' id='word_1_367' title='bbox 1873 2733 1987 2802; x_wconf 81' lang='lat' dir='ltr'><strong>agi-</strong></span> 
     </span>
    </p>
   </div>
   <div class='ocr_carea' id='block_1_50' title="bbox 425 2823 1990 2896">
    <p class='ocr_par' dir='ltr' id='par_1_50' title="bbox 425 2823 1990 2896">
     <span class='ocr_line' id='line_1_50' title="bbox 425 2823 1990 2896; baseline -0.001 -18"><span class='ocrx_word' id='word_1_368' title='bbox 425 2835 570 2880; x_wconf 85' lang='lat' dir='ltr'><strong>tatus</strong></span> <span class='ocrx_word' id='word_1_369' title='bbox 597 2841 750 2896; x_wconf 88' lang='lat' dir='ltr'><strong>puer,</strong></span> <span class='ocrx_word' id='word_1_370' title='bbox 784 2842 814 2880; x_wconf 89' lang='lat' dir='ltr'><strong>a</strong></span> <span class='ocrx_word' id='word_1_371' title='bbox 841 2828 1084 2886; x_wconf 62' lang='lat' dir='ltr'><strong>daemone</strong></span> <span class='ocrx_word' id='word_1_372' title='bbox 1109 2823 1370 2893; x_wconf 75' lang='lat' dir='ltr'><strong>iactatus.</strong></span> <span class='ocrx_word' id='word_1_373' title='bbox 1409 2824 1526 2879; x_wconf 88' lang='lat' dir='ltr'><strong>sine</strong></span> <span class='ocrx_word' id='word_1_374' title='bbox 1573 2823 1678 2876; x_wconf 90' lang='lat' dir='ltr'><strong>ulla</strong></span> <span class='ocrx_word' id='word_1_375' title='bbox 1717 2823 1990 2876; x_wconf 90' lang='lat' dir='ltr'><strong>intermis-</strong></span> 
     </span>
    </p>
   </div>
   <div class='ocr_carea' id='block_1_51' title="bbox 423 2914 1988 2986">
    <p class='ocr_par' dir='ltr' id='par_1_51' title="bbox 423 2914 1988 2986">
     <span class='ocr_line' id='line_1_51' title="bbox 423 2914 1988 2986; baseline -0.004 -12"><span class='ocrx_word' id='word_1_376' title='bbox 423 2918 575 2974; x_wconf 87' lang='lat' dir='ltr'><strong>sione</strong></span> <span class='ocrx_word' id='word_1_377' title='bbox 625 2919 1057 2986; x_wconf 89' lang='lat' dir='ltr'><strong>concutiebatur,</strong></span> <span class='ocrx_word' id='word_1_378' title='bbox 1109 2917 1182 2970; x_wconf 87' lang='lat' dir='ltr'><strong>ita</strong></span> <span class='ocrx_word' id='word_1_379' title='bbox 1217 2925 1275 2971; x_wconf 87' lang='lat' dir='ltr'><strong>ut</strong></span> <span class='ocrx_word' id='word_1_380' title='bbox 1305 2915 1361 2971; x_wconf 91' lang='lat' dir='ltr'><strong>in</strong></span> <span class='ocrx_word' id='word_1_381' title='bbox 1408 2930 1590 2970; x_wconf 87' lang='lat' dir='ltr'><strong>aerem</strong></span> <span class='ocrx_word' id='word_1_382' title='bbox 1621 2914 1902 2968; x_wconf 89' lang='lat' dir='ltr'><strong>tolleretur</strong></span> <span class='ocrx_word' id='word_1_383' title='bbox 1931 2923 1988 2967; x_wconf 90' lang='lat' dir='ltr'><strong>et</strong></span> 
     </span>
    </p>
   </div>
   <div class='ocr_carea' id='block_1_52' title="bbox 423 3007 1981 3078">
    <p class='ocr_par' dir='ltr' id='par_1_52' title="bbox 423 3007 1981 3078">
     <span class='ocr_line' id='line_1_52' title="bbox 423 3007 1981 3078; baseline -0.002 -17"><span class='ocrx_word' id='word_1_384' title='bbox 423 3010 826 3074; x_wconf 81' lang='lat' dir='ltr'><strong>extenderetur,</strong></span> <span class='ocrx_word' id='word_1_385' title='bbox 863 3011 1124 3078; x_wconf 86' lang='lat' dir='ltr'><strong>humique</strong></span> <span class='ocrx_word' id='word_1_386' title='bbox 1157 3009 1335 3063; x_wconf 87' lang='lat' dir='ltr'><strong>subito</strong></span> <span class='ocrx_word' id='word_1_387' title='bbox 1369 3023 1562 3062; x_wconf 89' lang='lat' dir='ltr'><strong>rursus</strong></span> <span class='ocrx_word' id='word_1_388' title='bbox 1597 3007 1981 3077; x_wconf 85' lang='lat' dir='ltr'><strong>projiceretnr.</strong></span> 
     </span>
    </p>
   </div>
   <div class='ocr_carea' id='block_1_53' title="bbox 2169 2457 3670 2536">
    <p class='ocr_par' dir='ltr' id='par_1_53' title="bbox 2169 2457 3670 2536">
     <span class='ocr_line' id='line_1_53' title="bbox 2169 2457 3670 2536; baseline 0.007 -25"><span class='ocrx_word' id='word_1_389' title='bbox 2169 2457 2396 2514; x_wconf 82' lang='grc' dir='ltr'>Γύναιόν</span> <span class='ocrx_word' id='word_1_390' title='bbox 2425 2476 2478 2514; x_wconf 90' lang='grc' dir='ltr'><strong>τι</strong></span> <span class='ocrx_word' id='word_1_391' title='bbox 2516 2457 2627 2510; x_wconf 84' lang='grc' dir='ltr'><strong>τῶν</strong></span> <span class='ocrx_word' id='word_1_392' title='bbox 2661 2461 2763 2513; x_wconf 84' lang='grc' dir='ltr'><strong>οὐκ</strong></span> <span class='ocrx_word' id='word_1_393' title='bbox 2817 2460 3052 2532; x_wconf 79' lang='grc' dir='ltr'>ἀσήμων</span> <span class='ocrx_word' id='word_1_394' title='bbox 3076 2462 3134 2516; x_wconf 81' lang='grc' dir='ltr'>ὲν</span> <span class='ocrx_word' id='word_1_395' title='bbox 3166 2462 3402 2536; x_wconf 79' lang='grc' dir='ltr'>Κυζίκῳ</span> <span class='ocrx_word' id='word_1_396' title='bbox 3452 2467 3670 2536; x_wconf 79' lang='grc' dir='ltr'>διάγον,</span> 
     </span>
    </p>
   </div>
   <div class='ocr_carea' id='block_1_54' title="bbox 2094 2537 3768 2628">
    <p class='ocr_par' dir='ltr' id='par_1_54' title="bbox 2094 2537 3768 2628">
     <span class='ocr_line' id='line_1_54' title="bbox 2094 2537 3768 2628; baseline 0.007 -24"><span class='ocrx_word' id='word_1_397' title='bbox 2094 2551 2310 2604; x_wconf 82' lang='grc' dir='ltr'>παιδίον</span> <span class='ocrx_word' id='word_1_398' title='bbox 2340 2547 2488 2621; x_wconf 75' lang='grc' dir='ltr'>εἶχεν</span> <span class='ocrx_word' id='word_1_399' title='bbox 2537 2550 2988 2622; x_wconf 74' lang='grc' dir='ltr'>δαιμονιζόμενον</span> <span class='ocrx_word' id='word_1_400' title='bbox 3039 2554 3174 2608; x_wconf 75' lang='grc' dir='ltr'>ὡσεὶ</span> <span class='ocrx_word' id='word_1_401' title='bbox 3225 2555 3440 2628; x_wconf 72' lang='grc' dir='ltr'>χρόνων</span> <span class='ocrx_word' id='word_1_402' title='bbox 3481 2560 3671 2616; x_wconf 72' lang='grc' dir='ltr'>ἐννέα.</span> <span class='ocrx_word' id='word_1_403' title='bbox 3748 2537 3768 2548; x_wconf 40' lang='grc' dir='ltr'><strong>θ</strong></span> 
     </span>
    </p>
   </div>
   <div class='ocr_carea' id='block_1_55' title="bbox 2094 2639 3674 2720">
    <p class='ocr_par' dir='ltr' id='par_1_55' title="bbox 2094 2639 3674 2720">
     <span class='ocr_line' id='line_1_55' title="bbox 2094 2639 3674 2720; baseline 0.008 -26"><span class='ocrx_word' id='word_1_404' title='bbox 2094 2639 2243 2708; x_wconf 80' lang='grc' dir='ltr'><strong>Αὕτη</strong></span> <span class='ocrx_word' id='word_1_405' title='bbox 2277 2639 2370 2694; x_wconf 78' lang='grc' dir='ltr'><strong>οὖν</strong></span> <span class='ocrx_word' id='word_1_406' title='bbox 2421 2641 2678 2712; x_wconf 73' lang='grc' dir='ltr'>περὶτοῦ</span> <span class='ocrx_word' id='word_1_407' title='bbox 2730 2643 2886 2710; x_wconf 80' lang='grc' dir='ltr'>ἁγίου</span> <span class='ocrx_word' id='word_1_408' title='bbox 2933 2644 3284 2712; x_wconf 63' lang='grc' dir='ltr'>ἀκεόσασαά,</span> <span class='ocrx_word' id='word_1_409' title='bbox 3351 2651 3456 2719; x_wconf 79' lang='grc' dir='ltr'><strong>τὴν</strong></span> <span class='ocrx_word' id='word_1_410' title='bbox 3502 2653 3674 2720; x_wconf 72' lang='grc' dir='ltr'>νῆσον</span> 
     </span>
    </p>
   </div>
   <div class='ocr_carea' id='block_1_56' title="bbox 2095 2727 3672 2805">
    <p class='ocr_par' dir='ltr' id='par_1_56' title="bbox 2095 2727 3672 2805">
     <span class='ocr_line' id='line_1_56' title="bbox 2095 2727 3672 2805; baseline 0.008 -24"><span class='ocrx_word' id='word_1_411' title='bbox 2095 2727 2403 2782; x_wconf 76' lang='grc' dir='ltr'>κατέλαϐεν</span> <span class='ocrx_word' id='word_1_412' title='bbox 2439 2729 2538 2782; x_wconf 82' lang='grc' dir='ltr'><strong>σὺν</strong></span> <span class='ocrx_word' id='word_1_413' title='bbox 2579 2728 2657 2800; x_wconf 78' lang='grc' dir='ltr'>τῷ</span> <span class='ocrx_word' id='word_1_414' title='bbox 2713 2731 2889 2784; x_wconf 85' lang='grc' dir='ltr'>παιδί.</span> <span class='ocrx_word' id='word_1_415' title='bbox 2931 2732 3020 2795; x_wconf 83' lang='grc' dir='ltr'>Ὠς</span> <span class='ocrx_word' id='word_1_416' title='bbox 3049 2732 3106 2786; x_wconf 81' lang='grc' dir='ltr'>δὲ</span> <span class='ocrx_word' id='word_1_417' title='bbox 3153 2735 3316 2804; x_wconf 87' lang='grc' dir='ltr'>μόνον</span> <span class='ocrx_word' id='word_1_418' title='bbox 3362 2737 3422 2790; x_wconf 78' lang='grc' dir='ltr'>τὸ</span> <span class='ocrx_word' id='word_1_419' title='bbox 3453 2737 3672 2805; x_wconf 70' lang='grc' dir='ltr'>ἔγκλεεο</span> 
     </span>
    </p>
   </div>
   <div class='ocr_carea' id='block_1_57' title="bbox 2098 2819 3669 2896">
    <p class='ocr_par' dir='ltr' id='par_1_57' title="bbox 2098 2819 3669 2896">
     <span class='ocr_line' id='line_1_57' title="bbox 2098 2819 3669 2896; baseline 0.008 -25"><span class='ocrx_word' id='word_1_420' title='bbox 2098 2835 2260 2890; x_wconf 84' lang='grc' dir='ltr'>στρον</span> <span class='ocrx_word' id='word_1_421' title='bbox 2293 2821 2540 2888; x_wconf 77' lang='grc' dir='ltr'>ἑώρακεν</span> <span class='ocrx_word' id='word_1_422' title='bbox 2568 2819 2844 2890; x_wconf 75' lang='grc' dir='ltr'>μακρόθεν</span> <span class='ocrx_word' id='word_1_423' title='bbox 2891 2821 2959 2874; x_wconf 76' lang='grc' dir='ltr'><strong>τὸ</strong></span> <span class='ocrx_word' id='word_1_424' title='bbox 3003 2823 3390 2896; x_wconf 74' lang='grc' dir='ltr'>ἐνοχλούμενον</span> <span class='ocrx_word' id='word_1_425' title='bbox 3425 2829 3669 2894; x_wconf 77' lang='grc' dir='ltr'>παιδίον,</span> 
     </span>
    </p>
   </div>
   <div class='ocr_carea' id='block_1_58' title="bbox 2094 2909 3668 2985">
    <p class='ocr_par' dir='ltr' id='par_1_58' title="bbox 2094 2909 3668 2985">
     <span class='ocr_line' id='line_1_58' title="bbox 2094 2909 3668 2985; baseline 0.008 -23"><span class='ocrx_word' id='word_1_426' title='bbox 2094 2909 2438 2980; x_wconf 71' lang='grc' dir='ltr'>ἀναϐρασθὲν</span> <span class='ocrx_word' id='word_1_427' title='bbox 2487 2909 2592 2963; x_wconf 81' lang='grc' dir='ltr'>ὑπὸ</span> <span class='ocrx_word' id='word_1_428' title='bbox 2625 2910 2719 2962; x_wconf 83' lang='grc' dir='ltr'><strong>τοῦ</strong></span> <span class='ocrx_word' id='word_1_429' title='bbox 2758 2911 3038 2984; x_wconf 80' lang='grc' dir='ltr'>δαίμονος,</span> <span class='ocrx_word' id='word_1_430' title='bbox 3077 2915 3320 2985; x_wconf 83' lang='grc' dir='ltr'>συνεχῶς</span> <span class='ocrx_word' id='word_1_431' title='bbox 3375 2918 3668 2974; x_wconf 61' lang='lat' dir='ltr'><strong>avum:-</strong></span> 
     </span>
    </p>
   </div>
   <div class='ocr_carea' id='block_1_59' title="bbox 2097 2998 3668 3078">
    <p class='ocr_par' dir='ltr' id='par_1_59' title="bbox 2097 2998 3668 3078">
     <span class='ocr_line' id='line_1_59' title="bbox 2097 2998 3668 3078; baseline 0.008 -25"><span class='ocrx_word' id='word_1_432' title='bbox 2097 3016 2226 3053; x_wconf 91' lang='grc' dir='ltr'>σετο</span> <span class='ocrx_word' id='word_1_433' title='bbox 2253 2998 2348 3052; x_wconf 87' lang='grc' dir='ltr'><strong>τοῦ</strong></span> <span class='ocrx_word' id='word_1_434' title='bbox 2377 2999 2540 3070; x_wconf 82' lang='grc' dir='ltr'>ἀέρος</span> <span class='ocrx_word' id='word_1_435' title='bbox 2577 3001 3059 3073; x_wconf 81' lang='grc' dir='ltr'>ἀποκρεμάμενον,</span> <span class='ocrx_word' id='word_1_436' title='bbox 3082 3007 3457 3078; x_wconf 74' lang='grc' dir='ltr'>ἐκτεινόμενον</span> <span class='ocrx_word' id='word_1_437' title='bbox 3484 3028 3544 3064; x_wconf 89' lang='grc' dir='ltr'><strong>τε</strong></span> <span class='ocrx_word' id='word_1_438' title='bbox 3574 3012 3668 3065; x_wconf 70' lang='grc' dir='ltr'>καὶ</span> 
     </span>
    </p>
   </div>
   <div class='ocr_carea' id='block_1_60' title="bbox 422 3089 1987 3170">
    <p class='ocr_par' dir='ltr' id='par_1_60' title="bbox 422 3097 1980 3154">
     <span class='ocr_line' id='line_1_60' title="bbox 422 3097 1980 3154; baseline -0.002 -1"><span class='ocrx_word' id='word_1_439' title='bbox 422 3098 654 3153; x_wconf 86' lang='lat' dir='ltr'><strong>Crebras</strong></span> <span class='ocrx_word' id='word_1_440' title='bbox 678 3113 806 3153; x_wconf 86' lang='lat' dir='ltr'><strong>vero</strong></span> <span class='ocrx_word' id='word_1_441' title='bbox 831 3107 886 3154; x_wconf 90' lang='lat' dir='ltr'><strong>et</strong></span> <span class='ocrx_word' id='word_1_442' title='bbox 915 3098 1176 3154; x_wconf 82' lang='lat' dir='ltr'><strong>informes</strong></span> <span class='ocrx_word' id='word_1_443' title='bbox 1228 3113 1391 3153; x_wconf 87' lang='lat' dir='ltr'><strong>voces</strong></span> <span class='ocrx_word' id='word_1_444' title='bbox 1426 3097 1492 3152; x_wconf 87' lang='lat' dir='ltr'><strong>ad</strong></span> <span class='ocrx_word' id='word_1_445' title='bbox 1524 3107 1772 3152; x_wconf 87' lang='lat' dir='ltr'><strong>sanctum</strong></span> <span class='ocrx_word' id='word_1_446' title='bbox 1814 3099 1980 3151; x_wconf 85' lang='lat' dir='ltr'><strong>emit-</strong></span> 
     </span>
    </p>
   </div>
   <div class='ocr_carea' id='block_1_61' title="bbox 2092 3089 3656 3170">
    <p class='ocr_par' dir='ltr' id='par_1_61' title="bbox 2092 3089 3656 3170">
     <span class='ocr_line' id='line_1_61' title="bbox 2092 3089 3656 3170; baseline 0.008 -27"><span class='ocrx_word' id='word_1_447' title='bbox 2092 3091 2254 3144; x_wconf 80' lang='grc' dir='ltr'>πάλιν</span> <span class='ocrx_word' id='word_1_448' title='bbox 2279 3089 3048 3169; x_wconf 75' lang='grc' dir='ltr'>αἶφνηςκαταρῤιπτούμενον.</span> <span class='ocrx_word' id='word_1_449' title='bbox 3089 3097 3232 3167; x_wconf 58' lang='grc' dir='ltr'>Πρός</span> <span class='ocrx_word' id='word_1_450' title='bbox 3276 3100 3334 3152; x_wconf 80' lang='grc' dir='ltr'>δὲ</span> <span class='ocrx_word' id='word_1_451' title='bbox 3375 3103 3469 3152; x_wconf 77' lang='grc' dir='ltr'><strong>τὸν</strong></span> <span class='ocrx_word' id='word_1_452' title='bbox 3498 3101 3656 3170; x_wconf 76' lang='grc' dir='ltr'>ἆγισν</span> 
     </span>
    </p>
   </div>
   <div class='ocr_carea' id='block_1_62' title="bbox 424 3176 1989 3260">
    <p class='ocr_par' dir='ltr' id='par_1_62' title="bbox 424 3176 1989 3260">
     <span class='ocr_line' id='line_1_62' title="bbox 424 3176 1989 3260; baseline -0.001 -18"><span class='ocrx_word' id='word_1_453' title='bbox 424 3189 592 3253; x_wconf 77' lang='lat' dir='ltr'><strong>lebat,</strong></span> <span class='ocrx_word' id='word_1_454' title='bbox 633 3199 696 3242; x_wconf 72' lang='lat' dir='ltr'><strong>ut</strong></span> <span class='ocrx_word' id='word_1_455' title='bbox 723 3176 860 3244; x_wconf 70' lang='lat' dir='ltr'><strong>solet</strong></span> <span class='ocrx_word' id='word_1_456' title='bbox 889 3191 1028 3256; x_wconf 76' lang='lat' dir='ltr'><strong>ﬁeri,</strong></span> <span class='ocrx_word' id='word_1_457' title='bbox 1059 3192 1212 3246; x_wconf 71' lang='lat' dir='ltr'><strong>cum&#39;</strong></span> <span class='ocrx_word' id='word_1_458' title='bbox 1241 3190 1450 3248; x_wconf 64' lang='lat' dir='ltr'><strong>daemon</strong></span> <span class='ocrx_word' id='word_1_459' title='bbox 1483 3204 1852 3260; x_wconf 78' lang='lat' dir='ltr'><strong>energutneno</strong></span> <span class='ocrx_word' id='word_1_460' title='bbox 1887 3189 1989 3242; x_wconf 91' lang='lat' dir='ltr'><strong>im-</strong></span> 
     </span>
    </p>
   </div>
   <div class='ocr_carea' id='block_1_63' title="bbox 422 3281 1990 3352">
    <p class='ocr_par' dir='ltr' id='par_1_63' title="bbox 422 3281 1990 3352">
     <span class='ocr_line' id='line_1_63' title="bbox 422 3281 1990 3352; baseline 0.001 -18"><span class='ocrx_word' id='word_1_461' title='bbox 422 3289 633 3348; x_wconf 87' lang='lat' dir='ltr'><strong>mutato</strong></span> <span class='ocrx_word' id='word_1_462' title='bbox 677 3290 822 3337; x_wconf 87' lang='lat' dir='ltr'><strong>totus</strong></span> <span class='ocrx_word' id='word_1_463' title='bbox 871 3281 959 3337; x_wconf 89' lang='lat' dir='ltr'><strong>ille</strong></span> <span class='ocrx_word' id='word_1_464' title='bbox 1021 3281 1278 3352; x_wconf 88' lang='lat' dir='ltr'><strong>loquitur,</strong></span> <span class='ocrx_word' id='word_1_465' title='bbox 1325 3291 1381 3338; x_wconf 92' lang='lat' dir='ltr'><strong>et</strong></span> <span class='ocrx_word' id='word_1_466' title='bbox 1434 3282 1693 3352; x_wconf 82' lang='lat' dir='ltr'><strong>patientis</strong></span> <span class='ocrx_word' id='word_1_467' title='bbox 1761 3295 1990 3351; x_wconf 86' lang='lat' dir='ltr'><strong>corpore</strong></span> 
     </span>
    </p>
   </div>
   <div class='ocr_carea' id='block_1_64' title="bbox 423 3371 1988 3442">
    <p class='ocr_par' dir='ltr' id='par_1_64' title="bbox 423 3371 1988 3442">
     <span class='ocr_line' id='line_1_64' title="bbox 423 3371 1988 3442; baseline 0.002 -20"><span class='ocrx_word' id='word_1_468' title='bbox 423 3381 677 3441; x_wconf 87' lang='lat' dir='ltr'><strong>tanquam</strong></span> <span class='ocrx_word' id='word_1_469' title='bbox 707 3373 923 3441; x_wconf 88' lang='lat' dir='ltr'><strong>proprio</strong></span> <span class='ocrx_word' id='word_1_470' title='bbox 949 3389 1153 3442; x_wconf 79' lang='lat' dir='ltr'><strong>organo</strong></span> <span class='ocrx_word' id='word_1_471' title='bbox 1181 3375 1372 3430; x_wconf 87' lang='lat' dir='ltr'><strong>utitur.</strong></span> <span class='ocrx_word' id='word_1_472' title='bbox 1409 3376 1480 3428; x_wconf 84' lang='lat' dir='ltr'><strong>At</strong></span> <span class='ocrx_word' id='word_1_473' title='bbox 1505 3381 1678 3426; x_wconf 85' lang='lat' dir='ltr'><strong>mater</strong></span> <span class='ocrx_word' id='word_1_474' title='bbox 1711 3371 1820 3425; x_wconf 86' lang='lat' dir='ltr'><strong>lilio</strong></span> <span class='ocrx_word' id='word_1_475' title='bbox 1851 3386 1988 3425; x_wconf 69' lang='lat' dir='ltr'><strong>mte-</strong></span> 
     </span>
    </p>
   </div>
   <div class='ocr_carea' id='block_1_65' title="bbox 419 3447 1987 3538">
    <p class='ocr_par' dir='ltr' id='par_1_65' title="bbox 419 3447 1987 3538">
     <span class='ocr_line' id='line_1_65' title="bbox 419 3447 1987 3538; baseline -0.001 -22"><span class='ocrx_word' id='word_1_476' title='bbox 419 3462 576 3524; x_wconf 77' lang='lat' dir='ltr'><strong>8tior,</strong></span> <span class='ocrx_word' id='word_1_477' title='bbox 614 3461 880 3532; x_wconf 82' lang='lat' dir='ltr'><strong>lacrymas</strong></span> <span class='ocrx_word' id='word_1_478' title='bbox 907 3461 1067 3534; x_wconf 60' lang='lat'><strong>491</strong></span> <span class='ocrx_word' id='word_1_479' title='bbox 1127 3462 1434 3538; x_wconf 74' lang='lat' dir='ltr'><strong>ell‘undens,</strong></span> <span class='ocrx_word' id='word_1_480' title='bbox 1470 3473 1523 3517; x_wconf 84' lang='lat' dir='ltr'><strong>et</strong></span> <span class='ocrx_word' id='word_1_481' title='bbox 1565 3447 1756 3531; x_wconf 76' lang='lat' dir='ltr'><strong>pectus</strong></span> <span class='ocrx_word' id='word_1_482' title='bbox 1792 3477 1987 3530; x_wconf 85' lang='lat' dir='ltr'><strong>percu-</strong></span> 
     </span>
    </p>
   </div>
   <div class='ocr_carea' id='block_1_66' title="bbox 423 3552 1983 3624">
    <p class='ocr_par' dir='ltr' id='par_1_66' title="bbox 423 3552 1983 3624">
     <span class='ocr_line' id='line_1_66' title="bbox 423 3552 1983 3624; baseline 0.005 -23"><span class='ocrx_word' id='word_1_483' title='bbox 423 3553 584 3614; x_wconf 87' lang='lat' dir='ltr'><strong>tiens,</strong></span> <span class='ocrx_word' id='word_1_484' title='bbox 610 3552 755 3606; x_wconf 79' lang='lat' dir='ltr'><strong>illum</strong></span> <span class='ocrx_word' id='word_1_485' title='bbox 786 3569 944 3606; x_wconf 88' lang='lat' dir='ltr'><strong>manu</strong></span> <span class='ocrx_word' id='word_1_486' title='bbox 973 3554 1404 3624; x_wconf 82' lang='lat' dir='ltr'><strong>apprehendens,</strong></span> <span class='ocrx_word' id='word_1_487' title='bbox 1443 3555 1540 3609; x_wconf 86' lang='lat' dir='ltr'><strong>bas</strong></span> <span class='ocrx_word' id='word_1_488' title='bbox 1559 3568 1720 3608; x_wconf 87' lang='lat' dir='ltr'><strong>voces</strong></span> <span class='ocrx_word' id='word_1_489' title='bbox 1748 3552 1983 3610; x_wconf 85' lang='lat' dir='ltr'><strong>edebat:</strong></span> 
     </span>
    </p>
   </div>
   <div class='ocr_carea' id='block_1_67' title="bbox 421 3641 1988 3707">
    <p class='ocr_par' dir='ltr' id='par_1_67' title="bbox 421 3641 1988 3707">
     <span class='ocr_line' id='line_1_67' title="bbox 421 3641 1988 3707; baseline 0.001 -9"><span class='ocrx_word' id='word_1_490' title='bbox 421 3641 520 3698; x_wconf 71' lang='lat' dir='ltr'><strong>Mei</strong></span> <span class='ocrx_word' id='word_1_491' title='bbox 568 3643 1073 3701; x_wconf 65' lang='lat' dir='ltr'><strong>infortunatissimae</strong></span> <span class='ocrx_word' id='word_1_492' title='bbox 1145 3649 1444 3707; x_wconf 80' lang='lat' dir='ltr'><strong>miserere,</strong></span> <span class='ocrx_word' id='word_1_493' title='bbox 1480 3661 1514 3700; x_wconf 89' lang='grc' dir='ltr'><strong>ο</strong></span> <span class='ocrx_word' id='word_1_494' title='bbox 1553 3656 1764 3700; x_wconf 89' lang='lat' dir='ltr'><strong>sancte.</strong></span> <span class='ocrx_word' id='word_1_495' title='bbox 1814 3643 1988 3702; x_wconf 64' lang='lat' dir='ltr'><strong>,Unus</strong></span> 
     </span>
    </p>
   </div>
   <div class='ocr_carea' id='block_1_68' title="bbox 423 3734 1982 3806">
    <p class='ocr_par' dir='ltr' id='par_1_68' title="bbox 423 3734 1982 3806">
     <span class='ocr_line' id='line_1_68' title="bbox 423 3734 1982 3806; baseline 0.004 -20"><span class='ocrx_word' id='word_1_496' title='bbox 423 3734 554 3787; x_wconf 87' lang='lat' dir='ltr'><strong>mihi</strong></span> <span class='ocrx_word' id='word_1_497' title='bbox 595 3735 646 3788; x_wconf 90' lang='lat' dir='ltr'><strong>in</strong></span> <span class='ocrx_word' id='word_1_498' title='bbox 704 3735 840 3791; x_wconf 82' lang='lat' dir='ltr'><strong>vivis</strong></span> <span class='ocrx_word' id='word_1_499' title='bbox 872 3745 952 3788; x_wconf 86' lang='lat' dir='ltr'><strong>est</strong></span> <span class='ocrx_word' id='word_1_500' title='bbox 1009 3736 1173 3800; x_wconf 86' lang='lat' dir='ltr'><strong>tilius,</strong></span> <span class='ocrx_word' id='word_1_501' title='bbox 1236 3751 1396 3806; x_wconf 79' lang='lat' dir='ltr'><strong>quem</strong></span> <span class='ocrx_word' id='word_1_502' title='bbox 1451 3753 1591 3791; x_wconf 92' lang='lat' dir='ltr'><strong>nunc</strong></span> <span class='ocrx_word' id='word_1_503' title='bbox 1645 3753 1675 3790; x_wconf 91' lang='lat' dir='ltr'><strong>a</strong></span> <span class='ocrx_word' id='word_1_504' title='bbox 1737 3738 1982 3792; x_wconf 69' lang='lat' dir='ltr'><strong>daemone</strong></span> 
     </span>
    </p>
   </div>
   <div class='ocr_carea' id='block_1_69' title="bbox 419 3823 1982 3896">
    <p class='ocr_par' dir='ltr' id='par_1_69' title="bbox 419 3823 1982 3896">
     <span class='ocr_line' id='line_1_69' title="bbox 419 3823 1982 3896; baseline 0.003 -19"><span class='ocrx_word' id='word_1_505' title='bbox 419 3833 740 3892; x_wconf 86' lang='lat' dir='ltr'><strong>occupatum</strong></span> <span class='ocrx_word' id='word_1_506' title='bbox 775 3825 945 3879; x_wconf 87' lang='lat' dir='ltr'><strong>vides.</strong></span> <span class='ocrx_word' id='word_1_507' title='bbox 985 3823 1039 3880; x_wconf 85' lang='lat' dir='ltr'><strong>Si</strong></span> <span class='ocrx_word' id='word_1_508' title='bbox 1073 3826 1190 3892; x_wconf 82' lang='lat' dir='ltr'><strong>ejus</strong></span> <span class='ocrx_word' id='word_1_509' title='bbox 1240 3837 1466 3881; x_wconf 87' lang='lat' dir='ltr'><strong>mortem</strong></span> <span class='ocrx_word' id='word_1_510' title='bbox 1521 3843 1551 3882; x_wconf 91' lang='lat' dir='ltr'><strong>a</strong></span> <span class='ocrx_word' id='word_1_511' title='bbox 1593 3829 1701 3882; x_wconf 89' lang='lat' dir='ltr'><strong>Deo</strong></span> <span class='ocrx_word' id='word_1_512' title='bbox 1737 3843 1982 3896; x_wconf 85' lang='lat' dir='ltr'><strong>poscam,</strong></span> 
     </span>
    </p>
   </div>
   <div class='ocr_carea' id='block_1_70' title="bbox 423 3913 1989 3979">
    <p class='ocr_par' dir='ltr' id='par_1_70' title="bbox 423 3913 1989 3979">
     <span class='ocr_line' id='line_1_70' title="bbox 423 3913 1989 3979; baseline 0.005 -15"><span class='ocrx_word' id='word_1_513' title='bbox 423 3927 510 3967; x_wconf 92' lang='lat' dir='ltr'><strong>me</strong></span> <span class='ocrx_word' id='word_1_514' title='bbox 548 3913 796 3968; x_wconf 79' lang='lat' dir='ltr'><strong>Vulnerat</strong></span> <span class='ocrx_word' id='word_1_515' title='bbox 830 3915 1057 3969; x_wconf 77' lang='lat' dir='ltr'><strong>orbitas.</strong></span> <span class='ocrx_word' id='word_1_516' title='bbox 1087 3914 1306 3979; x_wconf 82' lang='lat' dir='ltr'><strong>Verum.</strong></span> <span class='ocrx_word' id='word_1_517' title='bbox 1329 3933 1428 3972; x_wconf 90' lang='lat' dir='ltr'><strong>nec</strong></span> <span class='ocrx_word' id='word_1_518' title='bbox 1447 3931 1570 3971; x_wconf 90' lang='lat' dir='ltr'><strong>eum</strong></span> <span class='ocrx_word' id='word_1_519' title='bbox 1598 3919 1758 3972; x_wconf 89' lang='lat' dir='ltr'><strong>etiam</strong></span> <span class='ocrx_word' id='word_1_520' title='bbox 1789 3919 1989 3972; x_wconf 70' lang='grc' dir='ltr'>ιιιειιιο-</span> 
     </span>
    </p>
   </div>
   <div class='ocr_carea' id='block_1_71' title="bbox 422 4004 1986 4074">
    <p class='ocr_par' dir='ltr' id='par_1_71' title="bbox 422 4004 1986 4074">
     <span class='ocr_line' id='line_1_71' title="bbox 422 4004 1986 4074; baseline 0.005 -18"><span class='ocrx_word' id='word_1_521' title='bbox 422 4005 634 4056; x_wconf 87' lang='lat' dir='ltr'><strong>niacum</strong></span> <span class='ocrx_word' id='word_1_522' title='bbox 679 4004 877 4060; x_wconf 87' lang='lat' dir='ltr'><strong>habere</strong></span> <span class='ocrx_word' id='word_1_523' title='bbox 928 4021 1168 4074; x_wconf 84' lang='lat' dir='ltr'><strong>possum.</strong></span> <span class='ocrx_word' id='word_1_524' title='bbox 1230 4005 1362 4060; x_wconf 87' lang='lat' dir='ltr'><strong>Nam</strong></span> <span class='ocrx_word' id='word_1_525' title='bbox 1410 4009 1495 4062; x_wconf 86' lang='lat' dir='ltr'><strong>die</strong></span> <span class='ocrx_word' id='word_1_526' title='bbox 1529 4024 1593 4064; x_wconf 89' lang='lat' dir='ltr'><strong>ac</strong></span> <span class='ocrx_word' id='word_1_527' title='bbox 1641 4019 1799 4064; x_wconf 88' lang='lat' dir='ltr'><strong>nocte</strong></span> <span class='ocrx_word' id='word_1_528' title='bbox 1841 4011 1986 4065; x_wconf 80' lang='lat' dir='ltr'><strong>insa-</strong></span> 
     </span>
    </p>
   </div>
   <div class='ocr_carea' id='block_1_72' title="bbox 353 4082 1987 4161">
    <p class='ocr_par' dir='ltr' id='par_1_72' title="bbox 353 4082 1987 4161">
     <span class='ocr_line' id='line_1_72' title="bbox 353 4082 1987 4161; baseline 0.004 -13"><span class='ocrx_word' id='word_1_529' title='bbox 353 4082 370 4103; x_wconf 76' lang='grc'><strong><em>⁵</em></strong></span> <span class='ocrx_word' id='word_1_530' title='bbox 423 4093 577 4148; x_wconf 88' lang='lat' dir='ltr'><strong>niens</strong></span> <span class='ocrx_word' id='word_1_531' title='bbox 609 4110 784 4148; x_wconf 88' lang='lat' dir='ltr'><strong>meam</strong></span> <span class='ocrx_word' id='word_1_532' title='bbox 815 4096 1048 4150; x_wconf 90' lang='lat' dir='ltr'><strong>animam</strong></span> <span class='ocrx_word' id='word_1_533' title='bbox 1093 4099 1323 4152; x_wconf 84' lang='lat' dir='ltr'><strong>cruciat.</strong></span> <span class='ocrx_word' id='word_1_534' title='bbox 1363 4098 1620 4161; x_wconf 78' lang='lat' dir='ltr'><strong>Geminas</strong></span> <span class='ocrx_word' id='word_1_535' title='bbox 1647 4101 1857 4154; x_wconf 90' lang='lat' dir='ltr'><strong>animas</strong></span> <span class='ocrx_word' id='word_1_536' title='bbox 1885 4101 1987 4154; x_wconf 84' lang='lat' dir='ltr'><strong>mi-</strong></span> 
     </span>
    </p>
   </div>
   <div class='ocr_carea' id='block_1_73' title="bbox 419 4183 1988 4252">
    <p class='ocr_par' dir='ltr' id='par_1_73' title="bbox 419 4183 1988 4252">
     <span class='ocr_line' id='line_1_73' title="bbox 419 4183 1988 4252; baseline 0.008 -18"><span class='ocrx_word' id='word_1_537' title='bbox 419 4194 622 4245; x_wconf 79' lang='lat' dir='ltr'><strong>serare.</strong></span> <span class='ocrx_word' id='word_1_538' title='bbox 655 4183 936 4252; x_wconf 88' lang='lat' dir='ltr'><strong>illumque,</strong></span> <span class='ocrx_word' id='word_1_539' title='bbox 957 4199 990 4237; x_wconf 96' lang='lat' dir='ltr'><strong>o</strong></span> <span class='ocrx_word' id='word_1_540' title='bbox 1018 4195 1226 4249; x_wconf 81' lang='lat' dir='ltr'><strong>sancte,</strong></span> <span class='ocrx_word' id='word_1_541' title='bbox 1258 4200 1286 4238; x_wconf 87' lang='lat' dir='ltr'><strong>a</strong></span> <span class='ocrx_word' id='word_1_542' title='bbox 1315 4187 1578 4252; x_wconf 61' lang='lat' dir='ltr'><strong>daemone,</strong></span> <span class='ocrx_word' id='word_1_543' title='bbox 1617 4204 1701 4243; x_wconf 89' lang='lat' dir='ltr'><strong>me</strong></span> <span class='ocrx_word' id='word_1_544' title='bbox 1739 4205 1767 4241; x_wconf 85' lang='lat' dir='ltr'><strong>a</strong></span> <span class='ocrx_word' id='word_1_545' title='bbox 1801 4190 1988 4246; x_wconf 89' lang='lat' dir='ltr'><strong>dolore</strong></span> 
     </span>
    </p>
   </div>
   <div class='ocr_carea' id='block_1_74' title="bbox 421 4271 1984 4347">
    <p class='ocr_par' dir='ltr' id='par_1_74' title="bbox 421 4271 1984 4347">
     <span class='ocr_line' id='line_1_74' title="bbox 421 4271 1984 4347; baseline 0.006 -23"><span class='ocrx_word' id='word_1_546' title='bbox 421 4271 614 4336; x_wconf 87' lang='lat' dir='ltr'><strong>libera,</strong></span> <span class='ocrx_word' id='word_1_547' title='bbox 662 4273 889 4343; x_wconf 88' lang='lat' dir='ltr'><strong>aliisque</strong></span> <span class='ocrx_word' id='word_1_548' title='bbox 927 4275 1170 4330; x_wconf 85' lang='lat' dir='ltr'><strong>tristibus</strong></span> <span class='ocrx_word' id='word_1_549' title='bbox 1216 4277 1396 4341; x_wconf 84' lang='lat' dir='ltr'><strong>rebus,</strong></span> <span class='ocrx_word' id='word_1_550' title='bbox 1446 4293 1564 4347; x_wconf 74' lang='lat' dir='ltr'><strong>qua:</strong></span> <span class='ocrx_word' id='word_1_551' title='bbox 1597 4281 1862 4334; x_wconf 84' lang='lat' dir='ltr'><strong>matribus</strong></span> <span class='ocrx_word' id='word_1_552' title='bbox 1899 4295 1984 4335; x_wconf 84' lang='lat' dir='ltr'><strong>su-</strong></span> 
     </span>
    </p>
   </div>
   <div class='ocr_carea' id='block_1_75' title="bbox 421 4361 1977 4437">
    <p class='ocr_par' dir='ltr' id='par_1_75' title="bbox 421 4361 1977 4437">
     <span class='ocr_line' id='line_1_75' title="bbox 421 4361 1977 4437; baseline 0.008 -25"><span class='ocrx_word' id='word_1_553' title='bbox 421 4361 527 4414; x_wconf 81' lang='lat' dir='ltr'><strong>leut</strong></span> <span class='ocrx_word' id='word_1_554' title='bbox 555 4363 826 4424; x_wconf 82' lang='lat' dir='ltr'><strong>accidere.</strong></span> <span class='ocrx_word' id='word_1_555' title='bbox 861 4379 982 4417; x_wconf 89' lang='lat' dir='ltr'><strong>cum</strong></span> <span class='ocrx_word' id='word_1_556' title='bbox 1037 4365 1269 4420; x_wconf 85' lang='lat' dir='ltr'><strong>dilectus</strong></span> <span class='ocrx_word' id='word_1_557' title='bbox 1309 4367 1450 4420; x_wconf 82' lang='lat' dir='ltr'><strong>illius</strong></span> <span class='ocrx_word' id='word_1_558' title='bbox 1495 4368 1699 4437; x_wconf 88' lang='lat' dir='ltr'><strong>aliquid</strong></span> <span class='ocrx_word' id='word_1_559' title='bbox 1755 4372 1977 4437; x_wconf 74' lang='lat' dir='ltr'><strong>patitur;</strong></span> 
     </span>
    </p>
   </div>
   <div class='ocr_carea' id='block_1_76' title="bbox 2089 3177 3654 3260">
    <p class='ocr_par' dir='ltr' id='par_1_76' title="bbox 2089 3177 3654 3260">
     <span class='ocr_line' id='line_1_76' title="bbox 2089 3177 3654 3260; baseline 0.009 -28"><span class='ocrx_word' id='word_1_560' title='bbox 2089 3182 2246 3252; x_wconf 80' lang='grc' dir='ltr'>ἠφίει</span> <span class='ocrx_word' id='word_1_561' title='bbox 2293 3181 2504 3250; x_wconf 76' lang='grc' dir='ltr'>συχνὰς,</span> <span class='ocrx_word' id='word_1_562' title='bbox 2550 3183 2645 3234; x_wconf 77' lang='grc' dir='ltr'><strong>καὶ</strong></span> <span class='ocrx_word' id='word_1_563' title='bbox 2687 3184 2936 3252; x_wconf 77' lang='grc' dir='ltr'>ἀσήμους</span> <span class='ocrx_word' id='word_1_564' title='bbox 2977 3186 3183 3255; x_wconf 78' lang='grc' dir='ltr'>φωνὰς,</span> <span class='ocrx_word' id='word_1_565' title='bbox 3238 3177 3328 3242; x_wconf 71' lang='grc' dir='ltr'>οἷα</span> <span class='ocrx_word' id='word_1_566' title='bbox 3363 3191 3654 3260; x_wconf 71' lang='grc' dir='ltr'>συμϐαίνει</span> 
     </span>
    </p>
   </div>
   <div class='ocr_carea' id='block_1_77' title="bbox 2089 3271 3663 3350">
    <p class='ocr_par' dir='ltr' id='par_1_77' title="bbox 2089 3271 3663 3350">
     <span class='ocr_line' id='line_1_77' title="bbox 2089 3271 3663 3350; baseline 0.005 -23"><span class='ocrx_word' id='word_1_567' title='bbox 2089 3273 2185 3328; x_wconf 70' lang='grc' dir='ltr'><strong>καὶ</strong></span> <span class='ocrx_word' id='word_1_568' title='bbox 2208 3271 2477 3341; x_wconf 84' lang='grc' dir='ltr'>γίνεσθαι,</span> <span class='ocrx_word' id='word_1_569' title='bbox 2513 3274 2644 3327; x_wconf 81' lang='grc' dir='ltr'>ὅταν</span> <span class='ocrx_word' id='word_1_570' title='bbox 2675 3276 2703 3326; x_wconf 86' lang='grc' dir='ltr'><strong>ό</strong></span> <span class='ocrx_word' id='word_1_571' title='bbox 2728 3274 2937 3344; x_wconf 84' lang='grc' dir='ltr'>δαίμων</span> <span class='ocrx_word' id='word_1_572' title='bbox 2993 3277 3082 3330; x_wconf 80' lang='grc' dir='ltr'>τὸν</span> <span class='ocrx_word' id='word_1_573' title='bbox 3123 3280 3517 3350; x_wconf 75' lang='grc' dir='ltr'>ἐνεργούμενον</span> <span class='ocrx_word' id='word_1_574' title='bbox 3568 3285 3663 3336; x_wconf 72' lang='grc' dir='ltr'><strong>ἀλσ</strong></span> 
     </span>
    </p>
   </div>
   <div class='ocr_carea' id='block_1_78' title="bbox 2087 3353 3665 3444">
    <p class='ocr_par' dir='ltr' id='par_1_78' title="bbox 2087 3353 3665 3444">
     <span class='ocr_line' id='line_1_78' title="bbox 2087 3353 3665 3444; baseline 0.008 -27"><span class='ocrx_word' id='word_1_575' title='bbox 2087 3363 2342 3430; x_wconf 82' lang='grc' dir='ltr'>λοιὼσας,</span> <span class='ocrx_word' id='word_1_576' title='bbox 2382 3353 2590 3423; x_wconf 69' lang='grc' dir='ltr'>ἐκεῖνος</span> <span class='ocrx_word' id='word_1_577' title='bbox 2615 3366 2738 3430; x_wconf 86' lang='grc' dir='ltr'>ὅλος</span> <span class='ocrx_word' id='word_1_578' title='bbox 2767 3379 2791 3406; x_wconf 79' lang='grc' dir='ltr'><strong>ο</strong></span> <span class='ocrx_word' id='word_1_579' title='bbox 2825 3367 3000 3434; x_wconf 80' lang='grc' dir='ltr'>λαλεῖ,</span> <span class='ocrx_word' id='word_1_580' title='bbox 3043 3371 3099 3422; x_wconf 78' lang='grc' dir='ltr'><strong>τὸ</strong></span> <span class='ocrx_word' id='word_1_581' title='bbox 3123 3371 3283 3441; x_wconf 84' lang='grc' dir='ltr'>σῶμα</span> <span class='ocrx_word' id='word_1_582' title='bbox 3308 3373 3403 3425; x_wconf 85' lang='grc' dir='ltr'><strong>τοῦ</strong></span> <span class='ocrx_word' id='word_1_583' title='bbox 3434 3376 3665 3444; x_wconf 78' lang='grc' dir='ltr'>πάσχονο</span> 
     </span>
    </p>
   </div>
   <div class='ocr_carea' id='block_1_79' title="bbox 2086 3455 3661 3535">
    <p class='ocr_par' dir='ltr' id='par_1_79' title="bbox 2086 3455 3661 3535">
     <span class='ocr_line' id='line_1_79' title="bbox 2086 3455 3661 3535; baseline 0.01 -29"><span class='ocrx_word' id='word_1_584' title='bbox 2086 3471 2176 3518; x_wconf 85' lang='grc' dir='ltr'><strong>τος</strong></span> <span class='ocrx_word' id='word_1_585' title='bbox 2210 3455 2340 3508; x_wconf 75' lang='grc' dir='ltr'>ἴδιον</span> <span class='ocrx_word' id='word_1_586' title='bbox 2360 3457 2752 3526; x_wconf 81' lang='grc' dir='ltr'>τεχναζόμενος</span> <span class='ocrx_word' id='word_1_587' title='bbox 2782 3457 3039 3529; x_wconf 79' lang='grc' dir='ltr'>δργανον.</span> <span class='ocrx_word' id='word_1_588' title='bbox 3078 3463 3140 3514; x_wconf 82' lang='grc' dir='ltr'><strong>Ἦ</strong></span> <span class='ocrx_word' id='word_1_589' title='bbox 3168 3463 3226 3515; x_wconf 76' lang='grc' dir='ltr'>δὲ</span> <span class='ocrx_word' id='word_1_590' title='bbox 3261 3467 3448 3535; x_wconf 73' lang='grc' dir='ltr'>μήτηρ</span> <span class='ocrx_word' id='word_1_591' title='bbox 3470 3467 3661 3523; x_wconf 81' lang='grc' dir='ltr'>τούτου</span> 
     </span>
    </p>
   </div>
   <div class='ocr_carea' id='block_1_80' title="bbox 2086 3545 3658 3627">
    <p class='ocr_par' dir='ltr' id='par_1_80' title="bbox 2086 3545 3658 3627">
     <span class='ocr_line' id='line_1_80' title="bbox 2086 3545 3658 3627; baseline 0.009 -29"><span class='ocrx_word' id='word_1_592' title='bbox 2086 3545 2452 3618; x_wconf 85' lang='grc' dir='ltr'>ὀδυνηροτέρα</span> <span class='ocrx_word' id='word_1_593' title='bbox 2473 3547 2570 3600; x_wconf 88' lang='grc' dir='ltr'><strong>τοῦ</strong></span> <span class='ocrx_word' id='word_1_594' title='bbox 2604 3549 2908 3618; x_wconf 78' lang='grc' dir='ltr'>πάσχοντος</span> <span class='ocrx_word' id='word_1_595' title='bbox 2934 3551 3344 3627; x_wconf 71' lang='grc' dir='ltr'>δακρυρροοῦσα</span> <span class='ocrx_word' id='word_1_596' title='bbox 3359 3561 3658 3612; x_wconf 62' lang='grc' dir='ltr'>καΐκοπτο-</span> 
     </span>
    </p>
   </div>
   <div class='ocr_carea' id='block_1_81' title="bbox 2089 3638 3658 3720">
    <p class='ocr_par' dir='ltr' id='par_1_81' title="bbox 2089 3638 3658 3720">
     <span class='ocr_line' id='line_1_81' title="bbox 2089 3638 3658 3720; baseline 0.009 -31"><span class='ocrx_word' id='word_1_597' title='bbox 2089 3638 2252 3708; x_wconf 82' lang='grc' dir='ltr'>μένη,</span> <span class='ocrx_word' id='word_1_598' title='bbox 2279 3639 2376 3691; x_wconf 69' lang='grc' dir='ltr'><strong>καὶ</strong></span> <span class='ocrx_word' id='word_1_599' title='bbox 2421 3638 2482 3691; x_wconf 71' lang='grc' dir='ltr'>τὸ</span> <span class='ocrx_word' id='word_1_600' title='bbox 2513 3639 2705 3692; x_wconf 89' lang='grc' dir='ltr'>τέκνον</span> <span class='ocrx_word' id='word_1_601' title='bbox 2733 3642 2834 3708; x_wconf 83' lang='grc' dir='ltr'><strong>τῆς</strong></span> <span class='ocrx_word' id='word_1_602' title='bbox 2872 3643 3056 3714; x_wconf 71' lang='grc' dir='ltr'>χειρὸς</span> <span class='ocrx_word' id='word_1_603' title='bbox 3082 3644 3360 3714; x_wconf 77' lang='grc' dir='ltr'>κρατοῦσα</span> <span class='ocrx_word' id='word_1_604' title='bbox 3394 3647 3658 3720; x_wconf 73' lang='grc' dir='ltr'>ἔρριπτεν</span> 
     </span>
    </p>
   </div>
   <div class='ocr_carea' id='block_1_82' title="bbox 2087 3727 3658 3802">
    <p class='ocr_par' dir='ltr' id='par_1_82' title="bbox 2087 3727 3658 3802">
     <span class='ocr_line' id='line_1_82' title="bbox 2087 3727 3658 3802; baseline 0.005 -22"><span class='ocrx_word' id='word_1_605' title='bbox 2087 3727 2309 3796; x_wconf 78' lang='grc' dir='ltr'>φωνάς’</span> <span class='ocrx_word' id='word_1_606' title='bbox 2353 3727 2608 3798; x_wconf 83' lang='grc' dir='ltr'>Ἐλέησόν</span> <span class='ocrx_word' id='word_1_607' title='bbox 2653 3745 2744 3798; x_wconf 82' lang='grc' dir='ltr'><strong>με,</strong></span> <span class='ocrx_word' id='word_1_608' title='bbox 2777 3728 2924 3798; x_wconf 72' lang='grc' dir='ltr'>ἅγιε,</span> <span class='ocrx_word' id='word_1_609' title='bbox 2975 3731 3074 3802; x_wconf 80' lang='grc' dir='ltr'><strong>τὴν</strong></span> <span class='ocrx_word' id='word_1_610' title='bbox 3121 3733 3518 3792; x_wconf 80' lang='grc' dir='ltr'>παντάλαιναν.</span> <span class='ocrx_word' id='word_1_611' title='bbox 3561 3737 3658 3790; x_wconf 83' lang='grc' dir='ltr'><strong>Ἐν</strong></span> 
     </span>
    </p>
   </div>
   <div class='ocr_carea' id='block_1_83' title="bbox 2089 3817 3652 3899">
    <p class='ocr_par' dir='ltr' id='par_1_83' title="bbox 2089 3817 3652 3899">
     <span class='ocr_line' id='line_1_83' title="bbox 2089 3817 3652 3899; baseline 0.008 -29"><span class='ocrx_word' id='word_1_612' title='bbox 2089 3817 2249 3888; x_wconf 87' lang='grc' dir='ltr'>μόνον</span> <span class='ocrx_word' id='word_1_613' title='bbox 2278 3835 2368 3888; x_wconf 86' lang='grc' dir='ltr'><strong>μοι</strong></span> <span class='ocrx_word' id='word_1_614' title='bbox 2416 3819 2606 3872; x_wconf 86' lang='grc' dir='ltr'>τέκνον</span> <span class='ocrx_word' id='word_1_615' title='bbox 2661 3821 2926 3891; x_wconf 76' lang='grc' dir='ltr'>πάρεστιν</span> <span class='ocrx_word' id='word_1_616' title='bbox 2952 3826 3009 3875; x_wconf 86' lang='grc' dir='ltr'><strong>ὲν</strong></span> <span class='ocrx_word' id='word_1_617' title='bbox 3040 3827 3106 3894; x_wconf 82' lang='grc' dir='ltr'>τῇ</span> <span class='ocrx_word' id='word_1_618' title='bbox 3136 3826 3273 3896; x_wconf 76' lang='grc' dir='ltr'>ζωῇ,</span> <span class='ocrx_word' id='word_1_619' title='bbox 3313 3826 3342 3880; x_wconf 84' lang='grc' dir='ltr'><strong>δ</strong></span> <span class='ocrx_word' id='word_1_620' title='bbox 3394 3827 3492 3880; x_wconf 85' lang='grc' dir='ltr'><strong>νῦν</strong></span> <span class='ocrx_word' id='word_1_621' title='bbox 3518 3829 3652 3899; x_wconf 80' lang='grc' dir='ltr'>δρᾷς</span> 
     </span>
    </p>
   </div>
   <div class='ocr_carea' id='block_1_84' title="bbox 2083 3908 3657 3992">
    <p class='ocr_par' dir='ltr' id='par_1_84' title="bbox 2083 3908 3657 3992">
     <span class='ocr_line' id='line_1_84' title="bbox 2083 3908 3657 3992; baseline 0.007 -31"><span class='ocrx_word' id='word_1_622' title='bbox 2083 3908 2532 3980; x_wconf 80' lang='grc' dir='ltr'>δαιμονιζόμενον</span> <span class='ocrx_word' id='word_1_623' title='bbox 2565 3927 2580 3940; x_wconf 71' lang='grc' dir='ltr'><strong>ο</strong></span> <span class='ocrx_word' id='word_1_624' title='bbox 2649 3912 2745 3964; x_wconf 63' lang='grc' dir='ltr'><strong>καὶ⁸</strong></span> <span class='ocrx_word' id='word_1_625' title='bbox 2793 3914 2842 3964; x_wconf 76' lang='grc' dir='ltr'>εἰ</span> <span class='ocrx_word' id='word_1_626' title='bbox 2889 3913 3272 3985; x_wconf 83' lang='grc' dir='ltr'>θανατωθῆναι</span> <span class='ocrx_word' id='word_1_627' title='bbox 3313 3917 3476 3972; x_wconf 82' lang='grc' dir='ltr'>τοῦτο</span> <span class='ocrx_word' id='word_1_628' title='bbox 3521 3921 3657 3992; x_wconf 76' lang='grc' dir='ltr'>πρὸς</span> 
     </span>
    </p>
   </div>
   <div class='ocr_carea' id='block_1_85' title="bbox 2083 3996 3657 4076">
    <p class='ocr_par' dir='ltr' id='par_1_85' title="bbox 2083 3996 3657 4076">
     <span class='ocr_line' id='line_1_85' title="bbox 2083 3996 3657 4076; baseline 0.006 -26"><span class='ocrx_word' id='word_1_629' title='bbox 2083 3996 2218 4050; x_wconf 75' lang='grc' dir='ltr'>θεὸν</span> <span class='ocrx_word' id='word_1_630' title='bbox 2253 3996 2505 4068; x_wconf 73' lang='grc' dir='ltr'>εὔξομαι,</span> <span class='ocrx_word' id='word_1_631' title='bbox 2534 4002 2567 4070; x_wconf 79' lang='grc' dir='ltr'><strong>ἡ</strong></span> <span class='ocrx_word' id='word_1_632' title='bbox 2624 4001 3172 4072; x_wconf 72' lang='grc' dir='ltr'>ἀτεκνίαιτιτρὼσκει</span> <span class='ocrx_word' id='word_1_633' title='bbox 3219 4022 3319 4076; x_wconf 77' lang='grc' dir='ltr'>με’</span> <span class='ocrx_word' id='word_1_634' title='bbox 3356 4007 3450 4060; x_wconf 82' lang='grc' dir='ltr'><strong>καὶ</strong></span> <span class='ocrx_word' id='word_1_635' title='bbox 3492 4008 3657 4060; x_wconf 80' lang='grc' dir='ltr'>πάλιν</span> 
     </span>
    </p>
   </div>
   <div class='ocr_carea' id='block_1_86' title="bbox 2083 4087 3656 4170">
    <p class='ocr_par' dir='ltr' id='par_1_86' title="bbox 2083 4087 3656 4170">
     <span class='ocr_line' id='line_1_86' title="bbox 2083 4087 3656 4170; baseline 0.007 -29"><span class='ocrx_word' id='word_1_636' title='bbox 2083 4087 2446 4157; x_wconf 85' lang='grc' dir='ltr'>δαιμονιῶντα</span> <span class='ocrx_word' id='word_1_637' title='bbox 2485 4087 2628 4158; x_wconf 79' lang='grc' dir='ltr'>ἔχειν</span> <span class='ocrx_word' id='word_1_638' title='bbox 2657 4091 2816 4144; x_wconf 80' lang='grc' dir='ltr'>τοῦτο</span> <span class='ocrx_word' id='word_1_639' title='bbox 2845 4093 2906 4144; x_wconf 75' lang='grc' dir='ltr'><strong>οὐ</strong></span> <span class='ocrx_word' id='word_1_640' title='bbox 2944 4092 3206 4163; x_wconf 77' lang='grc' dir='ltr'>δύναμαι.</span> <span class='ocrx_word' id='word_1_641' title='bbox 3252 4095 3342 4148; x_wconf 81' lang='grc' dir='ltr'><strong>Ἐν</strong></span> <span class='ocrx_word' id='word_1_642' title='bbox 3363 4100 3519 4152; x_wconf 79' lang='grc' dir='ltr'>νυκτὶ</span> <span class='ocrx_word' id='word_1_643' title='bbox 3549 4100 3656 4170; x_wconf 72' lang='grc' dir='ltr'>γὰρ</span> 
     </span>
    </p>
   </div>
   <div class='ocr_carea' id='block_1_87' title="bbox 2085 4178 3650 4260">
    <p class='ocr_par' dir='ltr' id='par_1_87' title="bbox 2085 4178 3650 4260">
     <span class='ocr_line' id='line_1_87' title="bbox 2085 4178 3650 4260; baseline 0.01 -31"><span class='ocrx_word' id='word_1_644' title='bbox 2085 4178 2180 4230; x_wconf 76' lang='grc' dir='ltr'>καὶ</span> <span class='ocrx_word' id='word_1_645' title='bbox 2199 4179 2256 4230; x_wconf 82' lang='grc' dir='ltr'><strong>ἐν</strong></span> <span class='ocrx_word' id='word_1_646' title='bbox 2280 4179 2464 4250; x_wconf 69' lang='grc' dir='ltr'>ἡμέρᾳ</span> <span class='ocrx_word' id='word_1_647' title='bbox 2489 4182 2976 4250; x_wconf 80' lang='grc' dir='ltr'>παρατρεπόμενον</span> <span class='ocrx_word' id='word_1_648' title='bbox 3006 4184 3169 4256; x_wconf 75' lang='grc' dir='ltr'>ὁδυνᾷ</span> <span class='ocrx_word' id='word_1_649' title='bbox 3196 4203 3300 4253; x_wconf 87' lang='grc' dir='ltr'><strong>μου</strong></span> <span class='ocrx_word' id='word_1_650' title='bbox 3319 4188 3419 4256; x_wconf 79' lang='grc' dir='ltr'>τὴν</span> <span class='ocrx_word' id='word_1_651' title='bbox 3447 4189 3650 4260; x_wconf 75' lang='grc' dir='ltr'>ψυχήν.</span> 
     </span>
    </p>
   </div>
   <div class='ocr_carea' id='block_1_88' title="bbox 2084 4269 3646 4344">
    <p class='ocr_par' dir='ltr' id='par_1_88' title="bbox 2084 4269 3646 4344">
     <span class='ocr_line' id='line_1_88' title="bbox 2084 4269 3646 4344; baseline 0.009 -24"><span class='ocrx_word' id='word_1_652' title='bbox 2084 4270 2188 4322; x_wconf 81' lang='grc' dir='ltr'>Δύο</span> <span class='ocrx_word' id='word_1_653' title='bbox 2216 4269 2394 4340; x_wconf 70' lang='grc' dir='ltr'>ψυχὰς</span> <span class='ocrx_word' id='word_1_654' title='bbox 2419 4271 2640 4339; x_wconf 82' lang='grc' dir='ltr'>ἐλέησον</span> <span class='ocrx_word' id='word_1_655' title='bbox 2675 4273 2772 4324; x_wconf 74' lang='grc' dir='ltr'><strong>καὶ</strong></span> <span class='ocrx_word' id='word_1_656' title='bbox 2800 4273 3104 4344; x_wconf 81' lang='grc' dir='ltr'>ίὰτρευσον,</span> <span class='ocrx_word' id='word_1_657' title='bbox 3137 4277 3260 4343; x_wconf 68' lang='grc' dir='ltr'>ἅγιε</span> <span class='ocrx_word' id='word_1_658' title='bbox 3285 4293 3299 4306; x_wconf 89' lang='grc'><strong>·</strong></span> <span class='ocrx_word' id='word_1_659' title='bbox 3334 4279 3526 4332; x_wconf 85' lang='grc' dir='ltr'>τοῦτον</span> <span class='ocrx_word' id='word_1_660' title='bbox 3551 4283 3646 4335; x_wconf 86' lang='grc' dir='ltr'><strong>τοῦ</strong></span> 
     </span>
    </p>
   </div>
   <div class='ocr_carea' id='block_1_89' title="bbox 2083 4360 3656 4443">
    <p class='ocr_par' dir='ltr' id='par_1_89' title="bbox 2083 4360 3656 4443">
     <span class='ocr_line' id='line_1_89' title="bbox 2083 4360 3656 4443; baseline 0.009 -31"><span class='ocrx_word' id='word_1_661' title='bbox 2083 4360 2356 4429; x_wconf 81' lang='grc' dir='ltr'>δαίμονος,</span> <span class='ocrx_word' id='word_1_662' title='bbox 2391 4361 2536 4432; x_wconf 75' lang='grc' dir='ltr'>κάμὲ</span> <span class='ocrx_word' id='word_1_663' title='bbox 2555 4362 2653 4428; x_wconf 85' lang='grc' dir='ltr'>τῆς</span> <span class='ocrx_word' id='word_1_664' title='bbox 2676 4363 2892 4433; x_wconf 77' lang='grc' dir='ltr'>ὀδύνης,</span> <span class='ocrx_word' id='word_1_665' title='bbox 2917 4367 3015 4418; x_wconf 74' lang='grc' dir='ltr'><strong>καὶ</strong></span> <span class='ocrx_word' id='word_1_666' title='bbox 3041 4361 3129 4420; x_wconf 74' lang='grc' dir='ltr'>οἷα</span> <span class='ocrx_word' id='word_1_667' title='bbox 3153 4369 3447 4436; x_wconf 75' lang='grc' dir='ltr'>συμϐαίνει</span> <span class='ocrx_word' id='word_1_668' title='bbox 3482 4371 3656 4443; x_wconf 79' lang='grc' dir='ltr'>λυπη-</span> 
     </span>
    </p>
   </div>
   <div class='ocr_carea' id='block_1_90' title="bbox 419 4433 1987 4534">
    <p class='ocr_par' dir='ltr' id='par_1_90' title="bbox 419 4453 1976 4532">
     <span class='ocr_line' id='line_1_90' title="bbox 419 4453 1976 4532; baseline 0.008 -26"><span class='ocrx_word' id='word_1_669' title='bbox 419 4453 554 4506; x_wconf 77' lang='lat' dir='ltr'><strong>Cum</strong></span> <span class='ocrx_word' id='word_1_670' title='bbox 584 4465 761 4508; x_wconf 76' lang='lat' dir='ltr'><strong>autem</strong></span> <span class='ocrx_word' id='word_1_671' title='bbox 803 4471 937 4525; x_wconf 81' lang='lat' dir='ltr'><strong>put‘l&#39;</strong></span> <span class='ocrx_word' id='word_1_672' title='bbox 968 4457 1135 4525; x_wconf 80' lang='lat' dir='ltr'><strong>magis</strong></span> <span class='ocrx_word' id='word_1_673' title='bbox 1188 4461 1461 4530; x_wconf 81' lang='lat' dir='ltr'><strong>magisque</strong></span> <span class='ocrx_word' id='word_1_674' title='bbox 1497 4463 1814 4531; x_wconf 80' lang='lat' dir='ltr'><strong>agitaretur,</strong></span> <span class='ocrx_word' id='word_1_675' title='bbox 1855 4462 1976 4532; x_wconf 74' lang='lat' dir='ltr'><strong>ejus</strong></span> 
     </span>
    </p>
   </div>
   <div class='ocr_carea' id='block_1_91' title="bbox 2092 4433 3656 4534">
    <p class='ocr_par' dir='ltr' id='par_1_91' title="bbox 2095 4433 3656 4534">
     <span class='ocr_line' id='line_1_91' title="bbox 2095 4433 3656 4534; baseline 0.008 -30"><span class='ocrx_word' id='word_1_676' title='bbox 2095 4450 2162 4520; x_wconf 79' lang='grc' dir='ltr'>ρὰ</span> <span class='ocrx_word' id='word_1_677' title='bbox 2184 4453 2304 4514; x_wconf 85' lang='grc' dir='ltr'>ταῖς</span> <span class='ocrx_word' id='word_1_678' title='bbox 2334 4453 2626 4522; x_wconf 68' lang='grc' dir='ltr'>μητράσιν,</span> <span class='ocrx_word' id='word_1_679' title='bbox 2674 4454 2804 4506; x_wconf 85' lang='grc' dir='ltr'>ὅταν</span> <span class='ocrx_word' id='word_1_680' title='bbox 2833 4455 2862 4506; x_wconf 86' lang='grc' dir='ltr'><strong>ό</strong></span> <span class='ocrx_word' id='word_1_681' title='bbox 2911 4433 3244 4526; x_wconf 73' lang='grc' dir='ltr'>φιλούμενος</span> <span class='ocrx_word' id='word_1_682' title='bbox 3288 4465 3422 4525; x_wconf 82' lang='grc' dir='ltr'>παῖς</span> <span class='ocrx_word' id='word_1_683' title='bbox 3453 4433 3656 4534; x_wconf 63' lang='grc' dir='ltr'>πάσχει</span> 
     </span>
    </p>
   </div>
   <div class='ocr_carea' id='block_1_92' title="bbox 421 4549 1984 4620">
    <p class='ocr_par' dir='ltr' id='par_1_92' title="bbox 421 4549 1984 4620">
     <span class='ocr_line' id='line_1_92' title="bbox 421 4549 1984 4620; baseline 0.01 -26"><span class='ocrx_word' id='word_1_684' title='bbox 421 4558 592 4597; x_wconf 81' lang='lat' dir='ltr'><strong>mater</strong></span> <span class='ocrx_word' id='word_1_685' title='bbox 644 4556 931 4613; x_wconf 79' lang='lat' dir='ltr'><strong>conspecta</strong></span> <span class='ocrx_word' id='word_1_686' title='bbox 990 4549 1163 4603; x_wconf 83' lang='lat' dir='ltr'><strong>sancti</strong></span> <span class='ocrx_word' id='word_1_687' title='bbox 1219 4561 1410 4618; x_wconf 76' lang='lat' dir='ltr'><strong>matre,</strong></span> <span class='ocrx_word' id='word_1_688' title='bbox 1439 4555 1504 4606; x_wconf 92' lang='lat' dir='ltr'><strong>ad</strong></span> <span class='ocrx_word' id='word_1_689' title='bbox 1558 4570 1675 4606; x_wconf 79' lang='lat' dir='ltr'><strong>eazn</strong></span> <span class='ocrx_word' id='word_1_690' title='bbox 1722 4557 1984 4620; x_wconf 83' lang='lat' dir='ltr'><strong>cucurrit,</strong></span> 
     </span>
    </p>
   </div>
   <div class='ocr_carea' id='block_1_93' title="bbox 418 4635 1982 4714">
    <p class='ocr_par' dir='ltr' id='par_1_93' title="bbox 418 4635 1982 4714">
     <span class='ocr_line' id='line_1_93' title="bbox 418 4635 1982 4714; baseline 0.01 -24"><span class='ocrx_word' id='word_1_691' title='bbox 418 4635 570 4701; x_wconf 83' lang='lat' dir='ltr'><strong>cujus</strong></span> <span class='ocrx_word' id='word_1_692' title='bbox 631 4637 796 4706; x_wconf 87' lang='lat' dir='ltr'><strong>pedes</strong></span> <span class='ocrx_word' id='word_1_693' title='bbox 855 4641 1159 4708; x_wconf 77' lang='lat' dir='ltr'><strong>amplexata</strong></span> <span class='ocrx_word' id='word_1_694' title='bbox 1207 4642 1555 4714; x_wconf 87' lang='lat' dir='ltr'><strong>lacrymando</strong></span> <span class='ocrx_word' id='word_1_695' title='bbox 1595 4647 1669 4700; x_wconf 89' lang='lat' dir='ltr'><strong>ait</strong></span> <span class='ocrx_word' id='word_1_696' title='bbox 1704 4667 1719 4702; x_wconf 85' lang='lat'><strong>:</strong></span> <span class='ocrx_word' id='word_1_697' title='bbox 1755 4646 1834 4702; x_wconf 88' lang='lat' dir='ltr'><strong>Tu</strong></span> <span class='ocrx_word' id='word_1_698' title='bbox 1869 4651 1982 4706; x_wconf 87' lang='lat' dir='ltr'><strong>sola</strong></span> 
     </span>
    </p>
   </div>
   <div class='ocr_carea' id='block_1_94' title="bbox 423 4727 1984 4809">
    <p class='ocr_par' dir='ltr' id='par_1_94' title="bbox 423 4727 1984 4809">
     <span class='ocr_line' id='line_1_94' title="bbox 423 4727 1984 4809; baseline 0.011 -31"><span class='ocrx_word' id='word_1_699' title='bbox 423 4729 523 4780; x_wconf 89' lang='lat' dir='ltr'><strong>mei</strong></span> <span class='ocrx_word' id='word_1_700' title='bbox 552 4727 758 4784; x_wconf 84' lang='lat' dir='ltr'><strong>doloris</strong></span> <span class='ocrx_word' id='word_1_701' title='bbox 796 4733 1013 4785; x_wconf 89' lang='lat' dir='ltr'><strong>conscia</strong></span> <span class='ocrx_word' id='word_1_702' title='bbox 1031 4748 1111 4797; x_wconf 90' lang='lat' dir='ltr'><strong>es,</strong></span> <span class='ocrx_word' id='word_1_703' title='bbox 1153 4749 1270 4809; x_wconf 78' lang='lat' dir='ltr'><strong>qua:</strong></span> <span class='ocrx_word' id='word_1_704' title='bbox 1300 4734 1528 4802; x_wconf 86' lang='lat' dir='ltr'><strong>similem</strong></span> <span class='ocrx_word' id='word_1_705' title='bbox 1559 4735 1786 4791; x_wconf 79' lang='lat' dir='ltr'><strong>ﬁliorum</strong></span> <span class='ocrx_word' id='word_1_706' title='bbox 1814 4739 1984 4808; x_wconf 77' lang='lat' dir='ltr'><strong>legem</strong></span> 
     </span>
    </p>
   </div>
   <div class='ocr_carea' id='block_1_95' title="bbox 421 4817 1984 4900">
    <p class='ocr_par' dir='ltr' id='par_1_95' title="bbox 421 4817 1984 4900">
     <span class='ocr_line' id='line_1_95' title="bbox 421 4817 1984 4900; baseline 0.011 -32"><span class='ocrx_word' id='word_1_707' title='bbox 421 4817 657 4873; x_wconf 81' lang='lat' dir='ltr'><strong>subiisti.</strong></span> <span class='ocrx_word' id='word_1_708' title='bbox 687 4819 765 4873; x_wconf 90' lang='lat' dir='ltr'><strong>Tu</strong></span> <span class='ocrx_word' id='word_1_709' title='bbox 783 4837 913 4890; x_wconf 78' lang='lat' dir='ltr'><strong>ergo</strong></span> <span class='ocrx_word' id='word_1_710' title='bbox 935 4839 1083 4876; x_wconf 86' lang='lat' dir='ltr'><strong>meas</strong></span> <span class='ocrx_word' id='word_1_711' title='bbox 1111 4839 1380 4878; x_wconf 67' lang='lat' dir='ltr'><strong>aerumnas</strong></span> <span class='ocrx_word' id='word_1_712' title='bbox 1401 4827 1695 4895; x_wconf 87' lang='lat' dir='ltr'><strong>perpende,</strong></span> <span class='ocrx_word' id='word_1_713' title='bbox 1726 4838 1984 4900; x_wconf 89' lang='lat' dir='ltr'><strong>tuumque</strong></span> 
     </span>
    </p>
   </div>
   <div class='ocr_carea' id='block_1_96' title="bbox 430 4907 1978 4990">
    <p class='ocr_par' dir='ltr' id='par_1_96' title="bbox 430 4907 1978 4990">
     <span class='ocr_line' id='line_1_96' title="bbox 430 4907 1978 4990; baseline 0.01 -32"><span class='ocrx_word' id='word_1_714' title='bbox 430 4907 598 4961; x_wconf 75' lang='lat' dir='ltr'><strong>lilium</strong></span> <span class='ocrx_word' id='word_1_715' title='bbox 633 4925 782 4979; x_wconf 81' lang='lat' dir='ltr'><strong>roga,</strong></span> <span class='ocrx_word' id='word_1_716' title='bbox 811 4921 868 4964; x_wconf 89' lang='lat' dir='ltr'><strong>ut</strong></span> <span class='ocrx_word' id='word_1_717' title='bbox 893 4929 988 4980; x_wconf 91' lang='lat' dir='ltr'><strong>pro</strong></span> <span class='ocrx_word' id='word_1_718' title='bbox 1018 4929 1136 4968; x_wconf 87' lang='lat' dir='ltr'><strong>meo</strong></span> <span class='ocrx_word' id='word_1_719' title='bbox 1168 4911 1368 4970; x_wconf 75' lang='lat' dir='ltr'><strong>infelici</strong></span> <span class='ocrx_word' id='word_1_720' title='bbox 1407 4915 1517 4971; x_wconf 81' lang='lat' dir='ltr'><strong>[ilio</strong></span> <span class='ocrx_word' id='word_1_721' title='bbox 1561 4927 1700 4974; x_wconf 84' lang='lat' dir='ltr'><strong>oret.</strong></span> <span class='ocrx_word' id='word_1_722' title='bbox 1737 4919 1978 4990; x_wconf 86' lang='lat' dir='ltr'><strong>Namque</strong></span> 
     </span>
    </p>
   </div>
   <div class='ocr_carea' id='block_1_97' title="bbox 421 4996 1982 5081">
    <p class='ocr_par' dir='ltr' id='par_1_97' title="bbox 421 4996 1982 5081">
     <span class='ocr_line' id='line_1_97' title="bbox 421 4996 1982 5081; baseline 0.012 -36"><span class='ocrx_word' id='word_1_723' title='bbox 421 5006 642 5062; x_wconf 84' lang='lat' dir='ltr'><strong>propter</strong></span> <span class='ocrx_word' id='word_1_724' title='bbox 669 4996 856 5053; x_wconf 87' lang='lat' dir='ltr'><strong>matris</strong></span> <span class='ocrx_word' id='word_1_725' title='bbox 893 5012 1109 5071; x_wconf 88' lang='lat' dir='ltr'><strong>peccata</strong></span> <span class='ocrx_word' id='word_1_726' title='bbox 1141 5005 1459 5073; x_wconf 82' lang='lat' dir='ltr'><strong>gravissime</strong></span> <span class='ocrx_word' id='word_1_727' title='bbox 1503 5024 1637 5077; x_wconf 90' lang='lat' dir='ltr'><strong>puer</strong></span> <span class='ocrx_word' id='word_1_728' title='bbox 1669 5011 1982 5081; x_wconf 83' lang='lat' dir='ltr'><strong>castigatur.</strong></span> 
     </span>
    </p>
   </div>
   <div class='ocr_carea' id='block_1_98' title="bbox 422 5085 1971 5160">
    <p class='ocr_par' dir='ltr' id='par_1_98' title="bbox 422 5085 1971 5160">
     <span class='ocr_line' id='line_1_98' title="bbox 422 5085 1971 5160; baseline 0.014 -22"><span class='ocrx_word' id='word_1_729' title='bbox 422 5085 534 5138; x_wconf 84' lang='lat' dir='ltr'><strong>llac</strong></span> <span class='ocrx_word' id='word_1_730' title='bbox 572 5087 780 5159; x_wconf 75' lang='lat' dir='ltr'><strong>lugubri</strong></span> <span class='ocrx_word' id='word_1_731' title='bbox 835 5095 1082 5150; x_wconf 84' lang='lat' dir='ltr'><strong>oratione</strong></span> <span class='ocrx_word' id='word_1_732' title='bbox 1135 5097 1326 5149; x_wconf 83' lang='lat' dir='ltr'><strong>mulier</strong></span> <span class='ocrx_word' id='word_1_733' title='bbox 1387 5114 1491 5152; x_wconf 91' lang='lat' dir='ltr'><strong>non</strong></span> <span class='ocrx_word' id='word_1_734' title='bbox 1537 5109 1742 5154; x_wconf 88' lang='lat' dir='ltr'><strong>tantum</strong></span> <span class='ocrx_word' id='word_1_735' title='bbox 1797 5107 1971 5160; x_wconf 88' lang='lat' dir='ltr'><strong>sancti</strong></span> 
     </span>
    </p>
   </div>
   <div class='ocr_carea' id='block_1_99' title="bbox 424 5180 1982 5266">
    <p class='ocr_par' dir='ltr' id='par_1_99' title="bbox 424 5180 1982 5266">
     <span class='ocr_line' id='line_1_99' title="bbox 424 5180 1982 5266; baseline 0.012 -37"><span class='ocrx_word' id='word_1_736' title='bbox 424 5187 674 5243; x_wconf 85' lang='lat' dir='ltr'><strong>matrem,</strong></span> <span class='ocrx_word' id='word_1_737' title='bbox 707 5180 799 5233; x_wconf 88' lang='lat' dir='ltr'><strong>sed</strong></span> <span class='ocrx_word' id='word_1_738' title='bbox 831 5183 996 5235; x_wconf 69' lang='lat' dir='ltr'><strong>etiasn</strong></span> <span class='ocrx_word' id='word_1_739' title='bbox 1054 5201 1242 5241; x_wconf 87' lang='lat' dir='ltr'><strong>omnes</strong></span> <span class='ocrx_word' id='word_1_740' title='bbox 1295 5190 1385 5257; x_wconf 88' lang='lat' dir='ltr'><strong>qui</strong></span> <span class='ocrx_word' id='word_1_741' title='bbox 1449 5192 1673 5245; x_wconf 85' lang='lat' dir='ltr'><strong>aderant</strong></span> <span class='ocrx_word' id='word_1_742' title='bbox 1709 5193 1774 5247; x_wconf 87' lang='lat' dir='ltr'><strong>ad</strong></span> <span class='ocrx_word' id='word_1_743' title='bbox 1806 5193 1982 5266; x_wconf 77' lang='lat' dir='ltr'><strong>lacry-</strong></span> 
     </span>
    </p>
   </div>
   <div class='ocr_carea' id='block_1_100' title="bbox 425 5271 1986 5349">
    <p class='ocr_par' dir='ltr' id='par_1_100' title="bbox 425 5271 1986 5349">
     <span class='ocr_line' id='line_1_100' title="bbox 425 5271 1986 5349; baseline 0.014 -30"><span class='ocrx_word' id='word_1_744' title='bbox 425 5271 676 5323; x_wconf 88' lang='lat' dir='ltr'><strong>mandum</strong></span> <span class='ocrx_word' id='word_1_745' title='bbox 709 5273 952 5328; x_wconf 77' lang='lat' dir='ltr'><strong>adduxit.</strong></span> <span class='ocrx_word' id='word_1_746' title='bbox 983 5274 1161 5340; x_wconf 82' lang='lat' dir='ltr'><strong>Quare</strong></span> <span class='ocrx_word' id='word_1_747' title='bbox 1205 5281 1392 5333; x_wconf 81' lang='lat' dir='ltr'><strong>Leatus</strong></span> <span class='ocrx_word' id='word_1_748' title='bbox 1420 5280 1727 5349; x_wconf 77' lang='lat' dir='ltr'><strong>Stephanus</strong></span> <span class='ocrx_word' id='word_1_749' title='bbox 1757 5287 1986 5340; x_wconf 78' lang='lat' dir='ltr'><strong>commi-</strong></span> 
     </span>
    </p>
   </div>
   <div class='ocr_carea' id='block_1_101' title="bbox 423 5363 1984 5446">
    <p class='ocr_par' dir='ltr' id='par_1_101' title="bbox 423 5363 1984 5446">
     <span class='ocr_line' id='line_1_101' title="bbox 423 5363 1984 5446; baseline 0.012 -34"><span class='ocrx_word' id='word_1_750' title='bbox 423 5363 695 5418; x_wconf 67' lang='lat' dir='ltr'><strong>sortitione</strong></span> <span class='ocrx_word' id='word_1_751' title='bbox 756 5376 1054 5434; x_wconf 66' lang='lat' dir='ltr'><strong>permotus,</strong></span> <span class='ocrx_word' id='word_1_752' title='bbox 1141 5370 1230 5424; x_wconf 91' lang='lat' dir='ltr'><strong>uni</strong></span> <span class='ocrx_word' id='word_1_753' title='bbox 1291 5386 1322 5425; x_wconf 89' lang='lat' dir='ltr'><strong>e</strong></span> <span class='ocrx_word' id='word_1_754' title='bbox 1379 5374 1659 5428; x_wconf 89' lang='lat' dir='ltr'><strong>monachis</strong></span> <span class='ocrx_word' id='word_1_755' title='bbox 1729 5377 1984 5446; x_wconf 65' lang='lat' dir='ltr'><strong>prmeepit</strong></span> 
     </span>
    </p>
   </div>
   <div class='ocr_carea' id='block_1_102' title="bbox 423 5447 1982 5538">
    <p class='ocr_par' dir='ltr' id='par_1_102' title="bbox 423 5447 1982 5538">
     <span class='ocr_line' id='line_1_102' title="bbox 423 5447 1982 5538; baseline 0.013 -34"><span class='ocrx_word' id='word_1_756' title='bbox 423 5447 690 5521; x_wconf 74' lang='lat' dir='ltr'><strong>integrum</strong></span> <span class='ocrx_word' id='word_1_757' title='bbox 741 5456 889 5524; x_wconf 88' lang='lat' dir='ltr'><strong>pueri</strong></span> <span class='ocrx_word' id='word_1_758' title='bbox 926 5471 1122 5528; x_wconf 87' lang='lat' dir='ltr'><strong>corpus</strong></span> <span class='ocrx_word' id='word_1_759' title='bbox 1180 5459 1334 5530; x_wconf 83' lang='lat' dir='ltr'><strong>signo</strong></span> <span class='ocrx_word' id='word_1_760' title='bbox 1367 5463 1547 5518; x_wconf 89' lang='lat' dir='ltr'><strong>crucis</strong></span> <span class='ocrx_word' id='word_1_761' title='bbox 1587 5465 1826 5532; x_wconf 80' lang='lat' dir='ltr'><strong>signare.</strong></span> <span class='ocrx_word' id='word_1_762' title='bbox 1861 5467 1982 5538; x_wconf 83' lang='lat' dir='ltr'><strong>Ipse</strong></span> 
     </span>
    </p>
   </div>
   <div class='ocr_carea' id='block_1_103' title="bbox 493 5625 1164 5688">
    <p class='ocr_par' dir='ltr' id='par_1_103' title="bbox 493 5625 1164 5688">
     <span class='ocr_line' id='line_1_103' title="bbox 493 5625 1164 5688; baseline 0.021 -14"><span class='ocrx_word' id='word_1_763' title='bbox 493 5625 518 5661; x_wconf 68' lang='grc' dir='ltr'><strong>σε</strong></span> <span class='ocrx_word' id='word_1_764' title='bbox 549 5626 620 5677; x_wconf 65' lang='grc' dir='ltr'>ιιι.</span> <span class='ocrx_word' id='word_1_765' title='bbox 654 5626 875 5684; x_wconf 82' lang='grc' dir='ltr'>τοῦτο...</span> <span class='ocrx_word' id='word_1_766' title='bbox 905 5630 1164 5688; x_wconf 80' lang='grc' dir='ltr'>ἀκοῦσαν.</span> 
     </span>
    </p>
   </div>
   <div class='ocr_carea' id='block_1_104' title="bbox 1245 5634 1994 5700">
    <p class='ocr_par' dir='ltr' id='par_1_104' title="bbox 1245 5634 1994 5700">
     <span class='ocr_line' id='line_1_104' title="bbox 1245 5634 1994 5700; baseline 0.012 -14"><span class='ocrx_word' id='word_1_767' title='bbox 1245 5646 1269 5673; x_wconf 75' lang='grc' dir='ltr'><strong>ο</strong></span> <span class='ocrx_word' id='word_1_768' title='bbox 1299 5635 1364 5687; x_wconf 86' lang='lat' dir='ltr'><strong>al.</strong></span> <span class='ocrx_word' id='word_1_769' title='bbox 1398 5634 1552 5700; x_wconf 72' lang='grc' dir='ltr'>ὅλως.</span> <span class='ocrx_word' id='word_1_770' title='bbox 1633 5636 1654 5676; x_wconf 67' lang='grc' dir='ltr'><strong>ί</strong></span> <span class='ocrx_word' id='word_1_771' title='bbox 1687 5639 1756 5692; x_wconf 81' lang='lat' dir='ltr'><strong>al.</strong></span> <span class='ocrx_word' id='word_1_772' title='bbox 1801 5641 1994 5696; x_wconf 82' lang='grc' dir='ltr'>ποδῶν.</span> 
     </span>
    </p>
   </div>
   <div class='ocr_carea' id='block_1_105' title="bbox 2083 4544 3659 4626">
    <p class='ocr_par' dir='ltr' id='par_1_105' title="bbox 2083 4544 3659 4626">
     <span class='ocr_line' id='line_1_105' title="bbox 2083 4544 3659 4626; baseline 0.009 -30"><span class='ocrx_word' id='word_1_773' title='bbox 2083 4559 2156 4596; x_wconf 87' lang='grc' dir='ltr'>τι.</span> <span class='ocrx_word' id='word_1_774' title='bbox 2218 4544 2342 4597; x_wconf 69' lang='grc' dir='ltr'><strong>Ἐπὶ</strong></span> <span class='ocrx_word' id='word_1_775' title='bbox 2389 4544 2640 4598; x_wconf 81' lang='grc' dir='ltr'>πλεῖστον</span> <span class='ocrx_word' id='word_1_776' title='bbox 2685 4547 2742 4599; x_wconf 84' lang='grc' dir='ltr'>δὲ</span> <span class='ocrx_word' id='word_1_777' title='bbox 2800 4548 2944 4602; x_wconf 75' lang='grc' dir='ltr'>οὕτω</span> <span class='ocrx_word' id='word_1_778' title='bbox 2989 4551 3084 4604; x_wconf 85' lang='grc' dir='ltr'><strong>τοῦ</strong></span> <span class='ocrx_word' id='word_1_779' title='bbox 3143 4553 3336 4617; x_wconf 79' lang='grc' dir='ltr'>παιδὸς</span> <span class='ocrx_word' id='word_1_780' title='bbox 3393 4558 3659 4626; x_wconf 81' lang='grc' dir='ltr'>χειμαζο-</span> 
     </span>
    </p>
   </div>
   <div class='ocr_carea' id='block_1_106' title="bbox 2091 4627 3655 4718">
    <p class='ocr_par' dir='ltr' id='par_1_106' title="bbox 2091 4627 3655 4718">
     <span class='ocr_line' id='line_1_106' title="bbox 2091 4627 3655 4718; baseline 0.012 -33"><span class='ocrx_word' id='word_1_781' title='bbox 2091 4633 2277 4704; x_wconf 88' lang='grc' dir='ltr'>μένου,</span> <span class='ocrx_word' id='word_1_782' title='bbox 2331 4637 2363 4706; x_wconf 78' lang='grc' dir='ltr'>ὴ</span> <span class='ocrx_word' id='word_1_783' title='bbox 2421 4627 2636 4697; x_wconf 72' lang='grc' dir='ltr'>τούτου</span> <span class='ocrx_word' id='word_1_784' title='bbox 2675 4638 2866 4709; x_wconf 84' lang='grc' dir='ltr'>μήτηρ</span> <span class='ocrx_word' id='word_1_785' title='bbox 2926 4640 3026 4712; x_wconf 79' lang='grc' dir='ltr'>τὴν</span> <span class='ocrx_word' id='word_1_786' title='bbox 3063 4643 3281 4716; x_wconf 80' lang='grc' dir='ltr'>μητέρα</span> <span class='ocrx_word' id='word_1_787' title='bbox 3335 4629 3433 4699; x_wconf 83' lang='grc' dir='ltr'><strong>τοῦ</strong></span> <span class='ocrx_word' id='word_1_788' title='bbox 3494 4649 3655 4718; x_wconf 75' lang='grc' dir='ltr'>ἁγίου</span> 
     </span>
    </p>
   </div>
   <div class='ocr_carea' id='block_1_107' title="bbox 2090 4727 3654 4810">
    <p class='ocr_par' dir='ltr' id='par_1_107' title="bbox 2090 4727 3654 4810">
     <span class='ocr_line' id='line_1_107' title="bbox 2090 4727 3654 4810; baseline 0.01 -30"><span class='ocrx_word' id='word_1_789' title='bbox 2090 4727 2295 4794; x_wconf 75' lang='grc' dir='ltr'>ἰδοῦσα,</span> <span class='ocrx_word' id='word_1_790' title='bbox 2323 4727 2464 4800; x_wconf 76' lang='grc' dir='ltr'>αὕτη</span> <span class='ocrx_word' id='word_1_791' title='bbox 2499 4729 2782 4800; x_wconf 80' lang='grc' dir='ltr'>δραμοῦσα</span> <span class='ocrx_word' id='word_1_792' title='bbox 2816 4732 3045 4788; x_wconf 78' lang='grc' dir='ltr'>ἅπτεται</span> <span class='ocrx_word' id='word_1_793' title='bbox 3074 4737 3184 4790; x_wconf 83' lang='grc' dir='ltr'><strong>τῶν</strong></span> <span class='ocrx_word' id='word_1_794' title='bbox 3212 4739 3390 4808; x_wconf 82' lang='grc' dir='ltr'>αὐτῆς</span> <span class='ocrx_word' id='word_1_795' title='bbox 3416 4743 3578 4810; x_wconf 68' lang='grc' dir='ltr'>ἰχνῶν</span> <span class='ocrx_word' id='word_1_796' title='bbox 3611 4742 3654 4809; x_wconf 68' lang='grc' dir='ltr'>ἲ,</span> 
     </span>
    </p>
   </div>
   <div class='ocr_carea' id='block_1_108' title="bbox 2085 4821 3658 4904">
    <p class='ocr_par' dir='ltr' id='par_1_108' title="bbox 2085 4821 3658 4904">
     <span class='ocr_line' id='line_1_108' title="bbox 2085 4821 3658 4904; baseline 0.011 -31"><span class='ocrx_word' id='word_1_797' title='bbox 2085 4821 2383 4893; x_wconf 58' lang='grc' dir='ltr'>ὀδυρομένη</span> <span class='ocrx_word' id='word_1_798' title='bbox 2441 4825 2536 4876; x_wconf 71' lang='grc' dir='ltr'><strong>καὶ</strong></span> <span class='ocrx_word' id='word_1_799' title='bbox 2584 4824 2817 4892; x_wconf 78' lang='grc' dir='ltr'>λέγουσα</span> <span class='ocrx_word' id='word_1_800' title='bbox 2842 4844 2856 4858; x_wconf 80' lang='lat'><strong><em>&#39;</em></strong></span> <span class='ocrx_word' id='word_1_801' title='bbox 2920 4827 2992 4880; x_wconf 81' lang='grc' dir='ltr'><strong>Σύ</strong></span> <span class='ocrx_word' id='word_1_802' title='bbox 3055 4846 3159 4899; x_wconf 87' lang='grc' dir='ltr'><strong>μου</strong></span> <span class='ocrx_word' id='word_1_803' title='bbox 3211 4832 3307 4884; x_wconf 73' lang='grc' dir='ltr'>καὶ</span> <span class='ocrx_word' id='word_1_804' title='bbox 3369 4835 3510 4904; x_wconf 83' lang='grc' dir='ltr'>μόνη</span> <span class='ocrx_word' id='word_1_805' title='bbox 3564 4837 3658 4890; x_wconf 75' lang='grc' dir='ltr'>τὸν</span> 
     </span>
    </p>
   </div>
   <div class='ocr_carea' id='block_1_109' title="bbox 2089 4912 3658 4992">
    <p class='ocr_par' dir='ltr' id='par_1_109' title="bbox 2089 4912 3658 4992">
     <span class='ocr_line' id='line_1_109' title="bbox 2089 4912 3658 4992; baseline 0.008 -25"><span class='ocrx_word' id='word_1_806' title='bbox 2089 4912 2250 4967; x_wconf 87' lang='grc' dir='ltr'>πόνον</span> <span class='ocrx_word' id='word_1_807' title='bbox 2284 4916 2593 4979; x_wconf 74' lang='grc' dir='ltr'>ἐπίστασαι,</span> <span class='ocrx_word' id='word_1_808' title='bbox 2651 4917 2685 4988; x_wconf 78' lang='grc' dir='ltr'>ἠ</span> <span class='ocrx_word' id='word_1_809' title='bbox 2717 4917 2810 4971; x_wconf 82' lang='grc' dir='ltr'>τὸν</span> <span class='ocrx_word' id='word_1_810' title='bbox 2847 4919 3035 4989; x_wconf 77' lang='grc' dir='ltr'>ὅμοιον</span> <span class='ocrx_word' id='word_1_811' title='bbox 3085 4922 3252 4992; x_wconf 91' lang='grc' dir='ltr'>νόμον</span> <span class='ocrx_word' id='word_1_812' title='bbox 3305 4925 3414 4977; x_wconf 83' lang='grc' dir='ltr'>τῶν</span> <span class='ocrx_word' id='word_1_813' title='bbox 3448 4926 3658 4980; x_wconf 82' lang='grc' dir='ltr'>τέκνων</span> 
     </span>
    </p>
   </div>
   <div class='ocr_carea' id='block_1_110' title="bbox 2088 5005 3657 5090">
    <p class='ocr_par' dir='ltr' id='par_1_110' title="bbox 2088 5005 3657 5090">
     <span class='ocr_line' id='line_1_110' title="bbox 2088 5005 3657 5090; baseline 0.01 -33"><span class='ocrx_word' id='word_1_814' title='bbox 2088 5005 2502 5076; x_wconf 82' lang='grc' dir='ltr'>ὑπουργήσασα.</span> <span class='ocrx_word' id='word_1_815' title='bbox 2533 5007 2602 5060; x_wconf 80' lang='grc' dir='ltr'><strong>Σύ</strong></span> <span class='ocrx_word' id='word_1_816' title='bbox 2633 5025 2738 5079; x_wconf 87' lang='grc' dir='ltr'><strong>μου</strong></span> <span class='ocrx_word' id='word_1_817' title='bbox 2763 5011 2859 5063; x_wconf 74' lang='grc' dir='ltr'><strong>καὶ</strong></span> <span class='ocrx_word' id='word_1_818' title='bbox 2885 5013 3261 5083; x_wconf 82' lang='grc' dir='ltr'>ὲπιμέτρησον</span> <span class='ocrx_word' id='word_1_819' title='bbox 3281 5016 3344 5069; x_wconf 81' lang='grc' dir='ltr'>τὸ</span> <span class='ocrx_word' id='word_1_820' title='bbox 3366 5016 3657 5090; x_wconf 77' lang='grc' dir='ltr'>ὀδυνηρὸν,</span> 
     </span>
    </p>
   </div>
   <div class='ocr_carea' id='block_1_111' title="bbox 2089 5097 3658 5181">
    <p class='ocr_par' dir='ltr' id='par_1_111' title="bbox 2089 5097 3658 5181">
     <span class='ocr_line' id='line_1_111' title="bbox 2089 5097 3658 5181; baseline 0.01 -32"><span class='ocrx_word' id='word_1_821' title='bbox 2089 5097 2184 5150; x_wconf 80' lang='grc' dir='ltr'>καὶ</span> <span class='ocrx_word' id='word_1_822' title='bbox 2223 5097 2315 5150; x_wconf 82' lang='grc' dir='ltr'><strong>τὸν</strong></span> <span class='ocrx_word' id='word_1_823' title='bbox 2371 5099 2486 5152; x_wconf 81' lang='grc' dir='ltr'>υἱόν</span> <span class='ocrx_word' id='word_1_824' title='bbox 2520 5116 2614 5152; x_wconf 86' lang='grc' dir='ltr'><strong>σου</strong></span> <span class='ocrx_word' id='word_1_825' title='bbox 2637 5100 2898 5168; x_wconf 74' lang='grc' dir='ltr'>εὔξασθαι</span> <span class='ocrx_word' id='word_1_826' title='bbox 2948 5104 3087 5176; x_wconf 78' lang='grc' dir='ltr'>ὑπὲρ</span> <span class='ocrx_word' id='word_1_827' title='bbox 3135 5106 3232 5160; x_wconf 88' lang='grc' dir='ltr'><strong>τοῦ</strong></span> <span class='ocrx_word' id='word_1_828' title='bbox 3279 5108 3518 5180; x_wconf 72' lang='grc' dir='ltr'>ἐλεεινοῦ</span> <span class='ocrx_word' id='word_1_829' title='bbox 3553 5129 3658 5181; x_wconf 79' lang='grc' dir='ltr'><strong>μου</strong></span> 
     </span>
    </p>
   </div>
   <div class='ocr_carea' id='block_1_112' title="bbox 2093 5190 3661 5272">
    <p class='ocr_par' dir='ltr' id='par_1_112' title="bbox 2093 5190 3661 5272">
     <span class='ocr_line' id='line_1_112' title="bbox 2093 5190 3661 5272; baseline 0.011 -31"><span class='ocrx_word' id='word_1_830' title='bbox 2093 5190 2659 5261; x_wconf 61' lang='grc' dir='ltr'>παιδὸςδυσώπησον.</span> <span class='ocrx_word' id='word_1_831' title='bbox 2713 5194 2796 5248; x_wconf 82' lang='grc' dir='ltr'>ὅτι</span> <span class='ocrx_word' id='word_1_832' title='bbox 2847 5196 3054 5267; x_wconf 82' lang='grc' dir='ltr'>μητρὸς</span> <span class='ocrx_word' id='word_1_833' title='bbox 3086 5198 3493 5272; x_wconf 73' lang='grc' dir='ltr'>ἁμαρτησὰσης</span> <span class='ocrx_word' id='word_1_834' title='bbox 3525 5204 3661 5258; x_wconf 70' lang='grc' dir='ltr'>πᾶν..</span> 
     </span>
    </p>
   </div>
   <div class='ocr_carea' id='block_1_113' title="bbox 2089 5279 3658 5363">
    <p class='ocr_par' dir='ltr' id='par_1_113' title="bbox 2089 5279 3658 5363">
     <span class='ocr_line' id='line_1_113' title="bbox 2089 5279 3658 5363; baseline 0.01 -31"><span class='ocrx_word' id='word_1_835' title='bbox 2089 5279 2258 5346; x_wconf 87' lang='grc' dir='ltr'>δεινα,</span> <span class='ocrx_word' id='word_1_836' title='bbox 2283 5281 2343 5333; x_wconf 86' lang='grc' dir='ltr'>τὺ</span> <span class='ocrx_word' id='word_1_837' title='bbox 2393 5280 2592 5353; x_wconf 75' lang='grc' dir='ltr'>βρέφος</span> <span class='ocrx_word' id='word_1_838' title='bbox 2647 5285 2984 5342; x_wconf 82' lang='grc' dir='ltr'>παιδεύεται.</span> <span class='ocrx_word' id='word_1_839' title='bbox 3018 5287 3244 5353; x_wconf 78' lang='grc' dir='ltr'>Τούτοις</span> <span class='ocrx_word' id='word_1_840' title='bbox 3277 5295 3392 5354; x_wconf 86' lang='grc' dir='ltr'>τοῖς</span> <span class='ocrx_word' id='word_1_841' title='bbox 3441 5297 3658 5363; x_wconf 83' lang='grc' dir='ltr'>γοεροῖς</span> 
     </span>
    </p>
   </div>
   <div class='ocr_carea' id='block_1_114' title="bbox 2093 5371 3657 5452">
    <p class='ocr_par' dir='ltr' id='par_1_114' title="bbox 2093 5371 3657 5452">
     <span class='ocr_line' id='line_1_114' title="bbox 2093 5371 3657 5452; baseline 0.012 -30"><span class='ocrx_word' id='word_1_842' title='bbox 2093 5371 2334 5442; x_wconf 77' lang='grc' dir='ltr'>ῥήμασιν</span> <span class='ocrx_word' id='word_1_843' title='bbox 2363 5373 2424 5425; x_wconf 83' lang='grc' dir='ltr'><strong>οὐ</strong></span> <span class='ocrx_word' id='word_1_844' title='bbox 2455 5373 2616 5442; x_wconf 88' lang='grc' dir='ltr'>μόνον</span> <span class='ocrx_word' id='word_1_845' title='bbox 2653 5373 2753 5445; x_wconf 80' lang='grc' dir='ltr'>τὴν</span> <span class='ocrx_word' id='word_1_846' title='bbox 2780 5378 2874 5430; x_wconf 87' lang='grc' dir='ltr'><strong>τοῦ</strong></span> <span class='ocrx_word' id='word_1_847' title='bbox 2913 5379 3072 5447; x_wconf 82' lang='grc' dir='ltr'>ἁγίου</span> <span class='ocrx_word' id='word_1_848' title='bbox 3123 5381 3360 5452; x_wconf 85' lang='grc' dir='ltr'>μητέρα,</span> <span class='ocrx_word' id='word_1_849' title='bbox 3391 5383 3533 5438; x_wconf 76' lang='grc' dir='ltr'>ἀλλὰ</span> <span class='ocrx_word' id='word_1_850' title='bbox 3564 5389 3657 5440; x_wconf 84' lang='grc' dir='ltr'>καὶ</span> 
     </span>
    </p>
   </div>
   <div class='ocr_carea' id='block_1_115' title="bbox 2091 5464 3656 5548">
    <p class='ocr_par' dir='ltr' id='par_1_115' title="bbox 2091 5464 3656 5548">
     <span class='ocr_line' id='line_1_115' title="bbox 2091 5464 3656 5548; baseline 0.01 -32"><span class='ocrx_word' id='word_1_851' title='bbox 2091 5464 2296 5528; x_wconf 79' lang='grc' dir='ltr'>πάντας</span> <span class='ocrx_word' id='word_1_852' title='bbox 2329 5465 2454 5530; x_wconf 67' lang='grc' dir='ltr'>τοὺς</span> <span class='ocrx_word' id='word_1_853' title='bbox 2480 5467 2736 5532; x_wconf 75' lang='grc' dir='ltr'>συνόντας</span> <span class='ocrx_word' id='word_1_854' title='bbox 2767 5471 2799 5540; x_wconf 83' lang='grc' dir='ltr'><strong>ἡ</strong></span> <span class='ocrx_word' id='word_1_855' title='bbox 2825 5472 2966 5541; x_wconf 73' lang='grc' dir='ltr'>γυνὴ</span> <span class='ocrx_word' id='word_1_856' title='bbox 3002 5471 3140 5542; x_wconf 67' lang='grc' dir='ltr'>πρὸς</span> <span class='ocrx_word' id='word_1_857' title='bbox 3185 5471 3382 5544; x_wconf 82' lang='grc' dir='ltr'>θρῆνον</span> <span class='ocrx_word' id='word_1_858' title='bbox 3427 5478 3656 5548; x_wconf 64' lang='grc' dir='ltr'>κινῆσαι</span> 
     </span>
    </p>
   </div>
  </div>
