3942 6218
263 292 400 359 1153

261 423 362 469 σα,
447 401 819 474 συμπαθήσας
898 404 926 456 ὁ
1011 403 1282 472 μακάριος
1355 402 1663 471 Στέφανος,

258 496 469 567 σημείῳ
489 493 586 548 τοῦ
615 493 850 568 σταυροῦ
898 494 1038 548 κατὰ
1073 495 1274 558 παντὸς
1317 495 1412 548 τοῦ
1455 494 1701 566 σώματος
1731 495 1824 549 τοῦ

259 587 446 648 παιδὸς
469 585 565 639 ἐνα
590 585 701 640 τῶν
755 585 1004 656 μοναχῶν
1037 590 1479 658 κατασφραγϊσαι
1513 587 1780 653 κελεύσας
1808 603 1824 618 ·

255 677 421 740 αὐτός
471 693 530 730 τε
585 678 652 730 ἐκ
698 676 796 729 τοῦ
850 677 1208 748 ἐγκλείστρου
1255 679 1629 750 ἐπευξάμενος
1689 680 1826 750 μετὰ

255 768 530 839 δακρύων.
596 768 704 824 Ἰῖοῦ
752 767 812 821 δέ
863 768 1124 838 ῥαγέντος
1172 769 1312 840 μετὰ
1369 769 1468 841 τὴν
1520 771 1710 842 εὐχὴν,
1767 771 1826 836 ἐξ

255 858 519 929 ὀνόματος
548 857 642 912 τὸν
676 858 846 912 παῖδα
875 858 1114 922 καλέσας
1130 859 1226 912 καὶ
1249 859 1343 914 τοῦ
1374 860 1616 932 Χριστοῦ
1641 860 1825 913 είκόνα

256 951 642 1024 προσκυνῆσαι
692 952 951 1023 ποιήσας,
1011 953 1128 1023 ἅμα
1202 956 1268 1024 τῇ
1331 955 1501 1024 μητρὶ
1556 955 1826 1009 ἀπέλυσεν

263 1045 428 1100 αὐτὸν
455 1046 534 1108 εἰς
565 1043 634 1098 τά
671 1044 778 1097 ίδια
803 1045 958 1116 ὑγιῆ.
1004 1046 1116 1102 Καὶ
1146 1046 1395 1116 ἐναργῶς
1422 1042 1492 1118 ἦν
1533 1047 1827 1119 πεπληρω-

260 1135 420 1206 μένον
458 1137 516 1187 ἐν
553 1135 738 1200 αὐτοῖς
774 1137 953 1189 ἐκεῖνο
999 1135 1058 1189 τὺ
1114 1137 1421 1204 Δαυῖτικὺνρ,
1471 1140 1684 1211 μητέρα
1731 1140 1827 1193 ἐπὶ

258 1227 434 1298 τέκνῳ
464 1226 901 1299 εύφραινομένην
925 1237 952 1276 ε
981 1227 1334 1300 πορεύεσθαι.

325 1315 636 1386 Αίμόρῤους
655 1315 834 1368 τοίνυν
856 1301 991 1385 άλλη
1013 1332 1098 1380 τις
1120 1316 1258 1388 γυνὴ
1282 1319 1586 1389 σεμνοτάτη
1608 1318 1668 1384 ἐξ
1689 1319 1828 1372 ἐτῶν

258 1407 400 1462 ἑπτά
433 1409 503 1477 τῇ
539 1406 695 1476 ῥύσει
727 1408 1102 1480 μαραινομένη
1137 1409 1236 1462 τοῦ
1263 1409 1496 1480 αῐματος
1525 1409 1824 1480 ᾐσχύνετο,

257 1498 548 1569 ἠδημόνει,
568 1499 765 1569 ἠπόρει
781 1501 812 1576 ὃ
823 1516 876 1552 τι
902 1502 997 1554 καὶ
1015 1501 1289 1572 δράσειεν,
1312 1501 1622 1554 ἀπειποῦσα
1643 1501 1828 1554 λοιπὸν

258 1589 336 1660 τῷ
381 1591 561 1662 χρόνῳ
602 1590 701 1660 τὴν
735 1591 906 1645 ῐασιν.
941 1589 1086 1662 Λῦτη
1140 1591 1478 1645 κατοικοῦσα
1520 1592 1580 1645 ἐν
1623 1594 1690 1662 τῇ
1727 1591 1828 1662 τῆς

259 1682 483 1753 Θρᾴκης
524 1679 823 1753 Ἡρακλείᾳ
850 1683 1078 1752 πλησίον
1106 1683 1200 1738 τοῦ
1227 1683 1500 1752 αἰγιαλοῦ,
1530 1683 1626 1736 καὶ
1657 1685 1828 1737 ἀκου-

1262 297 1440 357 νιΤΑ
1471 297 1530 356 S.
1571 296 1950 356 STEPHANI
1989 296 2374 358 JUNIORIS.

3358 298 3493 368 1154

1749 402 1828 474 τῷ
1855 411 1902 466 Α
1935 419 2065 458 vero
2095 404 2310 458 interim
2341 419 2372 458 e
2416 417 2513 458 sua
2542 417 2704 457 cavea
2736 419 2924 474 preces
2962 406 3126 478 492
3159 421 3282 461 cum
3314 408 3493 480 Iaery-

1934 493 2038 546 mis
2091 491 2370 547 fundebat.
2432 492 2565 547 Cum
2612 501 2789 547 autem
2850 511 2983 563 puer
3019 506 3139 566 post
3193 496 3494 552 orationem

1934 585 2285 640 vehementer
2350 586 2672 652 agitaretur,
2707 599 2830 639 eum
2879 601 2946 640 ex
2978 588 3198 642 nomine
3257 589 3492 655 vocavit,

1933 673 2250 742 Christique
2289 674 2580 741 imaginem
2625 675 2857 731 adorare
2900 672 3116 743 jussit:
3171 691 3280 745 quo
3327 677 3493 741 facto.

1933 779 2123 819 sanum
2161 779 2266 818 una
2315 779 2438 818 cum
2497 775 2673 819 matre
2721 769 2786 820 ad
2839 769 3056 837 propria
3103 766 3334 823 dimisit.
3381 771 3496 837 Qua

1935 855 2154 924 quidem
2200 855 2251 908 in
2303 869 2361 908 rc
2395 854 2524 909 illud
2571 855 2883 910 Davidicum
2943 859 2996 912 in
3053 858 3161 912 illis
3211 858 3498 914 manifeste

1937 943 2217 1012 impletum
2273 944 2619 1012 cernebatur,
2701 955 2926 1000 matrem
2984 948 3038 1001 iu
3083 947 3194 1003 lilio
3223 946 3496 1004 laetantem

1933 1033 2201 1102 proﬁcisci
2227 1033 2322 1086 ⁸ο.-

1921 1346 1924 1350 ί
2003 1326 2122 1381 Alia
2147 1327 2392 1396 qmedam
2441 1329 2772 1386 nobilissima
2804 1331 2998 1386 mulier
3027 1346 3058 1386 a
3097 1305 3312 1414 septem:
3343 1333 3499 1389 annis

1934 1420 2216 1487 sanguinis
2247 1418 2393 1474 ﬂuxu
2423 1433 2531 1475 non
2559 1420 2675 1476 sine
2702 1423 2907 1489 pudore
2940 1431 2995 1476 et
3023 1423 3220 1478 rubore
3253 1416 3495 1479 tabesce~

1935 1508 2049 1572 bat,
2082 1510 2509 1581 gravissimeque
2541 1513 2840 1582 angebatur
2879 1513 3064 1582 ignara
3104 1514 3234 1582 quid
3277 1525 3498 1584 ageret,

1931 1599 2154 1670 jamque
2199 1603 2458 1670 temporis
2497 1603 2848 1656 diuturnitate
2889 1605 2956 1658 de
3001 1606 3176 1659 morbi
3219 1607 3502 1660 sanatione
3609 1661 3618 1668 ,

1937 1691 2253 1762 desperans.
2309 1691 2436 1747 Haec
2485 1697 2627 1762 apud
2681 1691 2996 1748 Heracleam
3052 1692 3298 1750 Thraciae
3338 1711 3504 1766 prope

260 1773 510 1827 τισθείσα
541 1774 696 1844 παρὰ
727 1777 839 1827 τῶν
865 1775 1284 1846 προσπλεόντων
1306 1777 1446 1847 περὶ
1477 1775 1588 1829 τῶν
1617 1775 1832 1846 θαυμα-

1945 1783 2086 1838 littus
2117 1783 2390 1850 manebat,
2425 1798 2544 1852 qua:
2573 1799 2694 1858 cum
2727 1797 2758 1838 a
2794 1784 3173 1849 navigantibus
3205 1787 3376 1840 sancti
3406 1787 3506 1840 tui-

259 1866 528 1936 τευριγιῶν
577 1865 672 1919 τοῦ
716 1865 900 1931 ὁσίου,
951 1864 1155 1938 ἦρξατο
1187 1867 1451 1939 διερωτᾷν
1489 1868 1834 1938 ποτνιωμένη

261 1959 354 2010 καὶ
381 1956 798 2028 παρακαλοῦσω
818 1957 929 2010 Ποῦ
960 1953 1071 2028 ἆρά
1097 1974 1161 2025 γε
1192 1959 1221 2010 ό
1249 1957 1344 2010 τοῦ
1379 1957 1517 2011 Θεοῦ
1556 1958 1709 2026 φίλος
1741 1959 1838 2012 καὶ

260 2049 440 2118 αὐτῆς
475 2048 660 2118 ἰατρὸς
689 2047 1074 2118 ἐπισχολάζει;
1104 2049 1228 2102 Τῶν
1254 2049 1311 2102 δέ
1333 2049 1839 2106 δακτυλοδεικτούν-

257 2139 642 2209 τωνὰντικρὺ,
665 2139 764 2210 τήν
783 2155 842 2191 τε
862 2139 1024 2207 νῆσον
1053 2141 1148 2194 καὶ
1169 2140 1263 2193 τὸν
1287 2139 1451 2194 τόπον
1471 2140 1838 2194 ἐπιδεικνυόν-

258 2248 394 2296 των,
422 2229 560 2300 αὕτη
590 2230 750 2284 ὃκνον
771 2229 1086 2300 ἀποθεμένη
1116 2231 1325 2298 πάντα,
1344 2234 1403 2286 ἐν
1431 2232 1639 2304 νηαρίῳ
1661 2233 1689 2272 ιι
1719 2235 1838 2285 eic-

261 2322 445 2384 ιοῦσα,
479 2321 755 2393 δρομαίως
805 2325 874 2394 τῇ
925 2324 1074 2394 νήσῳ
1119 2323 1450 2395 προσπλέει,
1490 2325 1586 2378 καὶ
1630 2325 1706 2396 τῷ
1739 2324 1836 2379 τοῦ

260 2413 418 2470 ὁσίου
455 2415 718 2486 παρορμᾷ
746 2415 763 2455 ί
807 2415 1053 2485 ίατρείῳ,
1087 2398 1153 2468 ’τὸ
1183 2415 1354 2478 πάθος
1398 2415 1832 2483 ἐπιδεικνύουσα,

257 2505 349 2560 τὸν
381 2505 576 2576 χρόνον
596 2503 1037 2573 ἀπαγγέλλουσα,
1061 2506 1156 2558 καὶ
1180 2505 1434 2578 ὀδυρμοῖς
1458 2507 1554 2560 καὶ
1575 2506 1838 2576 δάκρυσιν

256 2593 660 2668 ’πρακαλοῦσα
689 2595 785 2648 τοῦ
826 2595 1060 2668 ἰαθῆναι.
1108 2596 1272 2650 Ἀλλὰ
1301 2597 1508 2670 ταύτην
1540 2598 1839 2670 εὐξάμενος

259 2690 289 2741 δ
315 2687 514 2758 Πατὴρ
557 2687 929 2758 ἐθεράπευσεν
955 2691 1024 2759 τῇ
1066 2690 1126 2743 ἐν
1171 2689 1395 2761 Χριστῷ
1443 2693 1699 2761 σφραγῖδι
1742 2692 1840 2746 καὶ

261 2782 328 2851 τῇ
363 2779 736 2848 προσκυνήσει
763 2779 864 2849 τῆς
897 2779 1063 2832 αὑτοῦ
1090 2780 1318 2844 εἰκόνος.
1355 2781 1570 2852 Στερρὰ
1596 2781 1654 2834 δέ
1683 2797 1840 2850 γενο-

263 2871 410 2942 μένη
434 2869 514 2940 τῷ
549 2867 784 2939 σώματι,
818 2873 886 2942 τῇ
914 2870 1074 2942 τρίτῃ
1106 2871 1293 2944 ἡμέρᾳ
1317 2871 1535 2925 τελείαν
1563 2874 1596 2943 ἡ
1624 2873 1839 2944 ἄνθρω-

260 2979 364 3026 πος
418 2961 512 3014 καὶ
567 2960 863 3014 σθένουσαν
912 2962 1083 3026 ὅντως
1132 2963 1231 3033 τὴν
1277 2962 1452 3032 φύσιν
1491 2960 1592 3032 τὴν
1639 2961 1841 3032 ἑαυτῆς

261 3050 658 3125 ἀνεγνώρισέν,
705 3051 1020 3123 μηδαμόθεν
1049 3052 1416 3124 μεριζομένην
1445 3053 1479 3122 ἢ
1510 3054 1840 3126 ἐκκενουμέ-

260 3163 362 3219 νην
398 3145 475 3215 τῷ
501 3145 870 3216 άσθενήματι.

345 3237 493 3291 Ἀλλ’
511 3237 572 3302 ἐξ
609 3237 814 3306 ἐτέρων
843 3239 929 3307 ἐφ’
955 3239 1121 3310 ἕτερά
1153 3255 1221 3309 με
1258 3237 1571 3306 ἀπαγαγὼν
1603 3242 1631 3292 ὁ
1659 3239 1840 3308 λόγος,

263 3331 391 3388 esse
419 3328 744 3401 βουλόμενον
774 3330 842 3400 ἐᾷ
872 3333 1110 3402 σιωπᾷν.
1141 3331 1250 3384 Καὶ
1281 3331 1392 3405 γὰρ
1411 3333 1507 3385 καὶ
1537 3331 1859 3402 προωμολόέ

260 3439 416 3495 γησα
455 3421 558 3493 τὴν
599 3420 937 3491 πτωχόνοιαν
977 3421 1054 3492 μὴ
1079 3423 1347 3492 ἐπαρκεῖν
1399 3423 1536 3494 πρὸς
1577 3422 1639 3475 τὸ
1668 3424 1844 3493 πέρας

259 3515 380 3571 τῶν
426 3514 764 3586 ἐξηγήσεων.
813 3514 1008 3577 Πόσοις
1049 3514 1161 3585 γὰρ
1204 3515 1551 3587 ὁδοιποροῦσι
1598 3516 1665 3584 τῇ
1707 3515 1840 3584 εὐχῇ

262 3606 494 3676 γέγονεν
526 3603 827 3674 συνοδὴης,
860 3605 954 3656 καὶ
981 3607 1094 3667 τοῖς
1124 3607 1182 3658 ἐν
1213 3603 1348 3676 ζάλῃ
1393 3605 1612 3658 πλέουσι
1641 3603 1843 3675 κυϐερ-

263 3701 459 3771 νήτης,
507 3697 744 3768 μάλιστα
783 3695 840 3748 δὲ
885 3697 944 3748 ἐν
995 3693 1178 3766 καιρῷ
1230 3696 1468 3766 σφοδρᾶς
1497 3697 1841 3766 καταιγίδος;

267 3790 444 3845 Ὅταν
472 3787 580 3860 γὰρ
599 3787 790 3858 ἄγριον
814 3788 960 3858 ἑώρα
977 3786 1068 3840 τδν
1081 3787 1180 3856 τῆς
1197 3786 1474 3856 θαλάσσης
1499 3785 1656 3842 σάλον
1681 3803 1845 3858 κορυ-

264 3883 564 3956 φούμενον,
593 3881 688 3947 mi.
716 3879 810 3933 τὸν
826 3879 1034 3950 ταύτης
1059 3879 1235 3950 ῥοῖζον
1261 3879 1360 3942 τὰς
1384 3879 1554 3942 ἀκοὰς
1584 3877 1840 3932 νικῶνταο

263 3977 394 4030 τότε
437 3975 566 4037 τοὺς
614 3971 882 4041 ἀδελφοὺς
936 3972 1280 4043 προέτρεπεν
1327 3973 1408 4034 εἰς
1453 3971 1618 4042 εὐχὴν
1649 3973 1843 4044 ἐκτενῆ

267 4067 416 4138 ὑπὲρ
453 4065 565 4120 τῶν
600 4065 876 4118 πλεόντων
923 4065 1018 4117 καὶ
1049 4065 1228 4117 ἐκεῖνο
1268 4063 1494 4132 ψάλλειν
1534 4062 1595 4116 τὸ
1625 4079 1842 4134 προφηο

265 4159 443 4214 ιιςιιιόνν⁸
484 4159 580 4224 Μὴ
610 4156 682 4210 ἐν
724 4154 1015 4224 ποταμοῖςέ
1064 4153 1387 4224 ὀργισθῇς,
1420 4155 1618 4222 Κύριε,
1661 4153 1746 4222 μὴ
1775 4154 1846 4208 ἐν

263 4250 559 4320 ποταμοῖς
591 4253 624 4304 ὁ
657 4249 845 4318 θυμός
867 4264 1005 4312 σου,
1048 4247 1086 4316 ἢ
1111 4249 1182 4301 ἐν
1213 4247 1496 4314 θαλάσσῃ
1525 4249 1592 4299 τὸ
1614 4245 1847 4316 ὅρμημά

265 4363 388 4401 σου
410 4360 429 4409 ;
457 4342 564 4396 Καὶ
584 4337 652 4410 ἦν
683 4339 834 4401 ἰδεῖν,
861 4337 1392 4408 καταστορεσθείσης
1417 4336 1516 4405 τῆς
1545 4335 1841 4406 θαλάσσης,

1939 1874 2122 1929 racula
2155 1874 2452 1942 didicisset,
2489 1875 2794 1944 percontari
2827 1875 3028 1944 incepit
3060 1891 3225 1931 orans
3256 1887 3310 1931 et
3341 1877 3502 1933 obsc-

1939 1979 2124 2031 crans,
2157 1964 2376 2019 ubinam
2422 1964 2516 2020 Dei
2564 1966 2772 2020 amicus
2801 1979 3040 2035 suusque
3081 1967 3324 2022 medicus
3357 1983 3506 2021 com-

1939 2057 2284 2110 moraretur?
2321 2056 2428 2110 illis
2473 2071 2606 2112 vero
2650 2071 2682 2121 e
2729 2058 2954 2127 regione
2983 2057 3145 2112 sitam
3179 2059 3410 2112 insulam
3451 2071 3508 2114 et

1937 2146 2112 2202 locum
2148 2147 2316 2216 digito
2347 2149 2783 2210 ostendentibus,
2815 2147 2929 2202 haec
2959 2147 3078 2202 sine
3105 2147 3212 2202 ulla
3245 2165 3395 2202 mora
3425 2149 3505 2202 vel

1939 2249 2084 2294 metu
2113 2237 2412 2292 naviculam
2441 2238 2779 2304 conscendit,
2808 2251 2864 2296 et
2899 2240 3150 2295 celeriter
3179 2241 3248 2313 ad
3273 2239 3504 2294 1ιιειι1.ιιιι

1938 2329 2162 2400 appulit.
2201 2329 2336 2384 Tum
2364 2331 2636 2385 concitato
2667 2332 2833 2402 gradu
2859 2332 2925 2386 ad
2953 2333 3125 2387 sancti
3160 2333 3355 2386 medici
3387 2333 3504 2386 nlli«

1940 2422 2116 2476 cinam
2145 2422 2426 2486 advolans,
2454 2423 2698 2478 morbum
2726 2424 2801 2478 illi
2829 2435 2880 2479 et
2919 2433 3128 2492 tempus
3163 2439 3192 2478 a
3224 2441 3329 2492 quo
3361 2424 3508 2478 labu-

1942 2515 2120 2582 rabat,
2156 2515 2473 2581 declaravit,
2502 2529 2734 2585 eumque
2765 2527 2886 2570 cuin
2930 2516 3218 2584 gemitibus
3244 2525 3297 2571 et
3330 2519 3507 2588 lat-ry-

1936 2609 2044 2663 mis
2077 2609 2302 2678 rogavit,
2347 2615 2404 2661 ut
2451 2606 2552 2662 sibi
2591 2609 2927 2663 sanationem
2977 2609 3301 2678 impertiret.
3341 2608 3510 2678 Igitur

1940 2709 2158 2755 Sanctus
2197 2698 2380 2764 Pater,
2436 2699 2569 2754 fusis
2610 2701 2884 2769 precibus,
2924 2699 3069 2754 illam
3095 2699 3295 2754 Christi
3333 2701 3509 2770 sigillo

1940 2788 2164 2856 ejusque
2195 2787 2446 2856 imaginis
2473 2789 3006 2844 adoratione‘sauam
3041 2790 3290 2844 reddidit.
3327 2786 3507 2842 Firma

1942 2889 2122 2932 autem
2153 2877 2318 2951 493
2359 2879 2500 2933 facta
2543 2893 2770 2950 corpore
2807 2861 3018 2944 mulier,
3057 2881 3217 2934 tertia
3252 2879 3342 2934 die
3379 2896 3508 2948 per-

1944 2969 2140 3025 fectam
2165 2981 2219 3024 et
2244 2986 2371 3025 vcre
2392 2971 2624 3025 validam
2647 2985 2799 3024 suam
2825 2973 3183 3026 substantiam
3209 2985 3329 3025 esse
3351 2986 3512 3038 agno-

1941 3061 2042 3124 vit,
2078 3075 2254 3130 neque
2291 3062 2483 3117 morbo
2522 3061 2632 3116 ulla
2660 3076 2724 3116 ex
2761 3070 2916 3132 parte
2963 3061 3208 3132 separari
3236 3071 3292 3116 et
3319 3062 3506 3116 exina-

1943 3153 2066 3206 niri.
2980 3224 2983 3225 ν

2013 3243 2239 3305 Verum,
2290 3243 2470 3298 oratio
2508 3258 2596 3298 me
2641 3259 2706 3298 ex
2739 3243 2860 3298 aliis
2908 3245 2971 3298 ad
3015 3245 3120 3300 alia
3169 3247 3503 3311 conducens,

1945 3347 2123 3402 neque
2151 3333 2419 3386 volentem
2469 3332 2632 3386 silere
2664 3333 2927 3401 permittit
2962 3352 2977 3388 :
3017 3337 3228 3390 tametsi
3271 3337 3376 3391 mei
3427 3337 3511 3390 in-

1943 3425 2086 3496 genii
2143 3433 2519 3492 paupertatem
2573 3425 2638 3476 ad
2691 3425 2871 3477 omnia
2927 3427 3230 3480 enarranda
3287 3427 3512 3481 minime

1943 3513 2191 3570 sulm-ere
2232 3511 2557 3583 jam‘supra
2599 3512 2882 3567 confessus
2925 3511 3144 3568 fuerim.
3177 3515 3318 3582 Quot
3364 3518 3507 3570 enim

1942 3609 2212 3662 viatorum
2259 3621 2318 3662 se
2357 3607 2562 3660 socium
2614 3605 2860 3660 oratione
2901 3607 3168 3675 praebuit?
3219 3607 3362 3674 Quot
3417 3625 3514 3678 per

1945 3713 2094 3755 mare
2123 3699 2494 3766 navigantium
2524 3697 2855 3750 veltetttentis
2884 3696 3182 3767 praesertim
3212 3708 3510 3766 tempesta-

1947 3794 2016 3846 tis
2061 3802 2300 3860 tcmpore
2331 3790 2664 3859 gubernator
2689 3788 2915 3843 effectus
2943 3789 3063 3843 est?
3095 3789 3226 3844 Cum
3257 3791 3402 3844 enim
3435 3788 3514 3845 fc-

1947 3896 2102 3936 roces
2128 3881 2298 3934 maris
2325 3879 2520 3932 ﬂuctus
2561 3880 2922 3932 intumescere
2942 3916 2958 3944 ,
2990 3893 3290 3948 eorumque
3323 3878 3510 3933 fremi-

1947 3983 2060 4027 tum
2101 3973 2169 4026 ad
2220 3986 2382 4026 aures
2429 3985 2602 4039 usque
2635 3969 2943 4040 pertingere
2981 3971 3335 4035 advertebat;
3385 3981 3511 4024 tunc

1945 4066 2142 4120 fratres
2187 4063 2526 4126 hortabatur,
2566 4073 2624 4115 ut
2655 4061 2918 4130 prolixam
2955 4063 3254 4116 orationem
3287 4078 3384 4130 pro
3415 4079 3512 4115 na-

1945 4156 2254 4225 vigantibus
2300 4165 2652 4224 peragerent,
2700 4153 2938 4221 illudque
2991 4154 3265 4222 prophetae
3319 4154 3514 4220 psalle-

1944 4261 2118 4303 rent:
2171 4247 2426 4316 Nnnquid
2481 4247 2534 4298 in
2573 4245 2878 4312 ﬂuutimbus
2935 4245 3108 4299 iratus
3143 4261 3218 4309 es,
3271 4243 3512 4310 Domine,
3560 4296 3574 4307 ,

1946 4349 2039 4392 aut
2071 4341 2123 4391 in
2154 4337 2465 4408 ﬂuminibus
2498 4335 2648 4404 furor
2680 4344 2823 4399 tuus,
2856 4333 2934 4388 rel
2960 4335 3012 4388 in
3054 4336 3189 4388 mari
3219 4335 3517 4404 indignatio

265 4435 602 4513 ἐρχομένους
631 4431 785 4494 τινὰς
809 4431 903 4484 καὶ
934 4428 1300 4498 ἀπαγγέλλειν
1329 4427 1429 4498 τὴν
1452 4427 1540 4480 διά
1571 4427 1663 4479 τοῦ
1696 4427 1837 4480 ὁσίου

1947 4429 2144 4484 tua"?
2191 4429 2328 4482 Hinc
2384 4429 2590 4496 placato
2629 4427 2805 4491 mari,
2848 4426 3030 4481 videre
3073 4437 3189 4481 erat
3231 4428 3517 4482 nonnullos

265 4529 454 4585 αὐτῶν
490 4527 814 4598 περίσωσιν.
850 4524 960 4577 Καὶ
995 4525 1078 4578 ὅτι
1103 4563 1117 4587 ,
1159 4523 1356 4590 φησὶν,
1426 4523 1485 4576 ἐν
1532 4520 1707 4591 καιρῴ
1741 4521 1842 4590 τῆς

267 4622 523 4690 ἀνάγκης
567 4615 830 4690 ὡράθηςὶ
871 4615 1164 4686 συμπλέων
1219 4617 1350 4686 ἡμῖν
1375 4652 1390 4679 ,
1443 4614 1537 4667 καὶ
1573 4614 1674 4683 τὴν
1715 4613 1848 4668 ναῦν

269 4711 474 4764 ἰθύνων
501 4710 550 4772 Ιι,
583 4708 876 4779 πρυμνίως
920 4723 978 4759 τε
1026 4705 1313 4774 ιστάειενφς
1347 4704 1442 4756 καὶ
1471 4701 1850 4772 “summa”

266 4802 672 4874 άρμοδέστατα.
755 4799 867 4853 Καὶ
933 4796 1104 4860 οὕτως
1162 4796 1404 4858 ἅπαντες
1457 4794 1705 4860 ἐδόξαζον
1754 4794 1847 4848 τὸν

264 4893 425 4947 Θιόν.

350 4983 444 5037 Ἑν
475 4980 690 5043 τούτοις
719 4978 814 5032 οὖν
839 4981 949 5041 τοῖς
971 4977 1358 5048 προτερήμασι
1389 4976 1482 5030 τοῦ
1513 4977 1696 5046 τιμίου
1728 4978 1841 5032 Πα-

269 5071 401 5144 τρός
430 5071 588 5141 ἡμῶν
619 5071 892 5138 Στεφάνου
923 5071 982 5120 ἐν
1008 5071 1072 5138 τῇ
1113 5069 1294 5137 νήσῳ,
1331 5067 1410 5138 τῷ
1450 5068 1548 5139 τῆς
1591 5069 1850 5140 κατοική-

271 5179 411 5224 σεως
437 5161 606 5215 αὑτοῦ
637 5160 880 5230 δευτέρῳ
909 5161 1087 5230 χρόνῳ
1118 5159 1211 5210 καὶ
1234 5158 1468 5229 ὲξορίας,
1498 5161 1530 5228 ἡ
1559 5159 1724 5222 ὅντως
1759 5160 1850 5210 εὑ-

273 5252 465 5325 σεσὴς,
495 5253 591 5307 καὶ
624 5251 904 5321 φιλόπαις,
939 5253 1033 5304 καὶ
1057 5250 1155 5318 τῆς
1196 5249 1575 5320 Ἀϐραμιακῆς
1610 5249 1847 5318 μερίδος,

339 5404 390 5439 ⁸⁸
423 5405 565 5462 Psal.
604 5421 740 5471 cut,
767 5406 822 5458 9.
896 5406 941 5438 ⁸¹
978 5405 1188 5463 llabac.
1217 5419 1304 5466 tn,
1335 5408 1386 5461 8.

1949 4524 2039 4592 qui
2087 4531 2332 4574 sanetum
2373 4521 2673 4582 adeuntes,
2721 4533 2780 4572 se
2830 4518 2945 4584 ejus
2991 4519 3242 4589 precibus
3289 4521 3518 4573 salutem

1955 4624 2283 4668 consecutos
2320 4627 2440 4665 esse
2487 4613 2822 4664 nuntiabant.
2876 4609 3221 4665 Necessitatis
3253 4623 3514 4680 tempore,

1955 4706 2296 4775 inquiebant,
2341 4719 2445 4758 una
2492 4704 2769 4758 nobiscum
2823 4705 3098 4773 navigare,
3147 4719 3335 4757 navem
3385 4703 3513 4755 diri-

1949 4814 2098 4868 gere,
2151 4800 2202 4852 in
2237 4799 2394 4868 puppi
2459 4807 2603 4850 stare
2640 4797 2785 4849 visus
2824 4811 2908 4848 es.
2947 4795 3036 4849 Sic
3091 4795 3364 4862 universi,
3423 4795 3515 4850 De;

1949 4889 2141 4943 laudes
2169 4881 2553 4958 praedicabant.

2025 4981 2158 5035 Dum
2191 4980 2302 5033 lucc
2331 4979 2587 5047 praeclara
2613 4985 2759 5043 gesta
2782 4977 3118 5030 venerandus
3144 4976 3304 5031 Pater
3332 4987 3516 5032 uoster

1952 5067 2264 5137 Stephanus
2307 5069 2359 5120 in
2388 5067 2559 5119 insula
2594 5068 2808 5128 et'ebal,
2845 5081 2986 5120 anno
3016 5067 3250 5123 secundo
3275 5066 3516 5135 ejusdem

1958 5157 2312 5212 habitationis
2353 5157 2518 5229 [‘94
2566 5169 2618 5210 ct
2655 5157 2866 5221 exsilii,
2919 5175 3044 5212 \‘t:l‘e
3092 5161 3210 5226 pia,
3247 5160 3517 5228 prolisque

1953 5264 2146 5303 amans
2178 5259 2231 5302 et
2263 5263 2329 5302 ex
2359 5251 2637 5303 Δίποινα-υ
2672 5260 2845 5319 parte,
2892 5266 3025 5304 nova
3057 5248 3214 5312 Sara,
3252 5263 3349 5304 nec
3379 5248 3517 5302 mul-

1562 5540 1798 5596 VARIA‘Z
1835 5537 2237 5596 LECTiO'Ni-lfi.

352 5701 378 5738 ε
407 5698 475 5753 al.
501 5697 914 5771 ξηραίνεσθαι.
995 5697 1021 5738 ι
1056 5698 1124 5750 al.
1158 5695 1440 5766 πλοιαρίῳ,
1524 5698 1542 5733 ³
1577 5697 1646 5748 al.
1679 5696 1954 5768 καθορμᾷ.
2034 5695 2049 5747 ἐ
2084 5695 2152 5749 ;.Ι.
2187 5695 2399 5767 ὡρμάθη.
2477 5691 2500 5731 λ
2536 5694 2606 5748 οἳ.
2638 5694 2896 5750 εὐθύνων.
