3942 6218
232 254 366 322 1157

1313 255 1488 317 VITA
1527 255 1590 315 S.
1621 255 1999 318 STEPHANI
2039 257 2420 318 JUNIORIS.

3353 263 3488 328 “58

227 371 701 444 ἀποκρινομένου,
733 370 871 426 ἀλλὰ
893 369 1107 442 χαμᾶζε
1137 369 1461 441 κεκυφότος,
1492 372 1520 425 6
1548 371 1810 442 τύραννος

1919 372 2090 428 cunde
2145 373 2410 438 intuitus,
2463 373 2793 443 sanguineos
2843 373 3031 431 oculos
3084 383 3484 446 conlorquens.

231 464 366 537 πρὸς
386 463 548 517 αὑτὸν
567 463 804 534 ὀργίλως
831 462 1051 527 ἐπιδὼν,
1078 463 1338 548 ἐναίμους
1365 481 1428 516 τε
1458 465 1584 528 τοὺς
1607 462 1811 531 ὀφθαλ-

1913 479 2132 530 manum
2166 479 2260 536 per
2293 479 2474 520 aerem
2514 467 2954 535 circumagitans,
2983 477 3039 523 et
3076 467 3327 536 immani,
3353 471 3483 524 dra-

233 557 368 627 μοῦς
401 556 747 626 συνταράξας
772 595 787 619 ,
817 555 914 608 καὶ
953 553 1214 626 αἰθερίως
1244 555 1346 626 τὴν
1387 559 1550 626 χεῖρα
1583 572 1814 626 περιγυ-

1919 553 2065 610 conis
2098 553 2306 620 instar,
2336 553 2542 610 emisso
2597 555 2758 609 sibilo
2819 557 3001 610 dixit:
3052 557 3177 612 Mihi
3240 573 3346 613 non
3396 573 3486 614 re-

232 647 393 720 ρίσας
417 644 872 716 ο,δρακοντιαῖόν
901 661 962 698 τε
989 644 1202 714 συριεὶς
1237 645 1387 714 μέγα
1428 641 1616 700 εἶπεν·
1655 645 1811 713 Ἐμοὶ

225 739 332 790 οὐκ
365 735 666 807 ἀποκρίνῃ,
705 735 1032 806 μιαρωτάτη
1062 735 1304 808 mapali];
1347 735 1406 790 '0
1431 735 1489 789 δὲ
1519 736 1676 804 ἅγιος
1704 736 1810 808 ἔφη

230 827 367 898 πρὸς
393 827 578 880 αὐτόν·
616 825 874 890 Βασιλεῦ,
903 827 956 880 ει
982 826 1372 890 καταδικάζειν
1405 827 1600 894 θέλεις,
1632 828 1807 899 τιμιιῖι⁹

219 921 384 991 ρησαί
400 933 490 990 με·
509 917 558 969 εί
581 915 638 970 δὲ
671 919 958 990 ἐπερωτᾷν
978 957 994 983 ,
1029 920 1358 989 μετρησάτω
1397 936 1491 972 σου
1522 919 1612 974 τὸν
1636 919 1812 990 θυμὸν

229 1009 263 1080 ἡ
295 1008 572 1078 πραότης.
595 1006 784 1070 Οὕτως
813 1009 925 1078 γὰρ
943 1007 1190 1074 δικάζειν
1219 1011 1346 1073 τοὺς
1368 1011 1562 1080 κριτὰς
1581 1011 1634 1064 oi
1658 1011 1811 1080 νόμοι

229 1099 570 1152 κελεύουσιν.
599 1099 657 1152 Ὀ
684 1098 742 1151 δὲ
771 1098 1052 1168 βασιλεὺς,
1087 1100 1248 1167 Εἰπὲ,
1275 1103 1458 1172 φησὶν,
1489 1102 1633 1156 τίσιν
1661 1103 1812 1174 ὅροις

227 1190 324 1243 καὶ
363 1191 664 1260 πατρικαῖς
695 1189 938 1253 ὲντολαίς
968 1189 1046 1261 μὴ
1093 1191 1498 1262 ὑποκύψαντες,
1530 1195 1811 1266 αίρετικῆς

229 1279 558 1352 ὑπολήψεως
593 1269 904 1352 ὑπόκρισιν
930 1281 1076 1356 ἔχειν
1109 1284 1262 1356 παρὰ
1290 1284 1376 1338 σοὶ
1404 1285 1772 1356 νενομίσμεθα
1788 1304 1809 1354 ;

241 1371 301 1424 '0
320 1374 474 1440 ἆγιος
492 1367 668 1426 εἶπεν·
694 1373 805 1444 Τὴν
825 1375 889 1426 ὲκ
911 1373 1192 1444 πρόπαλαι
1207 1375 1536 1447 περιοδικῶς
1553 1377 1660 1430 ὑπὸ
1676 1379 1812 1432 πάν-

227 1480 338 1517 των
375 1464 632 1534 Πατέρων
661 1464 949 1535 ἀχθεῖσαν
979 1467 1074 1520 καὶ
1109 1468 1582 1540 προσκυνηθεῖσαν
1611 1470 1812 1523 εἰκονι-

229 1555 336 1626 κὴν
373 1555 817 1626 στηλογραφίαν,
851 1557 921 1628 ἢν
947 1557 1171 1628 ἀνόμως
1215 1559 1330 1613 τῶν
1373 1559 1684 1632 ἐκκλησιῶν
1721 1559 1812 1626 ἐξ·

229 1647 569 1716 εποιήσασθε
590 1687 605 1711 ,
633 1647 841 1717 ταύτην
873 1647 1249 1718 ἐξορύξαντες.
1282 1651 1392 1705 Καὶ
1435 1653 1465 1704 6
1516 1651 1768 1722 βασιλεύς
1793 1669 1811 1686 ο

231 1735 326 1808 Μή
369 1738 493 1807 λέγε
531 1737 734 1805 ταύτας
757 1777 782 1803 ,.
832 1741 1026 1796 ἀνοσία
1073 1741 1326 1814 κεφαλὴ,
1377 1718 1805 1816 στηλογραφίας,
1842 1718 1885 1780 Β

231 1830 350 1884 ἀλλ’
383 1829 832 1902 είδωλογραφίας.
864 1833 977 1886 Καὶ
1014 1835 1166 1887 ποῖον
1188 1837 1297 1906 γὰρ
1324 1835 1533 1889 δίκαιον
1565 1837 1814 1892 εἰδωλεϊα

231 1920 377 1990 μετὰ
407 1919 610 1988 άγίων;
649 1923 727 1976 ’Ἠ
758 1924 1041 1977 κοινωνία
1074 1925 1168 1991 τις
1195 1926 1343 1993 φωτί
1373 1927 1525 1994 πρὸς
1544 1929 1812 1994 σκότος;

226 2012 379 2083 Πρὸς
399 2012 456 2065 ὃν
484 2014 513 2066 6
539 2011 716 2080 ἅγιοςο
746 2013 1003 2080 Βασιλεῦ,
1031 2015 1157 2086 οὐχὶ
1183 2018 1251 2086 τῇ
1280 2015 1384 2089 ὕλῃ
1409 2017 1461 2068 ol
1490 2018 1814 2088 Χριστιανοὶ

224 2105 521 2175 λατρεύειν
551 2107 612 2160 ὲν
642 2107 817 2159 είκόσι
845 2107 978 2160 ποτὲ
1017 2107 1336 2163 έθέσπισαν·
1370 2108 1508 2162 ἀλλὰ
1545 2109 1646 2180 τὴν
1681 2111 1814 2183 κλῆ-

227 2213 318 2250 σιν
345 2196 448 2266 τῆς
480 2196 608 2261 θέας
647 2197 1098 2268 προσκυνοῦμεν,
1135 2199 1339 2270 νοερῶς
1381 2203 1462 2265 είς
1501 2201 1600 2266 τὰς
1629 2204 1812 2268 αἰτίας

223 2287 342 2340 τῶν
367 2288 742 2358 πρωτοτύπων
767 2288 1118 2360 ἀναγόμενοι.
1151 2291 1262 2344 Καὶ
1281 2291 1391 2363 γὰρ
1417 2291 1506 2346 διὰ
1528 2293 1690 2364 τῆσδε
1711 2293 1812 2365 τῆς

225 2379 480 2449 ὁράσεως
527 2379 588 2432 τὺ
635 2381 966 2452 ἡγεμονικὸν
1011 2380 1389 2452 διηπλωμένον
1427 2385 1538 2448 τοῖς
1577 2383 1814 2454 δόγμασι

226 2473 328 2526 καὶ
370 2470 450 2542 τῷ
486 2471 674 2542 σκοπῷ
707 2472 809 2542 τῆς
836 2473 1156 2540 εύσεόείας,
1192 2475 1330 2546 πρὸς
1370 2475 1472 2540 τὰς
1503 2477 1714 2548 ὑψηλάς
1752 2495 1814 2532 τε

228 2563 330 2616 καὶ
359 2562 880 2636 μετεωροπορούσας
919 2565 1030 2618 τῶν
1075 2567 1324 2637 οὐρανῶν
1348 2569 1594 2640 σκηνὰς,
1627 2572 1708 2634 είς
1754 2570 1816 2624 τὸ

228 2653 499 2708 δύνασθαι
520 2653 598 2725 τῷ
627 2655 849 2726 μεγέθει
879 2655 991 2709 τῶν
1011 2657 1270 2712 τοιούτων
1293 2660 1600 2714 ὲννοσεύειν
1620 2671 1650 2711 P
1673 2661 1819 2732 ἐφιέ-

233 2745 403 2816 μεθαο
439 2745 604 2800 καλιὰ
636 2747 742 2819 γάρ
784 2763 868 2811 τις
908 2747 1072 2802 οἱονεί
1107 2749 1258 2804 ἐστιν
1287 2751 1466 2822 ψυχῆς
1508 2753 1542 2824 ή
1591 2753 1817 2824 περὶίτδ

230 2836 574 2908 ζητούμενον
598 2839 1017 2907 συγκατάθεσις,
1043 2839 1143 2912 τὴν
1165 2841 1400 2896 ἄστατον
1419 2843 1516 2898 τοῦ
1537 2845 1630 2900 νοῦ
1655 2845 1818 2900 πολυ-

232 2928 674 3000 πραγμοσύνην,
731 2929 988 3001 καθάπερ
1033 2931 1158 2986 τινὰ
1207 2933 1526 3005 πολυπλανῆ
1560 2937 1760 3007 πτῆσιν
1785 2947 1814 2986 (ι

232 3022 320 3090 ἐφ’
347 3021 547 3092 ἑαυτῆς
571 3021 945 3076 ἁναπαύουσα.
973 3023 1083 3077 Καὶ
1108 3025 1136 3078 6
1163 3022 1441 3094 βασιλεύς·
1470 3022 1620 3097 *Δρά
1637 3045 1702 3097 γε
1732 3027 1814 3081 δί-
1840 3061 1885 3121 C

234 3112 398 3168 καιόν
427 3115 572 3166 ἐστιν
598 3113 667 3166 τὰ
701 3113 851 3185 παρὰ
881 3114 1186 3187 ἀνθρώπων
1221 3117 1566 3188 κηρυχθέντα
1609 3119 1815 3190 ἄπειρα

235 3205 338 3258 καὶ
372 3203 758 3273 δυσθεώρητα,
803 3203 898 3256 καὶ
934 3207 1072 3274 μήτε
1115 3205 1192 3275 νῷ
1235 3205 1437 3270 λεπτά,
1481 3205 1816 3275 αἰσθητικῶς

235 3292 518 3348 ἑκτυποῦν
555 3293 648 3346 καὶ
691 3292 778 3346 διὰ
816 3291 948 3362 ὕλης
979 3297 1342 3365 προσκυνεῖν,
1389 3295 1464 3365 μὴ
1490 3295 1644 3356 ὄντος
1670 3295 1821 3360 τινος
1849 3336 1858 3343 .

235 3383 352 3436 τῶν
378 3381 637 3436 τοιούτων
666 3381 724 3453 έν
761 3380 985 3450 γνώσει,
1017 3381 1050 3452 ἢ
1081 3382 1177 3435 καὶ
1211 3382 1380 3452 μόνης
1407 3383 1509 3454 τῆς
1536 3382 1815 3453 ἀπειρίας,

237 3476 318 3538 ὥς
353 3491 520 3546 φησιν
547 3476 576 3528 6
606 3473 866 3543 Θεολόγος
897 3473 1234 3546 Γρηγόριος;
1269 3469 1404 3526 Εἶτα
1432 3476 1460 3528 6
1488 3473 1644 3542 ᾶγιος
1665 3491 1679 3506 ο
1709 3475 1819 3528 Καὶ

241 3569 397 3631 ποῖος
430 3564 539 3638 ἆρά
565 3583 626 3635 γε
671 3565 936 3637 λογισμοῦ
989 3566 1180 3638 κύριος
1211 3563 1309 3632 ὢν,
1341 3565 1411 3620 τὰ
1444 3567 1500 3618 ὲν
1528 3568 1594 3636 τῇ
1623 3565 1822 3636 ἐκκλη-

245 3661 345 3728 σίᾳ
377 3656 720 3730 προσκυνῶν,
749 3659 857 3710 εἴτε
887 3655 1036 3710 λίθον
1055 3695 1070 3722 ,
1101 3655 1211 3708 εἴτε
1243 3655 1476 3726 χρυσὸν,
1517 3657 1627 3708 εἴτε
1652 3657 1823 3725 ἄργυ-

249 3769 367 3822 ρον,
389 3749 875 3820 κτισματολατρεῖ,
898 3747 1036 3800 διότι
1063 3750 1131 3818 τῇ
1157 3747 1350 3818 κλήσει
1385 3745 1822 3817 μετεποιήθησαν

246 3845 328 3906 είς
360 3843 528 3909 ἆγια;
578 3831 765 3908 Ὑμεῖς
788 3839 847 3892 δὲ
874 3839 1152 3909 ἁναμέσον
1177 3839 1334 3906 ἁγίου
1365 3839 1458 3893 καὶ
1481 3837 1710 3910 βεϐήλου
1747 3837 1822 3910 μὴ

245 3929 676 3995 διαστείλαντες,
708 3930 811 3982 οὐκ
841 3927 1097 4000 ὲφρίξατε
1125 3930 1298 3982 εἰπεῖν
1327 3929 1430 4002 τὴν
1459 3930 1554 3982 τοῦ
1583 3930 1821 4002 Χριστοῦ

247 4022 437 4074 εἰκόνα
467 4023 528 4074 ὲν
553 4021 815 4094 παροινίᾳ
843 4020 1082 4084 εἴδωλον,
1115 4019 1190 4082 ὡς
1235 4019 1561 4085 Ἀπόλλωνα,
1597 4022 1689 4074 καὶ
1725 4023 1826 4092 τῆς

248 4115 518 4168 Θεοτόκου
571 4113 774 4184 ὁμοίως
807 4114 884 4178 ὡς
928 4111 1219 4184 Ἀρτέμιδα
1241 4153 1258 4177 ,
1303 4113 1397 4167 καὶ
1439 4113 1827 4182 καταπατῆσαι

1911 641 2168 710 spondes,
2200 642 2629 712 impurissimum
2663 645 2868 712 caput?
2899 645 2999 700 Cui
3041 657 3286 716 sanctus,
3307 647 3486 720 lmpe-

1910 745 2082 796 rator,
2119 733 2326 802 inquit,
2358 734 2404 788 si
2441 749 2528 791 me
2567 735 2930 792 condemnare
2966 738 3018 792 in
3056 740 3242 798 animo
3277 741 3484 807 babes,

1911 835 2000 876 me
2027 821 2298 890 supplicio
2324 821 2496 878 allies.
2531 821 2588 878 Si
2617 838 2744 878 vero
2769 840 2856 880 me
2881 826 3222 897 interrogare
3253 827 3346 888 tibi
3370 829 3486 899 pla-

1911 919 2018 976 cet,
2054 920 2204 966 tuum
2237 917 2480 968 animum
2520 925 2785 984 temperet
2821 905 3194 974 mansuetudo.
3225 918 3317 976 Sic
3342 920 3486 976 enim

1905 1000 2156 1071 judicare
2171 1003 2447 1074 iudicibus
2472 1003 2619 1074 leges
2641 1006 2985 1076 praecipiunt.
3009 1007 3142 1064 Tum
3163 1011 3482 1080 imperator.

1914 1091 2033 1158 Dic,
2069 1093 2266 1164 inquit,
2299 1095 2498 1164 quibus
2539 1097 2774 1152 decretis
2817 1097 2901 1153 vel
2939 1098 3157 1154 Patrum
3199 1103 3486 1171 prwceptis

1910 1199 2019 1240 non
2059 1186 2452 1255 obsequentes,
2490 1189 2730 1244 haeretici
2761 1205 2792 1243 a
2840 1201 2889 1244 te
2934 1191 3354 1248 existimamur?
3383 1192 3485 1250 Cui

1911 1287 2134 1333 sanctus
2166 1279 2448 1342 respondit
2485 1297 2499 1332 :
2533 1279 2671 1346 Quia
2715 1283 2982 1352 imagines
3004 1322 3019 1346 ,
3063 1299 3197 1352 quas
3226 1285 3294 1340 ab
3331 1286 3485 1340 initio

1915 1368 2174 1423 continua
2197 1370 2339 1423 serie
2363 1371 2603 1425 universi
2625 1370 2818 1427 Patres
2836 1376 3256 1442 comprobavere
3277 1383 3331 1430 et
3357 1376 3486 1431 ado-
3514 1363 3530 1416 ‘-

1913 1474 2130 1525 ravere,
2158 1459 2323 1532 497
2362 1461 2574 1517 nefarie
2605 1461 2684 1532 ab,
2719 1463 2974 1518 ecclesiis
2995 1466 3394 1522 exterminastis
3432 1477 3488 1524 et

1911 1554 2214 1608 excidistis.
2250 1554 2313 1607 Et
2340 1553 2677 1624 imperator:
2710 1553 2810 1618 Ne,
2843 1555 3038 1624 inquit,
3073 1555 3356 1625 profanum
3387 1573 3484 1616 ca-

1912 1653 2029 1712 put,
2054 1643 2324 1714 imagines
2344 1645 2602 1714 appelles,
2631 1647 2724 1699 sed
2757 1645 2922 1700 idola.
2955 1647 3020 1700 Et
3046 1661 3175 1700 vero
3197 1648 3324 1716 quid
3349 1648 3482 1716 justi

1913 1745 2000 1790 est
2033 1735 2172 1790 idola
2213 1735 2351 1790 inter
2379 1748 2434 1790 et
2462 1747 2684 1792 sanctos
2708 1737 2731 1790 i
2757 1739 2863 1790 Aut
2890 1755 3007 1808 qua:
3035 1740 3256 1794 societas
3283 1741 3387 1796 luci
3417 1742 3486 1796 ad

1915 1827 2154 1880 tenebras
2173 1825 2260 1880 "‘1
2283 1827 2362 1879 Ad
2391 1842 2510 1896 qua:
2547 1837 2770 1882 sanctus
2800 1845 2814 1882 :
2842 1828 3173 1899 Imperator,
3209 1847 3483 1903 nunquam

1913 1914 2211 1993 Christiani
2261 1925 2593 1984 statuerunt,
2646 1928 2705 1972 ut
2743 1921 2970 1992 materia
3021 1921 3074 1974 in
3121 1923 3354 1993 imagine
3396 1939 3487 1978 co-

1913 1991 2156 2063 leretur.
2186 2006 2414 2072 Verum,
2473 2025 2670 2065 nomen
2717 2011 2795 2065 rei
2842 2027 2940 2080 per
2989 2011 3279 2082 imaginem
3331 2014 3487 2068 nobis

1912 2099 2169 2154 exhibita:
2200 2100 2514 2176 adoramus,
2545 2101 2610 2153 ad
2641 2101 2788 2168 ipsos
2827 2110 3079 2157 auctores
3107 2113 3162 2157 et
3199 2114 3484 2176 prototypa

1911 2202 2093 2244 mente
2132 2173 2510 2247 ascendentes.
2568 2190 2780 2245 Etenim
2838 2193 3103 2248 rationem
3152 2209 3248 2262 per
3283 2195 3485 2251 hancce

1911 2289 2198 2334 externam
2224 2281 2460 2349 speciem
2490 2281 2834 2350 dogmatibus
2861 2291 2914 2336 et
2950 2282 3057 2336 line
3106 2282 3386 2352 religionis
3426 2299 3485 2339 se

1912 2371 2078 2426 veluti
2101 2374 2522 2441 expandentem,
2556 2375 2608 2426 in
2641 2374 2876 2430 excelsis
2895 2383 2949 2430 et
2976 2375 3294 2430 sublimibus
3316 2376 3484 2432 coelo-

1913 2477 2032 2514 rum
2084 2462 2489 2531 tabernaculis,
2541 2476 2804 2533 quantum
2861 2480 2958 2534 per
3007 2465 3264 2522 harumce
3303 2483 3481 2522 rerum

1917 2552 2347 2621 magnitudinem
2382 2553 2538 2618 licet,
2571 2557 2755 2608 nidum
2795 2565 3011 2612 struere
3047 2559 3316 2628 cupimus.
3350 2559 3484 2626 Qui-

1915 2645 2039 2700 dam
2065 2647 2210 2700 enim
2245 2629 2401 2715 quasi
2435 2649 2629 2704 animae
2650 2651 2812 2706 nidus
2835 2660 2938 2718 est,
2965 2651 3206 2722 ejusdem
3227 2655 3374 2710 circa
3405 2655 3482 2721 id,

1917 2741 2060 2807 quod
2091 2739 2302 2806 quaerit,
2335 2737 2627 2804 confessio,
2655 2756 2776 2810 quae
2801 2742 3106 2796 instabilem
3139 2745 3340 2798 mentis
3361 2745 3483 2808 sol-

1917 2831 2278 2892 licitudinem,
2311 2841 2572 2899 tanquam
2607 2847 2798 2902 vagum
2835 2834 3074 2890 volatum
3108 2835 3162 2890 in
3193 2838 3367 2906 seipsa
3393 2837 3484 2908 ju-

1916 2919 2007 2973 bet
2048 2921 2458 2989 conquiescere.
2493 2920 2707 2976 Rursus
2755 2923 3047 2992 imperator
3079 2945 3094 2981 :
3129 2925 3265 2980 Num
3303 2931 3484 2999 igitur,

1919 3012 2118 3080 inquit,
2149 3027 2364 3082 aequum
2403 3023 2486 3068 est
2516 3013 2755 3068 infinitas
2794 3031 2884 3070 res
2917 3017 2985 3070 ab
3011 3018 3318 3074 hominibus
3346 3021 3488 3076 cele-

1920 3103 2150 3168 bratas,
2200 3105 2564 3174 contemplatu
2624 3105 2906 3174 difﬁciles,
2953 3123 3052 3164 nec
3095 3114 3258 3166 etiam
3307 3123 3488 3168 tuente

1921 3193 2468 3262 corripi-cliensibiies,
2519 3199 2680 3252 modo
2719 3199 2811 3268 qui
2855 3201 2956 3254 sub
2993 3215 3190 3256 sensus
3215 3203 3370 3258 cadat
3394 3220 3492 3259 ex-

1919 3288 2157 3358 primere
2182 3298 2235 3342 et
2260 3303 2356 3357 per
2386 3291 2667 3344 tnateriam
2697 3294 2957 3359 adorare;
2988 3311 3111 3347 cum
3139 3297 3272 3349 nihil
3307 3297 3490 3364 hujus-

1923 3379 2134 3430 cemodi
2165 3393 2342 3431 rerum
2373 3377 2427 3430 in
2460 3381 2821 3448 cognitionem
2851 3383 3052 3448 veniat,
3086 3385 3189 3436 nisi
3223 3385 3336 3439 sola
3369 3386 3490 3440 inﬂ-

1921 3466 2088 3530 nitas,
2128 3477 2189 3520 ut
2227 3467 2306 3520 ait
2349 3465 2656 3536 Theologus
2691 3467 3028 3536 Gregorius?
3059 3471 3289 3538 Reponit
3333 3489 3492 3530 sanc-

1923 3567 2010 3612 tus
2045 3573 2060 3611 :
2092 3557 2158 3610 Et
2181 3574 2312 3612 vero
2331 3560 2452 3628 quis
2480 3561 2681 3614 mentis
2711 3575 2956 3630 compos,
2982 3579 3043 3616 ea
3071 3561 3239 3635 ωε
3278 3581 3396 3631 quae
3434 3567 3493 3620 ir.

1923 3647 2150 3704 ecclesia
2199 3659 2360 3714 sunt,
2391 3651 2658 3714 adorans,
2694 3652 2808 3706 sive
2840 3653 2974 3722 lapis
3010 3655 3102 3720 sit,
3137 3657 3252 3711 sive
3280 3673 3492 3724 aurum,

1923 3743 2040 3798 sive
2070 3731 2377 3812 argentum,
2408 3753 2609 3804 creata:
2640 3745 2715 3799 rei
2742 3745 2947 3804 cultum
2972 3749 3225 3814 exhibet;
3253 3752 3498 3820 quando-

1925 3837 2240 3906 quidemiu
2295 3851 2382 3892 res
2423 3849 2641 3894 sanctas
2673 3840 3033 3908 appellatione
3085 3852 3288 3899 mutata
3329 3845 3499 3900 sunt?

1933 3927 2038 3983 Vos
2068 3943 2196 3982 vero
2222 3928 2364 3982 inter
2385 3941 2634 3984 sanctqu
2661 3939 2709 3986 et
2738 3933 3020 4002 profanum
3049 3951 3154 3990 non
3187 3937 3498 3992 discernen-

1929 4028 2049 4079 tes.
2088 4035 2198 4088 pra:
2230 4020 2526 4088 petulantia
2549 4060 2565 4086 ,
2603 4021 2810 4078 Christi
2850 4033 2908 4078 et
2960 4025 3199 4094 Deiparae
3233 4027 3495 4098 imagines

1934 4111 2076 4165 idola
2107 4111 2378 4180 appellare
2405 4123 2464 4165 ut
2485 4113 2782 4182 Apollinem
2806 4125 2859 4169 et
2889 4117 3244 4180 Artemidem,
3271 4117 3496 4187 illasque

247 4206 480 4272 ταύτας,
512 4207 607 4259 καὶ⁵
633 4203 1000 4259 κατακαῦσαι.
1035 4203 1146 4257 Καὶ
1179 4205 1208 4256 6
1239 4201 1524 4272 βασιλεύς·
1561 4203 1818 4274 Πεπηρω·

1932 4201 2260 4256 conculcare
2289 4212 2344 4256 et
2379 4217 2626 4258 cremare
2653 4219 2756 4258 non
2788 4206 3116 4262 horruistisi
3141 4206 3224 4261 Ad
3249 4224 3367 4274 qua:
3400 4210 3496 4263 iut-

252 4298 387 4369 μένε
429 4295 508 4365 τῷ
563 4295 664 4359 νοῒ,
695 4293 792 4349 καὶ
839 4293 1270 4366 άμνημονεύτων
1323 4291 1818 4364 ἀμνημόνευτότερι

1927 4301 2193 4361 perator:
2230 4291 2275 4348 0
2307 4290 2488 4348 mente
2521 4296 2794 4351 obeat-ate
2829 4305 2884 4350 et
2919 4297 3164 4352 nefandis
3197 4300 3368 4367 magis
3402 4314 3495 4352 ne-

249 4391 351 4454 τὰς
381 4387 595 4452 είκόνας
629 4388 991 4459 πατήσαντες,
1013 4385 1248 4456 Χριστὸν
1273 4385 1706 4455 πεπατὴκαμενς
1733 4387 1818 4456 Μὴ

1937 4380 2100 4438 fande
2120 4398 2136 4449 ;
2155 4397 2354 4452 ergone
2376 4381 2580 4439 Christi
2612 4385 2874 4456 imagines
2926 4388 3314 4453 conculcando,
3339 4390 3500 4446 Chri-

253 4484 499 4550 γένοιτοῐ
534 4482 593 4534 '0
621 4481 686 4554 6k
721 4477 1085 4550 σημειοφόρος
1133 4477 1405 4544 Στέφανος
1430 4476 1518 4528 ἀεὶ
1557 4477 1614 4528 ὲν
1643 4475 1822 4548 ἑαυτῷ

249 4575 346 4628 τὸν
379 4573 613 4644 Χριστὸν
637 4570 974 4643 περιφέρων,
1001 4571 1094 4624 καὶ
1121 4569 1238 4636 ὅλος
1265 4568 1358 4622 ὑπ’
1384 4567 1549 4621 αὐτοῦ
1575 4567 1822 4622 διδασκό-

255 4681 440 4736 μενος,
487 4664 590 4732 τὴν
637 4664 796 4733 χεῖρα
844 4660 924 4731 τῷ
979 4660 1194 4730 στέρνει
1237 4657 1681 4726 άντανακλάσας,
1729 4659 1825 4713 καὶ

253 4757 408 4808 ἔνδον
437 4764 462 4795 ι’
488 4753 694 4823 ταύτην
737 4752 989 4814 είσδύσας
1033 4750 1126 4804 τοῦ
1165 4748 1310 4820 ἱεροῦ
1355 4750 1728 4816 κουκουλλίου,
1766 4749 1828 4804 τδ

255 4847 505 4917 νόμισμα
536 4843 863 4913 ἐξενεγκὼν,
891 4844 1238 4896 ἐπεδείκνυεν
1257 4882 1273 4908 ,
1305 4840 1558 4913 καθάπερ
1591 4841 1827 4916 Χριστὸς

254 4943 322 5009 τῇ
358 4939 488 5010 πρὶν
514 4937 624 4990 τῶν
672 4935 944 4990 Ἰουδαίων
981 4935 1293 5003 συναγωγῇ,
1318 4934 1505 4987 εἰκόνα
1533 4933 1628 4986 καὶ
1658 4933 1826 5003 ὄνομα

255 5034 425 5101 φέρον
463 5029 555 5082 τοῦ
600 5029 934 5098 ἀλάστορος,
970 5026 1065 5078 καί
1103 5042 1268 5096 φησιν
1301 5041 1317 5056 ·
1367 5026 1536 5090 Τίνος
1571 5025 1611 5092 ἠ
1649 5023 1829 5078 εἰκὼν

255 5124 432 5190 αὕτη,
456 5118 742 5186 βασιλεῦ,
779 5119 877 5173 καὶ
911 5119 949 5187 ἡ
971 5117 1269 5187 ἐπιγραφή
1291 5124 1352 5184 ⁸;
1397 5117 1455 5170 Ὀ
1483 5117 1538 5169 δὲ
1568 5116 1828 5188 τύραννος

255 5213 560 5285 οαμσηθεὶς
610 5212 717 5284 ἔφη
743 5227 758 5244 ·
787 5211 908 5265 Τῶν
952 5209 1364 5281 βασιλευόντων.
1415 5207 1529 5261 Καὶ
1573 5209 1600 5261 6
1631 5207 1824 5276 ἄγων

328 5393 375 5424 ⁸⁸
405 5392 443 5445 ll
483 5392 610 5446 Cor.
652 5405 727 5456 τι,
761 5389 848 5444 M.

1930 4484 2074 4530 stum
2099 4475 2582 4532 conculcavimus?
2609 4478 2783 4533 Absit.
2819 4477 2957 4534 Tum
3013 4481 3238 4549 signifer
3269 4483 3489 4553 Stepha-

1930 4581 2054 4632 nus,
2084 4568 2176 4636 qui
2201 4566 2480 4624 Christum
2507 4570 2560 4624 in
2603 4573 2783 4640 seipse
2817 4587 3032 4641 semper
3057 4574 3300 4644 gerebat,
3337 4586 3392 4632 et
3419 4588 3500 4632 Io-

1934 4667 2022 4714 tus
2045 4661 2114 4714 ab
2141 4675 2206 4715 eo
2233 4661 2530 4718 docebatur
2553 4702 2570 4727 ,
2597 4680 2759 4719 manu
2791 4667 2856 4718 ad
2887 4677 3075 4732 pectus
3103 4679 3336 4722 retracta
3367 4679 3419 4725 et
3447 4671 3499 4727 it:

1933 4766 2148 4804 sacram
2198 4753 2462 4808 cucullam
2512 4737 2778 4819 immissa,
2827 4771 3100 4809 nummum
3147 4759 3358 4823 extulit,
3409 4762 3499 4830 qui

1937 4841 2166 4911 improbi
2223 4843 2577 4913 imperatoris
2632 4844 2856 4910 elligiem
2908 4855 2960 4898 ct
3015 4862 3208 4900 nomen
3263 4847 3502 4916 ferebat,

1933 4949 2168 5003 eumque
2193 4935 2292 4998 illi,
2321 4944 2380 4988 ut
2411 4937 2541 4990 olim
2568 4934 2818 4990 Christus
2845 4935 3146 4992 Iudaeorum
3179 4938 3500 5012 Synagogtr,

1937 5028 2174 5080 ostendit
2206 5029 2392 5082 dicens
2421 5046 2434 5082 :
2469 5027 2636 5096 Cujus
2663 5039 2759 5093 est,
2785 5043 2817 5084 0
2842 5030 3154 5100 imperator,
3190 5034 3362 5104 imago
3391 5037 3502 5088 hac

1931 5124 1979 5168 et
2007 5117 2381 5184 superscriplio
2409 5117 2434 5169 7
2455 5117 2876 5186 Obstupefactus
2905 5128 3168 5190 tyrannus
3189 5123 3500 5191 respottdit:

1934 5206 2350 5283 lmperatorum.
2384 5209 2450 5264 Et
2485 5220 2710 5266 sanctus
2739 5227 2754 5265 :
2787 5208 2924 5266 Num
2958 5215 3002 5268 si
3039 5213 3168 5268 illud
3198 5213 3341 5268 humi
3379 5227 3504 5284 pro-

1550 5515 1784 5574 \'AR|A§
1817 5516 2213 5574 LECTiONES.

331 5667 357 5692 ⁸
382 5657 744 5729 ὑπογυρίσας.
816 5667 844 5707 ρ
875 5658 946 5713 al.
976 5656 1324 5711 ἰννοσιεύειν.
1398 5663 1426 5704 τι
1449 5656 1519 5709 al.
1556 5655 1758 5708 πίστιν.

1907 5657 1976 5711 .l.
2014 5657 2140 5711 ἔσω.

2222 5668 2242 5694 ⁸
2278 5661 2344 5713 nl.
2383 5661 2408 5712 ύ
2422 5677 2521 5727 πογ
2532 5659 2700 5730 puer).
