3972 6220
356 278 487 347 1161

1399 287 1574 354 VITA
1619 291 1682 355 S.
1724 291 2101 354 STEPHANI
2167 291 2549 354 JUNIORIS.

3441 281 3580 348 1162

352 407 444 454 τες
471 391 522 444 οί
552 389 650 462 τὴν
691 389 786 444 τοῦ
829 393 976 448 ὁσίου
1013 393 1202 465 φήμην
1243 395 1474 450 ἔκπαλαι
1517 397 1905 466 ὲνοπιζόμενοι,

2020 414 2143 452 eum
2205 401 2467 468 integram
2518 399 2586 452 de
2643 396 2816 452 sacris
2871 393 3198 466 imaginibus
3239 393 3399 450 ﬁdem
3450 407 3579 448 vere

355 482 560 545 ίδόντες
595 483 786 537 τοῦτον
815 484 892 548 ὡς
920 483 1135 556 ἀληθῶς
1165 486 1228 539 τὸ
1269 487 1392 542 κατ’
1425 488 1610 541 εἰκόνα
1641 484 1916 558 αλὼϐητον

348 571 722 639 διασώζοντα,
775 577 867 628 τὸν
915 575 1054 629 κατὰ
1101 576 1359 647 ἀλήθειαν
1403 579 1644 646 ἐπίγειον
1687 577 1918 646 ἄγγελον

349 661 833 732 ιξεθαμϐήθησαν,
881 664 957 727 ὡς
1000 667 1175 719 εἰπεῖν
1219 683 1340 719 τινα
1385 667 1745 736 καπικλάριον
1803 667 1916 736 (25)

351 754 491 824 πρὸς
535 757 633 824 τὴν
667 753 804 807 ίδίαν
847 757 1080 823 γυναῖκα
1109 757 1184 818 ὼς
1216 759 1275 808 ὲν
1313 759 1630 828 μυστηρίῳ,
1667 759 1918 828 καθάπερ

350 847 559 908 ἐκεῖνος
585 849 614 898 ό
639 847 860 900 Μανωὲ·
904 846 1290 918 Ἀπολώλαμεν
1309 889 1324 913 ,
1355 843 1401 902 ὦ
1449 849 1643 916 γύναι,
1673 851 1737 902 ὲκ
1781 833 1914 902 ταύ-

346 952 449 1006 της
467 937 562 1005 τῆς
585 937 678 989 τοῦ
703 937 969 1006 τυράννου
989 937 1206 1005 μανίας.
1239 939 1384 991 Ὠσεὶ
1405 939 1539 992 Θεὸν
1565 938 1672 1008 γὰρ
1695 939 1916 1010 ἑώρακα

345 1026 440 1080 τὸν
469 1027 586 1079 νυνὶ
628 1026 1022 1096 καθειρχθέντα
1059 1030 1116 1081 ὲν
1158 1031 1224 1100 τῇ
1267 1029 1480 1100 φυλακῇ
1519 1030 1792 1096 Στέφανον
1825 1029 1916 1083 τὸν

348 1117 443 1170 τοῦ
504 1117 818 1180 Αὐξεντίου.
887 1118 952 1170 'ﬂ
989 1118 1044 1170 δὲ
1085 1119 1242 1188 τιμία
1291 1105 1474 1188 ἐκείνη
1519 1119 1692 1188 γυνὴ,
1731 1121 1764 1189 ἠ
1821 1119 1918 1172 νέα

347 1207 656 1278 Σαραφθία,
697 1208 792 1260 καὶ
815 1209 1160 1277 Σουμανῖτις,
1215 1209 1410 1280 ἠκατὰ
1442 1210 1698 1282 ἀλήθειαν
1727 1209 1912 1280 Φοίϐη,

349 1301 418 1352 ἵν’
448 1301 611 1364 εἴπω,
640 1298 737 1352 καὶ
762 1297 1048 1368 Τρύφαινα
1076 1301 1340 1370 ἐρωτήσει
1370 1301 1467 1370 τὴν
1493 1300 1759 1371 ἐρώτησιν
1780 1301 1915 1370 πρὸς

345 1391 439 1444 τὸν
471 1389 642 1459 ἄνδρα
674 1389 1061 1457 προστιθεῖσα,
1093 1390 1423 1462 κλοποφορεῖ
1449 1390 1579 1461 παρ’
1623 1390 1788 1444 αὑτοῦ
1827 1392 1916 1446 διὰ

345 1481 448 1552 τῆς
480 1479 670 1548 ἀκοῆς,
707 1480 888 1532 πᾶσαν
915 1479 1012 1550 τὴν
1045 1480 1323 1552 πολιτείαν
1349 1479 1444 1533 τοῦ
1479 1482 1752 1550 μακαρίου
1779 1520 1793 1543 ,
1819 1482 1916 1534 καὶ

287 1587 305 1604 ο
346 1561 774 1645 κρυφιοπνευσὲὶ
794 1570 930 1624 ιιτοῦ
955 1551 1188 1639 συζύγου
1209 1574 1277 1642 τῇ
1299 1573 1490 1642 είρκτῇ
1514 1573 1910 1644 εἰσπηδήσασα,

343 1663 455 1724 τοῖς
490 1661 619 1714 ποσὶ
651 1659 748 1712 τοῦ
779 1659 930 1712 ὁσίου
965 1660 1354 1730 κυλινδουμένη
1375 1701 1390 1724 ,
1433 1661 1598 1732 εὐχὴν
1631 1663 1910 1731 ἐπεζήτει,

2018 503 2345 543 conservare
2386 498 2708 555 cernerem,
2758 499 3040 542 terrenum
3093 499 3283 540 revera
3331 485 3582 552 angelum

2019 577 2369 632 vehementer
2398 577 2652 632 admirati
2683 584 2835 639 sunt,
2869 583 2928 630 ut
2951 577 3115 629 etiam
3143 575 3364 630 onidam
3394 585 3582 628 custos

2017 681 2128 720 sua:
2160 667 2320 722 uxori
2361 680 2613 736 tanquam
2646 681 2907 722 arcanum
2949 665 3226 732 privatim;
3256 665 3497 730 diceret,
3531 673 3586 718 ut

2017 759 2144 811 olim
2189 757 2383 813 Manue
2413 759 2460 792 ⁸⁸
2496 777 2509 813 :
2560 759 2752 814 Actum
2807 767 2890 812 est
2959 758 3027 812 de
3069 756 3244 821 nobis,
3289 770 3322 809 ο
3370 756 3582 810 mulier.

2015 848 2086 900 ob
2122 849 2279 901 istum
2311 850 2524 919 tyranni
2559 848 2816 900 furorem.
2852 845 2971 900 Vidi
3013 847 3157 900 enim
3191 844 3346 915 quasi
3393 846 3583 900 Deum.
3655 836 3662 849 ’

2019 935 2351 1005 Stephanum
2399 939 2674 1002 Auxentii,
2721 939 2814 1008 qni
2869 937 3034 992 modo
3085 939 3138 991 in
3179 951 3402 990 carcere
3437 945 3588 990 tene-
3635 995 3641 1001 _

2018 1035 2124 1080 tur.
2183 1027 2288 1080 Sed
2330 1027 2594 1082 honorata
2627 1027 2712 1082 illa
2747 1027 2959 1094 mulier,
2988 1043 3124 1081 nava
3191 1025 3518 1094 Sarephthia
3541 1026 3587 1056 ⁸⁸

2015 1127 2069 1171 et
2098 1119 2398 1174 Somanitis
2425 1119 2491 1182 ⁸⁷,
2515 1135 2642 1174 vera
2673 1120 2896 1182 Phoebe,
2929 1130 2985 1173 ttt
3013 1120 3084 1172 ita
3113 1119 3314 1183 dicam,
3339 1127 3392 1171 et
3417 1115 3588 1185 Thryo

2015 1203 2204 1269 phaena
2230 1203 2308 1270 ⁸⁸,
2345 1205 2557 1260 iteratis
2601 1207 3100 1275 percontationibus
3141 1207 3456 1260 universum
3503 1208 3586 1256 vi—

2016 1293 2174 1346 vendi
2229 1309 2434 1348 morem
2483 1297 2626 1350 beati
2663 1297 2926 1366 Stephani
2977 1313 3006 1350 a
3053 1298 3172 1352 viro
3205 1297 3364 1365 quasi
3395 1295 3583 1350 furtim

2016 1385 2238 1438 auribus
2284 1389 2514 1453 accepit,
2564 1387 2814 1458 clamque
2861 1387 3146 1460 coniugem
3193 1390 3247 1444 in
3299 1405 3580 1444 carcerem

2016 1473 2280 1542 ingressa,
2323 1491 2445 1532 sese
2485 1479 2551 1532 ad
2592 1479 2766 1534 sancti
2792 1479 2894 1533 viri
2935 1481 3099 1550 pedes
3133 1480 3422 1549 provolvit,
3467 1479 3585 1546 ejus

2014 1575 2112 1628 pro
2151 1576 2212 1616 se
2245 1578 2434 1632 preces
2481 1568 2794 1636 postulans,
2825 1568 3112 1638 ipsumque
3143 1585 3362 1639 rogans,
3410 1582 3466 1622 nt
3515 1577 3585 1622 at.

2015 1651 2117 1707 hoc
2146 1661 2396 1724 tempore
2411 1669 2499 1716 ea.
2538 1658 2736 1724 quibus
2763 1659 3062 1730 indigebat.
3101 1673 3160 1714 se
3187 1661 3236 1714 ei
3271 1661 3584 1714 ministrare

346 1755 444 1808 καὶ
469 1750 776 1816 ἀντιϐολεῖ,
811 1752 998 1805 ἔκτοτε
1028 1751 1110 1822 τῷ
1158 1753 1297 1824 ἁγίῳ
1329 1753 1498 1824 αὐτὴν
1541 1754 1807 1808 διακονεῖν
1842 1755 1905 1810 τὰ

2011 1747 2364 1800 concederet.
2433 1746 2751 1818 Huiusmodi
2802 1765 2964 1819 porro
3027 1751 3208 1806 verbis
3266 1753 3579 1807 utebatur:

345 1845 483 1912 πρὸς
530 1844 630 1912 τὴν
666 1844 890 1912 χρείαν,
945 1843 1172 1896 τοιῶσδε
1221 1843 1490 1910 λέγουσαο
1534 1845 1626 1914 Μὴ
1674 1845 1906 1916 ὑπέρθῃ,

343 1934 548 2003 Πάτερ,
582 1933 680 2001 ἐμὲ
705 1935 804 2001 τὴν
832 1932 1221 1996 παντάλαιναν,
1254 1933 1515 1988 θέλουσάν
1543 1951 1626 1988 σοι
1659 1949 1909 2004 παρηγο-

347 2024 517 2096 ρικῶς
542 2023 876 2092 εἰσκομίζειν
915 2024 984 2076 τὰ
1027 2025 1162 2094 πρὸς
1208 2024 1307 2095 τὴν
1345 2025 1572 2095 χρείαν,
1613 2025 1746 2095 μηδὲ
1791 2025 1910 2094 βδε-

340 2116 479 2190 λύξῃ
507 2133 574 2185 με
603 2116 702 2186 τὴν
734 2117 1075 2186 ἁμαρτωλὸν.
1117 2117 1213 2170 Ἐκ
1248 2117 1358 2186 γὰρ
1383 2115 1478 2170 τοῦ
1507 2116 1748 2170 τοιούτου
1783 2119 1910 2186 τρό-

339 2225 448 2264 που
490 2207 694 2273 ἐλπίζω
731 2206 888 2275 κάγὼ
923 2208 1115 2277 μισθὸν
1161 2210 1225 2262 ἐκ
1254 2209 1349 2260 τοῦ
1382 2205 1518 2262 Θεοῦ
1550 2208 1907 2279 κομίσασθαι.

340 2300 436 2354 Διδ
496 2299 570 2371 μὴ
609 2298 808 2370 ἀπώσῃ
842 2315 908 2368 με
952 2299 1050 2366 τὴν
1113 2297 1362 2364 ἀναξίαν.
1411 2298 1500 2360 Ὧς
1549 2298 1605 2351 δὲ
1657 2300 1686 2352 ὁ
1729 2299 1908 2368 τίμιος

339 2391 533 2460 Πατὴρ
557 2390 724 2459 εὐχὴν
755 2389 854 2458 μὲν
880 2390 968 2441 ἐπ’
996 2389 1166 2458 αὐτὴν
1204 2389 1463 2458 ποιήσας,
1493 2389 1595 2441 οὐκ
1619 2389 1910 2443 ἐπένευσεν

337 2482 402 2534 τὸ
450 2479 629 2535 ὁτιοῦν
653 2489 682 2530 1
719 2478 926 2542 λαϐεῖν,
964 2479 1112 2547 λέγει
1159 2479 1296 2552 πρὸς
1334 2479 1498 2532 αὐτὸν
1534 2480 1569 2550 ἡ
1610 2482 1779 2550 γυνή’
1808 2480 1906 2532 Σε-

336 2574 542 2645 ϐἀσμιε
559 2573 763 2644 Πάτερ,
781 2572 834 2624 τί
857 2573 1131 2642 ἀπαναίνῃ
1151 2571 1250 2640 τῆς
1271 2571 1405 2640 πρὸς
1429 2570 1490 2624 σε
1520 2589 1621 2642 μου
1648 2572 1904 2640 πίστεως;

338 2667 402 2720 Ei
427 2665 536 2736 γὰρ
569 2665 662 2718 καὶ
690 2649 1001 2728 τδλάνάξιόν
1035 2681 1134 2734 μου
1163 2663 1374 2717 ἀπωθεῖ
1399 2663 1617 2733 με,ἀλλ⁹
1646 2661 1738 2717 οὖν
1764 2661 1904 2718 οἶδέν

337 2775 438 2812 σου
459 2759 493 2827 ἠ
518 2755 771 2810 εὐλάϐεια
811 2757 1130 2826 οίκτιρμοὺς
1161 2754 1588 2809 ἐπιδείκνυσθαι.
1618 2755 1706 2820 Ὣς
1737 2755 1899 2828 γὰρὴ

336 2847 624 2916 Σαραφθία
660 2847 790 2900 ποτε
838 2847 983 2916 χιιρα
1009 2845 1090 2915 τῷ
1135 2843 1293 2916 Ἠλίᾳ
1325 2845 1387 2898 τὸ
1429 2844 1694 2915 ἄλευρον,
1734 2847 1828 2898 καὶ⁹
1868 2845 1903 2916 ἡ

338 2940 658 3009 Σουμανίτις
689 2937 766 3007 τῷ
809 2937 1096 3007 Ἐλισσαίῳ
1134 2936 1235 3007 τῆς
1265 2935 1572 3006 φιλοξενίας
1624 2937 1686 2990 τὺ
1721 2937 1904 3008 δωμά-

335 3045 474 3092 τιον,
506 3028 598 3080 καὶ
623 3027 659 3096 ἡ
694 3025 1109 3096 μακαριζομένη
1132 3027 1276 3095 χήρα
1308 3025 1368 3076 ὲν
1398 3026 1512 3086 τοῖς
1551 3025 1902 3094 Εὐαγγελίοις

333 3121 464 3181 τοὺς
487 3118 584 3186 τῆς
605 3117 948 3186 ὑστερήσεως
968 3113 1061 3168 δύο
1079 3113 1300 3178 ὀϐολοὺς
1317 3115 1374 3166 ὲν
1397 3111 1474 3184 τῷ
1495 3115 1898 3185 γαζοφυλακίῳ,

335 3208 431 3262 καὶ
459 3209 490 3278 ἡ
526 3207 854 3276 Σαμαρεῖτις
883 3203 1054 3273 αὐτῷ,
1096 3203 1242 3273 φημὶ
1263 3202 1343 3272 τῷ
1373 3203 1594 3274 Χριστῷ
1619 3203 1714 3256 τοῦ
1740 3203 1903 3274 βαθυ-

333 3300 501 3354 τάτου
543 3299 778 3370 φρέατος
805 3297 867 3351 τδ
915 3295 1286 3368 παρηγορικὸν
1318 3292 1488 3368 ύδωρ,
1538 3293 1709 3356 οὕτως
1745 3292 1903 3362 κάγὼ

334 3393 511 3446 ἑλπίδι
540 3392 638 3463 τῆς
668 3391 905 3451 πίστεως
932 3390 1116 3461 ὅμοιόν
1136 3405 1190 3442 τι
1209 3385 1549 3453 διατελοῦσα,
1577 3386 1712 3458 πρὸς
1736 3388 1796 3440 σὲ
1827 3387 1903 3457 μὴ

333 3481 745 3552 ἀποστραφείην
805 3479 1289 3548 τεταπεινωμένη,
1336 3477 1790 3549 κατῃσχυμμέντι.
1837 3477 1902 3530 '0

331 3571 391 3626 δὲ
429 3571 584 3640 ἅγιός
624 3587 790 3641 φησιν
829 3569 970 3642 πρὸς
1001 3569 1172 3638 αὐτήν
1194 3585 1210 3599 ο
1238 3568 1460 3632 Ἄπιθι,
1494 3569 1686 3636 γύναι,
1722 3567 1898 3630 ἄπιθι,

331 3663 528 3731 ὅτιπερ
553 3661 616 3716 οὐ
655 3660 890 3732 δύναμαι
933 3657 1189 3724 δέξασθαί
1223 3675 1278 3711 τι
1323 3658 1475 3730 παρὰ
1519 3658 1633 3712 σιῦ.
1683 3658 1759 3712 Οὐ
1793 3657 1900 3730 γὰρ

333 3753 433 3822 τὴν
462 3749 626 3820 φύσιν
651 3749 686 3822 ἢ
713 3750 775 3804 τδ
801 3748 1023 3816 ἀνάξιον
1060 3749 1268 3818 φεύγω.
1306 3748 1400 3818 Μὴ
1441 3749 1670 3816 γένοιτο.
1714 3747 1895 3818 Πάντη

332 3843 444 3911 γὰρ
470 3839 581 3908 ἐγὼ
613 3839 842 3900 ἐλεεινὸς
871 3839 968 3892 καὶ
992 3839 1232 3906 ἀνάξιος.
1275 3838 1416 3892 Ἀλλ’
1453 3840 1536 3891 ὅτι
1573 3837 1854 3908 κωλύομαι
1873 3846 1896 3874 ι

333 3931 488 4003 παρά
517 3930 612 3984 τοῦ
638 3928 1020 3998 ἐντελλομένου
1055 3929 1355 3998 αίρετικοῖς
1387 3930 1462 3998 μὴ
1489 3929 1894 3994 συγκοινωνετν.

328 4023 408 4078 οὐ
433 4023 544 4093 γὰρ
563 4018 684 4075 οίδά
706 4036 838 4074 ποτε
865 4019 1100 4092 ἐμαυτὸν
1129 4024 1265 4090 μετὰ
1284 4017 1897 4089 Χριστιανοκατηγόρων

330 4113 630 4186 σίρετικῶν
682 4114 776 4168 καὶ
800 4111 1250 4167 Είκονοκαυστῶν
1289 4111 1794 4182 συγκοινωνήσαντα
1814 4149 1828 4174 ,
1861 4108 1894 4179 ἢ

329 4209 484 4278 παρὰ
505 4207 614 4261 τῶν
641 4205 824 4260 αὐτῶν
876 4205 1076 4276 χειρῶν
1099 4205 1358 4276 είληφότα
1382 4221 1454 4257 τι.
1493 4201 1637 4256 Ἦρδὲ
1663 4201 1897 4272 Χριστοε-

328 4298 492 4369 φιλὴς
536 4297 718 4366 εκείνη
756 4295 895 4365 γυνὴ
934 4295 1026 4348 καῖ¹
1059 4294 1330 4364 φιλάγιος,
1377 4295 1412 4364 ὴ
1451 4292 1592 4346 κατὰ
1636 4291 1896 4362 ἀλήθειαν

2013 1832 2094 1888 Ne
2154 1849 2242 1889 me
2309 1837 2671 1893 miserrimam
2696 1881 2712 1904 ,
2755 1839 3037 1906 Pater,'ea
3067 1841 3268 1911 quibus
3299 1857 3434 1911 opus
3469 1843 3581 1896 ba-

2013 1926 2128 1989 bes,
2171 1926 2265 1980 tibi
2325 1926 2498 1982 instar
2551 1931 2734 1984 solatii
2788 1930 2984 1987 aﬂ'erre
3031 1935 3336 2000 cupientem
3391 1935 3556 2004 rejici-

2009 2012 2091 2068 Ne
2130 2030 2218 2070 me
2259 2018 2616 2086 peccatricem
2668 2035 2942 2076 aversare.
2977 2022 3148 2091 Spero
3195 2027 3340 2079 enim
3387 2041 3472 2080 me
3511 2045 3576 2078 t'x

2013 2104 2380 2174 hujuscemodi
2416 2109 2716 2164 ministerio
2751 2113 3058 2166 mercedem
3095 2129 3122 2166 a
3174 2114 3284 2168 Deo
3325 2128 3578 2186 receptu-

2009 2211 2146 2250 ram.
2190 2195 2550 2264 Quamobrem
2595 2215 2663 2254 ne
2737 2215 2824 2254 me
2866 2203 3140 2272 indignam
3203 2207 3419 2277 repelle.
3474 2207 3577 2262 Ve-

2010 2301 2150 2352 rum,
2183 2301 2306 2341 cum
2353 2290 2695 2344 venerandus
2733 2289 2917 2358 Pater,
2970 2292 3108 2348 fusis
3155 2310 3257 2364 pro
3288 2295 3449 2370 502
3485 2300 3572 2352 illa

2008 2378 2279 2444 precibus,
2315 2377 2448 2432 nihil
2478 2381 2702 2436 omnino
2727 2382 2892 2438 vellet
2919 2387 3188 2456 accipere,
3215 2403 3340 2444 eum
3376 2392 3570 2446 iterum

2009 2467 2208 2522 mulier
2262 2467 2339 2522 ita
2402 2471 2750 2539 compellavit
2785 2491 2800 2530 :
2839 2475 3151 2534 Roverende
3197 2478 3396 2550 Pater,
3443 2489 3572 2552 qud

2010 2569 2184 2611 meam
2217 2573 2346 2629 erga
2380 2569 2430 2615 te
2463 2560 2711 2619 ﬁduciam
2749 2567 2998 2635 respuis?
3023 2567 3230 2640 Quippe
3261 2573 3306 2626 si
3335 2589 3451 2628 mea
3490 2595 3572 2629 n-e

2009 2647 2303 2719 indignitas
2341 2653 2530 2723 abigit,
2587 2657 2738 2710 novit
2778 2665 2868 2712 tua
2919 2659 3090 2728 pietas
3137 2662 3569 2722 misericordiam

2007 2738 2291 2796 adhibere.
2321 2742 2456 2798 Nam
2501 2754 2561 2799 ut
2596 2747 2728 2801 olim
2773 2746 3060 2820 Sarepthia
3087 2753 3248 2806 vidua
3281 2753 3411 2811 Elite
3442 2758 3574 2812 lari-

2007 2845 2134 2890 οδω
2164 2831 2240 2899 ⁸⁸,
2282 2845 2336 2889 et
2383 2832 2683 2906 Somanitis
2725 2838 2980 2906 domum,
3037 2842 3332 2914 hospitium
3373 2845 3569 2904 Elistco

2003 2923 2199 2980 obtulit
2221 2924 2270 2958 ⁹⁰
2316 2941 2333 2982 :
2388 2936 2448 2981 ut
2498 2926 2589 2981 illa
2641 2929 2798 2984 vidua
2853 2931 2909 2985 in
2965 2931 3257 3004 Evangelia
3293 2938 3568 2997 celebrata

2005 3016 2140 3072 duos
2161 3017 2348 3074 obolos
2369 3033 2436 3073 ex
2464 3033 2530 3076 eo
2553 3020 2624 3084 ἰ,
2648 3023 2792 3090 quod
2820 3023 2924 3078 sibi
2954 3024 3165 3093 deerat,
3201 3029 3256 3084 in
3291 3035 3567 3104 gazophy-

2005 3105 2202 3162 lacium
2243 3109 2392 3166 misit
2479 3121 2588 3166 tut
2638 3111 3328 3183 Satttaritis“ip8iChristo
3371 3139 3566 3196 aquam

2003 3199 2070 3253 ad
2097 3197 2217 3266 ejus
2243 3200 2391 3254 sitim
2409 3202 2858 3274 exstinguendam
2888 3219 2920 3262 ο
2948 3207 3376 3276 profundissimo
3405 3229 3570 3286 puteo

2005 3288 2227 3342 hausit:
2272 3291 2354 3344 sic
2405 3304 2508 3361 ego
2549 3306 2648 3364 spe
2700 3294 2822 3349 lldei
2859 3297 3051 3370 simile
3090 3301 3297 3372 aliquid
3342 3321 3469 3378 erga
3517 3323 3570 3364 te

2002 3392 2189 3448 agens,
2209 3383 2299 3446 ne,
2320 3397 2524 3454 quaeso,
2551 3396 2730 3454 spreta
2755 3396 2810 3442 et
2832 3389 3038 3456 pudore
3059 3391 3264 3449 suifusa
3289 3401 3565 3454 recedam.

1999 3473 2098 3528 Cui
2127 3482 2386 3530 sanctus:
2414 3475 2644 3541 Recede,
2677 3478 2873 3549 inquit,
2905 3482 3120 3548 mulier,
3146 3489 3359 3556 recede,
3396 3505 3570 3561 quan-

2001 3566 2289 3634 doquidem
2339 3568 2474 3623 nihil
2523 3583 2560 3623 α
2605 3576 2660 3624 ιο
2715 3585 2936 3639 possum
2975 3575 3248 3646 accipere.
3288 3577 3400 3636 Nec
3440 3597 3568 3638 veto

2001 3668 2250 3712 naturam
2289 3661 2372 3715 vel
2407 3660 2782 3730 indignitatem
2819 3663 2986 3736 fugio.
3041 3667 3236 3726 Absit!
3283 3671 3562 3743 Siquidem

1999 3764 2099 3819 ego
2139 3747 2252 3818 ipse
2288 3753 2509 3806 omnino
2543 3753 2872 3810 miserabilis
2903 3769 2958 3812 et
2990 3756 3242 3830 indignus
3271 3779 3410 3819 sum.
3459 3768 3565 3822 Sed

2000 3840 2288 3906 quomintts
2309 3840 2361 3894 id
2402 3855 2580 3908 agam,
2611 3844 2657 3896 is
2685 3858 2770 3900 me
2801 3845 3050 3916 impedit,
3083 3849 3174 3918 qui
3211 3852 3408 3908 nullam
3439 3870 3560 3910 cum

1999 3930 2268 3986 haereticis
2301 3935 2732 3991 communionem
2760 3937 2961 3995 habere
2987 3941 3239 4012 praecipit
3273 3944 3344 4000 “.
3381 3946 3563 4014 Neque

1999 4023 2142 4077 enim
2171 4026 2302 4080 mihi
2323 4028 2576 4084 conscius
2599 4045 2717 4084 sum
2745 4045 2866 4085 cum
2893 4030 3330 4089 Christianorum
3355 4039 3564 4092 calamo

2000 4114 2300 4170 uiatoribus
2329 4115 2600 4174 haereticis
2639 4129 2695 4174 et
2725 4120 3100 4177 lconocanstis
3139 4139 3374 4192 unquam
3409 4143 3561 4182 com-

2000 4207 2340 4275 municasse,
2389 4219 2486 4262 aut
2519 4223 2589 4264 ex
2623 4224 2811 4265 eorum
2864 4213 3114 4267 manibus
3151 4213 3355 4284 aliquid
3409 4233 3566 4274 acce-

2003 4296 2168 4364 pisse.
2208 4295 2302 4353 llis
2369 4299 2590 4362 auditis,
2635 4301 2840 4356 Christi
2885 4311 2941 4356 et
2988 4304 3160 4360 sancti
3202 4306 3301 4360 viri
3369 4323 3563 4364 amans

325 4389 503 4457 φύλαξ
559 4389 1097 4457 καταπονουμένων,
1156 4385 1328 4440 ταῦτα
1385 4383 1534 4456 παρὰ
1583 4381 1679 4436 τοῦ
1737 4381 1898 4450 ἁγίου

2007 4384 2222 4454 mulier,
2253 4385 2573 4442 al'ﬂictorum
2619 4403 2806 4444 revera
2836 4400 3056 4454 custos,
3099 4406 3222 4448 sese
3254 4397 3400 4449 humi
3433 4413 3558 4466 pro.

321 4481 607 4535 ἀκούσασα
629 4519 644 4540 .
689 4479 894 4552 ῥίψασα
923 4479 1124 4550 ἑαυτὴν
1155 4480 1240 4542 είς
1269 4477 1330 4532 τὸ
1377 4475 1590 4546 ἔδαφος,
1634 4474 1764 4528 ἐϐόα
1811 4475 1898 4528 λέ-

2007 4472 2126 4533 iecit
2187 4473 2473 4530 clamando
2512 4493 2526 4528 :
2561 4478 2714 4532 Absit
2755 4477 2915 4549 503
2951 4481 3082 4535 mihi
3107 4521 3122 4544 ,
3157 4495 3344 4540 sancte
3397 4485 3561 4542 Pater

321 4587 500 4639 γουσα
533 4585 548 4603 ⁸
582 4569 676 4640 Μὴ
707 4571 917 4638 γένοιτό
977 4587 1068 4640 μοι
1089 4609 1105 4634 ,
1158 4571 1272 4622 am
1301 4568 1484 4638 Πάτερ
1525 4566 1780 4634 Στέφανε,
1813 4568 1897 4620 ὲν-

323 4663 551 4734 υϐρίσαι
571 4665 701 4716 ποτε
729 4663 913 4717 εἰκόνα
933 4661 1194 4730 Χριστοῦ,
1215 4661 1249 4728 ἢ
1273 4661 1372 4729 τῆς
1402 4657 1622 4729 Μητρὸς
1643 4657 1830 4722 αὐτοῦ.
1855 4657 1888 4728 ἦ

318 4753 431 4808 τῶν
481 4752 677 4819 ἁγίων.
725 4747 857 4806 οἴδα
905 4753 1015 4822 γὰρ
1060 4751 1253 4805 ὁποίαν
1307 4749 1588 4804 δὼσουσιι
1639 4748 1796 4818 δίκην
1841 4749 1893 4802 οί

315 4844 492 4898 ταῦτα
515 4843 883 4914 τολμήσαντες
915 4837 1146 4914 πρᾶξαι.
1181 4841 1240 4894 '0
1263 4841 1372 4911 γὰρ
1399 4842 1456 4892 ὲν
1492 4839 1668 4906 ἁγίοις
1700 4839 1899 4917 Πατὴρ,

305 4935 478 5007 ,ἡμῶν
506 4933 789 5006 Γερμανὸς
814 4935 942 4997 τοὺς
972 4934 1305 5003 καθαιρέτας
1337 4931 1445 4984 τῶν
1469 4931 1642 4997 ἁγίων
1663 4929 1888 4983 εἰκόνων

389 5089 437 5121 ⁸⁸
476 5087 649 5144 Jndic.
677 5105 798 5154 xttt,
828 5091 919 5145 22.
997 5089 1042 5121 "
1083 5087 1148 5143 ill
1187 5087 1319 5146 Reg.
1346 5101 1474 5147 xt'tt,
1503 5085 1594 5139 22.

1693 5085 1737 5117 ⁸⁷
1767 5081 1834 5138 ιν
1864 5082 1996 5150 Reg.
2043 5098 2113 5147 tv,
2142 5089 2233 5143 5|.
2317 5081 2364 5115 ⁸⁸
2395 5083 2545 5136 nom.
2579 5101 2688 5148 xvt,
2731 5103 2768 5152 t,
2806 5088 2890 5143 12.

316 5159 450 5214 ’διν
486 5162 614 5229 lieg.
647 5176 721 5226 tv,
755 5152 840 5213 i0.
917 5161 958 5192 ⁹¹
987 5158 1114 5212 Luc.
1153 5156 1382 5219 sing-4.
1421 5156 1466 5186 "
1493 5155 1644 5210 Joan.
1689 5170 1762 5218 tv,
1801 5155 1852 5208 Ξ).

2007 5152 2110 5206 Tit.
2141 5167 2219 5216 ttt,
2265 5153 2347 5205 lO.

1997 4564 2292 4636 Stephane,
2339 4566 2538 4624 Christi
2588 4571 2813 4640 ejusque
2872 4571 3064 4629 Matris
3112 4576 3194 4629 vel
3241 4588 3550 4633 sanctorum

1997 4655 2263 4725 imagines
2300 4658 2623 4714 contumelia
2655 4659 2888 4718 allicere.
2927 4663 3061 4719 Novi
3099 4667 3246 4721 enim
3279 4680 3413 4737 quas
3440 4683 3557 4740 po:-

2000 4760 2099 4800 nas
2119 4745 2294 4802 daturi
2321 4759 2471 4813 sunt,
2500 4751 2591 4820 qui
2617 4751 2668 4806 id
2693 4768 2854 4822 agere
2881 4755 2998 4810 ausi
3023 4755 3246 4822 fuerint,
3272 4755 3551 4828 Siquidm.

1995 4845 2220 4892 sanctus
2264 4835 2426 4894 Pater
2461 4850 2646 4896 noster
2687 4840 2991 4898 Germanus
3023 4855 3337 4902 sanctarum
3373 4847 3558 4916 imagi-

1994 4943 2120 4982 nunt
2154 4942 2433 4986 eversores
2459 4945 2581 4984 cum
2611 4933 2718 4988 illis
2747 4933 3054 4999 collocavit,
3083 4937 3174 5006 qui
3207 4938 3510 5002 clamaverit
3537 4964 3551 4996 :

2994 5092 3038 5124 ⁸⁹
3070 5091 3133 5147 111
3166 5091 3300 5164 Reg.
3331 5077 3544 5160 {sunt}.

2803 5229 2870 5265 περ.

1487 5319 1501 5324 -
1595 5293 1826 5350 .VARLE
1869 5292 2267 5348 LECTIONES.

390 5423 418 5454 ι
441 5415 512 5468 al.
539 5412 1042 5484 κρυφιοπνεύστως.
1089 5407 1147 5462 ’1
1184 5412 1252 5465 al.
1278 5409 1508 5465 οἰονοῦν.

1589 5419 1610 5445 ι
1640 5411 1710 5464 al.
1735 5410 2046 5480 κελεύομαι.

2122 5425 2148 5451 ιι
2191 5411 2260 5464 al.
2288 5411 2550 5470 τίσουσιν.

1819 5549 2050 5607 NOTAE.

383 5665 500 5736 (25)
530 5665 949 5736 Καπικλιίριος,
981 5670 1122 5738 apud
1170 5665 1387 5722 Graecos
1419 5663 1580 5722 medii
1612 5672 1668 5720 et
1713 5661 1880 5719 inﬁmi
1917 5663 2039 5731 aevi,
2079 5663 2316 5720 carceris
2346 5665 2624 5724 custodem
2660 5669 2942 5740 signiﬁcat.

395 5761 668 5825 Pri-ttat.
703 5751 818 5825 Gtt.
855 5763 919 5826 C.
