3932 6214
368 275 504 344 1165

1424 281 1595 342 VITA
1639 282 1701 342 S.
1743 279 2114 345 STEPHANI
2153 282 2534 345 JUNlORIS.

3460 286 3597 352 1165

369 407 465 464 σης
497 387 593 442 καὶ
628 387 838 458 νάφθης
889 389 1258 460 κεχρισμένην
1301 391 1396 442 καὶ
1442 392 1932 464 κατακεκαυμένην

2040 394 2127 448 tba
2183 403 2454 448 unxerant
2504 401 2560 448 et
2638 391 2985 455 adusserant,
3055 391 3107 446 in
3160 393 3391 448 medium
3467 412 3599 468 pm-

363 477 517 547 παρά
553 477 665 530 τῶν
686 477 856 531 ἀθέων
905 478 1368 542 Είκονοκαυστῶν,
1398 480 1478 543 είς
1525 481 1689 550 μέσον
1734 499 1935 554 προαχ-

362 570 481 633 θεὶς
533 567 690 622 εἶπεν
725 586 741 602 ο
783 569 899 623 Οὐκ
937 569 1086 622 εστιν
1117 566 1228 642 ἆρα
1257 610 1272 635 ,
1307 570 1455 640 τίμιε
1496 572 1735 640 Στέφανε
1765 613 1781 638 ,
1834 575 1936 627 ὐπ-

363 663 613 730 ενεγκετν
645 663 774 716 ἄνευ
799 659 1100 732 κλαυθμοῦ,
1131 661 1166 732 ἢ
1193 661 1288 715 ὑπ’
1333 661 1524 732 ὕψεσιν
1563 665 1790 734 ἀγαγεῖν
1836 664 1935 734 τὴν

363 753 484 808 τότε
511 751 876 823 σκοτόμαιναν
910 751 1005 805 καὶ
1036 751 1336 824 ἀγριότητα
1377 751 1474 806 τοῦ
1531 751 1790 824 ἄρχοντος
1835 753 1935 822 τῆς

376 845 677 908 Ἀσιάτιδος
713 843 880 914 γαίης
907 881 926 908 .
968 843 1140 915 ὅνπερ
1190 845 1676 916 Λαχανοδράκοντα
1733 843 1934 899 καλοῦ-

367 951 488 1003 σιν;
529 936 589 990 ’0
619 935 678 989 δὲ
702 935 886 1006 τίμιος
910 936 1185 1004 Στέφανος
1225 935 1374 1005 λέγει
1406 935 1557 1007 αὐτῷ
1582 951 1596 965 ⁸
1622 936 1785 1005 Λέγε,
1826 935 1937 990 Πά-

365 1044 464 1098 τερ
485 1069 502 1090 ,
544 1026 634 1081 διά
687 1024 780 1081 τὸν
827 1023 1033 1096 Κύριον
1096 1024 1222 1094 λέγε
1260 1065 1277 1093 ,
1328 1027 1424 1080 καὶ
1467 1027 1544 1098 μὴ
1581 1026 1931 1098 ἀποκρύψεις.

371 1117 822 1191 Προθυμοτέρους
881 1119 992 1187 γάρ
1041 1119 1214 1180 ποιεῖς
1269 1118 1439 1188 ἡμᾶς,
1494 1119 1656 1189 εἰπερ
1707 1117 1856 1171 θέλοι
1905 1120 1934 1172 ὁ

366 1210 498 1274 Θεὸς
528 1209 622 1263 καὶ
650 1209 800 1280 ἡμᾶς
847 1207 1104 1272 ἀθλῆσαι.
1129 1206 1241 1262 Καὶ
1260 1208 1290 1259 ὀ
1309 1207 1708 1279 Θεοστήρικτος
1731 1207 1898 1262 πάλιν
1915 1223 1930 1237 ο

366 1301 479 1370 Τῆς
535 1300 697 1368 ἁγίας
750 1297 1132 1370 παρελθούσης
1183 1297 1661 1369 Τεσσαρακοστῆς,
1692 1299 1788 1352 καὶ
1837 1297 1934 1352 τοῦ

367 1392 524 1459 ἀγὶου
558 1391 753 1460 Πάσχα
799 1387 1158 1456 πεφθακότος,
1185 1388 1286 1457 τῆς
1335 1388 1500 1456 ἁγίας
1530 1389 1790 1458 πέμπτης
1813 1387 1931 1456 ὀψὲ,

367 1483 424 1536 έν
517 1481 750 1552 Χριστὸς
776 1481 804 1533 ὁ
835 1479 969 1542 Θεὸς
1007 1478 1161 1549 ήμῶν
1196 1477 1332 1548 πρὸς
1376 1478 1663 1543 Ἰουδαίους
1723 1480 1940 1550 παρεδί-

365 1574 508 1638 δοτο,
556 1575 657 1642 τῆς
698 1570 848 1634 θείας
881 1567 1270 1640 μυσταγωγίας
1303 1569 1752 1639 ἐπιτελουμένης,
1779 1563 1936 1633 οὗτος

179 1671 187 1678 ’
296 1681 321 1712 ’λ
366 1660 871 1734 όδρακοντὼνυμος
928 1661 1369 1732 ἀρχισατρὰπης,
1411 1663 1478 1730 τῇ
1525 1661 1621 1714 τοῦ
1669 1661 1934 1732 βασιλέως

367 1753 636 1814 κελεύσει,
671 1752 810 1823 μετά
835 1750 1070 1822 πλήθους
1098 1747 1447 1820 στρατιωτῶν
1479 1751 1930 1822 εἰσπηδήσαντες,

367 1843 614 1916 παρευθὺ
673 1843 772 1912 μὲν
819 1841 922 1912 τὴν
974 1839 1360 1910 μυσταγωγίαν
1427 1841 1737 1910 ἡχρείωσαν
1775 1880 1791 1904 ,
1839 1842 1935 1894 καὶ

367 1939 492 1998 τοὺς
515 1934 746 2002 λογάδας
777 1931 891 1984 τῶν
922 1930 1202 2001 μοναστῶν
1242 1929 1633 2000 συλλαϐόμενοι
1654 1971 1669 1996 ,
1699 1932 1935 2002 ἠσφαλί-

368 2044 532 2084 σαντο
575 2025 779 2079 τούτων
827 2023 926 2086 τάς
954 2023 1144 2092 χεῖρας
1203 2023 1306 2102 καὶ.
1337 2023 1466 2084 τοὺς
1521 2022 1825 2093 τραχήλους
1876 2025 1934 2076 ὲν

363 2119 545 2186 ξύλοις
573 2117 665 2170 τὸν
694 2105 932 2186 ἀριθμὸν
979 2111 1277 2183 τριάκοντα
1301 2113 1448 2166 ὀκτώ
1483 2129 1498 2144 ο
1534 2114 1630 2167 καὶ
1656 2113 1780 2176 τοὺς
1821 2113 1934 2166 λοι-

366 2211 526 2274 ποὺς,
556 2208 615 2262 ὃν
652 2207 754 2278 μὲν
795 2202 1027 2274 ἀφειδῶς
1065 2203 1291 2276 ἐδειρεν,
1330 2205 1390 2258 ὃν
1436 2204 1496 2260 δὴ
1541 2204 1931 2274 κατέκαυσενξ

364 2304 540 2358 ἄλλων
571 2302 670 2366 τὰς
724 2297 1011 2368 γενειάδας
1039 2297 1324 2360 πισσὼσας
1357 2291 1682 2368 ἐνέπρησεν,
1708 2297 1805 2351 καὶ
1851 2298 1935 2366 ῥι-

363 2394 666 2464 νοτμήτους
695 2391 1044 2460 ἀπέπεμψεν,
1063 2385 1120 2470 εξ
1161 2380 1246 2440 ὧν
1271 2382 1352 2451 εἷς
1376 2386 1610 2458 ὑπάρχω
1640 2389 1736 2441 καὶ⁹
1773 2387 1936 2450 αὐτὸς

365 2483 500 2552 ἐγώ.
533 2483 641 2535 Καὶ
663 2483 723 2534 ὲν
751 2479 960 2542 τούτοις
998 2477 1074 2547 μὴ
1090 2474 1388 2546 ἀρκεσθεὶς
1417 2476 1624 2540 ἐκεῖνος
1664 2476 1694 2528 ὁ
1745 2476 1937 2532 δυσσε.

363 2573 488 2644 σὴς,
521 2573 623 2642 τὴν
663 2571 831 2642 μονὴν
865 2570 1048 2623 πᾶσαν
1083 2567 1406 2638 ἐνέπρησεν,
1439 2567 1548 2620 ἀπό
1577 2583 1638 2620 τε
1669 2567 1938 2637 ίπποφορ-

276 2653 282 2658 ’
362 2665 516 2717 ϐείου
566 2663 726 2733 μέχρι
762 2660 872 2713 τῶν
917 2657 1240 2728 ἐκκλησιῶν,
1275 2657 1380 2720 ἓως
1409 2657 1637 2725 ἐδάφους
1661 2655 1936 2728 κονιορτὸν

363 2753 712 2808 ἀπετέλεσεν.
762 2746 874 2804 Εἶθ’
933 2747 1108 2810 οῦτως
1153 2746 1271 2818 μετ’
1324 2747 1490 2800 αὐτοῦ
1537 2746 1936 2817 συλλαϐόμενος

365 2847 492 2907 τοὺς
521 2845 814 2915 τριάκοντα
836 2837 980 2894 ὀκτὼ
1011 2839 1254 2902 ἐκείνους
1294 2839 1564 2910 Πατέρας,
1591 2839 1648 2890 ὲν
1675 2840 1790 2900 τοῖς
1829 2837 1933 2906 τῆς

1998 487 2236 540 ‘ductus
2295 487 2485 540 dixit:
2526 482 2719 550 Nemo,
2783 483 3076 539 reverende
3139 482 3436 556 Stephane,
3499 504 3598 542 no-

2035 585 2177 630 ctem
2203 574 2349 629 illam
2406 583 2462 628 et
2513 572 2775 628 stevitiam
2823 573 3062 644 praefecti
3115 573 3368 630 Asiatica:
3415 583 3598 638 teme,

2033 679 2192 734 quem
2221 665 2786 722 Lac‘banodracontem
2809 664 3102 734 appellant,
3135 665 3340 735 absque
3395 669 3598 738 gemitu

2035 753 2178 809 ferre
2207 754 2292 810 vel
2331 753 2402 809 ob
2424 753 2607 810 oculos
2671 768 2946 823 exponere
3003 764 3197 826 potest.
3221 755 3328 812 Cui
3379 767 3602 814 sanctus
3655 763 3659 784 ‘

2037 845 2388 915 Stephanus:
2415 845 2528 910 Dic,
2558 846 2754 915 inquit,
2785 845 2970 910 Pater,
3009 847 3098 901 die
3135 863 3232 916 per
3288 849 3598 911 Dominum,

2037 952 2210 1007 neque
2232 923 2304 992 id
2336 937 2615 992 cclavcris.
2647 935 2754 992 Nos
2807 937 2952 991 enim
2988 939 3346 1008 promptiores
3384 939 3601 1006 reddes.

2036 1027 2082 1082 si
2106 1042 2204 1082 nos
2233 1041 2446 1096 quoque
2499 1037 2712 1080 certare
2760 1025 2902 1081 Deus
2934 1027 3182 1083 voluerit.
3220 1027 3430 1084 Rursus
3473 1045 3602 1098 ergo

2037 1117 2480 1174 Theocteristus:
2541 1116 2737 1172 Sancta
2772 1119 3197 1187 Quadragesima
3232 1119 3436 1190 elapsa,
3473 1137 3603 1176 san-

2034 1218 2230 1278 ctoque
2288 1205 2489 1261 Pascha
2567 1207 2832 1276 proximo,
2903 1199 3128 1278 vespere
3179 1219 3384 1264 sancta:
3456 1209 3604 1264 feriae

2036 1298 2255 1368 quinta,
2290 1311 2393 1366 qua
2433 1296 2679 1353 Christus
2721 1301 2862 1352 Deus
2895 1311 3076 1354 noster
3126 1299 3328 1356 Judzeis
3357 1303 3604 1370 proditus

2034 1397 2137 1453 est,
2164 1391 2289 1442 dum
2316 1388 2493 1443 divina
2548 1389 2800 1456 mysteria
2831 1402 3236 1458 peragerentur.
3270 1390 3359 1446 ille
3409 1392 3605 1445 draco-

2037 1479 2122 1534 nis
2153 1495 2344 1534 nomen
2371 1477 2552 1532 fet'ens
2575 1480 2878 1549 praefectus,
2905 1479 3057 1546 jussu
3112 1480 3275 1550 δοῦ
3307 1481 3606 1550 Imperato-

2037 1569 2134 1634 ris,
2163 1581 2304 1622 cum'
2347 1567 2574 1620 militum
2637 1584 2796 1622 manu
2856 1569 3092 1632 irruens,
3127 1580 3350 1638 repente
3397 1579 3605 1640 mystec
3676 1559 3680 1564 ’

2037 1658 2237 1711 riorum
2315 1658 2732 1712 celebrationem
2822 1657 3125 1728 interrupit.
3172 1657 3606 1727 ,Compreltrnsis

2036 1761 2164 1802 vero
2193 1747 2417 1814 delectis
2453 1747 2748 1823 monachis,
2768 1748 2958 1801 borum
2992 1763 3216 1803 numero
3239 1749 3454 1819 triginta
3479 1761 3606 1804 octo

2044 1853 2242 1892 manus
2269 1847 2322 1891 ct
2355 1838 2492 1892 colla
2517 1839 2676 1908 lignis
2719 1839 2890 1892 vinxit
2922 1855 2936 1892 :
2983 1839 3218 1908 reliquos
3257 1841 3455 1910 partim
3481 1855 3607 1894 cru-

2015 1926 2228 2004 deliter
2261 1926 2535 1992 laceravit,
2569 1927 2762 1996 partim
2819 1930 3101 1982 cremavit.
3129 1928 3372 1982 Aliorum
3406 1929 3606 1986 barbas

2038 2023 2156 2086 pice
2213 2017 2459 2086 perfusas
2509 2019 2735 2080 adussit,
2771 2009 3035 2089 naresque
3081 2021 3334 2086 abscidit,
3369 2036 3602 2090 quorum

2037 2123 2175 2162 unus
2228 2109 2342 2178 ipse
2365 2123 2464 2178 ego
2495 2124 2632 2163 sum.
2679 2108 2894 2174 Verum,
2929 2112 3156 2165 necdum
3207 2111 3292 2165 bis
3317 2123 3606 2166 contentus

2037 2198 2130 2253 ille
2152 2199 2345 2267 impius
2364 2199 2631 2266 integrum
2669 2201 3061 2255 monasterium
3095 2204 3164 2257 ab
3196 2218 3462 2273 equorum
3487 2213 3607 2259 sta-

2037 2289 2164 2344 bqu
2211 2290 2276 2344 ad
2307 2289 2566 2344 ecclesias
2608 2289 2732 2360 igne
2757 2295 3008 2356 vastavit,
3037 2303 3092 2348 et
3127 2310 3296 2364 usque
3334 2296 3400 2359 ad
3455 2297 3608 2367 pavi-

2036 2388 2278 2434 mentum
2349 2381 2402 2434 in
2481 2381 2752 2452 pulverem
2843 2386 3067 2454 redegit.
3140 2386 3332 2442 Postea
3417 2403 3604 2442 secum

2035 2471 2332 2541 assumptis
2356 2471 2572 2542 triginta
2601 2481 2726 2527 octo
2745 2471 2852 2529 illis
2881 2473 3154 2540 Patribus,
3173 2491 3264 2533 eos
3293 2478 3348 2532 in
3373 2481 3606 2548 quadam

2036 2564 2302 2619 testudine
2341 2563 2538 2618 veteris
2583 2564 2757 2619 balnei
2786 2567 2926 2634 apud
2989 2566 3186 2638 Ephesi
3238 2570 3470 2624 conﬁnia
3520 2571 3607 2624 itt-

2034 2652 2214 2720 clusit,
2250 2663 2548 2724 apertoque
2586 2655 2756 2720 aditu,
2807 2657 3076 2724 contiguis
3129 2661 3326 2714 montis
3373 2661 3610 2717 molilms

2033 2743 2244 2801 eﬂ'ossis
2281 2745 2403 2800 illos
2443 2745 2656 2810 obruit;
2685 2750 2872 2817 sicque
2897 2751 2945 2802 vi
3009 2750 3334 2806 intolerabili
3392 2752 3446 2806 in
3506 2750 3609 2805 Do-

2036 2837 2183 2892 mino
2212 2838 2572 2893 consummati
2611 2848 2756 2894 sunt.
3259 2837 3264 2842 ’

379 2935 606 3005 Ἐφέσου
660 2931 958 3004 περιορίοις
995 2931 1053 2984 έν
1101 2927 1242 2999 θόλῳ
1274 2929 1384 2983 τινὶ
1427 2928 1662 2984 παλαιοῦ
1709 2929 1937 2999 λουτροῦ
1976 2927 2200 2994 τούτους
2231 2929 2576 2998 ἀπέκλεισεν,
2649 2933 2744 2986 καὶ
2807 2931 2906 3004 τὴν
2941 2935 3144 2990 εἴσοδον
3179 2937 3516 3008 ἀναφράξάς,
3539 2939 3612 2992 τά

363 3029 598 3101 έχόμενα
626 3026 726 3082 τεοῦ
760 3026 920 3097 ὅρους
987 3024 1312 3095 κατορύξας,
1388 3024 1612 3090 τούτους
1690 3026 2023 3096 κατέχωσεν,
2059 3027 2154 3081 καὶ
2202 3025 2386 3092 οὕτως
2435 3030 2502 3098 τῇ
2555 3029 2866 3101 ἀνυποίστῳ
2941 3031 3034 3103 βίᾳ
3095 3033 3515 3107 ὲτελειώθησαν⁹
3552 3037 3612 3090 ιν

371 3124 583 3194 κυρίῳ.

440 3179 656 3273 ’ίόύτων
669 3179 764 3269 οῦν
785 3213 894 3268 τῶν
921 3211 1188 3284 λυπηρῶν
1209 3213 1306 3268 καὶ
1329 3211 1508 3267 ἄλλων
1528 3213 1792 3268 πλειόνων
1815 3214 1937 3268 ὀδυ-

2112 3217 2490 3274 liislnctuosis
2540 3229 2597 3275 et
2653 3219 2783 3276 aliis
2817 3221 3064 3291 pluribus
3121 3225 3366 3281 tristibus
3421 3226 3607 3294 dictis,

367 3310 552 3384 νηρῶν
595 3307 890 3382 ῥηθέντων,
915 3307 1018 3360 οὐκ
1045 3301 1113 3378 ἦν
1163 3304 1485 3373 ὑπενεγκεῖν
1505 3303 1598 3357 τὸν
1635 3297 1934 3376 κλαυθμόν.

369 3402 483 3466 Καὶ
510 3399 696 3454 λοιπὸν
719 3399 906 3469 ἠξίουν
957 3396 1052 3450 τὸν
1085 3395 1243 3464 ἅγιον
1272 3394 1568 3462 Στέφανον,
1592 3395 1780 3466 ὥσπερ
1809 3396 1938 3466 πρὶν

365 3495 428 3546 έν
451 3492 531 3562 τῷ
555 3493 692 3560 δρει,
713 3489 857 3542 οὓτω
876 3488 972 3542 καὶ
1001 3486 1096 3540 νῦν
1128 3486 1284 3555 λόγον
1305 3485 1707 3556 παρακλήσεως
1755 3502 1938 3556 προει-

369 3585 510 3638 πεῖν.
528 3581 586 3634 Ὁ
608 3581 666 3635 δὲ
694 3578 1010 3650 παμμάκαρ
1039 3578 1114 3642 ὡς
1139 3575 1200 3644 ἐξ
1231 3575 1423 3646 ὀδύνης
1453 3576 1674 3646 ψυχῆςο
1703 3576 1936 3629 ἀναστε-

365 3676 534 3742 νάξας
591 3669 744 3725 εἶπεν
775 3685 792 3702 ο
884 3667 1375 3739 Εὐχαριστήσωμεν
1405 3703 1422 3730 ,
1514 3665 1659 3719 Πατέ
1673 3681 1765 3736 ρες
1845 3665 1939 3718 καὶ

369 3765 590 3836 ἀδελφοὶ
614 3803 630 3830 ,
696 3760 1180 3831 εύχαριστήσωμεν
1238 3759 1368 3829 περὶ
1449 3756 1666 3812 πάντων
1733 3755 1938 3810 τούτων

363 3853 480 3907 τῶν
517 3849 946 3926 συμσεσηκότων
971 3864 988 3882 ·
1025 3850 1059 3918 ἡ
1110 3847 1218 3920 γὰρ
1251 3849 1331 3911 είς
1382 3846 1534 3910 τέλος
1585 3845 1940 3917 εὐχαριστικὴ

369 3943 623 4015 ὑπομονὴ
651 3943 808 4013 φέρει
847 3941 940 3994 τὸν
975 3940 1240 4008 στέφανον
1270 3954 1284 3968 ·
1317 3940 1366 3991 εἰ
1420 3939 1530 4010 γὰρ
1558 3939 1654 3992 καὶ
1680 3937 1815 4008 πῦρ,
1845 3939 1940 3992 καὶ⁸

369 4036 546 4104 ξίφος,
577 4035 672 4086 καὶ
725 4031 991 4095 Θάλασσα,
1019 4028 1115 4082 καὶ
1152 4029 1214 4082 τὸ
1255 4029 1564 4082 τελευταῖον
1615 4027 1843 4090 θᾶνατος
1876 4029 1940 4080 ὲκ

377 4127 480 4181 τῶν
511 4124 723 4180 ἁσεσῶν
749 4123 1036 4195 πρόκειται
1065 4122 1220 4190 ἡμῖν,
1253 4119 1655 4191 ὑπομείνωμεν,
1684 4117 1940 4190 μιμησὼ-

371 4217 515 4283 ιιεθα
543 4201 670 4278 τοῦς
694 4212 818 4268 καθ’
855 4213 1003 4284 ἡμᾶς
1041 4209 1134 4264 τδν
1171 4209 1288 4280 βίον
1326 4208 1682 4280 μαρτυρικῶς
1727 4208 1940 4264 ἐκτελέ-

369 4325 577 4373 σαντας
609 4307 792 4370 ὁσίους
825 4303 1098 4376 Πατέρας,
1124 4303 1329 4374 Πέτρον
1353 4301 1498 4369 λέγω
1533 4301 1626 4355 τὸν
1665 4301 1812 4355 ὅσιον
1848 4301 1940 4354 τὸν

367 4404 434 4456 ὲν
486 4400 818 4471 Βλαχέρναις
872 4396 1322 4467 ἐγκεκλεισμένον
1341 4433 1358 4458 ,
1406 4395 1555 4458 ὅστις
1599 4393 1940 4456 ἀνεικάστοις

371 4493 518 4550 κατά
567 4490 861 4564 πρόσωπον
903 4487 996 4542 τοῦ
1029 4486 1295 4558 βασιλέως
1324 4483 1634 4556 βουνεύροις
1665 4483 1940 4546 τυπτόμε-

2045 3324 2204 3364 nemo
2254 3309 2520 3379 lacrymas
2593 3311 2876 3366 continere
2957 3322 3182 3381 poterat.
3245 3314 3421 3384 Ipsum
3481 3333 3612 3374 vero

2046 3408 2289 3454 sanctum
2359 3401 2690 3469 Stephanum
2735 3403 3016 3470 rogabant,
3047 3412 3106 3456 ut
3155 3407 3610 3472 quemadmodum

2047 3503 2201 3546 antea
2229 3491 2281 3546 in
2310 3499 2509 3556 monte,
2547 3491 2628 3546 sic
2657 3506 2800 3553 nunc
2830 3492 2976 3562 ipsos
3001 3507 3100 3546 suo
3137 3509 3389 3550 sermone
3411 3512 3610 3553 conso-

2047 3581 2266 3636 laretur.
2289 3580 2422 3635 'l‘um
2461 3581 2548 3636 ille
2587 3580 2928 3636 beatissimus
2953 3585 3106 3652 quasi
3145 3599 3255 3654 prze
3289 3585 3472 3641 dolore
3497 3587 3614 3642 ani-

2019 3677 2146 3726 ‘mac
2171 3686 2388 3742 gemens
2414 3673 2530 3726 ait:
2569 3689 2588 3724 ι
2624 3669 2844 3728 Gratias
2887 3685 3130 3742 agamus,
3167 3673 3358 3732 Patres
3408 3687 3463 3730 ct
3494 3678 3610 3732 fra-

2047 3769 2176 3822 tres,
2199 3761 2404 3831 gratias
2426 3775 2650 3830 agamus
2679 3762 2744 3816 de
2776 3761 2862 3816 bis
2885 3763 3138 3821 omnibus
3167 3779 3288 3834 quae
3319 3766 3484 3840 507
3517 3785 3608 3824 ac-

2045 3850 2313 3905 ciderunt.
2377 3850 2508 3906 Nam
2582 3853 2841 3920 patientia
2888 3869 3010 3908 cum
3054 3858 3351 3927 gratiarum
3392 3862 3610 3917 actione

2047 3956 2214 4008 usque
2239 3941 2290 3994 in
2322 3941 2480 3996 tinem
2500 3944 2684 4013 juncta
2705 3943 2807 4000 fert
2825 3961 3106 4002 coronam.
3127 3947 3254 4002 Sive
3267 3951 3410 4006 enim
3433 3953 3609 4022 ignem

2048 4031 2160 4085 sive
2213 4032 2470 4102 gladium,
2528 4035 2643 4090 sive
2692 4051 2860 4103 mare,
2880 4037 2994 4093 sive
3049 4048 3321 4108 postremo
3379 4050 3611 4096 mortem

2033 4123 2204 4176 uobis
2255 4123 2409 4193 impii
2458 4123 2735 4192 objicient,
2765 4128 3032 4193 patienter
3056 4128 3296 4184 feramus
3345 4147 3359 4182 :
3395 4141 3614 4186 sanctos

2049 4211 2168 4266 illos
2195 4210 2384 4266 Patres
2414 4214 2504 4280 qui
2558 4215 2696 4282 apud
2728 4228 2827 4268 nos
2885 4218 3054 4270 vitam“
3081 4219 3343 4288 martyrio
3363 4218 3612 4274 absolve-

2048 4311 2196 4367 runt,
2253 4303 2545 4357 imitemur.
2605 4302 2864 4359 Sanctum
2919 4305 3068 4361 illum
3126 4307 3344 4363 Petrum
3385 4310 3438 4362 in
3489 4307 3614 4364 Bla-

2046 4393 2266 4448 cbernis
2305 4393 2568 4448 int-lusum
2599 4396 2740 4459 dico,
2767 4397 2858 4466 qui
2907 4406 3035 4452 ante
3094 4397 3437 4467 Imperatoris
3479 4415 3613 4454 con-

2049 4495 2293 4554 spectum
2333 4485 2688 4541 intolerandis
2715 4489 2873 4543 boum
2905 4489 3086 4545 nervis
3109 4505 3206 4558 pro
3239 4492 3438 4545 Christi
3473 4493 3613 4545 itna-
3651 4511 3656 4518 -

370 4603 462 4650 νος
487 4584 630 4653 ὑπὲρ
653 4584 751 4651 τῆς
791 4580 885 4636 τοῦ
918 4577 1158 4652 Χριστοῦ
1206 4576 1434 4641 εἰκόνος,
1472 4576 1666 4630 τοῦτον
1681 4575 1937 4630 Δατιανὺν

2047 4578 2172 4644 gine
2223 4591 2440 4643 caesus,
2491 4577 2662 4643 illum,
2700 4567 2988 4634 Dacianum
3045 4590 3102 4636 et
3141 4583 3614 4650 pravaricatorcm

371 4677 468 4732 καὶ
486 4672 812 4745 παραϐάτην
845 4670 1133 4743 παρρησίᾳ
1175 4667 1416 4740 κηρύξας
1431 4666 1485 4732 ἀ,
1514 4669 1608 4721 καὶ
1649 4667 1783 4738 πρὸς
1809 4665 1940 4720 Θεὸν

309 4773 327 4787 ‘
366 4771 433 4824 τὸ
464 4767 622 4838 ὄμμα
647 4765 952 4832 ἀνατείνας,
976 4765 1070 4818 καλ⁵
1109 4762 1302 4828 εἰπὼν,
1333 4761 1653 4835 Εὐχαριστῶ
1687 4779 1790 4825 σοι,
1828 4762 1942 4815 K6-

371 4877 480 4933 ριε,
509 4859 687 4922 οὕτως
741 4859 800 4911 έν
844 4859 956 4920 τοῖς
1013 4856 1244 4926 δαρμοῖς
1295 4854 1640 4920 ἐξέπνευσεν,
1677 4854 1771 4906 καὶ
1824 4853 1941 4922 μετ’

369 4951 560 5015 αὐτὸν,
605 4947 858 5016 Ἰωάννην
897 4946 990 5000 τὸν
1031 4945 1176 4998 θεῖον
1219 4943 1528 5019 ἡγούμενον
1560 4943 1656 4996 τοῦ
1702 4942 1940 5012 τερπνοῦ

371 5042 474 5112 τῆς
512 5039 831 5110 Μοναγρίας
875 5036 1312 5108 φροντιστηρίου,
1357 5035 1418 5089 ὃν
1448 5039 1478 5089 ὁ
1539 5035 1800 5106 τύραννος
1845 5035 1942 5106 βα-

375 5137 558 5199 σιλεὺς
573 5133 908 5207 τυραννικῶς
936 5129 1244 5201 κατασχὼν,
1260 5129 1348 5182 διὰ
1374 5129 1436 5181 τὸ
1472 5128 1546 5198 μὴ
1571 5127 1944 5198 πεπατηκέναι

375 5227 539 5282 αὑτὸν
549 5227 650 5297 τὴν
663 5225 758 5278 τοῦ
773 5223 1006 5294 Χριστοῦ
1020 5221 1204 5275 εἰκόνα
1221 5221 1317 5274 καὶ
1333 5220 1433 5290 τῆς
1445 5219 1667 5290 Μητρὸς
1677 5217 1868 5283 αὐτοῦ,
1887 5221 1946 5270 ὲν

377 5319 567 5387 σάκκῳ
595 5315 976 5376 κατακλείσας,
1011 5314 1104 5366 καὶ
1121 5311 1256 5380 λίθῳ
1275 5309 1495 5380 μεγάλῳ
1515 5307 1849 5380 προσδήσας,
1869 5306 1948 5377 τῷ

376 5407 524 5478 βυθῷ
540 5407 634 5478 τῆς
649 5387 922 5476 θαλᾶσσης
939 5402 1256 5467 ἀπέπνιξεν.
1285 5401 1349 5454 Τί
1373 5397 1482 5472 ἆρά
1498 5415 1560 5467 γε
1588 5397 1681 5451 τοῦ
1705 5397 1946 5451 τοιούτου

374 5497 609 5555 θανάτου
639 5497 1032 5567 ὲ).εεινότερον;
1067 5494 1208 5572 Ἀλλ’
1226 5492 1563 5564 ἐνδοξότερον
1593 5491 1822 5564 παρέχει
1857 5491 1950 5546 τὸν

451 5665 475 5695 ο
505 5655 578 5711 al.
605 5653 859 5726 ψυχικῆς.
937 5651 963 5693 ει
997 5654 1068 5707 al.
1103 5649 1348 5723 κηρύξας
1375 5603 1926 5721 παρρησίᾳ-πάντων.

2049 4668 2216 4722 libere
2269 4669 2608 4738 appellando,
2663 4669 2992 4740 sublatisque
3023 4670 3089 4724 ad
3122 4673 3288 4726 Deum
3331 4675 3506 4726 oculis
3535 4675 3620 4726 di~

2047 4761 2224 4816 cendo
2249 4761 2500 4816 :Gratias
2537 4763 2631 4816 tibi
2662 4778 2783 4832 ago,
2812 4762 3060 4829 Domine,
3101 4765 3154 4816 in
3191 4763 3382 4818 mediis
3429 4765 3620 4820 verbe-

2053 4866 2170 4906 rum
2203 4853 2534 4908 cruciatibus
2581 4855 2895 4924 exspiravit.
2935 4853 3088 4909 Hunc
3127 4853 3369 4910 Joannes
3396 4868 3614 4910 secutus

2048 4953 2155 5008 est,
2181 4945 2394 4998 divinus
2443 4944 2534 4998 ille
2561 4943 2759 5000 autumni
2811 4944 3099 5012 Monagria-
3131 4949 3446 5001 monasterii
3477 4961 3619 5016 prae--

2047 5032 2244 5094 fectus.
2269 5049 2426 5103 quem
2465 5045 2730 5104 tyrannus
2755 5035 3052 5104 imperator
3069 5037 3349 5108 tyrannica
3375 5053 3622 5106 compre-

2053 5126 2303 5190 hensum,
2335 5129 2479 5196 quod
2507 5127 2711 5181 Christi
2739 5126 2970 5196 ejusque
3001 5127 3188 5183 Matris
3218 5129 3503 5198 imaginem
3531 5144 3623 5195 pe-

2054 5219 2212 5271 dibus
2244 5217 2562 5272 conculcare
2589 5232 2864 5285 rennerat,
2902 5235 3060 5274 sacco
3107 5222 3342 5280 inclusit.
3387 5235 3621 5285 etnnqoe

2056 5308 2121 5361 ad
2151 5307 2419 5376 ingentem
2456 5308 2683 5377 lapidem
2721 5309 2992 5380 alligatum
3039 5309 3403 5378 in'prol'nndo
3455 5301 3625 5362 maris

2058 5399 2394 5468 prael'ocavit.
2441 5399 2580 5466 Quid
2631 5401 2936 5468 huiusmodi
2979 5412 3152 5456 morte
3200 5398 3481 5455 acerbius?
3529 5397 3624 5451 Vo-

2062 5507 2201 5559 rum,
2232 5507 2298 5548 eo
2325 5492 2700 5563 gloriosiorcm
2727 5508 2983 5550 coronam
3011 5492 3230 5561 prtcbet.
3257 5490 3322 5545 Et
3355 5493 3466 5544 tunc
3500 5491 3623 5560 qui-
