3932 6214
402 262 536 327 1157
1560 264 1936 324 STEPHANI

2118 265 2253 326 CON
2260 266 2285 324 Ι
2327 267 2435 327 ΟΡ.
3514 268 3536 326 l
3553 265 3671 329 1C8

401 380 522 432 dem
548 375 832 433 sulllciant.
867 377 1000 442 Qui;
1043 375 1187 431 enim
1235 391 1492 431 enarrare
1540 377 1772 431 valuerit
1824 393 1954 433 saeva

2119 379 2354 447 τέφανον.
2387 381 2494 432 Καὶ
2521 376 2691 430 ταῦτα
2711 377 2898 448 μὲνείς
2923 377 3195 430 τοσοῦτον.
3227 377 3320 439 Τίς
3354 378 3461 448 γάρ
3493 378 3672 446 ἐξαρ-

401 478 794 522 tormentorum
826 483 1044 538 genera,
1075 483 1197 536 qua:
1231 467 1348 536 ipso
1373 477 1603 537 tyranno
1635 469 1954 524 crudeliores

2115 469 2222 518 έσει
2275 467 2511 532 ἐξειπεῖν
2555 467 2621 520 τά
2671 467 2813 520 κατά
2865 469 3045 519 πᾶσαν
3090 467 3357 538 ἐπαρχίαν
3388 468 3494 520 ὑπὸ
3545 470 3668 520 τῶν

346 545 355 568 "
403 560 639 628 prrclecti
675 575 770 628 per
795 576 983 614 omnes
1008 558 1313 629 provincias
1342 559 1759 629 excogitaverc?
1788 559 1899 630 Siqi

2114 558 2162 610 >6
2193 561 2454 629 τυράννου
2497 557 2816 627 δεινοτέρων
2836 559 3120 628 ἀρχόντων
3148 559 3359 626 καὶτῆς
3388 559 3667 627 ἀληῦείας

400 652 518 704 dem
545 651 774 720 plurima
805 661 931 705 sunt
952 666 1141 706 eorum
1178 649 1474 719 impietatis
1518 651 1774 719 trophzca,
1804 651 1953 722 503

2114 651 2281 721 (Ορῶν
2313 653 2666 720 ἐφευρήματα
2700 650 2796 703 καὶ
2838 649 2989 702 δεινά
3021 649 3452 720 βασανιστήρια;
3479 653 3667 703 πολλὰ

397 739 595 808 quibus
622 741 908 810 despectis,
957 752 1186 795 mortem
1219 742 1428 796 Domini
1470 742 1806 796 :emulemur.
1833 743 1948 798 Nan

2108 750 2177 816 ἀρ
2231 745 2297 798 τὰ
2323 743 2525 796 τούτων
2571 743 2668 810 τῆς
2715 741 2973 804 ἀσεϐείας
3009 741 3267 811 τρόπαια,
3305 742 3451 812 άπερ
3482 744 3661 812 ἡμεῖς

399 850 498 887 non
517 846 638 887 sunt
663 835 936 903 condigna:
957 834 1228 902 passiones
1255 833 1411 902 hujus
1440 836 1686 899 temporis
1727 835 1795 887 ad
1826 837 1952 902 [utut

2112 835 2536 896 αταπτύσαντες,
2567 833 2655 885 τὸν
2671 832 2764 884 τοῦ
2797 832 3070 884 Δεσπότου
3110 831 3442 901 ζηλώσωμεν
3482 833 3665 886 Θάνα-

399 941 511 978 rnm
535 925 782 995 gloriam,
813 941 930 994 qua:
960 925 1277 978 revelabitur
1307 925 1361 977 iu
1393 923 1542 978 nobis
1564 924 1632 988 ",
1667 933 1724 978 ut
1767 926 1842 980 ait
1877 941 1952 979 va:

2110 947 2179 983 σν.
2214 930 2295 982 Οὐ
2325 927 2433 996 γάρ
2461 926 2600 990 ἀξια
2646 925 2716 978 τὰ
2749 922 3072 992 παθήματα
3113 921 3222 976 τοῦ
3275 921 3393 975 νῦν
3439 923 3663 990 καιροῦ

399 1016 682 1071 electionis
697 1015 916 1070 Paulus.
951 1035 968 1066 ι

2112 1021 2216 1088 ρὸς
2243 1020 2358 1084 τὴν
2372 1019 2726 1086 μέλλουσαν
2761 1015 2950 1078 δόξαν
2987 1015 3531 1069 ἀποκαλύπτεσθαι
3563 1017 3665 1080 εις

2066 1112 2244 1182 ἡμᾶς,
2277 1111 2352 1174 ὥς
2374 1127 2539 1178 φησιν
2572 1107 2631 1161 τὸ
2659 1108 2852 1170 σκεῦος
2880 1110 2976 1176 τῆς
3008 1107 3240 1175 ἐκλογῆς
3278 1107 3511 1169 Παῦλος.

463 1192 584 1248 Jam
605 1208 731 1248 vero
765 1202 976 1262 tempus
1006 1208 1089 1248 me
1119 1203 1296 1258 vocat,
1319 1211 1352 1248 o
1381 1193 1566 1252 ﬁdeles
1599 1205 1658 1251 et
1679 1197 1965 1252 orthodoxi

2138 1199 2313 1252 Καλεῑ
2358 1198 2412 1251 δέ
2457 1215 2522 1266 με
2565 1198 2593 1248 ό
2639 1196 2853 1266 καιρὸς,
2883 1190 2932 1248 ὦ
2982 1197 3173 1248 πιστὸν
3216 1197 3309 1249 καὶ
3365 1197 3663 1266 ὸρῦὁδοξον

333 1330 341 1336 .
398 1285 692 1351 auditores,
711 1285 776 1338 ad
793 1293 1019 1340 mortem
1046 1285 1096 1338 in
1121 1295 1364 1354 apertum
1386 1285 1781 1354 proferendam,
1802 1303 1886 1356 qu:

2108 1291 2450 1361 κροατήριον.
2486 1291 2565 1352 είς
2618 1289 2924 1356 τούμφανὲς
2972 1289 3195 1354 ἐνέγκαι
3239 1289 3457 1342 καὶτὸν
3511 1289 3661 1359 ὑπὲρ

395 1377 734 1431 venerandus
750 1374 909 1430 Pater
933 1386 1114 1430 noster
1127 1374 1432 1444 Stephanus
1445 1390 1542 1444 pro
1560 1379 1756 1445 pietate
1778 1376 1948 1430 subiit

2105 1381 2165 1450 ῆς
2199 1379 2482 1443 εὐσεϐείας
2506 1379 2600 1431 τοῦ
2638 1377 2940 1447 σεϐασμίου
2977 1379 3194 1448 [ἰατρὸς
3239 1377 3396 1448 ἡμῶν
3429 1379 3658 1446 Στεφάο

400 1468 617 1535 Verum,
641 1478 705 1522 ut
737 1483 878 1537 saepe
903 1483 986 1522 me
1013 1468 1289 1530 excusavi,
1315 1478 1529 1522 revocat
1561 1483 1644 1522 me
1673 1483 1797 1522 cum
1830 1468 1953 1522 indi-

2108 1487 2156 1522 >υ
2183 1469 2431 1522 Θάνατον.
2475 1467 2615 1520 Ἀλλ’
2641 1464 2735 1520 οὖν
2762 1467 2836 1528 ὡς
2872 1467 3153 1536 πολλαχῶς
3183 1467 3661 1538 προαπελογησά-

391 1558 571 1628 gnitas
605 1573 742 1623 mea,
793 1568 904 1612 tum
958 1573 1168 1612 smnma
1212 1559 1512 1630 ignorantia
1547 1561 1683 1633 artis
1722 1561 1934 1614 dicendi

2106 1579 2195 1631 νην.
2227 1560 2476 1614 ἀνθέλκει
2507 1577 2574 1628 με
2603 1558 2661 1611 τὸ
2705 1558 2923 1622 ἀνάξιόν
2971 1575 3095 1628 μου,
3125 1558 3221 1611 καὶ
3265 1558 3329 1611 τὸ
3375 1559 3659 1621 παντελὲς

396 1648 622 1716 Quando
637 1664 764 1705 vero
789 1651 900 1718 ipse
923 1658 1146 1704 sanctus
1165 1664 1290 1718 erga
1311 1664 1484 1704 meam
1503 1651 1762 1705 vilitatem
1780 1642 1838 1706 se
1862 1652 1949 1706 be-

2105 1668 2344 1720 γνωστον
2389 1651 2484 1720 τῆς
2541 1649 2676 1720 πρὸς
2731 1649 2792 1700 τὸ
2839 1648 3020 1715 λέγειν
3078 1649 3452 1718 τεχνολογίας.
3499 1651 3654 1704 Ἀλλ’

398 1743 615 1811 nignnm
644 1752 698 1795 et
715 1741 1034 1796 clementem
1059 1740 1301 1805 exhibet,
1320 1755 1520 1810 vosque
1535 1741 1860 1796 similiterad
1881 1758 1951 1797 ιιιι

2100 1743 2295 1813 πείπερ
2335 1745 2430 1796 καὶ
2466 1745 2495 1795 ὁ
2537 1741 2690 1809 ἆγιος
2723 1741 3019 1811 συμπαθὴς
3075 1743 3172 1793 καὶ
3222 1743 3463 1812 χρηστὸς
3509 1743 3653 1811 πρὸς

395 1833 719 1886 audiemlum
778 1833 945 1886 multa
1005 1833 1340 1888 humanitate
1373 1833 1607 1896 utimini,
1636 1848 1733 1902 pro
1756 1833 1948 1888 Vil‘ibU!

2100 1835 2162 1905 ὴν
2195 1834 2332 1904 ἐμὴν
2358 1833 2738 1902 ταπεινότητα,
2763 1833 2857 1885 καὶ
2886 1833 3044 1903 ἡμεῖς
3081 1831 3257 1902 τούτῳ
3301 1833 3478 1903 ὅμοιοι
3505 1835 3648 1903 πρὸς

399 1939 571 1979 meam
593 1924 894 1985 orationem
915 1938 1232 1992 prosequar,
1253 1922 1385 1976 nihil
1408 1923 1639 1977 alienum
1673 1940 1700 1977 a
1737 1926 1952 1977 veritate

2088 1925 2126 1978 ςὺ
2175 1925 2418 1995 εὐήκοον.
2451 1924 2513 1976 οὐ
2551 1922 2828 1993 παύσομαι
2874 1924 2935 1975 τὸ
2973 1923 3114 1977 κατά
3163 1923 3395 1992 δύναμιν
3444 1924 3641 1990 λέγων,

395 2014 659 2069 dicturus.
689 2012 829 2066 Deus
855 2013 943 2081 qui
1002 2027 1099 2067 sua
1159 2027 1355 2065 arcana
1391 2012 1670 2080 prophetis
1714 2013 1826 2066 suis
1871 2013 1948 2066 de.

2095 2017 2234 2084 ιηδὲν
2259 2014 2696 2086 παραχαράττων
2718 2015 2818 2083 τῆς
2839 2015 3118 2084 ἀληθείαςο
3155 2014 3214 2068 ὐ
3237 2015 3648 2068 ἀποκαλύπτων

397 2103 547 2172 tegit,
571 2112 626 2157 et
657 2117 742 2156 res
761 2111 1048 2170 antequam
1077 2104 1340 2171 prodeant
1396 2102 1683 2171 patefacit,
1709 2103 1824 2172 ipse
1876 2120 1950 2156 vc-

2097 2109 2194 2170 θεὸς
2232 2110 2343 2170 τοῖς
2368 2107 2575 2169 δούλοις
2619 2105 2786 2158 αὑτοῦ
2842 2108 2956 2168 τοῖς
3007 2107 3316 2177 προφήταις
3362 2107 3433 2160 τά
3476 2106 3650 2159 αὑτοῦ

395 2195 634 2250 nerando
669 2193 813 2248 Patri
842 2203 1028 2248 nostro
1087 2192 1366 2262 Stephano
1428 2207 1541 2247 sua:
1573 2209 1637 2248 ex
1692 2195 1774 2248 his
1831 2193 1948 2248 loci:

2098 2197 2365 2266 ιυστήρια,
2423 2195 2516 2248 καὶ
2568 2195 2634 2247 τά
2683 2195 2812 2272 πρὶν
2871 2195 3138 2261 γενέσεως
3196 2197 3278 2258 είς
3327 2197 3651 2266 τούμφανὲς

393 2287 732 2356 migrationis
787 2296 998 2356 tempus
1043 2301 1148 2340 non
1183 2286 1492 2341 abscondit.
1523 2285 1760 2341 Utenim
1805 2300 1946 2354 super

2097 2303 2232 2354 γων,
2262 2279 2417 2348 οὗτος
2444 2285 2540 2338 καὶ
2563 2283 2641 2354 τῷ
2669 2284 2958 2355 σεϐασμίῳ
2991 2285 3166 2355 lla-cpi.
3197 2286 3353 2356 ὴμῶν
3383 2289 3650 2358 Στεφάνῳ

396 2379 506 2434 rius
527 2380 728 2432 dictum
762 2388 866 2442 est,
907 2377 1156 2432 dioratici
1215 2379 1339 2432 doni
1391 2378 1664 2448 particeps
1691 2388 1811 2432 erat
1869 2393 1949 2430 ve-

2096 2381 2162 2432 ὺκ
2187 2379 2502 2448 ἀπέκρυψεν
2530 2377 2621 2429 τὸν
2640 2377 2737 2447 τῆς
2770 2377 3155 2446 μεταστάσεως
3182 2379 3352 2432 αὑτοῦ
3382 2380 3493 2433 τῶν
3516 2382 3645 2452 τῇδε

395 2469 668 2524 uerandus
737 2469 1061 2536 Stephanus.
1142 2469 1328 2538 Itaque
1396 2469 1478 2523 vir
1543 2479 1764 2525 sanctus
1837 2481 1948 2525 ante

2095 2471 2276 2542 ιαιρόν.
2317 2471 2403 2531 Ὠς
2436 2469 2546 2541 γὰρ
2584 2468 2944 2540 προλέλεκται
2973 2470 3253 2541 ἀνωτέρω,
3285 2472 3485 2543 ὅτιπερ
3550 2476 3648 2527 καὶ

391 2559 748 2628 quadraginta
786 2559 903 2614 dies
935 2574 1050 2614 sua:
1099 2559 1440 2624 certationis,
1472 2562 1643 2615 beatae
1673 2561 1748 2615 illi
1773 2571 1827 2616 et
1860 2563 1944 2616 ho«

2096 2563 2369 2633 ιορατικοῦ
2401 2563 2742 2632 χαρίσματος
2787 2557 2856 2631 ῆν
2921 2561 3208 2633 μετασχὼν
3257 2565 3286 2617 ό
3340 2565 3647 2632 σεδάσμιος

391 2652 568 2721 spitali
607 2651 838 2716 mulieri,
859 2667 1010 2707 novae
1040 2649 1314 2719 lsdandul,
1340 2665 1396 2708 et
1420 2663 1733 2708 sanctorum
1766 2656 1817 2709 in
1843 2669 1944 2709 cari

2092 2657 2355 2724 ἒτέφανος.
2393 2650 2560 2717 Οὗτος
2593 2649 2936 2724 οὗνότίμιος
2975 2654 3070 2706 καὶ
3122 2654 3277 2722 ἆγιος
3327 2655 3469 2726 ἀνὴρ
3534 2658 3645 2725 πρὸ

320 2773 324 2776 -
391 2745 610 2800 ceribus
643 2743 1160 2815 509detentorum
1193 2745 1457 2800 ministrtn
1479 2747 1760 2802 accersitae
1783 2747 1873 2801 dix

2090 2747 2469 2817 εσσαρὰκοντα
2490 2745 2713 2818 ἡμερῶν
2748 2749 2846 2816 τῆς
2869 2745 3044 2799 αὐτοῦ
3077 2745 3362 2817 ἀθλήσεως
3397 2763 3643 2816 προσκα-

390 2836 490 2892 Τιιί
549 2853 677 2908 erga
725 2853 810 2892 me
841 2837 1127 2890 ministerii
1172 2837 1502 2900 mercedem,
1546 2853 1578 2890 ο
1613 2837 1831 2902 mulier,
1863 2837 1938 2891 tib

2090 2839 2358 2908 εσάμενος
2423 2837 2521 2908 τὴν
2572 2841 2954 2908 παμμάκαρον
2983 2838 3201 2908 ἐκείνην
3238 2841 3330 2892 καὶ
3356 2839 3643 2908 φιλόξενον

383 2927 532 2982 Deus
560 2927 839 2995 rependat.
883 2926 1012 2981 Volo
1037 2928 1324 2981 verohauc
1373 2927 1842 2996 quadragesimum
1905 2929 1936 2980 ll

2085 2934 2312 2992 ιυναῖκα,
2339 2929 2436 3000 τὴν
2457 2929 2586 2982 νέαν
2629 2928 2949 2992 Ἱσδανδοὺλ,
2978 2930 3073 2982 καὶ
3096 2929 3198 3001 τὴν
3231 2931 3336 2983 τῶν
3362 2931 3420 2982 ἐν
3449 2932 3638 2998 φυλα-

391 3021 623 3084 sileutio,
653 3017 982 3072 abstinentia
1028 3028 1086 3072 et
1130 3017 1379 3071 oratione
1455 3019 1775 3086 transigere.
1825 3015 1944 3070 Mihi

2085 3025 2184 3086 ιαῖς
2217 3055 2231 3065 ο
2255 3021 2424 3089 ἁγίων
2499 3021 2902 3092 διακονήτριαν.
2949 3015 3104 3074 εἷπεν
3187 3023 3325 3093 αὐτῇ
3349 3038 3364 3053 ο
3394 3023 3501 3075 Τδν
3538 3027 3638 3094 τῆς

390 3124 518 3179 ergo
551 3122 744 3177 panem
773 3117 826 3160 et
849 3121 1041 3174 aquam
1073 3104 1268 3159 allerre
1303 3104 1509 3159 desine.
1547 3102 1645 3159 Cui
1693 3103 1943 3158 honorata

2083 3112 2198 3181 τρὶς
2233 3111 2332 3180 ἐμέ
2364 3127 2458 3164 σου
2493 3111 2797 3182 ὑπηρεσίας
2838 3110 3054 3179 μισθὸν,
3080 3104 3126 3164 ὦ
3148 3112 3334 3179 γύναι,
3358 3113 3636 3182 παράσχοι

392 3201 480 3255 illa
507 3198 700 3254 mulier
738 3197 1052 3266 respondit:
1092 3196 1201 3251 Cur
1229 3195 1394 3250 vitam
1427 3196 1755 3250 severiorem
1797 3208 1945 3264 ager:

2088 3219 2147 3254 :o'.
2174 3201 2398 3272 Κύριος.
2419 3201 2570 3255 Θέλω
2603 3200 2660 3254 δὲ
2693 3201 2788 3254 καὶ
2805 3200 3071 3272 βούλομαι
3098 3202 3302 3273 ταύτην
3320 3203 3416 3273 τὴν
3439 3221 3641 3257 τεσσα-

391 3295 442 3347 in
477 3292 657 3346 animo
691 3291 874 3352 habes,
921 3288 1122 3344 Pater?
1143 3288 1335 3342 Annon
1359 3303 1517 3342 omne
1544 3297 1646 3341 tua:
1672 3289 1791 3341 vita:
1820 3298 1944 3340 tem-

2083 3293 2468 3365 ιακονθήμερον
2490 3293 2862 3364 ἡσυχαστικὴν
2901 3293 3000 3347 καὶ⁹
3051 3295 3296 3365 ἐγκρατῆ
3330 3295 3504 3366 εὐχὴν
3545 3313 3636 3349 τε-

389 3399 490 3454 pus
517 3383 803 3454 jejunium,
836 3381 1012 3435 oratio
1066 3389 1121 3435 et
1175 3380 1437 3434 severitas
1502 3379 1755 3433 continua
1825 3378 1942 3432 initi

2084 3384 2232 3450 .έσαι,
2267 3388 2361 3440 καὶ
2401 3386 2805 3458 παραχώρησόν
2855 3403 2946 3457 μοι
2990 3386 3087 3439 τοῦ
3123 3387 3373 3456 κομίζειν
3427 3390 3524 3442 τόν
3579 3407 3637 3443 τε

387 3479 484 3533 Cui
511 3488 731 3533 sanctus
759 3494 772 3530 :
807 3475 932 3530 Scio
965 3475 1106 3528 intra
1133 3487 1334 3542 paucos
1361 3472 1478 3526 dies
1509 3471 1630 3524 vita:
1684 3485 1814 3525 mete
1851 3481 1940 3524 tein

2084 3481 2222 3548 ἱρτον
2249 3478 2432 3532 καὶτὸ
2463 3477 2630 3549 ὕδωρ.
2674 3477 2741 3530 'll
2781 3478 2838 3530 δὲ
2875 3477 3036 3548 τιμία
3083 3479 3266 3548 ἐκείνη
3342 3481 3482 3551 γυνὴ
3529 3482 3637 3552 ἀπέ

389 3574 592 3626 miuttm
633 3570 767 3626 fore.
788 3568 994 3636 Quibus
1025 3567 1205 3622 verbis
1241 3581 1363 3620 cum
1394 3563 1714 3633 hospitalem
1764 3563 1942 3617 mulie-

2080 3570 2314 3640 ικρίνατο
2341 3585 2354 3598 ο
2399 3569 2464 3622 Τί
2508 3568 2891 3641 σκληροτέρως
2932 3569 3124 3622 ἐαυτὸν
3167 3569 3388 3634 ἐθίζεις,
3421 3572 3633 3640 Πάτερ;

389 3681 502 3719 rem
544 3666 596 3718 in
649 3679 804 3717 suam
838 3661 1163 3716 sententiam
1198 3658 1531 3719 adduxisset,
1567 3673 1686 3710 eam
1725 3657 1778 3709 in
1829 3671 1942 3725 pace

2081 3663 2178 3731 ιὺχὶ
2208 3662 2352 3725 ἅπας
2379 3664 2407 3716 ὁ
2432 3661 2622 3732 χρόνος
2673 3661 2769 3714 τοῦ
2807 3661 2922 3730 βίου
2969 3677 3088 3727 σου,
3110 3666 3333 3733 νηστεία
3377 3666 3471 3716 καὶ
3503 3665 3634 3736 εὐχὴ

389 3756 613 3810 dimisit.
635 3754 727 3807 Sic
759 3768 889 3821 ergo
917 3754 996 3806 vir
1025 3759 1248 3805 sanctus
1283 3764 1377 3819 per
1401 3749 1518 3804 dies
1549 3748 1690 3802 illius
1715 3746 1942 3813 Quadra

2080 3754 2155 3806 ιαὶ
2202 3753 2506 3824 σκληρότης
2563 3753 2694 3822 μίας
2737 3754 2844 3806 Καὶ
2921 3754 2950 3804 ό
2998 3753 3155 3820 ἅγιός
3202 3770 3388 3823 φησιν’
3422 3755 3633 3823 Ἔγνων

376 3849 606 3916 gcsiina:
633 3844 819 3899 Patres
871 3845 962 3912 qui
995 3855 1180 3898 secum
1201 3841 1254 3895 in
1289 3855 1510 3896 carcere
1547 3839 1929 3894 detinebantur

2078 3858 2116 3890 ιν
2147 3839 2380 3910 ἡμέραις
2413 3839 2620 3906 ὀλίγαις
2643 3842 2702 3891 τὸ
2742 3838 2914 3910 βραχὺ
2969 3841 3068 3910 τῆς
3118 3840 3266 3913 ζωῆς
3306 3860 3410 3913 μου
3460 3846 3631 3914 πέρας

387 3942 584 3992 docere
617 3946 670 3992 et
693 3936 904 3991 hortari
946 3949 1052 3990 non
1086 3931 1345 3997 cessavit,
1373 3945 1443 3986 ne
1491 3931 1542 3984 in
1573 3929 1940 3984 alllictionihus

2078 3931 2346 4001 ιπάρχειν.
2383 3933 2490 3983 Καὶ
2522 3934 2586 3984 ἐκ
2609 3929 2802 3984 τούτου
2846 3932 3154 3998 κατανύξας
3203 3933 3303 4006 τὴν
3361 3935 3631 4002 φιλόξενον

385 4031 704 4086 deﬁcerent.
735 4027 929 4083 Noctes
957 4041 1175 4096 quoque
1214 4023 1508 4094 pervigiles
1548 4023 1749 4077 divinis
1781 4021 1938 4074 laudi-

2071 4025 2290 4089 γυναῖκα
2343 4023 2478 4092 πρὸς
2498 4021 2557 4074 τὸ
2581 4020 2775 4074 ἐαυτοῦ
2805 4023 3014 4090 ἐφετὸν,
3039 4024 3306 4077 ἀπέλυσεν
3330 4025 3390 4078 ἐν
3418 4030 3624 4097 είρήνῃ.

385 4127 486 4178 bus
525 4121 866 4178 celebrandis
891 4121 1142 4175 ducebat.
1178 4118 1327 4172 llinc-
1369 4115 1569 4172 factum
1601 4125 1706 4178 est,
1744 4122 1801 4168 ut
1830 4114 1938 4183 qui

2077 4116 2168 4168 (αἱ
2212 4114 2382 4178 οὓτως
2439 4115 2539 4168 οὐκ
2595 4113 2872 4168 ἐπαύσατο
2908 4115 3115 4184 όᾶγιος
3161 4115 3260 4179 τάς
3289 4117 3505 4186 ἡμέρας
3534 4119 3630 4186 τῆς

387 4219 508 4269 dam
545 4213 779 4285 religiosi
815 4212 1061 4266 homines
1096 4209 1355 4272 civitatis,
1390 4222 1630 4278 pannosa
1681 4215 1831 4260 veste
1865 4220 1940 4259 as-

2078 4207 2508 4278 Γεσσαρακοστῆς
2546 4208 2761 4276 ἐκείνης
2811 4205 3016 4276 ὁμιλῶν
3068 4208 3163 4260 καὶ
3188 4206 3459 4262 διδάσκων
3509 4213 3631 4270 τοὺς

385 4319 601 4378 sumpta
626 4309 678 4360 in
707 4319 985 4360 carcerem
1011 4303 1265 4372 ingressi,
1293 4299 1730 4356 benedictionem
1754 4299 1822 4350 ab
1861 4295 1938 4350 illc

2072 4297 2438 4367 ιυνδεσμώτας
2484 4297 2735 4368 Πατέρας
2768 4296 2844 4368 μῆ
2881 4299 3146 4351 ἐκκακεῖν
3197 4299 3256 4350 ἐν
3291 4301 3412 4360 ταῖς
3445 4298 3625 4368 θλίψε-

383 4404 712 4470 acciperent,
750 4399 978 4468 ejusque
1036 4399 1283 4453 doctrina
1337 4393 1782 4448 inl'ormarentur.
1823 4389 1936 4442 Ela-

2075 4404 2165 4452 τιν,
2191 4388 2498 4458 παννύχους
2529 4389 2804 4458 ὑμνῳδίας
2834 4387 3095 4453 ἐκτελῶν,
3121 4389 3198 4452 ὡς
3225 4389 3320 4443 καί
3343 4406 3496 4452 τινας
3524 4389 3628 4442 τῶν

381 4494 493 4562 psis
525 4501 702 4545 autem
729 4491 941 4552 diebus,
973 4503 1096 4542 cum
1123 4485 1398 4555 trigesima
1433 4493 1624 4538 octava
1642 4481 1755 4548 jam
1784 4481 1934 4534 adve-

2069 4483 2157 4550 τῆς
2218 4480 2425 4544 πόλεως
2478 4479 2717 4532 εὐσεϐῶν
2779 4481 3260 4550 μεταμφιάζεσθαι
3293 4483 3376 4544 είς
3407 4484 3622 4552 ρακώόη

377 4586 578 4645 uisset,
612 4596 768 4636 mane
797 4590 917 4650 post
953 4580 1246 4633 matutinas
1277 4577 1466 4630 laudes
1502 4584 1556 4630 et
1589 4575 1776 4644 prima:
1803 4575 1930 4629 hora

2073 4568 2512 4652 ζματισμὸν,καξ
2537 4567 2952 4639 ἐπεισέρχεσθαι
3012 4571 3071 4621 ἐν
3126 4572 3192 4638 τῇ
3238 4569 3480 4640 φυλακῇ,
3539 4576 3626 4623 καὶ

381 4673 806 4737 absolutionem,
841 4671 989 4725 illam
1041 4685 1072 4724 a
1123 4669 1281 4723 nobis
1357 4668 1554 4737 smpius
1617 4665 1934 4721 celebratau

2072 4661 2189 4729 παρ’
2221 4659 2387 4712 αὑτοῦ
2427 4659 2770 4727 εὐλογεῖσθαι
2797 4662 2891 4712 καὶ
2917 4660 3288 4715 διδάσκεσθαι.
3324 4663 3625 4731 Παρελθου-

383 4765 807 4831 procuratricem
829 4761 1138 4825 accersivit,
1173 4759 1256 4814 cui
1283 4774 1466 4814 coram
1513 4757 1767 4812 Patribus
1820 4757 1896 4810 ait
1933 4777 1936 4810 :

2152 4770 2169 4803 ν
2197 4751 2254 4804 δὲ
2293 4751 2401 4804 τῶν
2429 4752 2674 4823 ἡμερῶν,
2710 4753 2806 4806 καὶ
2858 4754 2957 4820 τῆς
3013 4755 3346 4824 τριακοστῆς
3387 4755 3622 4826 ὀγδόηςο

381 4855 514 4909 Veni
553 4897 566 4919 ,
627 4853 935 4910 veneranda
1009 4864 1064 4908 et
1139 4851 1415 4906 benedicta
1483 4850 1696 4906 mulier.
1757 4849 1934 4906 Videa:

2072 4843 2271 4913 ἡμέρας
2299 4843 2733 4913 καταλαϐούσης,
2767 4845 2936 4898 ἕωθεν
2965 4847 3105 4916 μετά
3143 4847 3244 4916 τὴν
3286 4847 3511 4919 ὄρθριον
3543 4849 3625 4902 δο-

381 4943 544 5016 510
582 4945 744 5009 Deus,
769 4944 973 5012 tibique
1011 4943 1268 5012 rependat
1321 4953 1470 4996 tuam
1516 4957 1644 5010 erga
1687 4957 1772 4996 me
1799 4943 1934 4996 inde-

2072 4933 2302 5003 ξολογίαν
2322 4937 2415 4988 καὶ
2445 4935 2542 5014 τῆς
2573 4935 2796 5006 πρώτης
2837 4937 2988 5009 ῶρας
3012 4940 3111 5006 τὴν
3149 4940 3441 5005 ἀπόλυσιν,
3469 4941 3625 4995 πάλιν

315 5020 333 5042 κ
379 5037 580 5092 fessam
625 5050 838 5090 curam.
882 5033 1093 5089 Reddat
1139 5034 1236 5088 tibi
1270 5044 1484 5089 tuorum
1549 5033 1792 5088 laborum
1825 5030 1868 5086 ῐι

2074 5027 2274 5098 εκείνην
2319 5028 2420 5098 τὴν
2475 5028 2757 5098 πολλαχῶς
2809 5031 3258 5101 μακαριζομένην
3299 5034 3627 5104 ἐπισκεπτήο

380 5139 527 5184 ctum
564 5126 921 5196 cenlttplicem
951 5127 1019 5188 ⁸⁸,
1054 5125 1504 5194 quemadmodum
1560 5126 1613 5178 in
1659 5123 1933 5193 Evangelit

2072 5136 2214 5189 ιριαν
2277 5120 2910 5190 προσκαλεσάμενος,είς
2932 5124 3168 5192 ἐπήκοον
3206 5124 3314 5176 τῶν
3371 5127 3625 5196 Πατέρων

375 5219 640 5289 scriptum
703 5226 804 5270 est.
859 5213 1070 5269 Etenim
1131 5231 1252 5269 vera
1283 5231 1341 5268 cs
1387 5215 1648 5285 discipula
1689 5215 1806 5284 ejus
1859 5231 1927 5282 qu

2074 5208 2210 5264 almv
2245 5229 2259 5244 ο
2305 5211 2494 5283 Δεῦρο,
2541 5213 2694 5282 τιμία
2735 5218 2829 5266 καὶ
2859 5213 3202 5284 εὐλογημένη
3253 5218 3391 5287 γυνή
3425 5232 3437 5246 ·
3477 5217 3577 5270 τὸοι
3601 5218 3627 5270 ὁ

381 5311 518 5365 dixit
579 5328 592 5363 :
627 5307 694 5362 In
719 5319 975 5377 quantum
999 5306 1195 5375 fecistis
1227 5307 1314 5358 uni
1345 5321 1408 5359 ex
1433 5305 1514 5360 his
1549 5307 1800 5371 minimis,
1826 5305 1931 5356 mih

2073 5303 2190 5367 Βεδς
2235 5305 2324 5356 xxi
2357 5305 2739 5375 ἀντιμετρήσοι
2781 5306 2875 5376 τῆς
2915 5308 3063 5377 πρδς
3091 5308 3193 5378 ἐμέ
3247 5324 3342 5363 σου
3385 5309 3626 5364 ἀναπαῷ

450 5448 494 5478 ’⁵
520 5447 679 5500 Rom.
709 5444 945 5509 vm,18.
1023 5442 1068 5476 ’⁵
1093 5441 1226 5496 Luc.
1255 5457 1369 5505 νιιι,
1408 5444 1459 5496 8.

1686 5549 1922 5606 VARL‘E
1964 5549 2368 5605 LECTIONES.

453 5684 480 5715 ο
508 5676 575 5752 al.
605 5676 1109 5744 τριακοστοογδόης.
