3932 6214
333 412 466 484 116)

1441 417 1614 478 vna
1645 396 1708 474 's.
1751 413 2124 474 STEPHANI
2156 414 2540 476 JUNlORIS.

3435 415 3572 489 Ῑίτσ

329 548 468 592 σεως
488 527 548 582 τὸ
576 526 877 589 ἀνελλιπὲς,
907 522 1190 585 ἀποδιδούς
1225 538 1304 575 σοι
1338 523 1465 585 τοὺς
1511 521 1756 592 καρποὺς
1788 519 1895 572 τῶν

2005 521 2199 588 fecistis
2221 525 2265 556 ’⁷
2292 541 2306 576 :
2332 531 2406 590 el,
2443 522 2548 595 Qui
2593 524 2770 594 recipit
2811 527 3019 594 justum
3055 527 3112 582 in
3173 527 3382 582 nomine
3411 527 3573 598 justi,

330 621 507 673 πόνων
535 619 615 680 εἰς
645 613 860 678 ἑκατὸν,
902 609 1273 680 εὐαγγελικῶς
1321 611 1397 673 ὼς
1446 609 1542 662 καὶ
1567 609 1896 680 γέγραπται.

329 707 622 779 Μαθήτρια
647 705 758 777 γὰρ
815 701 1142 773 ἐπαληθείας
1197 697 1251 754 εἴ
1295 699 1389 755 τοῦ
1445 701 1688 762 εἰπόντος
1724 716 1736 728 ο
1779 699 1903 768 Ἐφ’

329 799 482 851 ὅσον
498 793 823 860 ἐποιήσατε
845 791 936 845 ἐνί
963 791 1193 844 τούτων
1227 787 1347 841 τῶν
1387 787 1746 854 ἐλαχίστων,
1770 783 1900 854 ἐμοὶ

328 886 672 952 ἐποιήσατε.
706 882 836 944 Καὶ,
882 881 938 933 '0
963 872 1289 946 δεχόμενορ
1333 874 1574 949 δίκαιον,
1601 875 1688 938 εἰς
1717 872 1905 940 ὄνομα

328 977 584 1041 δικαίου,
595 973 818 1045 μισθὸν
845 963 1377 1036 δικαίουᾮήψεται.
1393 966 1490 1049 ,Διὸ
1515 967 1542 1019 6
1575 965 1776 1035 Κύριος
1790 962 1900 1035 δῴη

345 1086 414 1120 τοι
450 1063 1009 1123 ἑκατονταπλασίονα,
1052 1060 1168 1131 μετ’
1198 1058 1421 1112 ἐκείνων
1462 1073 1522 1110 σε
1546 1055 1903 1110 κατατάττων

346 1157 439 1210 τῶν
483 1154 688 1211 πιστῶν
733 1151 963 1222 Μαριῶν
1012 1151 1108 1204 καί.
1155 1147 1334 1216 σοφῶν
1367 1144 1663 1214 γυναικῶν,
1719 1143 1814 1198 τοῦ
1842 1159 1902 1196 τε

353 1249 542 1302 ίλωπᾶ
585 1246 682 1300 καὶ
716 1244 872 1314 ἰωσὴ
900 1231 1187 1312 τ,”ῐωσήφ
1239 1255 1300 1291 τε
1347 1239 1444 1292 καὶ
1491 1237 1755 1306 ’Ῑωακείμ
1807 1235 1902 1288 καὶ

349 1337 590 1410 ἰῙάρθας.
647 1335 832 1392 Ταῦτα
895 1332 1028 1402 γοῦν
1081 1332 1179 1385 καὶ
1225 1329 1448 1382 πλείονα
1478 1327 1686 1380 τούτων
1733 1329 1902 1378 ἐπευ-

351 1429 580 1498 ξάμενος,
612 1424 750 1497 ἄρας
795 1422 894 1494 τὴν
944 1420 1454 1492 σαρκομοιόμορφον
1503 1415 1656 1469 θείαν
1719 1412 1904 1466 εἰκόνα

352 1521 424 1572 ςοῦ
450 1516 702 1588 Σωτῆρος
735 1514 831 1568 καὶ
855 1512 965 1566 τῶν
995 1511 1164 1565 αὐτοῦ
1246 1507 1502 1580 μαθητῶν
1549 1505 1758 1576 Πέτρου
1807 1505 1903 1557 καὶ
1942 1539 1956 1544 -

358 1607 550 1663 Ιαύλου
587 1645 603 1672 ,
661 1601 894 1660 δέδωκεν
954 1604 1092 1674 αὐτῇ
1155 1601 1326 1656 εἰπών
1361 1615 1376 1632 ο
1449 1595 1732 1651 Ἔστωσάν
1815 1611 1900 1648 σοι

354 1695 486 1754 abeat
512 1694 769 1769 φρούριον
817 1698 875 1748 ἐν
923 1697 990 1765 τῇ
1029 1693 1139 1763 ζωῇ
1201 1692 1294 1745 καὶ
1329 1690 1431 1760 τῆς
1482 1686 1763 1757 ὀρθοδόξου
1809 1687 1899 1740 πί-

355 1805 506 1851 ·τεως
567 1787 838 1858 ἐνέχυρον.
873 1785 983 1838 Καὶ
1033 1785 1176 1855 μέγα
1240 1778 1480 1850 οἰμώξας
1543 1779 1898 1848 ἀπεφήνατο,

2003 611 2287 666 mercedem
2301 613 2436 682 justi
2457 615 2670 682 accipiet
2693 615 2760 668 ⁸⁸.
2789 616 2972 684 Quare
3033 616 3125 671 det
3152 617 3248 672 tibi
3306 617 3564 674 Dominus

2005 705 2336 773 centuplum,
2363 716 2522 776 teque
2557 723 2677 762 cum
2699 709 2947 766 ﬁdelibus
2976 708 3164 765 llariis
3211 719 3266 764 et
3306 711 3570 778 sapienti-

2005 793 2106 848 lms
2135 795 2476 862 mulieribus,
2507 797 2772 868 Cleopha,
2811 799 2960 866 Jose,
2993 799 3214 870 Joseplt,
3237 798 3484 856 Joachim
3516 811 3567 855 et

2005 881 2216 938 Martha
2245 885 2492 942 collucet.
2521 886 2646 944 liae
2687 897 2740 944 et
2774 889 2927 959 plura
2977 890 3082 946 alia
3133 899 3406 962 precatus,
3449 891 3572 946 tulit

2005 974 2239 1030 divinam
2269 976 2564 1035 Salvatoris
2592 979 2778 1038 formae
2793 997 3068 1054 corporea:
3083 983 3395 1052 imaginem,
3425 983 3569 1053 ejus.

2003 1077 2110 1132 que
2134 1065 2516 1136 discipulorum
2553 1067 2696 1124 Petri
2723 1079 2779 1124 et
2809 1069 2983 1136 Pauli,
3004 1085 3142 1142 quas
3195 1070 3462 1141 imagines
3491 1068 3567 1124 illi

2007 1155 2216 1212 mulieri
2285 1158 2454 1226 dedit,
2491 1159 2727 1217 dicens:
2765 1161 2886 1218 Sint
2942 1163 3040 1217 tibi
3102 1163 3184 1218 hac
3229 1161 3492 1232 imagines
3514 1161 3568 1215 in

2003 1247 2310 1313 praesidium
2347 1263 2442 1318 per
2471 1259 2614 1306 tuam
2638 1252 2828 1318 vitam,
2855 1261 2909 1308 et
2929 1252 2983 1308 in
3011 1252 3202 1322 pignus
3250 1251 3570 1306 orthodoxa:

2005 1333 2149 1390 fidei.
2204 1333 2398 1408 Magno
2435 1351 2618 1410 postea
2646 1343 2848 1412 gemitu
2898 1343 3043 1398 edito
3065 1343 3142 1398 ait
3171 1360 3187 1400 :
3218 1341 3483 1398 Postridie
3503 1355 3568 1396 ex

2005 1423 2090 1478 his
2119 1423 2250 1480 locis
2273 1428 2572 1496 emigrabo,
2604 1433 2670 1485 ad
2721 1431 2998 1502 aiiumque
3027 1431 3288 1487 mundum
3333 1421 3386 1487 et
3426 1430 3572 1502 iudi-

2003 1528 2120 1570 cem
2179 1517 2513 1587 prollciscar.
2550 1521 2666 1578 Non
2727 1537 2917 1592 parum
2975 1531 3155 1577 autem
3213 1522 3406 1593 lugens
3453 1538 3574 1576 mu-

2005 1604 2125 1670 lier,
2174 1617 2418 1677 acceptas
2471 1610 2756 1680 imagines,
2783 1626 2921 1680 quas
2981 1627 3154 1682 nuper
3202 1620 3395 1666 sancto
3456 1610 3572 1664 viro

2004 1693 2292 1762 obtulerat,
2351 1698 2422 1752 ob
2465 1708 2666 1755 metum
2733 1701 3019 1770 impiorum
3088 1701 3570 1757 lconocaustarmn

2003 1785 2222 1842 sudario
2273 1787 2514 1856 involvit,
2570 1805 2860 1862 rursusque
2894 1792 3116 1848 'relicto
3155 1805 3381 1848 carcere
3427 1790 3571 1845 domi
3641 1811 3652 1822 κ

339 1898 414 1934 ..τι
465 1880 544 1950 Τῇ
603 1877 866 1948 ἐπαύριον
919 1875 1031 1930 τῶν
1087 1875 1214 1946 τῇδε
1269 1874 1511 1942 ἀπάρας,
1550 1871 1688 1938 πρὸς
1738 1869 1898 1924 ἄλλον

2005 1877 2231 1932 vacavit.
2281 1877 2513 1936 Sanctus
2544 1895 2670 1937 vero
2723 1881 2886 1937 Pater
2915 1882 3186 1949 omnibus,
3214 1881 3306 1952 qui
3361 1883 3413 1935 in
3459 1893 3576 1934 car-

331 1970 533 2040 κόσμον
604 1967 699 2022 καὶ
763 1965 954 2038 κριτὴν
1023 1964 1344 2035 πορεύομαι.
1381 1962 1448 2015 Ἦ
1496 1961 1554 2014 δὲ
1587 1961 1647 2014 οὐ
1695 1959 1906 2032 μικρῶς

333 2061 674 2132 θρηνήσασα,
731 2059 830 2112 καὶ
877 2057 977 2120 τὰς
1029 2053 1220 2126 πρώην
1265 2049 1717 2120 προσενείκοῦσα
1740 2049 1902 2118 ἁγίας

2009 1980 2135 2020 cere
2157 1980 2280 2022 cum
2325 1969 2442 2038 ipso
2466 1973 2843 2038 servabantur,
2869 1971 3233 2042 congregatis,
3263 1985 3362 2041 per
3405 1977 3572 2024 totam

2011 2067 2220 2112 noctem
2246 2059 2455 2116 divinas
2476 2061 2666 2118 laudes
2697 2063 2960 2118 celebrari
2988 2064 3177 2134 jussit.

332 2152 546 2214 εἰκόνας
585 2153 652 2205 ἐκ
674 2149 769 2203 τοῦ
789 2149 944 2216 άγίου
970 2147 1242 2216 εἰληφυῖα,
1287 2143 1596 2216 ἐγχειριδίῳ
1623 2159 1682 2194 τε
1703 2142 1950 2208 εἰλίξασα
1985 2145 2072 2202 διὰ
2103 2148 2195 2202 τδν
2231 2150 2395 2220 φόϐον
2423 2151 2534 2207 τῶν
2567 2153 2744 2208 ἀθέων
2772 2153 3248 2222 Εἰκονοκαυστῶν,
3277 2147 3434 2214 αὖθις
3473 2151 3574 2222 τῆς

332 2243 555 2313 εἱρκτῆς
580 2241 862 2310 ἀπάρασα,
923 2237 1104 2323 οἴκαδε
1143 2233 1454 2305 ἐσχόλαζεν.
1497 2235 1556 2286 '0
1595 2229 1689 2286 οὖν
1737 2233 1924 2304 Πατὴρ
1959 2237 2082 2292 τότε
2133 2239 2280 2296 ἅπαν
2341 2244 2402 2297 τὸ
2441 2249 2628 2315 στῖφος
2683 2245 2792 2300 τῶν
2850 2245 3240 2317 συνδεσμωτῶν
3275 2243 3568 2323 ἐκκλησιάο

335 2354 456 2398 σας,
505 2336 774 2404 πάννυχον
821 2322 1096 2402 ὑμνῳδίαν
1153 2327 1536 2398 ἐκτελεσθῆναι
1585 2327 1904 2398 πεποίηκεν.

417 2428 476 2484 '0
499 2429 556 2482 δὲ
595 2426 914 2500 φερώνυμος
945 2423 1170 2496 Δράκων
1209 2424 1306 2477 καὶ
1347 2420 1696 2494 τυραννώδης
1737 2421 1892 2492 βασι-

2077 2423 2292 2479 lnterim
2315 2438 2374 2480 re
2401 2433 2459 2481 et
2485 2427 2702 2482 nomine
2748 2427 2915 2482 Draco
2939 2467 2954 2492 ,
2984 2425 3141 2497 5n
3188 2436 3352 2497 atque
3377 2438 3573 2500 tyran-

333 2519 480 2582 ὶεϋς,
531 2519 561 2571 6
593 2519 774 2571 πᾶσαν
831 2515 1148 2584 Ἑλληνικὴν
1204 2513 1436 2584 σπονδὴν
1483 2512 1897 2583 μυσαρωτάτως

2006 2514 2160 2570 uicus
2200 2515 2512 2586 imperator,
2553 2516 2646 2588 qui
2706 2517 2886 2572 omnia
2953 2517 3233 2586 gentilium
3287 2515 3594 2573 libamenta-

335 2607 592 2673 ἐκτελῶν,
637 2607 698 2661 τὸ
739 2607 861 2660 κατ’
897 2607 1076 2660 ἐκεῖνο
1133 2603 1327 2676 καιροῦ
1382 2603 1750 2674 Βρουμάλιον,
1780 2602 1900 2671 ἦτοι

336 2695 910 2777 ἐορτὴνβαιμονιὼδη,
939 2693 1204 2777 ἐξετέλει,
1242 2695 1493 2748 Διόνυσον
1519 2693 1614 2748 καὶ
1653 2691 1902 2764 Βροῦμον

335 2771 597 2862 εὐφημῶν
627 2791 707 2853 εἰς
733 2788 834 2860 τὴν
872 2788 1042 2859 αὐτὴν
1071 2771 1312 2857 τελετὴν,
1345 2785 1420 2849 ὡς
1441 2783 1548 2838 τῶν
1572 2784 1903 2856 σπερμάτων

336 2883 430 2936 καὶ
465 2881 560 2934 τοῦ
588 2879 729 2934 οῐνου
748 2876 1182 2949 γενεσιουργούς.
1220 2877 1310 2953 Ἐν
1331 2874 1506 2947 ταύτῃ
1531 2874 1589 2928 δέ
1613 2875 1681 2944 τῇ
1718 2871 1904 2943 ἡμέρᾳ

336 2971 573 3042 πρωίθεν
628 2969 958 3038 συγκαθίσας
1010 2969 1103 3022 ἐπὶ
1162 2967 1260 3032 τὰς
1323 2965 1432 3020 τῶν
1479 2963 1686 3035 σχολῶν
1741 2964 1903 3028 στοὰς

339 3062 479 3132 μετὰ
521 3059 630 3114 τῶν
668 3059 831 3114 αὐτοῦ
891 3059 1208 3130 όμοφρόνων
1236 3055 1558 3128 κιθαρῳδῶν
1591 3064 1641 3118 8,
1673 3054 1904 3126 μελέτην

2009 2598 2326 2668 impiissime
2350 2601 2631 2659 celebrare
2668 2603 2898 2670 solebat,
2935 2603 3208 2658 Brumalia
3231 2604 3348 2660 sive
3371 2607 3572 2664 daemo-

2009 2691 2094 2744 nis
2132 2689 2327 2746 festum
2351 2691 2680 2762 celebrabat,
2713 2693 2767 2749 in
2806 2707 2914 2764 quo
2953 2693 3207 2748 nimirum
3249 2692 3572 2767 Dionysium

2008 2791 2062 2834 et
2095 2780 2354 2837 Brumqu
2411 2793 2669 2854 tanquam
2721 2785 2989 2839 seminum
3041 2796 3091 2838 et
3152 2784 3260 2840 vini
3323 2795 3574 2842 auctores

2011 2871 2256 2928 laudibus
2309 2873 2619 2930 extollebat.
2667 2874 2763 2930 Illa
2825 2889 2957 2946 ergo
3035 2877 3126 2930 die
3205 2891 3362 2933 mane
3437 2882 3575 2946 apud

2011 2961 2328 3018 Scbolarum
2380 2965 2626 3034 porticus
2685 2981 2790 3020 una
2861 2982 2984 3022 eum
3056 2966 3157 3022 sibi
3225 2969 3576 3024 consentien-

1985 3051 2156 3109 'tibus
2199 3055 2514 3111 cithartndis
2571 3057 2788 3124 sedens,
2815 3067 3025 3126 turpem
3080 3057 3294 3126 Dcoque
3353 3073 3576 3114 exoSam

336 3153 569 3205 ἐποιεῖτο
587 3151 796 3222 ἄσημον
817 3151 910 3204 καί
921 3149 1056 3203 Θεοῦ
1081 3148 1326 3220 ἐχθρὼδη
1347 3149 1481 3217 πρὸς
1502 3149 1602 3216 τὴν
1624 3147 1904 3216 παροῦσαν

2011 3147 2263 3212 praesenti
2289 3144 2532 3201 libationi
2559 3161 2779 3218 operam
2827 3146 3011 3209 dabat,
3038 3148 3091 3200 in
3142 3161 3303 3216 quam
3361 3149 3576 3218 quidem

337 3241 590 3313 σπονδὴν,
611 3243 670 3295 ἐν
699 3236 813 3314 ᾗτὺ
843 3243 1105 3312 στοιχεῖον
1133 3239 1228 3294 τοῦ
1253 3241 1512 3310 πέμπτου
1531 3240 1858 3310 γράμματος
1879 3239 1908 3279 h

2010 3234 2322 3290 libationem
2349 3237 2616 3292 inciderat
2641 3240 2842 3308 quinta:
2872 3231 3065 3292 lilterm
3095 3235 3444 3303 elementum,
3473 3255 3572 3294 no-

339 3332 642 3402 ἐπεφθάκει
667 3370 683 3396 ,
717 3329 885 3401 ὄνομα
927 3331 1090 3400 φέρον
1119 3329 1218 3399 τῆς
1273 3329 1438 3384 αὐτοῦ
1480 3328 1674 3400 τρίτης
1719 3343 1904 3399 μοιχα-

2012 3339 2132 3378 men
2160 3322 2340 3378 ferens
2369 3325 2540 3380 tertiae
2559 3325 2676 3395 ejus
2699 3325 3002 3381 meretricis
3037 3327 3278 3380 mulieris
3305 3328 3576 3385 Eudociar.

333 3423 477 3486 λίθος
504 3422 761 3490 γυναικὸς
787 3421 1072 3484 Εὐδοκίας.
1112 3421 1223 3474 Kal.
1269 3419 1539 3490 ἀνηνέχθη
1577 3417 1730 3489 αὐτῷ
1759 3419 1904 3489 παρά

2010 3417 2110 3473 llic
2133 3418 2208 3473 illi
2237 3419 2306 3474 ab
2340 3420 2608 3489 aliquibus
2629 3421 2848 3476 Christo
2876 3419 3102 3474 infensis
3142 3421 3443 3474 nuntiatum
3469 3429 3574 3486 est,
3625 3444 3629 3448 ~

335 3533 500 3570 τινων
525 3516 911 3587 μισοχρίστων,
926 3516 1115 3587 ὅτιπερ
1133 3514 1277 3568 ὁτῶν
1301 3511 1731 3584 άμνημονεύτων
1749 3512 1904 3582 ἐξαρο

336 3625 429 3678 χος
457 3607 728 3678 Στέφανος
740 3609 768 3660 6
785 3605 880 3661 τοῦ
895 3606 1181 3673 Αὐξεντίου
1196 3605 1256 3658 τὸ
1283 3604 1614 3676 πραιτώριον
1637 3604 1908 3674 μοναστή-

339 3697 743 3769 ριονέποίησεν,
769 3699 1072 3767 παννύχους
1092 3695 1365 3768 ὑμνῳδίας
1384 3694 1616 3748 ἐκτελῶν
1639 3693 1866 3764 ἐνάὑτῷ
1889 3709 1903 3724 ο

337 3790 434 3844 καί
465 3789 670 3852 πάντες
717 3790 766 3842 οἰ
802 3791 862 3842 ἐν
933 3791 1000 3860 τῇ
1038 3787 1190 3841 πόλει
1227 3789 1364 3856 πρὸς
1409 3786 1571 3840 αὑτῦν
1623 3785 1908 3857 τρέχοντες

335 3877 742 3948 εἰδωλολατρεῖν
775 3879 1200 3934 ἐκδιδάσκονται.
1243 3878 1300 3931 ὐ
1330 3879 1385 3932 δέ
1405 3877 1671 3948 τύραννος
1697 3877 1905 3932 τούτων

336 3968 600 4034 ἀκούσας,
663 3969 756 4024 καὶ
800 3968 1112 4040 ὕπερζέσας
1167 3968 1244 4039 τῷ
1293 3968 1472 4039 θυμῷ,
1530 3969 1908 4040 προσκαλεσά·

338 4077 500 4131 μενος
551 4059 648 4113 Eva
704 4059 906 4130 ξιφήρη
954 4057 1145 4130 ἄνδρα,
1179 4061 1245 4130 τῇ
1293 4059 1386 4111 τοῦ
1443 4059 1718 4130 Προξίμου
1779 4059 1906 4131 ἀξίᾳ

336 4149 788 4221 καταλεγόμενον,
813 4151 1152 4220 ἀπεφήνατο,
1181 4149 1448 4214 κελεύσας
1472 4150 1664 4204 τοῦτον
1695 4152 1905 4222 ἀπᾶραι

335 4242 512 4312 πέραν
530 4241 623 4295 τοῦ
657 4241 850 4304 ἄστεος
895 4241 989 4293 τὸν
1018 4239 1185 4300 ὅσιον,
1223 4239 1352 4294 ἔνθα
1388 4237 1457 4310 ἦν
1485 4241 1514 4292 6
1543 4239 1742 4302 σεπτὺς
1775 4239 1905 4303 ναὸς

340 4332 436 4402 τῆς
466 4331 627 4400 ἁγίας
660 4332 756 4386 καί
800 4329 1108 4385 καλλινίκου
1143 4329 1423 4401 μάρτυρος
1453 4329 1710 4399 Μαύρας,
1735 4329 1904 4400 ὅνπερ

291 4428 296 4434 ’
333 4425 363 4477 6
397 4425 649 4494 μισάγιος
689 4423 794 4487 ἓως
853 4421 1088 4491 ἐδάφους
1143 4421 1520 4490 κατασκάψας,
1551 4421 1903 4490 φονευτήριον

334 4513 735 4584 ἐποίησεν,καί
781 4512 1016 4582 Μαῦραν
1065 4510 1157 4564 τὸν
1218 4509 1386 4563 τόπον
1421 4509 1729 4579 ὠνόμασεν,
1773 4507 1905 4562 ἔνθα

333 4605 432 4658 καὶ
458 4583 558 4666 τὰς
589 4583 725 4671 πρὸς
748 4603 876 4664 τοὺς
901 4600 1162 4668 δαίμονας
1193 4599 1467 4670 συνθήκας
1502 4599 1759 4654 ἐποιεῖτο.
1793 4599 1904 4652 Καὶ

271 4740 278 4746 .
336 4691 694 4763 μαρτυρεῖ’τὺ
709 4692 788 4752 εἰς
819 4689 1011 4743 θυσίαν
1039 4689 1190 4742 δοϐἐν
1211 4688 1308 4742 τοῦ
1338 4688 1681 4759 Σουφλαμίου
1705 4689 1902 4742 παιδά-

335 4799 474 4854 ριον,
509 4783 640 4852 περὶ
670 4775 732 4834 οὗ
767 4782 870 4834 οὐκ
911 4780 1060 4833 ἔστιν
1119 4780 1313 4851 καιρὸς
1359 4778 1738 4849 διηγήσασθαι.
1773 4773 1904 4832 Εἶτα

332 4870 582 4942 παρευθὺ
637 4869 918 4936 διετάξατο
990 4871 1359 4941 ἐπερωτήσεις
1431 4871 1526 4922 καὶ
1571 4869 1904 4922 ἀνασκυλευιο

333 4961 510 5030 σμοῦς
550 4961 566 5002 ί
602 4963 659 5013 ἐν
687 4964 754 5030 τῇ
791 4963 943 5014 πόλει
970 4960 1244 5030 γενέσθαι.
1269 4960 1378 5012 Καὶ
1410 4960 1562 5023 ὅστις
1589 4955 1756 5030 εῖχεν,
1789 4959 1901 5012 εἴτε

333 5052 663 5123 συγγενῆ,ἢ
717 5053 958 5124 φίλον,ἢ
1015 5051 1408 5122 άγχιστεύοντα
1458 5050 1554 5104 τοῦ
1610 5051 1902 5122 μοναχικοῦ

331 5143 641 5211 καταλόγου
691 5143 834 5205 τινὰ,
871 5143 904 5214 ἢ
957 5146 1062 5198 κᾶν
1105 5145 1322 5213 ἱμάτιον
1361 5142 1730 5212 μελεμδαφές,
1767 5145 1904 5212 μετὰ

331 5232 576 5302 δαρμοὺς
619 5234 952 5305 ἀφορήτους,
981 5235 1169 5305 ἐξορίᾳ
1223 5236 1645 5306 παρεπέμπετο.
1683 5236 1790 5288 Καὶ
1833 5229 1902 5304 ἦν

337 5322 470 5377 ἰδεῖν
517 5325 804 5395 ἐπίχαρμα
851 5325 1060 5398 ἐχθρῶν
1093 5325 1488 5396 παραδιδόντας
1536 5324 1632 5388 οὓς
1685 5325 1897 5396 ἡθελον.

401 5478 451 5510 ⁸⁷
475 5478 664 5534 Matth.
695 5494 821 5546 xxv,
853 5479 940 5533 40.
1019 5479 1065 5511 ’⁸
1090 5478 1280 5534 Matth.
1312 5497 1364 5544 κ,
1396 5479 1488 5532 41.

2012 3509 2346 3579 Stephanum
2387 3510 2662 3573 Auxentii,
2709 3508 3062 3565 nefandorum
3119 3510 3338 3576 ducem,
3379 3521 3576 3578 praeto-

2011 3600 2149 3652 rium
2189 3599 2577 3656 monasterium
2611 3599 2875 3664 ell'ecisse,
2907 3599 3190 3670 pervigiles
3255 3600 3442 3654 laudes
3503 3601 3578 3655 ibi

2007 3704 2290 3760 peragere,
2323 3705 2511 3746 omnes
2533 3692 2678 3747 cives
2703 3693 2767 3746 ad
2797 3691 2944 3746 illum
2979 3705 3267 3746 accurrere
3298 3702 3352 3746 ct
3402 3691 3574 3746 idolo-

2007 3780 2176 3835 latras
2231 3794 2354 3836 esse
2407 3781 2613 3837 doceri.
2644 3779 2851 3848 Quibus
2922 3783 3144 3849 auditis,
3175 3791 3440 3855 tyrannus
3495 3783 3575 3836 ira

2007 3873 2434 3939 excandescens,
2471 3889 2636 3929 unum
2683 3873 2972 3930 satellitem
3025 3873 3264 3930 Proximi
3315 3873 3575 3944 dignitate

2009 3963 2272 4034 insignem
2299 3963 2604 4030 accersivit,
2635 3964 2849 4034 lataque
2875 3967 3140 4021 sententia
3182 3964 3258 4020 illi
3301 3963 3486 4034 jussit,
3518 3974 3578 4018 ut

2007 4065 2254 4108 sanctum
2299 4053 2632 4125 Stephanum
2689 4055 2826 4110 ultra
2858 4057 3044 4110 urbem
3082 4056 3302 4111 duceret
3357 4057 3408 4110 in
3441 4071 3568 4108 eum

2007 4143 2207 4208 locum,
2238 4145 2325 4200 ubi
2375 4157 2661 4215 augustum
2704 4155 2908 4200 sancta:
2965 4147 3312 4214 victoriisque
3361 4145 3575 4216 inclytae

2005 4235 2260 4306 martyris
2295 4228 2495 4291 blanraé
2525 4237 2778 4306 templum
2823 4236 2983 4292 situm
3019 4245 3156 4301 erat,
3185 4237 3327 4306 quod
3358 4237 3574 4307 quidem

2007 4327 2096 4380 ille
2126 4335 2438 4382 sanctorum
2465 4328 2637 4382 hostis
2670 4328 2736 4382 ad
2765 4327 3133 4397 pavimentum
3161 4343 3328 4398 usque
3355 4329 3573 4390 evertit,

2006 4428 2060 4471 et
2091 4418 2316 4472 caadimn
2341 4417 2511 4472 locum
2547 4417 2698 4483 l’ecit,
2719 4417 2915 4474 Maura:
2950 4417 3168 4474 nomine
3189 4419 3362 4474 eidem
3381 4417 3569 4473 indito.

1992 4508 2106 4564 llic
2134 4508 2297 4580 512
2322 4511 2482 4564 etiam
2513 4524 2634 4566 cum
2692 4510 3022 4566 dmmonibns
3076 4519 3230 4576 pacta
3295 4510 3483 4576 inibat,
3519 4521 3577 4565 ut

2010 4602 2162 4656 testis
2187 4613 2272 4656 est
2319 4603 2616 4670 Suphlamii
2657 4602 2915 4674 puerulus
2980 4603 3030 4656 in
3067 4603 3339 4657 victimam
3395 4603 3576 4667 datur,

2007 4693 2072 4746 de
2100 4707 2208 4761 quo
2257 4692 2402 4762 loqui
2469 4696 2750 4763 praesentis
2805 4709 2910 4748 non
2961 4702 3044 4748 est
3074 4696 3352 4762 temporis.
3383 4693 3574 4749 Postea

2008 4799 2130 4838 mox
2190 4785 2410 4840 mandat
2463 4787 2938 4864 interrogationem
2994 4795 3049 4840 et
3115 4785 3464 4854 quaestionem
3521 4786 3574 4841 in

2009 4871 2143 4926 urbe
2173 4871 2313 4928 ﬂeri.
2339 4871 2594 4941 Quisquis
2663 4888 2790 4927 vero
2809 4874 2906 4954 .ch
2957 4885 3271 4946 cognatum,
3304 4875 3384 4929 vel
3435 4877 3574 4928 ami-

2010 4977 2157 5028 cum,
2193 4977 2286 5018 seu
2336 4964 2574 5018 vicinum
2603 4965 2833 5034 aliquem
2870 4981 2900 5019 c
2925 4967 3224 5022 monastico
3252 4968 3465 5036 ordine,
3491 4969 3572 5020 vel
3670 4981 3676 4990 ‘

2005 5052 2170 5106 etiam
2195 5063 2394 5108 vestem
2425 5061 2598 5106 atram
2658 5054 2913 5123 habebat,
2943 5055 3258 5113 verberibus
3281 5057 3576 5114 saevissime

2005 5157 2177 5197 caesus
2200 5143 2252 5198 in
2277 5143 2528 5199 exsilium
2585 5145 2920 5201 mittebatur.
2953 5146 3102 5204 Tunc
3131 5162 3356 5205 cernere
3381 5148 3581 5202 licebat

2007 5234 2350 5291 inimicorum
2383 5236 2656 5306 gaudium,
2682 5239 2770 5307 qni
2797 5254 2934 5308 quos
2964 5239 3220 5294 volebant
3249 5237 3570 5308 prodebant.

2005 5323 2109 5396 Ipsi
2135 5325 2298 5380 etiam
2357 5327 2500 5382 servi
2551 5330 2710 5385 heros
2774 5345 2900 5386 suos
2957 5331 3293 5388 deferebant.
3332 5329 3574 5398 Denique

1673 5589 1906 5644 ΥᾹΙὶΙᾸί
1933 5588 2342 5650 LECTIONES.

405 5755 429 5798 ί
462 5755 532 5810 al.
577 5756 756 5826 Ὠσηέ.
836 5759 862 5796 ε
887 5755 957 5810 al.
993 5756 1308 5826 κιθαρρδῶς

1405 5757 1431 5796 ιι
1460 5757 1529 5810 al.
1567 5756 1671 5810 τοῦ.
1711 5764 1749 5811 ε’
1777 5757 2101 5828 γράμματος

2205 5761 2219 5799 ί
2258 5759 2330 5814 al.
2366 5757 2838 5830 άναακυλευμοὺςτ
2872 5757 2936 5813 al;
2970 5754 3379 5829 άνο

2935 5853 2970 5884 \
