3932 6214
434 411 563 476 1171

1590 389 1964 456 STEPHANI
2007 385 2312 446 DIACONI
2351 385 2458 444 ΟΡ.

3523 368 3682 429 117?.

430 526 592 582 ﬂetus
618 533 672 579 et
693 522 922 592 gemitus
943 534 1047 573 non
1076 530 1274 586 parvus
1299 512 1615 584 Byzantium
1667 505 1987 572 occupabat,

2096 497 2206 549 Kal.
2232 494 2409 548 δοῦλοι
2429 491 2693 554 δεσπότας
2731 487 3032 542 διέϐαλλον.
3063 483 3174 538 Καὶ
3197 477 3266 554 ἢν
3293 479 3535 550 ὀδυρμὸς
3566 479 3679 530 καὶ

437 631 544 675 uno
575 613 812 682 gravior,
841 623 1006 678 quam
1038 607 1130 676 qui
1185 604 1312 659 olim
1375 601 1658 670 impiorum
1701 595 1902 653 Juliani
1938 603 1994 650 et

437 707 678 762 Valentis
707 699 1038 770 temporibus
1062 697 1366 752 exstiterat.

504 796 680 850 Porro
701 794 790 848 ille
809 791 1095 846 Proximus
1145 796 1390 842 sanctum
1452 784 1628 837 virum
1657 795 1689 835 e
1742 775 1994 849 praetorio

433 885 686 947 :ustulit;
714 895 946 950 cumque
965 878 1158 934 collum
1177 876 1294 946 ejus
1320 883 1375 928 et
1403 886 1592 927 manus
1621 870 1765 940 ligno
1787 865 1994 937 vinxis-

431 987 534 1038 σοι,
565 973 713 1042 jussa
731 969 954 1040 exsequi
981 968 1294 1024 festinabat.
1330 961 1615 1034 Tyrannus
1643 968 1818 1012 autem
1842 970 1872 1010 e
1900 969 2017 1022 pas

432 1066 564 1120 latio
590 1076 862 1130 egressus,
903 1060 956 1114 in
1008 1057 1157 1112 illum
1212 1057 1312 1109 via:
1360 1053 1586 1123 publicae
1639 1050 1812 1104 locum
1861 1045 1992 1106 ibat.

431 1169 590 1223 quem
623 1151 825 1206 Milium
847 1148 1138 1218 appellant.
1167 1145 1284 1212 Quo
1309 1143 1524 1210 quidem
1548 1141 1600 1194 in
1629 1137 1843 1208 publico
1879 1135 1994 1188 loco

429 1265 480 1297 ει-
524 1243 716 1312 priscis
771 1242 980 1310 piorum
1044 1239 1429 1306 imperatorum
1492 1230 1820 1299 temporibus
1897 1241 1994 1281 sex

429 1343 634 1388 Sancta:
657 1330 1008 1386 tecumenicze
1029 1329 1218 1400 synodi
1248 1325 1475 1394 depicta:
1505 1321 1780 1392 propalam
1809 1327 1994 1371 exsta-

431 1423 578 1483 bant.
612 1419 876 1486 iidemque
907 1416 1262 1470 orthodoxam
1313 1412 1551 1476 rusticis,
1589 1407 1886 1480 peregrinis
1941 1413 1996 1458 et

430 1510 656 1580 privatis
707 1507 1014 1564 hominibus
1065 1503 1458 1575 praedicabant.
1497 1499 1719 1564 Verum,
1747 1511 1841 1552 eas
1895 1493 1993 1548 Ba.

431 1601 712 1670 bylonicus
762 1596 924 1666 513
965 1605 1224 1664 tyrannus
1269 1592 1376 1646 illis
1426 1590 1614 1645 diebus
1651 1587 1874 1640 inducta
1915 1583 1995 1652 pi-

433 1702 584 1743 ctura
618 1686 839 1751 delevit,
874 1699 1104 1755 quarum
1145 1683 1197 1737 in
1225 1681 1342 1736 loco
1380 1680 1699 1734 Satanicum
1766 1675 1993 1738 circum,

393 1777 797 1846 («immanisque
831 1783 1102 1830 amantem
1122 1772 1365 1839 aurigam
1387 1769 1599 1838 depingi
1619 1766 1800 1837 jussit,
1833 1777 1992 1834 quem

432 1869 696 1940 aurigam,
728 1876 790 1922 ut
837 1865 942 1922 sibi
993 1863 1397 1926 cbarissimum,
1429 1860 1707 1914 uranicum
1741 1895 1758 1920 ,
1802 1856 1856 1909 id
1914 1861 1998 1908 est

431 1961 730 2025 cmlestem,
755 1958 1054 2014 nominavit
1085 1957 1150 2021 is,
1187 1955 1278 2025 qui
1325 1953 1464 2010 coelo
1491 1959 1544 2006 et
1575 1961 1717 2005 terra
1743 1946 1996 2015 indignus

431 2059 570 2104 erat.
605 2048 696 2104 Sic
727 2047 874 2102 illum
929 2047 1139 2103 sanctis
1185 2044 1436 2100 Patribus
1463 2037 1808 2110 anteposuit.
1839 2033 1993 2102 Quis,

429 2153 632 2206 quzesu,
663 2138 889 2191 horrore
941 2143 997 2190 et
1033 2143 1260 2205 stupore
1319 2146 1426 2188 non
1477 2125 1996 2202 percellstur20uis

433 2228 547 2296 ejus
581 2227 940 2283 temeritatem
1009 2241 1118 2282 non
1183 2224 1436 2286 irriserit,
1473 2222 1580 2276 imo
1609 2236 1713 2274 non
1760 2214 1996 2272 luxerit?

431 2318 496 2379 0,
525 2315 774 2372 Salvator
805 2329 979 2382 meus,
1014 2326 1160 2369 tuam
1193 2323 1320 2368 tunc
1367 2311 1632 2366 inﬁnitam
1681 2307 1994 2378 patientiam

431 2419 481 2461 et
513 2406 826 2461 lenitatem!
855 2405 1116 2461 Posthac
1173 2415 1433 2474 tyrannus
1485 2401 1540 2456 in
1564 2400 1666 2454 hoc
1717 2395 1996 2454 Miliiloco

431 2495 753 2564 praesidens,
771 2494 1024 2548 oumibus
1053 2493 1150 2562 ipsi
1170 2488 1623 2562 applaudentibus
1650 2487 1875 2555 ejusque
1889 2482 1997 2536 lau-

431 2587 526 2639 des
558 2583 976 2662 celebrantibus,
999 2583 1171 2639 dixit:
1216 2580 1432 2636 Nullum
1461 2579 1654 2632 animae
1689 2589 1820 2630 mm
1849 2573 1994 2628 sola-

433 2675 565 2728 timn
591 2688 713 2730 esse
739 2689 836 2744 per
855 2673 1188 2744 perniciosos
1202 2669 1464 2726 nefandos
1486 2663 1748 2724 licet.Cui
1773 2677 1994 2732 reSpon-

309 2797 314 2801 -
429 2767 563 2818 dens
599 2764 818 2834 quidam
834 2778 901 2820 ex
915 2763 1031 2834 ejus
1046 2759 1356 2834 symmystis
1379 2756 1704 2816 exclamavit
1726 2773 1740 2810 :
1765 2752 1993 2808 Ubinam

430 2868 636 2922 inlaeso,
689 2854 938 2919 domine,
969 2853 1184 2908 illorum
1235 2851 1513 2907 hominum
1571 2846 1856 2917 vestigium
1911 2842 1993 2896 vel

432 2944 820 2998 monimentum
855 2943 908 2998 in
960 2951 1051 2996 tua
1082 2941 1216 2996 urbe
1243 2939 1326 2996 vel
1386 2938 1514 2992 alibi
1563 2944 1832 3008 superest,
1870 2949 1992 2989 cum

431 3048 624 3088 crimes
656 3033 872 3103 penitus
898 3031 1058 3086 deleti
1087 3028 1324 3084 fuerint?
1354 3029 1493 3084 Ecce
1523 3027 1668 3082 enim
1694 3027 1868 3095 ipsum
1899 3039 1994 3077 ve-

431 3123 612 3176 ritatis
656 3123 892 3186 hostem,
918 3119 1254 3191 Stephanum
1293 3115 1542 3174 Auxentii
1595 3115 1830 3186 (obviam
1891 3112 1992 3182 ipsi

429 3213 592 3269 hodie
623 3211 821 3280 factus)
850 3213 956 3266 vidi
1008 3210 1128 3265 duci
1169 3211 1234 3264 ad
1265 3209 1457 3279 dignas
1504 3209 1771 3264 malorum
1806 3219 1994 3274 plenas

430 3304 608 3373 gladio
631 3303 857 3359 dandas.
892 3301 988 3358 Cui
1036 3299 1383 3356 multiformis
1415 3299 1506 3355 ille
1558 3297 1732 3353 Draco
1763 3295 1994 3353 :Enim-

428 3379 582 3460 vero,
612 3393 806 3462 inquit,
839 3393 968 3462 quid
996 3391 1210 3447 dulcins
1276 3389 1552 3459 Stephano
1609 3403 1732 3442 esse
1790 3397 1989 3456 potest,

426 3502 590 3556 quam
621 3485 851 3555 capitale
879 3484 1200 3554 supplicium
1253 3479 1474 3539 subire?
1505 3480 1762 3549 Equidem
1815 3487 1995 3533 certus

428 3591 568 3644 sum,
588 3577 732 3640 eum,
765 3591 792 3630 a
826 3590 932 3646 quo
958 3574 1158 3629 carceri
1189 3573 1425 3628 inclusus
1450 3579 1554 3637 est,
1581 3575 1682 3626 hoc
1729 3569 1996 3625 desiderio

431 3663 628 3717 teneri.
667 3663 887 3727 Verum,
917 3661 1082 3734 514
1118 3677 1222 3716 non
1253 3669 1465 3730 oportet
1493 3659 1640 3714 illum
1691 3659 1993 3725 hujusmodi

430 3761 658 3806 umrtem
687 3751 938 3814 tolerare,
969 3753 1063 3806 sed
1097 3751 1428 3806 acerbiorem
1455 3759 1511 3805 et
1559 3747 1990 3818 exquisitiorem.

431 3843 640 3911 Quippe
687 3842 802 3911 ipsa
861 3843 1022 3896 etiam
1080 3843 1398 3910 lmperatrix
1447 3854 1552 3894 non
1605 3853 1794 3909 parum
1843 3837 1996 3892 nobis

429 3942 797 3998 succenseret,
837 3933 878 3985 si
907 3931 988 3986 sui
1013 3929 1274 3984 Brumalii
1311 3929 1504 3984 festum
1534 3943 1655 3984 cum
1681 3928 1827 3983 caede
1851 3927 1992 3982 cele-

428 4021 739 4077 braremns.
791 4019 908 4076 Mox
971 4037 1140 4076 novus
1209 4021 1310 4076 iste
1359 4010 1597 4075 Herodes
1648 4019 1994 4088 mulierisque

429 4113 779 4182 mancipium,
807 4121 1050 4166 sanctum
1090 4110 1446 4180 .Stepbanum
1480 4110 1659 4165 reduci
1689 4119 1744 4165 et
1771 4125 1993 4165 carcere

426 4203 627 4257 includi
677 4201 989 4272 imperavit.
1031 4199 1232 4256 lterum
1269 4214 1399 4272 ergo
1441 4210 1662 4256 sanctus
1721 4200 1884 4255 Pater
1937 4201 1990 4253 in

427 4294 681 4362 praetorio
711 4293 875 4348 verba
912 4289 1128 4348 Davidis
1151 4308 1276 4350 cum
1303 4292 1470 4348 sociis
1523 4294 1750 4362 captivis
1790 4293 1990 4360 psalle-

427 4387 540 4446 bat.
569 4383 672 4449 Qui
697 4383 898 4439 habitat
931 4383 984 4438 in
1016 4383 1288 4453 adjutorio
1329 4384 1588 4437 Altissimi
1609 4385 1680 4446 ”,
1706 4393 1761 4438 et
1786 4383 1992 4453 reliqua

430 4475 644 4544 psalmi.

501 4655 715 4708 Interim
747 4663 1004 4724 tyrannus
1025 4651 1364 4709 caremoniis
1398 4649 1506 4704 Deo
1534 4649 1714 4704 exosis
1755 4647 1844 4702 illa
1894 4663 1988 4703 ve-

430 4759 588 4811 Spera
627 4759 749 4798 cum
773 4744 1009 4796 clamore
1032 4753 1086 4796 et
1119 4742 1449 4795 cithararum
1477 4753 1611 4794 sono
1637 4737 1894 4808 peractis,
1920 4739 1988 4792 ad

429 4835 822 4888 isoiivivandum
853 4833 1123 4889 discubuit
1152 4851 1168 4889 :
1196 4845 1251 4888 et
1297 4831 1572 4886 advocatis
1606 4830 1816 4885 duobus
1871 4830 1992 4896 qui-

429 4925 656 4978 husdam
689 4939 753 4979 ex
782 4921 970 4979 eodem
1001 4934 1152 4992 patre
1174 4935 1230 4978 et
1288 4924 1475 4977 eadem
1508 4931 1680 4976 matre
1710 4917 1992 4986 fratribus,

431 5011 689 5082 dignitate
719 5011 1108 5076 eminentibus,
1136 5025 1370 5081 corpore
1403 5020 1458 5064 et
1483 5009 1663 5064 anima
1720 5006 1990 5074 tortuosis,

447 5105 662 5172 leuique
685 5107 832 5158 omni
883 5103 1240 5158 admiratione
1289 5101 1490 5174 dignis.
1539 5114 1674 5171 quos
1725 5107 1996 5170 postremo

497 5261 542 5295 "
575 5257 718 5316 Psal.
755 5265 840 5325 xc,
868 5259 922 5314 l.

2022 3149 2069 3210 ο

2093 587 2337 650 κωκυτὸς
2385 584 2480 638 τοῦ
2519 581 2808 645 Βυζαντίου
2838 579 2900 633 οὐ
2953 575 3145 648 μικρδς
3174 575 3316 644 ὑπὲρ
3337 571 3438 636 τὰς
3490 569 3679 622 πάλαι

2091 675 2308 745 ἡμέρας
2361 669 2645 726 Ἰουλιανοῦ
2689 685 2751 721 τε
2801 667 2896 722 καὶ
2947 664 3248 726 Οὐάλεντος
3301 659 3412 712 τῶν
3459 657 3674 711 ἀθέων.

2176 768 2236 821 '0
2263 767 2322 820 δὲ
2353 764 2624 834 Πρόξιμος
2655 761 2860 822 ἐκεῖνος
2879 758 2970 810 τὸν
3001 758 3157 824 ἆγιον
3180 751 3275 806 τοῦ
3311 748 3675 819 πραιτωρίου

2093 859 2335 929 ἀπάρας,
2353 857 2494 926 ξύλῳ
2518 871 2577 908 τε
2610 855 2705 905 τὸν
2736 849 3003 920 τράχηλον
3037 845 3202 901 αὐτοῦ
3232 843 3328 896 καὶ
3346 841 3446 902 τὰς
3469 841 3676 929 χεῖρας

2095 928 2422 1019 περιϐαλὼν,
2471 943 2610 1013 πρές
2657 943 2718 995 τδ
2758 937 3044 1007 διαταχθὲν
3073 937 3325 1006 ἧπειγεν.
3373 933 3432 985 ’0
3477 931 3538 983 δε
3567 928 3677 981 τύ-

2101 1056 2290 1111 ραννος
2323 1035 2426 1090 τού⁴
2451 1034 2716 1088 παλατίου
2746 1028 3003 1095 ἐξελθὼν,
3032 1027 3124 1080 ἐπὶ
3145 1025 3208 1080 τὸ
3238 1025 3339 1092 τῆς
3374 1021 3674 1092 λεωφόρου

2093 1130 2374 1199 δημόσιον,
2401 1125 2528 1180 ἔνθα
2574 1122 2908 1191 ἑπιλέγεται.
2940 1119 3002 1172 τδ
3049 1117 3257 1188 Μήλιον
3307 1113 3444 1186 (26),
3470 1113 3672 1182 ἧγετο.

2109 1219 2196 1272 Ἐν
2223 1216 2400 1286 τούτῳ
2429 1213 2538 1284 γὰρ
2577 1211 2656 1282 τῷ
2713 1207 2962 1282 δημοσίῳ
2993 1207 3145 1276 τόπῳ
3177 1203 3238 1271 ἐξ
3266 1202 3518 1274 ἀρχαίων
3555 1199 3677 1252 τῶν

2095 1310 2303 1379 χρόνων
2333 1307 2428 1360 καὶ
2452 1304 2561 1358 τῶν
2607 1305 2672 1356 ἐκ
2699 1301 2868 1354 πάλαι
2893 1296 3135 1357 εὐσεϐῶς
3169 1291 3672 1365 βεϐασιλευκότι-ιν,

2095 1403 2153 1455 al
2210 1399 2362 1467 ᾰγιαι
2431 1393 2492 1459 ἐξ
2550 1390 2925 1461 οἱκουμενικαὶ
2967 1387 3172 1441 σύνοδοι
3234 1381 3676 1453 ἀνιστορημέναι

2095 1488 2250 1546 οὖσαι
2294 1486 2572 1558 προῦπτον
2609 1481 2908 1550 ἐφαίνοντο,
2944 1478 3222 1548 ἀγροίκοις
3267 1491 3324 1528 τε
3363 1473 3461 1526 καὶ
3490 1471 3677 1536 ξένοις

2096 1581 2191 1634 καὶ
2219 1578 2366 1640 ἰδίοις
2391 1575 2490 1645 τὴν
2518 1569 2795 1643 όρθὸδοξον
2818 1567 3182 1638 κηρύττουσαι
3213 1564 3421 1626 πίστιν,
3455 1559 3609 1628 ἅπερ
3641 1561 3674 1612 ό

2096 1671 2216 1734 νέος
2239 1664 2578 1724 Βαϐυλώνιος
2607 1661 2867 1731 τύραννος
2892 1659 2951 1710 ὲν
2972 1659 3097 1722 ,ταῖς
3146 1654 3382 1724 ἡμέραις
3411 1651 3671 1711 ἐκείναις

2098 1759 2431 1830 καταχρίσας
2450 1757 2542 1809 καὶ
2560 1753 2889 1822 ἀπαλείψας,
2909 1751 2970 1803 τὸ
2991 1749 3290 1802 Σατανικὸν
3327 1744 3670 1814 ἱππηλάσιον

2029 1813 2074 1870 Β
2338 1813 2694 1916 φιλοδαίμονα
2717 1813 2954 1911 ἡνίοχον,
2982 1839 3150 1907 ὅνπερ
3177 1837 3274 1888 καὶ
3303 1813 3598 1900 οὐρανικὸν
3635 1841 3654 1882 t

2091 1941 2394 2011 ὠνόμασεν,
2424 1935 2498 1999 ὡς
2546 1931 2710 1988 αὐτοῦ
2773 1927 3065 2001 προσφιλῆ,
3107 1929 3135 1979 ὁ
3165 1925 3256 1977 τοῦ
3307 1921 3542 1992 οὐρανοῦ
3566 1922 3665 1974 ita}.

2091 2034 2191 2102 τῆς
2210 2031 2313 2100 γῆς
2344 2026 2581 2092 ἀνάξιος,
2606 2021 2978 2090 ἀνιστόρησεν,
3005 2017 3148 2086 ὑπὲρ
3166 2015 3296 2077 τοὺς
3325 2013 3518 2078 ἁγίους
3550 2011 3666 2062 [Ια-

2091 2121 2258 2190 τέρας
2302 2117 2488 2170 τοῦτον
2523 2115 2780 2184 τιμήσας.
2844 2109 2941 2171 Τίς
2993 2101 3104 2176 ἆρα
3157 2105 3258 2158 οὐκ
3299 2103 3367 2157 ἀν
3419 2101 3669 2170 φρίξειεν

2093 2211 2192 2265 καὶ
2218 2205 2544 2276 ἐκπλαγείη,
2583 2204 2680 2258 καὶ
2730 2201 2922 2256 τούτου
2953 2197 3351 2264 ὲπιγελάσειεν.
3374 2191 3577 2262 μᾶλλον
3607 2191 3670 2243 δὲ

2093 2301 2410 2373 θρηνήσειεν
2463 2294 2843 2364 τδεόλμημας
2871 2285 2952 2343 Ὠ
2989 2285 3172 2357 Σιῦτέρ
3227 2301 3352 2356 μου,
3383 2283 3486 2350 τῆς
3533 2281 3668 2373 in:

2246 2367 2555 2460 ἀπεράντου
2606 2385 2808 2454 ἀνοχῆς
2885 2381 2980 2436 καὶ
3041 2374 3465 2448 μακροθυμίαςῑ
3529 2367 3666 2424 Εἶτα

2093 2479 2436 2552 προῖσταθεὶς
2475 2479 2535 2531 ὲν
2579 2475 2714 2546 τῷδε
2770 2471 2865 2526 τοῦ
2929 2469 3137 2540 Μηλίου
3203 2465 3378 2534 τόπῳ,
3441 2463 3667 2516 πάντων

2093 2567 2549 2638 ἀνευφημούντων
2575 2564 2740 2618 αὐτὸν
2769 2560 2862 2614 καὶ
2883 2557 3238 2624 δοξαζόντων,
3263 2553 3428 2615 αὐτός
3451 2569 3619 2622 φησιν
3645 2569 3662 2583 ο

2092 2655 2329 2726 Οὐδεμία
2379 2651 2703 2725 παραμυθία
2730 2655 2796 2720 τῇ
2820 2647 2966 2718 ψυχῇ
3010 2664 3110 2716 μου
3140 2645 3234 2699 διὰ
3305 2645 3432 2706 τούς
3459 2643 3664 2711 λυμαιο

2091 2747 2351 2818 νομένους
2377 2741 2840 2815 ἀμνημονεύτους.
2873 2733 2968 2802 Εἷς
2999 2737 3058 2792 δέ
3081 2753 3164 2799 τις
3189 2734 3299 2788 τῶν
3321 2733 3485 2786 αὐτοῦ
3523 2749 3662 2801 συμο

2095 2836 2313 2908 μυστῶν
2363 2833 2680 2904 ἀποκριθεὶς
2731 2829 3021 2902 ὲξεὸόησεν
3047 2845 3062 2861 ·
3092 2826 3206 2880 Καὶ
3255 2825 3358 2878 ποῦ
3409 2819 3521 2895 ἆρά
3571 2841 3660 2892 γε,

2092 2927 2355 2992 Δέσποτα,
2390 2924 2535 2996 ἴχνος
2579 2921 2783 2975 τούτων
2807 2919 2842 2990 ἢ
2890 2917 3235 2990 μνημόσυνον
3275 2916 3332 2968 ὲν
3385 2917 3452 2984 τῇ
3513 2913 3663 2966 πόλει

2093 3032 2188 3068 σου
2222 3015 2516 3084 πέφανται,
2544 3013 2578 3083 ἢ
2607 3015 2664 3065 ἐν
2691 3011 2826 3084 ἄλλη
2852 3009 3028 3082 χώρα,
3055 3009 3274 3062 πάντων
3318 3004 3662 3074 sedateet»-

2097 3125 2204 3160 των
2229 3109 2310 3170 είς
2343 3104 2680 3174 ἀφανισμόν;
2705 3103 2814 3156 ίδού
2842 3103 2950 3172 γὰρ
2989 3099 3084 3154 καὶ
3132 3097 3222 3152 τδν
3260 3097 3360 3168 τῆς
3403 3095 3664 3165 ἀληθείας

2097 3197 2290 3268 ἐχθρὸν
2315 3196 2582 3264 Στέφανον
2605 3195 2696 3248 τὸν
2723 3192 2818 3246 τοῦ
2869 3189 3175 3256 Λύξεντίου,
3198 3187 3664 3260 προσαπαντήσας

2093 3287 2351 3356 τήμερον,
2392 3285 2501 3338 ίδον
2522 3281 2680 3348 ἀξίαν
2713 3281 2821 3335 τῶν
2862 3280 3046 3335 κακῶν
3103 3279 3258 3348 δίκην
3306 3275 3666 3344 ἀπαγόμενον

2092 3376 2181 3431 διὰ
2231 3375 2329 3430 τού
2381 3375 2566 3445 ξίφους
2601 3373 2803 3428 δοῦναι.
2845 3371 2905 3427 ’0
2949 3371 3008 3424 δὲ
3057 3369 3407 3440 πολύμορφος
3460 3370 3665 3430 ἐκεῖνος

2085 3465 2308 3538 Δράκων
2345 3465 2450 3536 ἐφη
2477 3463 2614 3536 πρὸς
2629 3465 2789 3517 αὐτόν
2815 3479 2830 3492 ·
2862 3463 2972 3516 Καὶ
2998 3461 3052 3514 τί
3081 3456 3192 3532 ἆρά
3211 3476 3282 3528 ’γε
3313 3459 3509 3512 τούτου
3540 3458 3664 3525 γλυο

2094 3557 2324 3629 κύτερον
2348 3556 2424 3626 τῷ
2447 3556 2702 3624 Στεφάνῳ
2720 3552 2813 3607 τοῦ
2847 3552 3150 3622 κεφαλικὴν
3197 3549 3460 3616 δέξασθαι
3487 3567 3663 3618 τιμωο

2097 3647 2266 3720 ρίαν;
2323 3645 2630 3716 πέπεισμαι
2675 3643 2780 3713 γὰρ
2823 3642 3013 3712 ὅτιπερ
3070 3641 3162 3710 ἀφ’
3212 3636 3278 3710 ἦς
3337 3638 3663 3709 καθείρχθη,

2093 3735 2285 3791 τούτου
2331 3734 2535 3803 ὲφίετο.
2591 3733 2664 3788 Οὐ
2710 3732 2792 3786 δεῖ
2836 3733 2893 3786 δὲ
2947 3733 3110 3785 αὐτὸν
3155 3729 3398 3784 τοιοῦτον
3447 3731 3663 3784 ὐποίσαι

2095 3826 2348 3890 θάνατον,
2377 3825 2493 3878 ἀλλ’
2540 3823 2573 3894 ἢ
2628 3823 2994 3896 πονηρότερον
3031 3823 3125 3874 καὶ
3169 3804 3658 3892 δυσευρετὼτερον.

2106 3916 2261 3971 Ἐπεὶ
2283 3917 2376 3970 καὶ
2399 3918 2432 3986 ὴ
2461 3915 2744 3986 βασίλισσα
2765 3916 2828 3968 οὐ
2853 3915 3063 3986 μικρῶς
3085 3914 3313 3983 ἀλγήσει
3337 3912 3462 3965 καθ’
3487 3913 3660 3982 ἡμῶν,

2028 4018 2037 4028 ’
2093 4007 2174 4060 ὅτι
2205 4007 2305 4074 τὴν
2345 4006 2559 4076 ἡμέραν
2582 4004 2678 4073 τῆς
2709 4004 2906 4075 ἑορτῆς
2939 4002 3032 4056 τοῦ
3065 4001 3270 4072 ταύτης
3315 4001 3658 4071 Βρουμαλῐον

2094 4097 2152 4150 ὲν
2219 4095 2364 4166 φόνῳ
2423 4093 2810 4164 τετελέκαμεν.
2839 4092 2950 4146 Καὶ
2988 4090 3232 4162 παρευθύ
3264 4089 3477 4143 κελεύει
3514 4085 3662 4151 οὗτος

2092 4187 2122 4240 ὁ
2151 4188 2272 4250 νέος
2313 4185 2578 4257 Ἡρώδης,
2600 4185 2660 4238 τδ
2688 4187 2997 4255 γυναικεῖον
3034 4182 3390 4253 ἀνδράποδον,
3425 4179 3663 4251 στραφῆο

2094 4296 2186 4334 ναν.
2205 4279 2298 4332 τὸν
2329 4279 2504 4346 ἅγιον,
2527 4279 2620 4330 καὶ
2646 4278 2712 4347 τῇ
2735 4277 2927 4347 εἱρκτῇ
2948 4274 3348 4344 ὲγκλεισθῆναι.
3376 4273 3490 4325 Καὶ
3509 4267 3659 4334 αὖθις

2093 4369 2122 4423 ὁ
2188 4369 2376 4440 Πατὴρ
2427 4368 2586 4422 πάλιν
2617 4367 2756 4437 μετὰ
2777 4367 2886 4420 τῶν
2917 4364 3310 4436 συνδεσμωτῶν
3359 4360 3660 4424 Δαυῖδικῶς

2026 4467 2072 4524 D
2101 4461 2327 4532 ἔψαλλεν
2353 4463 2410 4520 ὲν
2438 4460 2516 4530 τῷ
2537 4458 2852 4530 πραιτωρίῳ
2879 4472 2893 4485 ⁸
2935 4457 2998 4509 '0
3019 4451 3390 4509 κατοικῶν-ἐν
3411 4454 3660 4520 βοηθείᾳ

2101 4553 2209 4607 τοῦ
2251 4553 2567 4621 Ὑψίστου,
2618 4551 2713 4602 καὶ
2741 4549 2812 4602 τά
2837 4548 2962 4618 ἑξῆς
2991 4547 3084 4601 τοῦ
3117 4545 3364 4617 ψαλμοῦ.

2191 4645 2248 4698 Ὁ
2306 4645 2362 4698 δὲ
2401 4643 2660 4714 τύραννος
2708 4641 2806 4713 τὴν
2861 4639 3106 4712 ἐχθρὼδη
3167 4639 3284 4708 Θεῷ
3323 4638 3546 4708 τελετὴν
3595 4637 3655 4706 τῇ

2100 4737 2306 4808 ἑσπέρᾳ
2335 4735 2520 4808 ἐκείνῃ
2541 4730 2678 4805 μετά
2713 4736 2955 4804 κραυγῆς
2983 4733 3078 4786 καὶ
3099 4731 3341 4798 κιθαρῶν
3358 4732 3656 4790 ἐκτελέσας,
3701 4723 3709 4728 ’

2102 4827 2240 4900 πρὸς
2301 4826 2461 4880 πότον
2513 4825 2788 4894 ἀνεκλίθη.
2852 4823 2962 4878 Καὶ
3015 4823 3530 4892 προσκαλεσάμενος
3573 4819 3658 4872 δύο

2101 4909 2256 4980 τινάς
2303 4913 2670 4986 ὁμοπατρίους
2722 4913 2818 4967 καὶ
2871 4912 3243 4984 ὁμομητρίους
3294 4912 3555 4980 ἀδελφοὺς
3605 4913 3658 4962 ὲν

2104 5009 2232 5080 ἀξίᾳ
2265 5003 2624 5078 προῦχοντας,
2653 5003 2888 5076 ὡραίους
2917 5020 2975 5056 τε
3003 4999 3082 5074 τῷ
3112 5002 3242 5055 εῖδει
3277 5003 3372 5054 καὶ
3414 5005 3479 5072 τῇ
3501 5001 3658 5070 ψυχῇ.

2107 5101 2199 5154 καὶ
2227 5099 2368 5151 πάνυ
2395 5097 2758 5168 θαυμαστοὺς,
2789 5091 2996 5166 οὕσπερ
3020 5093 3266 5164 ἐσχάτως
3293 5091 3444 5163 ζήλῳ
3475 5089 3657 5160 φθονή-

1717 5347 1944 5403 νΑΒιΑς
1967 5341 2362 5402 LECTIONES.

505 5479 519 5516 l
553 5466 624 5522 al.
663 5465 724 5520 ού
733 5461 1011 5534 ρανιακόν.

1969 5546 2195 5604 NOTAE.

505 5695 615 5762 (‘26)
649 5675 899 5764 Μήλιον..
940 5697 1134 5750 Forum
1211 5701 1328 5749 erat
1361 5692 1628 5764 publicum
1667 5689 2173 5760 Constantinoliolis.
2243 5689 2317 5742 De
2358 5701 2462 5756 quo
2506 5684 2623 5741 fuse
2659 5682 3056 5740 eruditissimus
3126 5681 3366 5754 Cangius
3401 5679 3658 5738 Constan-

434 5761 815 5828 εέιοιιζζῖέινία.
849 5766 940 5820 lib.
979 5781 1012 5827 ι,
1051 5781 1104 5834 p.
1136 5764 1221 5817 73.
