3942 6218
346 340 484 408 11Ῐ3

341 565 456 617 ριον
477 548 792 617 ἀπάραντες
819 546 946 599 τάδε
978 546 1112 615 φατὲ
1134 546 1389 617 Στεφάνῳ
1441 547 1520 617 τῷ
1569 548 1665 602 τοῦ
1702 550 1901 615 Δὺξεν·

332 636 475 687 τίουο
506 626 659 696 Εἶδες
682 634 849 687 πόσον
875 650 968 686 σου
1003 633 1257 703 κήδομαι,
1284 636 1312 687 ὀ
1343 633 1594 703 βασιλεὺς
1619 652 1702 690 σοι
1735 637 1903 706 δηλοῖ,

333 725 418 779 ὃτι
451 726 546 780 καὶ
592 725 687 778 τοῦ
749 725 1034 796 φάρυγγος
1061 725 1156 778 τοῦ
1195 725 1427 779 Θανάτου
1462 727 1792 796 ἀφαρπάσας
1821 745 1902 792 σε,

334 815 397 868 τὸ
431 815 532 885 ζῇν
585 816 947 886 ἐχαρισάμην,
975 816 1124 878 ὅπως
1168 815 1366 868 σαυτὸν
1403 816 1651 882 πείσειας
1699 816 1800 870 κᾶν
1847 819 1906 870 ἐν

331 907 458 968 ταῖς
498 907 783 975 ἐσχατιαῖς
817 904 845 945 ιι
875 906 1101 973 ποιῆσαι
1135 904 1196 957 τὺ
1242 905 1368 975 ἐμοὶ
1432 906 1901 975 θυμηρέσταστον.

331 990 470 1049 Οἶδα
496 995 553 1049 δὲ
578 993 688 1063 ἐγὼ
717 995 818 1065 τὴν
850 993 1017 1048 αὐτοῦ
1048 995 1282 1064 ἀκαμπῆ
1328 994 1424 1047 καὶ
1479 995 1912 1067 σκληροκιῑιρδιονΔ

330 1084 580 1155 γνώμην,
611 1085 708 1139 καὶ
744 1084 962 1148 πάντως
983 1086 1065 1148 είς
1098 1083 1285 1153 ὕϐρεις
1323 1088 1524 1153 τραπεῖ
1556 1085 1679 1139 καθ’
1701 1085 1859 1154 ἡμῶν
1884 1103 1899 1118 ο

326 1175 450 1229 ἀλλ’
479 1170 574 1229 οὖν
604 1176 653 1228 εί
696 1174 798 1245 μὲν
845 1174 935 1228 διὰ
1000 1172 1387 1242 πιθανολογίας
1447 1174 1675 1243 πείσητε
1717 1175 1901 1240 αὐτὸν,

326 1261 392 1318 εὗ
452 1266 520 1318 ἂν
571 1265 703 1335 ἔχοι.
730 1265 794 1318 Et
835 1265 894 1318 δὲ
960 1266 1123 1335 μήγε,
1149 1265 1402 1319 τοσοῦτον
1460 1266 1624 1320 αὑτὸν
1673 1266 1905 1336 δαρμοῖς

328 1352 573 1425 πλήξατε
594 1355 737 1409 κατά
760 1372 822 1408 τε
845 1352 943 1407 τοῦ
978 1354 1249 1425 στόματος
1278 1356 1375 1408 καὶ
1393 1356 1503 1409 τῶν
1522 1357 1898 1427 μεταφρένων,

337 1447 494 1508 ὅπως
527 1443 632 1498 τῶν
658 1446 840 1498 ἐκεῖσε
874 1443 1030 1514 ὑμῶν
1072 1441 1446 1515 ἐξερχομένων
1481 1446 1832 1508 κακινκάκως
1877 1444 1896 1483 ι

328 1531 578 1602 παρευθὺ
605 1531 700 1585 τοῦ
750 1532 851 1603 ζῇν
889 1532 1214 1600 ἀπαλλαγεῖ.
1290 1532 1356 1587 Ἥ
1407 1530 1465 1585 δέ
1505 1534 1661 1603 τιμία
1715 1534 1900 1605 ἐκείνη

327 1623 563 1693 ξυνωρὶς
581 1623 691 1676 τῶν
717 1623 1067 1693 αὑταδέλφων
1091 1624 1153 1677 τὸ
1193 1624 1530 1695 πραιτώριον
1566 1624 1902 1679 καταλαϐόν-

324 1730 443 1778 τες,
472 1712 568 1767 καὶ
592 1713 732 1784 πρὸς
756 1709 848 1767 τῦν
862 1713 1018 1783 ἅγιον
1032 1716 1331 1785 γενόμενοι.
1359 1715 1537 1786 τούτῳ
1559 1716 1902 1784 ἀπήγγειλαν

1397 343 1568 409 νιΤΑ
1612 351 1672 413 S.
1714 352 2089 416 STEPHANI
2130 356 2511 447 JUNIQRIS.

341 474 441 520 σας
495 456 849 526 πεφόνευκεν,
881 447 1028 523 λέγει
1097 454 1302 517 αὐτοῖς·
1364 456 1507 528 Πρὸς
1555 457 1617 510 τὸ
1663 460 1893 529 πραιτώ.

2013 480 2121 532 prae
2169 466 2366 519 invidia
2422 465 2693 521 interfecit

3441 362 3460 424 1
3476 361 3569 426 174

2758 485 2772 522 :
2848 470 2950 534 his,
3010 466 3258 543 inquam,
3297 473 3574 527 accersitis

2010 557 2143 609 dixit
2170 575 2184 610 :
2215 575 2232 607 t
2272 555 2348 610 Ite
2373 558 2424 610 in
2449 559 2787 627 praetorium;
2806 569 2860 614 et
2911 562 3023 619 hac
3050 561 3326 632 Stephano
3350 564 3571 616 Auxen-

2011 645 2068 697 tii
2098 646 2259 699 dicite
2291 662 2304 698 :
2330 645 2626 714 Imperator
2656 647 2769 702 haec
2800 648 2893 702 tibi
2924 651 3178 706 numiut:
3207 650 3371 706 Vides
3409 668 3575 722 quan-

2010 744 2115 788 tam
2166 737 2240 789 tui
2290 752 2473 792 curam
2529 753 2674 807 gero,
2710 753 2902 808 meque
2950 741 3083 803 tibi,
3114 750 3395 814 postquam
3448 755 3501 798 te
3543 758 3573 794 θ

2008 823 2197 877 mortis
2225 822 2468 879 faucibus
2501 827 2695 896 eripui,
2728 826 2888 880 vitam
2915 832 3272 895 concessisse,
3306 846 3411 897 quo
3452 829 3569 884 sal-

2009 918 2115 964 tem
2165 912 2219 965 in
2249 914 2529 980 extremis,
2560 916 2701 982 quod
2747 916 2878 970 mihi
2910 918 3144 972 maxime
3184 918 3333 972 cordi
3378 927 3462 973 est
3486 918 3570 972 fa-

2008 1015 2132 1055 cere
2179 1004 2508 1056 consentias.
2548 1003 2806 1073 Equidem
2835 1006 3038 1076 optime
3066 1007 3196 1061 mihi
3253 1017 3564 1077 perspectus

2006 1099 2089 1143 est
2110 1090 2277 1145 durus
2314 1093 2432 1159 ejus
2482 1103 2537 1146 et
2588 1092 2729 1149 ﬂecti
2762 1095 2975 1150 nescius
3040 1097 3275 1150 animus.
3310 1097 3425 1152 luto
3472 1112 3570 1152 nos

2006 1178 2167 1251 515
2204 1186 2364 1237 etiam
2425 1184 2721 1239 maledictis
2765 1185 3014 1241 lacesset.
3072 1186 3456 1242 Verumtamen
3520 1189 3566 1242 si

2005 1282 2183 1325 vestra
2212 1272 2513 1341 eloquentia
2565 1274 2619 1328 id
2641 1274 2715 1327 illi
2764 1276 3179 1345 persuadebitis,
3214 1277 3351 1333 bene
3391 1290 3449 1332 se
3479 1292 3568 1331 res

2005 1359 2224 1416 habebit
2253 1361 2372 1415 :siu
2402 1362 2599 1428 minus,
2618 1371 2725 1417 tam
2750 1365 2910 1419 saevis
2933 1366 3249 1421 verberibus
3277 1367 3433 1419 illum
3469 1380 3565 1434 per

2004 1463 2067 1505 os
2089 1459 2141 1504 et
2163 1451 2379 1507 dorsum
2426 1454 2686 1519 cruciate,
2734 1464 2793 1508 ut
2823 1456 2977 1510 vobis
3004 1455 3132 1510 inde
3186 1456 3563 1519 redeuntibus,

2005 1538 2094 1593 ille
2136 1553 2168 1594 e
2196 1540 2303 1594 vita
2327 1540 2465 1595 male
2491 1542 2751 1598 discedat.
2780 1561 2801 1595 ι
2838 1543 3024 1613 itaque
3057 1545 3427 1600 venerandum
3460 1560 3561 1613 par

2004 1624 2135 1699 illud
2194 1624 2422 1680 fratrum
2458 1627 2512 1682 in
2562 1630 2875 1697 praetorium
2932 1633 3083 1685 venit
3120 1622 3409 1701 :‘cumque
3461 1633 3563 1702 ipsi

2004 1725 2253 1770 sanet-um
2307 1719 2480 1772 virum
2524 1720 2928 1785 convenissent,
2966 1723 3314 1790 imperatoris
3338 1724 3556 1791 quidem

324 1802 400 1855 τὰ
425 1801 520 1856 τοῦ
555 1801 818 1873 βασιλέως
862 1806 1106 1875 ῥήματα,
1136 1806 1217 1869 εἰς
1249 1805 1534 1876 μηδοτιοῦν
1555 1814 1598 1845 αι
1626 1803 1720 1861 τὸν
1744 1807 1893 1876 ἆγιον

2002 1805 2166 1860 verba
2192 1806 2240 1860 ei
2291 1809 2645 1879 nuntiavere;
2684 1825 2869 1865 verum
2921 1813 2974 1866 in
3028 1812 3170 1866 nulla
3230 1814 3453 1867 omnino
3510 1827 3567 1866 re

325 1891 810 1962 παρώλάψαντες,
857 1894 999 1947 ἀλλὰ,
1019 1894 1219 1964 μᾶλλον
1245 1896 1336 1948 καὶ
1362 1894 1745 1966 ἐνισχύσαντες
1764 1898 1901 1967 πρὸς

324 1981 393 2035 τὸ
415 1980 719 2052 ὀρθόδοξον,
744 1978 955 2046 οὗτινος
993 1984 1063 2036 τὰ
1093 1983 1211 2054 ῐχνη
1260 1986 1765 2056 κατασπασάμενοι,
1805 1988 1901 2040 καὶ

324 2072 498 2142 εὐχὴν
526 2074 829 2144 εἰληφότες,
860 2074 1374 2145 παλινοστήσαντες,
1412 2077 1615 2147 ἧκασιν
1641 2079 1778 2148 πρὸς
1804 2079 1897 2131 τὸν

327 2164 751 2229 ἀποστείλαντα,
804 2167 896 2218 καί
940 2182 1106 2236 φησιν
1179 2166 1316 2236 πρὸς
1371 2167 1533 2221 αὐτόν
1571 2183 1586 2197 °
1638 2169 1892 2233 Βασιλεῖ»,

327 2254 517 2324 ἀκμὴν
533 2255 884 2325 ἐπιμένοντος
910 2253 1077 2308 αὑτοῦ
1098 2257 1515 2328 τοῖςπροτέροις
1534 2259 1629 2312 καὶ
1660 2260 1896 2313 καταθε-

330 2345 674 2413 ματίζοντος,
703 2345 961 2399 τοσοῦτον
988 2346 1154 2399 αὑτὸν
1192 2347 1500 2418 κατεπλήξα
1510 2365 1611 2419 μεν
1642 2348 1890 2421 δαρμοτς,

327 2435 472 2488 ὥστε
528 2434 742 2504 ἄφωνον
797 2435 1033 2490 κεῖσθαι.
1062 2437 1311 2506 Λέγομεν
1370 2437 1426 2491 δέ
1478 2439 1552 2508 μὴ
1590 2439 1689 2511 ζῇν
1732 2440 1894 2493 αὐτὸν

327 2514 436 2588 ἕως
483 2523 700 2596 αὔριον.
734 2526 842 2578 Καὶ
885 2526 1279 2596 ἐπευφρανθεὶς
1306 2528 1334 2581 ὁ
1367 2528 1597 2592 ἀλαζὼν,
1622 2530 1716 2583 καὶ
1752 2530 1896 2599 μέγα

328 2615 582 2681 γελάσας,
610 2615 789 2685 εἴχετο
822 2616 961 2686 πρὸς
992 2614 1090 2686 τὴν
1114 2616 1452 2687 λαιμαργίαν
1481 2618 1574 2671 τοῦ
1594 2620 1893 2690 ιἮρωδια-

331 2703 428 2755 κοῦ
461 2702 670 2756 ἐκείνου
698 2704 862 2758 πότου
887 2705 916 2758 ὀ
942 2703 1322 2768 κοιλιόδουλος.

405 3001 535 3074 Περὶ
563 3002 621 3056 δέ
658 3001 756 3066 τὰς
804 3002 945 3074 ἐῴας
974 3002 1125 3075 ὥρας
1174 3004 1414 3072 ἀναστὰς
1440 3010 1469 3061 ὁ
1498 3008 1676 3076 ἅγιος.
1702 3012 1795 3065 καὶ
1832 3012 1894 3065 τὸ

2003 1895 2103 1963 ipsi
2128 1910 2360 1951 nocuere
2387 1913 2402 1950 :
2432 1899 2526 1952 sed
2573 1898 2682 1953 imo
2708 1899 2859 1954 illum
2892 1901 2958 1954 ad
2988 1900 3146 1956 ﬁdem
3206 1903 3561 1956 orthodoxam

2001 1987 2252 2042 tuendam
2287 1987 2692 2045 conﬁrmarunt.
2724 1988 2966 2060 Denique
2991 1990 3108 2060 ejus
3144 1992 3371 2060 vestigia
3402 2007 3552 2047 oscu-

1999 2076 2116 2138 lati,
2139 2087 2196 2131 et
2218 2078 2463 2131 oratione
2506 2080 2724 2143 muniti,
2776 2079 2845 2134 ad
2887 2096 3032 2146 eum,
3060 2097 3089 2133 a
3123 2096 3232 2150 quo
3250 2082 3402 2136 missi
3449 2082 3566 2137 fne-

1998 2174 2139 2231 rant,
2206 2174 2565 2233 reverterunt,
2621 2170 2781 2239 eique
2839 2170 3148 2226 dixerunt:
3216 2171 3562 2241 Imperator,
3622 2165 3626 2169 ’

1996 2258 2123 2322 quia
2155 2253 2244 2308 ille
2270 2253 2325 2309 in
2374 2255 2541 2324 priori
2591 2256 2769 2313 adhuc
2807 2260 3075 2314 sententia
3134 2240 3456 2331 persistebat
3498 2240 3566 2315 [et

1995 2346 2340 2399 anathemata
2380 2345 2708 2414 proferebat,
2738 2348 2914 2416 ipsum
2976 2349 3297 2406 verberibus
3350 2359 3561 2406 tantum

1996 2433 2384 2502 percussitnus,
2413 2442 2474 2487 ut
2505 2433 2623 2488 siue
2677 2449 2814 2491 voce
2837 2435 3111 2504 iacentem
3156 2439 3558 2509 reliquerimus.

1996 2522 2106 2578 Nec
2133 2538 2261 2578 vero
2289 2538 2414 2579 eum
2450 2539 2621 2594 usque
2637 2527 2706 2580 ad
2730 2528 3028 2583 crastinam
3050 2530 3193 2584 diem
3228 2531 3390 2585 vitam
3439 2545 3561 2600 pro-

1995 2617 2280 2670 ducturum
2331 2617 2645 2671 asserimus.
2672 2618 2879 2684 Quibus
2939 2619 3116 2675 verbis
3159 2635 3372 2675 summe
3413 2621 3561 2676 dele-

1994 2717 2173 2763 ctatus
2202 2709 2467 2774 superbus
2499 2708 2816 2777 imperator,
2843 2725 3042 2781 magno
3074 2712 3183 2767 risu
3213 2710 3408 2777 etInso,
3446 2711 3554 2766 He-

1996 2799 2213 2851 rodiaco
2245 2799 2318 2851 illi
2340 2799 2673 2854 contiivioad
2695 2800 3013 2871 explendam
3048 2803 3338 2872 ingluviem
3376 2802 3555 2857 indul-

1996 2888 2087 2949 sit.
2113 2897 2296 2958 utpote
2323 2905 2509 2944 verum
2541 2892 2748 2946 ventris
2785 2891 3135 2962 mancipium.

2069 2999 2307 3056 Sanctus
2336 3012 2516 3055 autem
2569 3003 2850 3056 matutinis
2901 3003 3051 3059 horis
3080 3019 3313 3075 surgens
3338 3004 3559 3058 Patrum

334 3096 521 3162 στῖφος
549 3095 658 3147 τῶν
683 3094 942 3167 Πατέρων
985 3095 1234 3167 ἐντυχὼν·
1272 3098 1378 3173 ἕως
1415 3100 1659 3170 πρωῖθεν
1698 3101 1881 3172 λέγει’

1999 3100 2223 3173 turmam
2258 3090 2415 3156 adiit,
2442 3089 2638 3158 quibus
2671 3091 2791 3146 ait:
2824 3089 3063 3154 Salvete,
3115 3091 3304 3147 Patres
3357 3101 3413 3147 et
3452 3091 3562 3145 fra-

331 3185 606 3253 Σώζεσθε,
660 3185 905 3258 Πατέρες
986 3188 1081 3241 και
1157 3167 1414 3259 ἀδελφοὶ,
1463 3167 1744 3260 σώζεσθε,
1772 3167 1889 3248 ’και

1999 3190 2128 3243 tres,
2155 3167 2378 3242 salvete,
2409 3189 2461 3235 et
2495 3195 2591 3248 pro
2627 3186 2712 3235 me
2739 3190 2914 3245 orate,
2940 3196 3009 3237 ne
3035 3181 3213 3236 malus
3242 3182 3466 3251 angelus
3489 3184 3560 3236 ob

330 3276 471 3345 ὑπὲρ
502 3275 636 3351 ἐμοῦ
663 3275 909 3347 εὔχεσθε,
943 3277 1093 3342 ὅπως
1135 3278 1213 3348 μὴ
1260 3279 1496 3350 πονηρὸς
1548 3281 1776 3350 ἄγγελος
1810 3287 1890 3347 είς

330 3359 575 3435 ἀπαντὴν
605 3365 801 3437 εὑρεθῇ
841 3384 942 3438 μου
972 3368 1068 3422 τοῦ
1095 3369 1425 3438 πνεύματος,
1445 3372 1533 3425 διὰ
1565 3373 1626 3425 τὸ
1678 3374 1887 3444 πλῆθος

333 3452 446 3505 τῶν
505 3453 657 3519 ἐμῶν
708 3453 1058 3524 ὀφλημάτων.
1086 3456 1197 3525 Καὶ
1219 3455 1602 3531 δακρυσάντων
1628 3458 1886 3512 ἁπάντων

328 3545 392 3596 οὐ
444 3545 673 3613 μικρῶς,
711 3543 923 3598 κελεύει
956 3546 1261 3617 ἐπαρθῆναι
1308 3548 1404 3600 ἀπ’
1452 3548 1618 3603 αὐτοῦ
1668 3549 1769 3617 τήν
1824 3563 1885 3602 τε

328 3634 575 3704 ἐπωμίδα
601 3635 695 3689 καὶ
719 3634 811 3688 τὸν
828 3634 1098 3689 άνάλαϐον
1119 3637 1214 3689 καὶ
1234 3637 1324 3691 τὸν
1354 3636 1546 3710 λῶρον.
1590 3638 1680 3702 Ὡς
1700 3639 1758 3692 δὲ
1789 3639 1885 3692 καὶ

328 3726 390 3778 τὸ
423 3726 767 3792 κουκούλλιον
790 3727 982 3799 ἢθελεν
1010 3712 1282 3793 ἐκϐαλεῖν,
1305 3729 1576 3783 ἐκωλύετο
1606 3731 1756 3801 παρὰ
1776 3729 1887 3783 τῶν

325 3816 611 3887 Πατέρων’
646 3817 736 3888 Μὴ
760 3855 777 3880 ,
811 3817 1027 3889 Πάτερ,
1058 3816 1331 3884 ,λεγόντων
1357 3857 1372 3881 ,
1412 3819 1553 3887 ἅγιε.
1584 3821 1737 3873 Μετὰ
1794 3819 1889 3874 τοῦ

328 3905 605 3975 σχήματός
639 3923 701 3959 σε
736 3906 831 3961 τοῦ
877 3906 1034 3976 ἁγίου
1078 3906 1287 3961 δίκαιόν
1347 3911 1463 3961 ἐστι
1510 3903 1886 3981 τελειωθῆναι.

339 3995 398 4048 ὐ
423 3995 478 4047 δὲ
502 3995 655 4064 ἅγιός
685 4013 868 4068 φησιν’
901 3997 1141 4068 Πατέρες
1181 3998 1275 4051 καὶ
1319 3998 1558 4067 ἀδελφοὶ,
1587 4001 1614 4053 ό
1643 4000 1888 4057 παλαίων

324 4086 530 4154 γυμνὸς
578 4085 818 4141 παλαίει.
856 4087 932 4141 Οὐ
966 4086 1175 4140 δίκαιον
1216 4087 1275 4140 δέ
1325 4087 1587 4158 ἠγοῦμαι,
1614 4089 1703 4143 ἴνα
1734 4090 1887 4162 παρὰ

324 4174 455 4228 λαοῦ
492 4177 849 4241 ὑλακτοῦντος
892 4177 1145 4249 καθάπερ
1187 4178 1389 4243 κυνῶν,
1442 4179 1601 4234 τοῦτο
1633 4180 1694 4234 τὸ
1728 4183 1885 4249 ἅγιον

325 4267 597 4340 ἀτιμασθῇ
668 4270 761 4323 καὶ
838 4270 1199 4341 καταπατηθῇ
1271 4269 1473 4341 σχῆμα.
1518 4270 1607 4323 Ἓν
1677 4271 1887 4335 τούτοις

1994 3284 2236 3325 ineorum
2268 3270 2573 3324 debitorum
2595 3271 3223 3325 multitudinemobviam
3244 3270 3409 3343 516
3440 3286 3558 3325 meo

1989 3361 2201 3430 Spiritui
2244 3360 2439 3413 veniat.
2491 3360 2771 3415 Universis
2810 3373 2941 3415 vero
2987 3375 3095 3415 non
3135 3376 3325 3429 parum
3384 3363 3561 3433 lacry-

1990 3451 2283 3517 mentibus,
2311 3452 2520 3521 jussita
2561 3464 2622 3506 se
2668 3449 2872 3504 auferri
2902 3451 3231 3519 epomidem,
3263 3452 3557 3506 analabum

1991 3552 2044 3597 et
2077 3542 2273 3597 lorum.
2316 3539 2387 3596 Ut
2416 3550 2593 3594 autem
2630 3540 2899 3595 eucullam
2933 3540 3096 3595 etiam
3127 3554 3331 3597 exuere
3357 3542 3547 3602 volttil,

1992 3631 2244 3686 restitere
2285 3629 2519 3685 Patres:
2556 3628 2631 3684 Ne
2688 3630 2740 3684 id
2787 3628 2986 3700 egeris,
3004 3627 3189 3697 Pater,
3217 3613 3489 3697 inquieba‘i
3512 3632 3557 3679 t.

1992 3722 2230 3792 Equum
2261 3729 2346 3777 est
2375 3729 2429 3776 te
2454 3736 2575 3776 cum
2609 3729 2796 3776 sancta
2827 3731 2978 3776 veste
3001 3720 3397 3777 consummari.
3424 3719 3551 3785 Qui-

1993 3816 2097 3871 bus
2129 3825 2347 3870 sanctus
2405 3813 2685 3883 respondit
2716 3829 2731 3868 :
2778 3808 2968 3870 Patres
3004 3822 3059 3868 et
3090 3812 3313 3878 fratres,
3356 3812 3449 3882 qui
3478 3811 3563 3865 lu-

1993 3917 2195 3969 ctatur,
2227 3905 2404 3960 nudus
2434 3904 2694 3959 luctatur.
2739 3902 2902 3960 Nefas
2958 3918 3087 3961 vero
3119 3919 3243 3961 esse
3270 3904 3545 3965 existimo,

1994 4004 2239 4051 sanctum
2271 3995 2375 4049 huc
2410 3993 2787 4048 indumentum
2816 4009 2845 4048 a
2871 3993 3027 4064 plebe
3054 4009 3207 4050 more
3236 4007 3431 4049 canum
3479 3992 3564 4044 al-

1991 4085 2226 4140 latrante
2253 4083 2486 4138 ludibrio
2508 4083 2725 4137 haberi.
2796 4083 2892 4138 His
2922 4088 3075 4139 ‘cum
3106 4083 3297 4139 Patres
3331 4082 3552 4136 assensi

1995 4176 2248 4238 fuissent,
2269 4174 2385 4242 ipse
2410 4172 2525 4227 sola
2558 4174 2739 4226 tunica
2761 4172 2988 4240 pellicea
3023 4172 3262 4226 amictus
3290 4186 3414 4224 cum
3451 4169 3558 4223 illis

1991 4267 2189 4322 sedens
2219 4265 2285 4319 de
2317 4263 2495 4318 salute
2531 4262 2854 4316 disserebat.
3433 4280 3439 4285 ο

326 4357 519 4420 πείσας
542 4358 667 4421 τοὺς
723 4357 1002 4430 Πατέρας,
1043 4358 1152 4412 ἀπὸ
1206 4360 1369 4430 μόνου
1438 4359 1532 4414 τοῦ
1577 4360 1899 4432 δερματίνου
1971 4359 2195 4430 χιτῶνος
2227 4354 2341 4425 μετ’
2372 4351 2551 4408 αὐτῶν
2578 4351 2814 4415 καθίσας
2861 4352 3058 4422 ὡμίλει
3082 4352 3152 4407 τὰ
3203 4354 3334 4424 περὶ
3378 4367 3556 4421 σωτητ

326 4444 449 4516 ρίας
460 4484 474 4499 .

407 4557 466 4611 '0
493 4557 550 4610 δέ
575 4555 789 4620 ἀλαζὼν
816 4557 1022 4619 ἐκεῖνος
1060 4555 1333 4625 βασιλεὺς,
1371 4556 1460 4610 διὰ
1514 4557 1607 4610 τοῦ
1640 4558 1888 4610 νυκτικό-

2063 4550 2285 4605 Interim
2316 4561 2580 4616 arrogans
2615 4546 2703 4600 ille
2728 4547 3025 4626 imperator
3044 4548 3408 4618 nycticoracis
3443 4551 3557 4605 dte-

328 4665 493 4720 ρακος
519 4648 769 4717 δαίμονος
814 4648 975 4714 γνοὺς
1010 4646 1078 4698 τὰ
1104 4648 1247 4699 κατὰ
1278 4648 1371 4700 τὸν
1412 4646 1567 4715 ἆγιον
1592 4649 1649 4700 ἐν
1680 4650 1742 4716 τῇ
1774 4666 1882 4716 φυ-

324 4736 465 4807 λακῇ
502 4733 1070 4805 παρακολουθήσαντα,
1121 4734 1217 4787 καὶ
1248 4735 1354 4786 τῶν
1384 4735 1623 4787 εὐσεϐῶν
1654 4736 1883 4788 ἐκείνων

323 4826 699 4894 αὐταδέλφων,
749 4825 877 4897 περὶ
917 4823 1179 4894 δευτέραν
1222 4827 1369 4894 ὥραν
1421 4825 1519 4897 τῆς
1551 4827 1761 4897 ἡμέρας
1791 4825 1886 4880 τοῦ

326 4916 497 4970 ὕπνου
529 4914 841 4980 διαναστάς,
866 4915 1163 4967 λεοντιαῖον
1188 4913 1416 4984 βρύξας,
1451 4916 1543 4968 καὶ
1575 4919 1654 4979 εἰς
1702 4917 1769 4969 τά
1798 4917 1890 4986 βα-

326 5007 511 5060 σιλικὰ
586 5005 901 5074 ἐκπηδήσας
959 5003 1254 5074 προαύλια,
1319 5006 1507 5075 βιαίως
1572 5007 1882 5076 ἠλάλαξεν·

322 5094 394 5152 Ὦ
423 5096 550 5167 βίαι
600 5095 773 5158 οὐδείς
827 5112 916 5165 μοι
977 5097 1006 5147 ὁ
1051 5094 1292 5164 βοηθῶν;
1344 5097 1408 5147 Τί
1456 5098 1579 5165 ἐμοὶ
1626 5099 1718 5150 καὶ
1780 5102 1892 5161 τοῖς

325 5171 787 5256 ἀμνημονεύτοις;
822 5184 943 5236 Τῶν
997 5183 1053 5235 δὲ
1120 5184 1492 5239 κοιλιοδούλων
1542 5189 1889 5259 αὑτοκλήτων

325 5276 490 5328 αὐτοῦ
543 5274 878 5328 σπευδόντων
922 5274 1057 5343 πρὸς
1111 5274 1171 5326 τὸ
1222 5275 1619 5347 λαιμαργικὺν,
1677 5283 1889 5344 τούτοις

327 5367 782 5437 πῳσαπαντήσας
842 5361 1029 5418 εἶπεν⁸
1072 5366 1181 5419 Ποῦ
1252 5370 1574 5439 πορεύεσθε,
1628 5374 1720 5425 καὶ
1767 5373 1887 5425 τίνα

326 5454 573 5525 (quin;
609 5458 672 5510 Οί
708 5457 765 5509 δέ
793 5457 928 5526 πρὸς
960 5454 1122 5509 αὐτόν
1147 5471 1159 5485 °
1185 5457 1327 5527 Πρὸς
1352 5460 1411 5513 σὲ
1438 5460 1530 5514 τὸν
1569 5461 1885 5530 πανάγαθον

1994 4643 2170 4697 monis
2201 4656 2363 4710 opera
2398 4639 2634 4708 cognitis
2667 4640 2733 4692 iis
2763 4653 2885 4707 quae
2911 4640 2961 4692 in
3000 4653 3222 4693 carcere
3250 4655 3280 4693 a
3313 4642 3421 4710 piis
3452 4642 3558 4696 illis

1998 4733 2262 4786 fratribus
2297 4745 2425 4798 erga
2461 4741 2705 4784 sanctqu
2744 4730 2917 4781 virum
2947 4739 3094 4796 gesta
3124 4740 3301 4793 erant,
3329 4730 3432 4784 sub
3462 4745 3544 4784 se~

1993 4824 2223 4880 condam
2260 4820 2367 4875 diei
2405 4822 2592 4875 horam
2626 4834 2657 4870 e
2711 4823 2901 4873 som‘nu
2982 4820 3242 4885 surrexit,
3274 4820 3555 4889 leonisque

1994 4896 2440 4979 instar’rugiens,
2469 4917 2523 4961 et
2545 4910 2596 4960 iu
2619 4907 2967 4976 imperatoria
2999 4907 3261 4963 vestibula
3289 4909 3552 4965 exsiliens

1994 5001 2230 5054 violento
2308 5013 2429 5052 cntn
2460 4997 2665 5049 ululatu
2742 4994 3042 5050 clamavit:
3079 4996 3123 5051 0
3173 4998 3320 5050 vim!
3393 5012 3553 5051 nemo

1997 5091 2128 5144 mihi
2182 5088 2492 5155 adiumento
2515 5096 2596 5140 est
2623 5085 2645 5138 ?
2674 5084 2813 5151 Quid
2843 5086 2971 5139 mihi
3016 5098 3069 5140 et
3119 5087 3403 5142 nefandis?
3432 5087 3557 5154 Ejus

1995 5188 2175 5243 autem
2212 5178 2556 5233 helluonibus
2586 5188 2779 5246 sponte
2815 5178 2880 5230 ad
2915 5180 3331 5233 eomessundutn
3363 5194 3557 5247 prope-

1995 5276 2237 5328 rantibus
2288 5274 2403 5341 ipse
2458 5287 2755 5326 occurrens
2781 5273 2856 5324 ait
2904 5290 2917 5324 :
2980 5274 3097 5338 Quo
3159 5274 3267 5338 itis,
3324 5286 3557 5340 quemve

1991 5364 2270 5436 qumritis?
2301 5364 2398 5418 (iui
2428 5363 2500 5417 illi
2530 5381 2544 5418 :
2573 5363 2651 5417 Ad
2692 5373 2745 5418 te
2776 5363 3039 5431 optimum
3074 5373 3320 5416 nostrum
3370 5361 3541 5415 domi-

1990 5456 2139 5523 num,
2167 5466 2223 5511 ut
2282 5457 2383 5512 hac
2441 5458 2526 5511 die
2581 5457 2736 5519 festa,
2770 5471 2891 5524 qua:
2922 5456 2975 5508 in
3026 5456 3283 5509 honorem
3312 5456 3581 5535 impera-_

404 5654 429 5693 "
461 5654 845 5736 31;£¢Xé¢¢‘¢-
924 5662 941 5700 ι
974 5664 1042 5718 al.
1077 5662 1455 5733 κακηνκάκως.
1535 5671 1574 5699 ω
1605 5662 1677 5717 al.
1733 5663 1832 5733 τὴν
1854 5661 1953 5733 μὲν
1983 5659 2076 5714 τοῦ
2109 5657 2369 5730 βασιλέως
2395 5654 2701 5726 τυραννὼδη
2738 5654 2935 5724 μανίαν
2973 5651 3150 5724 τούτῳ
3172 5655 3550 5725 ἀπήγγειλαν,

333 5723 409 5787 είς
443 5723 745 5794 μηδοτιοῦν,
779 5737 881 5782 etc.
