  <div class='ocr_page' id='page_1' title='image "/cluster/home/n/w/nwhite01/storage/ocr_20150623/100/hvd.32044054111919/596.png"; bbox 0 0 3932 6214; ppageno 0'>
   <div class='ocr_carea' id='block_1_1' title="bbox 262 340 399 410">
    <p class='ocr_par' dir='ltr' id='par_1_1' title="bbox 262 340 399 410">
     <span class='ocr_line' id='line_1_1' title="bbox 262 340 399 410; baseline 0.007 -1"><span class='ocrx_word' id='word_1_1' title='bbox 262 340 399 410; x_wconf 78' lang='grc'>1177</span> 
     </span>
    </p>
   </div>
   <div class='ocr_carea' id='block_1_2' title="bbox 1347 350 2466 420">
    <p class='ocr_par' dir='ltr' id='par_1_2' title="bbox 1347 350 2466 420">
     <span class='ocr_line' id='line_1_2' title="bbox 1347 350 2466 420; baseline 0.008 -10"><span class='ocrx_word' id='word_1_2' title='bbox 1347 350 1522 411; x_wconf 73' lang='lat' dir='ltr'><strong>VITA</strong></span> <span class='ocrx_word' id='word_1_3' title='bbox 1567 351 1630 411; x_wconf 93' lang='lat' dir='ltr'><strong>S.</strong></span> <span class='ocrx_word' id='word_1_4' title='bbox 1670 351 2050 414; x_wconf 83' lang='lat' dir='ltr'><strong>STEPHANI</strong></span> <span class='ocrx_word' id='word_1_5' title='bbox 2081 353 2466 420; x_wconf 82' lang='lat' dir='ltr'><strong>JUNIORIS.</strong></span> 
     </span>
    </p>
   </div>
   <div class='ocr_carea' id='block_1_3' title="bbox 3367 359 3496 424">
    <p class='ocr_par' dir='ltr' id='par_1_3' title="bbox 3367 359 3496 424">
     <span class='ocr_line' id='line_1_3' title="bbox 3367 359 3496 424; baseline 0 0"><span class='ocrx_word' id='word_1_6' title='bbox 3367 359 3496 424; x_wconf 69' lang='lat'><strong>1178</strong></span> 
     </span>
    </p>
   </div>
   <div class='ocr_carea' id='block_1_4' title="bbox 256 459 1807 540">
    <p class='ocr_par' dir='ltr' id='par_1_4' title="bbox 256 459 1807 536">
     <span class='ocr_line' id='line_1_4' title="bbox 256 459 1807 536; baseline 0 -16"><span class='ocrx_word' id='word_1_7' title='bbox 256 481 412 520; x_wconf 77' lang='grc' dir='ltr'>κισεν</span> <span class='ocrx_word' id='word_1_8' title='bbox 438 473 480 518; x_wconf 74' lang='grc' dir='ltr'>τ.</span> <span class='ocrx_word' id='word_1_9' title='bbox 511 463 621 518; x_wconf 81' lang='grc' dir='ltr'><strong>Καὶ</strong></span> <span class='ocrx_word' id='word_1_10' title='bbox 642 459 711 536; x_wconf 79' lang='grc' dir='ltr'>ἦν</span> <span class='ocrx_word' id='word_1_11' title='bbox 743 463 869 518; x_wconf 83' lang='grc' dir='ltr'><strong>ίδείν</strong></span> <span class='ocrx_word' id='word_1_12' title='bbox 901 466 1079 519; x_wconf 74' lang='grc' dir='ltr'>πᾶσαν</span> <span class='ocrx_word' id='word_1_13' title='bbox 1107 462 1206 532; x_wconf 77' lang='grc' dir='ltr'>τὴν</span> <span class='ocrx_word' id='word_1_14' title='bbox 1239 465 1352 518; x_wconf 79' lang='grc' dir='ltr'><strong>τῶν</strong></span> <span class='ocrx_word' id='word_1_15' title='bbox 1394 467 1646 534; x_wconf 75' lang='grc' dir='ltr'>ἐγκάτων</span> <span class='ocrx_word' id='word_1_16' title='bbox 1679 471 1807 520; x_wconf 69' lang='grc' dir='ltr'>οίκοι</span> 
     </span>
    </p>
   </div>
   <div class='ocr_carea' id='block_1_5' title="bbox 1909 459 3496 540">
    <p class='ocr_par' dir='ltr' id='par_1_5' title="bbox 1929 467 3496 540">
     <span class='ocr_line' id='line_1_5' title="bbox 1929 467 3496 540; baseline 0.004 -17"><span class='ocrx_word' id='word_1_17' title='bbox 1929 470 2221 526; x_wconf 75' lang='lat' dir='ltr'><strong>crudeliter</strong></span> <span class='ocrx_word' id='word_1_18' title='bbox 2259 471 2313 525; x_wconf 90' lang='lat' dir='ltr'><strong>in</strong></span> <span class='ocrx_word' id='word_1_19' title='bbox 2355 470 2472 538; x_wconf 85' lang='lat' dir='ltr'><strong>ejus</strong></span> <span class='ocrx_word' id='word_1_20' title='bbox 2505 478 2750 525; x_wconf 92' lang='lat' dir='ltr'><strong>ventrem</strong></span> <span class='ocrx_word' id='word_1_21' title='bbox 2790 467 3058 540; x_wconf 77' lang='lat' dir='ltr'><strong>proiecto,</strong></span> <span class='ocrx_word' id='word_1_22' title='bbox 3086 469 3238 525; x_wconf 90' lang='lat' dir='ltr'><strong>illum</strong></span> <span class='ocrx_word' id='word_1_23' title='bbox 3271 472 3324 526; x_wconf 93' lang='lat' dir='ltr'><strong>in</strong></span> <span class='ocrx_word' id='word_1_24' title='bbox 3361 475 3496 530; x_wconf 78' lang='lat' dir='ltr'><strong>duas</strong></span> 
     </span>
    </p>
   </div>
   <div class='ocr_carea' id='block_1_6' title="bbox 255 551 1826 623">
    <p class='ocr_par' dir='ltr' id='par_1_6' title="bbox 255 551 1826 623">
     <span class='ocr_line' id='line_1_6' title="bbox 255 551 1826 623; baseline 0.002 -17"><span class='ocrx_word' id='word_1_25' title='bbox 255 555 451 623; x_wconf 75' lang='grc' dir='ltr'>νομίαν</span> <span class='ocrx_word' id='word_1_26' title='bbox 482 553 584 608; x_wconf 79' lang='grc' dir='ltr'>σὺν</span> <span class='ocrx_word' id='word_1_27' title='bbox 607 557 721 618; x_wconf 85' lang='grc' dir='ltr'>τοῖς</span> <span class='ocrx_word' id='word_1_28' title='bbox 755 555 997 623; x_wconf 70' lang='grc' dir='ltr'>ἐντέροις</span> <span class='ocrx_word' id='word_1_29' title='bbox 1032 554 1126 606; x_wconf 79' lang='grc' dir='ltr'>ἐπὶ</span> <span class='ocrx_word' id='word_1_30' title='bbox 1151 553 1250 623; x_wconf 79' lang='grc' dir='ltr'><strong>τῆς</strong></span> <span class='ocrx_word' id='word_1_31' title='bbox 1275 555 1380 622; x_wconf 81' lang='grc' dir='ltr'><strong>γῆς</strong></span> <span class='ocrx_word' id='word_1_32' title='bbox 1409 551 1684 619; x_wconf 79' lang='grc' dir='ltr'>προῦπτον</span> <span class='ocrx_word' id='word_1_33' title='bbox 1733 573 1826 609; x_wconf 84' lang='grc' dir='ltr'>συ-</span> 
     </span>
    </p>
   </div>
   <div class='ocr_carea' id='block_1_7' title="bbox 256 645 1824 716">
    <p class='ocr_par' dir='ltr' id='par_1_7' title="bbox 256 645 1824 716">
     <span class='ocr_line' id='line_1_7' title="bbox 256 645 1824 716; baseline 0.001 -18"><span class='ocrx_word' id='word_1_34' title='bbox 256 645 490 716; x_wconf 79' lang='grc' dir='ltr'>ρομένην</span> <span class='ocrx_word' id='word_1_35' title='bbox 521 645 731 707; x_wconf 78' lang='grc' dir='ltr'>δεινῶς.</span> <span class='ocrx_word' id='word_1_36' title='bbox 783 645 987 707; x_wconf 82' lang='grc' dir='ltr'><strong>Ὄντως</strong></span> <span class='ocrx_word' id='word_1_37' title='bbox 1019 645 1170 698; x_wconf 73' lang='grc' dir='ltr'>οὐδὲν</span> <span class='ocrx_word' id='word_1_38' title='bbox 1195 645 1288 698; x_wconf 82' lang='grc' dir='ltr'><strong>τοῦ</strong></span> <span class='ocrx_word' id='word_1_39' title='bbox 1316 645 1560 699; x_wconf 82' lang='grc' dir='ltr'>τοιούτου</span> <span class='ocrx_word' id='word_1_40' title='bbox 1596 647 1824 700; x_wconf 77' lang='grc' dir='ltr'>θανάτου</span> 
     </span>
    </p>
   </div>
   <div class='ocr_carea' id='block_1_8' title="bbox 249 733 1826 804">
    <p class='ocr_par' dir='ltr' id='par_1_8' title="bbox 249 733 1826 804">
     <span class='ocr_line' id='line_1_8' title="bbox 249 733 1826 804; baseline -0.001 -16"><span class='ocrx_word' id='word_1_41' title='bbox 249 733 574 804; x_wconf 82' lang='grc' dir='ltr'>δεινότερον,</span> <span class='ocrx_word' id='word_1_42' title='bbox 618 733 737 786; x_wconf 72' lang='grc' dir='ltr'>οὐδὲ</span> <span class='ocrx_word' id='word_1_43' title='bbox 767 733 825 784; x_wconf 87' lang='grc' dir='ltr'><strong>ἐν</strong></span> <span class='ocrx_word' id='word_1_44' title='bbox 857 735 972 795; x_wconf 79' lang='grc' dir='ltr'>τοῖς</span> <span class='ocrx_word' id='word_1_45' title='bbox 1011 733 1271 804; x_wconf 81' lang='grc' dir='ltr'>Ἕλλησιν</span> <span class='ocrx_word' id='word_1_46' title='bbox 1314 733 1492 804; x_wconf 75' lang='grc' dir='ltr'>ἐφάνη</span> <span class='ocrx_word' id='word_1_47' title='bbox 1523 734 1674 790; x_wconf 77' lang='grc' dir='ltr'>ποτέ.</span> <span class='ocrx_word' id='word_1_48' title='bbox 1717 734 1826 788; x_wconf 76' lang='grc' dir='ltr'><strong>Καὶ</strong></span> 
     </span>
    </p>
   </div>
   <div class='ocr_carea' id='block_1_9' title="bbox 249 823 1822 896">
    <p class='ocr_par' dir='ltr' id='par_1_9' title="bbox 249 823 1822 896">
     <span class='ocr_line' id='line_1_9' title="bbox 249 823 1822 896; baseline 0 -18"><span class='ocrx_word' id='word_1_49' title='bbox 249 827 362 896; x_wconf 67' lang='grc' dir='ltr'>γὰρ</span> <span class='ocrx_word' id='word_1_50' title='bbox 391 827 530 896; x_wconf 74' lang='grc' dir='ltr'>μετα</span> <span class='ocrx_word' id='word_1_51' title='bbox 552 825 614 878; x_wconf 81' lang='grc' dir='ltr'>τὸ</span> <span class='ocrx_word' id='word_1_52' title='bbox 643 823 942 876; x_wconf 73' lang='grc' dir='ltr'><strong>ἐκπνεῦσαι</strong></span> <span class='ocrx_word' id='word_1_53' title='bbox 975 823 1159 888; x_wconf 77' lang='grc' dir='ltr'>αὐτὸν,</span> <span class='ocrx_word' id='word_1_54' title='bbox 1188 827 1300 888; x_wconf 82' lang='grc' dir='ltr'>τοῖς</span> <span class='ocrx_word' id='word_1_55' title='bbox 1351 823 1520 888; x_wconf 83' lang='grc' dir='ltr'>λίθοις</span> <span class='ocrx_word' id='word_1_56' title='bbox 1569 825 1664 878; x_wconf 73' lang='grc' dir='ltr'>καὶ</span> <span class='ocrx_word' id='word_1_57' title='bbox 1697 828 1822 888; x_wconf 73' lang='grc' dir='ltr'><strong>Ιτοῖς</strong></span> 
     </span>
    </p>
   </div>
   <div class='ocr_carea' id='block_1_10' title="bbox 249 914 1820 990">
    <p class='ocr_par' dir='ltr' id='par_1_10' title="bbox 249 914 1820 990">
     <span class='ocr_line' id='line_1_10' title="bbox 249 914 1820 990; baseline 0.001 -21"><span class='ocrx_word' id='word_1_58' title='bbox 249 914 429 990; x_wconf 66' lang='grc' dir='ltr'>ξύλοις</span> <span class='ocrx_word' id='word_1_59' title='bbox 471 917 531 971; x_wconf 81' lang='grc' dir='ltr'>τὸ</span> <span class='ocrx_word' id='word_1_60' title='bbox 573 915 732 986; x_wconf 83' lang='grc' dir='ltr'>σῶμα</span> <span class='ocrx_word' id='word_1_61' title='bbox 759 915 952 985; x_wconf 83' lang='grc' dir='ltr'>νεκρὸν</span> <span class='ocrx_word' id='word_1_62' title='bbox 1001 915 1251 970; x_wconf 80' lang='grc' dir='ltr'>ἔτυπτον.</span> <span class='ocrx_word' id='word_1_63' title='bbox 1297 915 1370 970; x_wconf 84' lang='grc' dir='ltr'><strong>Οὐ</strong></span> <span class='ocrx_word' id='word_1_64' title='bbox 1411 916 1571 986; x_wconf 86' lang='grc' dir='ltr'>μόνον</span> <span class='ocrx_word' id='word_1_65' title='bbox 1613 915 1722 988; x_wconf 86' lang='grc' dir='ltr'>γὰρ</span> <span class='ocrx_word' id='word_1_66' title='bbox 1773 919 1820 970; x_wconf 90' lang='grc' dir='ltr'><strong>οί</strong></span> 
     </span>
    </p>
   </div>
   <div class='ocr_carea' id='block_1_11' title="bbox 247 1005 1821 1076">
    <p class='ocr_par' dir='ltr' id='par_1_11' title="bbox 247 1005 1821 1076">
     <span class='ocr_line' id='line_1_11' title="bbox 247 1005 1821 1076; baseline 0 -16"><span class='ocrx_word' id='word_1_67' title='bbox 247 1007 461 1076; x_wconf 76' lang='grc' dir='ltr'>ἄνδρες.</span> <span class='ocrx_word' id='word_1_68' title='bbox 497 1006 634 1060; x_wconf 64' lang='grc' dir='ltr'>ἀλλὰ</span> <span class='ocrx_word' id='word_1_69' title='bbox 659 1007 753 1059; x_wconf 79' lang='grc' dir='ltr'><strong>καὶ</strong></span> <span class='ocrx_word' id='word_1_70' title='bbox 770 1010 1052 1074; x_wconf 82' lang='grc' dir='ltr'>γυναῖκες,</span> <span class='ocrx_word' id='word_1_71' title='bbox 1080 1006 1172 1058; x_wconf 74' lang='grc' dir='ltr'><strong>καὶ</strong></span> <span class='ocrx_word' id='word_1_72' title='bbox 1204 1005 1386 1067; x_wconf 79' lang='grc' dir='ltr'>παῖδες</span> <span class='ocrx_word' id='word_1_73' title='bbox 1410 1006 1509 1069; x_wconf 75' lang='grc' dir='ltr'>τὰς</span> <span class='ocrx_word' id='word_1_74' title='bbox 1537 1006 1821 1074; x_wconf 81' lang='grc' dir='ltr'>διατριϐὰς</span> 
     </span>
    </p>
   </div>
   <div class='ocr_carea' id='block_1_12' title="bbox 245 1093 1820 1164">
    <p class='ocr_par' dir='ltr' id='par_1_12' title="bbox 245 1093 1820 1164">
     <span class='ocr_line' id='line_1_12' title="bbox 245 1093 1820 1164; baseline 0.001 -16"><span class='ocrx_word' id='word_1_75' title='bbox 245 1095 496 1149; x_wconf 80' lang='grc' dir='ltr'><strong>κελεύσει</strong></span> <span class='ocrx_word' id='word_1_76' title='bbox 517 1095 609 1148; x_wconf 79' lang='grc' dir='ltr'><strong>τοῦ</strong></span> <span class='ocrx_word' id='word_1_77' title='bbox 625 1095 887 1164; x_wconf 86' lang='grc' dir='ltr'>τυράννου</span> <span class='ocrx_word' id='word_1_78' title='bbox 908 1093 1355 1163; x_wconf 83' lang='grc' dir='ltr'>καταλείψαντες.</span> <span class='ocrx_word' id='word_1_79' title='bbox 1378 1094 1515 1164; x_wconf 82' lang='grc' dir='ltr'>μετὰ</span> <span class='ocrx_word' id='word_1_80' title='bbox 1530 1096 1638 1148; x_wconf 87' lang='grc' dir='ltr'><strong>τῶν</strong></span> <span class='ocrx_word' id='word_1_81' title='bbox 1655 1095 1820 1150; x_wconf 87' lang='grc' dir='ltr'>λίθων</span> 
     </span>
    </p>
   </div>
   <div class='ocr_carea' id='block_1_13' title="bbox 246 1184 1821 1256">
    <p class='ocr_par' dir='ltr' id='par_1_13' title="bbox 246 1184 1821 1256">
     <span class='ocr_line' id='line_1_13' title="bbox 246 1184 1821 1256; baseline 0.001 -17"><span class='ocrx_word' id='word_1_82' title='bbox 246 1185 488 1256; x_wconf 77' lang='grc' dir='ltr'><strong>ἔτρεχον.</strong></span> <span class='ocrx_word' id='word_1_83' title='bbox 523 1185 662 1238; x_wconf 79' lang='grc' dir='ltr'>Ἀλλ’</span> <span class='ocrx_word' id='word_1_84' title='bbox 685 1185 734 1237; x_wconf 83' lang='grc' dir='ltr'>εἰ</span> <span class='ocrx_word' id='word_1_85' title='bbox 751 1185 845 1239; x_wconf 84' lang='grc' dir='ltr'><strong>καί</strong></span> <span class='ocrx_word' id='word_1_86' title='bbox 863 1201 948 1248; x_wconf 87' lang='grc' dir='ltr'><strong>τις</strong></span> <span class='ocrx_word' id='word_1_87' title='bbox 969 1185 1282 1254; x_wconf 77' lang='grc' dir='ltr'><strong>ἀπήντησεν</strong></span> <span class='ocrx_word' id='word_1_88' title='bbox 1310 1185 1372 1238; x_wconf 83' lang='grc' dir='ltr'>τὸ</span> <span class='ocrx_word' id='word_1_89' title='bbox 1397 1184 1648 1239; x_wconf 77' lang='grc' dir='ltr'>θεόθυτον</span> <span class='ocrx_word' id='word_1_90' title='bbox 1663 1187 1821 1240; x_wconf 83' lang='grc' dir='ltr'>τοῦτο</span> 
     </span>
    </p>
   </div>
   <div class='ocr_carea' id='block_1_14' title="bbox 245 1274 1820 1346">
    <p class='ocr_par' dir='ltr' id='par_1_14' title="bbox 245 1274 1820 1346">
     <span class='ocr_line' id='line_1_14' title="bbox 245 1274 1820 1346; baseline 0 -18"><span class='ocrx_word' id='word_1_91' title='bbox 245 1275 645 1346; x_wconf 77' lang='grc' dir='ltr'>ὁλοκαρπωμα,</span> <span class='ocrx_word' id='word_1_92' title='bbox 675 1275 724 1327; x_wconf 82' lang='grc' dir='ltr'><strong>εί</strong></span> <span class='ocrx_word' id='word_1_93' title='bbox 745 1274 901 1328; x_wconf 84' lang='grc' dir='ltr'>τοῦτο</span> <span class='ocrx_word' id='word_1_94' title='bbox 929 1274 1098 1338; x_wconf 80' lang='grc' dir='ltr'><strong>λίθοις</strong></span> <span class='ocrx_word' id='word_1_95' title='bbox 1122 1275 1182 1327; x_wconf 84' lang='grc' dir='ltr'><strong>οὐ</strong></span> <span class='ocrx_word' id='word_1_96' title='bbox 1210 1275 1630 1344; x_wconf 77' lang='grc' dir='ltr'><strong>προσέκρουσεν,</strong></span> <span class='ocrx_word' id='word_1_97' title='bbox 1661 1275 1820 1328; x_wconf 81' lang='grc' dir='ltr'>εὐθύ-</span> 
     </span>
    </p>
   </div>
   <div class='ocr_carea' id='block_1_15' title="bbox 245 1364 1816 1436">
    <p class='ocr_par' dir='ltr' id='par_1_15' title="bbox 245 1364 1816 1436">
     <span class='ocr_line' id='line_1_15' title="bbox 245 1364 1816 1436; baseline 0.001 -18"><span class='ocrx_word' id='word_1_98' title='bbox 245 1383 339 1429; x_wconf 75' lang='grc' dir='ltr'>νας</span> <span class='ocrx_word' id='word_1_99' title='bbox 363 1367 768 1436; x_wconf 75' lang='grc' dir='ltr'>είσεπράττετο,</span> <span class='ocrx_word' id='word_1_100' title='bbox 785 1364 860 1429; x_wconf 85' lang='grc' dir='ltr'><strong>ὡς</strong></span> <span class='ocrx_word' id='word_1_101' title='bbox 891 1365 1057 1418; x_wconf 79' lang='grc' dir='ltr'>αὐτοῦ</span> <span class='ocrx_word' id='word_1_102' title='bbox 1084 1364 1384 1436; x_wconf 80' lang='grc' dir='ltr'>προσφιλὴς</span> <span class='ocrx_word' id='word_1_103' title='bbox 1409 1365 1502 1417; x_wconf 77' lang='grc' dir='ltr'><strong>καὶ</strong></span> <span class='ocrx_word' id='word_1_104' title='bbox 1529 1364 1636 1418; x_wconf 87' lang='grc' dir='ltr'><strong>τῶν</strong></span> <span class='ocrx_word' id='word_1_105' title='bbox 1660 1366 1816 1435; x_wconf 64' lang='grc' dir='ltr'>βασις</span> 
     </span>
    </p>
   </div>
   <div class='ocr_carea' id='block_1_16' title="bbox 215 1392 1817 1544">
    <p class='ocr_par' dir='ltr' id='par_1_16' title="bbox 215 1392 1817 1544">
     <span class='ocr_line' id='line_1_16' title="bbox 247 1392 1816 1436; baseline 0.001 -18"><span class='ocrx_word' id='word_1_106' title='bbox 247 1392 338 1429; x_wconf 63' lang='grc' dir='ltr'>νας</span> <span class='ocrx_word' id='word_1_107' title='bbox 363 1392 768 1436; x_wconf 68' lang='grc' dir='ltr'>εισιπραττιτυ,</span> <span class='ocrx_word' id='word_1_108' title='bbox 785 1392 858 1429; x_wconf 83' lang='grc' dir='ltr'>ως</span> <span class='ocrx_word' id='word_1_109' title='bbox 891 1392 1057 1418; x_wconf 67' lang='grc' dir='ltr'><strong>αυῖυυ</strong></span> <span class='ocrx_word' id='word_1_110' title='bbox 1084 1392 1382 1436; x_wconf 68' lang='grc' dir='ltr'>πρυσψιλης</span> <span class='ocrx_word' id='word_1_111' title='bbox 1411 1392 1502 1417; x_wconf 63' lang='grc' dir='ltr'><strong>και</strong></span> <span class='ocrx_word' id='word_1_112' title='bbox 1529 1392 1636 1418; x_wconf 75' lang='grc' dir='ltr'><strong>των</strong></span> <span class='ocrx_word' id='word_1_113' title='bbox 1660 1392 1816 1435; x_wconf 70' lang='grc' dir='ltr'>μασι-ι</span> 
     </span>
     <span class='ocr_line' id='line_1_17' title="bbox 215 1392 1817 1544; baseline 0.001 -36"><span class='ocrx_word' id='word_1_114' title='bbox 215 1392 379 1544; x_wconf 55' lang='grc' dir='ltr'>ικέων</span> <span class='ocrx_word' id='word_1_115' title='bbox 401 1457 614 1528; x_wconf 82' lang='grc' dir='ltr'>ἐχθρός.</span> <span class='ocrx_word' id='word_1_116' title='bbox 651 1457 740 1520; x_wconf 86' lang='grc' dir='ltr'><strong>Ὠς</strong></span> <span class='ocrx_word' id='word_1_117' title='bbox 761 1456 818 1511; x_wconf 78' lang='grc' dir='ltr'><strong>δέ</strong></span> <span class='ocrx_word' id='word_1_118' title='bbox 850 1457 942 1510; x_wconf 78' lang='grc' dir='ltr'>τὸν</span> <span class='ocrx_word' id='word_1_119' title='bbox 964 1455 1059 1509; x_wconf 83' lang='grc' dir='ltr'>τοῦ</span> <span class='ocrx_word' id='word_1_120' title='bbox 1079 1455 1212 1520; x_wconf 64' lang='lat' dir='ltr'><strong>Bob;</strong></span> <span class='ocrx_word' id='word_1_121' title='bbox 1235 1456 1400 1508; x_wconf 89' lang='grc' dir='ltr'>τόπον</span> <span class='ocrx_word' id='word_1_122' title='bbox 1419 1455 1531 1525; x_wconf 70' lang='lat'><strong>(27)</strong></span> <span class='ocrx_word' id='word_1_123' title='bbox 1550 1456 1598 1508; x_wconf 82' lang='lat' dir='ltr'><strong>oi</strong></span> <span class='ocrx_word' id='word_1_124' title='bbox 1629 1457 1817 1528; x_wconf 78' lang='grc' dir='ltr'>σύρον-</span> 
     </span>
    </p>
   </div>
   <div class='ocr_carea' id='block_1_17' title="bbox 223 1543 1817 1620">
    <p class='ocr_par' dir='ltr' id='par_1_17' title="bbox 223 1543 1817 1620">
     <span class='ocr_line' id='line_1_18' title="bbox 223 1543 1817 1620; baseline 0 -20"><span class='ocrx_word' id='word_1_125' title='bbox 223 1543 332 1620; x_wconf 59' lang='lat' dir='ltr'><strong>ire;</strong></span> <span class='ocrx_word' id='word_1_126' title='bbox 351 1547 672 1612; x_wconf 68' lang='grc' dir='ltr'>κατέλαϐον,</span> <span class='ocrx_word' id='word_1_127' title='bbox 692 1546 936 1618; x_wconf 84' lang='grc' dir='ltr'>κάπηλός</span> <span class='ocrx_word' id='word_1_128' title='bbox 951 1563 1034 1610; x_wconf 87' lang='grc' dir='ltr'>τις</span> <span class='ocrx_word' id='word_1_129' title='bbox 1055 1545 1242 1616; x_wconf 79' lang='grc' dir='ltr'><strong>ἰχθύας</strong></span> <span class='ocrx_word' id='word_1_130' title='bbox 1261 1549 1318 1599; x_wconf 82' lang='grc' dir='ltr'><strong>ἐν</strong></span> <span class='ocrx_word' id='word_1_131' title='bbox 1337 1543 1414 1616; x_wconf 82' lang='grc' dir='ltr'><strong>τῷ</strong></span> <span class='ocrx_word' id='word_1_132' title='bbox 1439 1545 1659 1617; x_wconf 83' lang='grc' dir='ltr'><strong>τηγάνῳ</strong></span> <span class='ocrx_word' id='word_1_133' title='bbox 1684 1563 1817 1600; x_wconf 82' lang='grc' dir='ltr'>κατ-</span> 
     </span>
    </p>
   </div>
   <div class='ocr_carea' id='block_1_18' title="bbox 245 1635 1810 1708">
    <p class='ocr_par' dir='ltr' id='par_1_18' title="bbox 245 1635 1810 1708">
     <span class='ocr_line' id='line_1_19' title="bbox 245 1635 1810 1708; baseline 0 -16"><span class='ocrx_word' id='word_1_134' title='bbox 245 1637 443 1698; x_wconf 71' lang='grc' dir='ltr'>ἰπτῶν,</span> <span class='ocrx_word' id='word_1_135' title='bbox 465 1638 562 1691; x_wconf 80' lang='grc' dir='ltr'>ἐπὶ</span> <span class='ocrx_word' id='word_1_136' title='bbox 593 1639 692 1708; x_wconf 87' lang='grc' dir='ltr'><strong>τῆς</strong></span> <span class='ocrx_word' id='word_1_137' title='bbox 731 1637 999 1707; x_wconf 76' lang='grc' dir='ltr'><strong>δημοσίας</strong></span> <span class='ocrx_word' id='word_1_138' title='bbox 1047 1635 1170 1689; x_wconf 80' lang='grc' dir='ltr'>ἰδὼν</span> <span class='ocrx_word' id='word_1_139' title='bbox 1191 1637 1283 1690; x_wconf 83' lang='grc' dir='ltr'>τὸν</span> <span class='ocrx_word' id='word_1_140' title='bbox 1309 1635 1465 1704; x_wconf 72' lang='grc' dir='ltr'>ἅγιον</span> <span class='ocrx_word' id='word_1_141' title='bbox 1493 1635 1810 1707; x_wconf 82' lang='grc' dir='ltr'><strong>συρόμενον,</strong></span> 
     </span>
    </p>
   </div>
   <div class='ocr_carea' id='block_1_19' title="bbox 240 1726 1812 1800">
    <p class='ocr_par' dir='ltr' id='par_1_19' title="bbox 240 1726 1812 1800">
     <span class='ocr_line' id='line_1_20' title="bbox 240 1726 1812 1800; baseline 0.002 -20"><span class='ocrx_word' id='word_1_142' title='bbox 240 1727 338 1781; x_wconf 77' lang='grc' dir='ltr'><strong>καὶ</strong></span> <span class='ocrx_word' id='word_1_143' title='bbox 367 1727 526 1795; x_wconf 80' lang='grc' dir='ltr'>δόξας</span> <span class='ocrx_word' id='word_1_144' title='bbox 553 1727 716 1781; x_wconf 82' lang='grc' dir='ltr'>αὐτὸν</span> <span class='ocrx_word' id='word_1_145' title='bbox 764 1726 848 1781; x_wconf 77' lang='grc' dir='ltr'><strong>ἐτι</strong></span> <span class='ocrx_word' id='word_1_146' title='bbox 879 1727 1002 1798; x_wconf 74' lang='grc' dir='ltr'>ζῇν,</span> <span class='ocrx_word' id='word_1_147' title='bbox 1027 1727 1182 1780; x_wconf 84' lang='grc' dir='ltr'>δαλὸν</span> <span class='ocrx_word' id='word_1_148' title='bbox 1207 1729 1272 1780; x_wconf 83' lang='grc' dir='ltr'>ἐκ</span> <span class='ocrx_word' id='word_1_149' title='bbox 1302 1727 1394 1780; x_wconf 78' lang='grc' dir='ltr'>τοῦ</span> <span class='ocrx_word' id='word_1_150' title='bbox 1419 1727 1592 1798; x_wconf 74' lang='grc' dir='ltr'>πυρὸς</span> <span class='ocrx_word' id='word_1_151' title='bbox 1620 1728 1812 1800; x_wconf 79' lang='grc' dir='ltr'>δραξά-</span> 
     </span>
    </p>
   </div>
   <div class='ocr_carea' id='block_1_20' title="bbox 241 1818 1809 1890">
    <p class='ocr_par' dir='ltr' id='par_1_20' title="bbox 241 1818 1809 1890">
     <span class='ocr_line' id='line_1_21' title="bbox 241 1818 1809 1890; baseline -0.001 -17"><span class='ocrx_word' id='word_1_152' title='bbox 241 1831 422 1890; x_wconf 79' lang='grc' dir='ltr'>μενος,</span> <span class='ocrx_word' id='word_1_153' title='bbox 475 1819 570 1873; x_wconf 76' lang='grc' dir='ltr'><strong>καὶ</strong></span> <span class='ocrx_word' id='word_1_154' title='bbox 596 1819 720 1882; x_wconf 77' lang='grc' dir='ltr'>δοὺς</span> <span class='ocrx_word' id='word_1_155' title='bbox 767 1819 910 1872; x_wconf 77' lang='grc' dir='ltr'>κατὰ</span> <span class='ocrx_word' id='word_1_156' title='bbox 961 1819 1059 1889; x_wconf 82' lang='grc' dir='ltr'><strong>τῆς</strong></span> <span class='ocrx_word' id='word_1_157' title='bbox 1101 1818 1344 1888; x_wconf 71' lang='grc' dir='ltr'>κεφαλῆς</span> <span class='ocrx_word' id='word_1_158' title='bbox 1387 1819 1483 1871; x_wconf 83' lang='grc' dir='ltr'><strong>τοῦ</strong></span> <span class='ocrx_word' id='word_1_159' title='bbox 1537 1819 1715 1886; x_wconf 69' lang='grc' dir='ltr'>ἁγίου,</span> <span class='ocrx_word' id='word_1_160' title='bbox 1746 1819 1809 1872; x_wconf 83' lang='grc' dir='ltr'><strong>τὺ</strong></span> 
     </span>
    </p>
   </div>
   <div class='ocr_carea' id='block_1_21' title="bbox 234 1897 1808 1980">
    <p class='ocr_par' dir='ltr' id='par_1_21' title="bbox 234 1897 1808 1980">
     <span class='ocr_line' id='line_1_22' title="bbox 234 1897 1808 1980; baseline 0 -17"><span class='ocrx_word' id='word_1_161' title='bbox 234 1909 482 1964; x_wconf 74' lang='grc' dir='ltr'>όπίσθιον</span> <span class='ocrx_word' id='word_1_162' title='bbox 517 1908 684 1980; x_wconf 80' lang='grc' dir='ltr'><strong>μέρος</strong></span> <span class='ocrx_word' id='word_1_163' title='bbox 705 1909 804 1980; x_wconf 83' lang='grc' dir='ltr'><strong>τῆς</strong></span> <span class='ocrx_word' id='word_1_164' title='bbox 825 1897 1023 1979; x_wconf 79' lang='grc' dir='ltr'>κάρας,</span> <span class='ocrx_word' id='word_1_165' title='bbox 1047 1909 1076 1961; x_wconf 84' lang='grc' dir='ltr'><strong>ὃ</strong></span> <span class='ocrx_word' id='word_1_166' title='bbox 1101 1908 1320 1977; x_wconf 78' lang='grc' dir='ltr'>λέγεται</span> <span class='ocrx_word' id='word_1_167' title='bbox 1350 1907 1677 1980; x_wconf 75' lang='grc' dir='ltr'>ἡμίκρανον,</span> <span class='ocrx_word' id='word_1_168' title='bbox 1711 1927 1808 1980; x_wconf 82' lang='grc' dir='ltr'>με-</span> 
     </span>
    </p>
   </div>
   <div class='ocr_carea' id='block_1_22' title="bbox 236 1999 1806 2074">
    <p class='ocr_par' dir='ltr' id='par_1_22' title="bbox 236 1999 1806 2074">
     <span class='ocr_line' id='line_1_23' title="bbox 236 1999 1806 2074; baseline 0.003 -23"><span class='ocrx_word' id='word_1_169' title='bbox 236 2005 396 2072; x_wconf 73' lang='grc' dir='ltr'>ρίσας</span> <span class='ocrx_word' id='word_1_170' title='bbox 421 1999 754 2074; x_wconf 74' lang='grc' dir='ltr'>ἀπέρρηξεν,</span> <span class='ocrx_word' id='word_1_171' title='bbox 781 2000 877 2054; x_wconf 75' lang='grc' dir='ltr'>καὶ</span> <span class='ocrx_word' id='word_1_172' title='bbox 905 2000 1117 2070; x_wconf 81' lang='grc' dir='ltr'>διεχέθη</span> <span class='ocrx_word' id='word_1_173' title='bbox 1141 2001 1234 2054; x_wconf 74' lang='grc' dir='ltr'>ἐπὶ</span> <span class='ocrx_word' id='word_1_174' title='bbox 1266 2001 1365 2070; x_wconf 83' lang='grc' dir='ltr'>τῆς</span> <span class='ocrx_word' id='word_1_175' title='bbox 1395 2001 1500 2071; x_wconf 84' lang='grc' dir='ltr'><strong>γῆς</strong></span> <span class='ocrx_word' id='word_1_176' title='bbox 1525 2002 1586 2054; x_wconf 81' lang='grc' dir='ltr'>τὸ</span> <span class='ocrx_word' id='word_1_177' title='bbox 1611 2002 1806 2056; x_wconf 67' lang='grc' dir='ltr'>λεπτὸν</span> 
     </span>
    </p>
   </div>
   <div class='ocr_carea' id='block_1_23' title="bbox 179 2089 1806 2165">
    <p class='ocr_par' dir='ltr' id='par_1_23' title="bbox 179 2089 1806 2165">
     <span class='ocr_line' id='line_1_24' title="bbox 179 2089 1806 2165; baseline 0.001 -20"><span class='ocrx_word' id='word_1_178' title='bbox 179 2111 188 2119; x_wconf 93' lang='grc'><strong>·</strong></span> <span class='ocrx_word' id='word_1_179' title='bbox 233 2093 332 2146; x_wconf 71' lang='grc' dir='ltr'><strong>καὶ</strong></span> <span class='ocrx_word' id='word_1_180' title='bbox 379 2089 575 2153; x_wconf 81' lang='grc' dir='ltr'><strong>ὑλῶδες</strong></span> <span class='ocrx_word' id='word_1_181' title='bbox 623 2090 720 2144; x_wconf 82' lang='grc' dir='ltr'><strong>τοῦ</strong></span> <span class='ocrx_word' id='word_1_182' title='bbox 767 2089 1094 2160; x_wconf 76' lang='grc' dir='ltr'><strong>ἐγκεφάλου.</strong></span> <span class='ocrx_word' id='word_1_183' title='bbox 1155 2090 1398 2160; x_wconf 74' lang='grc' dir='ltr'><strong>Εὐσεϐὴς</strong></span> <span class='ocrx_word' id='word_1_184' title='bbox 1441 2091 1500 2145; x_wconf 80' lang='grc' dir='ltr'>δέ</span> <span class='ocrx_word' id='word_1_185' title='bbox 1552 2111 1638 2156; x_wconf 82' lang='grc' dir='ltr'><strong>τις</strong></span> <span class='ocrx_word' id='word_1_186' title='bbox 1667 2093 1806 2165; x_wconf 70' lang='grc' dir='ltr'>ἀνὴρ</span> 
     </span>
    </p>
   </div>
   <div class='ocr_carea' id='block_1_24' title="bbox 230 2181 1806 2254">
    <p class='ocr_par' dir='ltr' id='par_1_24' title="bbox 230 2181 1806 2254">
     <span class='ocr_line' id='line_1_25' title="bbox 230 2181 1806 2254; baseline 0 -18"><span class='ocrx_word' id='word_1_187' title='bbox 230 2183 462 2250; x_wconf 81' lang='grc' dir='ltr'>ὀνόματι</span> <span class='ocrx_word' id='word_1_188' title='bbox 486 2181 762 2253; x_wconf 79' lang='grc' dir='ltr'>Θεόδωρος</span> <span class='ocrx_word' id='word_1_189' title='bbox 791 2181 1016 2234; x_wconf 72' lang='grc' dir='ltr'>ὄπισθεν</span> <span class='ocrx_word' id='word_1_190' title='bbox 1055 2181 1436 2236; x_wconf 76' lang='grc' dir='ltr'>ἐπακολουθῶν</span> <span class='ocrx_word' id='word_1_191' title='bbox 1463 2185 1806 2254; x_wconf 83' lang='grc' dir='ltr'>κρυφιογνώ-</span> 
     </span>
    </p>
   </div>
   <div class='ocr_carea' id='block_1_25' title="bbox 233 2273 1806 2346">
    <p class='ocr_par' dir='ltr' id='par_1_25' title="bbox 233 2273 1806 2346">
     <span class='ocr_line' id='line_1_26' title="bbox 233 2273 1806 2346; baseline 0 -18"><span class='ocrx_word' id='word_1_192' title='bbox 233 2291 376 2346; x_wconf 84' lang='grc' dir='ltr'>μως,</span> <span class='ocrx_word' id='word_1_193' title='bbox 431 2275 664 2345; x_wconf 76' lang='grc' dir='ltr'><strong>ποιήσας</strong></span> <span class='ocrx_word' id='word_1_194' title='bbox 715 2274 910 2327; x_wconf 75' lang='grc' dir='ltr'>ἑαυτὸν</span> <span class='ocrx_word' id='word_1_195' title='bbox 963 2273 1348 2344; x_wconf 83' lang='grc' dir='ltr'>όλισθήσαντα,</span> <span class='ocrx_word' id='word_1_196' title='bbox 1381 2275 1650 2346; x_wconf 72' lang='grc' dir='ltr'>καὶπρὸς</span> <span class='ocrx_word' id='word_1_197' title='bbox 1699 2275 1806 2346; x_wconf 79' lang='grc' dir='ltr'>γῆν</span> 
     </span>
    </p>
   </div>
   <div class='ocr_carea' id='block_1_26' title="bbox 231 2363 1805 2437">
    <p class='ocr_par' dir='ltr' id='par_1_26' title="bbox 231 2363 1805 2437">
     <span class='ocr_line' id='line_1_27' title="bbox 231 2363 1805 2437; baseline 0.001 -19"><span class='ocrx_word' id='word_1_198' title='bbox 231 2364 515 2434; x_wconf 84' lang='grc' dir='ltr'>κεκυφὼς,</span> <span class='ocrx_word' id='word_1_199' title='bbox 543 2366 605 2418; x_wconf 85' lang='grc' dir='ltr'>τὸ</span> <span class='ocrx_word' id='word_1_200' title='bbox 629 2365 784 2432; x_wconf 78' lang='grc' dir='ltr'>ᾶγιον</span> <span class='ocrx_word' id='word_1_201' title='bbox 826 2366 1006 2418; x_wconf 79' lang='grc' dir='ltr'>ἐκεῖνο</span> <span class='ocrx_word' id='word_1_202' title='bbox 1031 2363 1284 2434; x_wconf 72' lang='grc' dir='ltr'>λείψανον</span> <span class='ocrx_word' id='word_1_203' title='bbox 1308 2365 1583 2435; x_wconf 79' lang='grc' dir='ltr'>ἀράμενος</span> <span class='ocrx_word' id='word_1_204' title='bbox 1609 2366 1704 2420; x_wconf 80' lang='grc' dir='ltr'>καὶ</span> <span class='ocrx_word' id='word_1_205' title='bbox 1727 2366 1805 2437; x_wconf 86' lang='grc' dir='ltr'>τῷ</span> 
     </span>
    </p>
   </div>
   <div class='ocr_carea' id='block_1_27' title="bbox 231 2455 1805 2528">
    <p class='ocr_par' dir='ltr' id='par_1_27' title="bbox 231 2455 1805 2528">
     <span class='ocr_line' id='line_1_28' title="bbox 231 2455 1805 2528; baseline 0.001 -20"><span class='ocrx_word' id='word_1_206' title='bbox 231 2455 543 2527; x_wconf 84' lang='grc' dir='ltr'>ἐγχειριδίῳ</span> <span class='ocrx_word' id='word_1_207' title='bbox 571 2455 770 2520; x_wconf 73' lang='grc' dir='ltr'>ἑλίξας,</span> <span class='ocrx_word' id='word_1_208' title='bbox 791 2458 890 2508; x_wconf 73' lang='grc' dir='ltr'><strong>καὶ</strong></span> <span class='ocrx_word' id='word_1_209' title='bbox 909 2455 1018 2510; x_wconf 78' lang='grc' dir='ltr'><strong>ἐσω</strong></span> <span class='ocrx_word' id='word_1_210' title='bbox 1051 2455 1162 2510; x_wconf 84' lang='grc' dir='ltr'>τῶν</span> <span class='ocrx_word' id='word_1_211' title='bbox 1193 2457 1426 2528; x_wconf 77' lang='grc' dir='ltr'>ἱματίων</span> <span class='ocrx_word' id='word_1_212' title='bbox 1448 2457 1614 2510; x_wconf 79' lang='grc' dir='ltr'>αὐτοῦ</span> <span class='ocrx_word' id='word_1_213' title='bbox 1639 2457 1805 2512; x_wconf 65' lang='grc' dir='ltr'>τοῦτο</span> 
     </span>
    </p>
   </div>
   <div class='ocr_carea' id='block_1_28' title="bbox 229 2544 1804 2617">
    <p class='ocr_par' dir='ltr' id='par_1_28' title="bbox 229 2544 1804 2617">
     <span class='ocr_line' id='line_1_29' title="bbox 229 2544 1804 2617; baseline 0.003 -19"><span class='ocrx_word' id='word_1_214' title='bbox 229 2544 616 2614; x_wconf 81' lang='grc' dir='ltr'>κατακρύψας,</span> <span class='ocrx_word' id='word_1_215' title='bbox 674 2546 926 2614; x_wconf 73' lang='grc' dir='ltr'>ἐπείγετο</span> <span class='ocrx_word' id='word_1_216' title='bbox 955 2547 1094 2616; x_wconf 78' lang='grc' dir='ltr'>πρὸς</span> <span class='ocrx_word' id='word_1_217' title='bbox 1145 2545 1244 2617; x_wconf 77' lang='grc' dir='ltr'>τὴν</span> <span class='ocrx_word' id='word_1_218' title='bbox 1275 2546 1625 2614; x_wconf 75' lang='grc' dir='ltr'>ἀκολουθίαν,</span> <span class='ocrx_word' id='word_1_219' title='bbox 1673 2549 1804 2603; x_wconf 82' lang='grc' dir='ltr'>ίδεῖν</span> 
     </span>
    </p>
   </div>
   <div class='ocr_carea' id='block_1_29' title="bbox 231 2623 1802 2710">
    <p class='ocr_par' dir='ltr' id='par_1_29' title="bbox 231 2623 1802 2710">
     <span class='ocr_line' id='line_1_30' title="bbox 231 2623 1802 2710; baseline 0.001 -20"><span class='ocrx_word' id='word_1_220' title='bbox 231 2635 558 2708; x_wconf 75' lang='grc' dir='ltr'>βουλόμενος</span> <span class='ocrx_word' id='word_1_221' title='bbox 587 2637 690 2690; x_wconf 82' lang='grc' dir='ltr'><strong>ποῦ</strong></span> <span class='ocrx_word' id='word_1_222' title='bbox 722 2637 817 2690; x_wconf 83' lang='grc' dir='ltr'>τὸν</span> <span class='ocrx_word' id='word_1_223' title='bbox 861 2637 1017 2706; x_wconf 81' lang='grc' dir='ltr'>ἆγιον</span> <span class='ocrx_word' id='word_1_224' title='bbox 1049 2639 1284 2710; x_wconf 71' lang='grc' dir='ltr'>ρίψωσιν</span> <span class='ocrx_word' id='word_1_225' title='bbox 1317 2623 1456 2707; x_wconf 82' lang='grc' dir='ltr'>πρὸς</span> <span class='ocrx_word' id='word_1_226' title='bbox 1495 2638 1664 2710; x_wconf 76' lang='grc' dir='ltr'>βορὰν</span> <span class='ocrx_word' id='word_1_227' title='bbox 1686 2643 1802 2704; x_wconf 82' lang='grc' dir='ltr'>τοῖς</span> 
     </span>
    </p>
   </div>
   <div class='ocr_carea' id='block_1_30' title="bbox 229 2726 1800 2802">
    <p class='ocr_par' dir='ltr' id='par_1_30' title="bbox 229 2726 1800 2802">
     <span class='ocr_line' id='line_1_31' title="bbox 229 2726 1800 2802; baseline 0.001 -21"><span class='ocrx_word' id='word_1_228' title='bbox 229 2729 413 2782; x_wconf 82' lang='grc' dir='ltr'>κυσίν.</span> <span class='ocrx_word' id='word_1_229' title='bbox 458 2727 516 2781; x_wconf 87' lang='lat'><strong>&#39;0</strong></span> <span class='ocrx_word' id='word_1_230' title='bbox 533 2726 590 2780; x_wconf 83' lang='grc' dir='ltr'><strong>δέ</strong></span> <span class='ocrx_word' id='word_1_231' title='bbox 629 2727 862 2800; x_wconf 73' lang='grc' dir='ltr'>πονηρὸς</span> <span class='ocrx_word' id='word_1_232' title='bbox 885 2729 1094 2792; x_wconf 83' lang='grc' dir='ltr'>ἐκεῖνος</span> <span class='ocrx_word' id='word_1_233' title='bbox 1121 2728 1247 2792; x_wconf 71' lang='grc' dir='ltr'>λαδς</span> <span class='ocrx_word' id='word_1_234' title='bbox 1277 2729 1413 2800; x_wconf 81' lang='grc' dir='ltr'>πρὸς</span> <span class='ocrx_word' id='word_1_235' title='bbox 1439 2729 1500 2783; x_wconf 76' lang='grc' dir='ltr'>τὸ</span> <span class='ocrx_word' id='word_1_236' title='bbox 1526 2733 1800 2802; x_wconf 73' lang='grc' dir='ltr'>μοναστή-</span> 
     </span>
    </p>
   </div>
   <div class='ocr_carea' id='block_1_31' title="bbox 232 2811 1800 2896">
    <p class='ocr_par' dir='ltr' id='par_1_31' title="bbox 232 2811 1800 2896">
     <span class='ocr_line' id='line_1_32' title="bbox 232 2811 1800 2896; baseline 0.004 -26"><span class='ocrx_word' id='word_1_237' title='bbox 232 2834 350 2890; x_wconf 85' lang='grc' dir='ltr'>ριον</span> <span class='ocrx_word' id='word_1_238' title='bbox 394 2817 490 2872; x_wconf 79' lang='grc' dir='ltr'><strong>τοῦ</strong></span> <span class='ocrx_word' id='word_1_239' title='bbox 539 2815 890 2872; x_wconf 72' lang='grc' dir='ltr'>Μονοκιονίου</span> <span class='ocrx_word' id='word_1_240' title='bbox 934 2820 1134 2890; x_wconf 56' lang='lat' dir='ltr'><strong>ﬂuctv</strong></span> <span class='ocrx_word' id='word_1_241' title='bbox 1172 2811 1446 2892; x_wconf 73' lang='grc' dir='ltr'>σύροντες,</span> <span class='ocrx_word' id='word_1_242' title='bbox 1476 2820 1605 2875; x_wconf 80' lang='grc' dir='ltr'>ἔνθα</span> <span class='ocrx_word' id='word_1_243' title='bbox 1647 2817 1716 2894; x_wconf 83' lang='grc' dir='ltr'>ἦν</span> <span class='ocrx_word' id='word_1_244' title='bbox 1765 2825 1800 2896; x_wconf 75' lang='grc' dir='ltr'><strong>ἠ</strong></span> 
     </span>
    </p>
   </div>
   <div class='ocr_carea' id='block_1_32' title="bbox 225 2906 1799 2982">
    <p class='ocr_par' dir='ltr' id='par_1_32' title="bbox 225 2906 1799 2982">
     <span class='ocr_line' id='line_1_33' title="bbox 225 2906 1799 2982; baseline 0.003 -21"><span class='ocrx_word' id='word_1_245' title='bbox 225 2907 324 2961; x_wconf 81' lang='grc' dir='ltr'><strong>τοῦ</strong></span> <span class='ocrx_word' id='word_1_246' title='bbox 374 2906 530 2976; x_wconf 81' lang='grc' dir='ltr'>ἁγίου</span> <span class='ocrx_word' id='word_1_247' title='bbox 576 2907 804 2979; x_wconf 77' lang='grc' dir='ltr'>ἀδελφὴ,</span> <span class='ocrx_word' id='word_1_248' title='bbox 845 2909 994 2972; x_wconf 81' lang='grc' dir='ltr'>ὅπως</span> <span class='ocrx_word' id='word_1_249' title='bbox 1023 2909 1194 2982; x_wconf 76' lang='grc' dir='ltr'>αὐτὴν</span> <span class='ocrx_word' id='word_1_250' title='bbox 1229 2910 1554 2978; x_wconf 78' lang='grc' dir='ltr'>ἐκϐάλωσιν,</span> <span class='ocrx_word' id='word_1_251' title='bbox 1589 2911 1685 2966; x_wconf 82' lang='grc' dir='ltr'>τοῦ</span> <span class='ocrx_word' id='word_1_252' title='bbox 1717 2913 1799 2966; x_wconf 88' lang='grc' dir='ltr'>λι-</span> 
     </span>
    </p>
   </div>
   <div class='ocr_carea' id='block_1_33' title="bbox 229 2999 1800 3076">
    <p class='ocr_par' dir='ltr' id='par_1_33' title="bbox 229 2999 1800 3076">
     <span class='ocr_line' id='line_1_34' title="bbox 229 2999 1800 3076; baseline 0.006 -25"><span class='ocrx_word' id='word_1_253' title='bbox 229 2999 397 3054; x_wconf 87' lang='grc' dir='ltr'>θάσαι</span> <span class='ocrx_word' id='word_1_254' title='bbox 427 2999 586 3064; x_wconf 77' lang='grc' dir='ltr'>ἰδίαις</span> <span class='ocrx_word' id='word_1_255' title='bbox 614 3003 804 3071; x_wconf 81' lang='grc' dir='ltr'>χερσὶν</span> <span class='ocrx_word' id='word_1_256' title='bbox 835 3002 925 3058; x_wconf 77' lang='grc' dir='ltr'><strong>τὸν</strong></span> <span class='ocrx_word' id='word_1_257' title='bbox 946 3003 1176 3071; x_wconf 75' lang='grc' dir='ltr'>ἀδελφὸν</span> <span class='ocrx_word' id='word_1_258' title='bbox 1203 3004 1300 3057; x_wconf 78' lang='grc' dir='ltr'>καὶ</span> <span class='ocrx_word' id='word_1_259' title='bbox 1333 3005 1619 3076; x_wconf 71' lang='grc' dir='ltr'>μάρτυρα.</span> <span class='ocrx_word' id='word_1_260' title='bbox 1651 3005 1716 3060; x_wconf 84' lang='grc' dir='ltr'>Ἦ</span> <span class='ocrx_word' id='word_1_261' title='bbox 1741 3007 1800 3060; x_wconf 78' lang='grc' dir='ltr'>δὲ</span> 
     </span>
    </p>
   </div>
   <div class='ocr_carea' id='block_1_34' title="bbox 1927 561 3550 631">
    <p class='ocr_par' dir='ltr' id='par_1_34' title="bbox 1927 561 3550 631">
     <span class='ocr_line' id='line_1_35' title="bbox 1927 561 3550 631; baseline 0.004 -19"><span class='ocrx_word' id='word_1_262' title='bbox 1927 571 2112 628; x_wconf 87' lang='lat' dir='ltr'><strong>partes</strong></span> <span class='ocrx_word' id='word_1_263' title='bbox 2128 562 2379 625; x_wconf 87' lang='lat' dir='ltr'><strong>discidit;</strong></span> <span class='ocrx_word' id='word_1_264' title='bbox 2407 561 2642 631; x_wconf 80' lang='lat' dir='ltr'><strong>hincque</strong></span> <span class='ocrx_word' id='word_1_265' title='bbox 2665 561 2850 615; x_wconf 86' lang='lat' dir='ltr'><strong>videre</strong></span> <span class='ocrx_word' id='word_1_266' title='bbox 2874 571 2993 614; x_wconf 88' lang='lat' dir='ltr'><strong>erat</strong></span> <span class='ocrx_word' id='word_1_267' title='bbox 3023 571 3190 615; x_wconf 84' lang='lat' dir='ltr'><strong>totam</strong></span> <span class='ocrx_word' id='word_1_268' title='bbox 3219 578 3492 618; x_wconf 73' lang='lat' dir='ltr'><strong>vnscerum</strong></span> <span class='ocrx_word' id='word_1_269' title='bbox 3544 586 3550 595; x_wconf 87' lang='grc'><strong>·</strong></span> 
     </span>
    </p>
   </div>
   <div class='ocr_carea' id='block_1_35' title="bbox 1927 647 3494 720">
    <p class='ocr_par' dir='ltr' id='par_1_35' title="bbox 1927 647 3494 720">
     <span class='ocr_line' id='line_1_36' title="bbox 1927 647 3494 720; baseline -0.002 -18"><span class='ocrx_word' id='word_1_270' title='bbox 1927 663 2244 720; x_wconf 73' lang='lat' dir='ltr'><strong>compagem</strong></span> <span class='ocrx_word' id='word_1_271' title='bbox 2263 665 2385 704; x_wconf 90' lang='lat' dir='ltr'><strong>cum</strong></span> <span class='ocrx_word' id='word_1_272' title='bbox 2415 648 2690 706; x_wconf 69' lang='lat' dir='ltr'><strong>intestinis</strong></span> <span class='ocrx_word' id='word_1_273' title='bbox 2709 647 2948 701; x_wconf 91' lang='lat' dir='ltr'><strong>omnium</strong></span> <span class='ocrx_word' id='word_1_274' title='bbox 2970 647 3144 702; x_wconf 89' lang='lat' dir='ltr'><strong>oculis</strong></span> <span class='ocrx_word' id='word_1_275' title='bbox 3165 651 3494 716; x_wconf 79' lang='lat' dir='ltr'><strong>expositam,</strong></span> 
     </span>
    </p>
   </div>
   <div class='ocr_carea' id='block_1_36' title="bbox 1929 735 3492 810">
    <p class='ocr_par' dir='ltr' id='par_1_36' title="bbox 1929 735 3492 810">
     <span class='ocr_line' id='line_1_37' title="bbox 1929 735 3492 810; baseline 0.001 -18"><span class='ocrx_word' id='word_1_276' title='bbox 1929 735 2262 795; x_wconf 71' lang='lat' dir='ltr'><strong>truculentcr</strong></span> <span class='ocrx_word' id='word_1_277' title='bbox 2293 756 2389 810; x_wconf 88' lang='lat' dir='ltr'><strong>per</strong></span> <span class='ocrx_word' id='word_1_278' title='bbox 2413 751 2614 795; x_wconf 86' lang='lat' dir='ltr'><strong>terram</strong></span> <span class='ocrx_word' id='word_1_279' title='bbox 2661 738 2820 794; x_wconf 81' lang='lat' dir='ltr'><strong>trahi.</strong></span> <span class='ocrx_word' id='word_1_280' title='bbox 2855 738 3108 794; x_wconf 79' lang='lat' dir='ltr'><strong>Profecto</strong></span> <span class='ocrx_word' id='word_1_281' title='bbox 3141 739 3277 794; x_wconf 85' lang='lat' dir='ltr'><strong>nihil</strong></span> <span class='ocrx_word' id='word_1_282' title='bbox 3310 739 3492 808; x_wconf 83' lang='lat' dir='ltr'><strong>hujus-</strong></span> 
     </span>
    </p>
   </div>
   <div class='ocr_carea' id='block_1_37' title="bbox 1926 831 3490 902">
    <p class='ocr_par' dir='ltr' id='par_1_37' title="bbox 1926 831 3490 902">
     <span class='ocr_line' id='line_1_38' title="bbox 1926 831 3490 902; baseline 0 -17"><span class='ocrx_word' id='word_1_283' title='bbox 1926 833 2070 886; x_wconf 90' lang='lat' dir='ltr'><strong>modi</strong></span> <span class='ocrx_word' id='word_1_284' title='bbox 2124 843 2298 887; x_wconf 85' lang='lat' dir='ltr'><strong>morte</strong></span> <span class='ocrx_word' id='word_1_285' title='bbox 2359 835 2612 888; x_wconf 81' lang='lat' dir='ltr'><strong>acerbius</strong></span> <span class='ocrx_word' id='word_1_286' title='bbox 2646 832 2728 887; x_wconf 85' lang='lat' dir='ltr'><strong>vel</strong></span> <span class='ocrx_word' id='word_1_287' title='bbox 2779 833 2920 900; x_wconf 89' lang='lat' dir='ltr'><strong>apud</strong></span> <span class='ocrx_word' id='word_1_288' title='bbox 2981 831 3211 902; x_wconf 72' lang='lat' dir='ltr'><strong>gentiles</strong></span> <span class='ocrx_word' id='word_1_289' title='bbox 3251 848 3490 900; x_wconf 85' lang='lat' dir='ltr'><strong>unquam</strong></span> 
     </span>
    </p>
   </div>
   <div class='ocr_carea' id='block_1_38' title="bbox 1923 919 3494 992">
    <p class='ocr_par' dir='ltr' id='par_1_38' title="bbox 1923 919 3494 992">
     <span class='ocr_line' id='line_1_39' title="bbox 1923 919 3494 992; baseline 0 -17"><span class='ocrx_word' id='word_1_290' title='bbox 1923 919 2046 976; x_wconf 87' lang='lat' dir='ltr'><strong>fuit.</strong></span> <span class='ocrx_word' id='word_1_291' title='bbox 2075 919 2317 990; x_wconf 68' lang='lat' dir='ltr'><strong>Namque</strong></span> <span class='ocrx_word' id='word_1_292' title='bbox 2345 933 2636 990; x_wconf 79' lang='lat' dir='ltr'><strong>postquam</strong></span> <span class='ocrx_word' id='word_1_293' title='bbox 2670 922 2832 976; x_wconf 89' lang='lat' dir='ltr'><strong>etiam</strong></span> <span class='ocrx_word' id='word_1_294' title='bbox 2869 923 3190 992; x_wconf 78' lang='lat' dir='ltr'><strong>exspiravit,</strong></span> <span class='ocrx_word' id='word_1_295' title='bbox 3221 921 3494 990; x_wconf 78' lang='lat' dir='ltr'><strong>lapidibus</strong></span> 
     </span>
    </p>
   </div>
   <div class='ocr_carea' id='block_1_39' title="bbox 1921 995 3493 1082">
    <p class='ocr_par' dir='ltr' id='par_1_39' title="bbox 1921 995 3493 1082">
     <span class='ocr_line' id='line_1_40' title="bbox 1921 995 3493 1082; baseline 0.001 -18"><span class='ocrx_word' id='word_1_296' title='bbox 1921 1020 1978 1064; x_wconf 87' lang='lat' dir='ltr'><strong>et</strong></span> <span class='ocrx_word' id='word_1_297' title='bbox 2008 1011 2240 1065; x_wconf 87' lang='lat' dir='ltr'><strong>fustibus</strong></span> <span class='ocrx_word' id='word_1_298' title='bbox 2299 1013 2889 1082; x_wconf 62' lang='lat' dir='ltr'><strong>exaninmmpadaver</strong></span> <span class='ocrx_word' id='word_1_299' title='bbox 2941 1011 3348 1080; x_wconf 82' lang='lat' dir='ltr'><strong>percutiebanl.</strong></span> <span class='ocrx_word' id='word_1_300' title='bbox 3383 995 3493 1066; x_wconf 70' lang='lat' dir='ltr'><strong>Nec</strong></span> 
     </span>
    </p>
   </div>
   <div class='ocr_carea' id='block_1_40' title="bbox 1921 1101 3490 1170">
    <p class='ocr_par' dir='ltr' id='par_1_40' title="bbox 1921 1101 3490 1170">
     <span class='ocr_line' id='line_1_41' title="bbox 1921 1101 3490 1170; baseline 0.002 -19"><span class='ocrx_word' id='word_1_301' title='bbox 1921 1114 2050 1154; x_wconf 89' lang='lat' dir='ltr'><strong>vero</strong></span> <span class='ocrx_word' id='word_1_302' title='bbox 2082 1102 2182 1156; x_wconf 86' lang='lat' dir='ltr'><strong>soli</strong></span> <span class='ocrx_word' id='word_1_303' title='bbox 2216 1102 2338 1164; x_wconf 88' lang='lat' dir='ltr'><strong>viri,</strong></span> <span class='ocrx_word' id='word_1_304' title='bbox 2371 1103 2468 1168; x_wconf 81' lang='lat' dir='ltr'><strong>sed</strong></span> <span class='ocrx_word' id='word_1_305' title='bbox 2499 1102 2668 1156; x_wconf 83' lang='lat' dir='ltr'><strong>etiam</strong></span> <span class='ocrx_word' id='word_1_306' title='bbox 2713 1102 2970 1155; x_wconf 83' lang='lat' dir='ltr'><strong>mulieres</strong></span> <span class='ocrx_word' id='word_1_307' title='bbox 2997 1110 3052 1154; x_wconf 92' lang='lat' dir='ltr'><strong>et</strong></span> <span class='ocrx_word' id='word_1_308' title='bbox 3074 1102 3250 1170; x_wconf 88' lang='lat' dir='ltr'><strong>pueri,</strong></span> <span class='ocrx_word' id='word_1_309' title='bbox 3281 1101 3490 1155; x_wconf 84' lang='lat' dir='ltr'><strong>scholis</strong></span> 
     </span>
    </p>
   </div>
   <div class='ocr_carea' id='block_1_41' title="bbox 1916 1192 3466 1263">
    <p class='ocr_par' dir='ltr' id='par_1_41' title="bbox 1916 1192 3466 1263">
     <span class='ocr_line' id='line_1_42' title="bbox 1916 1192 3466 1263; baseline 0.001 -21"><span class='ocrx_word' id='word_1_310' title='bbox 1916 1192 2068 1259; x_wconf 85' lang='lat' dir='ltr'><strong>jussu</strong></span> <span class='ocrx_word' id='word_1_311' title='bbox 2125 1194 2341 1263; x_wconf 87' lang='lat' dir='ltr'><strong>tyranni</strong></span> <span class='ocrx_word' id='word_1_312' title='bbox 2367 1193 2591 1256; x_wconf 87' lang='lat' dir='ltr'><strong>relictis,</strong></span> <span class='ocrx_word' id='word_1_313' title='bbox 2641 1206 2762 1247; x_wconf 88' lang='lat' dir='ltr'><strong>cmn</strong></span> <span class='ocrx_word' id='word_1_314' title='bbox 2820 1192 3090 1260; x_wconf 76' lang='lat' dir='ltr'><strong>lapidibus</strong></span> <span class='ocrx_word' id='word_1_315' title='bbox 3148 1193 3466 1249; x_wconf 86' lang='lat' dir='ltr'><strong>currebant.</strong></span> 
     </span>
    </p>
   </div>
   <div class='ocr_carea' id='block_1_42' title="bbox 1919 1279 3490 1351">
    <p class='ocr_par' dir='ltr' id='par_1_42' title="bbox 1919 1279 3490 1351">
     <span class='ocr_line' id='line_1_43' title="bbox 1919 1279 3490 1351; baseline 0.001 -18"><span class='ocrx_word' id='word_1_316' title='bbox 1919 1281 2058 1347; x_wconf 85' lang='lat' dir='ltr'><strong>Quin</strong></span> <span class='ocrx_word' id='word_1_317' title='bbox 2092 1282 2257 1336; x_wconf 84' lang='lat' dir='ltr'><strong>etiam</strong></span> <span class='ocrx_word' id='word_1_318' title='bbox 2293 1283 2338 1336; x_wconf 86' lang='lat' dir='ltr'><strong>si</strong></span> <span class='ocrx_word' id='word_1_319' title='bbox 2393 1283 2516 1351; x_wconf 87' lang='lat' dir='ltr'><strong>quis</strong></span> <span class='ocrx_word' id='word_1_320' title='bbox 2547 1283 2686 1336; x_wconf 87' lang='lat' dir='ltr'><strong>forte</strong></span> <span class='ocrx_word' id='word_1_321' title='bbox 2719 1283 2822 1336; x_wconf 83' lang='lat' dir='ltr'><strong>hoc</strong></span> <span class='ocrx_word' id='word_1_322' title='bbox 2855 1282 2964 1336; x_wconf 86' lang='lat' dir='ltr'><strong>Deo</strong></span> <span class='ocrx_word' id='word_1_323' title='bbox 3001 1281 3336 1334; x_wconf 85' lang='lat' dir='ltr'><strong>immolatum</strong></span> <span class='ocrx_word' id='word_1_324' title='bbox 3386 1279 3490 1334; x_wconf 73' lang='lat' dir='ltr'><strong>ho-</strong></span> 
     </span>
    </p>
   </div>
   <div class='ocr_carea' id='block_1_43' title="bbox 1918 1369 3490 1441">
    <p class='ocr_par' dir='ltr' id='par_1_43' title="bbox 1918 1369 3490 1441">
     <span class='ocr_line' id='line_1_44' title="bbox 1918 1369 3490 1441; baseline 0.002 -18"><span class='ocrx_word' id='word_1_325' title='bbox 1918 1369 2221 1424; x_wconf 90' lang='lat' dir='ltr'><strong>locaustum</strong></span> <span class='ocrx_word' id='word_1_326' title='bbox 2253 1371 2468 1424; x_wconf 77' lang='lat' dir='ltr'><strong>obviam</strong></span> <span class='ocrx_word' id='word_1_327' title='bbox 2502 1373 2748 1433; x_wconf 83' lang='lat' dir='ltr'><strong>haberet,</strong></span> <span class='ocrx_word' id='word_1_328' title='bbox 2787 1373 2890 1428; x_wconf 89' lang='lat' dir='ltr'><strong>nisi</strong></span> <span class='ocrx_word' id='word_1_329' title='bbox 2925 1373 2977 1426; x_wconf 90' lang='lat' dir='ltr'><strong>in</strong></span> <span class='ocrx_word' id='word_1_330' title='bbox 3007 1373 3137 1424; x_wconf 92' lang='lat' dir='ltr'><strong>illud</strong></span> <span class='ocrx_word' id='word_1_331' title='bbox 3171 1372 3376 1440; x_wconf 83' lang='lat' dir='ltr'><strong>lapides</strong></span> <span class='ocrx_word' id='word_1_332' title='bbox 3402 1371 3490 1441; x_wconf 82' lang='lat' dir='ltr'><strong>j&#39;a-</strong></span> 
     </span>
    </p>
   </div>
   <div class='ocr_carea' id='block_1_44' title="bbox 1917 1462 3490 1534">
    <p class='ocr_par' dir='ltr' id='par_1_44' title="bbox 1917 1462 3490 1534">
     <span class='ocr_line' id='line_1_45' title="bbox 1917 1462 3490 1534; baseline 0.001 -20"><span class='ocrx_word' id='word_1_333' title='bbox 1917 1471 2090 1528; x_wconf 88' lang='lat' dir='ltr'><strong>ceret,</strong></span> <span class='ocrx_word' id='word_1_334' title='bbox 2131 1477 2256 1517; x_wconf 88' lang='lat' dir='ltr'><strong>reus</strong></span> <span class='ocrx_word' id='word_1_335' title='bbox 2315 1465 2574 1533; x_wconf 78' lang='lat' dir='ltr'><strong>agebatur</strong></span> <span class='ocrx_word' id='word_1_336' title='bbox 2637 1471 2893 1532; x_wconf 78' lang='lat' dir='ltr'><strong>tanquam</strong></span> <span class='ocrx_word' id='word_1_337' title='bbox 2957 1462 3102 1534; x_wconf 80' lang='lat' dir='ltr'><strong>illius</strong></span> <span class='ocrx_word' id='word_1_338' title='bbox 3151 1463 3384 1526; x_wconf 85' lang='lat' dir='ltr'><strong>amicus,</strong></span> <span class='ocrx_word' id='word_1_339' title='bbox 3433 1471 3490 1517; x_wconf 91' lang='lat' dir='ltr'><strong>et</strong></span> 
     </span>
    </p>
   </div>
   <div class='ocr_carea' id='block_1_45' title="bbox 1917 1549 3486 1622">
    <p class='ocr_par' dir='ltr' id='par_1_45' title="bbox 1917 1549 3486 1622">
     <span class='ocr_line' id='line_1_46' title="bbox 1917 1549 3486 1622; baseline 0.002 -17"><span class='ocrx_word' id='word_1_340' title='bbox 1917 1549 2308 1619; x_wconf 82' lang='lat' dir='ltr'><strong>imperatorum</strong></span> <span class='ocrx_word' id='word_1_341' title='bbox 2365 1553 2554 1607; x_wconf 87' lang='lat' dir='ltr'><strong>hostis.</strong></span> <span class='ocrx_word' id='word_1_342' title='bbox 2618 1553 2880 1616; x_wconf 88' lang='lat' dir='ltr'><strong>Interim,</strong></span> <span class='ocrx_word' id='word_1_343' title='bbox 2957 1563 3242 1622; x_wconf 84' lang='lat' dir='ltr'><strong>postquam</strong></span> <span class='ocrx_word' id='word_1_344' title='bbox 3302 1553 3338 1607; x_wconf 93' lang='lat' dir='ltr'><strong>ii</strong></span> <span class='ocrx_word' id='word_1_345' title='bbox 3393 1555 3486 1622; x_wconf 90' lang='lat' dir='ltr'><strong>qui</strong></span> 
     </span>
    </p>
   </div>
   <div class='ocr_carea' id='block_1_46' title="bbox 1914 1640 3486 1711">
    <p class='ocr_par' dir='ltr' id='par_1_46' title="bbox 1914 1640 3486 1711">
     <span class='ocr_line' id='line_1_47' title="bbox 1914 1640 3486 1711; baseline -0.001 -15"><span class='ocrx_word' id='word_1_346' title='bbox 1914 1648 2162 1696; x_wconf 82' lang='lat' dir='ltr'><strong>sanctum</strong></span> <span class='ocrx_word' id='word_1_347' title='bbox 2199 1650 2492 1711; x_wconf 83' lang='lat' dir='ltr'><strong>martyrem</strong></span> <span class='ocrx_word' id='word_1_348' title='bbox 2526 1642 2838 1704; x_wconf 83' lang='lat' dir='ltr'><strong>trahebant,</strong></span> <span class='ocrx_word' id='word_1_349' title='bbox 2874 1642 2943 1694; x_wconf 88' lang='lat' dir='ltr'><strong>ad</strong></span> <span class='ocrx_word' id='word_1_350' title='bbox 2977 1640 3139 1694; x_wconf 84' lang='lat' dir='ltr'><strong>Bovis</strong></span> <span class='ocrx_word' id='word_1_351' title='bbox 3177 1640 3354 1694; x_wconf 90' lang='lat' dir='ltr'><strong>locum</strong></span> <span class='ocrx_word' id='word_1_352' title='bbox 3393 1658 3486 1696; x_wconf 86' lang='lat' dir='ltr'><strong>ac-</strong></span> 
     </span>
    </p>
   </div>
   <div class='ocr_carea' id='block_1_47' title="bbox 1916 1730 3483 1800">
    <p class='ocr_par' dir='ltr' id='par_1_47' title="bbox 1916 1730 3483 1800">
     <span class='ocr_line' id='line_1_48' title="bbox 1916 1730 3483 1800; baseline -0.001 -15"><span class='ocrx_word' id='word_1_353' title='bbox 1916 1741 2224 1794; x_wconf 86' lang='lat' dir='ltr'><strong>cesserunt,</strong></span> <span class='ocrx_word' id='word_1_354' title='bbox 2261 1730 2423 1800; x_wconf 76' lang='lat'><strong>520</strong></span> <span class='ocrx_word' id='word_1_355' title='bbox 2452 1745 2628 1800; x_wconf 87' lang='lat' dir='ltr'><strong>caupo</strong></span> <span class='ocrx_word' id='word_1_356' title='bbox 2661 1732 2902 1798; x_wconf 90' lang='lat' dir='ltr'><strong>quidam,</strong></span> <span class='ocrx_word' id='word_1_357' title='bbox 2953 1731 3044 1798; x_wconf 87' lang='lat' dir='ltr'><strong>qui</strong></span> <span class='ocrx_word' id='word_1_358' title='bbox 3077 1731 3253 1797; x_wconf 84' lang='lat' dir='ltr'><strong>pisces</strong></span> <span class='ocrx_word' id='word_1_359' title='bbox 3289 1730 3338 1784; x_wconf 91' lang='lat' dir='ltr'><strong>in</strong></span> <span class='ocrx_word' id='word_1_360' title='bbox 3363 1745 3483 1784; x_wconf 83' lang='lat' dir='ltr'><strong>sar-</strong></span> 
     </span>
    </p>
   </div>
   <div class='ocr_carea' id='block_1_48' title="bbox 1915 1819 3481 1891">
    <p class='ocr_par' dir='ltr' id='par_1_48' title="bbox 1915 1819 3481 1891">
     <span class='ocr_line' id='line_1_49' title="bbox 1915 1819 3481 1891; baseline -0.001 -16"><span class='ocrx_word' id='word_1_361' title='bbox 1915 1821 2092 1890; x_wconf 81' lang='lat' dir='ltr'><strong>tagine</strong></span> <span class='ocrx_word' id='word_1_362' title='bbox 2130 1823 2392 1882; x_wconf 88' lang='lat' dir='ltr'><strong>torrebat,</strong></span> <span class='ocrx_word' id='word_1_363' title='bbox 2427 1837 2522 1891; x_wconf 83' lang='lat' dir='ltr'><strong>per</strong></span> <span class='ocrx_word' id='word_1_364' title='bbox 2559 1821 2830 1889; x_wconf 80' lang='lat' dir='ltr'><strong>publicam</strong></span> <span class='ocrx_word' id='word_1_365' title='bbox 2879 1822 3021 1873; x_wconf 86' lang='lat' dir='ltr'><strong>viam</strong></span> <span class='ocrx_word' id='word_1_366' title='bbox 3055 1831 3303 1876; x_wconf 74' lang='lat' dir='ltr'><strong>Sanctum</strong></span> <span class='ocrx_word' id='word_1_367' title='bbox 3337 1819 3481 1874; x_wconf 85' lang='lat' dir='ltr'><strong>trabi</strong></span> 
     </span>
    </p>
   </div>
   <div class='ocr_carea' id='block_1_49' title="bbox 1909 1910 3485 1977">
    <p class='ocr_par' dir='ltr' id='par_1_49' title="bbox 1909 1910 3485 1977">
     <span class='ocr_line' id='line_1_50' title="bbox 1909 1910 3485 1977; baseline 0.001 -14"><span class='ocrx_word' id='word_1_368' title='bbox 1909 1911 2120 1976; x_wconf 86' lang='lat' dir='ltr'><strong>videns,</strong></span> <span class='ocrx_word' id='word_1_369' title='bbox 2157 1911 2304 1965; x_wconf 91' lang='lat' dir='ltr'><strong>illum</strong></span> <span class='ocrx_word' id='word_1_370' title='bbox 2354 1913 2533 1965; x_wconf 82' lang='lat' dir='ltr'><strong>adhuc</strong></span> <span class='ocrx_word' id='word_1_371' title='bbox 2568 1913 2748 1966; x_wconf 79' lang='lat' dir='ltr'><strong>vivere</strong></span> <span class='ocrx_word' id='word_1_372' title='bbox 2781 1921 2950 1975; x_wconf 87' lang='lat' dir='ltr'><strong>ratus,</strong></span> <span class='ocrx_word' id='word_1_373' title='bbox 2989 1911 3184 1964; x_wconf 89' lang='lat' dir='ltr'><strong>titiotte</strong></span> <span class='ocrx_word' id='word_1_374' title='bbox 3239 1925 3303 1965; x_wconf 83' lang='lat' dir='ltr'><strong>ex</strong></span> <span class='ocrx_word' id='word_1_375' title='bbox 3360 1910 3485 1977; x_wconf 85' lang='lat' dir='ltr'><strong>igne</strong></span> 
     </span>
    </p>
   </div>
   <div class='ocr_carea' id='block_1_50' title="bbox 1908 2001 3484 2070">
    <p class='ocr_par' dir='ltr' id='par_1_50' title="bbox 1908 2001 3484 2070">
     <span class='ocr_line' id='line_1_51' title="bbox 1908 2001 3484 2070; baseline 0.002 -16"><span class='ocrx_word' id='word_1_376' title='bbox 1908 2011 2127 2070; x_wconf 86' lang='lat' dir='ltr'><strong>arrepto</strong></span> <span class='ocrx_word' id='word_1_377' title='bbox 2151 2002 2324 2056; x_wconf 81' lang='lat' dir='ltr'><strong>sancti</strong></span> <span class='ocrx_word' id='word_1_378' title='bbox 2351 2013 2511 2070; x_wconf 89' lang='lat' dir='ltr'><strong>caput</strong></span> <span class='ocrx_word' id='word_1_379' title='bbox 2540 2002 2831 2069; x_wconf 81' lang='lat' dir='ltr'><strong>percussit,</strong></span> <span class='ocrx_word' id='word_1_380' title='bbox 2867 2017 2974 2070; x_wconf 90' lang='lat' dir='ltr'><strong>quo</strong></span> <span class='ocrx_word' id='word_1_381' title='bbox 3011 2001 3232 2070; x_wconf 77' lang='lat' dir='ltr'><strong>quidem</strong></span> <span class='ocrx_word' id='word_1_382' title='bbox 3257 2001 3484 2057; x_wconf 81' lang='lat' dir='ltr'><strong>vulnere</strong></span> 
     </span>
    </p>
   </div>
   <div class='ocr_carea' id='block_1_51' title="bbox 1909 2091 3483 2162">
    <p class='ocr_par' dir='ltr' id='par_1_51' title="bbox 1909 2091 3483 2162">
     <span class='ocr_line' id='line_1_52' title="bbox 1909 2091 3483 2162; baseline -0.003 -16"><span class='ocrx_word' id='word_1_383' title='bbox 1909 2091 2270 2162; x_wconf 89' lang='lat' dir='ltr'><strong>posteriorem</strong></span> <span class='ocrx_word' id='word_1_384' title='bbox 2302 2091 2499 2160; x_wconf 83' lang='lat' dir='ltr'><strong>capitis</strong></span> <span class='ocrx_word' id='word_1_385' title='bbox 2523 2102 2757 2161; x_wconf 87' lang='lat' dir='ltr'><strong>partem,</strong></span> <span class='ocrx_word' id='word_1_386' title='bbox 2787 2107 2950 2160; x_wconf 88' lang='lat' dir='ltr'><strong>quam</strong></span> <span class='ocrx_word' id='word_1_387' title='bbox 2984 2092 3352 2144; x_wconf 82' lang='lat' dir='ltr'><strong>bemicranum</strong></span> <span class='ocrx_word' id='word_1_388' title='bbox 3386 2105 3483 2160; x_wconf 75' lang='lat' dir='ltr'><strong>ap-</strong></span> 
     </span>
    </p>
   </div>
   <div class='ocr_carea' id='block_1_52' title="bbox 1907 2179 3477 2252">
    <p class='ocr_par' dir='ltr' id='par_1_52' title="bbox 1907 2179 3477 2252">
     <span class='ocr_line' id='line_1_53' title="bbox 1907 2179 3477 2252; baseline 0.001 -17"><span class='ocrx_word' id='word_1_389' title='bbox 1907 2183 2129 2252; x_wconf 86' lang='lat' dir='ltr'><strong>pellant,</strong></span> <span class='ocrx_word' id='word_1_390' title='bbox 2163 2182 2438 2251; x_wconf 80' lang='lat' dir='ltr'><strong>separavit</strong></span> <span class='ocrx_word' id='word_1_391' title='bbox 2483 2193 2538 2236; x_wconf 92' lang='lat' dir='ltr'><strong>et</strong></span> <span class='ocrx_word' id='word_1_392' title='bbox 2582 2183 2872 2250; x_wconf 81' lang='lat' dir='ltr'><strong>confregit,</strong></span> <span class='ocrx_word' id='word_1_393' title='bbox 2910 2192 3072 2249; x_wconf 82' lang='lat' dir='ltr'><strong>atque</strong></span> <span class='ocrx_word' id='word_1_394' title='bbox 3105 2181 3253 2234; x_wconf 84' lang='lat' dir='ltr'><strong>humi</strong></span> <span class='ocrx_word' id='word_1_395' title='bbox 3306 2179 3477 2236; x_wconf 78' lang='lat' dir='ltr'><strong>eifusa</strong></span> 
     </span>
    </p>
   </div>
   <div class='ocr_carea' id='block_1_53' title="bbox 1906 2272 3478 2341">
    <p class='ocr_par' dir='ltr' id='par_1_53' title="bbox 1906 2272 3478 2341">
     <span class='ocr_line' id='line_1_54' title="bbox 1906 2272 3478 2341; baseline -0.003 -11"><span class='ocrx_word' id='word_1_396' title='bbox 1906 2283 1992 2330; x_wconf 89' lang='lat' dir='ltr'><strong>est</strong></span> <span class='ocrx_word' id='word_1_397' title='bbox 2044 2275 2254 2329; x_wconf 89' lang='lat' dir='ltr'><strong>cerebri</strong></span> <span class='ocrx_word' id='word_1_398' title='bbox 2324 2274 2540 2328; x_wconf 87' lang='lat' dir='ltr'><strong>subtilis</strong></span> <span class='ocrx_word' id='word_1_399' title='bbox 2595 2275 2926 2328; x_wconf 80' lang='lat' dir='ltr'><strong>substantia.</strong></span> <span class='ocrx_word' id='word_1_400' title='bbox 2988 2272 3084 2328; x_wconf 75' lang='lat' dir='ltr'><strong>Vir</strong></span> <span class='ocrx_word' id='word_1_401' title='bbox 3128 2281 3308 2328; x_wconf 88' lang='lat' dir='ltr'><strong>autem</strong></span> <span class='ocrx_word' id='word_1_402' title='bbox 3353 2273 3478 2341; x_wconf 88' lang='lat' dir='ltr'><strong>qui-</strong></span> 
     </span>
    </p>
   </div>
   <div class='ocr_carea' id='block_1_54' title="bbox 1907 2361 3478 2434">
    <p class='ocr_par' dir='ltr' id='par_1_54' title="bbox 1907 2361 3478 2434">
     <span class='ocr_line' id='line_1_55' title="bbox 1907 2361 3478 2434; baseline -0.001 -14"><span class='ocrx_word' id='word_1_403' title='bbox 1907 2365 2026 2420; x_wconf 91' lang='lat' dir='ltr'><strong>dam</strong></span> <span class='ocrx_word' id='word_1_404' title='bbox 2080 2364 2384 2434; x_wconf 84' lang='lat' dir='ltr'><strong>religiosus,</strong></span> <span class='ocrx_word' id='word_1_405' title='bbox 2421 2361 2744 2420; x_wconf 82' lang='lat' dir='ltr'><strong>Theodorus</strong></span> <span class='ocrx_word' id='word_1_406' title='bbox 2807 2365 3045 2430; x_wconf 90' lang='lat' dir='ltr'><strong>nomine,</strong></span> <span class='ocrx_word' id='word_1_407' title='bbox 3108 2364 3200 2433; x_wconf 93' lang='lat' dir='ltr'><strong>qui</strong></span> <span class='ocrx_word' id='word_1_408' title='bbox 3263 2364 3478 2418; x_wconf 84' lang='lat' dir='ltr'><strong>occulta</strong></span> 
     </span>
    </p>
   </div>
   <div class='ocr_carea' id='block_1_55' title="bbox 1906 2455 3472 2526">
    <p class='ocr_par' dir='ltr' id='par_1_55' title="bbox 1906 2455 3472 2526">
     <span class='ocr_line' id='line_1_56' title="bbox 1906 2455 3472 2526; baseline 0 -16"><span class='ocrx_word' id='word_1_409' title='bbox 1906 2465 2137 2511; x_wconf 88' lang='lat' dir='ltr'><strong>mentea</strong></span> <span class='ocrx_word' id='word_1_410' title='bbox 2189 2467 2340 2526; x_wconf 87' lang='lat' dir='ltr'><strong>tergo</strong></span> <span class='ocrx_word' id='word_1_411' title='bbox 2395 2458 2753 2525; x_wconf 68' lang='lat' dir='ltr'><strong>sequi-batur,</strong></span> <span class='ocrx_word' id='word_1_412' title='bbox 2811 2460 2872 2510; x_wconf 86' lang='lat' dir='ltr'><strong>se</strong></span> <span class='ocrx_word' id='word_1_413' title='bbox 2925 2455 3133 2525; x_wconf 86' lang='lat' dir='ltr'><strong>lapsum</strong></span> <span class='ocrx_word' id='word_1_414' title='bbox 3184 2455 3472 2523; x_wconf 83' lang='lat' dir='ltr'><strong>simulans,</strong></span> 
     </span>
    </p>
   </div>
   <div class='ocr_carea' id='block_1_56' title="bbox 1904 2544 3476 2618">
    <p class='ocr_par' dir='ltr' id='par_1_56' title="bbox 1904 2544 3476 2618">
     <span class='ocr_line' id='line_1_57' title="bbox 1904 2544 3476 2618; baseline 0.001 -18"><span class='ocrx_word' id='word_1_415' title='bbox 1904 2560 2070 2615; x_wconf 86' lang='lat' dir='ltr'><strong>seque</strong></span> <span class='ocrx_word' id='word_1_416' title='bbox 2125 2544 2180 2600; x_wconf 90' lang='lat' dir='ltr'><strong>in</strong></span> <span class='ocrx_word' id='word_1_417' title='bbox 2212 2555 2414 2602; x_wconf 86' lang='lat' dir='ltr'><strong>terram</strong></span> <span class='ocrx_word' id='word_1_418' title='bbox 2462 2547 2759 2609; x_wconf 87' lang='lat' dir='ltr'><strong>inclinans,</strong></span> <span class='ocrx_word' id='word_1_419' title='bbox 2804 2559 3026 2602; x_wconf 86' lang='lat' dir='ltr'><strong>sanctas</strong></span> <span class='ocrx_word' id='word_1_420' title='bbox 3061 2547 3180 2602; x_wconf 86' lang='lat' dir='ltr'><strong>illas</strong></span> <span class='ocrx_word' id='word_1_421' title='bbox 3215 2546 3476 2618; x_wconf 85' lang='lat' dir='ltr'><strong>reliquias</strong></span> 
     </span>
    </p>
   </div>
   <div class='ocr_carea' id='block_1_57' title="bbox 1903 2625 3474 2707">
    <p class='ocr_par' dir='ltr' id='par_1_57' title="bbox 1903 2625 3474 2707">
     <span class='ocr_line' id='line_1_58' title="bbox 1903 2625 3474 2707; baseline 0 -15"><span class='ocrx_word' id='word_1_422' title='bbox 1903 2637 2119 2692; x_wconf 83' lang='lat' dir='ltr'><strong>sustulit</strong></span> <span class='ocrx_word' id='word_1_423' title='bbox 2170 2625 2228 2694; x_wconf 70' lang='lat' dir='ltr'><strong>et&#39;</strong></span> <span class='ocrx_word' id='word_1_424' title='bbox 2278 2638 2496 2693; x_wconf 89' lang='lat' dir='ltr'><strong>sudario</strong></span> <span class='ocrx_word' id='word_1_425' title='bbox 2568 2637 2836 2702; x_wconf 89' lang='lat' dir='ltr'><strong>involvit,</strong></span> <span class='ocrx_word' id='word_1_426' title='bbox 2903 2637 3100 2707; x_wconf 87' lang='lat' dir='ltr'><strong>quibus</strong></span> <span class='ocrx_word' id='word_1_427' title='bbox 3171 2637 3315 2691; x_wconf 90' lang='lat' dir='ltr'><strong>intra</strong></span> <span class='ocrx_word' id='word_1_428' title='bbox 3373 2652 3474 2692; x_wconf 86' lang='lat' dir='ltr'><strong>sua</strong></span> 
     </span>
    </p>
   </div>
   <div class='ocr_carea' id='block_1_58' title="bbox 1903 2727 3478 2798">
    <p class='ocr_par' dir='ltr' id='par_1_58' title="bbox 1903 2727 3478 2798">
     <span class='ocr_line' id='line_1_59' title="bbox 1903 2727 3478 2798; baseline 0.004 -22"><span class='ocrx_word' id='word_1_429' title='bbox 1903 2728 2225 2782; x_wconf 88' lang='lat' dir='ltr'><strong>vestimenta</strong></span> <span class='ocrx_word' id='word_1_430' title='bbox 2279 2727 2656 2794; x_wconf 86' lang='lat' dir='ltr'><strong>absconditis,</strong></span> <span class='ocrx_word' id='word_1_431' title='bbox 2703 2729 2856 2798; x_wconf 78' lang='lat' dir='ltr'><strong>sequi</strong></span> <span class='ocrx_word' id='word_1_432' title='bbox 2903 2727 3208 2794; x_wconf 86' lang='lat' dir='ltr'><strong>festinavit,</strong></span> <span class='ocrx_word' id='word_1_433' title='bbox 3263 2729 3478 2782; x_wconf 88' lang='lat' dir='ltr'><strong>videndi</strong></span> 
     </span>
    </p>
   </div>
   <div class='ocr_carea' id='block_1_59' title="bbox 1902 2818 3584 2890">
    <p class='ocr_par' dir='ltr' id='par_1_59' title="bbox 1902 2818 3584 2890">
     <span class='ocr_line' id='line_1_60' title="bbox 1902 2818 3584 2890; baseline 0.001 -20"><span class='ocrx_word' id='word_1_434' title='bbox 1902 2818 2196 2884; x_wconf 85' lang='lat' dir='ltr'><strong>desiderio,</strong></span> <span class='ocrx_word' id='word_1_435' title='bbox 2231 2833 2522 2887; x_wconf 84' lang='lat' dir='ltr'><strong>quemnam</strong></span> <span class='ocrx_word' id='word_1_436' title='bbox 2561 2819 2612 2872; x_wconf 91' lang='lat' dir='ltr'><strong>in</strong></span> <span class='ocrx_word' id='word_1_437' title='bbox 2653 2819 2829 2873; x_wconf 91' lang='lat' dir='ltr'><strong>locum</strong></span> <span class='ocrx_word' id='word_1_438' title='bbox 2861 2829 3118 2873; x_wconf 88' lang='lat' dir='ltr'><strong>sanctum</strong></span> <span class='ocrx_word' id='word_1_439' title='bbox 3181 2831 3480 2890; x_wconf 82' lang='lat' dir='ltr'><strong>martyrem</strong></span> <span class='ocrx_word' id='word_1_440' title='bbox 3573 2821 3584 2826; x_wconf 73' lang='grc'><em>“</em></span> 
     </span>
    </p>
   </div>
   <div class='ocr_carea' id='block_1_60' title="bbox 1901 2907 3482 2980">
    <p class='ocr_par' dir='ltr' id='par_1_60' title="bbox 1901 2907 3482 2980">
     <span class='ocr_line' id='line_1_61' title="bbox 1901 2907 3482 2980; baseline 0.001 -18"><span class='ocrx_word' id='word_1_441' title='bbox 1901 2909 2086 2963; x_wconf 84' lang='lat' dir='ltr'><strong>cibum</strong></span> <span class='ocrx_word' id='word_1_442' title='bbox 2113 2909 2345 2964; x_wconf 87' lang='lat' dir='ltr'><strong>canibus</strong></span> <span class='ocrx_word' id='word_1_443' title='bbox 2372 2909 2723 2980; x_wconf 85' lang='lat' dir='ltr'><strong>projicerent.</strong></span> <span class='ocrx_word' id='word_1_444' title='bbox 2761 2907 3012 2964; x_wconf 81' lang='lat' dir='ltr'><strong>Nefarins</strong></span> <span class='ocrx_word' id='word_1_445' title='bbox 3040 2923 3168 2964; x_wconf 83' lang='lat' dir='ltr'><strong>vero</strong></span> <span class='ocrx_word' id='word_1_446' title='bbox 3199 2910 3287 2962; x_wconf 89' lang='lat' dir='ltr'><strong>ille</strong></span> <span class='ocrx_word' id='word_1_447' title='bbox 3310 2926 3482 2979; x_wconf 83' lang='lat' dir='ltr'><strong>popu-</strong></span> 
     </span>
    </p>
   </div>
   <div class='ocr_carea' id='block_1_61' title="bbox 1903 2999 3482 3064">
    <p class='ocr_par' dir='ltr' id='par_1_61' title="bbox 1903 2999 3482 3064">
     <span class='ocr_line' id='line_1_62' title="bbox 1903 2999 3482 3064; baseline -0.002 -10"><span class='ocrx_word' id='word_1_448' title='bbox 1903 3001 1987 3054; x_wconf 90' lang='lat' dir='ltr'><strong>lus</strong></span> <span class='ocrx_word' id='word_1_449' title='bbox 2017 3012 2266 3054; x_wconf 88' lang='lat' dir='ltr'><strong>sanctum</strong></span> <span class='ocrx_word' id='word_1_450' title='bbox 2305 3001 2590 3064; x_wconf 79' lang='lat' dir='ltr'><strong>trahendo,</strong></span> <span class='ocrx_word' id='word_1_451' title='bbox 2629 3001 2780 3055; x_wconf 80' lang='lat' dir='ltr'><strong>venit</strong></span> <span class='ocrx_word' id='word_1_452' title='bbox 2832 3001 2898 3054; x_wconf 89' lang='lat' dir='ltr'><strong>ad</strong></span> <span class='ocrx_word' id='word_1_453' title='bbox 2935 3001 3322 3055; x_wconf 83' lang='lat' dir='ltr'><strong>monasterium</strong></span> <span class='ocrx_word' id='word_1_454' title='bbox 3359 2999 3482 3054; x_wconf 79' lang='lat' dir='ltr'><strong>Mo-</strong></span> 
     </span>
    </p>
   </div>
   <div class='ocr_carea' id='block_1_62' title="bbox 226 3089 1807 3166">
    <p class='ocr_par' dir='ltr' id='par_1_62' title="bbox 226 3091 1804 3166">
     <span class='ocr_line' id='line_1_63' title="bbox 226 3091 1804 3166; baseline 0.004 -20"><span class='ocrx_word' id='word_1_455' title='bbox 226 3091 392 3160; x_wconf 77' lang='grc' dir='ltr'>τιμία</span> <span class='ocrx_word' id='word_1_456' title='bbox 421 3092 605 3161; x_wconf 85' lang='grc' dir='ltr'>ἐκείνη</span> <span class='ocrx_word' id='word_1_457' title='bbox 638 3093 732 3145; x_wconf 81' lang='grc' dir='ltr'><strong>καὶ</strong></span> <span class='ocrx_word' id='word_1_458' title='bbox 763 3091 907 3146; x_wconf 79' lang='grc' dir='ltr'>κατὰ</span> <span class='ocrx_word' id='word_1_459' title='bbox 931 3093 1194 3164; x_wconf 81' lang='grc' dir='ltr'>ἀλήθειαν</span> <span class='ocrx_word' id='word_1_460' title='bbox 1224 3093 1429 3166; x_wconf 77' lang='grc' dir='ltr'>ἀδελφὴ</span> <span class='ocrx_word' id='word_1_461' title='bbox 1460 3098 1524 3166; x_wconf 81' lang='grc' dir='ltr'>τῇ</span> <span class='ocrx_word' id='word_1_462' title='bbox 1549 3111 1609 3148; x_wconf 86' lang='grc' dir='ltr'><strong>τε</strong></span> <span class='ocrx_word' id='word_1_463' title='bbox 1643 3094 1804 3166; x_wconf 76' lang='grc' dir='ltr'>φύσει</span> 
     </span>
    </p>
   </div>
   <div class='ocr_carea' id='block_1_63' title="bbox 1909 3089 3481 3166">
    <p class='ocr_par' dir='ltr' id='par_1_63' title="bbox 1911 3089 3481 3162">
     <span class='ocr_line' id='line_1_64' title="bbox 1911 3089 3481 3162; baseline 0 -18"><span class='ocrx_word' id='word_1_464' title='bbox 1911 3093 2168 3158; x_wconf 89' lang='lat' dir='ltr'><strong>nocionii,</strong></span> <span class='ocrx_word' id='word_1_465' title='bbox 2194 3093 2283 3147; x_wconf 88' lang='lat' dir='ltr'><strong>ubi</strong></span> <span class='ocrx_word' id='word_1_466' title='bbox 2321 3095 2494 3147; x_wconf 84' lang='lat' dir='ltr'><strong>sancti</strong></span> <span class='ocrx_word' id='word_1_467' title='bbox 2519 3089 2678 3146; x_wconf 80' lang='lat' dir='ltr'><strong>soror</strong></span> <span class='ocrx_word' id='word_1_468' title='bbox 2712 3091 2964 3162; x_wconf 76' lang='lat' dir='ltr'><strong>degebat,</strong></span> <span class='ocrx_word' id='word_1_469' title='bbox 3002 3101 3058 3144; x_wconf 80' lang='lat' dir='ltr'><strong>u‘t</strong></span> <span class='ocrx_word' id='word_1_470' title='bbox 3089 3107 3281 3158; x_wconf 77' lang='lat' dir='ltr'><strong>nempe</strong></span> <span class='ocrx_word' id='word_1_471' title='bbox 3331 3093 3481 3145; x_wconf 89' lang='lat' dir='ltr'><strong>illam</strong></span> 
     </span>
    </p>
   </div>
   <div class='ocr_carea' id='block_1_64' title="bbox 229 3183 1800 3257">
    <p class='ocr_par' dir='ltr' id='par_1_64' title="bbox 229 3183 1800 3257">
     <span class='ocr_line' id='line_1_65' title="bbox 229 3183 1800 3257; baseline 0.029 -21"><span class='ocrx_word' id='word_1_472' title='bbox 229 3185 328 3238; x_wconf 74' lang='grc' dir='ltr'><strong>καὶ</strong></span> <span class='ocrx_word' id='word_1_473' title='bbox 381 3183 574 3255; x_wconf 81' lang='grc' dir='ltr'>γνώμη</span> <span class='ocrx_word' id='word_1_474' title='bbox 611 3184 708 3236; x_wconf 81' lang='grc' dir='ltr'>τοῦ</span> <span class='ocrx_word' id='word_1_475' title='bbox 757 3184 940 3254; x_wconf 72' lang='grc' dir='ltr'>ἁγίου.</span> <span class='ocrx_word' id='word_1_476' title='bbox 971 3185 1287 3256; x_wconf 74' lang='grc' dir='ltr'><strong>προγνοῦσα</strong></span> <span class='ocrx_word' id='word_1_477' title='bbox 1319 3187 1419 3257; x_wconf 71' lang='grc' dir='ltr'>τὴν</span> <span class='ocrx_word' id='word_1_478' title='bbox 1465 3185 1677 3254; x_wconf 66' lang='grc' dir='ltr'><strong>ἔφοδονν</strong></span> <span class='ocrx_word' id='word_1_479' title='bbox 1718 3190 1800 3252; x_wconf 66' lang='grc' dir='ltr'><strong>είῖ</strong></span> 
     </span>
    </p>
   </div>
   <div class='ocr_carea' id='block_1_65' title="bbox 230 3274 1803 3351">
    <p class='ocr_par' dir='ltr' id='par_1_65' title="bbox 230 3274 1803 3351">
     <span class='ocr_line' id='line_1_66' title="bbox 230 3274 1803 3351; baseline 0.003 -24"><span class='ocrx_word' id='word_1_480' title='bbox 230 3274 426 3351; x_wconf 71' lang='grc' dir='ltr'>μνῆμα</span> <span class='ocrx_word' id='word_1_481' title='bbox 461 3274 736 3328; x_wconf 82' lang='grc' dir='ltr'>σκοτεινὸν</span> <span class='ocrx_word' id='word_1_482' title='bbox 786 3275 984 3346; x_wconf 81' lang='grc' dir='ltr'>ἐαυτὴν</span> <span class='ocrx_word' id='word_1_483' title='bbox 1021 3277 1375 3343; x_wconf 81' lang='grc' dir='ltr'>ἐγκλείσασα,</span> <span class='ocrx_word' id='word_1_484' title='bbox 1437 3277 1694 3347; x_wconf 79' lang='grc' dir='ltr'>διέφυγεν</span> <span class='ocrx_word' id='word_1_485' title='bbox 1740 3279 1803 3332; x_wconf 81' lang='grc' dir='ltr'>τὸ</span> 
     </span>
    </p>
   </div>
   <div class='ocr_carea' id='block_1_66' title="bbox 226 3364 1803 3438">
    <p class='ocr_par' dir='ltr' id='par_1_66' title="bbox 226 3364 1803 3438">
     <span class='ocr_line' id='line_1_67' title="bbox 226 3364 1803 3438; baseline 0.003 -19"><span class='ocrx_word' id='word_1_486' title='bbox 226 3364 472 3419; x_wconf 77' lang='grc' dir='ltr'>τοιοῦτον</span> <span class='ocrx_word' id='word_1_487' title='bbox 513 3367 844 3437; x_wconf 78' lang='grc' dir='ltr'>ἐγχείρημα.</span> <span class='ocrx_word' id='word_1_488' title='bbox 895 3367 1304 3438; x_wconf 78' lang='grc' dir='ltr'>’Δποτυχόντων</span> <span class='ocrx_word' id='word_1_489' title='bbox 1335 3368 1392 3422; x_wconf 81' lang='grc' dir='ltr'>δὲ</span> <span class='ocrx_word' id='word_1_490' title='bbox 1446 3368 1554 3422; x_wconf 78' lang='grc' dir='ltr'><strong>τῶν</strong></span> <span class='ocrx_word' id='word_1_491' title='bbox 1589 3369 1803 3424; x_wconf 79' lang='grc' dir='ltr'>ἀσεϐῶν</span> 
     </span>
    </p>
   </div>
   <div class='ocr_carea' id='block_1_67' title="bbox 226 3453 1800 3531">
    <p class='ocr_par' dir='ltr' id='par_1_67' title="bbox 226 3453 1800 3531">
     <span class='ocr_line' id='line_1_68' title="bbox 226 3453 1800 3531; baseline 0.004 -24"><span class='ocrx_word' id='word_1_492' title='bbox 226 3457 325 3508; x_wconf 74' lang='grc' dir='ltr'>καὶ</span> <span class='ocrx_word' id='word_1_493' title='bbox 350 3456 428 3526; x_wconf 82' lang='grc' dir='ltr'>μὴ</span> <span class='ocrx_word' id='word_1_494' title='bbox 454 3457 725 3520; x_wconf 80' lang='grc' dir='ltr'>εὑρόντων</span> <span class='ocrx_word' id='word_1_495' title='bbox 753 3457 946 3528; x_wconf 79' lang='grc' dir='ltr'>αὐτὴν,</span> <span class='ocrx_word' id='word_1_496' title='bbox 979 3453 1135 3520; x_wconf 80' lang='grc' dir='ltr'>αὖθις</span> <span class='ocrx_word' id='word_1_497' title='bbox 1161 3459 1226 3510; x_wconf 82' lang='grc' dir='ltr'>ἐκ</span> <span class='ocrx_word' id='word_1_498' title='bbox 1253 3458 1364 3512; x_wconf 84' lang='grc' dir='ltr'><strong>τῶν</strong></span> <span class='ocrx_word' id='word_1_499' title='bbox 1394 3459 1573 3512; x_wconf 83' lang='grc' dir='ltr'>ἐκεῖσε</span> <span class='ocrx_word' id='word_1_500' title='bbox 1601 3459 1800 3531; x_wconf 80' lang='grc' dir='ltr'>σύραν-</span> 
     </span>
    </p>
   </div>
   <div class='ocr_carea' id='block_1_68' title="bbox 223 3546 1803 3618">
    <p class='ocr_par' dir='ltr' id='par_1_68' title="bbox 223 3546 1803 3618">
     <span class='ocr_line' id='line_1_69' title="bbox 223 3546 1803 3618; baseline 0.003 -18"><span class='ocrx_word' id='word_1_501' title='bbox 223 3563 320 3609; x_wconf 83' lang='grc' dir='ltr'>τες</span> <span class='ocrx_word' id='word_1_502' title='bbox 351 3547 442 3600; x_wconf 69' lang='grc' dir='ltr'>τὸν</span> <span class='ocrx_word' id='word_1_503' title='bbox 467 3546 642 3615; x_wconf 68' lang='grc' dir='ltr'>ἅγιον,</span> <span class='ocrx_word' id='word_1_504' title='bbox 667 3547 804 3618; x_wconf 81' lang='grc' dir='ltr'>πρὸς</span> <span class='ocrx_word' id='word_1_505' title='bbox 827 3549 920 3601; x_wconf 72' lang='grc' dir='ltr'><strong>τὸν</strong></span> <span class='ocrx_word' id='word_1_506' title='bbox 950 3547 1172 3618; x_wconf 75' lang='grc' dir='ltr'>βόθυνον</span> <span class='ocrx_word' id='word_1_507' title='bbox 1200 3548 1291 3602; x_wconf 73' lang='grc' dir='ltr'>τὸν</span> <span class='ocrx_word' id='word_1_508' title='bbox 1317 3547 1552 3602; x_wconf 82' lang='grc' dir='ltr'>ἐθνικῶν</span> <span class='ocrx_word' id='word_1_509' title='bbox 1590 3551 1686 3603; x_wconf 72' lang='grc' dir='ltr'>καὶ</span> <span class='ocrx_word' id='word_1_510' title='bbox 1707 3569 1803 3604; x_wconf 87' lang='grc' dir='ltr'>κα-</span> 
     </span>
    </p>
   </div>
   <div class='ocr_carea' id='block_1_69' title="bbox 226 3633 1804 3711">
    <p class='ocr_par' dir='ltr' id='par_1_69' title="bbox 226 3633 1804 3711">
     <span class='ocr_line' id='line_1_70' title="bbox 226 3633 1804 3711; baseline 0.003 -23"><span class='ocrx_word' id='word_1_511' title='bbox 226 3635 462 3690; x_wconf 81' lang='grc' dir='ltr'>ταδίκων</span> <span class='ocrx_word' id='word_1_512' title='bbox 504 3637 821 3707; x_wconf 69' lang='grc' dir='ltr'>ἠκόντισαν.</span> <span class='ocrx_word' id='word_1_513' title='bbox 861 3636 988 3690; x_wconf 76' lang='grc' dir='ltr'>ἔνθα</span> <span class='ocrx_word' id='word_1_514' title='bbox 1027 3633 1096 3708; x_wconf 78' lang='grc' dir='ltr'>ἦν</span> <span class='ocrx_word' id='word_1_515' title='bbox 1119 3641 1147 3692; x_wconf 88' lang='grc' dir='ltr'><strong>ό</strong></span> <span class='ocrx_word' id='word_1_516' title='bbox 1178 3637 1272 3690; x_wconf 80' lang='grc' dir='ltr'><strong>τοῦ</strong></span> <span class='ocrx_word' id='word_1_517' title='bbox 1307 3638 1466 3704; x_wconf 81' lang='grc' dir='ltr'>ἁγίου</span> <span class='ocrx_word' id='word_1_518' title='bbox 1523 3639 1804 3711; x_wconf 79' lang='grc' dir='ltr'>μάρτυρός</span> 
     </span>
    </p>
   </div>
   <div class='ocr_carea' id='block_1_70' title="bbox 227 3727 1804 3802">
    <p class='ocr_par' dir='ltr' id='par_1_70' title="bbox 227 3727 1804 3802">
     <span class='ocr_line' id='line_1_71' title="bbox 227 3727 1804 3802; baseline 0.003 -22"><span class='ocrx_word' id='word_1_519' title='bbox 227 3727 496 3795; x_wconf 82' lang='grc' dir='ltr'>Πελαγίου</span> <span class='ocrx_word' id='word_1_520' title='bbox 525 3729 674 3791; x_wconf 85' lang='grc' dir='ltr'>ναός.</span> <span class='ocrx_word' id='word_1_521' title='bbox 699 3729 796 3781; x_wconf 81' lang='grc' dir='ltr'>’ον</span> <span class='ocrx_word' id='word_1_522' title='bbox 823 3729 852 3782; x_wconf 84' lang='grc' dir='ltr'>ὁ</span> <span class='ocrx_word' id='word_1_523' title='bbox 879 3729 1130 3797; x_wconf 85' lang='grc' dir='ltr'>μισάγιος</span> <span class='ocrx_word' id='word_1_524' title='bbox 1162 3728 1424 3800; x_wconf 83' lang='grc' dir='ltr'>τύραννος</span> <span class='ocrx_word' id='word_1_525' title='bbox 1453 3729 1630 3802; x_wconf 82' lang='grc' dir='ltr'>εὑρὼν</span> <span class='ocrx_word' id='word_1_526' title='bbox 1665 3747 1804 3801; x_wconf 81' lang='grc' dir='ltr'>συμ-</span> 
     </span>
    </p>
   </div>
   <div class='ocr_carea' id='block_1_71' title="bbox 227 3819 1804 3890">
    <p class='ocr_par' dir='ltr' id='par_1_71' title="bbox 227 3819 1804 3890">
     <span class='ocr_line' id='line_1_72' title="bbox 227 3819 1804 3890; baseline 0.003 -18"><span class='ocrx_word' id='word_1_527' title='bbox 227 3819 558 3872; x_wconf 79' lang='grc' dir='ltr'>πεπτωκότα</span> <span class='ocrx_word' id='word_1_528' title='bbox 580 3830 602 3858; x_wconf 59' lang='lat'><strong>!</strong></span> <span class='ocrx_word' id='word_1_529' title='bbox 657 3819 962 3873; x_wconf 85' lang='grc' dir='ltr'>καταδίκων</span> <span class='ocrx_word' id='word_1_530' title='bbox 1001 3819 1169 3887; x_wconf 79' lang='grc' dir='ltr'>τάφον</span> <span class='ocrx_word' id='word_1_531' title='bbox 1201 3821 1501 3890; x_wconf 81' lang='grc' dir='ltr'>πεποίηκεν</span> <span class='ocrx_word' id='word_1_532' title='bbox 1523 3862 1540 3887; x_wconf 93' lang='grc'><strong>,</strong></span> <span class='ocrx_word' id='word_1_533' title='bbox 1605 3822 1698 3876; x_wconf 74' lang='grc' dir='ltr'>καὶ</span> <span class='ocrx_word' id='word_1_534' title='bbox 1734 3821 1804 3876; x_wconf 76' lang='grc' dir='ltr'><strong>τὰ</strong></span> 
     </span>
    </p>
   </div>
   <div class='ocr_carea' id='block_1_72' title="bbox 224 3909 1802 3984">
    <p class='ocr_par' dir='ltr' id='par_1_72' title="bbox 224 3909 1802 3984">
     <span class='ocr_line' id='line_1_73' title="bbox 224 3909 1802 3984; baseline 0.003 -20"><span class='ocrx_word' id='word_1_535' title='bbox 224 3909 496 3978; x_wconf 83' lang='grc' dir='ltr'>Πελαγίου</span> <span class='ocrx_word' id='word_1_536' title='bbox 536 3911 906 3981; x_wconf 77' lang='grc' dir='ltr'>ἐπωνόμασεν.</span> <span class='ocrx_word' id='word_1_537' title='bbox 930 3911 1040 3964; x_wconf 80' lang='grc' dir='ltr'><strong>Καὶ</strong></span> <span class='ocrx_word' id='word_1_538' title='bbox 1065 3911 1238 3980; x_wconf 80' lang='grc' dir='ltr'>ἐφάνη</span> <span class='ocrx_word' id='word_1_539' title='bbox 1262 3914 1438 3966; x_wconf 87' lang='grc' dir='ltr'>ἐκεῖνο</span> <span class='ocrx_word' id='word_1_540' title='bbox 1457 3913 1518 3967; x_wconf 79' lang='grc' dir='ltr'><strong>τὸ</strong></span> <span class='ocrx_word' id='word_1_541' title='bbox 1534 3931 1802 3984; x_wconf 77' lang='grc' dir='ltr'>προφητι-</span> 
     </span>
    </p>
   </div>
   <div class='ocr_carea' id='block_1_73' title="bbox 225 4001 1801 4074">
    <p class='ocr_par' dir='ltr' id='par_1_73' title="bbox 225 4001 1801 4074">
     <span class='ocr_line' id='line_1_74' title="bbox 225 4001 1801 4074; baseline 0.004 -21"><span class='ocrx_word' id='word_1_542' title='bbox 225 4001 338 4062; x_wconf 83' lang='grc' dir='ltr'><strong>κῶς</strong></span> <span class='ocrx_word' id='word_1_543' title='bbox 373 4001 615 4072; x_wconf 83' lang='grc' dir='ltr'>ἐναργῶς</span> <span class='ocrx_word' id='word_1_544' title='bbox 643 4002 968 4073; x_wconf 76' lang='grc' dir='ltr'>εἰρημένον·</span> <span class='ocrx_word' id='word_1_545' title='bbox 1002 4002 1108 4058; x_wconf 73' lang='grc' dir='ltr'><strong>Καὶ</strong></span> <span class='ocrx_word' id='word_1_546' title='bbox 1135 4005 1289 4072; x_wconf 78' lang='grc' dir='ltr'>μετὰ</span> <span class='ocrx_word' id='word_1_547' title='bbox 1333 4004 1574 4073; x_wconf 74' lang='grc' dir='ltr'>ἀνόμων</span> <span class='ocrx_word' id='word_1_548' title='bbox 1601 4006 1801 4074; x_wconf 62' lang='lat' dir='ltr'><strong>Mort-</strong></span> 
     </span>
    </p>
   </div>
   <div class='ocr_carea' id='block_1_74' title="bbox 225 4092 1804 4165">
    <p class='ocr_par' dir='ltr' id='par_1_74' title="bbox 225 4092 1804 4165">
     <span class='ocr_line' id='line_1_75' title="bbox 225 4092 1804 4165; baseline 0.003 -21"><span class='ocrx_word' id='word_1_549' title='bbox 225 4095 344 4158; x_wconf 65' lang='grc' dir='ltr'><strong>σου</strong></span> <span class='ocrx_word' id='word_1_550' title='bbox 397 4092 714 4158; x_wconf 24' lang='grc' dir='ltr'>δ’δξκαιος.</span> <span class='ocrx_word' id='word_1_551' title='bbox 774 4093 967 4145; x_wconf 83' lang='grc' dir='ltr'>Ἔνθεν</span> <span class='ocrx_word' id='word_1_552' title='bbox 1019 4093 1070 4144; x_wconf 82' lang='lat' dir='ltr'><strong>oi.</strong></span> <span class='ocrx_word' id='word_1_553' title='bbox 1113 4093 1312 4165; x_wconf 77' lang='grc' dir='ltr'>λῃσταὶ</span> <span class='ocrx_word' id='word_1_554' title='bbox 1359 4094 1804 4165; x_wconf 76' lang='grc' dir='ltr'>ὑποστρέψαντες</span> 
     </span>
    </p>
   </div>
   <div class='ocr_carea' id='block_1_75' title="bbox 227 4181 1806 4255">
    <p class='ocr_par' dir='ltr' id='par_1_75' title="bbox 227 4181 1806 4255">
     <span class='ocr_line' id='line_1_76' title="bbox 227 4181 1806 4255; baseline 0.003 -21"><span class='ocrx_word' id='word_1_555' title='bbox 227 4183 363 4253; x_wconf 67' lang='grc' dir='ltr'>πρός</span> <span class='ocrx_word' id='word_1_556' title='bbox 389 4182 481 4234; x_wconf 75' lang='grc' dir='ltr'>τὸν</span> <span class='ocrx_word' id='word_1_557' title='bbox 507 4181 753 4252; x_wconf 76' lang='grc' dir='ltr'>βασιλέα,</span> <span class='ocrx_word' id='word_1_558' title='bbox 774 4182 848 4246; x_wconf 84' lang='grc' dir='ltr'>ὡς</span> <span class='ocrx_word' id='word_1_559' title='bbox 872 4184 982 4238; x_wconf 79' lang='grc' dir='ltr'>ἀπό</span> <span class='ocrx_word' id='word_1_560' title='bbox 1007 4199 1151 4246; x_wconf 84' lang='grc' dir='ltr'>τινος</span> <span class='ocrx_word' id='word_1_561' title='bbox 1165 4185 1402 4255; x_wconf 82' lang='grc' dir='ltr'>πολέμου</span> <span class='ocrx_word' id='word_1_562' title='bbox 1418 4187 1681 4254; x_wconf 86' lang='grc' dir='ltr'>γενναίως</span> <span class='ocrx_word' id='word_1_563' title='bbox 1709 4187 1806 4241; x_wconf 60' lang='grc' dir='ltr'><strong>ἀνέ</strong></span> 
     </span>
    </p>
   </div>
   <div class='ocr_carea' id='block_1_76' title="bbox 221 4273 1798 4348">
    <p class='ocr_par' dir='ltr' id='par_1_76' title="bbox 221 4273 1798 4348">
     <span class='ocr_line' id='line_1_77' title="bbox 221 4273 1798 4348; baseline 0.003 -22"><span class='ocrx_word' id='word_1_564' title='bbox 221 4273 694 4342; x_wconf 79' lang='grc' dir='ltr'>δραγαθήσαντες,</span> <span class='ocrx_word' id='word_1_565' title='bbox 715 4275 1010 4346; x_wconf 76' lang='grc' dir='ltr'>ἐδέχθησαν</span> <span class='ocrx_word' id='word_1_566' title='bbox 1047 4275 1356 4344; x_wconf 78' lang='grc' dir='ltr'>παράὑτοῦ</span> <span class='ocrx_word' id='word_1_567' title='bbox 1399 4277 1798 4348; x_wconf 78' lang='grc' dir='ltr'>ἀσμενέστατα.</span> 
     </span>
    </p>
   </div>
   <div class='ocr_carea' id='block_1_77' title="bbox 224 4363 1803 4440">
    <p class='ocr_par' dir='ltr' id='par_1_77' title="bbox 224 4363 1803 4440">
     <span class='ocr_line' id='line_1_78' title="bbox 224 4363 1803 4440; baseline 0.003 -22"><span class='ocrx_word' id='word_1_568' title='bbox 224 4365 336 4418; x_wconf 72' lang='grc' dir='ltr'><strong>Καὶ</strong></span> <span class='ocrx_word' id='word_1_569' title='bbox 363 4363 536 4429; x_wconf 75' lang='grc' dir='ltr'>οὕτως</span> <span class='ocrx_word' id='word_1_570' title='bbox 558 4369 657 4420; x_wconf 81' lang='grc' dir='ltr'><strong>σὺν</strong></span> <span class='ocrx_word' id='word_1_571' title='bbox 683 4369 868 4430; x_wconf 76' lang='grc' dir='ltr'>αὐτοῖς</span> <span class='ocrx_word' id='word_1_572' title='bbox 891 4369 919 4420; x_wconf 86' lang='grc' dir='ltr'>ὁ</span> <span class='ocrx_word' id='word_1_573' title='bbox 945 4365 1204 4438; x_wconf 78' lang='grc' dir='ltr'>τύραννος</span> <span class='ocrx_word' id='word_1_574' title='bbox 1224 4370 1305 4432; x_wconf 83' lang='grc' dir='ltr'>εἰς</span> <span class='ocrx_word' id='word_1_575' title='bbox 1337 4368 1656 4440; x_wconf 85' lang='grc' dir='ltr'>πολύκρεων</span> <span class='ocrx_word' id='word_1_576' title='bbox 1674 4369 1803 4439; x_wconf 82' lang='grc' dir='ltr'>τρά-</span> 
     </span>
    </p>
   </div>
   <div class='ocr_carea' id='block_1_78' title="bbox 226 4456 1799 4531">
    <p class='ocr_par' dir='ltr' id='par_1_78' title="bbox 226 4456 1799 4531">
     <span class='ocr_line' id='line_1_79' title="bbox 226 4456 1799 4531; baseline 0.003 -22"><span class='ocrx_word' id='word_1_577' title='bbox 226 4456 402 4520; x_wconf 73' lang='grc' dir='ltr'>πεζαν</span> <span class='ocrx_word' id='word_1_578' title='bbox 442 4459 754 4524; x_wconf 77' lang='grc' dir='ltr'>καθεσθεὶς,</span> <span class='ocrx_word' id='word_1_579' title='bbox 801 4461 896 4513; x_wconf 77' lang='grc' dir='ltr'>τὸν</span> <span class='ocrx_word' id='word_1_580' title='bbox 939 4459 1032 4514; x_wconf 84' lang='grc' dir='ltr'>τοῦ</span> <span class='ocrx_word' id='word_1_581' title='bbox 1084 4460 1243 4528; x_wconf 77' lang='grc' dir='ltr'>ἁγίου</span> <span class='ocrx_word' id='word_1_582' title='bbox 1275 4461 1534 4531; x_wconf 80' lang='grc' dir='ltr'>πολυειδῆ</span> <span class='ocrx_word' id='word_1_583' title='bbox 1570 4461 1799 4516; x_wconf 87' lang='grc' dir='ltr'>θάνατον</span> 
     </span>
    </p>
   </div>
   <div class='ocr_carea' id='block_1_79' title="bbox 222 4548 1370 4624">
    <p class='ocr_par' dir='ltr' id='par_1_79' title="bbox 222 4548 1370 4624">
     <span class='ocr_line' id='line_1_80' title="bbox 222 4548 1370 4624; baseline 0.003 -22"><span class='ocrx_word' id='word_1_584' title='bbox 222 4548 462 4613; x_wconf 83' lang='grc' dir='ltr'>ἀκούων,</span> <span class='ocrx_word' id='word_1_585' title='bbox 493 4549 746 4618; x_wconf 80' lang='grc' dir='ltr'>μεγάλως</span> <span class='ocrx_word' id='word_1_586' title='bbox 778 4549 954 4617; x_wconf 86' lang='grc' dir='ltr'>γελῶν</span> <span class='ocrx_word' id='word_1_587' title='bbox 984 4549 1370 4624; x_wconf 79' lang='grc' dir='ltr'>κατῃσχύνετο.</span> 
     </span>
    </p>
   </div>
   <div class='ocr_carea' id='block_1_80' title="bbox 308 4809 1800 4883">
    <p class='ocr_par' dir='ltr' id='par_1_80' title="bbox 308 4809 1800 4883">
     <span class='ocr_line' id='line_1_81' title="bbox 308 4809 1800 4883; baseline 0.001 -19"><span class='ocrx_word' id='word_1_588' title='bbox 308 4809 628 4881; x_wconf 75' lang='grc' dir='ltr'>Ἐτελειὼθη</span> <span class='ocrx_word' id='word_1_589' title='bbox 685 4809 743 4864; x_wconf 82' lang='grc' dir='ltr'>δὲ</span> <span class='ocrx_word' id='word_1_590' title='bbox 775 4812 804 4864; x_wconf 86' lang='grc' dir='ltr'><strong>ό</strong></span> <span class='ocrx_word' id='word_1_591' title='bbox 856 4809 1009 4878; x_wconf 75' lang='grc' dir='ltr'>ἅγιος</span> <span class='ocrx_word' id='word_1_592' title='bbox 1030 4809 1125 4862; x_wconf 82' lang='grc' dir='ltr'>τοῦ</span> <span class='ocrx_word' id='word_1_593' title='bbox 1164 4809 1300 4863; x_wconf 81' lang='grc' dir='ltr'><strong>Θεοῦ</strong></span> <span class='ocrx_word' id='word_1_594' title='bbox 1351 4813 1440 4865; x_wconf 78' lang='grc' dir='ltr'>καὶ</span> <span class='ocrx_word' id='word_1_595' title='bbox 1467 4813 1800 4883; x_wconf 83' lang='grc' dir='ltr'>ὀσιόμαρτυς</span> 
     </span>
    </p>
   </div>
   <div class='ocr_carea' id='block_1_81' title="bbox 223 4899 1794 4970">
    <p class='ocr_par' dir='ltr' id='par_1_81' title="bbox 223 4899 1794 4970">
     <span class='ocr_line' id='line_1_82' title="bbox 223 4899 1794 4970; baseline 0.003 -18"><span class='ocrx_word' id='word_1_596' title='bbox 223 4901 498 4965; x_wconf 59' lang='grc' dir='ltr'>Στὲςανος</span> <span class='ocrx_word' id='word_1_597' title='bbox 521 4899 598 4968; x_wconf 84' lang='grc' dir='ltr'>τῷ</span> <span class='ocrx_word' id='word_1_598' title='bbox 633 4899 984 4970; x_wconf 82' lang='grc' dir='ltr'>πεντηκοστῷ</span> <span class='ocrx_word' id='word_1_599' title='bbox 1014 4900 1186 4970; x_wconf 84' lang='grc' dir='ltr'>τρίτῳ</span> <span class='ocrx_word' id='word_1_600' title='bbox 1218 4901 1236 4936; x_wconf 73' lang='grc' dir='ltr'><strong>ί</strong></span> <span class='ocrx_word' id='word_1_601' title='bbox 1268 4900 1442 4970; x_wconf 64' lang='grc' dir='ltr'><strong>χρᾶνῳ</strong></span> <span class='ocrx_word' id='word_1_602' title='bbox 1487 4903 1586 4966; x_wconf 84' lang='grc' dir='ltr'>τῆς</span> <span class='ocrx_word' id='word_1_603' title='bbox 1623 4903 1794 4956; x_wconf 78' lang='grc' dir='ltr'>αὑτοῦ</span> 
     </span>
    </p>
   </div>
   <div class='ocr_carea' id='block_1_82' title="bbox 225 4990 1864 5100">
    <p class='ocr_par' dir='ltr' id='par_1_82' title="bbox 225 4990 1864 5100">
     <span class='ocr_line' id='line_1_83' title="bbox 225 4990 1864 5100; baseline 0.005 -60"><span class='ocrx_word' id='word_1_604' title='bbox 225 4990 478 5059; x_wconf 70' lang='grc' dir='ltr'>ἡλικίας,</span> <span class='ocrx_word' id='word_1_605' title='bbox 540 4991 670 5060; x_wconf 81' lang='grc' dir='ltr'>μηνὶ</span> <span class='ocrx_word' id='word_1_606' title='bbox 717 4991 1052 5063; x_wconf 68' lang='grc' dir='ltr'>Νοεμϐρίῳ,</span> <span class='ocrx_word' id='word_1_607' title='bbox 1089 4990 1264 5045; x_wconf 74' lang='grc' dir='ltr'>εἰκάδι</span> <span class='ocrx_word' id='word_1_608' title='bbox 1314 4992 1507 5068; x_wconf 77' lang='grc' dir='ltr'>ὀγδόῃ,</span> <span class='ocrx_word' id='word_1_609' title='bbox 1547 4997 1607 5046; x_wconf 84' lang='grc' dir='ltr'><strong>ἐν</strong></span> <span class='ocrx_word' id='word_1_610' title='bbox 1737 4996 1798 5048; x_wconf 76' lang='grc' dir='ltr'>τὸ</span> <span class='ocrx_word' id='word_1_611' title='bbox 1833 5071 1864 5100; x_wconf 63' lang='lat'><em>.</em></span> 
     </span>
    </p>
   </div>
   <div class='ocr_carea' id='block_1_83' title="bbox 299 5143 702 5210">
    <p class='ocr_par' dir='ltr' id='par_1_83' title="bbox 299 5143 702 5210">
     <span class='ocr_line' id='line_1_84' title="bbox 299 5143 702 5210; baseline 0.01 -15"><span class='ocrx_word' id='word_1_612' title='bbox 299 5146 318 5177; x_wconf 80' lang='grc'>¹</span> <span class='ocrx_word' id='word_1_613' title='bbox 341 5143 442 5198; x_wconf 83' lang='lat' dir='ltr'><strong>lsa.</strong></span> <span class='ocrx_word' id='word_1_614' title='bbox 469 5159 584 5210; x_wconf 79' lang='lat' dir='ltr'><strong>Lttt,</strong></span> <span class='ocrx_word' id='word_1_615' title='bbox 617 5143 702 5199; x_wconf 72' lang='lat' dir='ltr'><strong>i2.</strong></span> 
     </span>
    </p>
   </div>
   <div class='ocr_carea' id='block_1_84' title="bbox 1903 3185 3486 3254">
    <p class='ocr_par' dir='ltr' id='par_1_84' title="bbox 1903 3185 3486 3254">
     <span class='ocr_line' id='line_1_85' title="bbox 1903 3185 3486 3254; baseline 0.001 -17"><span class='ocrx_word' id='word_1_616' title='bbox 1903 3185 1969 3238; x_wconf 87' lang='lat' dir='ltr'><strong>ad</strong></span> <span class='ocrx_word' id='word_1_617' title='bbox 2003 3185 2230 3240; x_wconf 80' lang='lat' dir='ltr'><strong>fratrem</strong></span> <span class='ocrx_word' id='word_1_618' title='bbox 2282 3195 2336 3239; x_wconf 89' lang='lat' dir='ltr'><strong>et</strong></span> <span class='ocrx_word' id='word_1_619' title='bbox 2372 3195 2670 3253; x_wconf 81' lang='lat' dir='ltr'><strong>martyrem</strong></span> <span class='ocrx_word' id='word_1_620' title='bbox 2696 3185 2932 3254; x_wconf 88' lang='lat' dir='ltr'><strong>propriis</strong></span> <span class='ocrx_word' id='word_1_621' title='bbox 2967 3185 3214 3238; x_wconf 80' lang='lat' dir='ltr'><strong>uianibus</strong></span> <span class='ocrx_word' id='word_1_622' title='bbox 3237 3185 3486 3252; x_wconf 80' lang='lat' dir='ltr'><strong>lapidan-</strong></span> 
     </span>
    </p>
   </div>
   <div class='ocr_carea' id='block_1_85' title="bbox 1907 3273 3484 3346">
    <p class='ocr_par' dir='ltr' id='par_1_85' title="bbox 1907 3273 3484 3346">
     <span class='ocr_line' id='line_1_86' title="bbox 1907 3273 3484 3346; baseline -0.001 -16"><span class='ocrx_word' id='word_1_623' title='bbox 1907 3276 2033 3330; x_wconf 88' lang='lat' dir='ltr'><strong>dum</strong></span> <span class='ocrx_word' id='word_1_624' title='bbox 2071 3285 2314 3346; x_wconf 79' lang='lat' dir='ltr'><strong>cogeret.</strong></span> <span class='ocrx_word' id='word_1_625' title='bbox 2353 3273 2576 3337; x_wconf 83' lang='lat' dir='ltr'><strong>Verum,</strong></span> <span class='ocrx_word' id='word_1_626' title='bbox 2611 3275 2918 3328; x_wconf 85' lang='lat' dir='ltr'><strong>veneranda</strong></span> <span class='ocrx_word' id='word_1_627' title='bbox 2955 3275 3045 3328; x_wconf 87' lang='lat' dir='ltr'><strong>illa</strong></span> <span class='ocrx_word' id='word_1_628' title='bbox 3093 3285 3145 3328; x_wconf 89' lang='lat' dir='ltr'><strong>et</strong></span> <span class='ocrx_word' id='word_1_629' title='bbox 3205 3285 3394 3328; x_wconf 87' lang='lat' dir='ltr'><strong>natura</strong></span> <span class='ocrx_word' id='word_1_630' title='bbox 3428 3287 3484 3330; x_wconf 91' lang='lat' dir='ltr'><strong>et</strong></span> 
     </span>
    </p>
   </div>
   <div class='ocr_carea' id='block_1_86' title="bbox 1901 3365 3480 3432">
    <p class='ocr_par' dir='ltr' id='par_1_86' title="bbox 1901 3365 3480 3432">
     <span class='ocr_line' id='line_1_87' title="bbox 1901 3365 3480 3432; baseline 0 -14"><span class='ocrx_word' id='word_1_631' title='bbox 1901 3365 2068 3418; x_wconf 88' lang='lat' dir='ltr'><strong>animi</strong></span> <span class='ocrx_word' id='word_1_632' title='bbox 2106 3365 2376 3420; x_wconf 87' lang='lat' dir='ltr'><strong>sententia</strong></span> <span class='ocrx_word' id='word_1_633' title='bbox 2405 3366 2584 3420; x_wconf 85' lang='lat' dir='ltr'><strong>sancti</strong></span> <span class='ocrx_word' id='word_1_634' title='bbox 2646 3379 2836 3418; x_wconf 85' lang='lat' dir='ltr'><strong>revera</strong></span> <span class='ocrx_word' id='word_1_635' title='bbox 2865 3380 3044 3428; x_wconf 88' lang='lat' dir='ltr'><strong>soror,</strong></span> <span class='ocrx_word' id='word_1_636' title='bbox 3079 3365 3301 3418; x_wconf 84' lang='lat' dir='ltr'><strong>incursu</strong></span> <span class='ocrx_word' id='word_1_637' title='bbox 3334 3378 3480 3432; x_wconf 71' lang='lat' dir='ltr'><strong>pra:-</strong></span> 
     </span>
    </p>
   </div>
   <div class='ocr_carea' id='block_1_87' title="bbox 1903 3453 3481 3525">
    <p class='ocr_par' dir='ltr' id='par_1_87' title="bbox 1903 3453 3481 3525">
     <span class='ocr_line' id='line_1_88' title="bbox 1903 3453 3481 3525; baseline -0.001 -15"><span class='ocrx_word' id='word_1_638' title='bbox 1903 3455 2146 3525; x_wconf 80' lang='lat' dir='ltr'><strong>coguito,</strong></span> <span class='ocrx_word' id='word_1_639' title='bbox 2183 3469 2304 3510; x_wconf 86' lang='lat' dir='ltr'><strong>sese</strong></span> <span class='ocrx_word' id='word_1_640' title='bbox 2335 3455 2387 3508; x_wconf 91' lang='lat' dir='ltr'><strong>in</strong></span> <span class='ocrx_word' id='word_1_641' title='bbox 2423 3455 2772 3509; x_wconf 88' lang='lat' dir='ltr'><strong>tenebrosum</strong></span> <span class='ocrx_word' id='word_1_642' title='bbox 2807 3463 3216 3508; x_wconf 88' lang='lat' dir='ltr'><strong>monumentum</strong></span> <span class='ocrx_word' id='word_1_643' title='bbox 3248 3453 3481 3508; x_wconf 87' lang='lat' dir='ltr'><strong>incluse-</strong></span> 
     </span>
    </p>
   </div>
   <div class='ocr_carea' id='block_1_88' title="bbox 1907 3537 3484 3614">
    <p class='ocr_par' dir='ltr' id='par_1_88' title="bbox 1907 3537 3484 3614">
     <span class='ocr_line' id='line_1_89' title="bbox 1907 3537 3484 3614; baseline -0.001 -17"><span class='ocrx_word' id='word_1_644' title='bbox 1907 3552 2013 3606; x_wconf 86' lang='lat' dir='ltr'><strong>rat,</strong></span> <span class='ocrx_word' id='word_1_645' title='bbox 2049 3558 2156 3612; x_wconf 91' lang='lat' dir='ltr'><strong>quo</strong></span> <span class='ocrx_word' id='word_1_646' title='bbox 2189 3553 2350 3614; x_wconf 82' lang='lat' dir='ltr'><strong>pacto</strong></span> <span class='ocrx_word' id='word_1_647' title='bbox 2371 3543 2585 3596; x_wconf 91' lang='lat' dir='ltr'><strong>illorum</strong></span> <span class='ocrx_word' id='word_1_648' title='bbox 2615 3549 2845 3596; x_wconf 88' lang='lat' dir='ltr'><strong>conatus</strong></span> <span class='ocrx_word' id='word_1_649' title='bbox 2876 3537 3086 3608; x_wconf 71' lang='lat' dir='ltr'><strong>eﬂugit.</strong></span> <span class='ocrx_word' id='word_1_650' title='bbox 3117 3538 3302 3610; x_wconf 88' lang='lat' dir='ltr'><strong>Itaque</strong></span> <span class='ocrx_word' id='word_1_651' title='bbox 3329 3541 3484 3610; x_wconf 82' lang='lat' dir='ltr'><strong>impii</strong></span> 
     </span>
    </p>
   </div>
   <div class='ocr_carea' id='block_1_89' title="bbox 1907 3632 3484 3701">
    <p class='ocr_par' dir='ltr' id='par_1_89' title="bbox 1907 3632 3484 3701">
     <span class='ocr_line' id='line_1_90' title="bbox 1907 3632 3484 3701; baseline -0.002 -13"><span class='ocrx_word' id='word_1_652' title='bbox 1907 3635 2176 3701; x_wconf 85' lang='lat' dir='ltr'><strong>frustrati,</strong></span> <span class='ocrx_word' id='word_1_653' title='bbox 2230 3634 2316 3690; x_wconf 88' lang='lat' dir='ltr'><strong>illa</strong></span> <span class='ocrx_word' id='word_1_654' title='bbox 2355 3649 2463 3689; x_wconf 90' lang='lat' dir='ltr'><strong>non</strong></span> <span class='ocrx_word' id='word_1_655' title='bbox 2501 3633 2744 3699; x_wconf 88' lang='lat' dir='ltr'><strong>inventa,</strong></span> <span class='ocrx_word' id='word_1_656' title='bbox 2811 3647 3002 3687; x_wconf 88' lang='lat' dir='ltr'><strong>rursus</strong></span> <span class='ocrx_word' id='word_1_657' title='bbox 3057 3632 3184 3687; x_wconf 87' lang='lat' dir='ltr'><strong>inde</strong></span> <span class='ocrx_word' id='word_1_658' title='bbox 3230 3641 3484 3686; x_wconf 82' lang='lat' dir='ltr'><strong>sanctum</strong></span> 
     </span>
    </p>
   </div>
   <div class='ocr_carea' id='block_1_90' title="bbox 1909 3723 3479 3796">
    <p class='ocr_par' dir='ltr' id='par_1_90' title="bbox 1909 3723 3479 3796">
     <span class='ocr_line' id='line_1_91' title="bbox 1909 3723 3479 3796; baseline -0.001 -16"><span class='ocrx_word' id='word_1_659' title='bbox 1909 3735 2146 3791; x_wconf 82' lang='lat' dir='ltr'><strong>traxere,</strong></span> <span class='ocrx_word' id='word_1_660' title='bbox 2181 3741 2416 3794; x_wconf 88' lang='lat' dir='ltr'><strong>eumque</strong></span> <span class='ocrx_word' id='word_1_661' title='bbox 2449 3725 2502 3780; x_wconf 91' lang='lat' dir='ltr'><strong>in</strong></span> <span class='ocrx_word' id='word_1_662' title='bbox 2549 3739 2886 3796; x_wconf 77' lang='lat' dir='ltr'><strong>paganorum</strong></span> <span class='ocrx_word' id='word_1_663' title='bbox 2918 3735 2970 3777; x_wconf 88' lang='lat' dir='ltr'><strong>et</strong></span> <span class='ocrx_word' id='word_1_664' title='bbox 2993 3725 3368 3778; x_wconf 86' lang='lat' dir='ltr'><strong>damnatorum</strong></span> <span class='ocrx_word' id='word_1_665' title='bbox 3401 3723 3479 3778; x_wconf 79' lang='lat' dir='ltr'><strong>fo-</strong></span> 
     </span>
    </p>
   </div>
   <div class='ocr_carea' id='block_1_91' title="bbox 1901 3813 3480 3887">
    <p class='ocr_par' dir='ltr' id='par_1_91' title="bbox 1901 3813 3480 3887">
     <span class='ocr_line' id='line_1_92' title="bbox 1901 3813 3480 3887; baseline -0.004 -14"><span class='ocrx_word' id='word_1_666' title='bbox 1901 3833 2055 3873; x_wconf 81' lang='lat' dir='ltr'><strong>veam</strong></span> <span class='ocrx_word' id='word_1_667' title='bbox 2091 3818 2358 3887; x_wconf 72' lang='lat' dir='ltr'><strong>deiecere,</strong></span> <span class='ocrx_word' id='word_1_668' title='bbox 2387 3817 2476 3872; x_wconf 88' lang='lat' dir='ltr'><strong>ubi</strong></span> <span class='ocrx_word' id='word_1_669' title='bbox 2504 3817 2762 3872; x_wconf 85' lang='lat' dir='ltr'><strong>nimirum</strong></span> <span class='ocrx_word' id='word_1_670' title='bbox 2787 3816 2963 3872; x_wconf 87' lang='lat' dir='ltr'><strong>sancti</strong></span> <span class='ocrx_word' id='word_1_671' title='bbox 2988 3817 3245 3884; x_wconf 78' lang='lat' dir='ltr'><strong>martyris</strong></span> <span class='ocrx_word' id='word_1_672' title='bbox 3271 3813 3480 3882; x_wconf 79' lang='lat' dir='ltr'><strong>Pelagii</strong></span> 
     </span>
    </p>
   </div>
   <div class='ocr_carea' id='block_1_92' title="bbox 1905 3903 3480 3978">
    <p class='ocr_par' dir='ltr' id='par_1_92' title="bbox 1905 3903 3480 3978">
     <span class='ocr_line' id='line_1_93' title="bbox 1905 3903 3480 3978; baseline -0.006 -13"><span class='ocrx_word' id='word_1_673' title='bbox 1905 3907 2062 3978; x_wconf 76' lang='lat'><strong>521</strong></span> <span class='ocrx_word' id='word_1_674' title='bbox 2099 3907 2354 3976; x_wconf 90' lang='lat' dir='ltr'><strong>templum</strong></span> <span class='ocrx_word' id='word_1_675' title='bbox 2383 3905 2511 3961; x_wconf 91' lang='lat' dir='ltr'><strong>olim</strong></span> <span class='ocrx_word' id='word_1_676' title='bbox 2549 3916 2690 3968; x_wconf 87' lang='lat' dir='ltr'><strong>erat,</strong></span> <span class='ocrx_word' id='word_1_677' title='bbox 2726 3904 3016 3974; x_wconf 84' lang='lat' dir='ltr'><strong>quodcum</strong></span> <span class='ocrx_word' id='word_1_678' title='bbox 3047 3903 3259 3972; x_wconf 88' lang='lat' dir='ltr'><strong>lapsum</strong></span> <span class='ocrx_word' id='word_1_679' title='bbox 3321 3917 3480 3970; x_wconf 81' lang='lat' dir='ltr'><strong>repe-</strong></span> 
     </span>
    </p>
   </div>
   <div class='ocr_carea' id='block_1_93' title="bbox 1901 3993 3480 4066">
    <p class='ocr_par' dir='ltr' id='par_1_93' title="bbox 1901 3993 3480 4066">
     <span class='ocr_line' id='line_1_94' title="bbox 1901 3993 3480 4066; baseline -0.006 -12"><span class='ocrx_word' id='word_1_680' title='bbox 1901 4001 2066 4054; x_wconf 85' lang='lat' dir='ltr'><strong>risset</strong></span> <span class='ocrx_word' id='word_1_681' title='bbox 2096 4007 2407 4052; x_wconf 86' lang='lat' dir='ltr'><strong>sanctorum</strong></span> <span class='ocrx_word' id='word_1_682' title='bbox 2447 3996 2621 4051; x_wconf 88' lang='lat' dir='ltr'><strong>hostis</strong></span> <span class='ocrx_word' id='word_1_683' title='bbox 2651 4005 2947 4066; x_wconf 74' lang='lat' dir='ltr'><strong>tyrannus,</strong></span> <span class='ocrx_word' id='word_1_684' title='bbox 2975 3993 3353 4049; x_wconf 83' lang='lat' dir='ltr'><strong>damnatorum</strong></span> <span class='ocrx_word' id='word_1_685' title='bbox 3388 4007 3480 4048; x_wconf 84' lang='lat' dir='ltr'><strong>se-</strong></span> 
     </span>
    </p>
   </div>
   <div class='ocr_carea' id='block_1_94' title="bbox 1905 4081 3482 4160">
    <p class='ocr_par' dir='ltr' id='par_1_94' title="bbox 1905 4081 3482 4160">
     <span class='ocr_line' id='line_1_95' title="bbox 1905 4081 3482 4160; baseline -0.003 -20"><span class='ocrx_word' id='word_1_686' title='bbox 1905 4090 2157 4160; x_wconf 90' lang='lat' dir='ltr'><strong>pulcrum</strong></span> <span class='ocrx_word' id='word_1_687' title='bbox 2185 4088 2387 4152; x_wconf 82' lang='lat' dir='ltr'><strong>eii&#39;ecit,</strong></span> <span class='ocrx_word' id='word_1_688' title='bbox 2414 4087 2725 4156; x_wconf 84' lang='lat' dir='ltr'><strong>Pelagiique</strong></span> <span class='ocrx_word' id='word_1_689' title='bbox 2761 4087 2920 4140; x_wconf 91' lang='lat' dir='ltr'><strong>titulo</strong></span> <span class='ocrx_word' id='word_1_690' title='bbox 2964 4085 3264 4154; x_wconf 80' lang='lat' dir='ltr'><strong>insignivit.</strong></span> <span class='ocrx_word' id='word_1_691' title='bbox 3324 4081 3482 4136; x_wconf 83' lang='lat' dir='ltr'><strong>&#39;l‘uttc</strong></span> 
     </span>
    </p>
   </div>
   <div class='ocr_carea' id='block_1_95' title="bbox 1903 4173 3481 4250">
    <p class='ocr_par' dir='ltr' id='par_1_95' title="bbox 1903 4173 3481 4250">
     <span class='ocr_line' id='line_1_96' title="bbox 1903 4173 3481 4250; baseline -0.005 -16"><span class='ocrx_word' id='word_1_692' title='bbox 1903 4181 2031 4234; x_wconf 83' lang='lat' dir='ltr'><strong>illud</strong></span> <span class='ocrx_word' id='word_1_693' title='bbox 2089 4179 2368 4250; x_wconf 78' lang='lat' dir='ltr'><strong>propheta:</strong></span> <span class='ocrx_word' id='word_1_694' title='bbox 2393 4179 2596 4234; x_wconf 87' lang='lat' dir='ltr'><strong>dictum</strong></span> <span class='ocrx_word' id='word_1_695' title='bbox 2623 4176 2923 4231; x_wconf 85' lang='lat' dir='ltr'><strong>luculenter</strong></span> <span class='ocrx_word' id='word_1_696' title='bbox 2951 4175 3234 4244; x_wconf 85' lang='lat' dir='ltr'><strong>apparuit:</strong></span> <span class='ocrx_word' id='word_1_697' title='bbox 3260 4173 3324 4226; x_wconf 79' lang='lat' dir='ltr'><strong>Et</strong></span> <span class='ocrx_word' id='word_1_698' title='bbox 3356 4189 3481 4226; x_wconf 77' lang='lat' dir='ltr'><strong>cum</strong></span> 
     </span>
    </p>
   </div>
   <div class='ocr_carea' id='block_1_96' title="bbox 1901 4265 3478 4338">
    <p class='ocr_par' dir='ltr' id='par_1_96' title="bbox 1901 4265 3478 4338">
     <span class='ocr_line' id='line_1_97' title="bbox 1901 4265 3478 4338; baseline -0.006 -14"><span class='ocrx_word' id='word_1_699' title='bbox 1901 4271 2170 4324; x_wconf 79' lang='lat' dir='ltr'><strong>sceleratis</strong></span> <span class='ocrx_word' id='word_1_700' title='bbox 2199 4277 2471 4338; x_wconf 78' lang='lat' dir='ltr'><strong>reputatus</strong></span> <span class='ocrx_word' id='word_1_701' title='bbox 2495 4278 2569 4322; x_wconf 81' lang='lat' dir='ltr'><strong>est</strong></span> <span class='ocrx_word' id='word_1_702' title='bbox 2593 4269 2609 4300; x_wconf 86' lang='grc'>¹</span> <span class='ocrx_word' id='word_1_703' title='bbox 2629 4271 2832 4335; x_wconf 75' lang='lat' dir='ltr'><strong>justus.</strong></span> <span class='ocrx_word' id='word_1_704' title='bbox 2857 4265 2986 4320; x_wconf 89' lang='lat' dir='ltr'><strong>lude</strong></span> <span class='ocrx_word' id='word_1_705' title='bbox 3018 4266 3109 4319; x_wconf 76' lang='lat' dir='ltr'><strong>isti</strong></span> <span class='ocrx_word' id='word_1_706' title='bbox 3142 4265 3381 4319; x_wconf 85' lang='lat' dir='ltr'><strong>latrones</strong></span> <span class='ocrx_word' id='word_1_707' title='bbox 3406 4266 3478 4316; x_wconf 81' lang='lat' dir='ltr'><strong>ad</strong></span> 
     </span>
    </p>
   </div>
   <div class='ocr_carea' id='block_1_97' title="bbox 1903 4343 3474 4430">
    <p class='ocr_par' dir='ltr' id='par_1_97' title="bbox 1903 4343 3474 4430">
     <span class='ocr_line' id='line_1_98' title="bbox 1903 4343 3474 4430; baseline -0.003 -16"><span class='ocrx_word' id='word_1_708' title='bbox 1903 4343 2288 4430; x_wconf 87' lang='lat' dir='ltr'><strong>imperatorem</strong></span> <span class='ocrx_word' id='word_1_709' title='bbox 2323 4359 2551 4424; x_wconf 89' lang='lat' dir='ltr'><strong>reversi,</strong></span> <span class='ocrx_word' id='word_1_710' title='bbox 2581 4359 2734 4428; x_wconf 82' lang='lat' dir='ltr'><strong>quasi</strong></span> <span class='ocrx_word' id='word_1_711' title='bbox 2768 4359 2818 4412; x_wconf 89' lang='lat' dir='ltr'><strong>in</strong></span> <span class='ocrx_word' id='word_1_712' title='bbox 2855 4357 3038 4428; x_wconf 86' lang='lat' dir='ltr'><strong>aliquo</strong></span> <span class='ocrx_word' id='word_1_713' title='bbox 3073 4357 3214 4412; x_wconf 87' lang='lat' dir='ltr'><strong>bello</strong></span> <span class='ocrx_word' id='word_1_714' title='bbox 3247 4356 3474 4426; x_wconf 81' lang='lat' dir='ltr'><strong>egregie</strong></span> 
     </span>
    </p>
   </div>
   <div class='ocr_carea' id='block_1_98' title="bbox 1833 4441 3462 4524">
    <p class='ocr_par' dir='ltr' id='par_1_98' title="bbox 1833 4441 3462 4524">
     <span class='ocr_line' id='line_1_99' title="bbox 1833 4441 3462 4524; baseline -0.005 -16"><span class='ocrx_word' id='word_1_715' title='bbox 1833 4441 1876 4496; x_wconf 75' lang='grc' dir='ltr'><strong>υ</strong></span> <span class='ocrx_word' id='word_1_716' title='bbox 1903 4466 2024 4508; x_wconf 85' lang='lat' dir='ltr'><strong>sese</strong></span> <span class='ocrx_word' id='word_1_717' title='bbox 2065 4454 2383 4524; x_wconf 86' lang='lat' dir='ltr'><strong>gessissent,</strong></span> <span class='ocrx_word' id='word_1_718' title='bbox 2415 4453 2485 4508; x_wconf 88' lang='lat' dir='ltr'><strong>ab</strong></span> <span class='ocrx_word' id='word_1_719' title='bbox 2539 4467 2603 4506; x_wconf 92' lang='lat' dir='ltr'><strong>eo</strong></span> <span class='ocrx_word' id='word_1_720' title='bbox 2653 4451 3028 4504; x_wconf 80' lang='lat' dir='ltr'><strong>amantissime</strong></span> <span class='ocrx_word' id='word_1_721' title='bbox 3069 4449 3281 4517; x_wconf 76' lang='lat' dir='ltr'><strong>excepti</strong></span> <span class='ocrx_word' id='word_1_722' title='bbox 3309 4453 3462 4510; x_wconf 85' lang='lat' dir='ltr'><strong>sunt,</strong></span> 
     </span>
    </p>
   </div>
   <div class='ocr_carea' id='block_1_99' title="bbox 1903 4541 3474 4617">
    <p class='ocr_par' dir='ltr' id='par_1_99' title="bbox 1903 4541 3474 4617">
     <span class='ocr_line' id='line_1_100' title="bbox 1903 4541 3474 4617; baseline -0.001 -21"><span class='ocrx_word' id='word_1_723' title='bbox 1903 4545 2224 4615; x_wconf 84' lang='lat' dir='ltr'><strong>quibuscum</strong></span> <span class='ocrx_word' id='word_1_724' title='bbox 2268 4557 2530 4617; x_wconf 82' lang='lat' dir='ltr'><strong>tyrannus</strong></span> <span class='ocrx_word' id='word_1_725' title='bbox 2567 4545 2637 4600; x_wconf 87' lang='lat' dir='ltr'><strong>ad</strong></span> <span class='ocrx_word' id='word_1_726' title='bbox 2695 4544 2895 4598; x_wconf 87' lang='lat' dir='ltr'><strong>lautam</strong></span> <span class='ocrx_word' id='word_1_727' title='bbox 2947 4555 3188 4596; x_wconf 88' lang='lat' dir='ltr'><strong>mensam</strong></span> <span class='ocrx_word' id='word_1_728' title='bbox 3249 4541 3474 4606; x_wconf 83' lang='lat' dir='ltr'><strong>sedens,</strong></span> 
     </span>
    </p>
   </div>
   <div class='ocr_carea' id='block_1_100' title="bbox 1906 4617 3478 4702">
    <p class='ocr_par' dir='ltr' id='par_1_100' title="bbox 1906 4617 3478 4702">
     <span class='ocr_line' id='line_1_101' title="bbox 1906 4617 3478 4702; baseline -0.004 -14"><span class='ocrx_word' id='word_1_729' title='bbox 1906 4633 2258 4702; x_wconf 82' lang='lat' dir='ltr'><strong>multiplicem</strong></span> <span class='ocrx_word' id='word_1_730' title='bbox 2293 4634 2468 4688; x_wconf 86' lang='lat' dir='ltr'><strong>sancti</strong></span> <span class='ocrx_word' id='word_1_731' title='bbox 2500 4617 2730 4688; x_wconf 85' lang='lat' dir='ltr'><strong>mortem</strong></span> <span class='ocrx_word' id='word_1_732' title='bbox 2774 4631 3066 4694; x_wconf 85' lang='lat' dir='ltr'><strong>audiendo,</strong></span> <span class='ocrx_word' id='word_1_733' title='bbox 3101 4629 3478 4683; x_wconf 76' lang='lat' dir='ltr'><strong>vehementer-</strong></span> 
     </span>
    </p>
   </div>
   <div class='ocr_carea' id='block_1_101' title="bbox 1902 4726 2817 4797">
    <p class='ocr_par' dir='ltr' id='par_1_101' title="bbox 1902 4726 2817 4797">
     <span class='ocr_line' id='line_1_102' title="bbox 1902 4726 2817 4797; baseline -0.002 -17"><span class='ocrx_word' id='word_1_734' title='bbox 1902 4742 2010 4797; x_wconf 90' lang='lat' dir='ltr'><strong>que</strong></span> <span class='ocrx_word' id='word_1_735' title='bbox 2032 4728 2256 4782; x_wconf 88' lang='lat' dir='ltr'><strong>ridendo</strong></span> <span class='ocrx_word' id='word_1_736' title='bbox 2283 4742 2404 4782; x_wconf 87' lang='lat' dir='ltr'><strong>sese</strong></span> <span class='ocrx_word' id='word_1_737' title='bbox 2427 4726 2817 4781; x_wconf 80' lang='lat' dir='ltr'><strong>dedecorabat.</strong></span> 
     </span>
    </p>
   </div>
   <div class='ocr_carea' id='block_1_102' title="bbox 1977 4809 3480 4886">
    <p class='ocr_par' dir='ltr' id='par_1_102' title="bbox 1977 4809 3480 4886">
     <span class='ocr_line' id='line_1_103' title="bbox 1977 4809 3480 4886; baseline -0.006 -16"><span class='ocrx_word' id='word_1_738' title='bbox 1977 4815 2148 4870; x_wconf 81' lang='lat' dir='ltr'><strong>Porro</strong></span> <span class='ocrx_word' id='word_1_739' title='bbox 2171 4827 2394 4871; x_wconf 88' lang='lat' dir='ltr'><strong>sanctus</strong></span> <span class='ocrx_word' id='word_1_740' title='bbox 2427 4816 2520 4870; x_wconf 90' lang='lat' dir='ltr'><strong>Dei</strong></span> <span class='ocrx_word' id='word_1_741' title='bbox 2564 4825 2772 4886; x_wconf 83' lang='lat' dir='ltr'><strong>martyr</strong></span> <span class='ocrx_word' id='word_1_742' title='bbox 2807 4814 3116 4882; x_wconf 86' lang='lat' dir='ltr'><strong>Stephanus</strong></span> <span class='ocrx_word' id='word_1_743' title='bbox 3147 4809 3282 4864; x_wconf 90' lang='lat' dir='ltr'><strong>obiit</strong></span> <span class='ocrx_word' id='word_1_744' title='bbox 3307 4809 3480 4878; x_wconf 79' lang='lat' dir='ltr'><strong>quin-</strong></span> 
     </span>
    </p>
   </div>
   <div class='ocr_carea' id='block_1_103' title="bbox 1903 4897 3474 4976">
    <p class='ocr_par' dir='ltr' id='par_1_103' title="bbox 1903 4897 3474 4976">
     <span class='ocr_line' id='line_1_104' title="bbox 1903 4897 3474 4976; baseline -0.003 -16"><span class='ocrx_word' id='word_1_745' title='bbox 1903 4908 2220 4976; x_wconf 75' lang='lat' dir='ltr'><strong>quagesimo</strong></span> <span class='ocrx_word' id='word_1_746' title='bbox 2256 4909 2418 4962; x_wconf 90' lang='lat' dir='ltr'><strong>tertio</strong></span> <span class='ocrx_word' id='word_1_747' title='bbox 2453 4921 2566 4960; x_wconf 72' lang='lat' dir='ltr'><strong>sua:</strong></span> <span class='ocrx_word' id='word_1_748' title='bbox 2612 4907 2790 4960; x_wconf 68' lang='lat' dir='ltr'><strong>anatis</strong></span> <span class='ocrx_word' id='word_1_749' title='bbox 2817 4921 2983 4968; x_wconf 88' lang='lat' dir='ltr'><strong>anno,</strong></span> <span class='ocrx_word' id='word_1_750' title='bbox 3029 4917 3214 4958; x_wconf 89' lang='lat' dir='ltr'><strong>mense</strong></span> <span class='ocrx_word' id='word_1_751' title='bbox 3242 4897 3474 4956; x_wconf 80' lang='lat' dir='ltr'><strong>Novem-</strong></span> 
     </span>
    </p>
   </div>
   <div class='ocr_carea' id='block_1_104' title="bbox 1903 4993 3478 5068">
    <p class='ocr_par' dir='ltr' id='par_1_104' title="bbox 1903 4993 3478 5068">
     <span class='ocr_line' id='line_1_105' title="bbox 1903 4993 3478 5068; baseline -0.004 -14"><span class='ocrx_word' id='word_1_752' title='bbox 1903 4999 2010 5061; x_wconf 79' lang='lat' dir='ltr'><strong>bri,</strong></span> <span class='ocrx_word' id='word_1_753' title='bbox 2041 5001 2128 5054; x_wconf 87' lang='lat' dir='ltr'><strong>die</strong></span> <span class='ocrx_word' id='word_1_754' title='bbox 2155 4999 2417 5068; x_wconf 78' lang='lat' dir='ltr'><strong>vigesima</strong></span> <span class='ocrx_word' id='word_1_755' title='bbox 2449 5007 2664 5064; x_wconf 76' lang='lat' dir='ltr'><strong>octava,</strong></span> <span class='ocrx_word' id='word_1_756' title='bbox 2710 5013 2816 5068; x_wconf 87' lang='lat' dir='ltr'><strong>qua</strong></span> <span class='ocrx_word' id='word_1_757' title='bbox 2845 4997 3168 5052; x_wconf 86' lang='lat' dir='ltr'><strong>elementum</strong></span> <span class='ocrx_word' id='word_1_758' title='bbox 3203 4995 3405 5052; x_wconf 82' lang='lat' dir='ltr'><strong>litterae</strong></span> <span class='ocrx_word' id='word_1_759' title='bbox 3431 4993 3478 5048; x_wconf 71' lang='grc' dir='ltr'><strong>Β</strong></span> 
     </span>
    </p>
   </div>
   <div class='ocr_carea' id='block_1_105' title="bbox 1499 5265 2165 5322">
    <p class='ocr_par' dir='ltr' id='par_1_105' title="bbox 1499 5265 2165 5322">
     <span class='ocr_line' id='line_1_106' title="bbox 1499 5265 2165 5322; baseline 0.006 -5"><span class='ocrx_word' id='word_1_760' title='bbox 1499 5265 1728 5319; x_wconf 68' lang='lat' dir='ltr'><strong>VARUS</strong></span> <span class='ocrx_word' id='word_1_761' title='bbox 1766 5265 2165 5322; x_wconf 74' lang='lat' dir='ltr'><strong>LECTIONES.</strong></span> 
     </span>
    </p>
   </div>
   <div class='ocr_carea' id='block_1_106' title="bbox 301 5395 724 5451">
    <p class='ocr_par' dir='ltr' id='par_1_106' title="bbox 301 5395 724 5451">
     <span class='ocr_line' id='line_1_107' title="bbox 301 5395 724 5451; baseline 0 -1"><span class='ocrx_word' id='word_1_762' title='bbox 301 5403 324 5437; x_wconf 75' lang='grc' dir='ltr'><em>τ</em></span> <span class='ocrx_word' id='word_1_763' title='bbox 355 5396 428 5451; x_wconf 88' lang='lat' dir='ltr'><strong>al.</strong></span> <span class='ocrx_word' id='word_1_764' title='bbox 455 5395 724 5450; x_wconf 81' lang='grc' dir='ltr'>ἐλάκισεν.</span> 
     </span>
    </p>
   </div>
   <div class='ocr_carea' id='block_1_107' title="bbox 804 5396 2456 5478">
    <p class='ocr_par' dir='ltr' id='par_1_107' title="bbox 804 5396 2456 5478">
     <span class='ocr_line' id='line_1_108' title="bbox 804 5396 2456 5478; baseline 0.007 -28"><span class='ocrx_word' id='word_1_765' title='bbox 804 5405 826 5433; x_wconf 84' lang='grc'><strong><em>⁸</em></strong></span> <span class='ocrx_word' id='word_1_766' title='bbox 866 5397 934 5451; x_wconf 87' lang='lat' dir='ltr'><strong>al.</strong></span> <span class='ocrx_word' id='word_1_767' title='bbox 965 5396 1369 5468; x_wconf 81' lang='grc' dir='ltr'>συμπίπτοντα.</span> <span class='ocrx_word' id='word_1_768' title='bbox 1458 5397 1472 5434; x_wconf 71' lang='grc'><strong><em>⁵</em></strong></span> <span class='ocrx_word' id='word_1_769' title='bbox 1501 5399 1704 5473; x_wconf 72' lang='lat' dir='ltr'><strong>Regius</strong></span> <span class='ocrx_word' id='word_1_770' title='bbox 1731 5403 1915 5458; x_wconf 78' lang='lat' dir='ltr'><strong>Codex</strong></span> <span class='ocrx_word' id='word_1_771' title='bbox 1941 5421 2042 5458; x_wconf 92' lang='lat' dir='ltr'><strong>non</strong></span> <span class='ocrx_word' id='word_1_772' title='bbox 2073 5405 2236 5460; x_wconf 78' lang='lat' dir='ltr'><strong>habet</strong></span> <span class='ocrx_word' id='word_1_773' title='bbox 2263 5408 2456 5478; x_wconf 83' lang='grc' dir='ltr'>τρίτῳ.</span> 
     </span>
    </p>
   </div>
   <div class='ocr_carea' id='block_1_108' title="bbox 1717 5515 1948 5597">
    <p class='ocr_par' dir='ltr' id='par_1_108' title="bbox 1717 5515 1948 5597">
     <span class='ocr_line' id='line_1_109' title="bbox 1717 5515 1948 5597; baseline 0.009 -25"><span class='ocrx_word' id='word_1_774' title='bbox 1717 5515 1948 5597; x_wconf 70' lang='lat' dir='ltr'><strong>Now.</strong></span> 
     </span>
    </p>
   </div>
   <div class='ocr_carea' id='block_1_109' title="bbox 301 5643 3468 5731">
    <p class='ocr_par' dir='ltr' id='par_1_109' title="bbox 301 5643 3468 5731">
     <span class='ocr_line' id='line_1_110' title="bbox 301 5643 3468 5731; baseline 0.001 -18"><span class='ocrx_word' id='word_1_775' title='bbox 301 5643 414 5718; x_wconf 65' lang='grc'><strong>(9⁷)</strong></span> <span class='ocrx_word' id='word_1_776' title='bbox 453 5648 604 5731; x_wconf 63' lang='grc' dir='ltr'><strong>Βίξρς</strong></span> <span class='ocrx_word' id='word_1_777' title='bbox 655 5653 870 5719; x_wconf 75' lang='grc' dir='ltr'>τόπον,</span> <span class='ocrx_word' id='word_1_778' title='bbox 926 5653 1098 5708; x_wconf 88' lang='lat' dir='ltr'><strong>forum</strong></span> <span class='ocrx_word' id='word_1_779' title='bbox 1144 5663 1262 5710; x_wconf 79' lang='lat' dir='ltr'><strong>erat</strong></span> <span class='ocrx_word' id='word_1_780' title='bbox 1315 5652 1714 5725; x_wconf 69' lang='lat' dir='ltr'><strong>Constantinop.</strong></span> <span class='ocrx_word' id='word_1_781' title='bbox 1765 5675 1794 5712; x_wconf 89' lang='lat' dir='ltr'><strong>a</strong></span> <span class='ocrx_word' id='word_1_782' title='bbox 1837 5661 1971 5718; x_wconf 69' lang='lat' dir='ltr'><strong>bove</strong></span> <span class='ocrx_word' id='word_1_783' title='bbox 2035 5678 2175 5721; x_wconf 68' lang='grc' dir='ltr'>τοι·οο</span> <span class='ocrx_word' id='word_1_784' title='bbox 2227 5663 2307 5722; x_wconf 82' lang='lat' dir='ltr'><strong>sic</strong></span> <span class='ocrx_word' id='word_1_785' title='bbox 2365 5663 2590 5722; x_wconf 80' lang='lat' dir='ltr'><strong>dictum.</strong></span> <span class='ocrx_word' id='word_1_786' title='bbox 2638 5661 2770 5718; x_wconf 73' lang='lat' dir='ltr'><strong>Vide</strong></span> <span class='ocrx_word' id='word_1_787' title='bbox 2821 5661 3226 5731; x_wconf 70' lang='lat' dir='ltr'><strong>Constantinap.</strong></span> <span class='ocrx_word' id='word_1_788' title='bbox 3273 5659 3468 5727; x_wconf 61' lang='lat' dir='ltr'><strong>Christ.</strong></span> 
     </span>
    </p>
   </div>
   <div class='ocr_carea' id='block_1_110' title="bbox 225 5714 590 5788">
    <p class='ocr_par' dir='ltr' id='par_1_110' title="bbox 225 5714 590 5788">
     <span class='ocr_line' id='line_1_111' title="bbox 225 5714 590 5788; baseline 0.005 -18"><span class='ocrx_word' id='word_1_789' title='bbox 225 5714 322 5772; x_wconf 80' lang='lat' dir='ltr'><strong>lib.</strong></span> <span class='ocrx_word' id='word_1_790' title='bbox 354 5714 403 5781; x_wconf 54' lang='grc' dir='ltr'><strong>ιζ</strong></span> <span class='ocrx_word' id='word_1_791' title='bbox 430 5734 481 5788; x_wconf 90' lang='lat' dir='ltr'><strong>p.</strong></span> <span class='ocrx_word' id='word_1_792' title='bbox 520 5714 590 5776; x_wconf 62' lang='lat'><strong>82</strong></span> 
     </span>
    </p>
   </div>
  </div>
