3942 6218
217 345 253 414 Ῑ
268 345 366 413 181

1307 345 1483 408 VITA
1521 347 1583 408 S.
1626 344 2003 408 STEPHANI
2041 341 2423 406 JUNIORIS-

3341 321 3478 390 1182

301 458 411 512 Τοῦ
447 457 561 528 γὰρ
603 443 1178 528 προμνημονευθίντος
1213 456 1505 528 μειρακίου
1542 450 1804 524 Στεφανί-

1982 450 2334 522 Stephanitae
2381 448 2470 502 ille
2497 445 2833 507 adolescens,
2873 455 3031 512 quem
3079 451 3239 509 supra
3269 447 3477 490 memo-

217 563 323 606 eoa
352 551 435 612 εἰς
459 548 657 618 μέτρον
687 537 908 617 ἧλικίας
934 547 1299 616 πεφθακότος,
1331 547 1484 618 ἠξίου
1515 547 1606 601 τὸν
1635 547 1804 602 αὑτοῦ

221 639 537 712 ἡγούμενον
565 639 664 711 τὴν
686 638 780 691 τοῦ
805 639 1054 692 διακόνου
1083 639 1268 692 λαϐεῖν
1298 639 1657 709 χειροτονίαν.
1695 636 1804 692 Τοῦ

219 731 284 785 δὲ
323 728 815 799 ὃιαναϐαλλομένου
836 729 926 783 διὰ
953 728 1014 781 τὸ
1039 728 1160 783 νέον
1189 723 1330 781 εῐναι
1355 727 1546 782 τοῦτον
1578 717 1801 799 ἀκμὴν,

221 822 292 875 οὗ
327 823 439 891 μὴν
459 816 596 874 ἀλλά
625 819 718 874 καὶ
745 819 828 872 ὅτι
850 817 1145 884 ἐγίνωσκεν
1166 817 1236 871 τὰ
1257 818 1379 872 κατ’
1413 817 1594 882 αὑτὸν,
1619 820 1686 872 ὲκ
1710 816 1804 870 τοῦ

225 912 298 964 ὲκ
321 911 526 980 νεαρᾶς
547 909 764 981 ἡλικίας
795 911 853 962 ὲν
867 911 993 971 ’ταῖς
1024 909 1212 979 χερσὶν
1263 906 1430 960 αὑτοῦ
1460 906 1650 960 τοῦτον
1671 909 1806 961 ἀνα-

223 1002 511 1072 τραφῆναι
533 1017 546 1032 ο
569 997 858 1070 ἀποτυχὼν
876 999 976 1068 τῆς
1003 999 1244 1068 αίτήσεω
1255 1014 1294 1062 ς,
1329 997 1424 1049 καὶ
1449 997 1540 1048 τὸν
1561 995 1805 1066 ἡγούμε-

223 1109 324 1146 νον
355 1091 888 1160 ἑπαπειλησάμενος,
922 1089 984 1142 τὸ
1012 1087 1356 1160 λαρνακίδιον
1378 1128 1412 1155 ,,
1447 1089 1506 1140 ὲν
1529 1079 1572 1154 ᾧ
1595 1081 1664 1156 ἦν
1702 1085 1798 1139 τοῦ

227 1183 392 1250 ἁγίου
427 1181 494 1234 τὸ
511 1180 780 1250 λείψανον,
813 1177 1116 1246 κεκλοφὼς,
1149 1179 1229 1241 είς
1283 1179 1353 1231 τὰ
1399 1177 1644 1248 βασίλεια
1689 1181 1802 1229 εἱσ-

224 1273 530 1343 επήδησεν,
563 1268 927 1338 ἀπαγγέλλων
963 1267 1040 1338 τῷ
1058 1269 1307 1340 τυράννῳ
1337 1269 1400 1322 τδ
1423 1269 1610 1338 δρᾶμα
1632 1283 1646 1298 ⁸
1693 1268 1800 1330 ὃτι,

223 1364 416 1431 φησιν,
451 1361 512 1415 '0
542 1361 662 1413 κατ’
695 1361 799 1429 ἐμὲ·
843 1357 1166 1429 ἡγούμενος,
1209 1360 1321 1412 τῶν
1385 1359 1492 1411 ὑπὸ
1537 1355 1632 1411 σοῦ
1703 1375 1804 1426 φο-
1831 1369 1842 1381 “

179 1481 205 1530 ι.
224 1455 544 1519 γευομένων
571 1449 784 1522 ἐχθρῶν
809 1449 880 1502 τά
903 1450 1036 1530 ὀστᾶ
1074 1448 1398 1520 προσκυνῶν
1427 1449 1614 1516 ἁγίους
1661 1449 1801 1503 ἀπο-

198 1525 405 1603 ικαλεῖ,
425 1547 522 1599 καὶ
542 1545 602 1598 σὲ
633 1545 894 1612 τύραννον
915 1525 1009 1596 καί
1026 1543 1144 1598 νέον
1177 1543 1464 1598 ἰουλιανὸν
1488 1544 1802 1616 ἀποκηρύτ-

199 1641 330 1699 ’τει,
359 1638 460 1690 σὺν
494 1636 572 1707 τῷ
606 1635 940 1708 ὲξορισθέντι
965 1634 1226 1705 Θεοδώρῳ
1251 1635 1351 1705 τῆς
1378 1635 1664 1705 Δαλμάτου
1694 1645 1712 1665 ·
1742 1637 1802 1688 ἐν

225 1728 473 1796 Σικελίᾳ.
512 1727 572 1781 '0
619 1726 677 1779 δὲ
725 1725 989 1798 τύραννος
1044 1724 1356 1796 ύπερζὲσας
1382 1726 1460 1797 τῷ
1505 1727 1682 1798 θυμῷ,
1712 1743 1803 1780 κε-

227 1818 374 1872 λεύει
401 1815 648 1888 παρευθὺ
666 1817 756 1870 τὸν
797 1817 899 1888 μὲν
918 1809 1220 1886 ἡγούμενον
1251 1817 1310 1869 ἐν
1337 1817 1680 1887 χειροπέδαις
1705 1817 1801 1871 ἐπὶ

223 1913 324 1976 τῆς
352 1910 577 1980 εἱρκτῆς
597 1906 1000 1977 ὲγκλεισθῆναι,
1017 1907 1111 1960 τὸν
1137 1907 1194 1960 δὲ
1211 1907 1488 1978 Θεόδωρον
1508 1907 1589 1976 τῷ
1642 1909 1802 1978 τάχει

225 2001 293 2052 ὲκ
313 1999 566 2063 Σικελίας
599 1997 1021 2068 ἑπανακάμψαι,
1042 1996 1182 2068 πρὸς
1200 1996 1262 2064 ab
1281 1996 1469 2050 δοῦναι
1501 1997 1658 2062 δίκας
1705 1997 1798 2051 τοῦ

222 2090 611 2159 τολμήματος·
661 2083 1040 2158 παραγγείλας
1077 2084 1156 2154 τῷ
1202 2085 1402 2148 αὐτοὺς
1437 2084 1732 2156 παραδόντι
1771 2085 1802 2126 ι)
1837 2115 1846 2129 ι

219 2179 502 2250 ἐπιμελῶς
533 2176 767 2250 φυλάξαι
794 2176 858 2230 τὸ
884 2174 1256 2246 λαρνακίδιον,
1279 2175 1387 2240 ἕως
1417 2177 1516 2248 τῆς
1545 2177 1654 2233 τῶν
1686 2179 1799 2248 ἀμ-

221 2271 478 2341 φοτέρων
503 2267 728 2338 αύτοψεὶ
749 2265 1037 2336 ἔλέγξεως.
1067 2262 1201 2320 Εἶτα
1240 2266 1334 2320 τοῦ
1369 2267 1559 2338 ἀνδρὸς
1600 2269 1804 2322 ἐπανα-

221 2358 571 2433 κάμψαντος,
617 2359 711 2414 καὶ
735 2358 834 2430 τὴν
876 2356 1274 2428 βασιλεύουσαν
1306 2357 1729 2424 καταλαϐόντος,
1774 2359 1804 2412 ό

225 2453 490 2524 βασιλεὺς
538 2453 632 2506 τὸν
665 2451 930 2521 προδότην
979 2451 1142 2521 μόνον
1193 2449 1660 2522 προσλαϐόμενος,
1709 2448 1806 2502 καὶ

221 2544 418 2599 τοῦτον
440 2543 510 2598 τὰ
532 2541 675 2596 κατὰ
690 2543 817 2606 τοὺς
838 2539 1082 2603 δικαίους
1096 2539 1298 2610 ἀνδρας
1314 2538 1552 2605 διδάξας,
1571 2539 1804 2611 φέροντα

226 2639 312 2701 εἰς
352 2636 644 2706 πρόσωπον
691 2635 787 2688 καὶ
829 2631 894 2687 τὸ
933 2630 1302 2704 λαρνακίδιον,
1321 2629 1592 2684 ἀπέλυσεν
1607 2631 1802 2685 αὐτόν·

226 2731 298 2799 τῇ
332 2727 391 2780 δὲ
422 2725 680 2798 ἐπαύριον
734 2723 857 2778 κατ’
893 2721 1018 2794 δψιν
1049 2721 1146 2777 τοῦ
1177 2723 1444 2794 τυράννου
1483 2722 1799 2792 παραστάν⁹

224 2837 342 2873 των
370 2827 398 2858 ⁸
426 2817 541 2872 τῶν
564 2815 753 2888 τριιῖιν,
778 2815 1062 2888 διήλεγχεν
1084 2816 1114 2870 ὁ
1143 2815 1407 2886 προδότης
1435 2814 1530 2869 ἐπὶ
1559 2813 1802 2882 πάντων,

227 2912 323 2965 τόν
353 2928 412 2964 τε
427 2911 733 2981 ἡγούμενον
781 2910 875 2963 καί
900 2907 993 2962 τὸν
1026 2907 1250 2980 θεοφιλῆ
1285 2907 1586 2980 Θεόδωρον,
1614 2909 1714 2981 τήν
1743 2925 1805 2962 τε

227 3001 383 3072 ὥραν
419 3003 507 3055 καὶ
539 2999 754 3070 ἡμέραν
781 2997 962 3052 καὶτὸ
993 2997 1313 3068 ᾑμαγμένον
1339 2997 1662 3070 ἐγχειρίδιον
1707 2998 1808 3051 σὺν

225 3095 309 3164 τῷ
341 3091 577 3163 λειψάνῳ
604 3089 980 3162 προδεικνύειν
1007 3087 1059 3154 ἀ,
1089 3090 1139 3141 εί
1167 3088 1228 3141 οὐ
1257 3087 1558 3153 πείθονται,
1591 3087 1800 3158 ἔλεγεν.

227 3183 354 3238 Τῶν
387 3182 446 3237 δὲ
473 3181 736 3251 θεοφιλῶν
765 3180 990 3234 ἐκείνων
1011 3179 1220 3250 ἀνδρῶν
1247 3179 1476 3250 ἄρνησιν
1511 3179 1805 3234 ἀναλαϐόν-

224 3295 358 3343 των,
383 3275 808 3350 προσεποιοῦντο
837 3274 1007 3346 μηδὲν
1034 3274 1234 3346 ἀληθὲς
1260 3267 1399 3326 εἶναι
1434 3271 1543 3328 τῶν
1573 3271 1802 3342 λεγομέ-

225 3383 365 3422 νωνο
386 3367 484 3422 τοῦ
507 3366 563 3420 δὲ
587 3365 852 3437 βασιλέως
873 3365 1011 3436 πρὸς
1041 3365 1135 3418 τὸν
1177 3363 1454 3434 προδότην
1467 3363 1803 3434 κεκραγότος

227 3455 305 3516 είς
336 3451 560 3522 ἔλεγχον
586 3453 840 3506 ἐκϐαλεῖν
877 3463 902 3492 ο
938 3452 1000 3506 τὸ
1033 3451 1401 3522 λαρνακίδιον,
1447 3451 1586 3523 ὅπερ
1615 3451 1804 3506 διατα-

194 3544 201 3549 ’
229 3545 382 3615 χ’ῖεις
409 3543 752 3614 ἀπέκρυψεν,
779 3543 876 3598 τοῦ
915 3543 1088 3607 δεῖξαι
1123 3541 1280 3596 τοῦτο
1321 3543 1404 3606 είς
1449 3541 1670 3613 ἔλεγχον
1691 3560 1707 3575 ο
1735 3538 1805 3614 ἦν

230 3635 360 3687 ίδεῖν
394 3632 693 3702 παράδοξον
727 3633 930 3702 θέαμα,
959 3633 1020 3686 ὲν
1065 3635 1198 3704 ῥιπῇ
1231 3633 1439 3701 ἀφανὲς
1461 3631 1619 3687 τοῦτο
1647 3633 1805 3702 γενέ-

231 3724 380 3790 σθαι,
439 3723 536 3777 καὶ
598 3724 675 3794 μὴ
724 3723 1075 3794 εὑρίσκεσθαι
1109 3723 1212 3786 ἕως
1256 3724 1356 3794 τῆς
1408 3725 1672 3796 σήμερον.
1714 3727 1806 3780 Ἐν

227 3816 402 3888 τούτῳ
428 3817 756 3886 πλειοτέρως
789 3815 1208 3886 καταισχυνθεὶς
1257 3818 1287 3868 ό
1321 3817 1676 3888 πολύμορφος
1704 3817 1802 3871 τύ-

233 3925 446 3980 ραννος,
495 3909 592 3962 καὶ
627 3909 931 3976 καταγνοὺς
962 3908 1036 3978 μή
1066 3924 1186 3970 πως
1222 3907 1442 3979 γνωσθῇ
1469 3909 1532 3962 τὺ
1559 3909 1805 3965 τοιοῦτον

231 3999 417 4068 θαῦμα
469 3998 624 4068 παρά
650 3998 760 4052 τῶν
797 3999 817 4038 ί
872 3997 1182 4063 Βυζαντίων
1259 4002 1394 4067 (τοῖς
1429 4000 1539 4072 γὰρ
1590 4001 1807 4064 πολλοῖς

233 4093 386 4160 ἆγιος
409 4089 746 4158 ὠνομάζετο,
778 4092 872 4144 καὶ
915 4091 1288 4162 ὲγνωρίζετο),
1319 4089 1550 4145 τούνεκα
1583 4091 1680 4146 τὸν
1710 4095 1802 4163 ἐχ-

233 4182 361 4251 θρὸν
389 4184 598 4236 ἐκεῖνον
631 4181 727 4235 καὶ
757 4180 1030 4252 προδότην
1067 4181 1207 4252 μετά
1229 4181 1470 4253 δαρμοὺς
1492 4183 1804 4254 ἀφορήτους

233 4275 510 4346 ἐξόριστον
555 4275 637 4336 είς
667 4273 946 4343 ἀλλοδαπῆ
996 4273 1184 4345 χώραν
1214 4274 1550 4344 πεποίηκενο
1591 4277 1719 4340 τοὺς
1745 4276 1804 4330 δὲ

228 4367 447 4436 τιμίους
468 4365 666 4436 ἄνδρας
696 4365 790 4442 καὶ
824 4365 900 4436 μὴ
923 4365 1246 4437 βουλόμενος
1275 4367 1387 4430 τοῖς
1411 4367 1638 4431 οἰκείοις
1695 4371 1804 4424 ἀπ-

1910 545 2052 608 ravi,
2089 556 2328 608 congrua
2367 548 2529 593 atate
2575 544 2893 608 provectus,
2946 546 3102 586 suunt
3153 527 3476 599 przefectum
3521 579 3527 598 ι

1906 636 2140 701 rogavit,
2201 641 2259 686 ιιι
2308 630 2520 686 diaconi
2565 627 2728 700 52E.
2771 627 3017 682 ordinem
3069 621 3320 690 accipere
3371 613 3476 670 sibi

1905 731 2267 801 permitteret.
2291 728 2444 796 Quod
2471 739 2592 780 cunt
2630 722 2875 776 differret
2905 717 3218 786 prazfectus,
3239 725 3305 766 eo
3333 707 3478 778 quod

1904 826 2082 878 adhuc
2101 823 2317 893 juvenis
2349 829 2490 882 erat,
2546 817 2761 882 sibique
2807 809 3013 879 optime
3060 815 3242 868 notus,
3282 806 3473 869 utpote

1905 930 2066 982 quem
2091 931 2120 968 a
2157 927 2340 968 tenera
2365 920 2524 966 aetate
2563 906 2792 1004 propri‘is
2832 901 3081 956 manibus
3098 895 3468 949 educaverat:

2304 1002 2316 1004 ‘
2766 994 2778 1004 ·
2922 999 2934 1004 -
2983 999 2994 1004 -
3090 1003 3105 1004 η
3140 985 3344 1004 .-_'--.-
3377 979 3448 1004 ...2

1905 979 1995 1060 ille
2012 1005 2274 1074 petitione
2294 1002 2610 1057 frustratus,
2635 979 3065 1063 pos'tintentatas
3087 985 3346 1056 praelecto
3377 979 3448 1034 uti

1907 1071 2282 1164 uas,capsam,
2301 1107 2419 1161 qua:
2445 1091 2616 1144 sancti
2637 1083 2901 1154 Stephani
2931 1078 3190 1147 reliquias
3218 1071 3476 1161 contine-

1905 1186 2015 1244 bat.
2051 1150 2259 1238 furatus
2301 1150 2405 1244 est,
2443 1189 2606 1246 atque
2647 1177 2698 1228 in
2741 1150 2923 1226 aulam
2975 1150 3474 1233 imperatoris'cu-

1905 1271 2098 1334 currit,
2169 1269 2375 1323 factum
2413 1278 2644 1337 tyranno
2699 1261 3096 1315 declaraturus.
3134 1249 3283 1304 Meus
3332 1257 3475 1314 prte-

1905 1362 2098 1426 fectus,
2135 1360 2328 1428 inquit,
2353 1373 2385 1410 o
2408 1358 2726 1425 imperator,
2757 1348 3122 1406 inimicorum,
3156 1351 3292 1408 quos
3326 1331 3468 1387 mori

1896 1452 2132 1522 jussisti,
2165 1466 2288 1506 ossa
2320 1451 2532 1506 adorat,
2578 1457 2783 1512 eosque
2835 1448 3053 1494 sanctos
3097 1431 3333 1502 appellat
3365 1443 3382 1480 :
3421 1433 3476 1478 te

1903 1561 2036 1599 vero
2069 1551 2430 1614 tyrannumet
2459 1553 2655 1591 novum
2683 1534 2957 1590 Juliauum
3009 1541 3132 1580 esse
3177 1521 3465 1590 praedicat,

1903 1652 2025 1690 cum
2058 1611 2342 1688 Theodoro
2392 1629 2646 1692 Dalmati,
2699 1638 2860 1692 quem
2895 1621 2948 1674 in
2983 1616 3231 1672 Siciliam
3267 1611 3474 1679 relega-

1905 1729 1998 1783 sti.
2025 1726 2230 1792 Quibus
2281 1725 2358 1778 ira
2401 1724 2654 1777 incensus
2707 1727 2990 1786 tyrannus,
3024 1710 3210 1764 statim
3245 1707 3482 1772 imperat

1835 1789 1876 1842 Β
1907 1821 2220 1888 prazfectum
2255 1815 2480 1870 manicis
2529 1815 2766 1865 vinctum
2806 1807 2858 1860 in
2917 1811 3197 1856 carcerem
3237 1791 3466 1854 includi,

1905 1904 2248 1963 Theodorum
2291 1921 2420 1960 vero
2451 1903 2704 1959 celeriter
2729 1915 2758 1954 e
2789 1897 2976 1952 Sicilia
3002 1892 3322 1958 remigrare,
3357 1896 3473 1952 pte-

1905 2010 2004 2048 nas
2030 1994 2285 2047 facinoris
2305 1991 2582 2047 daturum.
2607 1988 2683 2042 Illi
2713 2000 2874 2054 porro
2893 1983 2984 2053 qui
3011 1995 3106 2036 eos
3131 1975 3479 2049 prodiderat,“

1903 2100 2124 2154 capsam
2160 2085 2448 2152 diligenter
2484 2079 2902 2141 servaiviubet,
2945 2075 3120 2128 donec
3153 2069 3312 2123 ambo
3343 2079 3476 2134 pro-

1904 2178 2039 2248 priis
2062 2176 2239 2232 oculis
2267 2176 2684 2230 com-ineantur.
2712 2167 2906 2224 Postea
2940 2179 3068 2219 vero
3099 2175 3261 2232 quam
3295 2157 3476 2212 Theo-

1903 2270 2070 2329 dorus
2110 2269 2178 2322 ad
2210 2265 2616 2336 imperatoriam
2651 2263 2838 2316 urbem
2869 2255 3123 2318 accessit,
3175 2251 3484 2320 imperator

1903 2360 2238 2431 proditorem
2283 2355 2458 2412 solum
2483 2353 2800 2422 assumpsit,
2849 2362 3010 2418 quem
3066 2357 3190 2399 cttnt
3237 2355 3297 2394 ea
3355 2351 3483 2406 quae

1905 2429 2167 2504 adversus
2208 2447 2358 2502 viros
2409 2439 2587 2512 iustos
2638 2438 2884 2494 facienda
2947 2445 3104 2492 erant
3171 2429 3476 2492 docuisset,

1903 2541 2154 2595 eumdem
2213 2551 2433 2606 capsam
2491 2544 2617 2588 ante
2669 2533 2868 2587 faciem
2926 2527 3192 2582 ferentem
3243 2519 3475 2577 dimisit.

1907 2632 2070 2704 525
2109 2629 2384 2686 Postridie
2408 2628 2589 2682 tribus
2619 2625 2722 2678 illis
2768 2624 2822 2678 in
2865 2619 3213 2689 imperatoris
3241 2625 3476 2680 conspe-

1905 2702 2052 2780 ctum
2080 2721 2494 2794 prodeuntibus,
2521 2717 2765 2788 proditor
2805 2710 3116 2784 praefectum
3141 2716 3196 2763 et
3221 2706 3367 2774 pium
3395 2702 3482 2757 vi-

1905 2830 2030 2870 rum
2076 2813 2422 2868 Theodorum
2475 2823 2660 2864 coram
2687 2807 2941 2862 omnibus
2973 2799 3270 2862 accusavit,
3312 2806 3482 2864 seque

1907 2910 2118 2974 horam,
2151 2906 2315 2970 diem,
2345 2912 2404 2958 et
2431 2901 2698 2969 sanguine
2728 2900 2955 2954 tinctum
2981 2893 3256 2948 sudarium
3291 2897 3480 2942 osten-

1906 3014 2093 3056 surum
2129 2999 2286 3061 dixit,
2321 2995 2424 3050 nisi
2463 3009 2576 3049 rem
2611 2989 2844 3046 confessi
2882 2987 3102 3042 fuerint.
3145 2982 3298 3050 Quod
3353 2993 3478 3034 cum

1907 3091 2142 3160 religiosi
2183 3088 2285 3143 viri
2327 3086 2482 3141 fateri
2534 3088 2873 3145 recusarent,
2915 3077 3342 3142 siumlarentque
3387 3069 3479 3124 ui-

1909 3182 1984 3237 hil
2011 3195 2200 3236 eorum
2233 3193 2354 3248 quae
2393 3177 2736 3238 dicebautur,
2766 3187 2953 3226 verum
2995 3183 3153 3226 esse:
3185 3167 3481 3234 imperator

1907 3274 1974 3328 ad
1995 3271 2324 3341 proditorem
2377 3265 2652 3328 clamavit,
2681 3271 2738 3316 ut
2765 3260 2996 3333 adillos
3050 3251 3477 3314 convincendos,

1907 3361 2181 3434 capsulam
2217 3359 2492 3421 educeret,
2521 3371 2686 3424 quam
2723 3365 2916 3422 nempe
2949 3351 3018 3404 ob
3049 3351 3188 3404 hanc
3253 3359 3479 3400 causam
3537 3357 3554 3385 κ

1867 3530 1875 3537 _
1901 3455 2086 3526 jussus
2123 3450 2512 3508 occultaverat.
2549 3445 2788 3504 Verum,
2846 3438 3167 3494 admirabile
3199 3435 3298 3489 fuit
3355 3446 3483 3500 spe-

1908 3545 2204 3608 ctaculum,
2239 3541 2384 3596 illam
2419 3543 2696 3594 momento
2743 3533 3052 3594 evanuisse,
3101 3543 3202 3583 nec
3235 3528 3301 3579 ad
3341 3527 3482 3578 hanc

1908 3642 2048 3698 diem
2081 3643 2350 3707 repertam
2383 3647 2526 3688 esse.
2568 3629 2644 3684 Ea
2688 3643 2748 3682 re
2801 3627 2969 3681 multo
3013 3623 3214 3678 rubore
3243 3618 3484 3674 suffusus

1907 3729 2211 3800 rersipellis
2265 3727 2584 3794 imperator,
2636 3720 2840 3774 veritus
2871 3731 2939 3770 ne
2993 3713 3103 3768 tale
3161 3707 3480 3764 miraculum

1907 3795 2222 3894 Byzantinis
2278 3812 2624 3870 manifestum
2681 3807 2833 3864 ﬁeret
2865 3805 3139 3876 (namque
3169 3817 3197 3855 a
3233 3795 3480 3870 plurimis

1906 3890 2127 3968 sanctus
2152 3903 2526 3979 appellabatur
2555 3913 2608 3959 et
2633 3894 3301 3968 noscebatur),inimicum
3329 3890 3480 3944 illum

1907 4013 1963 4062 et
2014 4002 2345 4074 proditorem
2405 3995 2724 4054 verberibus
2773 3989 3132 4045 acerbissime
3163 3999 3363 4036 uestiui
3424 3981 3478 4032 in

1907 4094 2254 4167 peregrinam
2298 4091 2576 4159 regionem
2624 4085 2882 4154 relegavit
2937 4099 2952 4136 :
3005 4081 3302 4134 honoratos
3353 4089 3482 4126 vero

1909 4188 2029 4243 illos
2054 4189 2224 4247 viros,
2278 4182 2524 4251 quamvis
2560 4177 2781 4239 nolens,
2841 4177 2894 4228 in
2955 4171 3175 4242 propria
3216 4163 3481 4227 restituit,

1908 4279 2074 4334 Deum
2107 4277 2158 4330 in
2193 4275 2446 4328 omnibus
2469 4270 2776 4332 laudantes,
2803 4265 2894 4336 qui
2919 4278 3015 4334 per
3037 4277 3194 4319 suum
3231 4268 3482 4314 sanctum

1907 4386 1965 4427 se
1991 4371 2108 4423 sine
2135 4357 2374 4434 pericqu
2411 4361 2639 4416 mirifice
2667 4365 3004 4414 servaverat.

230 4459 617 4529 εκατὲστησεν,
651 4437 976 4522 δοξάζοντας
1003 4457 1096 4512 ἐπὶ
1123 4460 1291 4513 πᾶσιν
1315 4461 1410 4514 τὸν
1435 4459 1588 4526 Θεὸν,
1621 4461 1715 4516 τὸν
1739 4462 1829 4519 διὰ
1867 4463 1962 4520 τοῦ
1991 4459 2150 4531 ἀγίου
2178 4456 2342 4513 αύτοῦ
2374 4452 2960 4528 θαυματουργήσαντα,
3015 4442 3335 4506 ἀκινδύνους
3355 4437 3483 4494 τού-

224 4566 356 4613 τους
393 4548 752 4620 φυλαχθῆναι.

298 4605 366 4696 Tit
390 4605 449 4696 δὲ
477 4605 575 4696 καί
663 4641 812 4696 δολία
843 4641 1026 4714 εκείνη
1051 4641 1250 4708 δουλὶς,
1281 4645 1416 4716 περὶ
1437 4639 1504 4717 ἧς
1535 4645 1800 4714 ἀνωτέρω

1975 4642 2212 4712 Equum
2233 4624 2398 4696 etiam
2429 4654 2536 4692 non
2557 4646 2642 4691 est
2667 4633 2886 4690 silentio
2913 4629 3254 4700 prattermitti
3277 4665 3292 4689 ,
3316 4641 3485 4696 quam

227 4734 563 4804 γέγραπται,
589 4733 712 4805 ἥτις
729 4733 828 4805 τὴν
843 4733 1038 4804 κυρίαν
1057 4735 1154 4788 καὶ
1174 4734 1265 4788 τὸν
1287 4733 1465 4804 ἅγιον.
1487 4737 1800 4808 διδαχθεῖσα

231 4825 383 4895 παρά
401 4823 512 4878 τῶν
533 4824 766 4890 ἀσεϐῶν,
788 4823 1034 4879 διέϐαλεν
1053 4827 1150 4878 καὶ
1178 4827 1580 4899 κατηγόρησεν,
1607 4829 1805 4900 συνθή-

231 4933 334 4980 κας
366 4915 496 4988 παρ’
531 4916 709 4970 αὐτῶν
739 4916 1017 4986 είληφυῖα,
1048 4915 1546 4988 ὲλευϐεροῦσθαίτε
1573 4919 1667 4974 καί
1695 4935 1803 4972 τινι

229 5003 554 5076 ζεύγνυσθαι
572 5007 682 5061 τῶν
709 5006 804 5060 τοῦ
830 5005 1121 5072 παλατίου,
1153 5010 1336 5062 ὁποῖον
1365 5007 1523 5078 ἔσχεν
1558 5007 1653 5064 τοῦ
1685 5009 1804 5080 βίου

233 5099 292 5152 τὺ
321 5099 473 5162 τέλος
505 5101 563 5152 ὲν
589 5093 822 5169 ἐχθίστω
860 5099 954 5152 καὶ
978 5099 1200 5170 πονηρῷ
1229 5099 1464 5170 θανάτῳ,
1507 5102 1568 5154 οὐ
1591 5099 1802 5156 δίκαιον

237 5192 410 5262 σιωπῇ
451 5189 945 5262 παραπεμφθῆναι.
995 5189 1154 5244 Μετά
1180 5189 1289 5262 γάρ
1323 5191 1418 5244 τὸν
1457 5195 1558 5261 τῆς
1605 5194 1802 5264 κυρίας

231 5279 400 5350 αὐτῆς
433 5281 500 5333 ὲκ
520 5279 614 5332 τοῦ
652 5279 929 5352 ἀφορήτου
970 5279 1181 5334 ἐκείνου
1209 5279 1422 5351 δαρμοῦ
1443 5281 1802 5353 ἀθλοφορικθιν

233 5373 484 5436 θάνατον,
507 5372 601 5439 καὶ
625 5369 719 5424 τοῦ
746 5370 902 5439 ἀγίου
928 5371 1026 5442 τὴν
1050 5371 1140 5424 διὰ
1162 5373 1466 5444 μαρτυρίου
1496 5373 1799 5438 τελείωσιν,

236 5463 402 5534 μηδὲν
423 5465 489 5516 ἐκ
513 5463 622 5517 τῶν
650 5462 790 5535 πρὸς
815 5462 983 5540 αὐτὴν
1007 5463 1415 5534 συνταχθέντων
1433 5465 1796 5536 ὲπιτυχοῦσα,

1907 4735 2177 4790 infelicem
2209 4743 2264 4788 et
2308 4732 2559 4786 acerbam
2609 4737 2841 4782 mortem
2887 4723 3050 4796 526
3081 4723 3276 4777 ohierit
3327 4718 3480 4772 vafra

1910 4827 1998 4881 illa
2051 4825 2300 4887 ancilla,"
2331 4826 2398 4880 de
2460 4839 2567 4894 qua
2609 4818 2857 4889 superius
2915 4817 3177 4885 scriptum
3221 4824 3326 4872 est.
3363 4813 3486 4880 quae

1909 4919 2122 4974 scilicet
2153 4917 2224 4972 ab
2281 4918 2461 4985 impiis
2492 4915 2706 4976 educta,
2745 4913 2796 4964 iu
2842 4910 3118 4964 dominam
3147 4917 3201 4961 cl
3233 4916 3483 4959 sanctum

1910 5007 2244 5077 Stephanum
2271 5005 2568 5060 calumnias
2595 5013 2647 5057 ct
2679 5001 2906 5055 crimina
2953 5000 3106 5052 finxit
3129 5038 3143 5060 ,
3189 5012 3284 5064 spe
3317 4995 3482 5048 liber-

1907 5101 2036 5156 tatis
2059 5100 2472 5168 consequendzr,
2500 5107 2552 5151 et
2583 5093 2912 5150 matrimonii
2961 5090 3315 5148 contrahemli
3353 5103 3476 5140 cum

1907 5192 2088 5262 aliquo
2118 5209 2148 5247 e
2173 5191 2402 5261 palatio,
2431 5201 2488 5244 ut
2511 5204 2630 5242 cum
2663 5188 2779 5258 ipsa
2815 5186 2958 5258 pacti
3005 5184 3241 5240 fuerant.
3285 5181 3468 5246 Itaque

1909 5299 2030 5338 cum
2067 5294 2190 5352 past
2215 5280 2595 5350 triumphalem
2623 5295 2734 5336 sua
2763 5279 2995 5334 domina:
3023 5293 3090 5332 ex
3118 5269 3476 5330 intolerandis

1907 5373 2224 5428 verberibus
2251 5372 2492 5438 obitum,
2520 5381 2573 5425 et
2623 5371 2796 5427 sancti
2834 5367 3096 5437 Stephani
3145 5363 3478 5434 martyrium

1907 5480 1970 5521 ac
2021 5465 2569 5531 consummationem,
2605 5465 2740 5521 nihil
2799 5479 2988 5521 eorum
3048 5475 3168 5532 qua:
3201 5459 3307 5516 sibi
3342 5472 3474 5528 pro-

304 5669 427 5744 fal.
452 5663 731 5744 Δξλμάτου
829 5662 859 5703 ιν
891 5663 964 5718 al.
990 5664 1078 5718 τὸν
1117 5663 1312 5727 αὐτοὺς
1346 5664 1764 5734 παραδώσαντα.
1843 5675 1864 5702 ε
1898 5663 1968 5718 al.
2013 5662 2498 5737 παρασταθέντιωι.
2573 5662 2598 5703 δ
2636 5662 2707 5718 al.
2739 5661 3128 5733 προδεικνύων.
3209 5673 3232 5702 ο
3263 5660 3335 5718 al.
3375 5660 3480 5716 ὲκ-

237 5731 415 5801 βάλαι.
495 5733 515 5776 ί
546 5731 614 5790 al.
652 5751 830 5788 τινων.
