  <div class='ocr_page' id='page_1' title='image "/cluster/home/n/w/nwhite01/storage/ocr_20150623/100/hvd.32044054111919/599.png"; bbox 0 0 3932 6214; ppageno 0'>
   <div class='ocr_carea' id='block_1_1' title="bbox 422 290 557 357">
    <p class='ocr_par' dir='ltr' id='par_1_1' title="bbox 422 290 557 357">
     <span class='ocr_line' id='line_1_1' title="bbox 422 290 557 357; baseline -0.015 0"><span class='ocrx_word' id='word_1_1' title='bbox 422 290 557 357; x_wconf 73' lang='lat'><strong>1183</strong></span> 
     </span>
    </p>
   </div>
   <div class='ocr_carea' id='block_1_2' title="bbox 1573 294 2445 361">
    <p class='ocr_par' dir='ltr' id='par_1_2' title="bbox 1573 294 2445 361">
     <span class='ocr_line' id='line_1_2' title="bbox 1573 294 2445 361; baseline 0.005 -4"><span class='ocrx_word' id='word_1_2' title='bbox 1573 294 1948 359; x_wconf 72' lang='lat' dir='ltr'><strong>STEPHANI</strong></span> <span class='ocrx_word' id='word_1_3' title='bbox 1992 296 2298 361; x_wconf 73' lang='lat' dir='ltr'><strong>DlACO-Nl</strong></span> <span class='ocrx_word' id='word_1_4' title='bbox 2335 298 2445 361; x_wconf 78' lang='grc' dir='ltr'><strong>ΕΡ.</strong></span> 
     </span>
    </p>
   </div>
   <div class='ocr_carea' id='block_1_3' title="bbox 3527 292 3666 361">
    <p class='ocr_par' dir='ltr' id='par_1_3' title="bbox 3527 292 3666 361">
     <span class='ocr_line' id='line_1_3' title="bbox 3527 292 3666 361; baseline 0 -1"><span class='ocrx_word' id='word_1_5' title='bbox 3527 292 3666 361; x_wconf 73' lang='lat' dir='ltr'><strong>liSl</strong></span> 
     </span>
    </p>
   </div>
   <div class='ocr_carea' id='block_1_4' title="bbox 420 398 1990 476">
    <p class='ocr_par' dir='ltr' id='par_1_4' title="bbox 420 398 1975 467">
     <span class='ocr_line' id='line_1_4' title="bbox 420 398 1975 467; baseline 0.001 -13"><span class='ocrx_word' id='word_1_6' title='bbox 420 404 587 456; x_wconf 80' lang='lat' dir='ltr'><strong>missa</strong></span> <span class='ocrx_word' id='word_1_7' title='bbox 611 410 788 464; x_wconf 89' lang='lat' dir='ltr'><strong>erant,</strong></span> <span class='ocrx_word' id='word_1_8' title='bbox 814 398 1107 463; x_wconf 78' lang='lat' dir='ltr'><strong>obtineret;</strong></span> <span class='ocrx_word' id='word_1_9' title='bbox 1132 413 1290 467; x_wconf 92' lang='lat' dir='ltr'><strong>supra</strong></span> <span class='ocrx_word' id='word_1_10' title='bbox 1318 411 1674 455; x_wconf 86' lang='lat' dir='ltr'><strong>memoratum</strong></span> <span class='ocrx_word' id='word_1_11' title='bbox 1697 401 1975 457; x_wconf 85' lang='lat' dir='ltr'><strong>Callistum</strong></span> 
     </span>
    </p>
   </div>
   <div class='ocr_carea' id='block_1_5' title="bbox 2096 398 3671 476">
    <p class='ocr_par' dir='ltr' id='par_1_5' title="bbox 2096 403 3671 476">
     <span class='ocr_line' id='line_1_5' title="bbox 2096 403 3671 476; baseline 0.001 -18"><span class='ocrx_word' id='word_1_12' title='bbox 2096 404 2543 459; x_wconf 83' lang='grc' dir='ltr'>ιατεπανίσταται</span> <span class='ocrx_word' id='word_1_13' title='bbox 2576 404 2654 475; x_wconf 82' lang='grc' dir='ltr'>τῷ</span> <span class='ocrx_word' id='word_1_14' title='bbox 2720 403 3072 476; x_wconf 59' lang='grc' dir='ltr'>προλεχθὲδτι</span> <span class='ocrx_word' id='word_1_15' title='bbox 3118 403 3408 476; x_wconf 59' lang='grc' dir='ltr'>Καλλίστῳ</span> <span class='ocrx_word' id='word_1_16' title='bbox 3438 408 3531 459; x_wconf 75' lang='grc' dir='ltr'>καὶ</span> <span class='ocrx_word' id='word_1_17' title='bbox 3586 408 3671 475; x_wconf 75' lang='grc' dir='ltr'><strong>τῷ</strong></span> 
     </span>
    </p>
   </div>
   <div class='ocr_carea' id='block_1_6' title="bbox 419 489 1978 559">
    <p class='ocr_par' dir='ltr' id='par_1_6' title="bbox 419 489 1978 559">
     <span class='ocr_line' id='line_1_6' title="bbox 419 489 1978 559; baseline 0.003 -15"><span class='ocrx_word' id='word_1_18' title='bbox 419 501 475 545; x_wconf 85' lang='lat' dir='ltr'><strong>et</strong></span> <span class='ocrx_word' id='word_1_19' title='bbox 503 489 846 559; x_wconf 77' lang='lat' dir='ltr'><strong>publicanum</strong></span> <span class='ocrx_word' id='word_1_20' title='bbox 876 489 1268 543; x_wconf 85' lang='lat' dir='ltr'><strong>Aulicalamttm</strong></span> <span class='ocrx_word' id='word_1_21' title='bbox 1295 490 1378 543; x_wconf 91' lang='lat' dir='ltr'><strong>his</strong></span> <span class='ocrx_word' id='word_1_22' title='bbox 1408 492 1585 546; x_wconf 83' lang='lat' dir='ltr'><strong>verbis</strong></span> <span class='ocrx_word' id='word_1_23' title='bbox 1624 494 1815 547; x_wconf 84' lang='lat' dir='ltr'><strong>adorsa</strong></span> <span class='ocrx_word' id='word_1_24' title='bbox 1848 504 1931 549; x_wconf 91' lang='lat' dir='ltr'><strong>est</strong></span> <span class='ocrx_word' id='word_1_25' title='bbox 1962 510 1978 549; x_wconf 90' lang='lat'><strong>:</strong></span> 
     </span>
    </p>
   </div>
   <div class='ocr_carea' id='block_1_7' title="bbox 420 578 1982 650">
    <p class='ocr_par' dir='ltr' id='par_1_7' title="bbox 420 578 1982 650">
     <span class='ocr_line' id='line_1_7' title="bbox 420 578 1982 650; baseline 0.004 -16"><span class='ocrx_word' id='word_1_26' title='bbox 420 579 534 634; x_wconf 75' lang='lat' dir='ltr'><strong>Nisi</strong></span> <span class='ocrx_word' id='word_1_27' title='bbox 604 594 667 633; x_wconf 87' lang='lat' dir='ltr'><strong>ea</strong></span> <span class='ocrx_word' id='word_1_28' title='bbox 733 594 854 647; x_wconf 72' lang='lat' dir='ltr'><strong>qua:</strong></span> <span class='ocrx_word' id='word_1_29' title='bbox 906 579 1037 632; x_wconf 90' lang='lat' dir='ltr'><strong>mihi</strong></span> <span class='ocrx_word' id='word_1_30' title='bbox 1098 578 1322 646; x_wconf 80' lang='lat' dir='ltr'><strong>polliciti</strong></span> <span class='ocrx_word' id='word_1_31' title='bbox 1351 581 1503 642; x_wconf 89' lang='lat' dir='ltr'><strong>estis,</strong></span> <span class='ocrx_word' id='word_1_32' title='bbox 1535 582 1847 650; x_wconf 86' lang='lat' dir='ltr'><strong>implebitis,</strong></span> <span class='ocrx_word' id='word_1_33' title='bbox 1890 600 1982 641; x_wconf 84' lang='lat' dir='ltr'><strong>ve-</strong></span> 
     </span>
    </p>
   </div>
   <div class='ocr_carea' id='block_1_8' title="bbox 420 668 1981 743">
    <p class='ocr_par' dir='ltr' id='par_1_8' title="bbox 420 668 1981 743">
     <span class='ocr_line' id='line_1_8' title="bbox 420 668 1981 743; baseline 0.003 -19"><span class='ocrx_word' id='word_1_34' title='bbox 420 680 562 725; x_wconf 87' lang='lat' dir='ltr'><strong>stras</strong></span> <span class='ocrx_word' id='word_1_35' title='bbox 598 668 818 723; x_wconf 77' lang='lat' dir='ltr'><strong>fraudes</strong></span> <span class='ocrx_word' id='word_1_36' title='bbox 848 678 902 723; x_wconf 89' lang='lat' dir='ltr'><strong>et</strong></span> <span class='ocrx_word' id='word_1_37' title='bbox 945 669 1323 743; x_wconf 74' lang='lat' dir='ltr'><strong>contumelias,</strong></span> <span class='ocrx_word' id='word_1_38' title='bbox 1354 686 1491 737; x_wconf 91' lang='lat' dir='ltr'><strong>quas</strong></span> <span class='ocrx_word' id='word_1_39' title='bbox 1519 674 1570 724; x_wconf 91' lang='lat' dir='ltr'><strong>in</strong></span> <span class='ocrx_word' id='word_1_40' title='bbox 1595 683 1840 727; x_wconf 86' lang='lat' dir='ltr'><strong>sanctum</strong></span> <span class='ocrx_word' id='word_1_41' title='bbox 1864 690 1981 728; x_wconf 87' lang='lat' dir='ltr'><strong>ma-</strong></span> 
     </span>
    </p>
   </div>
   <div class='ocr_carea' id='block_1_9' title="bbox 419 758 1980 831">
    <p class='ocr_par' dir='ltr' id='par_1_9' title="bbox 419 758 1980 831">
     <span class='ocr_line' id='line_1_9' title="bbox 419 758 1980 831; baseline 0.003 -18"><span class='ocrx_word' id='word_1_42' title='bbox 419 760 625 814; x_wconf 87' lang='lat' dir='ltr'><strong>chinati</strong></span> <span class='ocrx_word' id='word_1_43' title='bbox 653 758 807 822; x_wconf 86' lang='lat' dir='ltr'><strong>estis,</strong></span> <span class='ocrx_word' id='word_1_44' title='bbox 839 774 934 826; x_wconf 88' lang='lat' dir='ltr'><strong>per</strong></span> <span class='ocrx_word' id='word_1_45' title='bbox 988 760 1219 813; x_wconf 89' lang='lat' dir='ltr'><strong>mediam</strong></span> <span class='ocrx_word' id='word_1_46' title='bbox 1252 760 1439 831; x_wconf 73' lang='lat' dir='ltr'><strong>urbem</strong></span> <span class='ocrx_word' id='word_1_47' title='bbox 1487 763 1810 828; x_wconf 70' lang='lat' dir='ltr'><strong>praedicabo.</strong></span> <span class='ocrx_word' id='word_1_48' title='bbox 1871 764 1980 817; x_wconf 86' lang='lat' dir='ltr'><strong>An-</strong></span> 
     </span>
    </p>
   </div>
   <div class='ocr_carea' id='block_1_10' title="bbox 417 845 1982 919">
    <p class='ocr_par' dir='ltr' id='par_1_10' title="bbox 417 845 1982 919">
     <span class='ocr_line' id='line_1_10' title="bbox 417 845 1982 919; baseline 0.005 -20"><span class='ocrx_word' id='word_1_49' title='bbox 417 847 492 899; x_wconf 80' lang='lat' dir='ltr'><strong>xii</strong></span> <span class='ocrx_word' id='word_1_50' title='bbox 526 846 598 899; x_wconf 89' lang='lat' dir='ltr'><strong>illi</strong></span> <span class='ocrx_word' id='word_1_51' title='bbox 623 845 775 911; x_wconf 81' lang='lat' dir='ltr'><strong>facti,</strong></span> <span class='ocrx_word' id='word_1_52' title='bbox 816 847 1198 903; x_wconf 76' lang='lat' dir='ltr'><strong>deliberatione</strong></span> <span class='ocrx_word' id='word_1_53' title='bbox 1235 848 1413 903; x_wconf 85' lang='lat' dir='ltr'><strong>habita</strong></span> <span class='ocrx_word' id='word_1_54' title='bbox 1438 888 1455 916; x_wconf 92' lang='lat'><strong>,</strong></span> <span class='ocrx_word' id='word_1_55' title='bbox 1506 854 1788 919; x_wconf 80' lang='lat' dir='ltr'><strong>quemdam</strong></span> <span class='ocrx_word' id='word_1_56' title='bbox 1829 864 1982 907; x_wconf 85' lang='lat' dir='ltr'><strong>nota-</strong></span> 
     </span>
    </p>
   </div>
   <div class='ocr_carea' id='block_1_11' title="bbox 421 936 1982 1007">
    <p class='ocr_par' dir='ltr' id='par_1_11' title="bbox 421 936 1982 1007">
     <span class='ocr_line' id='line_1_11' title="bbox 421 936 1982 1007; baseline 0.005 -18"><span class='ocrx_word' id='word_1_57' title='bbox 421 936 563 990; x_wconf 83' lang='lat' dir='ltr'><strong>tium</strong></span> <span class='ocrx_word' id='word_1_58' title='bbox 587 936 827 1002; x_wconf 83' lang='lat' dir='ltr'><strong>ejusdem</strong></span> <span class='ocrx_word' id='word_1_59' title='bbox 858 936 1184 1005; x_wconf 60' lang='lat' dir='ltr'><strong>Nicomedia</strong></span> <span class='ocrx_word' id='word_1_60' title='bbox 1211 939 1480 1006; x_wconf 89' lang='lat' dir='ltr'><strong>publicani</strong></span> <span class='ocrx_word' id='word_1_61' title='bbox 1507 940 1608 1007; x_wconf 86' lang='lat' dir='ltr'><strong>ipsi</strong></span> <span class='ocrx_word' id='word_1_62' title='bbox 1639 941 1982 997; x_wconf 90' lang='lat' dir='ltr'><strong>matrimonio</strong></span> 
     </span>
    </p>
   </div>
   <div class='ocr_carea' id='block_1_12' title="bbox 419 1024 1979 1099">
    <p class='ocr_par' dir='ltr' id='par_1_12' title="bbox 419 1024 1979 1099">
     <span class='ocr_line' id='line_1_12' title="bbox 419 1024 1979 1099; baseline 0.003 -18"><span class='ocrx_word' id='word_1_63' title='bbox 419 1024 674 1096; x_wconf 78' lang='lat' dir='ltr'><strong>jungunt.</strong></span> <span class='ocrx_word' id='word_1_64' title='bbox 706 1026 931 1091; x_wconf 81' lang='lat' dir='ltr'><strong>Verum,</strong></span> <span class='ocrx_word' id='word_1_65' title='bbox 957 1042 1080 1081; x_wconf 85' lang='lat' dir='ltr'><strong>cum</strong></span> <span class='ocrx_word' id='word_1_66' title='bbox 1108 1028 1351 1096; x_wconf 86' lang='lat' dir='ltr'><strong>pariendi</strong></span> <span class='ocrx_word' id='word_1_67' title='bbox 1398 1038 1606 1099; x_wconf 87' lang='lat' dir='ltr'><strong>tempus</strong></span> <span class='ocrx_word' id='word_1_68' title='bbox 1652 1031 1979 1094; x_wconf 89' lang='lat' dir='ltr'><strong>advenisset,</strong></span> 
     </span>
    </p>
   </div>
   <div class='ocr_carea' id='block_1_13' title="bbox 424 1118 1981 1192">
    <p class='ocr_par' dir='ltr' id='par_1_13' title="bbox 424 1118 1981 1192">
     <span class='ocr_line' id='line_1_13' title="bbox 424 1118 1981 1192; baseline 0.004 -21"><span class='ocrx_word' id='word_1_69' title='bbox 424 1132 559 1171; x_wconf 87' lang='lat' dir='ltr'><strong>nova</strong></span> <span class='ocrx_word' id='word_1_70' title='bbox 594 1118 685 1172; x_wconf 87' lang='lat' dir='ltr'><strong>illa</strong></span> <span class='ocrx_word' id='word_1_71' title='bbox 727 1118 907 1185; x_wconf 74' lang='lat' dir='ltr'><strong>vipera</strong></span> <span class='ocrx_word' id='word_1_72' title='bbox 966 1120 1101 1174; x_wconf 89' lang='lat' dir='ltr'><strong>duos</strong></span> <span class='ocrx_word' id='word_1_73' title='bbox 1155 1119 1293 1175; x_wconf 82' lang='lat' dir='ltr'><strong>ﬁlios</strong></span> <span class='ocrx_word' id='word_1_74' title='bbox 1343 1122 1548 1191; x_wconf 80' lang='lat' dir='ltr'><strong>genuit.</strong></span> <span class='ocrx_word' id='word_1_75' title='bbox 1587 1120 1713 1177; x_wconf 84' lang='lat' dir='ltr'><strong>Post</strong></span> <span class='ocrx_word' id='word_1_76' title='bbox 1764 1123 1981 1192; x_wconf 85' lang='lat' dir='ltr'><strong>aliquod</strong></span> 
     </span>
    </p>
   </div>
   <div class='ocr_carea' id='block_1_14' title="bbox 424 1208 1983 1277">
    <p class='ocr_par' dir='ltr' id='par_1_14' title="bbox 424 1208 1983 1277">
     <span class='ocr_line' id='line_1_14' title="bbox 424 1208 1983 1277; baseline 0.005 -15"><span class='ocrx_word' id='word_1_77' title='bbox 424 1208 619 1263; x_wconf 86' lang='lat' dir='ltr'><strong>deinde</strong></span> <span class='ocrx_word' id='word_1_78' title='bbox 652 1218 862 1277; x_wconf 81' lang='lat' dir='ltr'><strong>tempus</strong></span> <span class='ocrx_word' id='word_1_79' title='bbox 886 1208 1046 1263; x_wconf 87' lang='lat' dir='ltr'><strong>vidua</strong></span> <span class='ocrx_word' id='word_1_80' title='bbox 1076 1211 1191 1264; x_wconf 90' lang='lat' dir='ltr'><strong>viro</strong></span> <span class='ocrx_word' id='word_1_81' title='bbox 1225 1209 1390 1274; x_wconf 78' lang='lat' dir='ltr'><strong>facta,</strong></span> <span class='ocrx_word' id='word_1_82' title='bbox 1421 1226 1541 1266; x_wconf 89' lang='lat' dir='ltr'><strong>cum</strong></span> <span class='ocrx_word' id='word_1_83' title='bbox 1567 1212 1678 1267; x_wconf 89' lang='lat' dir='ltr'><strong>sola</strong></span> <span class='ocrx_word' id='word_1_84' title='bbox 1707 1214 1880 1268; x_wconf 89' lang='lat' dir='ltr'><strong>media</strong></span> <span class='ocrx_word' id='word_1_85' title='bbox 1910 1215 1983 1269; x_wconf 84' lang='lat' dir='ltr'><strong>in-</strong></span> 
     </span>
    </p>
   </div>
   <div class='ocr_carea' id='block_1_15' title="bbox 427 1300 1984 1375">
    <p class='ocr_par' dir='ltr' id='par_1_15' title="bbox 427 1300 1984 1375">
     <span class='ocr_line' id='line_1_15' title="bbox 427 1300 1984 1375; baseline 0.004 -21"><span class='ocrx_word' id='word_1_86' title='bbox 427 1311 505 1354; x_wconf 85' lang='lat' dir='ltr'><strong>ter</strong></span> <span class='ocrx_word' id='word_1_87' title='bbox 534 1300 674 1355; x_wconf 81' lang='lat' dir='ltr'><strong>ﬁlios</strong></span> <span class='ocrx_word' id='word_1_88' title='bbox 699 1303 983 1366; x_wconf 78' lang='lat' dir='ltr'><strong>dormiret,</strong></span> <span class='ocrx_word' id='word_1_89' title='bbox 1017 1303 1121 1355; x_wconf 89' lang='lat' dir='ltr'><strong>sub</strong></span> <span class='ocrx_word' id='word_1_90' title='bbox 1157 1303 1385 1357; x_wconf 88' lang='lat' dir='ltr'><strong>mediam</strong></span> <span class='ocrx_word' id='word_1_91' title='bbox 1415 1314 1626 1358; x_wconf 87' lang='lat' dir='ltr'><strong>noctem</strong></span> <span class='ocrx_word' id='word_1_92' title='bbox 1665 1305 1848 1359; x_wconf 89' lang='lat' dir='ltr'><strong>nescio</strong></span> <span class='ocrx_word' id='word_1_93' title='bbox 1875 1321 1984 1375; x_wconf 87' lang='lat' dir='ltr'><strong>quo</strong></span> 
     </span>
    </p>
   </div>
   <div class='ocr_carea' id='block_1_16' title="bbox 425 1390 1981 1463">
    <p class='ocr_par' dir='ltr' id='par_1_16' title="bbox 425 1390 1981 1463">
     <span class='ocr_line' id='line_1_16' title="bbox 425 1390 1981 1463; baseline 0.004 -20"><span class='ocrx_word' id='word_1_94' title='bbox 425 1390 626 1460; x_wconf 83' lang='lat' dir='ltr'><strong>impetu</strong></span> <span class='ocrx_word' id='word_1_95' title='bbox 659 1393 847 1459; x_wconf 79' lang='lat' dir='ltr'><strong>agitati</strong></span> <span class='ocrx_word' id='word_1_96' title='bbox 903 1390 1137 1447; x_wconf 63' lang='lat' dir='ltr'><strong>infantes</strong></span> <span class='ocrx_word' id='word_1_97' title='bbox 1190 1402 1569 1461; x_wconf 84' lang='lat' dir='ltr'><strong>surrexerunt,</strong></span> <span class='ocrx_word' id='word_1_98' title='bbox 1599 1402 1762 1463; x_wconf 89' lang='lat' dir='ltr'><strong>atque</strong></span> <span class='ocrx_word' id='word_1_99' title='bbox 1796 1394 1870 1448; x_wconf 87' lang='lat' dir='ltr'><strong>illi</strong></span> <span class='ocrx_word' id='word_1_100' title='bbox 1900 1397 1981 1449; x_wconf 85' lang='lat' dir='ltr'><strong>vi-</strong></span> 
     </span>
    </p>
   </div>
   <div class='ocr_carea' id='block_1_17' title="bbox 421 1482 1981 1560">
    <p class='ocr_par' dir='ltr' id='par_1_17' title="bbox 421 1482 1981 1560">
     <span class='ocr_line' id='line_1_17' title="bbox 421 1482 1981 1560; baseline 0.004 -27"><span class='ocrx_word' id='word_1_101' title='bbox 421 1496 563 1549; x_wconf 71' lang='lat' dir='ltr'><strong>perae</strong></span> <span class='ocrx_word' id='word_1_102' title='bbox 599 1492 784 1550; x_wconf 87' lang='lat' dir='ltr'><strong>partus</strong></span> <span class='ocrx_word' id='word_1_103' title='bbox 815 1482 918 1535; x_wconf 84' lang='lat' dir='ltr'><strong>dun</strong></span> <span class='ocrx_word' id='word_1_104' title='bbox 948 1483 1136 1536; x_wconf 88' lang='lat' dir='ltr'><strong>matris</strong></span> <span class='ocrx_word' id='word_1_105' title='bbox 1166 1482 1327 1536; x_wconf 90' lang='lat' dir='ltr'><strong>ubera</strong></span> <span class='ocrx_word' id='word_1_106' title='bbox 1373 1486 1711 1560; x_wconf 82' lang='lat' dir='ltr'><strong>apprehensa</strong></span> <span class='ocrx_word' id='word_1_107' title='bbox 1735 1486 1981 1539; x_wconf 88' lang='lat' dir='ltr'><strong>comede-</strong></span> 
     </span>
    </p>
   </div>
   <div class='ocr_carea' id='block_1_18' title="bbox 424 1571 1982 1641">
    <p class='ocr_par' dir='ltr' id='par_1_18' title="bbox 424 1571 1982 1641">
     <span class='ocr_line' id='line_1_18' title="bbox 424 1571 1982 1641; baseline 0.002 -17"><span class='ocrx_word' id='word_1_108' title='bbox 424 1581 567 1635; x_wconf 78' lang='lat' dir='ltr'><strong>runt.</strong></span> <span class='ocrx_word' id='word_1_109' title='bbox 604 1571 788 1641; x_wconf 83' lang='lat' dir='ltr'><strong>itaque</strong></span> <span class='ocrx_word' id='word_1_110' title='bbox 808 1583 928 1627; x_wconf 91' lang='lat' dir='ltr'><strong>orto</strong></span> <span class='ocrx_word' id='word_1_111' title='bbox 961 1573 1047 1627; x_wconf 88' lang='lat' dir='ltr'><strong>die</strong></span> <span class='ocrx_word' id='word_1_112' title='bbox 1072 1574 1287 1627; x_wconf 87' lang='lat' dir='ltr'><strong>inventa</strong></span> <span class='ocrx_word' id='word_1_113' title='bbox 1315 1584 1397 1628; x_wconf 88' lang='lat' dir='ltr'><strong>est</strong></span> <span class='ocrx_word' id='word_1_114' title='bbox 1427 1586 1601 1628; x_wconf 87' lang='lat' dir='ltr'><strong>mater</strong></span> <span class='ocrx_word' id='word_1_115' title='bbox 1628 1573 1836 1628; x_wconf 87' lang='lat' dir='ltr'><strong>mortua</strong></span> <span class='ocrx_word' id='word_1_116' title='bbox 1860 1591 1982 1630; x_wconf 89' lang='lat' dir='ltr'><strong>cum</strong></span> 
     </span>
    </p>
   </div>
   <div class='ocr_carea' id='block_1_19' title="bbox 2085 492 3670 565">
    <p class='ocr_par' dir='ltr' id='par_1_19' title="bbox 2085 492 3670 565">
     <span class='ocr_line' id='line_1_19' title="bbox 2085 492 3670 565; baseline -0.001 -18"><span class='ocrx_word' id='word_1_117' title='bbox 2085 494 2365 564; x_wconf 75' lang='grc' dir='ltr'>φορολόγῳ</span> <span class='ocrx_word' id='word_1_118' title='bbox 2459 492 2867 564; x_wconf 73' lang='grc' dir='ltr'>Αὑλικαλάμῳ,</span> <span class='ocrx_word' id='word_1_119' title='bbox 2919 494 3111 564; x_wconf 76' lang='grc' dir='ltr'>ὅτιπερ</span> <span class='ocrx_word' id='word_1_120' title='bbox 3182 495 3243 546; x_wconf 69' lang='lat' dir='ltr'><strong>Et</strong></span> <span class='ocrx_word' id='word_1_121' title='bbox 3301 494 3376 565; x_wconf 73' lang='grc' dir='ltr'>μὴ</span> <span class='ocrx_word' id='word_1_122' title='bbox 3446 495 3518 547; x_wconf 70' lang='grc' dir='ltr'><strong>τά</strong></span> <span class='ocrx_word' id='word_1_123' title='bbox 3584 497 3670 557; x_wconf 74' lang='grc' dir='ltr'><strong>τίς</strong></span> 
     </span>
    </p>
   </div>
   <div class='ocr_carea' id='block_1_20' title="bbox 2082 581 3666 655">
    <p class='ocr_par' dir='ltr' id='par_1_20' title="bbox 2082 581 3666 655">
     <span class='ocr_line' id='line_1_20' title="bbox 2082 581 3666 655; baseline 0.006 -19"><span class='ocrx_word' id='word_1_124' title='bbox 2082 585 2181 652; x_wconf 67' lang='grc' dir='ltr'><strong>ἐμὲ</strong></span> <span class='ocrx_word' id='word_1_125' title='bbox 2229 581 2596 653; x_wconf 75' lang='grc' dir='ltr'><strong>συνταχθέντα</strong></span> <span class='ocrx_word' id='word_1_126' title='bbox 2644 581 3005 653; x_wconf 82' lang='grc' dir='ltr'>πληρώσητε,</span> <span class='ocrx_word' id='word_1_127' title='bbox 3067 583 3232 652; x_wconf 77' lang='grc' dir='ltr'>μέσον</span> <span class='ocrx_word' id='word_1_128' title='bbox 3279 584 3666 655; x_wconf 24' lang='grc' dir='ltr'>κηρύξωντής</span> 
     </span>
    </p>
   </div>
   <div class='ocr_carea' id='block_1_21' title="bbox 2082 670 3647 741">
    <p class='ocr_par' dir='ltr' id='par_1_21' title="bbox 2082 670 3647 741">
     <span class='ocr_line' id='line_1_21' title="bbox 2082 670 3647 741; baseline 0.002 -18"><span class='ocrx_word' id='word_1_129' title='bbox 2082 673 2325 735; x_wconf 82' lang='grc' dir='ltr'>πόλεως,</span> <span class='ocrx_word' id='word_1_130' title='bbox 2365 671 2463 734; x_wconf 86' lang='grc' dir='ltr'><strong>τάς</strong></span> <span class='ocrx_word' id='word_1_131' title='bbox 2518 686 2578 724; x_wconf 89' lang='grc' dir='ltr'><strong>τε</strong></span> <span class='ocrx_word' id='word_1_132' title='bbox 2614 671 2951 741; x_wconf 76' lang='grc' dir='ltr'>πανουργίας</span> <span class='ocrx_word' id='word_1_133' title='bbox 2995 670 3153 739; x_wconf 79' lang='grc' dir='ltr'>ὑμῶν</span> <span class='ocrx_word' id='word_1_134' title='bbox 3199 672 3296 724; x_wconf 79' lang='grc' dir='ltr'>καὶ</span> <span class='ocrx_word' id='word_1_135' title='bbox 3344 672 3447 735; x_wconf 77' lang='grc' dir='ltr'><strong>τάς</strong></span> <span class='ocrx_word' id='word_1_136' title='bbox 3506 672 3647 741; x_wconf 70' lang='grc' dir='ltr'>πρὸς</span> 
     </span>
    </p>
   </div>
   <div class='ocr_carea' id='block_1_22' title="bbox 2083 760 3662 833">
    <p class='ocr_par' dir='ltr' id='par_1_22' title="bbox 2083 760 3662 833">
     <span class='ocr_line' id='line_1_22' title="bbox 2083 760 3662 833; baseline -0.001 -19"><span class='ocrx_word' id='word_1_137' title='bbox 2083 762 2172 814; x_wconf 81' lang='grc' dir='ltr'>τὸν</span> <span class='ocrx_word' id='word_1_138' title='bbox 2251 762 2407 829; x_wconf 78' lang='grc' dir='ltr'>ἅγιον</span> <span class='ocrx_word' id='word_1_139' title='bbox 2488 760 2774 830; x_wconf 82' lang='grc' dir='ltr'>λοιδορίας.</span> <span class='ocrx_word' id='word_1_140' title='bbox 2838 762 2929 814; x_wconf 84' lang='grc' dir='ltr'><strong>Ἐν</strong></span> <span class='ocrx_word' id='word_1_141' title='bbox 3004 762 3290 833; x_wconf 77' lang='grc' dir='ltr'><strong>ἀμηχανίᾳ</strong></span> <span class='ocrx_word' id='word_1_142' title='bbox 3339 762 3396 815; x_wconf 70' lang='grc' dir='ltr'>δὲ</span> <span class='ocrx_word' id='word_1_143' title='bbox 3447 763 3662 815; x_wconf 78' lang='grc' dir='ltr'>τούτων</span> 
     </span>
    </p>
   </div>
   <div class='ocr_carea' id='block_1_23' title="bbox 2081 849 3658 923">
    <p class='ocr_par' dir='ltr' id='par_1_23' title="bbox 2081 849 3658 923">
     <span class='ocr_line' id='line_1_23' title="bbox 2081 849 3658 923; baseline 0.001 -19"><span class='ocrx_word' id='word_1_144' title='bbox 2081 850 2415 920; x_wconf 76' lang='grc' dir='ltr'><strong>γεγονότων,</strong></span> <span class='ocrx_word' id='word_1_145' title='bbox 2483 849 2810 920; x_wconf 75' lang='grc' dir='ltr'>συμϐούλιόν</span> <span class='ocrx_word' id='word_1_146' title='bbox 2894 868 2953 904; x_wconf 85' lang='grc' dir='ltr'><strong>τε</strong></span> <span class='ocrx_word' id='word_1_147' title='bbox 3015 853 3378 923; x_wconf 69' lang='grc' dir='ltr'>ποιήσαντες,</span> <span class='ocrx_word' id='word_1_148' title='bbox 3454 854 3658 915; x_wconf 80' lang='grc' dir='ltr'>συζευ-</span> 
     </span>
    </p>
   </div>
   <div class='ocr_carea' id='block_1_24' title="bbox 2081 928 3660 1013">
    <p class='ocr_par' dir='ltr' id='par_1_24' title="bbox 2081 928 3660 1013">
     <span class='ocr_line' id='line_1_24' title="bbox 2081 928 3660 1013; baseline 0.001 -17"><span class='ocrx_word' id='word_1_149' title='bbox 2081 944 2301 1011; x_wconf 85' lang='grc' dir='ltr'>γνύουσι</span> <span class='ocrx_word' id='word_1_150' title='bbox 2326 942 2497 1013; x_wconf 80' lang='grc' dir='ltr'>ταύτῃ</span> <span class='ocrx_word' id='word_1_151' title='bbox 2523 942 2772 1011; x_wconf 84' lang='grc' dir='ltr'>νοτάριόν</span> <span class='ocrx_word' id='word_1_152' title='bbox 2801 958 2924 995; x_wconf 85' lang='grc' dir='ltr'>τινα</span> <span class='ocrx_word' id='word_1_153' title='bbox 2951 941 3045 995; x_wconf 79' lang='grc' dir='ltr'><strong>τοῦ</strong></span> <span class='ocrx_word' id='word_1_154' title='bbox 3083 943 3250 996; x_wconf 73' lang='grc' dir='ltr'>αὐτοῦ</span> <span class='ocrx_word' id='word_1_155' title='bbox 3275 943 3376 1012; x_wconf 80' lang='grc' dir='ltr'>τῆς</span> <span class='ocrx_word' id='word_1_156' title='bbox 3404 928 3660 1013; x_wconf 70' lang='grc' dir='ltr'>Νικομηό</span> 
     </span>
    </p>
   </div>
   <div class='ocr_carea' id='block_1_25' title="bbox 2082 1032 3661 1105">
    <p class='ocr_par' dir='ltr' id='par_1_25' title="bbox 2082 1032 3661 1105">
     <span class='ocr_line' id='line_1_25' title="bbox 2082 1032 3661 1105; baseline 0.001 -20"><span class='ocrx_word' id='word_1_157' title='bbox 2082 1032 2231 1095; x_wconf 82' lang='grc' dir='ltr'>δείας</span> <span class='ocrx_word' id='word_1_158' title='bbox 2261 1033 2557 1103; x_wconf 81' lang='grc' dir='ltr'>φορολόγου</span> <span class='ocrx_word' id='word_1_159' title='bbox 2576 1049 2590 1064; x_wconf 75' lang='grc' dir='ltr'><strong>ο</strong></span> <span class='ocrx_word' id='word_1_160' title='bbox 2620 1033 2715 1087; x_wconf 70' lang='grc' dir='ltr'><strong>καὶ</strong></span> <span class='ocrx_word' id='word_1_161' title='bbox 2740 1034 2799 1087; x_wconf 84' lang='grc' dir='ltr'>ὲν</span> <span class='ocrx_word' id='word_1_162' title='bbox 2838 1032 3018 1103; x_wconf 81' lang='grc' dir='ltr'>καιρῷ</span> <span class='ocrx_word' id='word_1_163' title='bbox 3066 1034 3325 1102; x_wconf 80' lang='grc' dir='ltr'>φθάσασα</span> <span class='ocrx_word' id='word_1_164' title='bbox 3363 1036 3600 1088; x_wconf 82' lang='grc' dir='ltr'>τοκετοῦ</span> <span class='ocrx_word' id='word_1_165' title='bbox 3627 1038 3661 1105; x_wconf 70' lang='grc' dir='ltr'>ἡ</span> 
     </span>
    </p>
   </div>
   <div class='ocr_carea' id='block_1_26' title="bbox 2082 1121 3661 1196">
    <p class='ocr_par' dir='ltr' id='par_1_26' title="bbox 2082 1121 3661 1196">
     <span class='ocr_line' id='line_1_26' title="bbox 2082 1121 3661 1196; baseline 0.003 -22"><span class='ocrx_word' id='word_1_166' title='bbox 2082 1123 2177 1177; x_wconf 79' lang='grc' dir='ltr'><strong>νέα</strong></span> <span class='ocrx_word' id='word_1_167' title='bbox 2206 1121 2344 1193; x_wconf 71' lang='grc' dir='ltr'>αὕτη</span> <span class='ocrx_word' id='word_1_168' title='bbox 2369 1122 2571 1193; x_wconf 72' lang='grc' dir='ltr'>ἔχιδνα,</span> <span class='ocrx_word' id='word_1_169' title='bbox 2600 1125 2767 1194; x_wconf 80' lang='grc' dir='ltr'>γεννᾷ</span> <span class='ocrx_word' id='word_1_170' title='bbox 2794 1123 2993 1187; x_wconf 71' lang='grc' dir='ltr'>παῖδας</span> <span class='ocrx_word' id='word_1_171' title='bbox 3028 1123 3141 1178; x_wconf 83' lang='grc' dir='ltr'>δυο.</span> <span class='ocrx_word' id='word_1_172' title='bbox 3177 1122 3335 1178; x_wconf 76' lang='grc' dir='ltr'>Μετὰ</span> <span class='ocrx_word' id='word_1_173' title='bbox 3364 1124 3420 1178; x_wconf 78' lang='grc' dir='ltr'>δὲ</span> <span class='ocrx_word' id='word_1_174' title='bbox 3456 1126 3661 1196; x_wconf 70' lang='grc' dir='ltr'>χρόνον</span> 
     </span>
    </p>
   </div>
   <div class='ocr_carea' id='block_1_27' title="bbox 2083 1212 3663 1285">
    <p class='ocr_par' dir='ltr' id='par_1_27' title="bbox 2083 1212 3663 1285">
     <span class='ocr_line' id='line_1_27' title="bbox 2083 1212 3663 1285; baseline 0.001 -18"><span class='ocrx_word' id='word_1_175' title='bbox 2083 1214 2205 1267; x_wconf 79' lang='grc' dir='ltr'>τινὰ</span> <span class='ocrx_word' id='word_1_176' title='bbox 2241 1212 2672 1285; x_wconf 81' lang='grc' dir='ltr'>μονιὰνσχοῦσα</span> <span class='ocrx_word' id='word_1_177' title='bbox 2696 1216 2761 1267; x_wconf 83' lang='grc' dir='ltr'>ὲκ</span> <span class='ocrx_word' id='word_1_178' title='bbox 2783 1214 2877 1267; x_wconf 75' lang='grc' dir='ltr'>τοῦ</span> <span class='ocrx_word' id='word_1_179' title='bbox 2902 1214 3118 1284; x_wconf 80' lang='grc' dir='ltr'>ἀνδρὸς,</span> <span class='ocrx_word' id='word_1_180' title='bbox 3152 1215 3249 1267; x_wconf 67' lang='grc' dir='ltr'>καὶ</span> <span class='ocrx_word' id='word_1_181' title='bbox 3283 1214 3455 1284; x_wconf 86' lang='grc' dir='ltr'>μόνης</span> <span class='ocrx_word' id='word_1_182' title='bbox 3483 1217 3663 1285; x_wconf 75' lang='grc' dir='ltr'>αὐτῆς</span> 
     </span>
    </p>
   </div>
   <div class='ocr_carea' id='block_1_28' title="bbox 2088 1300 3665 1374">
    <p class='ocr_par' dir='ltr' id='par_1_28' title="bbox 2088 1300 3665 1374">
     <span class='ocr_line' id='line_1_28' title="bbox 2088 1300 3665 1374; baseline 0.003 -22"><span class='ocrx_word' id='word_1_183' title='bbox 2088 1301 2225 1371; x_wconf 74' lang='grc' dir='ltr'>μετὰ</span> <span class='ocrx_word' id='word_1_184' title='bbox 2262 1301 2373 1354; x_wconf 85' lang='grc' dir='ltr'><strong>τῶν</strong></span> <span class='ocrx_word' id='word_1_185' title='bbox 2405 1302 2612 1353; x_wconf 82' lang='grc' dir='ltr'>τέκνων</span> <span class='ocrx_word' id='word_1_186' title='bbox 2656 1300 2819 1370; x_wconf 82' lang='grc' dir='ltr'>μέσον</span> <span class='ocrx_word' id='word_1_187' title='bbox 2863 1302 3237 1372; x_wconf 78' lang='grc' dir='ltr'><strong>κοιμωμένης,</strong></span> <span class='ocrx_word' id='word_1_188' title='bbox 3271 1304 3400 1374; x_wconf 73' lang='grc' dir='ltr'>περὶ</span> <span class='ocrx_word' id='word_1_189' title='bbox 3430 1305 3534 1367; x_wconf 76' lang='grc' dir='ltr'>τὰς</span> <span class='ocrx_word' id='word_1_190' title='bbox 3558 1322 3665 1374; x_wconf 81' lang='grc' dir='ltr'>με-</span> 
     </span>
    </p>
   </div>
   <div class='ocr_carea' id='block_1_29' title="bbox 2086 1388 3660 1460">
    <p class='ocr_par' dir='ltr' id='par_1_29' title="bbox 2086 1388 3660 1460">
     <span class='ocr_line' id='line_1_29' title="bbox 2086 1388 3660 1460; baseline 0.003 -20"><span class='ocrx_word' id='word_1_191' title='bbox 2086 1388 2400 1451; x_wconf 88' lang='grc' dir='ltr'>σονυκτίους</span> <span class='ocrx_word' id='word_1_192' title='bbox 2442 1388 2590 1460; x_wconf 81' lang='grc' dir='ltr'>ὥρας</span> <span class='ocrx_word' id='word_1_193' title='bbox 2622 1389 2680 1440; x_wconf 79' lang='grc' dir='ltr'>ὲν</span> <span class='ocrx_word' id='word_1_194' title='bbox 2716 1388 2973 1442; x_wconf 72' lang='grc' dir='ltr'>ἐκστάσει</span> <span class='ocrx_word' id='word_1_195' title='bbox 3021 1388 3292 1458; x_wconf 82' lang='grc' dir='ltr'>γενόμενα</span> <span class='ocrx_word' id='word_1_196' title='bbox 3331 1389 3660 1460; x_wconf 56' lang='grc' dir='ltr'>τὰλβρέφη,</span> 
     </span>
    </p>
   </div>
   <div class='ocr_carea' id='block_1_30' title="bbox 2083 1476 3664 1549">
    <p class='ocr_par' dir='ltr' id='par_1_30' title="bbox 2083 1476 3664 1549">
     <span class='ocr_line' id='line_1_30' title="bbox 2083 1476 3664 1549; baseline 0.003 -20"><span class='ocrx_word' id='word_1_197' title='bbox 2083 1476 2440 1532; x_wconf 75' lang='grc' dir='ltr'>διαναστάντα</span> <span class='ocrx_word' id='word_1_198' title='bbox 2470 1480 2565 1532; x_wconf 65' lang='grc' dir='ltr'>καὶ</span> <span class='ocrx_word' id='word_1_199' title='bbox 2602 1477 2973 1548; x_wconf 76' lang='grc' dir='ltr'>ὲπιλαὸόμενα</span> <span class='ocrx_word' id='word_1_200' title='bbox 2994 1477 3102 1530; x_wconf 87' lang='grc' dir='ltr'><strong>τῶν</strong></span> <span class='ocrx_word' id='word_1_201' title='bbox 3122 1480 3451 1549; x_wconf 78' lang='grc' dir='ltr'>ἀμφοτέρων</span> <span class='ocrx_word' id='word_1_202' title='bbox 3479 1481 3664 1549; x_wconf 76' lang='grc' dir='ltr'>αὐτῆς</span> 
     </span>
    </p>
   </div>
   <div class='ocr_carea' id='block_1_31' title="bbox 2089 1569 3665 1641">
    <p class='ocr_par' dir='ltr' id='par_1_31' title="bbox 2089 1569 3665 1641">
     <span class='ocr_line' id='line_1_31' title="bbox 2089 1569 3665 1641; baseline 0.001 -18"><span class='ocrx_word' id='word_1_203' title='bbox 2089 1570 2332 1640; x_wconf 87' lang='grc' dir='ltr'>μασθῶν,</span> <span class='ocrx_word' id='word_1_204' title='bbox 2367 1571 2435 1624; x_wconf 80' lang='grc' dir='ltr'>τὰ</span> <span class='ocrx_word' id='word_1_205' title='bbox 2461 1569 2768 1641; x_wconf 81' lang='grc' dir='ltr'>έχιδνότοκα</span> <span class='ocrx_word' id='word_1_206' title='bbox 2790 1570 2964 1625; x_wconf 82' lang='grc' dir='ltr'>ταῦτα</span> <span class='ocrx_word' id='word_1_207' title='bbox 2994 1571 3254 1638; x_wconf 78' lang='grc' dir='ltr'>διέφαγον</span> <span class='ocrx_word' id='word_1_208' title='bbox 3281 1570 3501 1634; x_wconf 69' lang='grc' dir='ltr'>αὐτούς.</span> <span class='ocrx_word' id='word_1_209' title='bbox 3539 1572 3665 1626; x_wconf 78' lang='grc' dir='ltr'><strong>Καὶ</strong></span> 
     </span>
    </p>
   </div>
   <div class='ocr_carea' id='block_1_32' title="bbox 423 1653 1990 1733">
    <p class='ocr_par' dir='ltr' id='par_1_32' title="bbox 423 1661 1984 1733">
     <span class='ocr_line' id='line_1_32' title="bbox 423 1661 1984 1733; baseline 0.004 -18"><span class='ocrx_word' id='word_1_210' title='bbox 423 1661 569 1728; x_wconf 73' lang='lat' dir='ltr'><strong>ﬁliis,</strong></span> <span class='ocrx_word' id='word_1_211' title='bbox 602 1664 691 1732; x_wconf 88' lang='lat' dir='ltr'><strong>qui</strong></span> <span class='ocrx_word' id='word_1_212' title='bbox 737 1662 896 1733; x_wconf 78' lang='lat'><strong>527</strong></span> <span class='ocrx_word' id='word_1_213' title='bbox 930 1665 1105 1718; x_wconf 88' lang='lat' dir='ltr'><strong>adhuc</strong></span> <span class='ocrx_word' id='word_1_214' title='bbox 1155 1674 1469 1727; x_wconf 80' lang='lat' dir='ltr'><strong>cruentatas</strong></span> <span class='ocrx_word' id='word_1_215' title='bbox 1507 1666 1732 1719; x_wconf 89' lang='lat' dir='ltr'><strong>uberum</strong></span> <span class='ocrx_word' id='word_1_216' title='bbox 1789 1682 1984 1722; x_wconf 83' lang='lat' dir='ltr'><strong>carnes</strong></span> 
     </span>
    </p>
   </div>
   <div class='ocr_carea' id='block_1_33' title="bbox 2096 1653 3662 1733">
    <p class='ocr_par' dir='ltr' id='par_1_33' title="bbox 2096 1653 3662 1730">
     <span class='ocr_line' id='line_1_33' title="bbox 2096 1653 3662 1730; baseline 0.001 -19"><span class='ocrx_word' id='word_1_217' title='bbox 2096 1657 2256 1721; x_wconf 71' lang='grc' dir='ltr'>οὕτως</span> <span class='ocrx_word' id='word_1_218' title='bbox 2281 1657 2493 1728; x_wconf 76' lang='grc' dir='ltr'>ἡμέρας</span> <span class='ocrx_word' id='word_1_219' title='bbox 2527 1658 2844 1727; x_wconf 82' lang='grc' dir='ltr'><strong>γενομένης,</strong></span> <span class='ocrx_word' id='word_1_220' title='bbox 2893 1653 3053 1727; x_wconf 71' lang='grc' dir='ltr'>εὖρον</span> <span class='ocrx_word' id='word_1_221' title='bbox 3088 1664 3187 1728; x_wconf 74' lang='grc' dir='ltr'>τήν</span> <span class='ocrx_word' id='word_1_222' title='bbox 3217 1676 3277 1712; x_wconf 84' lang='grc' dir='ltr'><strong>τε</strong></span> <span class='ocrx_word' id='word_1_223' title='bbox 3305 1661 3518 1730; x_wconf 83' lang='grc' dir='ltr'>μητέρα</span> <span class='ocrx_word' id='word_1_224' title='bbox 3552 1662 3662 1713; x_wconf 74' lang='grc' dir='ltr'>καὶ</span> 
     </span>
    </p>
   </div>
   <div class='ocr_carea' id='block_1_34' title="bbox 423 1747 1990 1825">
    <p class='ocr_par' dir='ltr' id='par_1_34' title="bbox 423 1751 1980 1825">
     <span class='ocr_line' id='line_1_34' title="bbox 423 1751 1980 1825; baseline 0.004 -21"><span class='ocrx_word' id='word_1_225' title='bbox 423 1752 678 1808; x_wconf 84' lang='lat' dir='ltr'><strong>dentibus</strong></span> <span class='ocrx_word' id='word_1_226' title='bbox 725 1753 997 1808; x_wconf 83' lang='lat' dir='ltr'><strong>tenebant.</strong></span> <span class='ocrx_word' id='word_1_227' title='bbox 1047 1751 1160 1808; x_wconf 83' lang='lat' dir='ltr'><strong>Ilnc</strong></span> <span class='ocrx_word' id='word_1_228' title='bbox 1208 1754 1503 1808; x_wconf 81' lang='lat' dir='ltr'><strong>miserabili</strong></span> <span class='ocrx_word' id='word_1_229' title='bbox 1553 1769 1709 1825; x_wconf 66' lang='lat' dir='ltr'><strong>pinna</strong></span> <span class='ocrx_word' id='word_1_230' title='bbox 1757 1756 1980 1810; x_wconf 77' lang='lat' dir='ltr'><strong>fraudu-</strong></span> 
     </span>
    </p>
   </div>
   <div class='ocr_carea' id='block_1_35' title="bbox 2096 1747 3665 1825">
    <p class='ocr_par' dir='ltr' id='par_1_35' title="bbox 2096 1747 3665 1820">
     <span class='ocr_line' id='line_1_35' title="bbox 2096 1747 3665 1820; baseline 0.001 -19"><span class='ocrx_word' id='word_1_231' title='bbox 2096 1750 2148 1801; x_wconf 74' lang='grc' dir='ltr'><strong>τὰ</strong></span> <span class='ocrx_word' id='word_1_232' title='bbox 2172 1748 2344 1819; x_wconf 82' lang='grc' dir='ltr'>βρέφη</span> <span class='ocrx_word' id='word_1_233' title='bbox 2366 1747 2558 1818; x_wconf 77' lang='grc' dir='ltr'>νεκρά,</span> <span class='ocrx_word' id='word_1_234' title='bbox 2578 1748 2762 1817; x_wconf 80' lang='grc' dir='ltr'>ἀκμὴν</span> <span class='ocrx_word' id='word_1_235' title='bbox 2786 1748 3089 1818; x_wconf 81' lang='grc' dir='ltr'>κρατοῦντα</span> <span class='ocrx_word' id='word_1_236' title='bbox 3110 1751 3222 1811; x_wconf 83' lang='grc' dir='ltr'>τοῖς</span> <span class='ocrx_word' id='word_1_237' title='bbox 3235 1747 3449 1801; x_wconf 82' lang='grc' dir='ltr'>ὀδοῦσιν</span> <span class='ocrx_word' id='word_1_238' title='bbox 3471 1751 3665 1820; x_wconf 79' lang='grc' dir='ltr'>ᾑμαγ-</span> 
     </span>
    </p>
   </div>
   <div class='ocr_carea' id='block_1_36' title="bbox 423 1838 1990 1914">
    <p class='ocr_par' dir='ltr' id='par_1_36' title="bbox 423 1843 1986 1914">
     <span class='ocr_line' id='line_1_36' title="bbox 423 1843 1986 1914; baseline 0.004 -19"><span class='ocrx_word' id='word_1_239' title='bbox 423 1843 570 1897; x_wconf 88' lang='lat' dir='ltr'><strong>lenta</strong></span> <span class='ocrx_word' id='word_1_240' title='bbox 597 1844 684 1898; x_wconf 87' lang='lat' dir='ltr'><strong>illa</strong></span> <span class='ocrx_word' id='word_1_241' title='bbox 714 1854 771 1900; x_wconf 89' lang='lat' dir='ltr'><strong>et</strong></span> <span class='ocrx_word' id='word_1_242' title='bbox 793 1847 967 1901; x_wconf 86' lang='lat' dir='ltr'><strong>sancti</strong></span> <span class='ocrx_word' id='word_1_243' title='bbox 991 1849 1304 1910; x_wconf 70' lang='lat' dir='ltr'><strong>accusatrix</strong></span> <span class='ocrx_word' id='word_1_244' title='bbox 1335 1845 1528 1901; x_wconf 88' lang='lat' dir='ltr'><strong>ancilla</strong></span> <span class='ocrx_word' id='word_1_245' title='bbox 1555 1847 1716 1900; x_wconf 88' lang='lat' dir='ltr'><strong>vitam</strong></span> <span class='ocrx_word' id='word_1_246' title='bbox 1752 1848 1986 1914; x_wconf 83' lang='lat' dir='ltr'><strong>pessime</strong></span> 
     </span>
    </p>
   </div>
   <div class='ocr_carea' id='block_1_37' title="bbox 2096 1838 3661 1914">
    <p class='ocr_par' dir='ltr' id='par_1_37' title="bbox 2096 1838 3661 1911">
     <span class='ocr_line' id='line_1_37' title="bbox 2096 1838 3661 1911; baseline 0.001 -19"><span class='ocrx_word' id='word_1_247' title='bbox 2096 1841 2254 1909; x_wconf 82' lang='grc' dir='ltr'>μένας</span> <span class='ocrx_word' id='word_1_248' title='bbox 2298 1839 2398 1901; x_wconf 82' lang='grc' dir='ltr'>τὰς</span> <span class='ocrx_word' id='word_1_249' title='bbox 2448 1838 2558 1891; x_wconf 86' lang='grc' dir='ltr'><strong>τῶν</strong></span> <span class='ocrx_word' id='word_1_250' title='bbox 2607 1838 2801 1907; x_wconf 74' lang='grc' dir='ltr'>μαζῶν</span> <span class='ocrx_word' id='word_1_251' title='bbox 2860 1839 3091 1907; x_wconf 75' lang='grc' dir='ltr'>σάρκας.</span> <span class='ocrx_word' id='word_1_252' title='bbox 3150 1840 3262 1893; x_wconf 77' lang='grc' dir='ltr'><strong>Καὶ</strong></span> <span class='ocrx_word' id='word_1_253' title='bbox 3302 1840 3509 1911; x_wconf 79' lang='grc' dir='ltr'>ταύτην</span> <span class='ocrx_word' id='word_1_254' title='bbox 3551 1843 3661 1911; x_wconf 82' lang='grc' dir='ltr'>τὴν</span> 
     </span>
    </p>
   </div>
   <div class='ocr_carea' id='block_1_38' title="bbox 432 1932 1982 2005">
    <p class='ocr_par' dir='ltr' id='par_1_38' title="bbox 432 1932 1982 2005">
     <span class='ocr_line' id='line_1_38' title="bbox 432 1932 1982 2005; baseline 0.003 -19"><span class='ocrx_word' id='word_1_255' title='bbox 432 1932 670 2002; x_wconf 85' lang='lat' dir='ltr'><strong>abrupit,</strong></span> <span class='ocrx_word' id='word_1_256' title='bbox 709 1944 873 2004; x_wconf 87' lang='lat' dir='ltr'><strong>atque</strong></span> <span class='ocrx_word' id='word_1_257' title='bbox 904 1938 956 1989; x_wconf 93' lang='lat' dir='ltr'><strong>in</strong></span> <span class='ocrx_word' id='word_1_258' title='bbox 982 1946 1243 1990; x_wconf 82' lang='lat' dir='ltr'><strong>aeternum</strong></span> <span class='ocrx_word' id='word_1_259' title='bbox 1271 1935 1599 2005; x_wconf 83' lang='lat' dir='ltr'><strong>supplicium</strong></span> <span class='ocrx_word' id='word_1_260' title='bbox 1646 1935 1849 2002; x_wconf 74' lang='lat' dir='ltr'><strong>deiecta</strong></span> <span class='ocrx_word' id='word_1_261' title='bbox 1880 1945 1982 1991; x_wconf 90' lang='lat' dir='ltr'><strong>est.</strong></span> 
     </span>
    </p>
   </div>
   <div class='ocr_carea' id='block_1_39' title="bbox 422 2022 1982 2098">
    <p class='ocr_par' dir='ltr' id='par_1_39' title="bbox 422 2022 1982 2098">
     <span class='ocr_line' id='line_1_39' title="bbox 422 2022 1982 2098; baseline 0.003 -21"><span class='ocrx_word' id='word_1_262' title='bbox 422 2022 534 2079; x_wconf 83' lang='lat' dir='ltr'><strong>Nec</strong></span> <span class='ocrx_word' id='word_1_263' title='bbox 559 2041 621 2080; x_wconf 90' lang='lat' dir='ltr'><strong>ca</strong></span> <span class='ocrx_word' id='word_1_264' title='bbox 657 2027 708 2080; x_wconf 91' lang='lat' dir='ltr'><strong>in</strong></span> <span class='ocrx_word' id='word_1_265' title='bbox 745 2041 801 2081; x_wconf 90' lang='lat' dir='ltr'><strong>re</strong></span> <span class='ocrx_word' id='word_1_266' title='bbox 835 2029 1051 2097; x_wconf 84' lang='lat' dir='ltr'><strong>iniquus</strong></span> <span class='ocrx_word' id='word_1_267' title='bbox 1073 2028 1175 2083; x_wconf 78' lang='lat' dir='ltr'><strong>fuit</strong></span> <span class='ocrx_word' id='word_1_268' title='bbox 1204 2027 1368 2091; x_wconf 75' lang='lat' dir='ltr'><strong>Deus,</strong></span> <span class='ocrx_word' id='word_1_269' title='bbox 1403 2029 1495 2098; x_wconf 89' lang='lat' dir='ltr'><strong>qui</strong></span> <span class='ocrx_word' id='word_1_270' title='bbox 1538 2027 1679 2082; x_wconf 86' lang='lat' dir='ltr'><strong>labia</strong></span> <span class='ocrx_word' id='word_1_271' title='bbox 1717 2028 1903 2082; x_wconf 87' lang='lat' dir='ltr'><strong>dolosa</strong></span> <span class='ocrx_word' id='word_1_272' title='bbox 1929 2036 1982 2082; x_wconf 90' lang='lat' dir='ltr'><strong>et</strong></span> 
     </span>
    </p>
   </div>
   <div class='ocr_carea' id='block_1_40' title="bbox 422 2114 1986 2189">
    <p class='ocr_par' dir='ltr' id='par_1_40' title="bbox 422 2114 1986 2189">
     <span class='ocr_line' id='line_1_40' title="bbox 422 2114 1986 2189; baseline 0.002 -19"><span class='ocrx_word' id='word_1_273' title='bbox 422 2114 661 2185; x_wconf 77' lang='lat' dir='ltr'><strong>linguam</strong></span> <span class='ocrx_word' id='word_1_274' title='bbox 690 2119 1092 2189; x_wconf 80' lang='lat' dir='ltr'><strong>magniloquam</strong></span> <span class='ocrx_word' id='word_1_275' title='bbox 1121 2119 1163 2181; x_wconf 86' lang='grc'>⁸,</span> <span class='ocrx_word' id='word_1_276' title='bbox 1186 2128 1243 2171; x_wconf 89' lang='grc' dir='ltr'><strong>ιιι</strong></span> <span class='ocrx_word' id='word_1_277' title='bbox 1275 2134 1394 2173; x_wconf 86' lang='lat' dir='ltr'><strong>eum</strong></span> <span class='ocrx_word' id='word_1_278' title='bbox 1414 2118 1614 2174; x_wconf 85' lang='lat' dir='ltr'><strong>Davide</strong></span> <span class='ocrx_word' id='word_1_279' title='bbox 1646 2119 1855 2187; x_wconf 88' lang='lat' dir='ltr'><strong>loquar,</strong></span> <span class='ocrx_word' id='word_1_280' title='bbox 1879 2122 1986 2173; x_wconf 89' lang='lat' dir='ltr'><strong>cito</strong></span> 
     </span>
    </p>
   </div>
   <div class='ocr_carea' id='block_1_41' title="bbox 426 2206 1984 2279">
    <p class='ocr_par' dir='ltr' id='par_1_41' title="bbox 426 2206 1984 2279">
     <span class='ocr_line' id='line_1_41' title="bbox 426 2206 1984 2279; baseline 0.003 -19"><span class='ocrx_word' id='word_1_281' title='bbox 426 2206 693 2276; x_wconf 74' lang='lat' dir='ltr'><strong>dispertiit</strong></span> <span class='ocrx_word' id='word_1_282' title='bbox 740 2224 755 2260; x_wconf 88' lang='lat'><strong>:</strong></span> <span class='ocrx_word' id='word_1_283' title='bbox 809 2209 898 2277; x_wconf 91' lang='lat' dir='ltr'><strong>qui</strong></span> <span class='ocrx_word' id='word_1_284' title='bbox 929 2222 1058 2263; x_wconf 90' lang='lat' dir='ltr'><strong>vero</strong></span> <span class='ocrx_word' id='word_1_285' title='bbox 1108 2208 1256 2263; x_wconf 88' lang='lat' dir='ltr'><strong>illum</strong></span> <span class='ocrx_word' id='word_1_286' title='bbox 1308 2208 1631 2279; x_wconf 74' lang='lat' dir='ltr'><strong>gloriﬁcent,</strong></span> <span class='ocrx_word' id='word_1_287' title='bbox 1678 2209 1795 2265; x_wconf 85' lang='lat' dir='ltr'><strong>illos</strong></span> <span class='ocrx_word' id='word_1_288' title='bbox 1823 2210 1984 2266; x_wconf 83' lang='lat' dir='ltr'><strong>etiam</strong></span> 
     </span>
    </p>
   </div>
   <div class='ocr_carea' id='block_1_42' title="bbox 422 2298 1116 2370">
    <p class='ocr_par' dir='ltr' id='par_1_42' title="bbox 422 2298 1116 2370">
     <span class='ocr_line' id='line_1_42' title="bbox 422 2298 1116 2370; baseline 0.004 -19"><span class='ocrx_word' id='word_1_289' title='bbox 422 2308 547 2366; x_wconf 84' lang='lat' dir='ltr'><strong>post</strong></span> <span class='ocrx_word' id='word_1_290' title='bbox 580 2309 807 2353; x_wconf 85' lang='lat' dir='ltr'><strong>mortem</strong></span> <span class='ocrx_word' id='word_1_291' title='bbox 834 2298 1116 2370; x_wconf 79' lang='lat' dir='ltr'><strong>gloriﬁcat.</strong></span> 
     </span>
    </p>
   </div>
   <div class='ocr_carea' id='block_1_43' title="bbox 498 2491 1985 2566">
    <p class='ocr_par' dir='ltr' id='par_1_43' title="bbox 498 2491 1985 2566">
     <span class='ocr_line' id='line_1_43' title="bbox 498 2491 1985 2566; baseline 0.004 -20"><span class='ocrx_word' id='word_1_292' title='bbox 498 2491 591 2548; x_wconf 60' lang='lat' dir='ltr'><strong>llas</strong></span> <span class='ocrx_word' id='word_1_293' title='bbox 611 2504 740 2550; x_wconf 88' lang='lat' dir='ltr'><strong>sunt</strong></span> <span class='ocrx_word' id='word_1_294' title='bbox 768 2493 925 2550; x_wconf 84' lang='lat' dir='ltr'><strong>istius</strong></span> <span class='ocrx_word' id='word_1_295' title='bbox 950 2496 1055 2550; x_wconf 88' lang='lat' dir='ltr'><strong>mei</strong></span> <span class='ocrx_word' id='word_1_296' title='bbox 1091 2496 1301 2551; x_wconf 88' lang='lat' dir='ltr'><strong>minimi</strong></span> <span class='ocrx_word' id='word_1_297' title='bbox 1332 2500 1514 2566; x_wconf 80' lang='lat' dir='ltr'><strong>operis</strong></span> <span class='ocrx_word' id='word_1_298' title='bbox 1540 2511 1678 2553; x_wconf 68' lang='lat' dir='ltr'><strong>verae</strong></span> <span class='ocrx_word' id='word_1_299' title='bbox 1724 2497 1985 2562; x_wconf 70' lang='lat' dir='ltr'><strong>historiae,</strong></span> 
     </span>
    </p>
   </div>
   <div class='ocr_carea' id='block_1_44' title="bbox 426 2586 1985 2658">
    <p class='ocr_par' dir='ltr' id='par_1_44' title="bbox 426 2586 1985 2658">
     <span class='ocr_line' id='line_1_44' title="bbox 426 2586 1985 2658; baseline 0.002 -21"><span class='ocrx_word' id='word_1_300' title='bbox 426 2598 564 2653; x_wconf 85' lang='lat' dir='ltr'><strong>quas</strong></span> <span class='ocrx_word' id='word_1_301' title='bbox 587 2600 685 2655; x_wconf 88' lang='lat' dir='ltr'><strong>ego</strong></span> <span class='ocrx_word' id='word_1_302' title='bbox 714 2586 933 2654; x_wconf 88' lang='lat' dir='ltr'><strong>quidem</strong></span> <span class='ocrx_word' id='word_1_303' title='bbox 986 2587 1176 2658; x_wconf 86' lang='lat' dir='ltr'><strong>collegi</strong></span> <span class='ocrx_word' id='word_1_304' title='bbox 1215 2603 1246 2644; x_wconf 77' lang='grc' dir='ltr'><strong>ε</strong></span> <span class='ocrx_word' id='word_1_305' title='bbox 1289 2589 1463 2643; x_wconf 89' lang='lat' dir='ltr'><strong>sancti</strong></span> <span class='ocrx_word' id='word_1_306' title='bbox 1505 2588 1786 2656; x_wconf 79' lang='lat' dir='ltr'><strong>proximis,</strong></span> <span class='ocrx_word' id='word_1_307' title='bbox 1820 2589 1985 2655; x_wconf 90' lang='lat' dir='ltr'><strong>notis,</strong></span> 
     </span>
    </p>
   </div>
   <div class='ocr_carea' id='block_1_45' title="bbox 360 2676 1987 2747">
    <p class='ocr_par' dir='ltr' id='par_1_45' title="bbox 360 2676 1987 2747">
     <span class='ocr_line' id='line_1_45' title="bbox 360 2676 1987 2747; baseline 0.005 -22"><span class='ocrx_word' id='word_1_308' title='bbox 360 2718 367 2725; x_wconf 93' lang='lat'><strong>.</strong></span> <span class='ocrx_word' id='word_1_309' title='bbox 428 2676 697 2744; x_wconf 80' lang='lat' dir='ltr'><strong>cognatis,</strong></span> <span class='ocrx_word' id='word_1_310' title='bbox 738 2677 921 2739; x_wconf 86' lang='lat' dir='ltr'><strong>sociis,</strong></span> <span class='ocrx_word' id='word_1_311' title='bbox 950 2679 1431 2739; x_wconf 84' lang='lat' dir='ltr'><strong>contubernalibus</strong></span> <span class='ocrx_word' id='word_1_312' title='bbox 1458 2688 1513 2734; x_wconf 91' lang='lat' dir='ltr'><strong>et</strong></span> <span class='ocrx_word' id='word_1_313' title='bbox 1545 2678 1851 2747; x_wconf 86' lang='lat' dir='ltr'><strong>discipulis,</strong></span> <span class='ocrx_word' id='word_1_314' title='bbox 1902 2689 1987 2733; x_wconf 85' lang='lat' dir='ltr'><strong>at-</strong></span> 
     </span>
    </p>
   </div>
   <div class='ocr_carea' id='block_1_46' title="bbox 2085 1928 3658 2000">
    <p class='ocr_par' dir='ltr' id='par_1_46' title="bbox 2085 1928 3658 2000">
     <span class='ocr_line' id='line_1_46' title="bbox 2085 1928 3658 2000; baseline 0 -18"><span class='ocrx_word' id='word_1_315' title='bbox 2085 1929 2325 2000; x_wconf 79' lang='grc' dir='ltr'>ὲλεεινὴν</span> <span class='ocrx_word' id='word_1_316' title='bbox 2352 1930 2507 1999; x_wconf 85' lang='grc' dir='ltr'>δίκην</span> <span class='ocrx_word' id='word_1_317' title='bbox 2527 1928 2796 1983; x_wconf 81' lang='grc' dir='ltr'>ὑποίσασα</span> <span class='ocrx_word' id='word_1_318' title='bbox 2820 1931 2854 1997; x_wconf 81' lang='grc' dir='ltr'><strong>ἡ</strong></span> <span class='ocrx_word' id='word_1_319' title='bbox 2881 1929 3032 1981; x_wconf 83' lang='grc' dir='ltr'>δολία</span> <span class='ocrx_word' id='word_1_320' title='bbox 3062 1928 3239 1990; x_wconf 76' lang='grc' dir='ltr'>δουλὶς</span> <span class='ocrx_word' id='word_1_321' title='bbox 3261 1929 3357 1982; x_wconf 77' lang='grc' dir='ltr'><strong>καί</strong></span> <span class='ocrx_word' id='word_1_322' title='bbox 3381 1929 3478 1982; x_wconf 76' lang='grc' dir='ltr'>τοῦ</span> <span class='ocrx_word' id='word_1_323' title='bbox 3504 1929 3658 1983; x_wconf 75' lang='grc' dir='ltr'>ὁσίου</span> 
     </span>
    </p>
   </div>
   <div class='ocr_carea' id='block_1_47' title="bbox 2086 2021 3664 2093">
    <p class='ocr_par' dir='ltr' id='par_1_47' title="bbox 2086 2021 3664 2093">
     <span class='ocr_line' id='line_1_47' title="bbox 2086 2021 3664 2093; baseline 0 -19"><span class='ocrx_word' id='word_1_324' title='bbox 2086 2023 2516 2093; x_wconf 82' lang='grc' dir='ltr'>κατηγορήτρια,</span> <span class='ocrx_word' id='word_1_325' title='bbox 2568 2021 2917 2084; x_wconf 85' lang='grc' dir='ltr'>κακινκάκως</span> <span class='ocrx_word' id='word_1_326' title='bbox 2961 2021 3023 2073; x_wconf 84' lang='grc' dir='ltr'>τὸ</span> <span class='ocrx_word' id='word_1_327' title='bbox 3071 2021 3169 2091; x_wconf 75' lang='grc' dir='ltr'><strong>ζῇν</strong></span> <span class='ocrx_word' id='word_1_328' title='bbox 3212 2021 3529 2091; x_wconf 69' lang='grc' dir='ltr'>ἀπέρρηξεν</span> <span class='ocrx_word' id='word_1_329' title='bbox 3574 2024 3664 2085; x_wconf 85' lang='grc' dir='ltr'><strong>είς</strong></span> 
     </span>
    </p>
   </div>
   <div class='ocr_carea' id='block_1_48' title="bbox 2086 2108 3666 2182">
    <p class='ocr_par' dir='ltr' id='par_1_48' title="bbox 2086 2108 3666 2182">
     <span class='ocr_line' id='line_1_48' title="bbox 2086 2108 3666 2182; baseline 0.001 -20"><span class='ocrx_word' id='word_1_330' title='bbox 2086 2110 2441 2182; x_wconf 79' lang='grc' dir='ltr'>ἀτελεύτητον</span> <span class='ocrx_word' id='word_1_331' title='bbox 2472 2108 2953 2180; x_wconf 74' lang='grc' dir='ltr'>παραπεμφθείσα⁹</span> <span class='ocrx_word' id='word_1_332' title='bbox 2972 2109 3211 2163; x_wconf 85' lang='grc' dir='ltr'>κόλασιν.</span> <span class='ocrx_word' id='word_1_333' title='bbox 3250 2110 3360 2162; x_wconf 68' lang='grc' dir='ltr'><strong>Καὶ</strong></span> <span class='ocrx_word' id='word_1_334' title='bbox 3393 2111 3452 2162; x_wconf 77' lang='grc' dir='ltr'>ὲν</span> <span class='ocrx_word' id='word_1_335' title='bbox 3476 2110 3666 2179; x_wconf 74' lang='grc' dir='ltr'>τούτῳ</span> 
     </span>
    </p>
   </div>
   <div class='ocr_carea' id='block_1_49' title="bbox 2085 2192 3661 2269">
    <p class='ocr_par' dir='ltr' id='par_1_49' title="bbox 2085 2192 3661 2269">
     <span class='ocr_line' id='line_1_49' title="bbox 2085 2192 3661 2269; baseline -0.001 -16"><span class='ocrx_word' id='word_1_336' title='bbox 2085 2200 2185 2254; x_wconf 79' lang='grc' dir='ltr'>οὐκ</span> <span class='ocrx_word' id='word_1_337' title='bbox 2213 2192 2398 2265; x_wconf 79' lang='grc' dir='ltr'>ἄδικος</span> <span class='ocrx_word' id='word_1_338' title='bbox 2422 2202 2450 2252; x_wconf 98' lang='lat'><strong>6</strong></span> <span class='ocrx_word' id='word_1_339' title='bbox 2481 2199 2614 2262; x_wconf 84' lang='grc' dir='ltr'>Θεὸς</span> <span class='ocrx_word' id='word_1_340' title='bbox 2642 2201 2671 2253; x_wconf 91' lang='lat'><strong>6</strong></span> <span class='ocrx_word' id='word_1_341' title='bbox 2699 2200 2887 2269; x_wconf 82' lang='grc' dir='ltr'>τάχιον</span> <span class='ocrx_word' id='word_1_342' title='bbox 2920 2198 3281 2268; x_wconf 80' lang='grc' dir='ltr'>ὲξολοθρεύων</span> <span class='ocrx_word' id='word_1_343' title='bbox 3305 2197 3661 2268; x_wconf 24' lang='grc' dir='ltr'>χεῆηίὸὀλια,</span> 
     </span>
    </p>
   </div>
   <div class='ocr_carea' id='block_1_50' title="bbox 2086 2288 3664 2361">
    <p class='ocr_par' dir='ltr' id='par_1_50' title="bbox 2086 2288 3664 2361">
     <span class='ocr_line' id='line_1_50' title="bbox 2086 2288 3664 2361; baseline -0.001 -19"><span class='ocrx_word' id='word_1_344' title='bbox 2086 2291 2387 2355; x_wconf 75' lang='grc' dir='ltr'>Δαυῖδικῶς</span> <span class='ocrx_word' id='word_1_345' title='bbox 2411 2292 2606 2352; x_wconf 74' lang='grc' dir='ltr'>εἰπεῖν,</span> <span class='ocrx_word' id='word_1_346' title='bbox 2637 2290 2731 2343; x_wconf 74' lang='grc' dir='ltr'>καὶ</span> <span class='ocrx_word' id='word_1_347' title='bbox 2780 2289 3033 2357; x_wconf 86' lang='grc' dir='ltr'>γλῶσσαν</span> <span class='ocrx_word' id='word_1_348' title='bbox 3067 2288 3339 2361; x_wconf 80' lang='grc' dir='ltr'>μεγαλορή</span> <span class='ocrx_word' id='word_1_349' title='bbox 3350 2306 3511 2358; x_wconf 90' lang='grc' dir='ltr'>μονα,</span> <span class='ocrx_word' id='word_1_350' title='bbox 3534 2291 3664 2353; x_wconf 74' lang='grc' dir='ltr'>τοὺς</span> 
     </span>
    </p>
   </div>
   <div class='ocr_carea' id='block_1_51' title="bbox 2083 2378 3546 2449">
    <p class='ocr_par' dir='ltr' id='par_1_51' title="bbox 2083 2378 3546 2449">
     <span class='ocr_line' id='line_1_51' title="bbox 2083 2378 3546 2449; baseline -0.003 -12"><span class='ocrx_word' id='word_1_351' title='bbox 2083 2382 2143 2437; x_wconf 71' lang='grc' dir='ltr'>δὲ</span> <span class='ocrx_word' id='word_1_352' title='bbox 2180 2381 2501 2447; x_wconf 79' lang='grc' dir='ltr'>δοξάζοντας</span> <span class='ocrx_word' id='word_1_353' title='bbox 2527 2380 2689 2434; x_wconf 81' lang='grc' dir='ltr'>αὑτὸν</span> <span class='ocrx_word' id='word_1_354' title='bbox 2720 2378 2960 2447; x_wconf 76' lang='grc' dir='ltr'>δοξάζων</span> <span class='ocrx_word' id='word_1_355' title='bbox 2980 2378 3074 2432; x_wconf 83' lang='grc' dir='ltr'><strong>καὶ</strong></span> <span class='ocrx_word' id='word_1_356' title='bbox 3105 2379 3244 2449; x_wconf 82' lang='grc' dir='ltr'>μετὰ</span> <span class='ocrx_word' id='word_1_357' title='bbox 3290 2378 3546 2432; x_wconf 83' lang='grc' dir='ltr'>θάνατον.</span> 
     </span>
    </p>
   </div>
   <div class='ocr_carea' id='block_1_52' title="bbox 2159 2492 3665 2566">
    <p class='ocr_par' dir='ltr' id='par_1_52' title="bbox 2159 2492 3665 2566">
     <span class='ocr_line' id='line_1_52' title="bbox 2159 2492 3665 2566; baseline -0.001 -17"><span class='ocrx_word' id='word_1_358' title='bbox 2159 2495 2345 2551; x_wconf 83' lang='grc' dir='ltr'>Ταῦτά</span> <span class='ocrx_word' id='word_1_359' title='bbox 2373 2511 2478 2566; x_wconf 87' lang='grc' dir='ltr'><strong>μου</strong></span> <span class='ocrx_word' id='word_1_360' title='bbox 2522 2494 2616 2548; x_wconf 78' lang='grc' dir='ltr'>τοῦ</span> <span class='ocrx_word' id='word_1_361' title='bbox 2668 2495 2949 2564; x_wconf 68' lang='grc' dir='ltr'>ἐλαχίστου</span> <span class='ocrx_word' id='word_1_362' title='bbox 2991 2492 3146 2565; x_wconf 82' lang='grc' dir='ltr'>τοῦδε</span> <span class='ocrx_word' id='word_1_363' title='bbox 3200 2493 3536 2563; x_wconf 84' lang='grc' dir='ltr'>πονήματος,</span> <span class='ocrx_word' id='word_1_364' title='bbox 3586 2492 3665 2547; x_wconf 72' lang='grc' dir='ltr'>τὰ</span> 
     </span>
    </p>
   </div>
   <div class='ocr_carea' id='block_1_53' title="bbox 2087 2582 3664 2657">
    <p class='ocr_par' dir='ltr' id='par_1_53' title="bbox 2087 2582 3664 2657">
     <span class='ocr_line' id='line_1_53' title="bbox 2087 2582 3664 2657; baseline -0.004 -16"><span class='ocrx_word' id='word_1_365' title='bbox 2087 2586 2412 2657; x_wconf 79' lang='grc' dir='ltr'>ὲκλεχθέντα</span> <span class='ocrx_word' id='word_1_366' title='bbox 2442 2586 2596 2656; x_wconf 77' lang='grc' dir='ltr'>παρὰ</span> <span class='ocrx_word' id='word_1_367' title='bbox 2620 2584 2730 2638; x_wconf 87' lang='grc' dir='ltr'><strong>τῶν</strong></span> <span class='ocrx_word' id='word_1_368' title='bbox 2756 2584 2850 2637; x_wconf 80' lang='grc' dir='ltr'>τοῦ</span> <span class='ocrx_word' id='word_1_369' title='bbox 2876 2584 3025 2637; x_wconf 84' lang='grc' dir='ltr'>ὁσίου</span> <span class='ocrx_word' id='word_1_370' title='bbox 3070 2583 3397 2652; x_wconf 84' lang='grc' dir='ltr'>ἀγχιστέων,</span> <span class='ocrx_word' id='word_1_371' title='bbox 3451 2582 3664 2653; x_wconf 75' lang='grc' dir='ltr'>γνωρίο</span> 
     </span>
    </p>
   </div>
   <div class='ocr_carea' id='block_1_54' title="bbox 2091 2673 3661 2749">
    <p class='ocr_par' dir='ltr' id='par_1_54' title="bbox 2091 2673 3661 2749">
     <span class='ocr_line' id='line_1_54' title="bbox 2091 2673 3661 2749; baseline -0.004 -18"><span class='ocrx_word' id='word_1_372' title='bbox 2091 2694 2227 2749; x_wconf 84' lang='grc' dir='ltr'>μων,</span> <span class='ocrx_word' id='word_1_373' title='bbox 2271 2676 2573 2746; x_wconf 84' lang='grc' dir='ltr'>συγγενῶν,</span> <span class='ocrx_word' id='word_1_374' title='bbox 2620 2676 2883 2729; x_wconf 90' lang='grc' dir='ltr'>συνοίκων</span> <span class='ocrx_word' id='word_1_375' title='bbox 2913 2676 2958 2740; x_wconf 73' lang='grc'>⁸,</span> <span class='ocrx_word' id='word_1_376' title='bbox 2989 2673 3301 2744; x_wconf 66' lang='grc' dir='ltr'>ὁμορόφων.</span> <span class='ocrx_word' id='word_1_377' title='bbox 3335 2673 3431 2726; x_wconf 75' lang='grc' dir='ltr'>καὶ</span> <span class='ocrx_word' id='word_1_378' title='bbox 3457 2689 3661 2743; x_wconf 76' lang='grc' dir='ltr'>φοιτηο</span> 
     </span>
    </p>
   </div>
   <div class='ocr_carea' id='block_1_55' title="bbox 426 2764 1990 2841">
    <p class='ocr_par' dir='ltr' id='par_1_55' title="bbox 426 2767 1986 2839">
     <span class='ocr_line' id='line_1_55' title="bbox 426 2767 1986 2839; baseline 0.005 -24"><span class='ocrx_word' id='word_1_379' title='bbox 426 2779 534 2833; x_wconf 89' lang='lat' dir='ltr'><strong>qne</strong></span> <span class='ocrx_word' id='word_1_380' title='bbox 562 2767 724 2820; x_wconf 85' lang='lat' dir='ltr'><strong>etiam</strong></span> <span class='ocrx_word' id='word_1_381' title='bbox 754 2782 783 2820; x_wconf 88' lang='lat' dir='ltr'><strong>a</strong></span> <span class='ocrx_word' id='word_1_382' title='bbox 843 2769 1055 2838; x_wconf 84' lang='lat' dir='ltr'><strong>tyranni</strong></span> <span class='ocrx_word' id='word_1_383' title='bbox 1102 2769 1441 2839; x_wconf 82' lang='lat' dir='ltr'><strong>symmystis,</strong></span> <span class='ocrx_word' id='word_1_384' title='bbox 1493 2769 1585 2838; x_wconf 87' lang='lat' dir='ltr'><strong>qui</strong></span> <span class='ocrx_word' id='word_1_385' title='bbox 1638 2769 1690 2822; x_wconf 91' lang='lat' dir='ltr'><strong>in</strong></span> <span class='ocrx_word' id='word_1_386' title='bbox 1733 2768 1986 2831; x_wconf 73' lang='lat' dir='ltr'><strong>hacvita</strong></span> 
     </span>
    </p>
   </div>
   <div class='ocr_carea' id='block_1_56' title="bbox 2096 2764 3666 2841">
    <p class='ocr_par' dir='ltr' id='par_1_56' title="bbox 2096 2764 3666 2841">
     <span class='ocr_line' id='line_1_56' title="bbox 2096 2764 3666 2841; baseline -0.005 -17"><span class='ocrx_word' id='word_1_387' title='bbox 2096 2771 2216 2836; x_wconf 87' lang='grc' dir='ltr'>τῶν,</span> <span class='ocrx_word' id='word_1_388' title='bbox 2246 2769 2307 2822; x_wconf 84' lang='grc' dir='ltr'>οὐ</span> <span class='ocrx_word' id='word_1_389' title='bbox 2345 2769 2452 2841; x_wconf 76' lang='grc' dir='ltr'>μὴν</span> <span class='ocrx_word' id='word_1_390' title='bbox 2487 2768 2623 2823; x_wconf 81' lang='grc' dir='ltr'>ἀλλὰ</span> <span class='ocrx_word' id='word_1_391' title='bbox 2655 2767 2750 2820; x_wconf 81' lang='grc' dir='ltr'>καὶ</span> <span class='ocrx_word' id='word_1_392' title='bbox 2780 2765 2932 2836; x_wconf 82' lang='grc' dir='ltr'>παρὰ</span> <span class='ocrx_word' id='word_1_393' title='bbox 2953 2765 3062 2819; x_wconf 86' lang='grc' dir='ltr'><strong>τῶν</strong></span> <span class='ocrx_word' id='word_1_394' title='bbox 3094 2764 3188 2818; x_wconf 80' lang='grc' dir='ltr'>τοῦ</span> <span class='ocrx_word' id='word_1_395' title='bbox 3220 2765 3482 2835; x_wconf 85' lang='grc' dir='ltr'>τυράννου</span> <span class='ocrx_word' id='word_1_396' title='bbox 3519 2779 3666 2832; x_wconf 82' lang='grc' dir='ltr'>συμ-</span> 
     </span>
    </p>
   </div>
   <div class='ocr_carea' id='block_1_57' title="bbox 425 2851 1990 2931">
    <p class='ocr_par' dir='ltr' id='par_1_57' title="bbox 425 2856 1989 2926">
     <span class='ocr_line' id='line_1_57' title="bbox 425 2856 1989 2926; baseline 0.004 -17"><span class='ocrx_word' id='word_1_397' title='bbox 425 2856 719 2910; x_wconf 87' lang='lat' dir='ltr'><strong>ctiamnnm</strong></span> <span class='ocrx_word' id='word_1_398' title='bbox 751 2860 1076 2926; x_wconf 82' lang='lat' dir='ltr'><strong>superstites</strong></span> <span class='ocrx_word' id='word_1_399' title='bbox 1100 2869 1247 2914; x_wconf 86' lang='lat' dir='ltr'><strong>sunt.</strong></span> <span class='ocrx_word' id='word_1_400' title='bbox 1297 2860 1377 2914; x_wconf 87' lang='lat' dir='ltr'><strong>Tn</strong></span> <span class='ocrx_word' id='word_1_401' title='bbox 1417 2869 1567 2924; x_wconf 81' lang='lat' dir='ltr'><strong>vero;</strong></span> <span class='ocrx_word' id='word_1_402' title='bbox 1601 2876 1635 2915; x_wconf 92' lang='grc' dir='ltr'><strong>ο</strong></span> <span class='ocrx_word' id='word_1_403' title='bbox 1681 2861 1989 2915; x_wconf 84' lang='lat' dir='ltr'><strong>venerande</strong></span> 
     </span>
    </p>
   </div>
   <div class='ocr_carea' id='block_1_58' title="bbox 2096 2851 3661 2931">
    <p class='ocr_par' dir='ltr' id='par_1_58' title="bbox 2096 2851 3661 2931">
     <span class='ocr_line' id='line_1_58' title="bbox 2096 2851 3661 2931; baseline -0.006 -17"><span class='ocrx_word' id='word_1_404' title='bbox 2096 2860 2333 2931; x_wconf 87' lang='grc' dir='ltr'>μυστῶν,</span> <span class='ocrx_word' id='word_1_405' title='bbox 2373 2859 2480 2913; x_wconf 89' lang='grc' dir='ltr'><strong>τῶν</strong></span> <span class='ocrx_word' id='word_1_406' title='bbox 2539 2857 2724 2929; x_wconf 80' lang='grc' dir='ltr'>ἀκμὴν</span> <span class='ocrx_word' id='word_1_407' title='bbox 2776 2858 2833 2908; x_wconf 77' lang='grc' dir='ltr'>ὲν</span> <span class='ocrx_word' id='word_1_408' title='bbox 2880 2854 3015 2924; x_wconf 84' lang='grc' dir='ltr'>τῷδε</span> <span class='ocrx_word' id='word_1_409' title='bbox 3064 2853 3145 2925; x_wconf 81' lang='grc' dir='ltr'>τῷ</span> <span class='ocrx_word' id='word_1_410' title='bbox 3204 2854 3301 2924; x_wconf 82' lang='grc' dir='ltr'><strong>βίῳ</strong></span> <span class='ocrx_word' id='word_1_411' title='bbox 3344 2851 3661 2915; x_wconf 76' lang='grc' dir='ltr'>συζώντων,</span> 
     </span>
    </p>
   </div>
   <div class='ocr_carea' id='block_1_59' title="bbox 428 2941 1990 3022">
    <p class='ocr_par' dir='ltr' id='par_1_59' title="bbox 428 2944 1988 3022">
     <span class='ocr_line' id='line_1_59' title="bbox 428 2944 1988 3022; baseline 0.003 -23"><span class='ocrx_word' id='word_1_412' title='bbox 428 2944 613 3012; x_wconf 83' lang='lat' dir='ltr'><strong>Pater,</strong></span> <span class='ocrx_word' id='word_1_413' title='bbox 650 2948 796 3003; x_wconf 83' lang='lat' dir='ltr'><strong>illius</strong></span> <span class='ocrx_word' id='word_1_414' title='bbox 820 2949 999 3015; x_wconf 84' lang='lat' dir='ltr'><strong>collis,</strong></span> <span class='ocrx_word' id='word_1_415' title='bbox 1037 2950 1331 3019; x_wconf 74' lang='lat' dir='ltr'><strong>speluncae,</strong></span> <span class='ocrx_word' id='word_1_416' title='bbox 1365 2951 1595 3021; x_wconf 68' lang='lat' dir='ltr'><strong>vitaeque</strong></span> <span class='ocrx_word' id='word_1_417' title='bbox 1624 2951 1840 3022; x_wconf 88' lang='lat' dir='ltr'><strong>generis</strong></span> <span class='ocrx_word' id='word_1_418' title='bbox 1868 2965 1988 3005; x_wconf 84' lang='lat' dir='ltr'><strong>suc-</strong></span> 
     </span>
    </p>
   </div>
   <div class='ocr_carea' id='block_1_60' title="bbox 2096 2941 3662 3022">
    <p class='ocr_par' dir='ltr' id='par_1_60' title="bbox 2096 2941 3662 3022">
     <span class='ocr_line' id='line_1_60' title="bbox 2096 2941 3662 3022; baseline -0.006 -17"><span class='ocrx_word' id='word_1_419' title='bbox 2096 2951 2319 3022; x_wconf 75' lang='grc' dir='ltr'>άληθινά</span> <span class='ocrx_word' id='word_1_420' title='bbox 2334 2948 2684 3021; x_wconf 77' lang='grc' dir='ltr'>-διηγήματα,</span> <span class='ocrx_word' id='word_1_421' title='bbox 2722 2946 2886 3010; x_wconf 67' lang='grc' dir='ltr'>Ἀλλ’,</span> <span class='ocrx_word' id='word_1_422' title='bbox 2918 2941 2963 3000; x_wconf 79' lang='grc' dir='ltr'><strong>ὦ</strong></span> <span class='ocrx_word' id='word_1_423' title='bbox 3000 2945 3184 3016; x_wconf 86' lang='grc' dir='ltr'>Πάτερ</span> <span class='ocrx_word' id='word_1_424' title='bbox 3231 2944 3403 3014; x_wconf 86' lang='grc' dir='ltr'>τίμιε,</span> <span class='ocrx_word' id='word_1_425' title='bbox 3438 2945 3536 2998; x_wconf 78' lang='grc' dir='ltr'>καὶ</span> <span class='ocrx_word' id='word_1_426' title='bbox 3565 2943 3662 2996; x_wconf 73' lang='grc' dir='ltr'>τοΰ</span> 
     </span>
    </p>
   </div>
   <div class='ocr_carea' id='block_1_61' title="bbox 428 3034 1990 3132">
    <p class='ocr_par' dir='ltr' id='par_1_61' title="bbox 428 3037 1988 3109">
     <span class='ocr_line' id='line_1_61' title="bbox 428 3037 1988 3109; baseline 0.004 -22"><span class='ocrx_word' id='word_1_427' title='bbox 428 3048 633 3099; x_wconf 88' lang='lat' dir='ltr'><strong>cessor,</strong></span> <span class='ocrx_word' id='word_1_428' title='bbox 668 3037 1013 3093; x_wconf 83' lang='lat' dir='ltr'><strong>sanctissime</strong></span> <span class='ocrx_word' id='word_1_429' title='bbox 1042 3037 1305 3107; x_wconf 88' lang='lat' dir='ltr'><strong>Epiphani</strong></span> <span class='ocrx_word' id='word_1_430' title='bbox 1327 3078 1343 3103; x_wconf 95' lang='lat'><strong>,</strong></span> <span class='ocrx_word' id='word_1_431' title='bbox 1378 3040 1467 3106; x_wconf 87' lang='lat' dir='ltr'><strong>qui</strong></span> <span class='ocrx_word' id='word_1_432' title='bbox 1505 3054 1638 3094; x_wconf 70' lang='lat' dir='ltr'><strong>meae</strong></span> <span class='ocrx_word' id='word_1_433' title='bbox 1666 3040 1988 3109; x_wconf 72' lang='lat' dir='ltr'><strong>ignorantiae</strong></span> 
     </span>
    </p>
   </div>
   <div class='ocr_carea' id='block_1_62' title="bbox 2096 3034 3662 3132">
    <p class='ocr_par' dir='ltr' id='par_1_62' title="bbox 2096 3034 3662 3112">
     <span class='ocr_line' id='line_1_62' title="bbox 2096 3034 3662 3112; baseline -0.006 -17"><span class='ocrx_word' id='word_1_434' title='bbox 2096 3041 2256 3096; x_wconf 82' lang='grc' dir='ltr'>αὐτοῦ</span> <span class='ocrx_word' id='word_1_435' title='bbox 2287 3040 2475 3112; x_wconf 80' lang='grc' dir='ltr'>βουνοῦ</span> <span class='ocrx_word' id='word_1_436' title='bbox 2508 3041 2601 3094; x_wconf 75' lang='grc' dir='ltr'>καὶ</span> <span class='ocrx_word' id='word_1_437' title='bbox 2628 3038 2722 3092; x_wconf 82' lang='grc' dir='ltr'><strong>τοῦ</strong></span> <span class='ocrx_word' id='word_1_438' title='bbox 2765 3038 3029 3107; x_wconf 76' lang='grc' dir='ltr'>σπηλαίου</span> <span class='ocrx_word' id='word_1_439' title='bbox 3057 3037 3151 3091; x_wconf 76' lang='grc' dir='ltr'>καὶ</span> <span class='ocrx_word' id='word_1_440' title='bbox 3182 3035 3275 3089; x_wconf 82' lang='grc' dir='ltr'>τοῦ</span> <span class='ocrx_word' id='word_1_441' title='bbox 3309 3035 3515 3107; x_wconf 77' lang='grc' dir='ltr'>τρόπου</span> <span class='ocrx_word' id='word_1_442' title='bbox 3540 3034 3662 3087; x_wconf 82' lang='grc' dir='ltr'>διά-</span> 
     </span>
    </p>
   </div>
   <div class='ocr_carea' id='block_1_63' title="bbox 427 3124 1990 3206">
    <p class='ocr_par' dir='ltr' id='par_1_63' title="bbox 427 3124 1988 3195">
     <span class='ocr_line' id='line_1_63' title="bbox 427 3124 1988 3195; baseline 0.004 -16"><span class='ocrx_word' id='word_1_443' title='bbox 427 3135 480 3179; x_wconf 83' lang='lat' dir='ltr'><strong>et</strong></span> <span class='ocrx_word' id='word_1_444' title='bbox 512 3124 714 3195; x_wconf 84' lang='lat' dir='ltr'><strong>ingenii</strong></span> <span class='ocrx_word' id='word_1_445' title='bbox 771 3127 1046 3185; x_wconf 87' lang='lat' dir='ltr'><strong>tarditatis</strong></span> <span class='ocrx_word' id='word_1_446' title='bbox 1078 3128 1219 3183; x_wconf 89' lang='lat' dir='ltr'><strong>nulla</strong></span> <span class='ocrx_word' id='word_1_447' title='bbox 1254 3130 1467 3184; x_wconf 87' lang='lat' dir='ltr'><strong>ratione</strong></span> <span class='ocrx_word' id='word_1_448' title='bbox 1519 3131 1697 3185; x_wconf 82' lang='lat' dir='ltr'><strong>habita</strong></span> <span class='ocrx_word' id='word_1_449' title='bbox 1722 3169 1738 3194; x_wconf 93' lang='lat'><strong>,</strong></span> <span class='ocrx_word' id='word_1_450' title='bbox 1784 3132 1849 3185; x_wconf 91' lang='lat' dir='ltr'><strong>ad</strong></span> <span class='ocrx_word' id='word_1_451' title='bbox 1885 3131 1988 3186; x_wconf 89' lang='lat' dir='ltr'><strong>hoc</strong></span> 
     </span>
    </p>
   </div>
   <div class='ocr_carea' id='block_1_64' title="bbox 2096 3124 3664 3206">
    <p class='ocr_par' dir='ltr' id='par_1_64' title="bbox 2096 3128 3664 3206">
     <span class='ocr_line' id='line_1_64' title="bbox 2096 3128 3664 3206; baseline -0.005 -17"><span class='ocrx_word' id='word_1_452' title='bbox 2096 3136 2234 3206; x_wconf 85' lang='grc' dir='ltr'>Βοχε,</span> <span class='ocrx_word' id='word_1_453' title='bbox 2289 3132 2555 3189; x_wconf 86' lang='grc' dir='ltr'>όσιώτατε</span> <span class='ocrx_word' id='word_1_454' title='bbox 2601 3131 2907 3201; x_wconf 83' lang='grc' dir='ltr'>Ἐπιφάνιε,</span> <span class='ocrx_word' id='word_1_455' title='bbox 2952 3133 2984 3185; x_wconf 87' lang='lat'><strong>6</strong></span> <span class='ocrx_word' id='word_1_456' title='bbox 3036 3131 3135 3185; x_wconf 78' lang='grc' dir='ltr'>καὶ</span> <span class='ocrx_word' id='word_1_457' title='bbox 3180 3128 3317 3202; x_wconf 72' lang='grc' dir='ltr'>πρὸς</span> <span class='ocrx_word' id='word_1_458' title='bbox 3360 3128 3425 3183; x_wconf 76' lang='grc' dir='ltr'>τὸ</span> <span class='ocrx_word' id='word_1_459' title='bbox 3456 3129 3664 3182; x_wconf 73' lang='grc' dir='ltr'>τοιόνδε</span> 
     </span>
    </p>
   </div>
   <div class='ocr_carea' id='block_1_65' title="bbox 434 3217 1990 3296">
    <p class='ocr_par' dir='ltr' id='par_1_65' title="bbox 434 3217 1990 3287">
     <span class='ocr_line' id='line_1_65' title="bbox 434 3217 1990 3287; baseline 0.005 -20"><span class='ocrx_word' id='word_1_460' title='bbox 434 3230 571 3284; x_wconf 76' lang='lat' dir='ltr'><strong>opus</strong></span> <span class='ocrx_word' id='word_1_461' title='bbox 594 3217 1014 3287; x_wconf 81' lang='lat' dir='ltr'><strong>aggrediendum</strong></span> <span class='ocrx_word' id='word_1_462' title='bbox 1041 3234 1176 3274; x_wconf 74' lang='lat' dir='ltr'><strong>mete</strong></span> <span class='ocrx_word' id='word_1_463' title='bbox 1211 3220 1405 3275; x_wconf 78' lang='lat' dir='ltr'><strong>vilitati</strong></span> <span class='ocrx_word' id='word_1_464' title='bbox 1441 3229 1630 3276; x_wconf 88' lang='lat' dir='ltr'><strong>auctor</strong></span> <span class='ocrx_word' id='word_1_465' title='bbox 1661 3231 1716 3276; x_wconf 88' lang='lat' dir='ltr'><strong>et</strong></span> <span class='ocrx_word' id='word_1_466' title='bbox 1748 3222 1990 3276; x_wconf 88' lang='lat' dir='ltr'><strong>hortator</strong></span> 
     </span>
    </p>
   </div>
   <div class='ocr_carea' id='block_1_66' title="bbox 2096 3217 3663 3296">
    <p class='ocr_par' dir='ltr' id='par_1_66' title="bbox 2096 3218 3663 3296">
     <span class='ocr_line' id='line_1_66' title="bbox 2096 3218 3663 3296; baseline -0.006 -18"><span class='ocrx_word' id='word_1_467' title='bbox 2096 3225 2406 3296; x_wconf 70' lang='grc' dir='ltr'>ἐγχείρημα</span> <span class='ocrx_word' id='word_1_468' title='bbox 2457 3222 2720 3290; x_wconf 76' lang='grc' dir='ltr'>ἐπιτάξας</span> <span class='ocrx_word' id='word_1_469' title='bbox 2776 3223 2871 3276; x_wconf 73' lang='grc' dir='ltr'>καὶ</span> <span class='ocrx_word' id='word_1_470' title='bbox 2906 3221 3355 3292; x_wconf 82' lang='grc' dir='ltr'>προτρεψάμενος</span> <span class='ocrx_word' id='word_1_471' title='bbox 3384 3218 3488 3290; x_wconf 75' lang='grc' dir='ltr'>τὴν</span> <span class='ocrx_word' id='word_1_472' title='bbox 3520 3219 3663 3288; x_wconf 70' lang='grc' dir='ltr'>ἐμὴν</span> 
     </span>
    </p>
   </div>
   <div class='ocr_carea' id='block_1_67' title="bbox 438 3308 1991 3380">
    <p class='ocr_par' dir='ltr' id='par_1_67' title="bbox 438 3308 1991 3380">
     <span class='ocr_line' id='line_1_67' title="bbox 438 3308 1991 3380; baseline 0.003 -19"><span class='ocrx_word' id='word_1_473' title='bbox 438 3308 621 3374; x_wconf 76' lang='lat' dir='ltr'><strong>luisti,</strong></span> <span class='ocrx_word' id='word_1_474' title='bbox 654 3310 768 3364; x_wconf 65' lang='lat' dir='ltr'><strong>hinc</strong></span> <span class='ocrx_word' id='word_1_475' title='bbox 795 3326 962 3380; x_wconf 86' lang='lat' dir='ltr'><strong>pauca</strong></span> <span class='ocrx_word' id='word_1_476' title='bbox 997 3328 1115 3379; x_wconf 69' lang='lat' dir='ltr'><strong>quae</strong></span> <span class='ocrx_word' id='word_1_477' title='bbox 1146 3327 1209 3367; x_wconf 83' lang='lat' dir='ltr'><strong>ex</strong></span> <span class='ocrx_word' id='word_1_478' title='bbox 1242 3312 1428 3367; x_wconf 85' lang='lat' dir='ltr'><strong>multis</strong></span> <span class='ocrx_word' id='word_1_479' title='bbox 1453 3312 1660 3380; x_wconf 83' lang='lat' dir='ltr'><strong>absque</strong></span> <span class='ocrx_word' id='word_1_480' title='bbox 1693 3312 1795 3366; x_wconf 89' lang='lat' dir='ltr'><strong>ulla</strong></span> <span class='ocrx_word' id='word_1_481' title='bbox 1841 3329 1991 3368; x_wconf 89' lang='lat' dir='ltr'><strong>mora</strong></span> 
     </span>
    </p>
   </div>
   <div class='ocr_carea' id='block_1_68' title="bbox 435 3402 1994 3475">
    <p class='ocr_par' dir='ltr' id='par_1_68' title="bbox 435 3402 1994 3475">
     <span class='ocr_line' id='line_1_68' title="bbox 435 3402 1994 3475; baseline 0.005 -25"><span class='ocrx_word' id='word_1_482' title='bbox 435 3410 646 3453; x_wconf 87' lang='lat' dir='ltr'><strong>tuarum</strong></span> <span class='ocrx_word' id='word_1_483' title='bbox 680 3403 990 3457; x_wconf 87' lang='lat' dir='ltr'><strong>orationum</strong></span> <span class='ocrx_word' id='word_1_484' title='bbox 1020 3402 1131 3457; x_wconf 87' lang='lat' dir='ltr'><strong>Deo</strong></span> <span class='ocrx_word' id='word_1_485' title='bbox 1154 3404 1585 3473; x_wconf 80' lang='lat' dir='ltr'><strong>gratissimarnm</strong></span> <span class='ocrx_word' id='word_1_486' title='bbox 1614 3406 1812 3460; x_wconf 87' lang='lat' dir='ltr'><strong>virtute</strong></span> <span class='ocrx_word' id='word_1_487' title='bbox 1845 3405 1994 3475; x_wconf 85' lang='lat' dir='ltr'><strong>adju-</strong></span> 
     </span>
    </p>
   </div>
   <div class='ocr_carea' id='block_1_69' title="bbox 431 3493 1713 3566">
    <p class='ocr_par' dir='ltr' id='par_1_69' title="bbox 431 3493 1713 3566">
     <span class='ocr_line' id='line_1_69' title="bbox 431 3493 1713 3566; baseline 0.005 -22"><span class='ocrx_word' id='word_1_488' title='bbox 431 3500 521 3546; x_wconf 85' lang='lat' dir='ltr'><strong>tus</strong></span> <span class='ocrx_word' id='word_1_489' title='bbox 556 3493 799 3563; x_wconf 70' lang='lat' dir='ltr'><strong>escerpsi</strong></span> <span class='ocrx_word' id='word_1_490' title='bbox 839 3503 889 3549; x_wconf 89' lang='lat' dir='ltr'><strong>et</strong></span> <span class='ocrx_word' id='word_1_491' title='bbox 923 3494 1016 3549; x_wconf 88' lang='lat' dir='ltr'><strong>tibi</strong></span> <span class='ocrx_word' id='word_1_492' title='bbox 1048 3495 1242 3560; x_wconf 83' lang='lat' dir='ltr'><strong>oll‘ero,</strong></span> <span class='ocrx_word' id='word_1_493' title='bbox 1269 3510 1472 3565; x_wconf 69' lang='lat' dir='ltr'><strong>quzeso,</strong></span> <span class='ocrx_word' id='word_1_494' title='bbox 1508 3496 1713 3566; x_wconf 86' lang='lat' dir='ltr'><strong>accipe.</strong></span> 
     </span>
    </p>
   </div>
   <div class='ocr_carea' id='block_1_70' title="bbox 505 3761 2000 3839">
    <p class='ocr_par' dir='ltr' id='par_1_70' title="bbox 505 3761 2000 3839">
     <span class='ocr_line' id='line_1_70' title="bbox 505 3761 2000 3839; baseline 0.001 -20"><span class='ocrx_word' id='word_1_495' title='bbox 505 3761 669 3835; x_wconf 72' lang='lat'><strong>528</strong></span> <span class='ocrx_word' id='word_1_496' title='bbox 695 3762 832 3829; x_wconf 85' lang='lat' dir='ltr'><strong>Quid</strong></span> <span class='ocrx_word' id='word_1_497' title='bbox 877 3777 1004 3820; x_wconf 87' lang='lat' dir='ltr'><strong>vero</strong></span> <span class='ocrx_word' id='word_1_498' title='bbox 1032 3764 1099 3818; x_wconf 87' lang='lat' dir='ltr'><strong>ad</strong></span> <span class='ocrx_word' id='word_1_499' title='bbox 1136 3774 1187 3818; x_wconf 89' lang='lat' dir='ltr'><strong>te</strong></span> <span class='ocrx_word' id='word_1_500' title='bbox 1224 3763 1439 3839; x_wconf 86' lang='lat' dir='ltr'><strong>loquar,</strong></span> <span class='ocrx_word' id='word_1_501' title='bbox 1481 3779 1513 3819; x_wconf 87' lang='grc' dir='ltr'><strong>ο</strong></span> <span class='ocrx_word' id='word_1_502' title='bbox 1547 3764 1709 3819; x_wconf 83' lang='lat' dir='ltr'><strong>Pater</strong></span> <span class='ocrx_word' id='word_1_503' title='bbox 1731 3771 1786 3819; x_wconf 89' lang='lat' dir='ltr'><strong>et</strong></span> <span class='ocrx_word' id='word_1_504' title='bbox 1811 3774 2000 3820; x_wconf 87' lang='lat' dir='ltr'><strong>sancte</strong></span> 
     </span>
    </p>
   </div>
   <div class='ocr_carea' id='block_1_71' title="bbox 436 3854 1997 3926">
    <p class='ocr_par' dir='ltr' id='par_1_71' title="bbox 436 3854 1997 3926">
     <span class='ocr_line' id='line_1_71' title="bbox 436 3854 1997 3926; baseline 0.001 -20"><span class='ocrx_word' id='word_1_505' title='bbox 436 3864 665 3923; x_wconf 82' lang='lat' dir='ltr'><strong>martyr,</strong></span> <span class='ocrx_word' id='word_1_506' title='bbox 699 3854 872 3908; x_wconf 84' lang='lat' dir='ltr'><strong>victor</strong></span> <span class='ocrx_word' id='word_1_507' title='bbox 893 3856 1103 3910; x_wconf 70' lang='lat' dir='ltr'><strong>caeteris</strong></span> <span class='ocrx_word' id='word_1_508' title='bbox 1122 3855 1417 3910; x_wconf 81' lang='lat' dir='ltr'><strong>victoribus</strong></span> <span class='ocrx_word' id='word_1_509' title='bbox 1441 3856 1599 3926; x_wconf 90' lang='lat' dir='ltr'><strong>longe</strong></span> <span class='ocrx_word' id='word_1_510' title='bbox 1630 3854 1997 3924; x_wconf 80' lang='lat' dir='ltr'><strong>praestantior,</strong></span> 
     </span>
    </p>
   </div>
   <div class='ocr_carea' id='block_1_72' title="bbox 437 3946 2001 4016">
    <p class='ocr_par' dir='ltr' id='par_1_72' title="bbox 437 3946 2001 4016">
     <span class='ocr_line' id='line_1_72' title="bbox 437 3946 2001 4016; baseline -0.001 -16"><span class='ocrx_word' id='word_1_511' title='bbox 437 3960 495 4000; x_wconf 86' lang='lat' dir='ltr'><strong>re</strong></span> <span class='ocrx_word' id='word_1_512' title='bbox 522 3955 574 3998; x_wconf 87' lang='lat' dir='ltr'><strong>et</strong></span> <span class='ocrx_word' id='word_1_513' title='bbox 597 3946 816 4001; x_wconf 87' lang='lat' dir='ltr'><strong>nomine</strong></span> <span class='ocrx_word' id='word_1_514' title='bbox 840 3946 1137 4015; x_wconf 84' lang='lat' dir='ltr'><strong>Stephane,</strong></span> <span class='ocrx_word' id='word_1_515' title='bbox 1190 3947 1303 4000; x_wconf 79' lang='lat' dir='ltr'><strong>sive</strong></span> <span class='ocrx_word' id='word_1_516' title='bbox 1333 3947 1579 4001; x_wconf 76' lang='lat' dir='ltr'><strong>corona?</strong></span> <span class='ocrx_word' id='word_1_517' title='bbox 1610 3946 1887 4016; x_wconf 86' lang='lat' dir='ltr'><strong>Siquidem</strong></span> <span class='ocrx_word' id='word_1_518' title='bbox 1912 3963 2001 4001; x_wconf 88' lang='lat' dir='ltr'><strong>su-</strong></span> 
     </span>
    </p>
   </div>
   <div class='ocr_carea' id='block_1_73' title="bbox 437 4020 2000 4109">
    <p class='ocr_par' dir='ltr' id='par_1_73' title="bbox 437 4020 2000 4109">
     <span class='ocr_line' id='line_1_73' title="bbox 437 4020 2000 4109; baseline 0.003 -21"><span class='ocrx_word' id='word_1_519' title='bbox 437 4052 532 4107; x_wconf 87' lang='lat' dir='ltr'><strong>pra</strong></span> <span class='ocrx_word' id='word_1_520' title='bbox 567 4038 829 4092; x_wconf 88' lang='lat' dir='ltr'><strong>humanas</strong></span> <span class='ocrx_word' id='word_1_521' title='bbox 853 4038 997 4092; x_wconf 85' lang='lat' dir='ltr'><strong>vires</strong></span> <span class='ocrx_word' id='word_1_522' title='bbox 1034 4045 1119 4093; x_wconf 79' lang='lat' dir='ltr'><strong>est</strong></span> <span class='ocrx_word' id='word_1_523' title='bbox 1148 4047 1295 4091; x_wconf 91' lang='lat' dir='ltr'><strong>tuum</strong></span> <span class='ocrx_word' id='word_1_524' title='bbox 1329 4039 1672 4109; x_wconf 80' lang='lat' dir='ltr'><strong>martyrium.</strong></span> <span class='ocrx_word' id='word_1_525' title='bbox 1704 4020 1840 4094; x_wconf 78' lang='lat' dir='ltr'><strong>Cum</strong></span> <span class='ocrx_word' id='word_1_526' title='bbox 1870 4052 2000 4107; x_wconf 79' lang='lat' dir='ltr'><strong>ergo</strong></span> 
     </span>
    </p>
   </div>
   <div class='ocr_carea' id='block_1_74' title="bbox 438 4126 1998 4200">
    <p class='ocr_par' dir='ltr' id='par_1_74' title="bbox 438 4126 1998 4200">
     <span class='ocr_line' id='line_1_74' title="bbox 438 4126 1998 4200; baseline 0.001 -20"><span class='ocrx_word' id='word_1_527' title='bbox 438 4126 649 4181; x_wconf 84' lang='lat' dir='ltr'><strong>illorum</strong></span> <span class='ocrx_word' id='word_1_528' title='bbox 692 4127 875 4182; x_wconf 87' lang='lat' dir='ltr'><strong>laudes</strong></span> <span class='ocrx_word' id='word_1_529' title='bbox 910 4128 1198 4182; x_wconf 87' lang='lat' dir='ltr'><strong>humanam</strong></span> <span class='ocrx_word' id='word_1_530' title='bbox 1225 4127 1535 4183; x_wconf 83' lang='lat' dir='ltr'><strong>facultatem</strong></span> <span class='ocrx_word' id='word_1_531' title='bbox 1567 4140 1829 4200; x_wconf 75' lang='lat' dir='ltr'><strong>superant</strong></span> <span class='ocrx_word' id='word_1_532' title='bbox 1858 4143 1998 4197; x_wconf 87' lang='lat' dir='ltr'><strong>quo-</strong></span> 
     </span>
    </p>
   </div>
   <div class='ocr_carea' id='block_1_75' title="bbox 438 4218 2002 4290">
    <p class='ocr_par' dir='ltr' id='par_1_75' title="bbox 438 4218 2002 4290">
     <span class='ocr_line' id='line_1_75' title="bbox 438 4218 2002 4290; baseline 0 -18"><span class='ocrx_word' id='word_1_533' title='bbox 438 4234 555 4272; x_wconf 87' lang='lat' dir='ltr'><strong>rum</strong></span> <span class='ocrx_word' id='word_1_534' title='bbox 585 4218 724 4271; x_wconf 79' lang='lat' dir='ltr'><strong>facta</strong></span> <span class='ocrx_word' id='word_1_535' title='bbox 779 4219 1072 4290; x_wconf 79' lang='lat' dir='ltr'><strong>singularia</strong></span> <span class='ocrx_word' id='word_1_536' title='bbox 1137 4229 1307 4275; x_wconf 89' lang='lat' dir='ltr'><strong>sunt:</strong></span> <span class='ocrx_word' id='word_1_537' title='bbox 1363 4221 1564 4275; x_wconf 84' lang='lat' dir='ltr'><strong>idcirco</strong></span> <span class='ocrx_word' id='word_1_538' title='bbox 1625 4236 1757 4275; x_wconf 65' lang='lat' dir='ltr'><strong>meae</strong></span> <span class='ocrx_word' id='word_1_539' title='bbox 1807 4220 2002 4290; x_wconf 72' lang='lat' dir='ltr'><strong>inepiie</strong></span> 
     </span>
    </p>
   </div>
   <div class='ocr_carea' id='block_1_76' title="bbox 436 4308 1998 4378">
    <p class='ocr_par' dir='ltr' id='par_1_76' title="bbox 436 4308 1998 4378">
     <span class='ocr_line' id='line_1_76' title="bbox 436 4308 1998 4378; baseline -0.001 -18"><span class='ocrx_word' id='word_1_540' title='bbox 436 4308 680 4362; x_wconf 89' lang='lat' dir='ltr'><strong>obicibus</strong></span> <span class='ocrx_word' id='word_1_541' title='bbox 715 4318 805 4362; x_wconf 89' lang='lat' dir='ltr'><strong>tuo</strong></span> <span class='ocrx_word' id='word_1_542' title='bbox 871 4309 1175 4364; x_wconf 69' lang='lat' dir='ltr'><strong>interventu</strong></span> <span class='ocrx_word' id='word_1_543' title='bbox 1225 4325 1290 4365; x_wconf 81' lang='lat' dir='ltr'><strong>ex</strong></span> <span class='ocrx_word' id='word_1_544' title='bbox 1350 4320 1503 4378; x_wconf 89' lang='lat' dir='ltr'><strong>parte</strong></span> <span class='ocrx_word' id='word_1_545' title='bbox 1537 4310 1826 4378; x_wconf 81' lang='lat' dir='ltr'><strong>perfractis</strong></span> <span class='ocrx_word' id='word_1_546' title='bbox 1856 4348 1871 4372; x_wconf 95' lang='lat'><strong>,</strong></span> <span class='ocrx_word' id='word_1_547' title='bbox 1910 4319 1998 4361; x_wconf 89' lang='lat' dir='ltr'><strong>tua</strong></span> 
     </span>
    </p>
   </div>
   <div class='ocr_carea' id='block_1_77' title="bbox 2092 3310 3665 3388">
    <p class='ocr_par' dir='ltr' id='par_1_77' title="bbox 2092 3310 3665 3388">
     <span class='ocr_line' id='line_1_77' title="bbox 2092 3310 3665 3388; baseline -0.004 -15"><span class='ocrx_word' id='word_1_548' title='bbox 2092 3319 2479 3388; x_wconf 83' lang='grc' dir='ltr'>ταπεινότητα,</span> <span class='ocrx_word' id='word_1_549' title='bbox 2510 3314 2752 3387; x_wconf 84' lang='grc' dir='ltr'>παριδὼν</span> <span class='ocrx_word' id='word_1_550' title='bbox 2771 3316 2871 3386; x_wconf 81' lang='grc' dir='ltr'>τήν</span> <span class='ocrx_word' id='word_1_551' title='bbox 2896 3332 2954 3367; x_wconf 87' lang='grc' dir='ltr'><strong>τε</strong></span> <span class='ocrx_word' id='word_1_552' title='bbox 2982 3313 3254 3368; x_wconf 86' lang='grc' dir='ltr'>ίδιωτείαν</span> <span class='ocrx_word' id='word_1_553' title='bbox 3270 3313 3366 3365; x_wconf 81' lang='grc' dir='ltr'>καὶ</span> <span class='ocrx_word' id='word_1_554' title='bbox 3395 3310 3665 3380; x_wconf 83' lang='grc' dir='ltr'>νωθρείαν</span> 
     </span>
    </p>
   </div>
   <div class='ocr_carea' id='block_1_78' title="bbox 2100 3401 3667 3481">
    <p class='ocr_par' dir='ltr' id='par_1_78' title="bbox 2100 3401 3667 3481">
     <span class='ocr_line' id='line_1_78' title="bbox 2100 3401 3667 3481; baseline -0.008 -16"><span class='ocrx_word' id='word_1_555' title='bbox 2100 3428 2224 3481; x_wconf 88' lang='grc' dir='ltr'>μου.</span> <span class='ocrx_word' id='word_1_556' title='bbox 2257 3410 2432 3479; x_wconf 88' lang='grc' dir='ltr'>δέχοιο</span> <span class='ocrx_word' id='word_1_557' title='bbox 2482 3408 2625 3477; x_wconf 77' lang='grc' dir='ltr'>ἅπερ</span> <span class='ocrx_word' id='word_1_558' title='bbox 2665 3405 2759 3459; x_wconf 73' lang='grc' dir='ltr'>καὶ</span> <span class='ocrx_word' id='word_1_559' title='bbox 2784 3406 2944 3460; x_wconf 82' lang='grc' dir='ltr'>δκνου</span> <span class='ocrx_word' id='word_1_560' title='bbox 3001 3404 3205 3467; x_wconf 72' lang='grc' dir='ltr'>παντὸς</span> <span class='ocrx_word' id='word_1_561' title='bbox 3264 3403 3410 3472; x_wconf 85' lang='grc' dir='ltr'>δίχα,</span> <span class='ocrx_word' id='word_1_562' title='bbox 3446 3403 3513 3455; x_wconf 75' lang='grc' dir='ltr'>ὲκ</span> <span class='ocrx_word' id='word_1_563' title='bbox 3558 3401 3667 3453; x_wconf 87' lang='grc' dir='ltr'><strong>τῶν</strong></span> 
     </span>
    </p>
   </div>
   <div class='ocr_carea' id='block_1_79' title="bbox 2097 3492 3665 3567">
    <p class='ocr_par' dir='ltr' id='par_1_79' title="bbox 2097 3492 3665 3567">
     <span class='ocr_line' id='line_1_79' title="bbox 2097 3492 3665 3567; baseline -0.01 -11"><span class='ocrx_word' id='word_1_564' title='bbox 2097 3501 2306 3556; x_wconf 84' lang='grc' dir='ltr'>πολλῶν</span> <span class='ocrx_word' id='word_1_565' title='bbox 2352 3500 2509 3567; x_wconf 82' lang='grc' dir='ltr'>ὀλίγα</span> <span class='ocrx_word' id='word_1_566' title='bbox 2561 3496 2959 3566; x_wconf 78' lang='grc' dir='ltr'>συλλεξάμενος</span> <span class='ocrx_word' id='word_1_567' title='bbox 3011 3494 3354 3562; x_wconf 80' lang='grc' dir='ltr'>ἐπιφέροιμι,</span> <span class='ocrx_word' id='word_1_568' title='bbox 3400 3492 3665 3561; x_wconf 73' lang='grc' dir='ltr'>συνεργὸν</span> 
     </span>
    </p>
   </div>
   <div class='ocr_carea' id='block_1_80' title="bbox 2098 3580 3666 3663">
    <p class='ocr_par' dir='ltr' id='par_1_80' title="bbox 2098 3580 3666 3663">
     <span class='ocr_line' id='line_1_80' title="bbox 2098 3580 3666 3663; baseline -0.008 -18"><span class='ocrx_word' id='word_1_569' title='bbox 2098 3589 2497 3663; x_wconf 77' lang='grc' dir='ltr'>προκατασχὼν</span> <span class='ocrx_word' id='word_1_570' title='bbox 2523 3590 2582 3642; x_wconf 80' lang='grc' dir='ltr'>ἐν</span> <span class='ocrx_word' id='word_1_571' title='bbox 2604 3587 2813 3648; x_wconf 77' lang='grc' dir='ltr'>τούτοις</span> <span class='ocrx_word' id='word_1_572' title='bbox 2837 3584 2947 3638; x_wconf 85' lang='grc' dir='ltr'><strong>τῶν</strong></span> <span class='ocrx_word' id='word_1_573' title='bbox 2979 3585 3086 3636; x_wconf 91' lang='grc' dir='ltr'><strong>σῶν</strong></span> <span class='ocrx_word' id='word_1_574' title='bbox 3109 3582 3522 3651; x_wconf 77' lang='grc' dir='ltr'>εὖπροσδέκτων</span> <span class='ocrx_word' id='word_1_575' title='bbox 3545 3580 3666 3650; x_wconf 81' lang='grc' dir='ltr'><strong>Θεῷ</strong></span> 
     </span>
    </p>
   </div>
   <div class='ocr_carea' id='block_1_81' title="bbox 2099 3679 2804 3752">
    <p class='ocr_par' dir='ltr' id='par_1_81' title="bbox 2099 3679 2804 3752">
     <span class='ocr_line' id='line_1_81' title="bbox 2099 3679 2804 3752; baseline -0.009 -16"><span class='ocrx_word' id='word_1_576' title='bbox 2099 3683 2271 3752; x_wconf 85' lang='grc' dir='ltr'>εὐχῶν</span> <span class='ocrx_word' id='word_1_577' title='bbox 2305 3682 2402 3749; x_wconf 86' lang='grc' dir='ltr'>τὴν</span> <span class='ocrx_word' id='word_1_578' title='bbox 2432 3679 2804 3733; x_wconf 82' lang='grc' dir='ltr'>καλλιέπειαν.</span> 
     </span>
    </p>
   </div>
   <div class='ocr_carea' id='block_1_82' title="bbox 2169 3758 3664 3841">
    <p class='ocr_par' dir='ltr' id='par_1_82' title="bbox 2169 3758 3664 3841">
     <span class='ocr_line' id='line_1_82' title="bbox 2169 3758 3664 3841; baseline -0.007 -16"><span class='ocrx_word' id='word_1_579' title='bbox 2169 3773 2233 3825; x_wconf 85' lang='grc' dir='ltr'>Τί</span> <span class='ocrx_word' id='word_1_580' title='bbox 2260 3771 2316 3825; x_wconf 71' lang='grc' dir='ltr'>δὲ</span> <span class='ocrx_word' id='word_1_581' title='bbox 2348 3771 2442 3824; x_wconf 77' lang='grc' dir='ltr'>καὶ</span> <span class='ocrx_word' id='word_1_582' title='bbox 2473 3770 2613 3841; x_wconf 71' lang='grc' dir='ltr'>πρὸς</span> <span class='ocrx_word' id='word_1_583' title='bbox 2652 3770 2711 3821; x_wconf 74' lang='grc' dir='ltr'>σὲ</span> <span class='ocrx_word' id='word_1_584' title='bbox 2747 3767 3073 3836; x_wconf 80' lang='grc' dir='ltr'>φθέγξομαι,</span> <span class='ocrx_word' id='word_1_585' title='bbox 3106 3758 3151 3821; x_wconf 81' lang='grc' dir='ltr'>ὧ</span> <span class='ocrx_word' id='word_1_586' title='bbox 3186 3764 3370 3831; x_wconf 82' lang='grc' dir='ltr'>Πάτερ</span> <span class='ocrx_word' id='word_1_587' title='bbox 3399 3762 3664 3832; x_wconf 76' lang='grc' dir='ltr'>δσιόμαρο</span> 
     </span>
    </p>
   </div>
   <div class='ocr_carea' id='block_1_83' title="bbox 2097 3852 3665 3929">
    <p class='ocr_par' dir='ltr' id='par_1_83' title="bbox 2097 3852 3665 3929">
     <span class='ocr_line' id='line_1_83' title="bbox 2097 3852 3665 3929; baseline -0.008 -14"><span class='ocrx_word' id='word_1_588' title='bbox 2097 3878 2194 3925; x_wconf 88' lang='grc' dir='ltr'><strong>τυς</strong></span> <span class='ocrx_word' id='word_1_589' title='bbox 2230 3861 2327 3914; x_wconf 57' lang='grc' dir='ltr'><strong>καὶ¹</strong></span> <span class='ocrx_word' id='word_1_590' title='bbox 2369 3858 2639 3929; x_wconf 79' lang='grc' dir='ltr'>ἀθλοφόρε</span> <span class='ocrx_word' id='word_1_591' title='bbox 2678 3857 2819 3927; x_wconf 79' lang='grc' dir='ltr'>ὑπὲρ</span> <span class='ocrx_word' id='word_1_592' title='bbox 2853 3856 3166 3926; x_wconf 82' lang='grc' dir='ltr'>ἁθλοφόρων</span> <span class='ocrx_word' id='word_1_593' title='bbox 3217 3852 3506 3924; x_wconf 77' lang='grc' dir='ltr'>φερώνυμε</span> <span class='ocrx_word' id='word_1_594' title='bbox 3534 3852 3665 3904; x_wconf 76' lang='grc' dir='ltr'>Στέ-</span> 
     </span>
    </p>
   </div>
   <div class='ocr_carea' id='block_1_84' title="bbox 2101 3940 3663 4019">
    <p class='ocr_par' dir='ltr' id='par_1_84' title="bbox 2101 3940 3663 4019">
     <span class='ocr_line' id='line_1_84' title="bbox 2101 3940 3663 4019; baseline -0.006 -17"><span class='ocrx_word' id='word_1_595' title='bbox 2101 3964 2265 4019; x_wconf 77' lang='grc' dir='ltr'>φανες</span> <span class='ocrx_word' id='word_1_596' title='bbox 2296 3948 2436 4019; x_wconf 80' lang='grc' dir='ltr'>ὑπὲρ</span> <span class='ocrx_word' id='word_1_597' title='bbox 2454 3946 2562 4016; x_wconf 81' lang='grc' dir='ltr'><strong>γὰρ</strong></span> <span class='ocrx_word' id='word_1_598' title='bbox 2584 3945 2875 4016; x_wconf 73' lang='grc' dir='ltr'>ἄνθρωπον</span> <span class='ocrx_word' id='word_1_599' title='bbox 2897 3945 3134 4014; x_wconf 84' lang='grc' dir='ltr'>ὑπάρχει</span> <span class='ocrx_word' id='word_1_600' title='bbox 3159 3959 3252 3995; x_wconf 91' lang='grc' dir='ltr'><strong>σου</strong></span> <span class='ocrx_word' id='word_1_601' title='bbox 3268 3942 3327 3995; x_wconf 81' lang='grc' dir='ltr'>τὸ</span> <span class='ocrx_word' id='word_1_602' title='bbox 3344 3940 3663 4011; x_wconf 74' lang='grc' dir='ltr'>μαρτύριον·</span> 
     </span>
    </p>
   </div>
   <div class='ocr_carea' id='block_1_85' title="bbox 2098 4033 3668 4110">
    <p class='ocr_par' dir='ltr' id='par_1_85' title="bbox 2098 4033 3668 4110">
     <span class='ocr_line' id='line_1_85' title="bbox 2098 4033 3668 4110; baseline -0.007 -16"><span class='ocrx_word' id='word_1_603' title='bbox 2098 4036 2172 4095; x_wconf 81' lang='grc' dir='ltr'>ὧν</span> <span class='ocrx_word' id='word_1_604' title='bbox 2200 4042 2224 4080; x_wconf 71' lang='grc'><strong>1³</strong></span> <span class='ocrx_word' id='word_1_605' title='bbox 2258 4040 2313 4093; x_wconf 70' lang='grc' dir='ltr'>δὲ</span> <span class='ocrx_word' id='word_1_606' title='bbox 2339 4039 2399 4093; x_wconf 79' lang='grc' dir='ltr'><strong>τδ</strong></span> <span class='ocrx_word' id='word_1_607' title='bbox 2428 4038 2589 4110; x_wconf 75' lang='grc' dir='ltr'>ἔργον</span> <span class='ocrx_word' id='word_1_608' title='bbox 2621 4037 2919 4108; x_wconf 77' lang='grc' dir='ltr'>ἐξαίρετον,</span> <span class='ocrx_word' id='word_1_609' title='bbox 2963 4035 3058 4089; x_wconf 62' lang='grc' dir='ltr'><strong>κα)⁵</strong></span> <span class='ocrx_word' id='word_1_610' title='bbox 3099 4037 3128 4088; x_wconf 87' lang='grc' dir='ltr'>ὁ</span> <span class='ocrx_word' id='word_1_611' title='bbox 3152 4034 3370 4097; x_wconf 74' lang='grc' dir='ltr'>ἔπαινος</span> <span class='ocrx_word' id='word_1_612' title='bbox 3400 4033 3543 4103; x_wconf 76' lang='grc' dir='ltr'>ὑπὲρ</span> <span class='ocrx_word' id='word_1_613' title='bbox 3574 4033 3668 4084; x_wconf 79' lang='grc' dir='ltr'>άν-</span> 
     </span>
    </p>
   </div>
   <div class='ocr_carea' id='block_1_86' title="bbox 2102 4123 3671 4205">
    <p class='ocr_par' dir='ltr' id='par_1_86' title="bbox 2102 4123 3671 4205">
     <span class='ocr_line' id='line_1_86' title="bbox 2102 4123 3671 4205; baseline -0.009 -17"><span class='ocrx_word' id='word_1_614' title='bbox 2102 4123 2336 4205; x_wconf 77' lang='grc' dir='ltr'>θρωπον,</span> <span class='ocrx_word' id='word_1_615' title='bbox 2361 4131 2452 4184; x_wconf 83' lang='grc' dir='ltr'><strong>Διὸ</strong></span> <span class='ocrx_word' id='word_1_616' title='bbox 2491 4134 2588 4201; x_wconf 74' lang='grc' dir='ltr'>τῆς</span> <span class='ocrx_word' id='word_1_617' title='bbox 2617 4128 2849 4197; x_wconf 78' lang='grc' dir='ltr'>ἀπορίας</span> <span class='ocrx_word' id='word_1_618' title='bbox 2886 4128 2945 4180; x_wconf 83' lang='grc' dir='ltr'><strong>τδ</strong></span> <span class='ocrx_word' id='word_1_619' title='bbox 2999 4125 3321 4195; x_wconf 77' lang='grc' dir='ltr'>σκυθρωπὸν</span> <span class='ocrx_word' id='word_1_620' title='bbox 3367 4127 3430 4178; x_wconf 80' lang='grc' dir='ltr'>ὲκ</span> <span class='ocrx_word' id='word_1_621' title='bbox 3467 4123 3671 4196; x_wconf 78' lang='grc' dir='ltr'>μέρους</span> 
     </span>
    </p>
   </div>
   <div class='ocr_carea' id='block_1_87' title="bbox 2100 4212 3659 4292">
    <p class='ocr_par' dir='ltr' id='par_1_87' title="bbox 2100 4212 3659 4292">
     <span class='ocr_line' id='line_1_87' title="bbox 2100 4212 3659 4292; baseline -0.006 -16"><span class='ocrx_word' id='word_1_622' title='bbox 2100 4225 2219 4286; x_wconf 83' lang='grc' dir='ltr'>ταῖς</span> <span class='ocrx_word' id='word_1_623' title='bbox 2256 4224 2375 4285; x_wconf 81' lang='grc' dir='ltr'>σαῖς</span> <span class='ocrx_word' id='word_1_624' title='bbox 2412 4220 2730 4292; x_wconf 74' lang='grc' dir='ltr'>πρεσϐείαις</span> <span class='ocrx_word' id='word_1_625' title='bbox 2760 4215 3091 4289; x_wconf 81' lang='grc' dir='ltr'>παρανοίξας</span> <span class='ocrx_word' id='word_1_626' title='bbox 3112 4253 3126 4277; x_wconf 89' lang='grc'><strong>,</strong></span> <span class='ocrx_word' id='word_1_627' title='bbox 3151 4217 3218 4268; x_wconf 84' lang='grc' dir='ltr'><strong>τά</strong></span> <span class='ocrx_word' id='word_1_628' title='bbox 3268 4214 3339 4267; x_wconf 83' lang='grc' dir='ltr'><strong>σά</strong></span> <span class='ocrx_word' id='word_1_629' title='bbox 3387 4212 3659 4280; x_wconf 83' lang='grc' dir='ltr'>καταλαμ-</span> 
     </span>
    </p>
   </div>
   <div class='ocr_carea' id='block_1_88' title="bbox 2103 4303 3665 4386">
    <p class='ocr_par' dir='ltr' id='par_1_88' title="bbox 2103 4303 3665 4386">
     <span class='ocr_line' id='line_1_88' title="bbox 2103 4303 3665 4386; baseline -0.007 -19"><span class='ocrx_word' id='word_1_630' title='bbox 2103 4314 2322 4386; x_wconf 86' lang='grc' dir='ltr'>πρύνων</span> <span class='ocrx_word' id='word_1_631' title='bbox 2351 4317 2618 4384; x_wconf 86' lang='grc' dir='ltr'>γεραίρω,</span> <span class='ocrx_word' id='word_1_632' title='bbox 2647 4310 2741 4365; x_wconf 72' lang='grc' dir='ltr'>καὶ</span> <span class='ocrx_word' id='word_1_633' title='bbox 2761 4310 2827 4362; x_wconf 76' lang='grc' dir='ltr'><strong>τά</strong></span> <span class='ocrx_word' id='word_1_634' title='bbox 2860 4310 2928 4361; x_wconf 79' lang='grc' dir='ltr'>σὰ</span> <span class='ocrx_word' id='word_1_635' title='bbox 2962 4308 3044 4361; x_wconf 78' lang='grc' dir='ltr'>σοὶ</span> <span class='ocrx_word' id='word_1_636' title='bbox 3070 4303 3476 4378; x_wconf 73' lang='grc' dir='ltr'>προσκομίζων,</span> <span class='ocrx_word' id='word_1_637' title='bbox 3507 4303 3585 4367; x_wconf 83' lang='grc' dir='ltr'><strong>ῶς</strong></span> <span class='ocrx_word' id='word_1_638' title='bbox 3607 4305 3665 4356; x_wconf 61' lang='grc' dir='ltr'>ἐκ</span> 
     </span>
    </p>
   </div>
   <div class='ocr_carea' id='block_1_89' title="bbox 438 4393 1990 4479">
    <p class='ocr_par' dir='ltr' id='par_1_89' title="bbox 438 4396 1990 4479">
     <span class='ocr_line' id='line_1_89' title="bbox 438 4396 1990 4479; baseline 0.001 -30"><span class='ocrx_word' id='word_1_639' title='bbox 438 4398 853 4479; x_wconf 32' lang='grc' dir='ltr'>ὄθεῑειΙίΙΙιιειτο</span> <span class='ocrx_word' id='word_1_640' title='bbox 918 4408 975 4453; x_wconf 90' lang='lat' dir='ltr'><strong>ct</strong></span> <span class='ocrx_word' id='word_1_641' title='bbox 1022 4399 1257 4466; x_wconf 86' lang='lat' dir='ltr'><strong>celebro,</strong></span> <span class='ocrx_word' id='word_1_642' title='bbox 1343 4400 1547 4468; x_wconf 86' lang='lat' dir='ltr'><strong>tibique</strong></span> <span class='ocrx_word' id='word_1_643' title='bbox 1602 4408 1804 4453; x_wconf 88' lang='lat' dir='ltr'><strong>tuamet</strong></span> <span class='ocrx_word' id='word_1_644' title='bbox 1859 4396 1990 4451; x_wconf 69' lang='lat' dir='ltr'><strong>olfe-</strong></span> 
     </span>
    </p>
   </div>
   <div class='ocr_carea' id='block_1_90' title="bbox 2096 4393 3667 4479">
    <p class='ocr_par' dir='ltr' id='par_1_90' title="bbox 2102 4393 3667 4474">
     <span class='ocr_line' id='line_1_90' title="bbox 2102 4393 3667 4474; baseline -0.006 -18"><span class='ocrx_word' id='word_1_645' title='bbox 2102 4402 2381 4474; x_wconf 82' lang='grc' dir='ltr'>λειμώνων</span> <span class='ocrx_word' id='word_1_646' title='bbox 2409 4401 2599 4466; x_wconf 80' lang='grc' dir='ltr'>ἄνθεα,</span> <span class='ocrx_word' id='word_1_647' title='bbox 2636 4399 2733 4470; x_wconf 80' lang='grc' dir='ltr'>τὴν</span> <span class='ocrx_word' id='word_1_648' title='bbox 2766 4399 2867 4469; x_wconf 81' lang='grc' dir='ltr'>σὴν</span> <span class='ocrx_word' id='word_1_649' title='bbox 2918 4396 3183 4466; x_wconf 85' lang='grc' dir='ltr'>θεοστεφῆ</span> <span class='ocrx_word' id='word_1_650' title='bbox 3224 4393 3447 4463; x_wconf 86' lang='grc' dir='ltr'>άνυμνῶ</span> <span class='ocrx_word' id='word_1_651' title='bbox 3469 4394 3667 4463; x_wconf 85' lang='grc' dir='ltr'>κάραν.</span> 
     </span>
    </p>
   </div>
   <div class='ocr_carea' id='block_1_91' title="bbox 440 4484 1997 4557">
    <p class='ocr_par' dir='ltr' id='par_1_91' title="bbox 440 4484 1997 4557">
     <span class='ocr_line' id='line_1_91' title="bbox 440 4484 1997 4557; baseline -0.001 -17"><span class='ocrx_word' id='word_1_652' title='bbox 440 4502 587 4552; x_wconf 85' lang='lat' dir='ltr'><strong>rens,</strong></span> <span class='ocrx_word' id='word_1_653' title='bbox 637 4497 784 4541; x_wconf 89' lang='lat' dir='ltr'><strong>tuum</strong></span> <span class='ocrx_word' id='word_1_654' title='bbox 843 4497 1003 4557; x_wconf 80' lang='lat' dir='ltr'><strong>caput</strong></span> <span class='ocrx_word' id='word_1_655' title='bbox 1056 4489 1162 4542; x_wconf 79' lang='lat' dir='ltr'><strong>Deo</strong></span> <span class='ocrx_word' id='word_1_656' title='bbox 1232 4489 1348 4557; x_wconf 86' lang='lat' dir='ltr'><strong>ipso</strong></span> <span class='ocrx_word' id='word_1_657' title='bbox 1394 4496 1712 4541; x_wconf 83' lang='lat' dir='ltr'><strong>coronatum</strong></span> <span class='ocrx_word' id='word_1_658' title='bbox 1778 4484 1997 4554; x_wconf 86' lang='lat' dir='ltr'><strong>hymnis</strong></span> 
     </span>
    </p>
   </div>
   <div class='ocr_carea' id='block_1_92' title="bbox 438 4574 1998 4642">
    <p class='ocr_par' dir='ltr' id='par_1_92' title="bbox 438 4574 1998 4642">
     <span class='ocr_line' id='line_1_92' title="bbox 438 4574 1998 4642; baseline -0.004 -12"><span class='ocrx_word' id='word_1_659' title='bbox 438 4592 661 4632; x_wconf 75' lang='lat' dir='ltr'><strong>exorno.</strong></span> <span class='ocrx_word' id='word_1_660' title='bbox 730 4575 923 4633; x_wconf 83' lang='lat' dir='ltr'><strong>Verum</strong></span> <span class='ocrx_word' id='word_1_661' title='bbox 979 4577 1295 4642; x_wconf 83' lang='lat' dir='ltr'><strong>enimvero,</strong></span> <span class='ocrx_word' id='word_1_662' title='bbox 1353 4576 1481 4630; x_wconf 86' lang='lat' dir='ltr'><strong>dum</strong></span> <span class='ocrx_word' id='word_1_663' title='bbox 1542 4574 1659 4629; x_wconf 60' lang='lat' dir='ltr'><strong>haec</strong></span> <span class='ocrx_word' id='word_1_664' title='bbox 1720 4574 1816 4627; x_wconf 90' lang='lat' dir='ltr'><strong>tibi</strong></span> <span class='ocrx_word' id='word_1_665' title='bbox 1882 4588 1998 4626; x_wconf 85' lang='grc' dir='ltr'>ιιιιι-</span> 
     </span>
    </p>
   </div>
   <div class='ocr_carea' id='block_1_93' title="bbox 440 4667 2000 4742">
    <p class='ocr_par' dir='ltr' id='par_1_93' title="bbox 440 4667 2000 4742">
     <span class='ocr_line' id='line_1_93' title="bbox 440 4667 2000 4742; baseline -0.003 -16"><span class='ocrx_word' id='word_1_666' title='bbox 440 4686 569 4726; x_wconf 66' lang='grc' dir='ltr'>ιιι-ιιι</span> <span class='ocrx_word' id='word_1_667' title='bbox 620 4672 806 4737; x_wconf 77' lang='lat' dir='ltr'><strong>olTero,</strong></span> <span class='ocrx_word' id='word_1_668' title='bbox 842 4672 1107 4726; x_wconf 86' lang='lat' dir='ltr'><strong>malorum</strong></span> <span class='ocrx_word' id='word_1_669' title='bbox 1153 4671 1349 4742; x_wconf 85' lang='lat' dir='ltr'><strong>quibus</strong></span> <span class='ocrx_word' id='word_1_670' title='bbox 1400 4684 1516 4724; x_wconf 88' lang='lat' dir='ltr'><strong>mea</strong></span> <span class='ocrx_word' id='word_1_671' title='bbox 1580 4667 1908 4724; x_wconf 78' lang='lat' dir='ltr'><strong>inl‘ortunata</strong></span> <span class='ocrx_word' id='word_1_672' title='bbox 1944 4678 2000 4722; x_wconf 91' lang='lat' dir='ltr'><strong>et</strong></span> 
     </span>
    </p>
   </div>
   <div class='ocr_carea' id='block_1_94' title="bbox 440 4759 2000 4832">
    <p class='ocr_par' dir='ltr' id='par_1_94' title="bbox 440 4759 2000 4832">
     <span class='ocr_line' id='line_1_94' title="bbox 440 4759 2000 4832; baseline -0.002 -15"><span class='ocrx_word' id='word_1_673' title='bbox 440 4766 711 4832; x_wconf 77' lang='lat' dir='ltr'><strong>peccatrix</strong></span> <span class='ocrx_word' id='word_1_674' title='bbox 756 4767 937 4818; x_wconf 85' lang='lat' dir='ltr'><strong>anima</strong></span> <span class='ocrx_word' id='word_1_675' title='bbox 982 4764 1265 4831; x_wconf 86' lang='lat' dir='ltr'><strong>premitur,</strong></span> <span class='ocrx_word' id='word_1_676' title='bbox 1304 4761 1683 4817; x_wconf 84' lang='lat' dir='ltr'><strong>liberationem</strong></span> <span class='ocrx_word' id='word_1_677' title='bbox 1715 4770 1856 4829; x_wconf 86' lang='lat' dir='ltr'><strong>pcto.</strong></span> <span class='ocrx_word' id='word_1_678' title='bbox 1890 4759 2000 4814; x_wconf 85' lang='lat' dir='ltr'><strong>Ita-</strong></span> 
     </span>
    </p>
   </div>
   <div class='ocr_carea' id='block_1_95' title="bbox 441 4851 1999 4926">
    <p class='ocr_par' dir='ltr' id='par_1_95' title="bbox 441 4851 1999 4926">
     <span class='ocr_line' id='line_1_95' title="bbox 441 4851 1999 4926; baseline -0.003 -18"><span class='ocrx_word' id='word_1_679' title='bbox 441 4868 571 4923; x_wconf 88' lang='lat' dir='ltr'><strong>que,</strong></span> <span class='ocrx_word' id='word_1_680' title='bbox 612 4870 644 4909; x_wconf 87' lang='lat'><strong>0</strong></span> <span class='ocrx_word' id='word_1_681' title='bbox 672 4855 766 4910; x_wconf 84' lang='lat' dir='ltr'><strong>Dei</strong></span> <span class='ocrx_word' id='word_1_682' title='bbox 795 4867 1024 4926; x_wconf 89' lang='lat' dir='ltr'><strong>martyr,</strong></span> <span class='ocrx_word' id='word_1_683' title='bbox 1054 4866 1106 4910; x_wconf 93' lang='lat' dir='ltr'><strong>tu</strong></span> <span class='ocrx_word' id='word_1_684' title='bbox 1131 4854 1396 4926; x_wconf 79' lang='lat' dir='ltr'><strong>quisolus</strong></span> <span class='ocrx_word' id='word_1_685' title='bbox 1415 4853 1690 4908; x_wconf 87' lang='lat' dir='ltr'><strong>Christum</strong></span> <span class='ocrx_word' id='word_1_686' title='bbox 1715 4851 1999 4906; x_wconf 88' lang='lat' dir='ltr'><strong>Dominum</strong></span> 
     </span>
    </p>
   </div>
   <div class='ocr_carea' id='block_1_96' title="bbox 439 4942 2000 5019">
    <p class='ocr_par' dir='ltr' id='par_1_96' title="bbox 439 4942 2000 5019">
     <span class='ocr_line' id='line_1_96' title="bbox 439 4942 2000 5019; baseline -0.001 -20"><span class='ocrx_word' id='word_1_687' title='bbox 439 4962 538 5016; x_wconf 89' lang='lat' dir='ltr'><strong>pro</strong></span> <span class='ocrx_word' id='word_1_688' title='bbox 561 4946 726 5016; x_wconf 83' lang='lat' dir='ltr'><strong>ipsius</strong></span> <span class='ocrx_word' id='word_1_689' title='bbox 750 4949 983 5019; x_wconf 81' lang='lat' dir='ltr'><strong>imagine</strong></span> <span class='ocrx_word' id='word_1_690' title='bbox 1007 4949 1323 5017; x_wconf 84' lang='lat' dir='ltr'><strong>patiendoct</strong></span> <span class='ocrx_word' id='word_1_691' title='bbox 1344 4942 2000 5016; x_wconf 80' lang='lat' dir='ltr'><strong>sanguineineﬂ&#39;undendo</strong></span> 
     </span>
    </p>
   </div>
   <div class='ocr_carea' id='block_1_97' title="bbox 440 5034 2001 5093">
    <p class='ocr_par' dir='ltr' id='par_1_97' title="bbox 440 5034 2001 5093">
     <span class='ocr_line' id='line_1_97' title="bbox 440 5034 2001 5093; baseline -0.001 -4"><span class='ocrx_word' id='word_1_692' title='bbox 440 5034 684 5093; x_wconf 86' lang='lat' dir='ltr'><strong>imitatus</strong></span> <span class='ocrx_word' id='word_1_693' title='bbox 728 5053 833 5093; x_wconf 86' lang='lat' dir='ltr'><strong>es:</strong></span> <span class='ocrx_word' id='word_1_694' title='bbox 875 5054 908 5092; x_wconf 94' lang='lat' dir='ltr'><strong>o</strong></span> <span class='ocrx_word' id='word_1_695' title='bbox 960 5054 1095 5093; x_wconf 87' lang='lat' dir='ltr'><strong>nove</strong></span> <span class='ocrx_word' id='word_1_696' title='bbox 1126 5049 1308 5093; x_wconf 89' lang='lat' dir='ltr'><strong>custos</strong></span> <span class='ocrx_word' id='word_1_697' title='bbox 1354 5047 1410 5093; x_wconf 91' lang='lat' dir='ltr'><strong>et</strong></span> <span class='ocrx_word' id='word_1_698' title='bbox 1459 5039 1800 5093; x_wconf 76' lang='lat' dir='ltr'><strong>intercessor&quot;</strong></span> <span class='ocrx_word' id='word_1_699' title='bbox 1832 5034 2001 5089; x_wconf 87' lang='lat' dir='ltr'><strong>nostri</strong></span> 
     </span>
    </p>
   </div>
   <div class='ocr_carea' id='block_1_98' title="bbox 444 5125 2003 5196">
    <p class='ocr_par' dir='ltr' id='par_1_98' title="bbox 444 5125 2003 5196">
     <span class='ocr_line' id='line_1_98' title="bbox 444 5125 2003 5196; baseline 0.001 -19"><span class='ocrx_word' id='word_1_700' title='bbox 444 5130 662 5196; x_wconf 78' lang='lat' dir='ltr'><strong>generis</strong></span> <span class='ocrx_word' id='word_1_701' title='bbox 692 5146 705 5183; x_wconf 90' lang='lat'>:</span> <span class='ocrx_word' id='word_1_702' title='bbox 737 5144 769 5182; x_wconf 91' lang='grc' dir='ltr'><strong>ο</strong></span> <span class='ocrx_word' id='word_1_703' title='bbox 816 5131 1116 5184; x_wconf 66' lang='lat' dir='ltr'><strong>daemonum</strong></span> <span class='ocrx_word' id='word_1_704' title='bbox 1149 5130 1559 5195; x_wconf 62' lang='lat' dir='ltr'><strong>caterminator,</strong></span> <span class='ocrx_word' id='word_1_705' title='bbox 1596 5128 1799 5182; x_wconf 88' lang='lat' dir='ltr'><strong>erroris</strong></span> <span class='ocrx_word' id='word_1_706' title='bbox 1833 5125 2003 5181; x_wconf 86' lang='lat' dir='ltr'><strong>idolo-</strong></span> 
     </span>
    </p>
   </div>
   <div class='ocr_carea' id='block_1_99' title="bbox 442 5219 2003 5290">
    <p class='ocr_par' dir='ltr' id='par_1_99' title="bbox 442 5219 2003 5290">
     <span class='ocr_line' id='line_1_99' title="bbox 442 5219 2003 5290; baseline -0.001 -17"><span class='ocrx_word' id='word_1_707' title='bbox 442 5232 563 5273; x_wconf 79' lang='lat' dir='ltr'><strong>rum</strong></span> <span class='ocrx_word' id='word_1_708' title='bbox 600 5231 843 5283; x_wconf 85' lang='lat' dir='ltr'><strong>eversor,</strong></span> <span class='ocrx_word' id='word_1_709' title='bbox 896 5230 1207 5275; x_wconf 83' lang='lat' dir='ltr'><strong>sanctarum</strong></span> <span class='ocrx_word' id='word_1_710' title='bbox 1258 5221 1552 5290; x_wconf 79' lang='lat' dir='ltr'><strong>imaginum</strong></span> <span class='ocrx_word' id='word_1_711' title='bbox 1601 5219 1855 5274; x_wconf 83' lang='lat' dir='ltr'><strong>adorator</strong></span> <span class='ocrx_word' id='word_1_712' title='bbox 1907 5235 1919 5269; x_wconf 92' lang='lat'>:</span> <span class='ocrx_word' id='word_1_713' title='bbox 1971 5231 2003 5272; x_wconf 91' lang='grc' dir='ltr'><strong>ο</strong></span> 
     </span>
    </p>
   </div>
   <div class='ocr_carea' id='block_1_100' title="bbox 538 5393 939 5457">
    <p class='ocr_par' dir='ltr' id='par_1_100' title="bbox 538 5393 939 5457">
     <span class='ocr_line' id='line_1_100' title="bbox 538 5393 939 5457; baseline 0.002 -8"><span class='ocrx_word' id='word_1_714' title='bbox 538 5393 558 5428; x_wconf 79' lang='grc'>³</span> <span class='ocrx_word' id='word_1_715' title='bbox 589 5393 731 5449; x_wconf 69' lang='grc' dir='ltr'><strong>Ρδέιι.</strong></span> <span class='ocrx_word' id='word_1_716' title='bbox 774 5411 847 5457; x_wconf 71' lang='grc' dir='ltr'><strong>λι,</strong></span> <span class='ocrx_word' id='word_1_717' title='bbox 882 5398 939 5450; x_wconf 70' lang='grc'><strong>4.</strong></span> 
     </span>
    </p>
   </div>
   <div class='ocr_carea' id='block_1_101' title="bbox 2102 4484 3671 4561">
    <p class='ocr_par' dir='ltr' id='par_1_101' title="bbox 2102 4484 3671 4561">
     <span class='ocr_line' id='line_1_101' title="bbox 2102 4484 3671 4561; baseline -0.01 -11"><span class='ocrx_word' id='word_1_718' title='bbox 2102 4495 2214 4550; x_wconf 75' lang='grc' dir='ltr'><strong>Καὶ</strong></span> <span class='ocrx_word' id='word_1_719' title='bbox 2240 4493 2410 4549; x_wconf 79' lang='grc' dir='ltr'>ταῦτά</span> <span class='ocrx_word' id='word_1_720' title='bbox 2435 4510 2516 4546; x_wconf 91' lang='grc' dir='ltr'><strong>σοι</strong></span> <span class='ocrx_word' id='word_1_721' title='bbox 2546 4490 2894 4561; x_wconf 62' lang='grc' dir='ltr'>δωροφορῶν,</span> <span class='ocrx_word' id='word_1_722' title='bbox 2916 4486 3228 4557; x_wconf 72' lang='grc' dir='ltr'>ἐλευθερίαν</span> <span class='ocrx_word' id='word_1_723' title='bbox 3248 4484 3383 4541; x_wconf 88' lang='grc' dir='ltr'>αίτῶ</span> <span class='ocrx_word' id='word_1_724' title='bbox 3409 4484 3520 4538; x_wconf 88' lang='grc' dir='ltr'><strong>τῶν</strong></span> <span class='ocrx_word' id='word_1_725' title='bbox 3541 4500 3671 4536; x_wconf 85' lang='grc' dir='ltr'>κατ-</span> 
     </span>
    </p>
   </div>
   <div class='ocr_carea' id='block_1_102' title="bbox 2103 4574 3669 4657">
    <p class='ocr_par' dir='ltr' id='par_1_102' title="bbox 2103 4574 3669 4657">
     <span class='ocr_line' id='line_1_102' title="bbox 2103 4574 3669 4657; baseline -0.01 -18"><span class='ocrx_word' id='word_1_726' title='bbox 2103 4586 2338 4657; x_wconf 79' lang='grc' dir='ltr'>εχόντων</span> <span class='ocrx_word' id='word_1_727' title='bbox 2401 4581 2590 4637; x_wconf 92' lang='grc' dir='ltr'>δεινῶν</span> <span class='ocrx_word' id='word_1_728' title='bbox 2619 4581 2719 4652; x_wconf 79' lang='grc' dir='ltr'><strong>τὴν</strong></span> <span class='ocrx_word' id='word_1_729' title='bbox 2739 4581 2797 4632; x_wconf 80' lang='grc' dir='ltr'>ὲν</span> <span class='ocrx_word' id='word_1_730' title='bbox 2823 4579 3045 4640; x_wconf 85' lang='grc' dir='ltr'>πολλαῖς</span> <span class='ocrx_word' id='word_1_731' title='bbox 3072 4575 3365 4647; x_wconf 78' lang='grc' dir='ltr'>ἁμαρτίαις</span> <span class='ocrx_word' id='word_1_732' title='bbox 3392 4574 3669 4627; x_wconf 66' lang='grc' dir='ltr'>ταλαιπωο</span> 
     </span>
    </p>
   </div>
   <div class='ocr_carea' id='block_1_103' title="bbox 2108 4660 3672 4749">
    <p class='ocr_par' dir='ltr' id='par_1_103' title="bbox 2108 4660 3672 4749">
     <span class='ocr_line' id='line_1_103' title="bbox 2108 4660 3672 4749; baseline -0.01 -18"><span class='ocrx_word' id='word_1_733' title='bbox 2108 4674 2311 4749; x_wconf 81' lang='grc' dir='ltr'>ροῦσάν</span> <span class='ocrx_word' id='word_1_734' title='bbox 2338 4691 2443 4745; x_wconf 71' lang='grc' dir='ltr'><strong>μου</strong></span> <span class='ocrx_word' id='word_1_735' title='bbox 2481 4672 2681 4743; x_wconf 63' lang='grc' dir='ltr'>ψυχήν.</span> <span class='ocrx_word' id='word_1_736' title='bbox 2726 4669 2893 4733; x_wconf 82' lang='grc' dir='ltr'>’Δλλ⁹,</span> <span class='ocrx_word' id='word_1_737' title='bbox 2923 4662 2968 4722; x_wconf 82' lang='grc' dir='ltr'>ὧ</span> <span class='ocrx_word' id='word_1_738' title='bbox 2995 4667 3131 4720; x_wconf 81' lang='grc' dir='ltr'>Θεοῦ</span> <span class='ocrx_word' id='word_1_739' title='bbox 3174 4665 3411 4735; x_wconf 85' lang='grc' dir='ltr'>μάρτυς,</span> <span class='ocrx_word' id='word_1_740' title='bbox 3438 4662 3466 4713; x_wconf 79' lang='lat'><strong>6</strong></span> <span class='ocrx_word' id='word_1_741' title='bbox 3512 4660 3672 4730; x_wconf 65' lang='grc' dir='ltr'><strong>μόνοι⁵</strong></span> 
     </span>
    </p>
   </div>
   <div class='ocr_carea' id='block_1_104' title="bbox 2104 4751 3671 4836">
    <p class='ocr_par' dir='ltr' id='par_1_104' title="bbox 2104 4751 3671 4836">
     <span class='ocr_line' id='line_1_104' title="bbox 2104 4751 3671 4836; baseline -0.013 -15"><span class='ocrx_word' id='word_1_742' title='bbox 2104 4771 2196 4822; x_wconf 69' lang='grc' dir='ltr'>τὸν</span> <span class='ocrx_word' id='word_1_743' title='bbox 2221 4767 2496 4836; x_wconf 84' lang='grc' dir='ltr'>Δεσπότην</span> <span class='ocrx_word' id='word_1_744' title='bbox 2557 4763 2790 4834; x_wconf 70' lang='grc' dir='ltr'>Χριστὸν</span> <span class='ocrx_word' id='word_1_745' title='bbox 2834 4761 2913 4831; x_wconf 83' lang='grc' dir='ltr'><strong>τῷ</strong></span> <span class='ocrx_word' id='word_1_746' title='bbox 2959 4759 3101 4828; x_wconf 73' lang='grc' dir='ltr'>ὑπὲρ</span> <span class='ocrx_word' id='word_1_747' title='bbox 3134 4754 3303 4810; x_wconf 78' lang='grc' dir='ltr'>αὑτοῦ</span> <span class='ocrx_word' id='word_1_748' title='bbox 3331 4754 3431 4823; x_wconf 85' lang='grc' dir='ltr'>τῆς</span> <span class='ocrx_word' id='word_1_749' title='bbox 3462 4751 3671 4809; x_wconf 84' lang='grc' dir='ltr'>είκόνος</span> 
     </span>
    </p>
   </div>
   <div class='ocr_carea' id='block_1_105' title="bbox 2109 4836 3672 4927">
    <p class='ocr_par' dir='ltr' id='par_1_105' title="bbox 2109 4836 3672 4927">
     <span class='ocr_line' id='line_1_105' title="bbox 2109 4836 3672 4927; baseline -0.013 -14"><span class='ocrx_word' id='word_1_750' title='bbox 2109 4858 2273 4913; x_wconf 83' lang='grc' dir='ltr'>πάθει</span> <span class='ocrx_word' id='word_1_751' title='bbox 2304 4858 2398 4911; x_wconf 76' lang='grc' dir='ltr'>καὶ</span> <span class='ocrx_word' id='word_1_752' title='bbox 2426 4859 2494 4927; x_wconf 76' lang='grc' dir='ltr'><strong>τῇ</strong></span> <span class='ocrx_word' id='word_1_753' title='bbox 2537 4855 2760 4925; x_wconf 79' lang='grc' dir='ltr'>ὲκχύσει</span> <span class='ocrx_word' id='word_1_754' title='bbox 2789 4850 2884 4906; x_wconf 79' lang='grc' dir='ltr'>τοῦ</span> <span class='ocrx_word' id='word_1_755' title='bbox 2928 4850 3160 4919; x_wconf 71' lang='grc' dir='ltr'>αἵματος</span> <span class='ocrx_word' id='word_1_756' title='bbox 3193 4844 3597 4927; x_wconf 56' lang='grc' dir='ltr'>μιμησάμενος</span> <span class='ocrx_word' id='word_1_757' title='bbox 3627 4836 3672 4892; x_wconf 82' lang='grc' dir='ltr'><strong>ῶ</strong></span> 
     </span>
    </p>
   </div>
   <div class='ocr_carea' id='block_1_106' title="bbox 2108 4925 3675 5019">
    <p class='ocr_par' dir='ltr' id='par_1_106' title="bbox 2108 4925 3675 5019">
     <span class='ocr_line' id='line_1_106' title="bbox 2108 4925 3675 5019; baseline -0.015 -14"><span class='ocrx_word' id='word_1_758' title='bbox 2108 4950 2263 5005; x_wconf 82' lang='grc' dir='ltr'>καινὲ</span> <span class='ocrx_word' id='word_1_759' title='bbox 2288 4925 2583 5019; x_wconf 12' lang='grc' dir='ltr'>φύλαξγκαὶ</span> <span class='ocrx_word' id='word_1_760' title='bbox 2608 4942 2920 5015; x_wconf 81' lang='grc' dir='ltr'>πρεσϐευτά</span> <span class='ocrx_word' id='word_1_761' title='bbox 2941 4940 3035 4993; x_wconf 79' lang='grc' dir='ltr'><strong>τοῦ</strong></span> <span class='ocrx_word' id='word_1_762' title='bbox 3064 4941 3253 5007; x_wconf 82' lang='grc' dir='ltr'>γένους</span> <span class='ocrx_word' id='word_1_763' title='bbox 3274 4933 3432 5005; x_wconf 80' lang='grc' dir='ltr'>ἡμῶν</span> <span class='ocrx_word' id='word_1_764' title='bbox 3454 4949 3467 4962; x_wconf 91' lang='grc'><strong>·</strong></span> <span class='ocrx_word' id='word_1_765' title='bbox 3491 4925 3538 4984; x_wconf 79' lang='grc' dir='ltr'><strong>ὦ</strong></span> <span class='ocrx_word' id='word_1_766' title='bbox 3562 4931 3675 4984; x_wconf 76' lang='grc' dir='ltr'>δαιο</span> 
     </span>
    </p>
   </div>
   <div class='ocr_carea' id='block_1_107' title="bbox 2113 5020 3672 5109">
    <p class='ocr_par' dir='ltr' id='par_1_107' title="bbox 2113 5020 3672 5109">
     <span class='ocr_line' id='line_1_107' title="bbox 2113 5020 3672 5109; baseline -0.015 -16"><span class='ocrx_word' id='word_1_767' title='bbox 2113 5038 2291 5109; x_wconf 92' lang='grc' dir='ltr'>μόνων</span> <span class='ocrx_word' id='word_1_768' title='bbox 2333 5034 2649 5106; x_wconf 76' lang='grc' dir='ltr'>ὀλοθρευτά,</span> <span class='ocrx_word' id='word_1_769' title='bbox 2705 5031 2941 5086; x_wconf 80' lang='grc' dir='ltr'>εἰδώλων</span> <span class='ocrx_word' id='word_1_770' title='bbox 2989 5025 3298 5109; x_wconf 50' lang='grc' dir='ltr'>τεμπλάνης</span> <span class='ocrx_word' id='word_1_771' title='bbox 3354 5020 3672 5109; x_wconf 79' lang='grc' dir='ltr'>καθαιρέτα,</span> 
     </span>
    </p>
   </div>
   <div class='ocr_carea' id='block_1_108' title="bbox 2098 5107 3675 5192">
    <p class='ocr_par' dir='ltr' id='par_1_108' title="bbox 2098 5107 3675 5192">
     <span class='ocr_line' id='line_1_108' title="bbox 2098 5107 3675 5192; baseline -0.014 -12"><span class='ocrx_word' id='word_1_772' title='bbox 2098 5107 2204 5180; x_wconf 65' lang='grc' dir='ltr'>’καὶ</span> <span class='ocrx_word' id='word_1_773' title='bbox 2236 5125 2405 5191; x_wconf 85' lang='grc' dir='ltr'>ἁγίων</span> <span class='ocrx_word' id='word_1_774' title='bbox 2432 5123 2654 5177; x_wconf 76' lang='grc' dir='ltr'>εἰκόνων</span> <span class='ocrx_word' id='word_1_775' title='bbox 2695 5117 3078 5192; x_wconf 82' lang='grc' dir='ltr'>προσκυνητά·</span> <span class='ocrx_word' id='word_1_776' title='bbox 3108 5107 3153 5167; x_wconf 81' lang='grc' dir='ltr'><strong>ὧ</strong></span> <span class='ocrx_word' id='word_1_777' title='bbox 3188 5111 3488 5164; x_wconf 78' lang='grc' dir='ltr'>νοσούντων</span> <span class='ocrx_word' id='word_1_778' title='bbox 3527 5108 3675 5178; x_wconf 72' lang='grc' dir='ltr'>ίατρὲ</span> 
     </span>
    </p>
   </div>
   <div class='ocr_carea' id='block_1_109' title="bbox 2114 5195 3675 5280">
    <p class='ocr_par' dir='ltr' id='par_1_109' title="bbox 2114 5195 3675 5280">
     <span class='ocr_line' id='line_1_109' title="bbox 2114 5195 3675 5280; baseline -0.01 -10"><span class='ocrx_word' id='word_1_779' title='bbox 2114 5216 2208 5270; x_wconf 71' lang='grc' dir='ltr'>καὶ</span> <span class='ocrx_word' id='word_1_780' title='bbox 2234 5213 2503 5269; x_wconf 82' lang='grc' dir='ltr'>παντοίων</span> <span class='ocrx_word' id='word_1_781' title='bbox 2529 5211 2853 5280; x_wconf 81' lang='grc' dir='ltr'>νοσημάτων</span> <span class='ocrx_word' id='word_1_782' title='bbox 2884 5203 3198 5277; x_wconf 75' lang='grc' dir='ltr'>φυγαδευτά</span> <span class='ocrx_word' id='word_1_783' title='bbox 3222 5216 3235 5230; x_wconf 75' lang='grc'><strong>⁸</strong></span> <span class='ocrx_word' id='word_1_784' title='bbox 3264 5195 3310 5257; x_wconf 80' lang='grc' dir='ltr'><strong>ὦ</strong></span> <span class='ocrx_word' id='word_1_785' title='bbox 3338 5212 3675 5255; x_wconf 67' lang='grc' dir='ltr'>καταπονου-</span> 
     </span>
    </p>
   </div>
   <div class='ocr_carea' id='block_1_110' title="bbox 1712 5501 2386 5560">
    <p class='ocr_par' dir='ltr' id='par_1_110' title="bbox 1712 5501 2386 5560">
     <span class='ocr_line' id='line_1_110' title="bbox 1712 5501 2386 5560; baseline 0.001 -5"><span class='ocrx_word' id='word_1_786' title='bbox 1712 5503 1944 5560; x_wconf 73' lang='lat' dir='ltr'><strong>VARUE</strong></span> <span class='ocrx_word' id='word_1_787' title='bbox 1989 5501 2386 5559; x_wconf 72' lang='lat' dir='ltr'><strong>LiiCTlONES.</strong></span> 
     </span>
    </p>
   </div>
   <div class='ocr_carea' id='block_1_111' title="bbox 522 5634 1290 5702">
    <p class='ocr_par' dir='ltr' id='par_1_111' title="bbox 522 5634 1290 5702">
     <span class='ocr_line' id='line_1_111' title="bbox 522 5634 1290 5702; baseline -0.007 0"><span class='ocrx_word' id='word_1_788' title='bbox 522 5647 550 5686; x_wconf 64' lang='lat'><strong><em>‘-</em></strong></span> <span class='ocrx_word' id='word_1_789' title='bbox 582 5649 653 5702; x_wconf 84' lang='lat' dir='ltr'><strong>al.</strong></span> <span class='ocrx_word' id='word_1_790' title='bbox 680 5648 967 5701; x_wconf 79' lang='grc' dir='ltr'>συσσίτων.</span> <span class='ocrx_word' id='word_1_791' title='bbox 1052 5644 1080 5686; x_wconf 76' lang='grc' dir='ltr'>ιι</span> <span class='ocrx_word' id='word_1_792' title='bbox 1108 5643 1178 5698; x_wconf 92' lang='lat' dir='ltr'><strong>al.</strong></span> <span class='ocrx_word' id='word_1_793' title='bbox 1207 5634 1290 5697; x_wconf 72' lang='grc' dir='ltr'>οὗ.</span> 
     </span>
    </p>
   </div>
  </div>
