3932 6214
285 276 425 342 1185

1354 285 1526 348 VITA
1577 285 1640 346 S.
1681 284 2054 346 STEPHANI
2092 286 2472 352 IUNIORIS.

288 393 466 465 μένων
536 393 854 468 ύπὲρμαχε,
917 397 1013 453 καὶ
1069 397 1490 470 χειμαζομένων
1548 398 1861 468 ἀκύμαντον

1967 401 2344 468 aegrotandum
2379 403 2592 458 medice
2619 413 2672 459 et
2700 405 2832 460 varii
2859 408 3070 476 generis
3099 410 3406 465 morborum
3438 416 3527 468 de-

281 485 620 558 ὀρμητηριον
643 501 658 516 ·
719 480 766 541 ὧ
819 487 1208 558 πτωχευόντων
1271 487 1475 558 χορηγὲ
1509 527 1524 550 ,
1589 488 1684 542 καὶ
1739 489 1859 540 ὲπι-

284 575 622 645 ξινουμένων
672 576 962 642 ἀνελλιπὲς
1023 577 1378 648 παραμύθιον
1409 593 1424 610 ο
1485 570 1532 631 ὦ
1580 577 1861 644 πεπλανη-

284 665 464 733 μένων
523 664 707 735 6δηγὶ,
763 665 860 718 καὶ
923 665 1034 718 τῶν
1113 665 1215 735 ήδη
1268 665 1714 718 πεπιστευκότων
1769 665 1862 734 δρ-

283 753 515 821 θοδόξων
565 753 628 808 τὺ
667 755 948 828 στήριγμα
981 771 997 786 ο
1027 747 1072 808 ὧ
1109 753 1334 826 φωστὴρ
1393 755 1704 825 παγκόσμιε
1751 772 1863 824 φω-

281 844 450 910 τίζων
472 843 653 915 ψυχὰς
691 849 760 916 τῇ
803 846 1013 916 αἱρέσει
1053 845 1490 916 ἑσκοτισμένας·
1515 835 1564 898 ὦ
1609 845 1862 914 ἀγγέλων

286 931 564 1001 συνομιλε,
601 932 696 986 καὶ
733 932 842 986 τῶν
873 931 1228 1004 ἀρχαγγέλων
1268 933 1610 1004 συγχορευτά
1636 947 1651 962 ·
1685 927 1731 986 ὧ
1762 933 1861 1003 τῆς

283 1023 444 1090 ἁγίας
479 1023 712 1092 Τριάδος
739 1023 980 1094 θεράπον
1011 1026 1108 1078 καὶ
1143 1023 1336 1096 ψυχῶν
1365 1023 1723 1095 ἀνθρωπίνων
1753 1026 1862 1095 ιερ-

283 1113 478 1184 ουργέ·
516 1110 562 1166 ὦ
609 1115 1008 1186 εὐπρόσδεκτος
1068 1115 1488 1186 προσφερομένη
1547 1113 1668 1184 Θεῷ
1721 1115 1856 1185 εὐχὴ
1911 1101 1928 1126 “

285 1205 431 1276 ὑπὲρ
455 1205 568 1259 τῶν
596 1207 658 1258 ὲν
681 1206 912 1278 ἀληθινῇ
941 1207 1126 1260 πίστει
1145 1206 1454 1276 δεχομένων
1480 1206 1576 1258 καὶ
1605 1203 1858 1270 δοξαζὼι-

281 1310 397 1348 των
421 1310 516 1347 σου
543 1295 604 1348 τὸ
643 1295 943 1368 μαρτύριον
962 1335 978 1358 ,
1006 1289 1054 1350 ὧ
1087 1295 1288 1368 ἐλατὴρ
1326 1297 1392 1349 ἐκ
1429 1295 1564 1350 Θεοῦ
1595 1298 1708 1359 τοῖς
1763 1296 1863 1348 ἀκ-

287 1382 402 1454 μὴν
425 1386 492 1455 τῇ
521 1385 736 1456 αἱρέσει
781 1385 895 1439 τῶν
929 1385 1552 1457 Χριστιανοκατηγόρων
1593 1385 1862 1455 ἐμμένου-

287 1491 396 1540 σιν,
421 1477 515 1528 καὶ
548 1475 709 1548 δίκην
749 1476 979 1542 ἀσπίδος
1027 1475 1219 1546 κωφῆς
1252 1475 1481 1546 μύουσιν
1509 1475 1579 1527 τά
1608 1469 1744 1539 ὦτα,
1783 1474 1858 1546 μὴ

285 1563 562 1628 ἐθέλοντες
595 1562 861 1618 ίάκούειν
895 1564 931 1635 ἢ
975 1564 1254 1618 πιστεύειν
1282 1563 1383 1626 τὰς
1427 1562 1526 1625 σάς
1561 1561 1858 1630 ἀθλητικάς

287 1654 647 1725 παλαίστρα-ς’
666 1655 760 1708 καὶ
783 1656 869 1709 ἵνα
887 1654 1168 1725 συντόμως
1191 1653 1355 1719 εἴπω,
1382 1647 1427 1706 ὧ
1444 1654 1645 1716 παντὸς
1665 1652 1860 1722 ὀνόμα-

1969 488 2156 555 pulsor
2185 507 2199 542 :
2227 501 2261 544 ο
2289 490 2610 545 alllictorum
2640 492 2914 558 defensor,
2953 504 3008 550 et
3046 496 3242 552 mediis
3267 497 3318 552 in
3345 497 3527 553 ﬂucti-

1961 577 2063 630 bus
2091 579 2512 646 periclitantium
2553 591 2741 646 portus
2770 582 3253 650 tranquillissimus
3285 600 3302 640 :
3335 603 3368 640 υ
3395 602 3528 654 pau-

1961 680 2145 734 perunt
2195 670 2607 724 administrator
2657 679 2712 724 et
2769 673 3182 740 peregrinorum
3245 689 3522 744 nunquam

1961 752 2220 807 deﬁciens
2241 756 2540 808 consolatio
2566 772 2580 809 :
2613 771 2646 809 ο
2675 756 2782 810 dux
2811 758 3136 826 errantium,
3163 769 3219 812 et
3245 759 3528 816 fulcimen-

1959 849 2070 896 tum
2124 845 2550 900 orthodoxnrum
2593 847 2703 915 jam
2753 849 3088 902 credentium
3151 863 3232 905 ιο
3261 851 3527 908 luminare

1960 932 2382 998 puli-.Iierrimum
2417 933 2581 1005 529
2621 935 2832 991 animas
2867 933 3106 994 tenebris
3133 939 3408 996 haereseos
3435 943 3528 995 oh-

1960 1022 2170 1076 volntas
2209 1023 2564 1080 illuminaus:
2619 1039 2652 1078 ο
2705 1026 3018 1097 angelorum
3081 1030 3284 1084 sodalis
3339 1041 3392 1084 et
3439 1048 3528 1084 ar-

1963 1113 2345 1182 changelorum
2377 1118 2618 1172 sociezo
2645 1127 2846 1172 sancta:
2897 1117 3184 1175 Trinitatis
3237 1121 3438 1185 cultor,
3475 1134 3530 1178 ιι

1959 1204 2262 1258 animarum
2295 1205 2656 1259 humanarum
2689 1208 2982 1261 sacerdos:
3021 1223 3054 1260 ο
3091 1221 3401 1278 pergratum
3437 1227 3528 1262 vo-

1959 1300 2068 1346 tmu
2104 1295 2210 1347 Deo
2242 1293 2482 1348 oblatum
2523 1311 2622 1365 pro
2661 1297 2746 1350 his
2793 1297 3035 1365 quicum
3069 1313 3194 1352 vera
3233 1299 3338 1355 [ide
3377 1311 3523 1356 tmun

1961 1385 2280 1455 martyrium
2319 1387 2644 1454 suscipiunt,
2695 1399 2750 1442 et
2804 1376 3435 1446 landibus‘celehrant:
3492 1409 3527 1445 o

1959 1472 2138 1528 divine
2171 1475 2426 1542 expulsor
2457 1476 2672 1530 illorum
2723 1477 2814 1546 qui
2843 1478 2896 1531 iu
2939 1479 3130 1532 lueresi
3183 1481 3527 1536 Christianos

1959 1563 2403 1618 calumniantium
2465 1567 2759 1634 persistunt
2788 1607 2802 1632 ,
2854 1569 3059 1638 quique
3107 1570 3281 1623 instar
3326 1575 3530 1637 aspidis

1960 1653 2136 1706 surda:
2175 1669 2301 1706 suas
2335 1669 2496 1710 aures
2547 1656 2858 1721 obstruunt,
2892 1668 3014 1712 tuas
3041 1660 3327 1714 atldeticas
3373 1663 3533 1730 palae-

285 1763 382 1809 τος
401 1745 609 1815 ἀγαθοῦ
625 1747 721 1800 καὶ
739 1747 922 1817 πάσης
941 1746 1248 1816 κρείττονος
1269 1743 1522 1816 πράξεως
1541 1744 1854 1814 ύπερεκτει-

1965 1755 2102 1795 stras
2131 1743 2245 1798 sive
2274 1745 2569 1800 certamina
2596 1747 2787 1802 audire
2815 1749 2893 1801 vel
2917 1749 3136 1802 credere
3166 1764 3522 1806 recusamus.
3612 1747 3620 1754 ’

286 1835 482 1908 νόμενε
535 1837 711 1890 δίκαιε
751 1834 799 1901 i,
852 1836 1110 1904 ἀσκητῶν
1183 1833 1648 1904 έγκαλλώπισμα,
1695 1832 1858 1886 ὁσίων

286 1925 557 1994 ἔκλόγιον,
604 1925 887 1996 μοναστῶν
909 1925 1184 1996 σύστημα,
1220 1921 1547 1994 καθηγητῶν
1574 1923 1856 1993 λαμπτὴρ,

287 2016 675 2072 ὖποτακτικῶν
703 2017 926 2088 ἅμιλλα,
963 2019 1060 2071 καὶ
1100 2015 1392 2086 μαρτύρων
1429 2015 1698 2085 ὁμόστεφε
1737 2015 1860 2082 ἀγιε

287 2107 551 2178 Στέφανε,
601 2107 758 2179 δέχου
789 2107 884 2160 νῦν
925 2107 1016 2161 τὸν
1068 2105 1202 2176 παρ’
1230 2105 1364 2176 ἐμοῦ
1397 2106 1576 2174 λόγον,
1619 2105 1694 2166 ὡς
1723 2103 1860 2157 Θεοῦ

285 2199 463 2270 Λόγου
497 2201 719 2272 γνήσιος
743 2199 1018 2271 θεράπων,
1059 2198 1297 2269 μίμησαι
1329 2196 1424 2250 καὶ
1446 2199 1504 2250 ὲν
1533 2195 1704 2266 τούτῳ
1722 2188 1859 2264 Χρι-

289 2291 440 2358 στδν,
480 2292 574 2346 τδν
597 2292 668 2346 τά
701 2290 796 2346 δύο
831 2291 1004 2345 λεπτά
1057 2293 1156 2361 τῆς
1185 2291 1364 2362 χήρας
1392 2288 1536 2358 ὑπὲρ
1557 2287 1654 2352 τὰς
1685 2287 1862 2340 ἄλλων

259 2383 620 2455 ’πολυτίμους
647 2383 964 2454 προσφορὰς
999 2383 1364 2436 ἐπαινέσαντα
1393 2399 1407 2412 ο
1461 2380 1538 2450 μὴ
1584 2377 1861 2448 ἀποστρὲ-

285 2475 400 2547 ψῃς
445 2492 542 2546 μου
583 2475 645 2528 τὸ
685 2473 795 2526 τῶν
823 2473 1000 2542 λόγων
1037 2471 1406 2542 ἀλάϐαστρον,
1442 2469 1518 2532 ὡς
1547 2468 1667 2522 οὐδὲ
1705 2471 1733 2521 ὀ
1773 2469 1864 2520 Δε-

291 2567 502 2638 σπότης
532 2565 768 2637 Χριστὸς
819 2564 918 2635 τῆς
946 2563 1174 2635 πόρνης,
1227 2564 1276 2616 εί
1311 2562 1406 2616 καὶ
1447 2561 1523 2631 μὴ
1564 2561 1627 2613 τὸ
1661 2559 1862 2621 εὑῶδες

289 2652 402 2723 ἐγὼ
413 2653 504 2706 διὰ
523 2652 629 2712 τῶν
648 2651 870 2720 ἀγαθῶν
899 2652 1076 2722 ἔργων
1104 2651 1382 2720 ἐπάγομαι
1402 2665 1414 2680 ο
1441 2649 1610 2720 μονὴν
1635 2648 1863 2719 ποίησον

290 2748 351 2800 ὲν
375 2749 446 2818 τῇ
472 2747 703 2816 ταπεινῇ
737 2761 837 2816 μου
865 2745 1034 2815 ψυχῇ.
1057 2743 1134 2806 ὡς
1163 2741 1258 2796 καὶ
1277 2745 1306 2796 ὁ
1328 2739 1564 2812 Χριστὸς
1593 2742 1654 2793 ὲν
1680 2741 1746 2810 τῇ
1766 2739 1862 2794 τοῦ

290 2837 561 2907 Ζακχαίου
592 2836 768 2908 οἰκίᾳο
790 2835 1096 2906 τελώνησον
1127 2837 1185 2890 ὲν
1203 2831 1487 2903 ἐξετασμῷ
1505 2831 1596 2886 τὸν
1623 2831 1862 2901 τελωνή-

293 2930 464 2985 σαντά
489 2930 600 3000 (28)
629 2947 696 3000 με
722 2927 967 2982 διάϐολον
984 2944 1000 2960 ο
1032 2927 1328 2980 ἀνέλκυσόν
1359 2941 1427 2996 με
1455 2923 1550 2979 τοῦ
1583 2923 1748 2995 βυθοῦ
1769 2923 1863 2978 τὸν

295 3019 725 3092 βεύαπτισμένον
750 3021 865 3082 τοῖς
901 3017 1130 3073 πάθεσιν
1153 3035 1169 3050 ο
1207 3015 1545 3086 ζωοποίησον
1570 3017 1693 3078 ταῖς
1739 3017 1862 3079 σαῖς

1967 1833 2228 1904 Denique,
2262 1847 2321 1890 ut
2352 1836 2592 1892 breviter
2624 1837 2818 1901 dicam.
2843 1853 2876 1892 ο
2897 1837 3065 1905 jnste.
3099 1841 3190 1908 qui
3214 1843 3364 1894 omni
3389 1841 3532 1904 bono

1972 1927 2192 1979 nomine
2215 1935 2268 1978 ct
2295 1927 2441 1980 omni
2478 1927 2702 1983 meliore
2730 1929 2944 1984 actione
2991 1942 3219 1998 praesms
3257 1949 3272 1985 :
3308 1946 3342 1986 ο
3375 1948 3534 1987 asce-

1967 2023 2142 2068 tarum
2171 2025 2576 2082 ornamentum,
2608 2031 2919 2074 sanctorum
2945 2021 3208 2084 delectus,
3231 2025 3530 2077 monacho-

1969 2121 2086 2159 rum
2111 2107 2386 2161 vinculum
2413 2098 2482 2162 ac.
2501 2109 2686 2174 robur,
2717 2110 2804 2164 fax
2827 2111 3191 2180 superiorum,
3213 2111 3532 2170 inferioium

1965 2198 2262 2260 aemulatio,
2330 2213 2434 2252 una
2489 2215 2612 2253 cum
2679 2202 3008 2273 martyribus
3038 2211 3295 2257 coronate
3348 2215 3535 2258 sancte

1967 2287 2261 2357 Stephane,
2315 2307 2432 2346 mea
2477 2297 2638 2348 verba
2692 2305 2844 2363 grala
2906 2295 3067 2358 habe.
3124 2306 3183 2350 ut
3237 2311 3398 2351 verus
3443 2297 3534 2352 Dei

1969 2376 2128 2434 Verbi
2164 2395 2376 2438 servus.
2412 2383 2467 2436 In
2497 2383 2599 2438 hoc
2629 2399 2846 2455 quoque
2880 2389 3095 2441 imitare
3116 2387 3414 2453 Christum,
3441 2391 3534 2456 qui

1967 2469 2103 2524 duos
2162 2471 2333 2528 vidua:
2374 2473 2564 2530 obolos
2600 2477 2855 2546 pretiosis
2906 2477 3135 2532 aliorum
3166 2477 3536 2534 oblatiOuihus

1967 2560 2136 2631 pluris
2168 2561 2316 2617 fecit.
2351 2563 2430 2618 Ne
2465 2581 2642 2620 meum
2676 2567 2963 2621 verborum
2994 2567 3326 2622 alabastrum
3365 2585 3529 2638 repu-

1967 2647 2200 2705 diaveris
2233 2650 2277 2714 ⁸,
2306 2652 2381 2706 uti
2405 2667 2579 2722 neque
2604 2653 2858 2709 Christus
2885 2654 3162 2718 Dominus,
3196 2660 3534 2725 meretricis;

1969 2739 2094 2794 licet
2131 2755 2232 2810 ego
2263 2757 2480 2797 suavem
2519 2745 2743 2800 odorem
2773 2747 2931 2800 bouis
2979 2748 3234 2815 operibus
3265 2764 3374 2803 non
3407 2748 3536 2804 all'e-

1969 2847 2106 2886 ram.
2137 2835 2291 2903 Apud
2340 2849 2512 2889 meam
2551 2836 2807 2890 humilem
2853 2836 3089 2891 animam
3125 2852 3465 2893 commorare
3487 2840 3531 2904 ",

1969 2931 2026 2975 nt
2053 2922 2375 2978 Christusin
2399 2925 2608 2981 Zachai
2629 2927 2812 2982 domo.
2848 2927 3036 2982 Severi
3065 2928 3336 2998 publicani
3373 2928 3537 3001 530

1971 3028 2164 3069 munus
2205 3014 2464 3072 adversus
2505 3015 2779 3072 diaholmn
2811 3033 3028 3084 exerce,
3069 3019 3162 3088 qui
3191 3020 3243 3074 id
3293 3026 3534 3076 muneris

292 3111 542 3183 δεήσεσιν
561 3111 663 3182 ἐμὲ
687 3111 780 3165 τὸν
807 3109 1214 3181 νενεκρωμένον
1235 3111 1350 3172 τοῖς
1380 3105 1825 3178 παραπτώμασιν
1842 3121 1858 3138 ο

1965 3101 2247 3156 adversum
2297 3119 2384 3157 me
2444 3113 2686 3159 exercet.
2753 3105 2837 3160 Me
2891 3107 3028 3162 meis
3082 3105 3365 3163 aﬂectibus
3399 3111 3536 3162 suti-

291 3201 610 3268 προσάγαγε
661 3197 741 3267 τῷ
795 3195 1018 3267 Χριστῷ
1075 3196 1168 3250 τὸν
1223 3195 1600 3265 μοκρυνθέντα
1647 3193 1863 3260 τούτου,

291 3291 405 3352 τοξ
453 3289 609 3359 ἐμοῖς
655 3288 1048 3360 ἁμαρτήμασιν
1073 3305 1089 3320 ·
1119 3285 1458 3356 συγκέρασον
1489 3283 1655 3356 ἐλαίῳ
1692 3281 1858 3352 οἶνον,

291 3378 371 3442 ὡς
433 3380 618 3449 ἰατρὸς
669 3377 1079 3450 εῦσπλαγχνος·
1131 3379 1228 3432 καὶ
1277 3378 1376 3440 τὰς
1419 3375 1709 3440 ἀσθενείας
1766 3375 1863 3432 τοῦ

294 3469 622 3541 ἀμαρτωλοῦ
667 3486 768 3539 μου
796 3467 1050 3540 σώματος
1075 3468 1244 3531 ἴασαι,
1276 3467 1362 3520 ἵνα
1402 3465 1558 3536 κάγὼ
1587 3468 1616 3520 ὁ
1646 3467 1866 3532 ἀνάξιος

292 3565 390 3633 τῆς
409 3577 472 3614 τε
496 3561 739 3633 ψυχικῆς
764 3562 880 3629 ἅμα
901 3561 995 3614 καὶ
1023 3561 1345 3631 σωματικῆς
1369 3559 1614 3630 ἰατρείας
1644 3559 1702 3610 ὲν
1727 3559 1866 3611 ἀπο-

293 3652 483 3706 λαύσει
515 3652 607 3706 διὰ
633 3651 727 3706 σοῦ
749 3651 996 3723 γένωμαι
1019 3663 1035 3680 ·
1071 3652 1167 3705 καὶ
1191 3650 1266 3713 ὡς
1296 3653 1355 3704 ιν
1391 3651 1527 3720 τῷδε
1553 3650 1630 3721 τῷ
1651 3649 1770 3721 βίῳ,
1794 3651 1862 3721 τῇ

294 3743 561 3814 ὀνομασίᾳ
581 3745 679 3814 τῆς
696 3742 965 3812 κλήσεως,
985 3743 1418 3813 παμμακάριστε
1439 3741 1700 3810 Στέφανε,
1733 3757 1864 3794 συν-

294 3834 508 3902 ώνυμος
534 3851 616 3887 σοι
633 3833 852 3902 γέγονα,
870 3833 966 3886 καὶ
984 3836 1084 3904 τῆς
1105 3831 1293 3886 αὐτόθι
1313 3834 1618 3903 ὀμόκληρος
1639 3832 1666 3872 ι
1711 3830 1866 3900 ὀφθῶ

292 3925 472 3993 δεξιᾶς
504 3924 922 3996 παραστάσεως.
961 3925 1058 3979 σὺν
1101 3923 1254 3996 πάσῃ
1298 3923 1470 3994 ταύτῃ
1497 3927 1564 3996 τῇ
1595 3923 1864 3996 ὀρθοδόξῳ

291 4016 564 4089 ὁμηγύρει
600 4015 620 4056 ι
661 4020 728 4088 τῇ
765 4016 975 4078 πιστῶς
1013 4015 1338 4086 εύιρημούσῃ
1383 4031 1444 4068 σε
1489 4015 1626 4086 μετᾶ
1655 4013 1862 4085 μαρτύο

300 4125 404 4173 οων
436 4108 592 4176 ἆγιον
637 4109 928 4179 μάρτυραι,
957 4107 1078 4168 ταῖς
1128 4105 1228 4174 τῆς
1274 4104 1549 4172 παναγίας
1596 4105 1862 4158 Θεοτόκου

314 4197 598 4266 ιητρικαϊς
625 4195 970 4267 πρεσϐείαις,
995 4195 1092 4247 καὶ
1127 4194 1348 4247 πάντων
1379 4193 1486 4245 τῶν
1520 4193 1712 4260 ἁγίων,
1746 4195 1865 4264 ἃμα

311 4287 390 4339 ιαὶ
415 4288 535 4349 ταῖς
561 4285 984 4357 εὐπροσδέκτοις
1007 4283 1128 4355 Θεῷ
1149 4283 1328 4347 ὁσίαις
1356 4284 1542 4353 εύχαῖς
1572 4301 1688 4347 σου,
1706 4283 1864 4349 δόξαν

312 4377 637 4447 ιναπέμπων
659 4378 758 4432 σὺν
800 4375 936 4447 αὐτῇ
970 4375 1061 4429 ἐπὶ
1089 4373 1382 4446 πᾶσινγτῷ
1419 4391 1482 4428 σε
1527 4373 1866 4445 φερωνύμως

307 4468 708 4537 πεφανὼσαντι
747 4467 970 4541 Χριστῷ
1019 4467 1100 4537 τῷ
1151 4466 1490 4536 παμϐασιλεί
1535 4466 1654 4536 Θεῷ
1683 4466 1863 4537 ἡμῶν,

306 4554 337 4628 Ξ)
365 4560 568 4632 πρέπει
593 4559 729 4632 τιμὴ
764 4561 860 4614 καὶ
884 4561 1256 4632 προσκύνησις
1295 4560 1392 4612 σὺν
1431 4557 1508 4628 τῷ
1533 4559 1755 4630 ἀνάρχῳ
1776 4559 1868 4612 αύ-

301 4651 387 4704 ιοῦ
415 4651 591 4724 Πατρὶ
622 4653 716 4706 καὶ
737 4651 814 4723 τῷ
839 4651 1092 4722 ζωοποιῷ
1123 4651 1220 4704 καὶ
1247 4649 1391 4721 ἁγίῳ
1429 4647 1739 4720 Πνεύματι,
1770 4649 1868 4702 νῦν

291 4742 386 4796 καὶ
413 4743 502 4794 ἀεὶ
526 4743 620 4794 καὶ⁵
647 4743 727 4805 είς
755 4744 880 4806 τοὺς
905 4741 1106 4805 αίῶνας
1155 4741 1262 4808 τῷν
1311 4739 1548 4794 αἰώνων.
1598 4741 1792 4810 Ἀμήν.

1965 3204 2202 3246 mersum
2246 3209 2278 3248 e
2329 3193 2595 3264 profundo
2659 3198 2898 3251 retrahe.
2955 3197 3038 3252 Me
3101 3201 3238 3254 meis
3295 3202 3536 3270 peccatis

1965 3289 2258 3346 mortuum,
2303 3282 2357 3336 in
2415 3285 2578 3338 vitam
2607 3287 2712 3340 tuis
2763 3285 3016 3355 precibus
3074 3303 3287 3343 revoca.
3319 3290 3420 3350 Me.
3441 3291 3533 3362 qui

1966 3370 2101 3424 meis
2131 3370 2450 3428 criminibus
2472 3390 2500 3426 a
2522 3373 2744 3430 Christo
2781 3376 2968 3444 procul
3003 3379 3206 3442 erravi,
3265 3381 3333 3434 ad
3376 3395 3535 3434 eum-

1965 3463 2084 3517 dem
2165 3463 2426 3520 reducere
2505 3480 2574 3520 ne
2649 3481 2898 3536 gravare.
2965 3465 3162 3522 Vinum
3224 3485 3348 3524 cum
3413 3471 3538 3526 oleo

1968 3552 2155 3620 misce,
2213 3553 2290 3607 uti
2330 3555 2641 3610 misericors
2701 3555 2964 3621 medicus,
3016 3557 3232 3628 meique
3283 3560 3534 3617 scelerati

1965 3643 2214 3713 corporis
2251 3643 2663 3700 inﬁrmitatibus
2700 3647 2920 3700 medere
2943 3685 2958 3711 ,
2987 3656 3045 3700 ut
3081 3657 3136 3702 et
3155 3662 3255 3720 ego
3287 3648 3538 3720 indiguus

1965 3736 2158 3790 animae
2203 3743 2252 3789 et
2292 3735 2540 3804 corporis
2573 3735 2808 3791 salutem
2840 3752 2936 3806 per
2987 3747 3040 3792 te
3080 3753 3402 3810 consequar.
3435 3741 3537 3797 Po-

1965 3839 2190 3892 stremo,
2221 3829 2676 3897 quemadmodum
2708 3829 2760 3883 in
2785 3830 2953 3886 haece
2982 3831 3116 3892 vita.
3155 3847 3190 3887 ο
3219 3833 3536 3891 beatissime

1967 3917 2260 4000 Stephane,
2287 3920 2504 3975 nomine
2519 3930 2574 3976 et
2598 3919 2975 3991 appellatione,
2997 3923 3070 3976 tui
3093 3920 3274 3978 factus
3300 3939 3420 3979 smn
3440 3941 3536 4006 rt):-

1964 4009 2236 4080 gnominis
2261 4027 2275 4064 :
2307 4010 2380 4065 ita
2405 4019 2462 4066 et
2491 4011 2546 4066 in
2586 4012 2948 4069 collocatione
2978 4013 3045 4068 ad
3097 4015 3430 4080 dexteram,.
3457 4018 3536 4072 tui

1964 4115 2189 4155 consors
2245 4115 2556 4170 appaream,
2609 4118 2730 4156 cum
2783 4103 3038 4158 universo
3083 4104 3186 4158 hoc
3233 4106 3537 4160 orthodoxa

1971 4203 2141 4258 cmtn,
2175 4195 2266 4262 qui
2297 4201 2349 4248 te
2371 4209 2493 4248 cum
2521 4195 2728 4249 sanctis
2751 4194 3085 4266 martyribus
3104 4195 3352 4252 sanetum
3381 4214 3536 4252 mar-

1967 4288 2138 4352 tyrem
2169 4281 2397 4336 ﬁdeliter
2427 4282 2716 4350 praedicat;
2747 4285 3116 4352 quodntiuam
3139 4272 3245 4340 'llat
3271 4289 3536 4342 maternis

1968 4371 2329 4426 sanctissima:
2367 4371 2611 4438 Dciparte
2654 4379 2714 4426 et
2749 4371 2992 4426 Omnium
3037 4382 3350 4428 sanctorum
3375 4374 3538 4430 inter-

1969 4461 2332 4524 cessionibns,
2359 4463 2575 4530 tuisque
2605 4460 2714 4516 Deo
2746 4463 2987 4533 acceptis
3017 4466 3224 4520 sanctis
3257 4467 3532 4536 precibus,

1968 4562 2028 4605 ut
2075 4553 2127 4605 in
2177 4553 2428 4608 omnibus
2467 4568 2590 4607 cum
2645 4553 2814 4608 haece
2867 4555 3134 4610 concione
3160 4560 3224 4609 ad
3257 4557 3536 4614 Christum

1968 4645 2342 4699 universorum
2381 4659 2562 4714 regem
2601 4655 2657 4699 et
2694 4643 2863 4700 Deum
2920 4657 3160 4701 nostrum
3199 4649 3420 4718 gloriam
3457 4667 3542 4703 re-

1969 4736 2166 4800 frram,
2191 4737 2280 4804 qui
2307 4736 2526 4804 tejuxta
2562 4753 2759 4791 nomen
2782 4748 2930 4790 tuum
2951 4739 3228 4792 coronavit
3251 4739 3434 4810 ;531
3457 4741 3538 4794 vni

290 4834 546 4889 convenit
570 4833 744 4888 honor
773 4845 824 4889 et
851 4835 1096 4890 adoratio
1143 4849 1266 4888 cum
1313 4830 1556 4901 ejusdem
1599 4830 1782 4896 Patre,
1837 4831 1928 4900 qui
1986 4831 2106 4883 sine
2139 4829 2406 4898 principio
2429 4839 2532 4892 est,
2563 4839 2618 4882 et
2665 4829 2879 4884 viviﬁco
2919 4839 3108 4884 sam-to
3141 4829 3365 4900 Spiritu,
3397 4845 3541 4887 nunc

290 4931 349 4979 οι
371 4937 607 4994 semper,
641 4933 696 4977 et
727 4923 780 4976 in
805 4923 1010 4977 saecula
1041 4921 1388 4978 saeculorum.
1429 4923 1621 4974 Amen.

361 5075 386 5110 ⁸
421 5075 610 5134 Matth.
649 5092 798 5152 x_xvt,
829 5077 888 5132 7.
995 5076 1016 5108 ⁸
1043 5073 1174 5130 Luc.
1213 5091 1334 5139 xix,
1365 5073 1402 5131 ϐ

1586 5187 1826 5244 VARUE
1867 5187 2258 5246 LECTIONlIS

365 5321 384 5369 ¹
424 5322 572 5384 Unus
598 5329 749 5385 addit
775 5329 872 5384 καὶ
897 5327 1124 5392 ίδοντες.
1162 5288 1219 5377 ἰ
1257 5325 1324 5378 al.
1361 5323 1484 5392 ἅγιε
1507 5323 1770 5392 Σιέςρανε.
1845 5321 1861 5360 ¹

1965 5307 2315 5398 endam-co;
2401 5323 2416 5362 ι
2449 5326 2520 5378 al.
2557 5324 2878 5398 πανηγύρει.

1766 5460 1990 5519 NOTAE.

361 5583 474 5666 (ἓξ)
499 5583 670 5666 ϐτεεεξ
692 5585 955 5637 vocabant
979 5582 1252 5666 dzemones
1275 5578 1539 5666 τελωνας,
1567 5579 1871 5666 ἰιίεειζνριι-

291 5648 576 5720 blica'nos;
605 5652 672 5708 ad
718 5667 880 5719 quam
910 5665 1095 5706 vocem
1141 5652 1227 5704 hic
1258 5649 1445 5704 alludit
1488 5656 1703 5720 auctor:
1741 5648 1870 5702 Vide

296 5717 630 5790 Glossarium
659 5717 1049 5792 ad‘scriptores
1091 5720 1280 5776 mediae
1321 5729 1375 5775 et
1416 5718 1612 5774 inﬁma:
1666 5717 1870 5776 Graeci-

1978 5579 2104 5656 tatis
2139 5579 2558 5656 viri_clarissiml
2601 5593 2653 5640 et
2685 5584 3032 5641 eruditissimi
3062 5581 3253 5656 Cangii
3283 5584 3346 5639 ad
3387 5597 3546 5642 nea-

1977 5649 2160 5706 bulnm
2191 5649 2440 5708 τελώνια.

3391 296 3530 362 1186
3641 315 3648 321 ‘
