3932 6214
278 212 415 279 1189

1255 218 1661 282 ENCOMTUM
1700 220 1783 281 IN
1823 221 1887 282 S.
1925 221 2249 285 MARCUM
2286 226 2541 288 APOST.

3376 227 3514 295 1190

272 325 586 394 σκιρτῶσαν
605 367 623 390 ,
667 325 762 381 καὶ
791 325 905 382 τῶν
949 327 1163 382 ἐκείνου
1194 329 1375 383 καλῶν
1401 331 1479 395 ὡς
1505 326 1616 383 οἷόν
1643 347 1703 385 τε
1742 330 1835 401 τὴν

1947 340 2126 388 tamen
2166 337 2235 388 ob
2285 336 2559 405 ingentem
2614 336 2781 392 Marci
2836 338 3100 409 gloriam,
3144 347 3199 396 et
3229 353 3413 395 rerum
3447 338 3514 392 ab

271 416 594 485 περιουσίαν
637 417 1158 489 ἀποθαυμάζουσαν.
1214 421 1444 491 Μάρκου
1482 422 1577 475 τοῦ
1628 422 1837 491 Πέτρου

273 505 411 569 υἱοῦ,
443 505 539 561 τοῦ
573 508 683 561 τῶν
705 509 966 580 οὐρανῶν·
989 510 1300 581 κλειδούχου
1330 512 1716 584 ωγχορευτοῦ,
1745 511 1840 565 τοῦ

268 599 379 649 τῶν
409 600 743 671 ἀπορρήτων
780 601 1172 669 εὐαγγελιποῦ
1211 620 1273 655 τε
1311 606 1406 659 καὶ
1456 605 1718 675 κήρυκος,
1748 602 1842 657 τοῦ

262 690 369 759 τῆς
426 690 707 759 Αίγύπτου
741 693 1102 762 φωταγωγοῦ,
1143 694 1241 748 καὶ
1281 695 1361 765 τῷ
1406 696 1623 767 ἐκείνης
1668 695 1844 767 θρόνῳ

270 778 504 848 πρώτως
542 781 934 847 ἐγκαθίσαντος
958 798 972 811 ·
994 782 1118 836 οὐδὲ
1145 784 1254 854 γὰρ
1298 785 1421 838 οὐδὲ
1452 786 1610 840 τοῦτο
1648 787 1843 857 μικρὸν

269 872 354 933 είς
387 868 641 940 ἀφορμὴν
670 870 912 936 εὐδοξίας
936 890 951 904 ο
974 874 1372 946 ἐργωδέστερον
1394 878 1504 949 γὰρ
1532 878 1843 948 ἐξηκανθω·

273 962 445 1032 μένην
483 966 753 1035 γεωργεῖν
801 964 1059 1035 ἄρουραν,
1101 969 1135 1037 ἢ
1173 968 1272 1037 τήν
1314 969 1734 1041 κεκαθαρμένην
1763 972 1841 1034 είς

272 1053 592 1121 φιλοπονίαν
644 1054 967 1122 ἐπάγεσθαι.
1026 1050 1196 1121 Οὗτος
1241 1060 1351 1129 γὰρ
1399 1061 1547 1129 ἡμᾶς
1601 1064 1843 1132 σήμερον

272 1146 520 1198 ἐστιᾶται
542 1183 559 1207 ,
589 1140 746 1209 οὗτος
787 1148 921 1216 ήμῖν
955 1147 1031 1210 ώς
1073 1148 1179 1218 δψα
1206 1150 1278 1202 τὰ
1324 1152 1501 1205 οίκεῖα
1540 1152 1842 1223 προϐάλλε-

269 1250 359 1286 ται
390 1234 785 1304 προτερήματα
811 1250 825 1265 ⁸
858 1238 1231 1292 συνανέστειλε
1254 1239 1364 1309 γὰρ
1395 1240 1472 1309 τῷ
1496 1240 1691 1308 γλυκεῖ
1719 1241 1842 1313 ἔαρι

271 1321 635 1394 φαιδροτέραν
664 1322 762 1392 τήν
791 1321 942 1389 ὥραν
966 1324 1318 1379 ἀποτελοῦντι
1348 1327 1382 1395 ή
1415 1327 1621 1397 ὲόρτιος
1649 1326 1841 1380 τούτου

268 1411 473 1482 ἡμέρα,
510 1410 602 1464 καὶ
629 1410 705 1474 ὡς
736 1412 1059 1483 φωτοφανὴς
1087 1414 1253 1482 ήλιος»
1275 1413 1377 1477 τὰς
1403 1415 1512 1467 τῶν
1538 1413 1842 1485 ἀνθρώπων

267 1501 447 1571 ψυχὰς
480 1503 900 1573 κατελάμπρυνε
921 1518 935 1533 ’
970 1503 1293 1575 συνήθροισε
1316 1506 1543 1572 πάντας,
1571 1506 1664 1561 τοῦ
1686 1508 1843 1579 Μάρ-

1945 424 2065 493 ipso
2079 425 2337 493 praeclare
2362 439 2638 496 gestarum
2660 424 2871 497 copiam
2898 445 3108 486 suntme
3128 431 3512 487 demirantem.

1944 515 2136 581 Marci,
2189 517 2444 572 videlicet
2493 520 2591 588 (a),
2626 518 2769 572 Petri
2817 521 2909 574 lilii
2956 522 3210 592 clavigeri
3251 522 3515 577 caelorum

1942 606 2103 671 socii,
2138 621 2464 662 arcanorum
2506 608 2857 665 inell‘nbilium
2905 614 3251 681 evangelista:
3291 621 3347 666 et
3373 627 3515 681 prae-

1942 696 2114 763 conis,
2164 699 2332 753 totius
2364 698 2582 769 Egypti
2631 700 2874 766 luminis,
2914 718 2979 758 ac
3004 705 3070 757 ad
3106 703 3250 758 illius
3279 702 3519 773 regionis

1940 786 2138 839 solium
2168 788 2402 854 primum
2435 788 2644 853 evecti;
2682 806 2856 860 neque
2888 807 3018 847 vero
3049 794 3101 847 id
3135 791 3405 847 modicum
3436 802 3521 846 est

1943 891 2042 944 pro
2076 888 2402 945 argumento
2443 878 2793 945 laudationis,
2829 898 2954 935 nam
2996 882 3267 938 diliicilius
3296 891 3379 938 est
3409 883 3520 950 spi-

1943 967 2029 1020 nis
2057 967 2288 1021 obsitam
2324 969 2569 1025 tellurem
2606 971 2880 1041 subigere,
2910 988 3070 1041 quam
3104 973 3216 1038 jam
3244 988 3516 1041 expurga-

1944 1066 2056 1109 tum
2084 1073 2273 1126 agrum
2311 1063 2583 1114 excolere.
2618 1061 2715 1115 Hic
2744 1078 2847 1116 nos
2876 1063 3037 1116 hodie
3069 1063 3234 1118 veluti
3262 1065 3515 1119 convivio

1941 1146 2165 1214 excipit,
2201 1155 2258 1199 et
2290 1161 2388 1215 pro
2428 1146 2652 1202 ferculis
2690 1165 2785 1203 sua
2821 1149 2979 1203 nobis
3018 1150 3238 1203 exhibet
3287 1150 3517 1204 illustria

1946 1233 2129 1300 facta;
2165 1235 2308 1290 dulci
2342 1238 2488 1290 enim
2526 1254 2675 1302 vere,
2710 1240 3024 1294 hilariorem
3057 1240 3187 1293 anni
3217 1249 3515 1309 tempesta-

1940 1335 2050 1380 tem
2083 1327 2360 1392 reddente,
2411 1328 2640 1385 festivus
2685 1330 2857 1399 ipsius
2886 1332 3000 1386 dies
3032 1331 3226 1395 elusit,
3272 1342 3329 1387 et
3369 1332 3518 1386 sicut

1942 1417 2419 1485 splendidissimus
2452 1422 2534 1475 sol
2582 1423 2862 1477 hominum
2935 1432 3147 1477 mentes
3200 1423 3515 1477 illustravit.

1944 1504 2147 1562 Omnes
2189 1509 2389 1578 quippe
2419 1511 2771 1581 congregavit
2807 1512 2896 1567 hic
2921 1514 3058 1574 dies,
3091 1512 3258 1566 Marci
3287 1512 3515 1567 illustri-

272 1609 369 1646 κου
398 1592 850 1665 καθωραῖζομένη
874 1595 986 1656 τοῖς
1009 1594 1449 1666 κατορθώμασιν,
1470 1597 1555 1661 ὡς.
1576 1598 1672 1653 νῦν
1700 1600 1734 1669 ή
1767 1599 1835 1669 γῆ

1945 1595 2047 1651 bus
2078 1600 2246 1667 gestis
2272 1600 2344 1652 ita
2368 1599 2680 1661 decoratus.
2720 1600 2864 1655 sicut
2896 1617 3040 1657 nunc
3087 1613 3234 1656 terra
3281 1601 3517 1655 circum-

273 1663 628 1755 στολιζομένη
656 1687 769 1747 τοῖς
794 1684 1000 1751 ἄνθεσι,
1037 1663 1232 1750 καὶ
1263 1663 1328 1740 ἐκ
1349 1687 1693 1759 συνθήματος
1715 1663 1835 1743 sub?

1941 1663 2136 1742 amicis
2155 1698 2240 1742 est
2267 1686 2493 1745 ﬂoribus
2523 1706 2538 1743 :
2568 1690 2709 1743 unde
2749 1699 2808 1744 et
2836 1691 3071 1743 lidelium
3098 1700 3273 1745 coetus
3297 1690 3516 1744 beatqu

270 1775 452 1830 αυλίαι
474 1773 680 1828 πιστῶν
715 1774 807 1829 τὸν
851 1775 1174 1832 Ἀπόστολον
1209 1777 1621 1847 μακαρίζουσιν.
1642 1777 1839 1832 Ἐθνῶν

273 1867 595 1938 συστήματα
625 1866 715 1920 τὸν
756 1868 1118 1936 μυσταγωγὸν
1165 1869 1427 1940 ἀνυμνεῖ,
1476 1870 1553 1933 ὼς
1592 1871 1837 1940 ὑπογρα-

272 1957 381 2027 φέα
413 1957 707 2029 μεγαλύνει
737 1943 999 2028 Χριστοῦ,
1035 1958 1133 2012 καὶ⁸
1157 1960 1235 2023 ώς
1267 1962 1522 2031 μάρτυρα
1546 1962 1647 2031 τῆς
1671 1960 1836 2015 αὑτοῦ

269 2050 571 2120 παρουσίας
588 2051 1010 2120 καταγεραίρειο
1036 2052 1220 2105 εἰπεῖν.
1235 2053 1293 2105 δέ
1314 2052 1535 2122 μᾶλλον,
1554 2053 1756 2123 κόσμος
1770 2052 1839 2107 τὰ

268 2140 508 2194 τοσαῦτα
547 2140 740 2195 τούτου
774 2141 1093 2206 ἀποθειάζει
1128 2142 1222 2195 καὶ
1261 2145 1447 2211 κροτεῖ
1489 2142 1839 2215 ἀγαθουργή-

258 2249 454 2300 ςματαο
495 2232 717 2302 σύμπας
774 2232 885 2303 γὰρ
926 2232 1027 2304 τῆς
1087 2231 1298 2286 ἐκείνου
1339 2232 1685 2297 διδασκαλίας
1730 2232 1838 2288 ἀπ-

272 2341 470 2378 ωνατο.

345 2500 411 2571 β’.
463 2502 605 2555 Ἀλλ’
631 2502 692 2555 ού
721 2501 902 2571 λόγος,
933 2502 997 2556 ού
1043 2502 1265 2571 γλῶσσα
1290 2502 1484 2557 τοῦτον
1531 2505 1608 2567 ὡς
1665 2522 1836 2575 προσ-

268 2596 406 2662 ἧκεν
439 2596 682 2649 ἐπαινεῖν
705 2594 947 2664 ἐξαρκεῖ.
974 2595 1040 2647 Τί
1068 2594 1178 2665 γὰρ
1204 2594 1513 2665 πρῶτον,τί
1539 2596 1585 2650 δ’
1610 2595 1839 2651 ὕστατον

268 2686 665 2756 ἀνυμνήσειενς
698 2684 834 2738 αῖτε
862 2684 970 2754 γὰρ
997 2686 1357 2756 προσηγορίαι
1387 2686 1706 2749 πολυειδεῖς,
1745 2688 1839 2741 καὶ

268 2776 320 2829 οἱ
348 2776 558 2843 ἀγῶνες
594 2775 992 2846 κατάπληκτοι.
1024 2775 1285 2829 Τεθέαται
1314 2776 1422 2847 γὰρ
1451 2776 1512 2829 δν
1560 2777 1837 2847 ὀφθαλμὸς

267 2868 402 2939 ὁρᾷν
442 2867 504 2921 οὐ
531 2866 835 2935 δεδύνηται,
860 2866 938 2938 τῷ
980 2868 1234 2938 ήμετέριρ
1274 2867 1599 2937 φαινόμενον
1630 2885 1836 2939 προκα-

1936 1776 2240 1845 apostolum
2274 1790 2380 1833 uno
2408 1791 2505 1832 ore
2553 1777 2888 1847 praedicant,
2944 1781 3185 1849 gentium
3234 1778 3402 1833 turbat
3437 1779 3516 1833 uti

1938 1882 2219 1923 sacrorum
2266 1869 2591 1937 magistrum
2624 1870 2798 1938 ipsum
2839 1868 3141 1933 celebrant,
3169 1870 3245 1924 uti
3269 1885 3455 1924 rerum
3480 1884 3515 1923 a

1938 1957 2158 2014 Christo
2177 1968 2454 2028 gestarum
2484 1959 2808 2028 scriptorem
2843 1961 3133 2025 extollunt,
3166 1976 3229 2016 ac
3263 1962 3343 2016 uti
3371 1962 3516 2016 illius

1937 2050 2205 2105 adventus
2257 2059 2448 2104 testem
2479 2050 2685 2104 honore
2728 2064 3165 2122 prosequuntur;
3197 2053 3375 2107 dicam
3397 2068 3515 2105 ant-

1938 2136 2101 2208 plius,
2138 2134 2376 2192 mundus
2414 2137 2702 2193 universus
2736 2148 2816 2192 tot
2843 2149 3104 2209 tantaque
3134 2141 3203 2194 ab
3230 2139 3348 2209 ipso
3373 2154 3514 2209 prat-

1939 2227 2086 2282 clare
2107 2236 2279 2296 gesta,
2301 2236 2359 2279 ut
2386 2227 2567 2282 divina
2589 2228 2839 2297 suspicit.
2862 2237 2921 2284 et
2938 2229 3128 2298 plausu
3156 2233 3509 2299 comprobat:

1941 2328 2086 2375 totus
2125 2320 2270 2374 enim
2312 2328 2583 2372 terrarum
2629 2320 2778 2375 orbis
2814 2335 2879 2376 es
2921 2320 3072 2375 illius
3104 2320 3351 2375 doctrina
3398 2319 3515 2374 fru-

1938 2423 2086 2468 ctum
2112 2422 2168 2466 et
2194 2412 2482 2466 utilitatem
2515 2412 2741 2480 recepit.

2006 2504 2065 2559 2.
2106 2503 2214 2557 Sed
2252 2517 2352 2558 nec
2402 2502 2544 2557 ullus
2595 2517 2802 2566 sermo,
2849 2517 2952 2558 nec
2994 2502 3102 2557 ulla
3132 2502 3313 2573 lingua
3357 2501 3512 2559 illum

1938 2603 2098 2663 prout
2136 2594 2474 2656 conveniret.
2513 2592 2791 2647 celebrare
2817 2593 2960 2648 valet
2988 2612 3003 2648 :
3033 2594 3163 2663 quid
3213 2594 3360 2649 enim
3393 2596 3512 2662 pri-

1938 2698 2109 2748 mum,
2127 2683 2258 2752 quid
2282 2692 2615 2751 postremum
2637 2683 3166 2739 commendandum?
3185 2685 3512 2755 multiplices

1935 2780 2082 2836 enim
2112 2788 2238 2835 sunt
2266 2779 2409 2832 illius
2448 2778 2938 2845 denominationes,
2965 2788 3022 2835 et
3051 2779 3321 2834 mirabilia
3350 2780 3512 2849 plane

1937 2873 2259 2929 certamina.
2316 2868 2462 2925 Vidit
2510 2870 2684 2935 illum,
2735 2886 2898 2940 quem
2945 2873 3137 2928 oculus
3183 2873 3368 2928 videre
3402 2888 3508 2926 nou

267 2953 549 3022 λύμματι,
586 2954 681 3006 καὶ
706 2954 806 3023 τὴν
852 2954 1227 3025 ἐνεγκαμένην
1266 2955 1559 3011 κατέλιπεν
1581 2973 1594 2986 ·
1632 2958 1833 3030 κέκλη-

1940 2965 2369 3038 potum-nostrae
2403 2962 2752 3019 mortalitatis
2802 2965 3050 3020 indutum
3085 2974 3426 3033 tegumenta;
3456 2973 3513 3019 et

267 3060 359 3097 ται
396 3042 516 3113 θείᾳ
544 3046 731 3114 φωνῇ,
767 3043 862 3097 καὶ
917 3044 1225 3115 ἀγχιστέων
1258 3046 1549 3102 ἀπεώσατο
1579 3047 1833 3115 φίλτρον·

269 3133 400 3204 παρ’
433 3134 587 3187 οὐδὲν
612 3133 761 3206 αύτῷ
804 3134 898 3190 τοῦ
928 3137 1121 3205 γένους
1156 3136 1228 3190 τὰ
1253 3137 1410 3207 τίμια
1434 3177 1452 3203 ,
1489 3136 1623 3208 δναρ
1663 3138 1836 3209 τούτῳ

269 3228 475 3300 ῥοώδης
513 3230 833 3300 περιουσία,
865 3229 1035 3299 μόνον,
1065 3229 1327 3301 ἔστεργεν
1362 3232 1455 3283 τὸν
1481 3231 1571 3281 ἐπὶ
1614 3232 1835 3284 πάντων

267 3318 423 3384 Θεὸν,
456 3320 624 3390 μόνην
652 3320 1000 3391 εὐδαιμονίαν
1028 3321 1212 3391 ἠγεῖτο
1244 3319 1281 3374 ἀ
1305 3317 1710 3390 ἐπηγγέλλετο,
1740 3321 1836 3374 καὶ

265 3406 364 3478 τὴν
403 3407 703 3478 μαθητείαν
732 3404 876 3483 ᾗπερ
904 3409 1183 3463 ἐτέτακτο.
1215 3407 1306 3479 Τῷ
1337 3406 1681 3477 ἅποστολικῷ
1722 3408 1833 3478 γὰρ

268 3497 509 3567 συλλόγῳ
525 3498 1027 3569 τῶν-ἐϐδομήκοντα
1045 3499 1466 3571 συνηρίθμηται,
1496 3498 1834 3569 ῶσπερφέγ-

265 3604 361 3656 γος
388 3587 640 3660 λαμπρὸν
669 3590 984 3656 διαφανέσιν
1006 3591 1229 3662 ἄστροις
1271 3590 1423 3662 παρὰ
1449 3590 1546 3644 τοῦ
1572 3590 1836 3661 κεκληκό-

264 3695 357 3742 τος
395 3678 836 3750 κατειλεγμένον,
855 3675 901 3749 ᾧ
935 3681 1050 3750 ,τῆς
1083 3680 1232 3736 κάτω
1256 3680 1467 3752 σκηνῆς
1493 3697 1554 3734 τε
1576 3682 1673 3736 καὶ
1708 3680 1834 3753 τέρ-

264 3769 411 3839 ψεως
434 3764 555 3823 ούδέ
568 3772 990 3842 παρισούμενον.

1936 3070 2139 3113 terram
2165 3070 2286 3124 quae
2315 3055 2489 3123 ipsum
2521 3056 2795 3123 produxit,
2834 3057 3080 3112 deseruit
3111 3073 3126 3111 :
3157 3069 3289 3112 voce
3325 3054 3512 3110 divina

1934 3156 2233 3204 advocatus
2276 3145 2399 3209 fuit,
2428 3162 2492 3199 ac
2522 3147 2947 3217 propinquorum
2977 3162 3218 3203 amorem
3247 3161 3512 3216 generose

1933 3237 2156 3297 devicit,
2187 3248 2287 3303 pro
2317 3232 2486 3287 nihilo
2509 3235 2655 3287 enim
2704 3236 2823 3302 ipse
2867 3234 3056 3288 habuit
3089 3234 3306 3303 generis
3337 3235 3511 3286 hono-

1933 3340 2022 3380 res
2067 3337 2339 3392 opumque
2363 3322 2774 3384 abundantiam,
2801 3322 2966 3376 veluti
2986 3321 3232 3391 fugacem
3261 3322 3510 3376 umbram

1936 3415 2247 3471 mtimavit.
2284 3411 2462 3467 Unum
2494 3427 2658 3482 super
2684 3413 2862 3466 omnia
2912 3411 3081 3465 Deum
3116 3412 3355 3478 amavit;
3386 3427 3508 3465 eam

1938 3503 2155 3557 unicam
2192 3500 2505 3556 felicitatem
2536 3504 2767 3565 censuit,
2809 3516 2972 3570 quam
3005 3501 3119 3570 ipse
3150 3501 3512 3555 denuntiave-

1937 3602 2059 3660 rat;
2108 3593 2369 3664 illamque
2427 3593 2640 3648 unicam
2691 3593 3057 3662 disciplinam,
3109 3593 3196 3646 cui
3236 3591 3529 3659 ascriptus

1935 3684 2136 3740 fuerat.
2176 3685 2489 3754 Apostulico
2528 3685 2689 3741 (ξαειυί
2732 3686 3077 3754 septuaginta
3116 3684 3507 3752 discipulorum

1936 3787 2325 3832 annumeratus
2348 3778 2468 3844 luit,
2495 3777 2658 3832 veluti
2683 3775 2962 3846 splendida
2992 3776 3086 3830 lux
3116 3774 3282 3830 claris
3308 3774 3509 3829 sideri-

265 3859 367 3914 bus
391 3860 642 3930 adjuncta
679 3862 747 3916 ab
787 3862 879 3916 illo
908 3862 998 3930 qui
1026 3876 1149 3918 eum
1183 3873 1490 3927 vocaverat,
1517 3863 1691 3921 cui‘in
1724 3865 1828 3921 bac
1864 3878 2064 3921 nostra:
2105 3868 2456 3924 mortalitatis
2484 3882 2644 3924 scena
2708 3868 2847 3923 nihil
2911 3867 3072 3938 plane
3100 3875 3184 3922 est
3212 3866 3356 3935 quod
3384 3875 3509 3932 apte

264 3951 570 4022 comparari
609 3952 801 4020 possit.

331 4049 402 4112 τ.
437 4043 646 4105 Ὄντως
684 4040 779 4095 τοῦ
815 4040 1022 4111 Πέτρου
1054 4042 1084 4093 ὁ
1114 4040 1338 4110 Μάρκος
1370 4039 1506 4106 υίὸς,
1531 4040 1701 4105 ὅντως
1726 4041 1829 4113 τῆς

263 4133 473 4187 ἐκείνου
502 4131 730 4203 γνώμης
760 4131 1059 4202 ἐφάμιλλος
1078 4146 1095 4162 θ
1138 4129 1443 4184 ἀντιδίδωσι
1472 4131 1581 4202 γὰρ
1611 4130 1833 4202 ἡφύσις

268 4224 333 4278 τὰ
364 4227 543 4278 οἰκεῖα
570 4225 646 4294 τῷ
671 4224 820 4293 γένει
839 4264 857 4290 ,
895 4223 989 4277 καὶ
1022 4222 1091 4276 τὰ
1117 4223 1351 4275 ἑκάστου
1380 4223 1834 4295 πλεονεκτήματα

214 4299 223 4385 ξ
264 4317 420 4370 κοινά
467 4314 675 4369 τίθεται
700 4331 714 4345 ·
763 4314 915 4382 δηλοῖ
948 4313 1055 4385 γάρ
1103 4314 1138 4384 ή
1190 4311 1400 4377 πειθὼ,
1438 4312 1590 4384 δηλοῖ
1616 4317 1649 4385 ή
1695 4320 1831 4386 πρὸς

213 4388 225 4471 ξ
264 4410 549 4461 πλάσαντα
598 4405 994 4476 ἀκολούθησις,
1042 4407 1147 4465 καί
1192 4406 1244 4457 τ’
1295 4404 1430 4460 ἄλλα
1479 4405 1585 4458 τῶν
1653 4407 1834 4460 καλῶν

192 4476 216 4552 έ
262 4499 469 4569 ἁδελφά
508 4500 602 4552 καὶ
635 4498 918 4568 ὁμότροπα
964 4496 1065 4568 τῆς
1101 4495 1437 4567 θερμότητος
1464 4512 1478 4529 θ
1526 4498 1670 4552 κατά
1720 4500 1831 4568 γὰρ

259 4592 354 4644 τὸν
383 4590 687 4662 προφήτην
711 4587 915 4659 Ἀμώς,
950 4588 1015 4641 ἐκ
1067 4586 1362 4658 προσώπου
1393 4586 1489 4642 τοῦ
1535 4587 1829 4660 θεαρχικοῦ

262 4683 579 4754 Πνεύματος
598 4681 1061 4753 προαγγέλλοντα,
1096 4680 1226 4734 ’ἰδοὺ
1262 4680 1377 4749 ἐγὼ
1406 4680 1643 4752 στερεῶν
1673 4680 1832 4751 βρον-

259 4774 382 4842 τὴν,
423 4772 520 4826 καὶ
547 4771 751 4835 κτίζων
779 4770 1000 4842 πνεῦμα
1027 4771 1122 4823 καὶ
1151 4770 1498 4838 ἀναγγέλλων
1543 4772 1624 4832 εἰς
1662 4770 1829 4839 οὐρα·

260 4865 386 4926 νοὺς
436 4862 529 4914 τὸν
561 4862 802 4932 Χριστὸν
843 4860 1009 4915 αύτοῦ
1031 4876 1043 4889 ·
1078 4861 1138 4927 ἐξ
1172 4860 1355 4930 ἄκρων
1401 4860 1565 4931 μέχρι
1596 4860 1703 4914 τῶν
1731 4860 1829 4931 τῆς

260 4956 365 5024 γῆς
394 4953 481 5023 ᾔει
537 4953 846 5023 τερμάτων,
874 4942 1009 5005 Θεὸν
1046 4952 1138 5005 τὸν
1167 4951 1496 5023 δημιουργὸν
1543 4951 1827 5019 εὐαγγελι-

259 5044 521 5114 ζόμενος,
551 5042 648 5096 καὶ
696 5043 766 5096 τὰ
810 5041 1030 5096 ποικίλα
1065 5040 1329 5111 γεωργῶν
1380 5041 1786 5111 κατορθώματα
1809 5058 1824 5072 ο

266 5131 604 5203 κατεφώτισε
652 5131 762 5202 γὰρ
788 5116 886 5204 τὴν
916 5126 1163 5202 ὕφήλιον,
1205 5130 1303 5201 τὴν
1323 5131 1423 5200 τῆς
1445 5130 1655 5202 πλάνης
1688 5147 1824 5184 κατ-

329 5270 354 5302 ⁸
386 5271 553 5327 Amos
582 5284 655 5334 tv,
690 5267 781 5324 15.

330 5388 408 5466 (α)
436 5384 829 5466 Eodem'modo
855 5380 1074 5466 Nicetes
1106 5350 1346 5466 Marcum
1385 5380 1530 5466 inter
1556 5381 1627 5463 70
1654 5380 1820 5466 discig

257 5449 725 5527 pulosuumerat.
766 5455 908 5527 quod
950 5452 1175 5527 aliinon
1200 5449 1404 5527 iaciunt
1434 5454 1605 5527 :_quht
1655 5454 1818 5527 etiam

2002 4043 2055 4098 '5.
2100 4042 2311 4099 Revera
2362 4043 2504 4100 Petri
2560 4044 2701 4099 lilius
2751 4045 3013 4099 dicendus
3049 4054 3131 4099 est
3171 4044 3408 4107 Marcus,
3448 4057 3504 4099 et

1935 4149 2063 4189 vere
2106 4135 2181 4188 illi
2226 4135 2462 4190 similis:
2497 4138 2711 4205 utrique
2752 4137 2895 4190 enim
2940 4135 3086 4190 dedit
3118 4145 3312 4190 natura
3356 4150 3505 4189 eain-

1935 4223 2057 4278 dem
2103 4225 2378 4279 nationem
2409 4234 2463 4279 et
2505 4240 2695 4294 genus,
2741 4241 2805 4279 ac
2850 4239 3167 4279 communes
3216 4225 3505 4291 utriusque

1934 4316 2325 4383 prmrogativas
2358 4313 2562 4380 eli'ecit,
2588 4324 2744 4384 prout
2793 4315 2997 4370 indicat
3042 4316 3267 4384 aequalis
3297 4315 3503 4367 utrius-

1932 4420 2038 4474 que
2054 4405 2315 4460 suadendi
2334 4406 2420 4460 eiii
2433 4409 2546 4460 caci
2560 4423 2610 4470 a,
2635 4407 2941 4461 communis
2958 4405 3236 4462 Creatoris
3255 4407 3499 4474 sequela,

1933 4496 2234 4550 consimilis
2280 4496 2441 4567 plane
2490 4495 2693 4565 fervor,
2742 4509 2797 4552 et
2845 4499 2945 4551 alia
2996 4498 3153 4568 plene
3198 4498 3502 4553 conformis

1935 4587 2130 4641 decora
2156 4589 2468 4642 ostendunt.
2493 4585 2717 4642 Utenim
2732 4597 2817 4643 est
2839 4589 2978 4658 apud
3003 4588 3319 4657 prophetam
3334 4588 3501 4642 Amos

1934 4693 1998 4731 ex
2034 4692 2263 4745 persona
2295 4679 2461 4734 divini
2504 4680 2742 4749 Spiritus
2778 4679 3159 4748 praedicentem
3191 4696 3205 4732 :
3234 4679 3377 4734 Ecce
3397 4693 3501 4748 ego

1938 4767 2161 4822 firmans
2197 4770 2396 4824 tonitru
2442 4767 2542 4839 (b),
2588 4779 2643 4826 et
2687 4770 2879 4823 creatis
2926 4777 3170 4833 ventum,
3205 4776 3260 4820 et
3284 4780 3497 4819 annun-

1938 4858 2077 4913 tians
2122 4859 2174 4912 in
2204 4858 2371 4914 ccelos
2411 4859 2685 4915 Christum
2718 4855 2898 4928 ejus‘;
2923 4860 2991 4913 ab
3034 4856 3295 4911 extremis
3339 4864 3517 4911 teme.

1934 4949 2179 5020 partibus
2218 4964 2390 5018 usque
2438 4950 2503 5004 ad
2547 4950 2767 5005 ultimos
2819 4951 2955 5005 lines
3003 4949 3284 5019 perrexit,
3329 4946 3498 5001 Deum

1934 5056 2116 5096 rerum
2144 5040 2385 5096 omnium
2414 5040 2661 5109 opilicem
2684 5040 3057 5111 promulgatis,
3088 5050 3250 5109 atque
3277 5038 3497 5092 uberem

1933 5132 2164 5201 plurium
2231 5130 2493 5189 bonorum
2547 5146 2768 5201 operum
2818 5146 3051 5187 messem
3104 5130 3442 5201 recolligens.

1931 5376 2186 5514 ιυῖἕίιῗία
2220 5444 2381 5501 LXX.
2409 5447 2631 5518 Vulgata
2654 5451 2781 5519 legit
2811 5468 2825 5504 :
2857 5451 2993 5504 Ecce
3015 5450 3250 5517 formans
3271 5456 3497 5500 montem

259 5519 365 5580 dno
403 5525 591 5589 Marci,
621 5531 688 5578 ab
723 5519 824 5579 hoc
858 5523 1082 5589 diversi,
1132 5523 1442 5590 referuntur
1467 5519 1521 5573 in
1548 5519 1820 5588 Catalogis
1926 5526 1972 5570 et
2004 5531 2185 5568 creari:
2237 5526 2463 5584 ventum,
2511 5529 2559 5573 et
2610 5522 2932 5574 annuntians
2984 5520 3181 5573 homini
3230 5520 3495 5590 eloquium

262 5600 402 5651 =nter
449 5599 547 5650 bos
602 5594 803 5650 Christi
861 5594 1154 5662 discipulos
1194 5609 1206 5644 :
1250 5589 1392 5659 quod
1448 5603 1670 5644 monere
1723 5604 1817 5641 vo-

1924 5603 1983 5641 ει(
1994 5603 2021 5638 ιι
2028 5602 2098 5638 ιη.
