3942 6218
413 208 544 278 1191

1676 205 2033 270 PROCOPII
2066 166 2386 268 nucem

3562 200 3699 269 ΠΩ

407 322 546 379 Nam
573 321 762 376 orbem
795 327 1065 375 terrarum
1117 316 1433 383 illustravit,
1484 317 1816 385 impietatem
1862 332 1990 389 pro-

2098 318 2318 387 ἔφλεξεν
2373 314 2666 384 ἀθεότητα,
2687 313 2973 386 ἀπέσμυξε
3003 314 3131 378 τοὺς
3152 317 3603 389 ὲρῤιπωμένους
3630 318 3701 369 εί-

409 414 636 485 ﬂigavit,
663 411 986 467 idololatriae
1009 410 1222 465 macula
1253 408 1484 465 ftedatos
1509 408 1793 476 abstersit,
1818 420 1872 464 ct
1892 425 1987 479 per

346 503 355 511 ’
409 507 741 575 baptismum
795 509 1126 572 expurgatos
1174 501 1266 571 (ne
1313 501 1417 554 alia
1455 500 1605 570 plura
1645 500 1845 572 dicam)
1878 501 1986 557 Deo

411 596 653 650 admovit
688 614 703 648 :
743 593 933 647 habuit
976 592 1126 645 enim
1162 590 1401 660 lingttam
1449 590 1612 646 veluti
1660 591 1903 662 clypeum
1932 599 1988 646 et

411 684 657 743 hastam,
693 692 748 735 et
778 697 841 735 ea
887 697 1006 748 qute
1056 680 1387 750 praedicabat
1418 681 1726 735 certissima
1777 683 1987 736 cunctis

410 775 770 839 ostendebat,
854 784 1151 843 gentesque
1205 775 1273 828 ad
1344 789 1525 827 veram
1591 772 1758 826 vitam
1829 787 1986 827 revo-

410 883 474 922 ca
482 870 511 920 Ι)
518 886 544 918 a
553 875 593 920 t.

480 956 534 1011 ι.
578 956 733 1011 Unde
797 957 1113 1024 multiplicia
1163 955 1497 1011 emanabant
1548 955 1812 1023 prodigia,
1840 955 1989 1010 illinc

414 1051 585 1105 turba:
625 1050 691 1103 ad
744 1049 838 1105 Dei
888 1050 1257 1117 cognitionem
1307 1063 1604 1115 veramque
1671 1047 1986 1117 religionem

326 1124 331 1129 ’
413 1140 838 1195 traducebantur
867 1157 882 1193 :
913 1142 1003 1207 qui
1041 1139 1268 1208 pedibus
1298 1148 1456 1193 antea
1489 1138 1650 1193 laesus
1676 1149 1815 1205 erat,
1848 1140 1988 1192 inte-

410 1246 506 1300 ger
563 1243 748 1299 postea
805 1230 1085 1295 redditus,
1141 1230 1280 1285 bene
1332 1230 1667 1285 currentium
1732 1229 1991 1296 magister

412 1324 571 1375 lieliat
608 1339 620 1375 :
656 1323 747 1391 qui
781 1321 954 1376 oculis
993 1332 1154 1376 antea
1202 1321 1429 1375 orbatus
1472 1330 1614 1383 erat,
1663 1319 1986 1390 pupillarum

411 1416 583 1468 aciem
610 1414 983 1467 acutissimam
1024 1406 1232 1482 ‘postea
1301 1426 1665 1480 recuperatis,
1730 1412 1867 1467 alios
1921 1411 1989 1466 ad

410 1503 739 1572 cognitionis
778 1503 948 1557 lucem
981 1504 1323 1568 deducebat;
1361 1502 1481 1572 ejus
1515 1511 1797 1565 contactus
1823 1519 1988 1557 exsu-

412 1600 711 1666 perantiam
746 1596 966 1657 caloris,
996 1598 1047 1650 in
1077 1597 1516 1651 mediocritatem
1558 1606 1832 1651 consuetae
1858 1611 1989 1649 cou-

413 1688 761 1742 faederationi
826 1687 1183 1757 pugnantium
1242 1687 1566 1756 qualitatum
1619 1686 1987 1741 necessariam
2023 1674 2064 1730 Β

415 1777 778 1844 temperabat,
812 1786 974 1841 aestu,
994 1791 1105 1845 quo
1136 1776 1189 1829 in
1222 1776 1644 1844 superstitiones
1667 1774 1991 1831 eﬂervesce-

411 1869 553 1922 bank
596 1868 961 1936 refrigerato;
1013 1868 1154 1923 unde
1207 1867 1348 1937 ignis
1398 1867 1819 1931 sacrificiorum,
1872 1883 1992 1937 qua:

414 1959 572 2011 idolis
624 1957 1016 2020 ollerebantur,
1063 1959 1115 2011 in
1152 1957 1357 2012 iunium
1388 1965 1445 2011 et
1488 1957 1775 2029 caliginem
1812 1968 1992 2013 verte-

415 2050 595 2111 batur,
620 2049 896 2105 daemones
937 2050 1143 2103 fraudis
1164 2060 1424 2120 auctores
1458 2050 1513 2103 in
1569 2050 1812 2104 cinerem
1844 2050 1992 2104 redi-

411 2141 700 2208 gebantur,
736 2148 791 2195 et
821 2156 944 2195 vera
983 2143 1169 2212 religio
1202 2142 1450 2197 ﬂorebat.
1478 2140 1593 2195 Tua
1615 2141 1729 2196 brec
1752 2140 1990 2207 fuerunt,

410 2247 444 2285 ο
472 2231 671 2299 Marce,
716 2232 950 2286 illustria
1003 2243 1153 2303 gesta
1206 2242 1260 2288 et
1304 2233 1647 2287 admirabilia
1704 2232 1988 2302 trophaea:

412 2324 498 2378 bis
531 2327 676 2379 enim
714 2325 928 2379 artibus
977 2325 1224 2394 captivos
1266 2326 1470 2379 duxisti
1516 2324 1855 2380 exercituum
1891 2324 1990 2376 dit-

412 2430 525 2479 res,
558 2428 613 2468 tu
644 2415 724 2468 vir
751 2415 877 2469 Olllll
908 2416 1069 2469 idiota
1095 2431 1111 2480 ;
1141 2417 1224 2470 his
1262 2417 1431 2471 armis
1459 2417 1801 2472 ethnicorum
1837 2431 1990 2470 erro-

415 2520 525 2557 rem
558 2506 898 2572 expugnasti,
934 2514 986 2558 tu
1011 2520 1214 2574 pauper
1245 2515 1300 2559 et
1323 2507 1483 2559 unica
1515 2505 1742 2559 indutus
1771 2506 1987 2571 tunica;

415 2595 736 2649 ltissiribus
782 2611 888 2649 una
935 2611 1057 2650 cum
1109 2594 1295 2659 Petro,
1329 2607 1382 2650 ιιι
1409 2595 1555 2651 Petri
1608 2596 1775 2661 ﬁlius,
1825 2595 1992 2650 Italo-

413 2703 533 2741 rum
565 2688 636 2757 (c)
668 2699 883 2757 gentem
935 2689 1232 2757 subegisti;
1268 2703 1297 2741 a
1336 2688 1469 2742 solis
1508 2698 1633 2743 ortu
1676 2688 1988 2753 discedens,

2092 408 2346 470 δωλικοῐς
2387 408 2609 477 αἵμασι,
2647 406 2743 459 καὶ
2796 405 3277 475 καθηγνισμὲνους
3298 407 3445 461 Θεοῦ
3484 406 3575 478 τῷ
3607 406 3704 479 βαρ

2098 499 2345 571 πισμῷ,
2379 499 2468 552 ἵνα
2501 497 2576 569 μὴ
2604 497 2778 550 πλείω
2804 496 2994 567 φαίην.
3018 498 3388 571 παρέστησεν.
3418 496 3565 570 Εἶχε
3590 500 3708 568 γὰρ

2091 592 2191 663 τὴν
2211 592 2464 660 γλῶσσαν
2485 580 2600 644 ἀντ’
2618 589 2845 653 ἀσπίδος
2854 588 2950 642 καὶ
2960 588 3207 657 δόρατος,
3224 591 3321 643 καὶ
3341 590 3407 644 τδ
3416 593 3495 661 κη
3505 607 3706 660 ρυγμα

2091 682 2357 737 διεδείκνυ
2388 683 2522 735 πᾶσι
2560 680 2926 751 βεϐαιότερον,
2969 680 3065 732 καὶ
3101 679 3172 734 τὰ
3195 680 3384 751 πλήθη
3420 684 3576 752 πρὸς
3601 682 3706 751 τὴν

2093 775 2272 847 ἁληθῆ
2302 774 2451 845 ζωὴν
2485 772 2872 843 προενόμευεν.

2164 953 2198 1016 ζ
2213 955 2247 1011 ’.
2282 953 2479 1008 Ἔνθεν
2502 953 2815 1025 γὰρέϐρυεν
2837 954 2869 1023 ἡ
2896 953 3005 1005 τῶν
3028 953 3322 1022 θαυμάτων
3348 952 3695 1024 πλημμύρα,

2094 1045 2309 1099 ἐκεῖθεν
2335 1047 2383 1098 οἱ
2404 1045 2553 1116 ὄχλοι
2570 1046 2707 1116 πρὸς
2728 1046 2826 1115 τὴν
2845 1045 3082 1113 θεογνωσ
3093 1046 3178 1098 ίαν
3206 1047 3697 1114 ε.ιε·ιτωχετει;οντο⁸

2094 1140 2124 1190 ὸ
2151 1138 2255 1201 τὰς
2292 1138 2478 1208 βάσεις
2521 1137 2987 1209 πεπληρωμένος,
3022 1137 3290 1207 ἀρτίπους
3343 1139 3695 1205 ἀναφανεὶς,

2094 1224 2165 1300 ἧν
2197 1232 2314 1291 τοῖς
2346 1229 2671 1299 εὐδρομοῦσι
2705 1228 3024 1297 διδάσκαλος
3048 1245 3064 1259 ο
3098 1229 3391 1298 ἀὸμματος
3434 1231 3571 1292 ταῖς
3602 1228 3699 1281 16-

2098 1339 2221 1393 ραις
2247 1361 2259 1384 ,
2290 1321 2595 1391 όξυδορκῶν
2615 1362 2630 1383 ,
2662 1316 2857 1385 ἄλλους
2888 1320 3026 1390 πρὸς
3057 1320 3119 1372 τὸ
3153 1320 3270 1388 φῶς
3316 1321 3700 1390 ἐχειραγώγει

2093 1414 2193 1483 τῆς
2230 1413 2583 1482 ἐπιγνώσεως
2607 1428 2622 1444 ο
2656 1415 2686 1483 ἡ
2740 1410 2853 1481 ἁφὴ
2898 1410 2999 1481 τὴν
3039 1409 3134 1464 τοῦ
3209 1411 3425 1480 θερμοῦ
3483 1412 3697 1465 πλεον-

2098 1506 2250 1570 εξίαν
2291 1505 2431 1575 πρὸς
2460 1504 2562 1568 τὰς
2599 1504 2851 1574 συνήθεις
2894 1503 3127 1565 σπονδὰς
3162 1503 3563 1572 μετερύθμιζε,
3598 1504 3700 1556 καὶ

2094 1598 2155 1651 τὸ
2206 1597 2319 1667 πῦρ
2359 1597 2469 1650 τῶν
2503 1595 2799 1650 εἱδωλικῶν
2829 1594 3033 1648 θυσιῶν
3048 1594 3446 1649 ἀπαιθαλοῦτο·
3495 1597 3548 1648 οῖ
3585 1596 3698 1664 τῆς

2093 1689 2300 1759 πλάνης
2331 1690 2625 1758 φυτουργοὶ
2647 1688 2899 1756 δαίμονες
2931 1685 3263 1757 ὲτεφροῦντο
3286 1726 3303 1751 ,
3335 1687 3427 1739 καὶ
3470 1688 3505 1755 ἡ
3536 1688 3694 1754 ἀλη-

2094 1779 2194 1850 θὴς
2236 1777 2453 1849 ἤκμαζε
2489 1778 2794 1833 θεοσέϐεια.
2836 1777 3243 1847 Ὑπέρλαμπρά.
3287 1779 3687 1849 σου,Μάρκε,

2091 1872 2162 1926 τὰ
2188 1871 2326 1942 ἔργα
2350 1913 2365 1937 ,
2403 1869 2685 1942 παράδοξα
2722 1871 2821 1923 καὶ
2870 1868 2941 1922 τὰ
2982 1868 3224 1940 τρόπαια
3249 1885 3266 1900 ο
3308 1870 3524 1933 τούτοις
3560 1872 3684 1940 γὰρ

2091 1961 2415 2033 ὲζὼγρησας
2442 1963 2569 2026 τοὺς
2601 1958 3077 2033 στρατηγοῦντας,
3110 1961 3139 2012 ό
3172 1959 3430 2030 ἰδιώτηςο
3466 1963 3691 2025 τούτοις

2091 2052 2495 2123 ὲπολιόρκησας
2521 2053 2620 2123 τὴν
2649 2053 2901 2119 πλάνηνό
2930 2052 3250 2121 μονοχίτων,
3285 2052 3509 2115 τούτοις
3541 2055 3686 2122 μετὰ

2097 2142 2195 2195 τοῦ
2230 2142 2443 2213 Πέτρου
2469 2126 2498 2195 ό
2524 2141 2621 2194 τοῦ
2656 2142 2864 2211 Πέτρου
2900 2140 3016 2205 υίὸς
3037 2141 3101 2193 τὸ
3147 2141 3369 2195 Ἰταλῶν
3399 2143 3684 2214 ὲχειρὼσω

2095 2233 2251 2303 γένος
2275 2272 2292 2297 ,
2323 2235 2383 2299 ἐξ
2426 2232 2570 2304 ἑῴας
2606 2233 2707 2304 μὲν
2736 2235 3096 2303 ἀφορμήσας,
3142 2234 3283 2303 πρὸς
3328 2234 3593 2304 δυόμενον
3622 2236 3682 2288 δὲ

2095 2322 2386 2386 καταπτὰς
2402 2323 2577 2393 ἥλιον.
2596 2324 2689 2376 καὶ
2711 2322 2802 2375 τὸν
2827 2320 2982 2390 λόγον
3004 2322 3285 2393 πανταχοῦ
3304 2325 3676 2394 κατευρῦνων,

2096 2409 2131 2488 ᾖ
2169 2417 2379 2479 ἐκεῖνος
2413 2416 2513 2485 τὴν
2539 2416 2735 2468 ἀκτῖνα
2763 2417 2878 2478 τοῖς
2909 2416 3169 2485 πέρασιν,
3199 2417 3262 2469 οὐ
3306 2417 3561 2486 μεθόδως
3588 2436 3680 2473 κε-

2095 2503 2374 2576 χρημένος
2403 2509 2772 2574 σοφιστικαῖς,
2794 2506 2857 2558 οὐ
2889 2505 3378 2577 κεκομψευμέναις
3416 2524 3676 2579 μεταχει-

2099 2599 2355 2670 ρήσεσιν,
2412 2599 2530 2654 ἀλλ’
2579 2598 2737 2669 ἁπλῷ
2787 2598 2931 2669 λόγῳ
2984 2601 3079 2652 καὶ
3130 2600 3366 2672 ἀληθεία
3431 2601 3593 2673 μόνῃ,
3637 2596 3675 2676 ᾖ

2099 2690 2322 2741 πάντων
2346 2689 2414 2742 τὸ
2436 2687 2644 2760 κράτος
2669 2687 3146 2757 ἀνανταγώνιστον
3180 2690 3556 2760 ἀποφέρεται.

413 2795 466 2837 ct
493 2784 558 2836 ad
588 2798 840 2837 occasum
872 2783 1156 2849 advolans,
1206 2788 1273 2836 ac’
1330 2782 1535 2850 ubique
1578 2783 2024 2851 prredicatiouem
2063 2797 2350 2853 spargens,
2383 2798 2489 2854 qua
2519 2783 2601 2838 sol
2641 2783 2757 2854 ipse
2786 2784 3052 2838 extremis
3085 2793 3243 2840 terra;
3306 2785 3510 2862 ﬁnibus
3554 2802 3670 2842 suos

417 2873 597 2928 radios
634 2872 888 2929 dilfundit
929 2891 944 2927 :
1009 2888 1114 2927 non
1145 2874 1460 2943 sepbisticis
1489 2875 2054 2944 argumentationibus
2092 2891 2246 2941 usus,
2275 2892 2382 2931 non
2415 2877 2626 2932 ornatis
2673 2875 3109 2941 tractationibus,
3146 2876 3246 2932 sed
3281 2877 3525 2947 simplici
3550 2893 3664 2932 ora-

417 2964 563 3017 tione
606 2973 660 3017 et
697 2963 812 3017 sola
846 2963 1095 3025 veritate,
1127 2976 1236 3031 qua
1282 2963 1512 3016 victoria
1556 2965 1624 3018 de
1649 2964 1863 3019 cunctis
1900 2962 2102 3020 frustra
2132 2967 2522 3022 reluctantibus
2562 2976 2893 3036 reportatur.

487 3054 543 3108 5.
584 3053 735 3120 Quod
759 3053 904 3107 enim
926 3053 1106 3107 omnis
1129 3052 1306 3107 oratio
1335 3050 1499 3107 facile
1529 3052 1768 3119 labatur,
1796 3054 1898 3108 nisi
1928 3068 1990 3109 ea

2168 3065 2232 3113 ε’.
2260 3057 2385 3111 Ὀτι
2411 3057 2522 3127 γὰρ
2551 3058 2907 3127 εὐέμπτωτος
2933 3055 3081 3120 ἄπας
3107 3055 3287 3125 λόγος,
3319 3058 3371 3112 ει
3407 3058 3487 3130 μὴ
3511 3061 3653 3130 τάλη-

416 3159 539 3215 qua:
567 3160 691 3197 vera
742 3154 867 3197 sunt
902 3158 999 3213 pro
1030 3158 1242 3197 summa
1299 3144 1497 3199 habeat
1522 3153 1579 3199 et
1609 3146 1886 3214 praedicet,
1923 3161 1991 3200 ex

417 3235 521 3288 hoc
550 3233 665 3302 ipso
688 3229 847 3286 facile
876 3235 1158 3303 dignosces
1180 3248 1196 3286 :
1220 3232 1557 3304 Pythagoras
1588 3234 1857 3303 siquidem
1888 3234 1994 3289 fal-

416 3339 507 3379 sas
544 3324 844 3378 sententias
892 3338 1260 3394 propugnans,
1293 3335 1348 3378 et
1376 3325 1577 3379 multas
1609 3324 1823 3380 fabulas
1861 3341 1994 3381 eon-

418 3418 658 3482 tingens,
711 3415 832 3471 illas
887 3416 1038 3471 Italis
1088 3431 1362 3486 nunquam
1418 3418 1591 3487 potuit
1643 3419 1991 3487 persuadere.

418 3512 758 3567 Democritus
796 3513 846 3566 id
888 3512 1064 3580 ipsum
1103 3527 1392 3582 peragens,
1444 3513 1715 3568 neminem
1759 3513 1992 3567 Abderi-

420 3615 604 3659 lat'um'
626 3606 814 3660 habuit
849 3605 1179 3659 auditorem.
1214 3604 1487 3673 Orpheus,
1519 3603 1665 3659 feras
1693 3597 1886 3659 omnes
1909 3604 1995 3658 sui

415 3699 685 3752 sermonis
749 3699 1019 3750 suavitate
1073 3697 1423 3762 demulcens,
1481 3696 1832 3766 popularibus
1879 3697 1995 3752 suis

418 3788 720 3842 Thracibus
776 3786 1027 3852 fabulas,
1073 3801 1210 3857 quas
1252 3788 1503 3851 canebat.
1556 3803 1661 3842 non
1697 3788 1990 3855 persuasit.

419 3879 666 3948 Namque
712 3880 799 3932 isti
849 3893 1039 3933 outues
1077 3879 1262 3932 multis
1309 3879 1647 3933 abundantes
1697 3880 1909 3941 verbis,
1940 3889 1995 3934 et

417 3971 567 4025 inani
603 3972 865 4041 sapientia
916 3972 1315 4039 superbientes,
1353 3970 1517 4025 veluti
1548 3972 1782 4039 quadam
1815 3972 1993 4025 ebrie-

419 4074 529 4118 tate
555 4079 780 4134 prorsus
811 4062 1005 4133 perditi
1056 4071 1207 4128 suut,
1236 4070 1401 4131 atque
1436 4062 1548 4117 alto
1589 4063 1803 4117 silentio
1830 4062 1993 4117 simul

417 4156 648 4211 demersi
693 4154 948 4222 fuerunt;
982 4157 1032 4210 id
1070 4157 1214 4211 enim
1241 4153 1402 4209 eﬂicit
1439 4153 1611 4219 falsa,
1644 4164 1700 4209 et
1728 4153 1991 4209 imbecilla

417 4248 727 4317 sapientia;
769 4246 982 4303 Marcus
1011 4262 1143 4303 vero
1177 4245 1343 4301 divini
1375 4245 1611 4315 Spiritus
1630 4246 1941 4312 doctrinas,
1962 4261 1989 4298 a

408 4340 677 4414 jactantia
702 4340 931 4405 alienas,
963 4355 1243 4414 exponens
1271 4355 1335 4394 ac
1358 4353 1637 4408 promens,
1659 4337 1822 4392 etiam
1853 4352 1989 4406 quos

2097 3147 2167 3218 θῆ
2216 3148 2515 3221 πρεσόεύει
2570 3149 2666 3202 καὶ
2714 3147 3065 3216 διαγγέλλει,
3098 3146 3291 3218 γνοίης
3340 3150 3663 3204 κάντεῦθεν·

2097 3239 2425 3310 Πυθαγόρας
2467 3238 2568 3309 μὲν
2600 3238 2740 3309 γὰρ,
2790 3239 2892 3309 τὴν
2927 3238 3097 3308 ψευδῆ
3143 3238 3307 3304 δόξαν
3363 3242 3669 3311 κρατύνων.

2095 3332 2191 3386 καὶ
2218 3331 2389 3386 πολλὰ
2423 3329 2803 3402 λεσχηνεύων,
2837 3331 3048 3384 πείθειν
3080 3330 3320 3395 Ἰταλοὺς
3358 3332 3426 3386 οῦ
3456 3334 3674 3401 6565m-

2094 3442 2187 3479 ται
2213 3442 2228 3457 ·
2289 3424 2633 3496 Δημόκριτος
2659 3464 2674 3488 ,
2748 3423 2882 3477 αὐτό
2940 3440 3005 3493 γε
3063 3421 3221 3477 τοῦτο
3276 3428 3669 3496 συμπράττων,

2106 3511 2442 3583 ’Δϐδηριτῶν
2489 3512 2681 3566 οὐδένα
2714 3513 2985 3582 κατήκοον
3017 3511 3209 3582 ἔσχεν·
3277 3512 3569 3584 Ὀρφεὺς,-
3600 3512 3674 3583 τῷ

2097 3602 2253 3672 μύθῳ
2307 3603 2528 3665 πάντως
2563 3603 2730 3673 θηρία
2758 3602 3113 3672 κατακηλῶν,
3170 3604 3301 3667 τοὺς
3351 3606 3673 3674 direxti:ch

2093 3691 2195 3744 οὐκ
2227 3690 2412 3744 ἔπειθε
2444 3690 2686 3762 Θρᾷκας.
2721 3691 2986 3759 Καίτοιγε
3021 3691 3201 3762 πολλῷ
3236 3693 3460 3764 ῥέοντες
3494 3694 3671 3764 λόγῳ,

2095 3782 2191 3835 καὶ
2228 3782 2393 3853 σοφίᾳ
2451 3785 2583 3853 κενῇ
2639 3781 3031 3854 βρενθυόμενοι
3088 3785 3261 3853 μέθης
3323 3786 3551 3850 πάντως
3592 3785 3669 3838 δι-

2096 3871 2331 3936 ὡλοντο,
2369 3874 2465 3926 καὶ
2520 3873 2684 3943 σιγῆς
2728 3873 2912 3944 βυθοῖς
2969 3875 3382 3943 συγκατέδυσαν
3410 3876 3669 3947 (τοιοῦτον

2092 3967 2202 4038 γὰρ
2235 3968 2270 4037 η
2299 3966 2503 4038 ψευδὴς
2534 3966 2661 4030 δόξα
2700 3968 2796 4019 καὶ
2846 3966 3148 4038 ἀδρανής).
3181 3967 3413 4038 Μάρκος
3471 3969 3531 4023 δὲ
3576 3969 3669 4030 τὰς

2093 4057 2377 4128 ἀκόμπους
2410 4058 2503 4111 τοῦ
2537 4057 2853 4128 Πνεῦματος
2884 4057 3120 4122 ἐκτιθεὶς
3150 4058 3394 4129 διδαχὰς,
3430 4062 3529 4114 καὶ
3549 4063 3670 4121 tab;

2093 4147 2376 4210 ἐναντίους
2446 4147 2723 4210 εὐπειθεῖς
2783 4148 3186 4218 μετεπλάσατο.
3250 4150 3498 4204 Ἀνωθεν
3566 4152 3669 4221 γὰρ

2093 4236 2467 4309 ὶκρατύνετο,
2517 4238 2615 4293 καὶ
2656 4241 2690 4307 ή
2725 4239 3038 4312 ἀκραιφνὴς
3076 4241 3258 4304 πίστις
3308 4241 3500 4295 πυλῶν
3547 4243 3669 4314 ᾆδον

2094 4329 2462 4401 κραταιοτέρα
2488 4345 2502 4360 ’
2530 4331 2627 4384 καὶ
2653 4326 2809 4396 οὗτος
2845 4331 3098 4402 ἀοίδιμος
3119 4371 3134 4395 ,
3163 4331 3240 4395 ὡς
3271 4330 3540 4402 ἀληθείας
3570 4333 3668 4403 κῆ-

418 4402 612 4487 liabuit
660 4402 1124 4489 adversarios'ad
1179 4433 1282 4487 sibi
1333 4402 1692 4485 obediendum
1745 4402 1988 4484 adduxit.

2098 4423 2232 4494 ρυξ,
2273 4420 2439 4493 μέχρι
2488 4422 2650 4495 δεῦρο
2695 4423 3196 4478 συναποδέδεικται.
3229 4421 3378 4478 Ἔδει
3434 4424 3546 4496 γὰρ
3575 4402 3669 4478 τὴν

415 4520 549 4575 Nam
597 4538 838 4593 superno
887 4523 1092 4576 auxilio
1139 4520 1516 4584 tonuit-batur,
1560 4532 1807 4587 puraque
1859 4516 1993 4573 lides

418 4612 715 4669 inferorum
753 4615 924 4683 portis
952 4615 1223 4682 potentior
1256 4620 1409 4672 erat;
1445 4625 1615 4679 usque
1646 4612 1782 4664 adeo
1806 4617 1990 4663 autem

415 4703 628 4759 celebre
669 4720 863 4761 nomen
897 4694 1110 4767 habuit,
1151 4709 1211 4756 ut
1245 4698 1492 4754 veritatis
1538 4713 1717 4767 praeco
1749 4699 1817 4751 ad
1849 4698 1990 4751 hanc

418 4809 587 4864 usque
663 4796 804 4851 diem
872 4795 1190 4865 appelletur.
1258 4789 1417 4849 Unde
1487 4789 1629 4846 sicut
1702 4791 1991 4857 oportebat

414 4882 616 4938 Christi
655 4888 1083 4939 incarnationem
1102 4899 1198 4955 pro
1228 4872 1384 4938 nobis
1409 4881 1477 4937 ad
1506 4880 1800 4937 Salutarem
1829 4880 1988 4931 linem

418 4974 663 5044 perduci,
699 4977 769 5029 ita
804 4976 966 5031 simul
999 4975 1157 5043 huius
1188 4974 1360 5029 sancti
1403 4971 1503 5027 viri
1542 4970 1858 5024 memoriam
1889 4969 1990 5021 itit-

2096 4512 2217 4566 καθ’
2247 4512 2394 4582 ἡμᾶς
2422 4513 2737 4581 οἰκονομίαν
2757 4515 2837 4575 είς
2867 4514 3041 4583 πέρας
3071 4512 3424 4585 ωτηριῶδες
3452 4516 3666 4585 χωρεῖν,

2094 4603 2190 4656 καὶ
2216 4606 2316 4673 τὴν
2361 4603 2555 4656 τούτου
2593 4604 2817 4673 μνήμην
2841 4603 3116 4656 ἀθάνατον
3162 4603 3238 4675 τῷ
3275 4603 3383 4675 βίῳ
3419 4606 3543 4673 μετ’
3571 4606 3666 4673 ἑγ-

2094 4698 2321 4765 κωμίων
2372 4693 2871 4758 συνδιασὼζεσθαι·
2905 4692 2973 4746 δι’
2998 4694 3163 4747 αὐτοῦ
3189 4695 3301 4768 γὰρ
3329 4697 3667 4767 κεκήρυκται

2093 4789 2159 4857 τῇ
2196 4786 2370 4838 κτίσει
2415 4786 2589 4850 Θεὸς,
2643 4785 2710 4838 δι’
2776 4785 2943 4839 αὐτοῦ
2984 4789 3099 4849 τοῖς
3146 4788 3596 4858 πεπλανημένοις
3634 4790 3667 4861 ἡ

2098 4880 2407 4949 ἐπιστροφὴ
2439 4874 2941 4948 πεπραγμάτευται
2961 4920 2976 4943 ,
3006 4878 3107 4932 καὶ
3137 4880 3172 4949 ἡ
3214 4880 3356 4951 πρὸς
3404 4882 3502 4935 τὸν
3538 4881 3670 4935 πλά-

2099 4986 2231 5040 στην
2263 4968 2457 5038 ὀδηγία
2488 4967 2909 5039 διῳκονόμηται.

418 5068 700 5121 mortalem
726 5067 975 5121 laudibus
1008 5066 1318 5121 conservari
1381 5061 1712 5120 conveniens
1771 5057 2059 5124 fuit;nam
2101 5073 2198 5127 per
2249 5059 2422 5126 ipsum
2492 5059 2761 5112 creaturis
2804 5050 2961 5112 Deus
3027 5057 3351 5126 prmdicatus
3415 5069 3530 5127 est,
3580 5074 3669 5130 per

417 5165 592 5234 ipsum
653 5162 721 5217 iis
763 5164 853 5231 qui
921 5160 1310 5214 aberraverant
1376 5152 1751 5214 coitvcrsiOiiis
1816 5155 1991 5223 gratia
2034 5162 2343 5222 comparata
2421 5150 2564 5214 fuit,
2621 5160 2677 5205 et
2735 5151 2816 5204 via
2906 5150 2973 5205 ad
3026 5150 3342 5205 Creatorem
3448 5154 3667 5209 demoti.

412 5271 614 5316 strata.

486 5354 542 5409 6.
584 5353 877 5421 Postquam
926 5363 1056 5404 vero
1099 5346 1506 5402 misericordem
1554 5345 1647 5399 Dei
1692 5343 1984 5398 adventum

483 5550 565 5621 (ε)
600 5550 726 5607 llaec
758 5549 1072 5621 indicantur
1101 5557 1259 5621 supra
1286 5537 1663 5621 inapostolatu
1683 5538 1800 5606 ejus
1825 5534 1992 5621 aqui-

416 5608 623 5691 leieu'si.
682 5621 738 5673 lu
797 5619 1032 5673 Historia
1094 5608 1523 5685 patriarcharum
1602 5608 1987 5671 Alexandriae,

2175 5338 2253 5402 ς’.
2302 5338 2459 5392 Ἐπεὶ
2491 5333 2585 5392 οὖν
2622 5336 3000 5408 εὐσπλὰγχνου
3045 5335 3179 5390 Θεοῦ
3214 5339 3525 5405 παρουσίαν
3558 5339 3671 5394 εῦσ-

2102 5530 2302 5585 dicitur
2329 5529 2495 5582 etiam
2537 5526 2780 5583 adfuisse
2814 5526 3093 5599 martyrio
3123 5527 3351 5579 diturum
3397 5528 3670 5597 apostolo-

2103 5617 2242 5666 rum,
2270 5610 2323 5656 et
2358 5600 2554 5653 iterum
2587 5597 2987 5653 Alexandriam
3009 5612 3275 5653 reversus.
