3932 6214
360 189 495 262 1209

1474 202 1730 272 SERMO
1771 205 2256 292 HISTORICUS,
2297 211 2391 280 ET
2395 215 2458 280 C.

3459 227 3591 292 I210

354 310 451 365 καὶ
474 309 552 408 tit;
581 304 660 376 εἷς
691 311 798 369 τῶν
845 305 1093 388 πενήτων
1128 318 1412 390 περιάγεις
1431 361 1446 386 ,
1475 319 1822 392 ἐνδεδυμένος
1853 321 1918 374 τὰ

2029 327 2240 382 seruisti
2283 339 2664 400 sceptrumque
2710 331 2896 402 regni,
2963 346 3018 390 et
3051 342 3306 408 tanquam
3355 357 3492 396 unus
3527 344 3597 398 de

354 399 564 472 δυσώδη
593 402 843 474 τρίχινα;

423 485 534 546 Καὶ
565 493 596 546 δ
637 497 872 565 μοναχὸς
917 497 1122 568 ἀντέφη
1169 498 1371 567 λέγων’
1403 499 1538 554 Θεοῦ
1571 501 1754 572 χάριτι
1774 542 1788 555 .
1820 503 1922 555 ὃσα

352 582 412 636 δέ
452 579 601 654 εἶχον
642 583 730 637 ὅτε
765 585 913 656 ήμην
941 587 1310 659 ῂρρακηνδς,
1357 589 1522 658 νόμος
1573 590 1667 642 καὶ
1719 590 1924 662 κλῆρος

353 673 449 728 τοῦ
495 673 740 729 διαϐόλου
787 675 1052 746 ἐτύγχανε
1073 717 1088 742 ,
1167 672 1204 732 ἃ
1227 677 1284 732 δέ
1313 677 1537 750 θεωρεϊς
1574 679 1922 750 ἐνδεδυμένον

357 781 448 834 με,
486 764 612 830 δόξα
657 765 775 819 ἐστὶ
804 757 897 820 καὶ
929 765 1211 838 καύχημα,
1251 769 1343 820 καὶ
1369 767 1626 840 ἀρραϐὼν
1656 770 1755 838 τῆς
1791 769 1922 840 μελ-

353 852 557 922 λούσης
576 855 671 906 καὶ
699 851 920 907 αίωνίου
948 852 1116 925 ζωῆς.
1154 855 1296 923 Ἐγὼ
1321 855 1380 913 δέ
1407 856 1796 926 ἀναθεματίζω
1823 858 1923 930 τήν

353 941 464 996 τῶν
485 937 856 1015 ὣρῤακηνῶν
885 943 1205 1016 Θρησκείαν,
1235 945 1330 1000 καὶ
1353 945 1446 1004 τδν
1465 945 1924 1021 ψευδοπροφήτην

355 1032 558 1088 αὐτῶν.
1079 1071 1087 1087 ι

435 1123 496 1176 '0
547 1123 606 1177 δέ
653 1123 1034 1198 ’Λμερουμνῆς
1087 1113 1256 1200 ἐφηδ
1283 1129 1574 1186 Ἐκϐάλετε
1617 1131 1804 1193 αὑτὸν,
1838 1131 1924 1186 ὅτι

351 1211 455 1266 οὐκ
474 1208 582 1266 οἶδε
625 1214 684 1267 τί
719 1214 969 1286 φλυαρεῖ.
1023 1218 1134 1271 Καὶ
1163 1218 1484 1285 ἐκϐαλόντες
1526 1221 1688 1275 αὑτὸν
1719 1222 1924 1293 ἔθηκαν

355 1302 414 1356 ἐν
441 1319 547 1356 τινι
577 1303 732 1376 μέρει
769 1305 864 1360 τοῦ
897 1307 1182 1372 παλατίου,
1215 1311 1309 1363 καὶ
1333 1307 1521 1365 ἔδοσαν
1543 1311 1694 1383 αὐτῷ
1721 1312 1925 1382 βρῶσιν

356 1397 451 1450 καὶ
471 1397 665 1450 πόσινο
692 1397 788 1451 καὶ
818 1398 1074 1470 ἐποίησεν
1097 1401 1314 1472 ἡμέρας
1342 1407 1520 1474 τρεῖς·
1547 1403 1710 1468 αὐτὸς
1739 1403 1796 1458 δέ
1823 1403 1925 1458 οὐκ

357 1485 560 1556 ἔφαγεν
583 1487 705 1542 οὔτε
746 1488 922 1556 ἔπιεν,
961 1489 1078 1544 ἀλλ’
1105 1491 1280 1563 ὀρθῶς
1318 1494 1410 1546 καὶ
1437 1493 1644 1558 πιστῶς
1675 1493 1924 1566 προσηύ-

361 1595 489 1650 χετο
515 1579 591 1649 τῷ
613 1577 753 1650 Θεῷ,
785 1581 880 1634 καὶ
905 1579 1037 1648 γόνυ
1063 1580 1253 1647 κλίνας
1278 1583 1462 1652 λέγει*

434 1688 566 1742 ἐπὶ
595 1688 727 1754 σοι,
757 1691 951 1759 Κύριε,
991 1689 1249 1758 ἤλπισα,
1291 1692 1379 1762 μή
1414 1696 1924 1764 καταισχυνθείην

360 1780 449 1844 εις
477 1778 586 1832 τὸν
636 1780 823 1834 αιῶνα
845 1821 862 1846 ,
907 1781 1065 1850 μηδὲ
1111 1784 1700 1852 καταγελασάτωσὰν
1738 1802 1818 1856 με
1867 1789 1924 1841 οι

351 1868 555 1936 ἐχθροί
594 1887 736 1938 μου.
777 1871 888 1926 Καὶ
934 1871 1094 1925 πάλιν
1135 1871 1316 1941 λέγει·
1387 1875 1682 1943 Ἐλέησόν
1723 1893 1832 1945 με,
1889 1879 1925 1931 ὀ

353 1959 517 2024 Θεὸς,
549 1958 701 2014 κατὰ
723 1960 791 2013 τὸ
805 1959 960 2030 μέγα
983 1961 1159 2028 ἔλεός
1187 1978 1329 2027 σου.
1365 1964 1470 2018 καί
1502 1965 1652 2019 κατὰ
1673 1967 1740 2020 τὸ
1761 1965 1922 2035 πλῆ-

350 2049 454 2113 θος
491 2045 608 2102 τῶν
641 2049 962 2119 οικτιρμῶν
1002 2066 1154 2116 σου,
1191 2052 1526 2124 ἐξάλειψω
1552 2059 1619 2110 τὸ
1645 2057 1924 2126 ὰνόμημὰ

346 2152 484 2204 μου.
533 2137 645 2198 Καὶ
683 2137 878 2192 πάλιν·
911 2139 1186 2196 Φώτισον
1217 2143 1360 2210 τοὺς
1395 2145 1744 2214 ὀφθαλμούς
1768 2163 1918 2215 μου,

349 2227 565 2296 Κύριος
583 2231 618 2282 ό
647 2229 812 2296 Θεὸς,
839 2230 1074 2300 μήποτε
1103 2231 1366 2287 ὑπνώσω
1388 2237 1475 2300 είς
1495 2233 1771 2290 θάνατον.
1797 2233 1921 2303 Μή-

348 2329 496 2372 ποτε
533 2317 672 2387 εἴπῃ
713 2323 747 2374 ό
791 2321 1008 2390 ἐχθρός
1045 2339 1197 2392 μου·
1233 2326 1498 2393 Ἰσχυσα
1533 2325 1682 2393 πρὸς
1712 2326 1918 2380 αὐτόν.

346 2408 643 2478 Στήριξθν
669 2409 786 2480 τὴν
814 2412 1068 2480 καρδίαν
1089 2431 1232 2484 μου,
1273 2415 1453 2483 Κύριε
1473 2456 1485 2480 ,
1513 2414 1602 2468 ἵνα
1627 2417 1922 2487 πολεμήσω

347 2500 439 2554 τὸν
480 2502 740 2574 αίσθητδν
783 2502 984 2558 πλάνον
1033 2505 1124 2560 τὸν
1157 2505 1538 2579 Σαρῤακηνδν,
1585 2507 1671 2560 ἵνα
1729 2507 1802 2578 μή
1850 2524 1920 2579 με

347 2592 719 2666 καταπατήσῃ
741 2594 780 2646 ’ὁ
825 2594 1062 2665 πονηρὸς
1105 2577 1382 2660 διάϐολος,
1418 2597 1512 2648 καὶ
1539 2577 1799 2648 δειλιάσω
1827 2577 1920 2648 τὸν

349 2681 579 2737 θάνατον
602 2683 690 2736 διὰ
723 2685 783 2736 τὸ
813 2684 986 2754 haud
1005 2702 1106 2762 ¹σου
1131 2686 1193 2739 τὸ
1225 2686 1399 2755 ἅγιον.

419 2797 532 2850 Καὶ
584 2799 816 2870 ποιήσας
860 2799 920 2851 τὸ
965 2801 1190 2868 σημεῖον
1236 2798 1330 2852 τοῦ
1385 2798 1651 2869 σταυροῦ,
1705 2797 1914 2866 λέγων·

350 2889 552 2954 Κύριε,
596 2889 901 2958 φωτισμός
926 2905 1074 2959 μου,
1111 2891 1209 2944 καὶ
1239 2887 1439 2957 Σωτήρ
1459 2905 1611 2960 μου,
1643 2889 1778 2942 τίνα
1807 2905 1919 2958 φο-

2027 419 2289 474 mendicis
2317 420 2744 492 circumragaris
2773 425 3006 482 amictus
3035 426 3244 486 fmtenti
3280 432 3490 488 cilicii»?

2097 505 2308 562 XXVII.
2343 507 2439 564 Cul
2477 525 2796 579 responsum
2832 514 3066 571 reddens
3100 521 3399 576 monachus
3431 522 3590 578 inIII:

2025 597 2119 652 Dei
2149 601 2318 668 gratia
2344 614 2358 653 :
2389 615 2726 671 quaecunque
2746 603 2872 658 dum
2900 603 3239 664 Sarracenus
3261 626 3434 666 essent
3469 629 3596 680 pos-

2023 689 2288 753 sidebant,
2313 689 2396 744 lex
2426 701 2580 768 erant
2619 702 2672 747 et
2707 693 2996 751 htereditas
3027 697 3249 764 diaboli,
3279 703 3371 756 sed
3398 704 3596 772 quibus

2026 798 2112 834 me
2145 780 2321 836 cernis
2357 781 2623 849 indutum,
2659 783 2833 837 honor
2855 797 2982 841 sunt
3013 795 3067 841 et
3089 788 3280 858 gloria.
3313 802 3368 846 et
3400 794 3593 862 pignus

2025 871 2220 929 futura:
2254 875 2377 931 vita:
2407 885 2641 933 aeternae.
2686 881 2798 950 Ego
2837 881 2982 936 enim
3016 883 3422 938 anathematizo
3457 883 3591 940 Sar-

1951 1031 1965 1053 ‘
2025 978 2346 1022 racenorum
2391 968 2872 1038 superstitionem,
2931 978 2991 1026 et
3061 972 3589 1044 pseudoprophetam

2005 1055 2289 1124 .ipsorum.

2093 1143 2332 1202 XXVIII.
2389 1149 2746 1208 Amerumnes
2800 1151 2920 1207 ait:
2973 1153 3166 1223 Ejicite
3225 1169 3350 1209 eum
3407 1152 3590 1220 foras,

2023 1237 2199 1292 nescit
2237 1239 2380 1292 enim
2427 1241 2555 1308 quid
2589 1242 2814 1312 garriat.
2852 1247 3084 1314 ﬂosque
3122 1243 3354 1313 ejectum
3392 1246 3598 1301 consti-

2027 1333 2243 1382 tuerunt
2300 1329 2353 1382 in
2385 1329 2566 1400 aliqua
2611 1342 2764 1400 parte
2785 1334 2970 1404 palatii
3019 1337 3390 1405 dederuntque
3417 1336 3467 1392 ei
3511 1337 3595 1391 ci-

2023 1417 2150 1472 bum
2200 1425 2256 1473 et
2283 1429 2487 1490 potum.
2524 1422 2593 1476 At
2627 1421 2714 1478 ille
2743 1424 2858 1480 dies
2889 1433 3002 1482 tres
3029 1427 3209 1496 exegit
3233 1439 3407 1496 neque
3436 1443 3594 1481 man-

2009 1509 2254 1574 .ducans,
2274 1525 2450 1579 neque
2473 1511 2684 1578 bibens,
2710 1515 2803 1568 sed
2836 1523 2984 1572 recte
3029 1532 3094 1572 ac
3121 1517 3354 1574 ﬁdeliter
3399 1517 3595 1573 orabat

2022 1599 2090 1653 ad
2119 1599 2424 1668 Dominum,
2449 1611 2504 1658 et
2533 1603 2686 1660 ﬂexis
2707 1607 2937 1676 genibus
2965 1609 3182 1664 dicebat
3214 1625 3232 1665 :

2094 1709 2287 1766 XXIX.
2330 1709 2398 1766 In
2428 1720 2498 1778 te,
2535 1713 2776 1782 Domine,
2808 1719 3034 1782 speravi,
3065 1734 3168 1772 non
3197 1718 3502 1787 eonfnndar
3537 1719 3592 1773 iu

2024 1811 2308 1866 talentum,
2355 1818 2518 1871 neque
2551 1805 2809 1860 irrideant
2837 1822 2917 1860 me
2960 1807 3161 1861 inimici
3192 1809 3314 1862 ntei.
3375 1807 3439 1862 Et
3475 1825 3596 1862 rur-

2025 1908 2118 1948 sus
2149 1910 2166 1948 :
2201 1891 2446 1948 Miserere
2484 1895 2605 1960 mei,
2641 1894 2815 1962 Deus,
2842 1899 3126 1952 secundum
3165 1915 3409 1969 magnam
3438 1900 3595 1954 mise-

2025 1981 2312 2035 ricordiam
2338 1991 2506 2048 tuam,
2535 1993 2582 2038 et
2627 1987 2916 2041 secundum
2948 1989 3339 2042 multitudinem
3378 1989 3596 2042 misera.

2023 2071 2223 2126 tionnm
2255 2081 2487 2138 tuarum,
2517 2074 2632 2128 dele
2663 2075 2999 2146 iniquitatem
3031 2093 3221 2132 meant.
3257 2076 3324 2131 Et
3350 2077 3545 2132 iterum
3573 2093 3590 2131 :

2023 2160 2277 2217 litamina
2312 2163 2490 2219 oculos
2518 2180 2680 2229 meos,
2705 2165 2922 2222 Domine
2952 2167 3113 2233 Deus,
3141 2184 3204 2221 ne
3221 2169 3434 2237 quando
3465 2168 3591 2221 dor-

2023 2252 2181 2306 mium
2224 2253 2279 2306 in
2319 2264 2504 2318 morte,
2564 2270 2626 2309 ne
2674 2256 2885 2324 quando
2942 2257 3085 2310 dicat
3130 2257 3376 2310 inimicus
3405 2270 3594 2330 meus:

2021 2339 2541 2396 Prwealuiadrersus
2567 2359 2703 2396 eum.
2718 2341 2989 2412 Conﬁrma
3017 2360 3110 2398 cor
3133 2361 3326 2411 meum,
3348 2343 3590 2412 Domine,

2023 2440 2081 2485 ut
2101 2447 2403 2502 expugnem
2443 2433 2756 2488 sensibilem
2785 2434 3126 2491 seductorem
3163 2437 3308 2491 hunc
3332 2436 3593 2491 Sarrace-

2022 2535 2182 2587 nnm,
2223 2530 2282 2575 ut
2327 2535 2432 2576 non
2463 2521 2748 2578 conculcet
2780 2537 2866 2578 me
2898 2537 3130 2594 nequam
3180 2523 3272 2578 ille
3319 2523 3590 2588 diabolus,

2021 2625 2196 2680 neque
2249 2612 2466 2668 timeam
2529 2622 2756 2670 mortem
2809 2611 3031 2687 propter
3084 2630 3282 2672 nomen
3343 2623 3591 2672 sanctum

2089 2810 2262 2868 XXX.
2291 2814 2532 2886 Cumque
2563 2831 2624 2872 se
2659 2817 2926 2886 signasset
2957 2819 3114 2890 signo
3148 2818 3366 2888 crucis,
3401 2817 3535 2873 dixit
3564 2831 3584 2874 :

2023 2903 2296 2971 Dominus,
2333 2906 2654 2964 illuminatio
2701 2925 2816 2964 utea
2849 2919 2898 2964 et
2937 2910 3169 2964 salvator
3219 2927 3590 2975 meus,,quem

347 2979 723 3066 ϐηθήσομαι;
746 2981 940 3052 Κύριε,
974 2980 1436 3054 ὑπερασπιστὴς
1462 2980 1572 3049 τῆς
1603 2979 1753 3049 ζωῆς
1776 2998 1913 3047 μου,

2029 2997 2254 3054 timebo?
2288 2998 2564 3068 Dominus,
2597 3011 2863 3070 protector
2896 3003 3014 3058 vita,
3044 3017 3194 3068 metr,
3223 3018 3256 3057 a
3284 3019 3386 3074 quo
3431 3003 3592 3066 trepi-

347 3069 468 3123 ἀπὸ
496 3069 661 3136 τίνος
696 3068 981 3146 δειλιάσω
996 3089 1016 3138 ;
1053 3073 1149 3126 καὶ
1179 3067 1340 3125 πάλιν
1369 3071 1626 3142 φωνήσας
1657 3070 1800 3125 κατὰ
1823 3070 1919 3124 τοῦ

360 3161 762 3233 ’Δμερουμνῆςο
810 3161 957 3216 Λάϐε
995 3163 1056 3216 τὸ
1103 3164 1258 3231 ἅγιον
1291 3163 1605 3236 βάπτισμα,
1650 3162 1740 3216 ἵνα
1790 3179 1920 3233 κερ-

345 3253 514 3326 δήσῃς
539 3255 637 3325 τήν
667 3255 907 3326 ἄμετρον
945 3251 1227 3326 βασιλείαν
1257 3254 1354 3310 τοῦ
1388 3253 1545 3308 Θεοῦ.

417 3344 530 3398 Καὶ
555 3345 718 3400 πάλιν
746 3345 775 3397 δ
832 3344 1214 3416 ’Δμερουμνῆς
1255 3344 1538 3398 ἐκέλευσεν
1567 3340 1722 3408 αὖθις
1745 3343 1919 3401 ἐλθεῖν

347 3434 658 3506 ἔμπροσθεν
691 3437 758 3490 αὐ
770 3434 881 3501 τοῦ,
904 3436 1004 3494 καὶ
1025 3435 1320 3506 ἡτοίμασεν
1353 3435 1544 3504 ἱμάτια
1577 3437 1718 3488 πάνυ
1740 3434 1920 3506 ὡραῖα

347 3527 486 3598 ὺπέρ
515 3526 730 3582 τούτου.
774 3527 885 3580 Καὶ
917 3529 1098 3597 φήσας
1133 3530 1162 3580 ὁ
1219 3526 1629 3598 ’Δμερουμνῆςο
1671 3525 1916 3596 Εὐφραί-

345 3636 462 3684 νου,
489 3618 829 3690 ταλαίπωρε,
859 3619 1178 3690 εὒφραίνου,
1209 3620 1304 3672 καὶ
1332 3617 1568 3688 ἁγάλλου
1603 3620 1668 3690 τῇ
1705 3621 1772 3688 σῇ
1816 3617 1918 3688 βα-

345 3711 538 3782 σιλείᾳ,
569 3711 666 3764 καὶ
700 3709 776 3782 μὴ
806 3713 1229 3784 καταφρονήσῃς
1251 3711 1342 3764 τὸν
1392 3711 1484 3764 σὸν
1519 3710 1654 3780 βίον,
1696 3710 1789 3763 καὶ
1820 3709 1918 3779 τήν

346 3802 446 3874 σὴν
478 3803 708 3874 νεότητα
750 3803 851 3872 τὴν
895 3805 1036 3857 πάνυ
1070 3802 1302 3873 ὡραίαν,
1344 3803 1440 3856 καὶ
1485 3800 1675 3872 65:61.3,-
1715 3803 1790 3865 ὡς
1821 3817 1919 3854 πε-

342 3894 557 3966 νιχρὰς,
591 3895 794 3966 πένης,
845 3895 1117 3965 ἀφρόνως.
1168 3895 1302 3949 οὐαί
1341 3910 1424 3948 σοι
1493 3893 1836 3963 ταλαίπωρε,
1863 3893 1918 3946 τί

341 3991 482 4050 νοεῖς
497 4003 516 4052 ;
801 3999 812 4013 ‘
1653 3974 1658 3980 ς

424 4103 484 4156 Ὅ
519 4101 576 4156 δέ
603 4101 836 4174 μοναχὺς
877 4099 1116 4170 γελάσας
1141 4101 1246 4173 ἔφη
1279 4099 1358 4172 τῷ
1402 4101 1747 4172 Ἀμερουμνῇ
1769 4117 1786 4134 ο
1821 4101 1914 4169 Μὴ

342 4189 535 4262 Θρήνει
569 4190 623 4244 τί
663 4189 802 4243 νοῶν
841 4190 950 4244 νοῶ
981 4189 1092 4260 γὰρ
1141 4188 1259 4253 πῶς
1305 4189 1484 4260 μέλλω
1529 4189 1821 4260 πληρῶσαι
1854 4189 1916 4242 τὸ

342 4281 504 4354 ἔργον
535 4281 630 4339 τοῦ
679 4279 916 4353 Χριστοῦ
955 4297 1080 4351 μου,
1115 4281 1209 4333 καὶ
1239 4280 1336 4334 τοῦ
1387 4280 1806 4344 ἀποστείλαντός
1842 4297 1909 4351 με

344 4373 556 4444 Πατρδς
589 4373 680 4428 τοῦ
732 4375 920 4443 ἱερέως
961 4372 1172 4428 ἐκείνου
1201 4371 1296 4426 τοῦ
1340 4373 1436 4426 καὶ
1481 4372 1788 4442 διδᾲξαντός
1819 4391 1909 4443 με.

341 4465 424 4520 Τὰ
451 4466 508 4519 δέ
539 4467 728 4536 ἱμάτια
753 4466 790 4520 ἃ.
821 4465 1130 4538 ἡτοίμασας
1159 4465 1289 4536 περὶ
1321 4464 1481 4544 ἐμοῦ,
1509 4465 1784 4536 πώλησον,
1817 4465 1916 4519 καὶ

337 4558 427 4614 δὸς
459 4559 714 4626 πτωχοῖς,
742 4557 838 4612 καὶ
863 4556 1258 4628 ἐγκατάλειψον
1281 4559 1378 4612 καὶ
1409 4558 1474 4611 σὺ
1500 4556 1568 4610 τὰ
1595 4557 1912 4628 πρόσκαιρα

341 4650 596 4720 σκῆπτρα
637 4645 734 4717 τῆς
777 4648 1084 4720 βασιλείας,
1133 4648 1224 4702 ἵνα
1271 4647 1442 4720 λάϐῃς
1498 4648 1759 4720 σκῆπτρα
1814 4647 1914 4717 τῆς

337 4740 559 4794 αίωνίου
593 4741 759 4810 ζωῆς.
791 4741 901 4796 Καὶ
927 4741 1003 4812 μή
1043 4741 1230 4806 ἔλπιζε
1262 4741 1354 4794 ἐπὶ
1393 4740 1463 4794 τὰ
1495 4740 1760 4811 παρόντα,
1796 4738 1911 4792 ἀλλ’

339 4832 435 4887 ἐπὶ
461 4833 529 4886 τὰ
559 4833 849 4902 μέλλοντα.
879 4834 976 4887 καὶ
1011 4835 1086 4904 μὴ
1116 4833 1339 4887 πίστευε
1370 4831 1464 4886 ἐπὶ
1495 4833 1587 4889 τὸν
1613 4831 1913 4902 ψευδοπρο-

338 4929 516 4997 φήτην
556 4925 800 4996 Munitio
839 4939 932 4979 τον
963 4926 1180 4998 μιαρὸν,
1217 4927 1309 4980 τὸν
1358 4925 1774 4998 ἐϐδελυγμένον,
1818 4925 1915 4979 τὸν·

338 5018 454 5070 υίδν
483 5016 580 5086 τῆς
617 5017 891 5082 κολάσεως
921 5035 935 5049 ο
971 5018 1108 5072 ἀλλὰ
1141 5018 1434 5072 πίστευσον
1461 5019 1540 5080 εἰς
1569 5019 1659 5072 τὸν
1700 5017 1912 5089 Ἰησοῦν

343 5109 573 5176 Χριστὸν
595 5108 686 5164 τὸν
707 5108 1058 5182 Ναζωρηνὸν,
1093 5113 1186 5164 τὸν
1215 5110 1652 5180 ἐσταυρωμένον.
1687 5109 1912 5162 Πίστευ-

344 5217 432 5253 σον
473 5202 680 5272 Τριάόα
729 5201 1014 5272 δμοούσιον
1066 5201 1164 5279 τήν
1212 5202 1342 5272 μίαν
1379 5201 1628 5271 θεότητα,
1660 5201 1909 5271 Πατέρα,

346 5293 485 5356 Υίδν,
545 5293 640 5348 καὶ
691 5295 846 5357 ἆγιον
895 5294 1151 5363 Πνεῦμα,
1213 5294 1420 5365 Τριάδα
1467 5291 1754 5364 ὀμοούσιον
1817 5293 1912 5345 καὶ

345 5383 662 5454 ὶχὼριστον.
848 5453 856 5462 κ

424 5497 481 5549 Ὀ
511 5497 566 5550 δὲ
621 5498 1003 5568 Ἀμεροιμνής
1034 5497 1194 5550 πάλιν
1239 5495 1496 5564 γελάσας,
1527 5495 1630 5565 ἔφη
1659 5498 1772 5558 τοῖς
1809 5513 1908 5564 με-

353 5588 557 5643 ἰστᾶσι
595 5593 703 5652 τοῖς
738 5591 792 5642 ἐν
819 5587 895 5659 τῷ
927 5588 1169 5660 παλατίῳ
1200 5589 1662 5661 συναθροισθεῖεν)
1693 5603 1702 5614 '
1742 5582 1908 5651 Uitta;

2019 3087 2196 3140 dabo?
2229 3086 2292 3141 Et
2329 3104 2517 3145 rursus
2564 3093 2852 3148 adversum
2886 3091 3271 3148 Amerumnem
3327 3091 3590 3146 vocifera-

2020 3178 2178 3231 batur
2213 3196 2227 3232 :
2259 3178 2456 3248 Accipe
2484 3189 2728 3235 sanctum
2783 3182 3086 3252 baptisma,
3137 3191 3198 3236 ut
3225 3181 3451 3236 lucreris
3491 3181 3591 3234 im-

2020 3287 2264 3326 mensum
2302 3274 2391 3327 Dei
2424 3290 2668 3343 regnum.

2090 3361 2280 3416 XXXI.
2329 3358 2396 3418 Et
2447 3365 2642 3418 iterum
2695 3365 3054 3418 Amerumnes
3108 3361 3395 3430 imperavit
3461 3373 3586 3412 eum

2019 3450 2208 3503 adduci
2244 3465 2425 3504 coram
2456 3463 2537 3514 se,
2573 3461 2628 3505 et
2657 3451 2973 3520 prazparatis
3011 3449 3387 3519 pulcherrimis
3415 3450 3586 3500 vesti-

2021 3542 2134 3602 bus,
2168 3541 2220 3593 in
2270 3541 2412 3596 hunc
2457 3541 2674 3594 modum
2715 3539 2906 3594 atratus
2936 3549 3066 3594 est:
3107 3536 3348 3599 Laetare,
3398 3535 3586 3602 miser,

2018 3632 2236 3696 hct-are,
2269 3642 2322 3687 et
2370 3635 2438 3687 ob
2469 3648 2692 3702 regnum
2725 3632 2868 3702 quod
2899 3641 2951 3686 te
2997 3640 3212 3694 tuamet,
3240 3629 3474 3693 exsulta,
3499 3627 3588 3680 vi-

2019 3733 2235 3792 tamque
2275 3738 2337 3777 ac
2376 3717 2718 3790 iuventutem
2781 3732 2924 3775 tuam
2965 3719 3420 3791 speciosissimam
3479 3719 3586 3772 noli

2017 3823 2395 3878 contemnere,
2454 3827 2554 3868 nec
2600 3813 2855 3882 deinceps
2907 3821 3166 3882 tanquam
3205 3812 3488 3866 mendicus
3523 3825 3588 3864 ac

2017 3917 2218 3972 pauper
2263 3903 2581 3973 insipienter
2617 3903 2850 3959 incedas.
2902 3901 2994 3958 Vae
3022 3902 3141 3968 tibi,
3171 3901 3394 3957 infelix!
3427 3902 3586 3970 quid-

2018 4011 2141 4048 nam
2169 3997 2348 4050 animo
2379 3995 2588 4052 volvis?

2077 4101 2292 4159 XXXII.
2326 4103 2622 4161 IIottachus
2673 4102 2961 4159 subridens
3009 4101 3322 4157 Amcrumnl
3364 4115 3583 4169 respuu-

2017 4197 2132 4252 dit:
2160 4195 2236 4252 Ne
2283 4195 2532 4266 deplores
2574 4196 2840 4250 intentum
2882 4211 3084 4250 meum.
3138 4193 3270 4248 Nam
3322 4193 3586 4263 quemad-

2018 4290 2232 4342 modum
2277 4302 2306 4340 a
2361 4287 2504 4350 Deo,
2559 4295 2614 4340 et
2648 4300 2678 4339 a
2713 4287 2995 4342 sacerdote
3035 4285 3198 4340 Patre
3232 4298 3296 4338 ac
3326 4282 3585 4352 magistro

2019 4396 2141 4436 meo
2170 4380 2266 4450 qni
2296 4393 2381 4433 me
2411 4379 2590 4445 misit,
2639 4379 3021 4434 demandatum
3078 4378 3206 4432 mihi
3237 4376 3448 4432 facinus
3483 4375 3586 4428 im-

2017 4471 2192 4540 pleam
2235 4480 2412 4526 mente
2443 4461 2967 4538 perpendo.'Vestes
2995 4455 3178 4522 autem
3207 4481 3344 4537 quas
3375 4479 3585 4535 prepa-

2017 4565 2170 4628 rasti,
2202 4564 2369 4618 vende
2418 4572 2472 4618 et
2514 4565 2579 4618 da
2611 4561 2972 4632 pauperibus,
2999 4569 3054 4614 et
3089 4569 3144 4613 tu
3189 4573 3402 4628 quoque
3443 4567 3550 4610 tem

2015 4656 2215 4726 pot-alia
2273 4656 2420 4724 regni
2474 4665 2686 4723 sceptra
2745 4652 2998 4716 dimitte,
3064 4661 3124 4704 ut
3181 4660 3399 4705 aeterna:
3459 4649 3632 4724 vitae.

2013 4757 2223 4816 sceptra
2247 4746 2625 4816 consequaris.
2665 4741 2778 4798 Nec
2813 4743 2865 4797 in
2896 4743 2960 4798 iis
2989 4758 3108 4813 qua:
3136 4741 3418 4812 prmsentia
3459 4749 3584 4792 sunt

2010 4823 2264 4893 Iidnciam
2304 4839 2573 4900 colloces,
2633 4837 2726 4892 sed
2783 4834 2960 4889 futura
3021 4849 3229 4902 speres.
3283 4830 3467 4902 Neque
3526 4835 3580 4885 in

2014 4929 2530 5000 pseudoprophetam
2555 4927 2824 4982 .‘llabmnet
2855 4927 3066 4990 credas,
3089 4923 3377 4980 scelestum
3403 4923 3573 4988 illmu,

2012 5031 2068 5073 et
2098 5020 2514 5076 abominabilem
2551 5034 2612 5072 ac
2664 5018 2833 5072 lilium
2890 5017 3213 5087 perditionis
3247 5034 3260 5070 :
3295 5017 3388 5072 sed
3419 5017 3581 5071 crede

2015 5114 2066 5167 in
2100 5112 2282 5168 Iesum
2324 5110 2597 5166 Christum
2646 5109 2984 5164 Nazarenum
3019 5107 3364 5164 cruciﬁxum.
3407 5107 3582 5160 Crede

2015 5201 2526 5259 consubstantialem
2581 5201 2938 5264 Trinitatem,
2992 5215 3152 5254 unam
3205 5198 3578 5256 di~initatent,

2013 5294 2264 5356 Patrem,
2318 5291 2509 5346 Filium
2540 5301 2594 5344 et
2627 5291 2886 5361 Spiritum
2932 5301 3202 5344 sanctum.
3255 5281 3580 5338 Trinitatem

2013 5384 2526 5442 consubstantialem
2558 5393 2612 5439 et
2644 5382 3080 5452 inseparabilem.

2086 5495 2326 5552 XXXIII.
2364 5495 2717 5550 Amcrunmcs
2750 5493 2861 5547 risu
2892 5493 3034 5544 dicta
3060 5488 3336 5554 excipiens
3367 5502 3578 5554 magna-

2014 5588 2156 5644 tibus
2186 5590 2236 5642 in
2272 5587 2467 5657 palatio
2497 5601 2728 5656 cungreg
2752 5585 2837 5638 itis
2869 5581 3036 5651 inquit
3077 5598 3090 5632 :
3127 5577 3220 5634 IIir
3264 5578 3460 5632 mentis
3486 5579 3561 5630 itu
