  <div class='ocr_page' id='page_1' title='image "/cluster/home/n/w/nwhite01/storage/ocr_20150623/100/hvd.32044054111919/616.png"; bbox 0 0 3942 6218; ppageno 0'>
   <div class='ocr_carea' id='block_1_1' title="bbox 243 401 386 466">
    <p class='ocr_par' dir='ltr' id='par_1_1' title="bbox 243 401 386 466">
     <span class='ocr_line' id='line_1_1' title="bbox 243 401 386 466; baseline 0 0"><span class='ocrx_word' id='word_1_1' title='bbox 243 401 386 466; x_wconf 76' lang='lat'><strong>1217</strong></span> 
     </span>
    </p>
   </div>
   <div class='ocr_carea' id='block_1_2' title="bbox 1077 407 2682 474">
    <p class='ocr_par' dir='ltr' id='par_1_2' title="bbox 1077 407 2682 474">
     <span class='ocr_line' id='line_1_2' title="bbox 1077 407 2682 474; baseline 0.005 -8"><span class='ocrx_word' id='word_1_2' title='bbox 1077 407 1402 468; x_wconf 70' lang='lat' dir='ltr'><strong>HOMILIA</strong></span> <span class='ocrx_word' id='word_1_3' title='bbox 1459 409 1587 468; x_wconf 89' lang='lat' dir='ltr'><strong>CUI</strong></span> <span class='ocrx_word' id='word_1_4' title='bbox 1631 410 1804 470; x_wconf 74' lang='lat' dir='ltr'><strong>VITA</strong></span> <span class='ocrx_word' id='word_1_5' title='bbox 1846 410 2171 472; x_wconf 63' lang='lat' dir='ltr'>HUMANA</span> <span class='ocrx_word' id='word_1_6' title='bbox 2215 414 2334 472; x_wconf 79' lang='lat' dir='ltr'><strong>SIT</strong></span> <span class='ocrx_word' id='word_1_7' title='bbox 2375 415 2682 474; x_wconf 79' lang='lat' dir='ltr'><strong>SIMILIS.</strong></span> 
     </span>
    </p>
   </div>
   <div class='ocr_carea' id='block_1_3' title="bbox 3378 417 3511 481">
    <p class='ocr_par' dir='ltr' id='par_1_3' title="bbox 3378 417 3511 481">
     <span class='ocr_line' id='line_1_3' title="bbox 3378 417 3511 481; baseline 0.023 -3"><span class='ocrx_word' id='word_1_8' title='bbox 3378 417 3511 481; x_wconf 85' lang='lat'><strong>1&#39;213</strong></span> 
     </span>
    </p>
   </div>
   <div class='ocr_carea' id='block_1_4' title="bbox 239 515 1853 594">
    <p class='ocr_par' dir='ltr' id='par_1_4' title="bbox 239 515 1836 588">
     <span class='ocr_line' id='line_1_4' title="bbox 239 515 1836 588; baseline 0.003 -21"><span class='ocrx_word' id='word_1_9' title='bbox 239 517 360 586; x_wconf 76' lang='grc' dir='ltr'><strong>γάρ</strong></span> <span class='ocrx_word' id='word_1_10' title='bbox 385 515 486 585; x_wconf 74' lang='grc' dir='ltr'>τῆς</span> <span class='ocrx_word' id='word_1_11' title='bbox 536 515 795 586; x_wconf 70' lang='grc' dir='ltr'>τοιαύτης</span> <span class='ocrx_word' id='word_1_12' title='bbox 843 517 1008 588; x_wconf 76' lang='grc' dir='ltr'>τιμῆς</span> <span class='ocrx_word' id='word_1_13' title='bbox 1058 519 1154 572; x_wconf 77' lang='grc' dir='ltr'>καὶ</span> <span class='ocrx_word' id='word_1_14' title='bbox 1199 518 1479 588; x_wconf 76' lang='grc' dir='ltr'><strong>βασιλείας</strong></span> <span class='ocrx_word' id='word_1_15' title='bbox 1505 521 1601 573; x_wconf 68' lang='grc' dir='ltr'>καὶ</span> <span class='ocrx_word' id='word_1_16' title='bbox 1644 521 1836 574; x_wconf 81' lang='grc' dir='ltr'>πασῶν</span> 
     </span>
    </p>
   </div>
   <div class='ocr_carea' id='block_1_5' title="bbox 1938 515 3514 594">
    <p class='ocr_par' dir='ltr' id='par_1_5' title="bbox 1944 515 3514 594">
     <span class='ocr_line' id='line_1_5' title="bbox 1944 515 3514 594; baseline 0.004 -20"><span class='ocrx_word' id='word_1_17' title='bbox 1944 525 2193 592; x_wconf 76' lang='lat' dir='ltr'><strong>princeps</strong></span> <span class='ocrx_word' id='word_1_18' title='bbox 2212 526 2449 579; x_wconf 84' lang='lat' dir='ltr'><strong>omnium</strong></span> <span class='ocrx_word' id='word_1_19' title='bbox 2476 515 2596 592; x_wconf 70' lang='lat' dir='ltr'><strong>qua:</strong></span> <span class='ocrx_word' id='word_1_20' title='bbox 2627 525 2675 578; x_wconf 89' lang='lat' dir='ltr'><strong>iu</strong></span> <span class='ocrx_word' id='word_1_21' title='bbox 2702 535 2838 578; x_wconf 72' lang='lat' dir='ltr'><strong>terra</strong></span> <span class='ocrx_word' id='word_1_22' title='bbox 2867 525 3150 592; x_wconf 72' lang='lat' dir='ltr'><strong>dt‘gt‘llaltl,</strong></span> <span class='ocrx_word' id='word_1_23' title='bbox 3174 528 3332 581; x_wconf 81' lang='lat' dir='ltr'><strong>simul</strong></span> <span class='ocrx_word' id='word_1_24' title='bbox 3355 540 3514 594; x_wconf 79' lang='lat' dir='ltr'><strong>:thtte</strong></span> 
     </span>
    </p>
   </div>
   <div class='ocr_carea' id='block_1_6' title="bbox 241 606 1830 682">
    <p class='ocr_par' dir='ltr' id='par_1_6' title="bbox 241 606 1830 682">
     <span class='ocr_line' id='line_1_6' title="bbox 241 606 1830 682; baseline 0.004 -24"><span class='ocrx_word' id='word_1_25' title='bbox 241 607 356 658; x_wconf 84' lang='grc' dir='ltr'><strong>τῶν</strong></span> <span class='ocrx_word' id='word_1_26' title='bbox 389 606 546 660; x_wconf 83' lang='grc' dir='ltr'>θείων</span> <span class='ocrx_word' id='word_1_27' title='bbox 567 608 786 678; x_wconf 81' lang='grc' dir='ltr'><strong>δωρεῶν</strong></span> <span class='ocrx_word' id='word_1_28' title='bbox 825 611 883 662; x_wconf 77' lang='grc' dir='ltr'><strong>ἐν</strong></span> <span class='ocrx_word' id='word_1_29' title='bbox 927 611 1024 680; x_wconf 79' lang='grc' dir='ltr'><strong>μιᾷ</strong></span> <span class='ocrx_word' id='word_1_30' title='bbox 1051 612 1191 682; x_wconf 71' lang='grc' dir='ltr'>ῥοπῇ</span> <span class='ocrx_word' id='word_1_31' title='bbox 1238 610 1548 681; x_wconf 71' lang='grc' dir='ltr'>γυμνωθεὶς</span> <span class='ocrx_word' id='word_1_32' title='bbox 1583 612 1830 677; x_wconf 81' lang='grc' dir='ltr'>ἐξέπεσε,</span> 
     </span>
    </p>
   </div>
   <div class='ocr_carea' id='block_1_7' title="bbox 242 697 1832 774">
    <p class='ocr_par' dir='ltr' id='par_1_7' title="bbox 242 697 1832 774">
     <span class='ocr_line' id='line_1_7' title="bbox 242 697 1832 774; baseline 0.003 -24"><span class='ocrx_word' id='word_1_33' title='bbox 242 699 345 750; x_wconf 77' lang='grc' dir='ltr'>καὶ</span> <span class='ocrx_word' id='word_1_34' title='bbox 372 697 468 751; x_wconf 79' lang='grc' dir='ltr'>τοῦ</span> <span class='ocrx_word' id='word_1_35' title='bbox 491 699 824 771; x_wconf 77' lang='grc' dir='ltr'><strong>παραδείσου</strong></span> <span class='ocrx_word' id='word_1_36' title='bbox 852 700 1129 774; x_wconf 79' lang='grc' dir='ltr'>ἐξόριστος</span> <span class='ocrx_word' id='word_1_37' title='bbox 1174 701 1390 771; x_wconf 77' lang='grc' dir='ltr'>γέγονε,</span> <span class='ocrx_word' id='word_1_38' title='bbox 1425 703 1522 755; x_wconf 69' lang='grc' dir='ltr'>καὶ</span> <span class='ocrx_word' id='word_1_39' title='bbox 1555 705 1635 766; x_wconf 87' lang='grc' dir='ltr'><strong>είς</strong></span> <span class='ocrx_word' id='word_1_40' title='bbox 1671 702 1832 772; x_wconf 80' lang='grc' dir='ltr'>βάθος</span> 
     </span>
    </p>
   </div>
   <div class='ocr_carea' id='block_1_8' title="bbox 243 779 1453 864">
    <p class='ocr_par' dir='ltr' id='par_1_8' title="bbox 243 779 1453 864">
     <span class='ocr_line' id='line_1_8' title="bbox 243 779 1453 864; baseline 0.006 -24"><span class='ocrx_word' id='word_1_41' title='bbox 243 790 527 858; x_wconf 82' lang='grc' dir='ltr'><strong>πτωχείας</strong></span> <span class='ocrx_word' id='word_1_42' title='bbox 556 790 649 843; x_wconf 79' lang='grc' dir='ltr'>καὶ</span> <span class='ocrx_word' id='word_1_43' title='bbox 674 790 1056 863; x_wconf 77' lang='grc' dir='ltr'><strong>ταλαιπωρίας</strong></span> <span class='ocrx_word' id='word_1_44' title='bbox 1087 779 1453 864; x_wconf 84' lang='grc' dir='ltr'>κατήντησεν.</span> 
     </span>
    </p>
   </div>
   <div class='ocr_carea' id='block_1_9' title="bbox 245 880 1831 955">
    <p class='ocr_par' dir='ltr' id='par_1_9' title="bbox 245 880 1831 955">
     <span class='ocr_line' id='line_1_9' title="bbox 245 880 1831 955; baseline 0.006 -24"><span class='ocrx_word' id='word_1_45' title='bbox 245 882 396 935; x_wconf 78' lang='lat' dir='ltr'><strong>vinis</strong></span> <span class='ocrx_word' id='word_1_46' title='bbox 435 897 542 936; x_wconf 89' lang='lat' dir='ltr'><strong>uno</strong></span> <span class='ocrx_word' id='word_1_47' title='bbox 581 884 842 954; x_wconf 89' lang='lat' dir='ltr'><strong>temporis</strong></span> <span class='ocrx_word' id='word_1_48' title='bbox 873 893 1148 940; x_wconf 89' lang='lat' dir='ltr'><strong>momento</strong></span> <span class='ocrx_word' id='word_1_49' title='bbox 1191 887 1458 955; x_wconf 89' lang='lat' dir='ltr'><strong>spoliatus</strong></span> <span class='ocrx_word' id='word_1_50' title='bbox 1507 887 1734 955; x_wconf 75' lang='lat' dir='ltr'><strong>excidit,</strong></span> <span class='ocrx_word' id='word_1_51' title='bbox 1778 880 1831 941; x_wconf 75' lang='lat' dir='ltr'><strong>ei</strong></span> 
     </span>
    </p>
   </div>
   <div class='ocr_carea' id='block_1_10' title="bbox 248 971 1398 1046">
    <p class='ocr_par' dir='ltr' id='par_1_10' title="bbox 248 971 1398 1046">
     <span class='ocr_line' id='line_1_10' title="bbox 248 971 1398 1046; baseline 0.007 -22"><span class='ocrx_word' id='word_1_52' title='bbox 248 971 449 1041; x_wconf 64' lang='lat' dir='ltr'><strong>inopia:</strong></span> <span class='ocrx_word' id='word_1_53' title='bbox 483 983 539 1026; x_wconf 91' lang='lat' dir='ltr'><strong>et</strong></span> <span class='ocrx_word' id='word_1_54' title='bbox 573 987 828 1029; x_wconf 62' lang='lat' dir='ltr'><strong>erumnas.</strong></span> <span class='ocrx_word' id='word_1_55' title='bbox 857 977 1125 1046; x_wconf 74' lang='lat' dir='ltr'><strong>gurgitem</strong></span> <span class='ocrx_word' id='word_1_56' title='bbox 1151 977 1398 1032; x_wconf 91' lang='lat' dir='ltr'><strong>incurrit.</strong></span> 
     </span>
    </p>
   </div>
   <div class='ocr_carea' id='block_1_11' title="bbox 321 1061 1833 1142">
    <p class='ocr_par' dir='ltr' id='par_1_11' title="bbox 321 1061 1833 1142">
     <span class='ocr_line' id='line_1_11' title="bbox 321 1061 1833 1142; baseline 0.004 -26"><span class='ocrx_word' id='word_1_57' title='bbox 321 1062 397 1116; x_wconf 74' lang='lat'><strong>1&quot;.</strong></span> <span class='ocrx_word' id='word_1_58' title='bbox 431 1063 603 1118; x_wconf 84' lang='grc' dir='ltr'><strong>Ὅταν</strong></span> <span class='ocrx_word' id='word_1_59' title='bbox 621 1061 713 1119; x_wconf 83' lang='grc' dir='ltr'>οὖν</span> <span class='ocrx_word' id='word_1_60' title='bbox 733 1065 796 1120; x_wconf 80' lang='grc' dir='ltr'><strong>τὸ</strong></span> <span class='ocrx_word' id='word_1_61' title='bbox 816 1066 876 1120; x_wconf 78' lang='grc' dir='ltr'>ἓν</span> <span class='ocrx_word' id='word_1_62' title='bbox 902 1071 1156 1140; x_wconf 78' lang='grc' dir='ltr'>πταῖσμα</span> <span class='ocrx_word' id='word_1_63' title='bbox 1178 1070 1280 1139; x_wconf 85' lang='grc' dir='ltr'>τῆς</span> <span class='ocrx_word' id='word_1_64' title='bbox 1305 1071 1594 1142; x_wconf 76' lang='grc' dir='ltr'><strong>παρακοῆς</strong></span> <span class='ocrx_word' id='word_1_65' title='bbox 1624 1072 1833 1125; x_wconf 85' lang='grc' dir='ltr'>ἐκείνου</span> 
     </span>
    </p>
   </div>
   <div class='ocr_carea' id='block_1_12' title="bbox 251 1156 1830 1234">
    <p class='ocr_par' dir='ltr' id='par_1_12' title="bbox 251 1156 1830 1234">
     <span class='ocr_line' id='line_1_12' title="bbox 251 1156 1830 1234; baseline 0.006 -26"><span class='ocrx_word' id='word_1_66' title='bbox 251 1156 550 1228; x_wconf 73' lang='grc' dir='ltr'>συγκρίνας</span> <span class='ocrx_word' id='word_1_67' title='bbox 584 1161 710 1223; x_wconf 85' lang='grc' dir='ltr'><strong>τοῖς-</strong></span> <span class='ocrx_word' id='word_1_68' title='bbox 753 1160 1153 1232; x_wconf 75' lang='grc' dir='ltr'>ἀναριθμήτοις</span> <span class='ocrx_word' id='word_1_69' title='bbox 1196 1163 1359 1233; x_wconf 87' lang='grc' dir='ltr'>ήμῶν</span> <span class='ocrx_word' id='word_1_70' title='bbox 1407 1163 1830 1234; x_wconf 80' lang='grc' dir='ltr'>ἁμαρτήμασιν,</span> 
     </span>
    </p>
   </div>
   <div class='ocr_carea' id='block_1_13' title="bbox 246 1248 1833 1325">
    <p class='ocr_par' dir='ltr' id='par_1_13' title="bbox 246 1248 1833 1325">
     <span class='ocr_line' id='line_1_13' title="bbox 246 1248 1833 1325; baseline -0.005 -14"><span class='ocrx_word' id='word_1_71' title='bbox 246 1248 560 1317; x_wconf 77' lang='grc' dir='ltr'>ἀπογνώσει</span> <span class='ocrx_word' id='word_1_72' title='bbox 596 1248 908 1321; x_wconf 71' lang='grc' dir='ltr'>βυθίζομαι.</span> <span class='ocrx_word' id='word_1_73' title='bbox 943 1252 1116 1304; x_wconf 74' lang='grc' dir='ltr'>Ὅταν</span> <span class='ocrx_word' id='word_1_74' title='bbox 1133 1251 1192 1304; x_wconf 85' lang='grc' dir='ltr'><strong>δέ</strong></span> <span class='ocrx_word' id='word_1_75' title='bbox 1219 1253 1300 1314; x_wconf 88' lang='grc' dir='ltr'><strong>είς</strong></span> <span class='ocrx_word' id='word_1_76' title='bbox 1344 1251 1414 1305; x_wconf 80' lang='grc' dir='ltr'><strong>τὰ</strong></span> <span class='ocrx_word' id='word_1_77' title='bbox 1440 1253 1581 1306; x_wconf 77' lang='grc' dir='ltr'>κατὰ</span> <span class='ocrx_word' id='word_1_78' title='bbox 1599 1252 1706 1305; x_wconf 61' lang='grc' dir='ltr'>κτὸν</span> <span class='ocrx_word' id='word_1_79' title='bbox 1735 1252 1833 1325; x_wconf 82' lang='grc' dir='ltr'><strong>λῃ-</strong></span> 
     </span>
    </p>
   </div>
   <div class='ocr_carea' id='block_1_14' title="bbox 252 1328 1832 1411">
    <p class='ocr_par' dir='ltr' id='par_1_14' title="bbox 252 1328 1832 1411">
     <span class='ocr_line' id='line_1_14' title="bbox 252 1328 1832 1411; baseline 0.002 -20"><span class='ocrx_word' id='word_1_80' title='bbox 252 1339 391 1410; x_wconf 82' lang='grc' dir='ltr'>στὴν</span> <span class='ocrx_word' id='word_1_81' title='bbox 417 1341 506 1393; x_wconf 74' lang='grc' dir='ltr'>τὸν</span> <span class='ocrx_word' id='word_1_82' title='bbox 539 1339 664 1394; x_wconf 72' lang='grc' dir='ltr'>νοῦν</span> <span class='ocrx_word' id='word_1_83' title='bbox 699 1342 979 1410; x_wconf 88' lang='grc' dir='ltr'>ἐπανάγω,</span> <span class='ocrx_word' id='word_1_84' title='bbox 1030 1343 1126 1396; x_wconf 69' lang='grc' dir='ltr'>καὶ</span> <span class='ocrx_word' id='word_1_85' title='bbox 1152 1342 1267 1411; x_wconf 88' lang='grc' dir='ltr'><strong>γνῶ</strong></span> <span class='ocrx_word' id='word_1_86' title='bbox 1299 1344 1383 1396; x_wconf 85' lang='grc' dir='ltr'>ὃτι</span> <span class='ocrx_word' id='word_1_87' title='bbox 1408 1343 1477 1396; x_wconf 84' lang='grc' dir='ltr'><strong>δι’</strong></span> <span class='ocrx_word' id='word_1_88' title='bbox 1526 1343 1643 1406; x_wconf 82' lang='grc' dir='ltr'>ἐνὸς</span> <span class='ocrx_word' id='word_1_89' title='bbox 1673 1328 1832 1410; x_wconf 82' lang='grc' dir='ltr'>λόγου</span> 
     </span>
    </p>
   </div>
   <div class='ocr_carea' id='block_1_15' title="bbox 252 1430 1835 1505">
    <p class='ocr_par' dir='ltr' id='par_1_15' title="bbox 252 1430 1835 1505">
     <span class='ocr_line' id='line_1_15' title="bbox 252 1430 1835 1505; baseline 0.003 -22"><span class='ocrx_word' id='word_1_90' title='bbox 252 1430 550 1496; x_wconf 86' lang='grc' dir='ltr'>σέσωσται,</span> <span class='ocrx_word' id='word_1_91' title='bbox 584 1432 1015 1504; x_wconf 76' lang='grc' dir='ltr'>ἐξαλειφθέντων</span> <span class='ocrx_word' id='word_1_92' title='bbox 1055 1435 1223 1488; x_wconf 80' lang='grc' dir='ltr'>αὐτοῦ</span> <span class='ocrx_word' id='word_1_93' title='bbox 1264 1435 1484 1489; x_wconf 79' lang='grc' dir='ltr'>πάντων</span> <span class='ocrx_word' id='word_1_94' title='bbox 1521 1435 1627 1488; x_wconf 84' lang='grc' dir='ltr'><strong>τῶν</strong></span> <span class='ocrx_word' id='word_1_95' title='bbox 1655 1437 1835 1505; x_wconf 84' lang='grc' dir='ltr'>ἀμαρ-</span> 
     </span>
    </p>
   </div>
   <div class='ocr_carea' id='block_1_16' title="bbox 251 1523 1834 1598">
    <p class='ocr_par' dir='ltr' id='par_1_16' title="bbox 251 1523 1834 1598">
     <span class='ocr_line' id='line_1_16' title="bbox 251 1523 1834 1598; baseline 0.003 -23"><span class='ocrx_word' id='word_1_96' title='bbox 251 1523 536 1595; x_wconf 86' lang='grc' dir='ltr'>τημάτων,</span> <span class='ocrx_word' id='word_1_97' title='bbox 569 1525 834 1596; x_wconf 80' lang='grc' dir='ltr'>άναψύχω</span> <span class='ocrx_word' id='word_1_98' title='bbox 881 1529 947 1597; x_wconf 80' lang='grc' dir='ltr'>τῇ</span> <span class='ocrx_word' id='word_1_99' title='bbox 991 1526 1190 1592; x_wconf 87' lang='grc' dir='ltr'>ἐλπίδι,</span> <span class='ocrx_word' id='word_1_100' title='bbox 1216 1528 1312 1580; x_wconf 77' lang='grc' dir='ltr'>καὶ</span> <span class='ocrx_word' id='word_1_101' title='bbox 1337 1528 1662 1598; x_wconf 88' lang='grc' dir='ltr'>προστρέχω</span> <span class='ocrx_word' id='word_1_102' title='bbox 1695 1543 1834 1596; x_wconf 91' lang='grc' dir='ltr'>προ-</span> 
     </span>
    </p>
   </div>
   <div class='ocr_carea' id='block_1_17' title="bbox 253 1613 1830 1691">
    <p class='ocr_par' dir='ltr' id='par_1_17' title="bbox 253 1613 1830 1691">
     <span class='ocr_line' id='line_1_17' title="bbox 253 1613 1830 1691; baseline 0.002 -25"><span class='ocrx_word' id='word_1_103' title='bbox 253 1613 446 1685; x_wconf 78' lang='grc' dir='ltr'>θύμως</span> <span class='ocrx_word' id='word_1_104' title='bbox 466 1618 532 1686; x_wconf 81' lang='grc' dir='ltr'>τῇ</span> <span class='ocrx_word' id='word_1_105' title='bbox 559 1615 840 1688; x_wconf 76' lang='grc' dir='ltr'>μετανοίᾳο</span> <span class='ocrx_word' id='word_1_106' title='bbox 861 1617 1049 1688; x_wconf 82' lang='grc' dir='ltr'>ἐπειδὴ</span> <span class='ocrx_word' id='word_1_107' title='bbox 1067 1618 1274 1681; x_wconf 82' lang='grc' dir='ltr'>ἐκεῖνος</span> <span class='ocrx_word' id='word_1_108' title='bbox 1291 1617 1373 1688; x_wconf 83' lang='grc' dir='ltr'>τῷ</span> <span class='ocrx_word' id='word_1_109' title='bbox 1387 1618 1533 1691; x_wconf 73' lang='grc' dir='ltr'>ἔργῳ</span> <span class='ocrx_word' id='word_1_110' title='bbox 1549 1620 1830 1682; x_wconf 85' lang='grc' dir='ltr'>πέπτωκε,</span> 
     </span>
    </p>
   </div>
   <div class='ocr_carea' id='block_1_18' title="bbox 254 1702 1834 1778">
    <p class='ocr_par' dir='ltr' id='par_1_18' title="bbox 254 1702 1834 1778">
     <span class='ocr_line' id='line_1_18' title="bbox 254 1702 1834 1778; baseline 0.001 -19"><span class='ocrx_word' id='word_1_111' title='bbox 254 1709 350 1759; x_wconf 77' lang='grc' dir='ltr'>καὶ</span> <span class='ocrx_word' id='word_1_112' title='bbox 376 1702 530 1770; x_wconf 71' lang='grc' dir='ltr'>οὗτος</span> <span class='ocrx_word' id='word_1_113' title='bbox 557 1706 623 1760; x_wconf 83' lang='grc' dir='ltr'><strong>δι’</strong></span> <span class='ocrx_word' id='word_1_114' title='bbox 651 1707 770 1771; x_wconf 81' lang='grc' dir='ltr'>ἐνὸς</span> <span class='ocrx_word' id='word_1_115' title='bbox 795 1708 954 1778; x_wconf 86' lang='grc' dir='ltr'>λόγου</span> <span class='ocrx_word' id='word_1_116' title='bbox 986 1709 1275 1767; x_wconf 76' lang='grc' dir='ltr'>σέσωσται.</span> <span class='ocrx_word' id='word_1_117' title='bbox 1320 1710 1558 1776; x_wconf 80' lang='grc' dir='ltr'>Ἐκεῖνος</span> <span class='ocrx_word' id='word_1_118' title='bbox 1581 1709 1834 1778; x_wconf 76' lang='grc' dir='ltr'>θαύματα</span> 
     </span>
    </p>
   </div>
   <div class='ocr_carea' id='block_1_19' title="bbox 1942 615 3514 681">
    <p class='ocr_par' dir='ltr' id='par_1_19' title="bbox 1942 615 3514 681">
     <span class='ocr_line' id='line_1_19' title="bbox 1942 615 3514 681; baseline 0.001 -15"><span class='ocrx_word' id='word_1_119' title='bbox 1942 629 2110 670; x_wconf 87' lang='lat' dir='ltr'><strong>unum</strong></span> <span class='ocrx_word' id='word_1_120' title='bbox 2149 625 2518 681; x_wconf 76' lang='lat' dir='ltr'><strong>transgressus</strong></span> <span class='ocrx_word' id='word_1_121' title='bbox 2564 627 2646 667; x_wconf 79' lang='lat' dir='ltr'><strong>est</strong></span> <span class='ocrx_word' id='word_1_122' title='bbox 2693 615 3026 678; x_wconf 86' lang='lat' dir='ltr'><strong>mandatum,</strong></span> <span class='ocrx_word' id='word_1_123' title='bbox 3069 619 3318 670; x_wconf 88' lang='lat' dir='ltr'><strong>oumibus</strong></span> <span class='ocrx_word' id='word_1_124' title='bbox 3367 619 3514 671; x_wconf 80' lang='lat' dir='ltr'><strong>illico</strong></span> 
     </span>
    </p>
   </div>
   <div class='ocr_carea' id='block_1_20' title="bbox 1942 700 3510 771">
    <p class='ocr_par' dir='ltr' id='par_1_20' title="bbox 1942 700 3510 771">
     <span class='ocr_line' id='line_1_20' title="bbox 1942 700 3510 771; baseline 0.003 -16"><span class='ocrx_word' id='word_1_125' title='bbox 1942 700 2098 756; x_wconf 87' lang='lat' dir='ltr'><strong>bouis</strong></span> <span class='ocrx_word' id='word_1_126' title='bbox 2126 704 2370 771; x_wconf 89' lang='lat' dir='ltr'><strong>privatus</strong></span> <span class='ocrx_word' id='word_1_127' title='bbox 2416 718 2478 757; x_wconf 85' lang='lat' dir='ltr'><strong>ac</strong></span> <span class='ocrx_word' id='word_1_128' title='bbox 2503 704 2795 757; x_wconf 88' lang='lat' dir='ltr'><strong>destitutus</strong></span> <span class='ocrx_word' id='word_1_129' title='bbox 2819 703 3002 757; x_wconf 81' lang='lat' dir='ltr'><strong>fuerit.</strong></span> <span class='ocrx_word' id='word_1_130' title='bbox 3043 705 3336 760; x_wconf 81' lang='lat' dir='ltr'><strong>Enimvero</strong></span> <span class='ocrx_word' id='word_1_131' title='bbox 3365 709 3510 760; x_wconf 83' lang='grc' dir='ltr'>οιιιιιί</span> 
     </span>
    </p>
   </div>
   <div class='ocr_carea' id='block_1_21' title="bbox 1939 794 3513 864">
    <p class='ocr_par' dir='ltr' id='par_1_21' title="bbox 1939 794 3513 864">
     <span class='ocr_line' id='line_1_21' title="bbox 1939 794 3513 864; baseline 0.002 -18"><span class='ocrx_word' id='word_1_132' title='bbox 1939 795 2174 862; x_wconf 83' lang='lat' dir='ltr'><strong>pristino</strong></span> <span class='ocrx_word' id='word_1_133' title='bbox 2211 796 2413 847; x_wconf 82' lang='lat' dir='ltr'><strong>honore</strong></span> <span class='ocrx_word' id='word_1_134' title='bbox 2439 803 2491 847; x_wconf 90' lang='lat' dir='ltr'><strong>et</strong></span> <span class='ocrx_word' id='word_1_135' title='bbox 2520 794 2747 862; x_wconf 88' lang='lat' dir='ltr'><strong>imperio</strong></span> <span class='ocrx_word' id='word_1_136' title='bbox 2779 805 2939 864; x_wconf 84' lang='lat' dir='ltr'><strong>atque</strong></span> <span class='ocrx_word' id='word_1_137' title='bbox 2971 797 3220 851; x_wconf 90' lang='lat' dir='ltr'><strong>omnibus</strong></span> <span class='ocrx_word' id='word_1_138' title='bbox 3245 797 3403 852; x_wconf 86' lang='lat' dir='ltr'><strong>donis</strong></span> <span class='ocrx_word' id='word_1_139' title='bbox 3431 798 3513 850; x_wconf 90' lang='lat' dir='ltr'><strong>di-</strong></span> 
     </span>
    </p>
   </div>
   <div class='ocr_carea' id='block_1_22' title="bbox 1908 887 3510 959">
    <p class='ocr_par' dir='ltr' id='par_1_22' title="bbox 1908 887 3510 959">
     <span class='ocr_line' id='line_1_22' title="bbox 1908 887 3510 959; baseline 0.002 -19"><span class='ocrx_word' id='word_1_140' title='bbox 1908 888 2161 957; x_wconf 89' lang='lat' dir='ltr'><strong>paradiso</strong></span> <span class='ocrx_word' id='word_1_141' title='bbox 2217 887 2470 942; x_wconf 81' lang='lat' dir='ltr'><strong>exclusus</strong></span> <span class='ocrx_word' id='word_1_142' title='bbox 2507 888 2798 951; x_wconf 73' lang='lat' dir='ltr'><strong>exsulavit,</strong></span> <span class='ocrx_word' id='word_1_143' title='bbox 2847 897 3008 957; x_wconf 89' lang='lat' dir='ltr'><strong>atque</strong></span> <span class='ocrx_word' id='word_1_144' title='bbox 3080 889 3132 942; x_wconf 89' lang='lat' dir='ltr'><strong>in</strong></span> <span class='ocrx_word' id='word_1_145' title='bbox 3185 890 3510 959; x_wconf 80' lang='lat' dir='ltr'><strong>profundum</strong></span> 
     </span>
    </p>
   </div>
   <div class='ocr_carea' id='block_1_23' title="bbox 2009 1063 3510 1143">
    <p class='ocr_par' dir='ltr' id='par_1_23' title="bbox 2009 1063 3510 1143">
     <span class='ocr_line' id='line_1_23' title="bbox 2009 1063 3510 1143; baseline 0.004 -22"><span class='ocrx_word' id='word_1_146' title='bbox 2009 1063 2097 1123; x_wconf 84' lang='lat' dir='ltr'><strong>Ill.</strong></span> <span class='ocrx_word' id='word_1_147' title='bbox 2127 1070 2356 1123; x_wconf 78' lang='lat' dir='ltr'><strong>Proinde</strong></span> <span class='ocrx_word' id='word_1_148' title='bbox 2381 1085 2504 1124; x_wconf 90' lang='lat' dir='ltr'><strong>cum</strong></span> <span class='ocrx_word' id='word_1_149' title='bbox 2531 1086 2693 1124; x_wconf 63' lang='lat' dir='ltr'><strong>unum</strong></span> <span class='ocrx_word' id='word_1_150' title='bbox 2717 1071 2861 1124; x_wconf 91' lang='lat' dir='ltr'><strong>illius</strong></span> <span class='ocrx_word' id='word_1_151' title='bbox 2899 1071 3276 1127; x_wconf 70' lang='lat' dir='ltr'><strong>inobedientim</strong></span> <span class='ocrx_word' id='word_1_152' title='bbox 3303 1073 3510 1143; x_wconf 64' lang='lat' dir='ltr'><strong>lapsum</strong></span> 
     </span>
    </p>
   </div>
   <div class='ocr_carea' id='block_1_24' title="bbox 1936 1159 3511 1232">
    <p class='ocr_par' dir='ltr' id='par_1_24' title="bbox 1936 1159 3511 1232">
     <span class='ocr_line' id='line_1_24' title="bbox 1936 1159 3511 1232; baseline 0.003 -21"><span class='ocrx_word' id='word_1_153' title='bbox 1936 1172 2059 1211; x_wconf 87' lang='lat' dir='ltr'><strong>cum</strong></span> <span class='ocrx_word' id='word_1_154' title='bbox 2097 1159 2399 1213; x_wconf 93' lang='lat' dir='ltr'><strong>innumeris</strong></span> <span class='ocrx_word' id='word_1_155' title='bbox 2437 1160 2636 1213; x_wconf 89' lang='lat' dir='ltr'><strong>erratis</strong></span> <span class='ocrx_word' id='word_1_156' title='bbox 2693 1161 2898 1216; x_wconf 84' lang='lat' dir='ltr'><strong>nostris</strong></span> <span class='ocrx_word' id='word_1_157' title='bbox 2925 1176 3212 1231; x_wconf 89' lang='lat' dir='ltr'><strong>compono,</strong></span> <span class='ocrx_word' id='word_1_158' title='bbox 3253 1164 3511 1232; x_wconf 85' lang='lat' dir='ltr'><strong>despera-</strong></span> 
     </span>
    </p>
   </div>
   <div class='ocr_carea' id='block_1_25' title="bbox 1937 1249 3513 1321">
    <p class='ocr_par' dir='ltr' id='par_1_25' title="bbox 1937 1249 3513 1321">
     <span class='ocr_line' id='line_1_25' title="bbox 1937 1249 3513 1321; baseline 0.004 -20"><span class='ocrx_word' id='word_1_159' title='bbox 1937 1249 2096 1312; x_wconf 76' lang='lat' dir='ltr'><strong>tionis</strong></span> <span class='ocrx_word' id='word_1_160' title='bbox 2121 1249 2414 1319; x_wconf 81' lang='lat' dir='ltr'><strong>immergor</strong></span> <span class='ocrx_word' id='word_1_161' title='bbox 2453 1251 2666 1320; x_wconf 81' lang='lat' dir='ltr'><strong>pelago.</strong></span> <span class='ocrx_word' id='word_1_162' title='bbox 2706 1249 2899 1305; x_wconf 78' lang='lat' dir='ltr'><strong>Verum</strong></span> <span class='ocrx_word' id='word_1_163' title='bbox 2931 1255 3146 1321; x_wconf 88' lang='lat' dir='ltr'><strong>quando</strong></span> <span class='ocrx_word' id='word_1_164' title='bbox 3166 1255 3405 1307; x_wconf 90' lang='lat' dir='ltr'><strong>animum</strong></span> <span class='ocrx_word' id='word_1_165' title='bbox 3446 1255 3513 1308; x_wconf 88' lang='lat' dir='ltr'><strong>ad</strong></span> 
     </span>
    </p>
   </div>
   <div class='ocr_carea' id='block_1_26' title="bbox 1935 1331 3511 1409">
    <p class='ocr_par' dir='ltr' id='par_1_26' title="bbox 1935 1331 3511 1409">
     <span class='ocr_line' id='line_1_26' title="bbox 1935 1331 3511 1409; baseline 0.002 -14"><span class='ocrx_word' id='word_1_166' title='bbox 1935 1356 1999 1395; x_wconf 88' lang='lat' dir='ltr'><strong>ea</strong></span> <span class='ocrx_word' id='word_1_167' title='bbox 2052 1356 2171 1408; x_wconf 68' lang='lat' dir='ltr'><strong>quae</strong></span> <span class='ocrx_word' id='word_1_168' title='bbox 2219 1341 2413 1394; x_wconf 82' lang='lat' dir='ltr'><strong>latroni</strong></span> <span class='ocrx_word' id='word_1_169' title='bbox 2474 1343 2796 1409; x_wconf 86' lang='lat' dir='ltr'><strong>acciderunt</strong></span> <span class='ocrx_word' id='word_1_170' title='bbox 2833 1342 3055 1407; x_wconf 87' lang='lat' dir='ltr'><strong>reduco,</strong></span> <span class='ocrx_word' id='word_1_171' title='bbox 3101 1354 3154 1396; x_wconf 89' lang='lat' dir='ltr'><strong>et</strong></span> <span class='ocrx_word' id='word_1_172' title='bbox 3218 1345 3338 1398; x_wconf 85' lang='lat' dir='ltr'><strong>novi</strong></span> <span class='ocrx_word' id='word_1_173' title='bbox 3389 1331 3511 1399; x_wconf 75' lang='lat' dir='ltr'><strong>eum</strong></span> 
     </span>
    </p>
   </div>
   <div class='ocr_carea' id='block_1_27' title="bbox 1937 1431 3512 1501">
    <p class='ocr_par' dir='ltr' id='par_1_27' title="bbox 1937 1431 3512 1501">
     <span class='ocr_line' id='line_1_27' title="bbox 1937 1431 3512 1501; baseline 0.005 -18"><span class='ocrx_word' id='word_1_174' title='bbox 1937 1431 2098 1484; x_wconf 84' lang='lat' dir='ltr'><strong>unica</strong></span> <span class='ocrx_word' id='word_1_175' title='bbox 2130 1431 2470 1485; x_wconf 75' lang='lat' dir='ltr'><strong>oratiuncula</strong></span> <span class='ocrx_word' id='word_1_176' title='bbox 2505 1433 2777 1485; x_wconf 76' lang='lat' dir='ltr'><strong>Servatum</strong></span> <span class='ocrx_word' id='word_1_177' title='bbox 2825 1447 2968 1498; x_wconf 82' lang='lat' dir='ltr'><strong>esse,</strong></span> <span class='ocrx_word' id='word_1_178' title='bbox 3004 1435 3256 1490; x_wconf 88' lang='lat' dir='ltr'><strong>omnibus</strong></span> <span class='ocrx_word' id='word_1_179' title='bbox 3280 1436 3396 1501; x_wconf 83' lang='lat' dir='ltr'><strong>ejus</strong></span> <span class='ocrx_word' id='word_1_180' title='bbox 3427 1452 3512 1491; x_wconf 92' lang='lat' dir='ltr'><strong>er-</strong></span> 
     </span>
    </p>
   </div>
   <div class='ocr_carea' id='block_1_28' title="bbox 1939 1522 3512 1598">
    <p class='ocr_par' dir='ltr' id='par_1_28' title="bbox 1939 1522 3512 1598">
     <span class='ocr_line' id='line_1_28' title="bbox 1939 1522 3512 1598; baseline 0.004 -22"><span class='ocrx_word' id='word_1_181' title='bbox 1939 1523 2073 1576; x_wconf 82' lang='lat' dir='ltr'><strong>ratis</strong></span> <span class='ocrx_word' id='word_1_182' title='bbox 2110 1522 2324 1587; x_wconf 83' lang='lat' dir='ltr'><strong>deletis,</strong></span> <span class='ocrx_word' id='word_1_183' title='bbox 2351 1537 2445 1592; x_wconf 82' lang='lat' dir='ltr'><strong>spe</strong></span> <span class='ocrx_word' id='word_1_184' title='bbox 2481 1523 2716 1586; x_wconf 80' lang='lat' dir='ltr'><strong>rcficior,</strong></span> <span class='ocrx_word' id='word_1_185' title='bbox 2754 1533 2808 1578; x_wconf 90' lang='lat' dir='ltr'><strong>et</strong></span> <span class='ocrx_word' id='word_1_186' title='bbox 2841 1525 3100 1580; x_wconf 70' lang='lat' dir='ltr'><strong>alacriter</strong></span> <span class='ocrx_word' id='word_1_187' title='bbox 3136 1529 3202 1580; x_wconf 88' lang='lat' dir='ltr'><strong>ad</strong></span> <span class='ocrx_word' id='word_1_188' title='bbox 3240 1531 3512 1598; x_wconf 73' lang='lat' dir='ltr'><strong>paeniten-</strong></span> 
     </span>
    </p>
   </div>
   <div class='ocr_carea' id='block_1_29' title="bbox 1941 1613 3512 1682">
    <p class='ocr_par' dir='ltr' id='par_1_29' title="bbox 1941 1613 3512 1682">
     <span class='ocr_line' id='line_1_29' title="bbox 1941 1613 3512 1682; baseline 0.005 -17"><span class='ocrx_word' id='word_1_189' title='bbox 1941 1613 2070 1666; x_wconf 89' lang='lat' dir='ltr'><strong>tiam</strong></span> <span class='ocrx_word' id='word_1_190' title='bbox 2109 1628 2366 1678; x_wconf 85' lang='lat' dir='ltr'><strong>recurro;</strong></span> <span class='ocrx_word' id='word_1_191' title='bbox 2422 1617 2855 1682; x_wconf 76' lang='lat' dir='ltr'><strong>quandoquidem</strong></span> <span class='ocrx_word' id='word_1_192' title='bbox 2901 1616 2988 1668; x_wconf 91' lang='lat' dir='ltr'><strong>ille</strong></span> <span class='ocrx_word' id='word_1_193' title='bbox 3032 1618 3100 1670; x_wconf 93' lang='lat' dir='ltr'><strong>ob</strong></span> <span class='ocrx_word' id='word_1_194' title='bbox 3130 1616 3328 1671; x_wconf 79' lang='lat' dir='ltr'><strong>factum</strong></span> <span class='ocrx_word' id='word_1_195' title='bbox 3364 1621 3512 1673; x_wconf 82' lang='lat' dir='ltr'><strong>ccci—</strong></span> 
     </span>
    </p>
   </div>
   <div class='ocr_carea' id='block_1_30' title="bbox 1941 1703 3512 1774">
    <p class='ocr_par' dir='ltr' id='par_1_30' title="bbox 1941 1703 3512 1774">
     <span class='ocr_line' id='line_1_30' title="bbox 1941 1703 3512 1774; baseline 0.004 -17"><span class='ocrx_word' id='word_1_196' title='bbox 1941 1703 2124 1770; x_wconf 85' lang='lat' dir='ltr'><strong>derat;</strong></span> <span class='ocrx_word' id='word_1_197' title='bbox 2162 1704 2246 1759; x_wconf 90' lang='lat' dir='ltr'><strong>hic</strong></span> <span class='ocrx_word' id='word_1_198' title='bbox 2297 1705 2457 1757; x_wconf 88' lang='lat' dir='ltr'><strong>etiam</strong></span> <span class='ocrx_word' id='word_1_199' title='bbox 2504 1721 2600 1774; x_wconf 87' lang='lat' dir='ltr'><strong>per</strong></span> <span class='ocrx_word' id='word_1_200' title='bbox 2633 1705 2834 1758; x_wconf 89' lang='lat' dir='ltr'><strong>dictum</strong></span> <span class='ocrx_word' id='word_1_201' title='bbox 2892 1721 3056 1758; x_wconf 91' lang='lat' dir='ltr'><strong>unum</strong></span> <span class='ocrx_word' id='word_1_202' title='bbox 3091 1717 3336 1762; x_wconf 84' lang='lat' dir='ltr'><strong>servatus</strong></span> <span class='ocrx_word' id='word_1_203' title='bbox 3380 1721 3458 1762; x_wconf 89' lang='lat' dir='ltr'><strong>est</strong></span> <span class='ocrx_word' id='word_1_204' title='bbox 3497 1727 3512 1764; x_wconf 91' lang='lat'><strong>:</strong></span> 
     </span>
    </p>
   </div>
   <div class='ocr_carea' id='block_1_31' title="bbox 257 1795 1853 1875">
    <p class='ocr_par' dir='ltr' id='par_1_31' title="bbox 257 1795 1830 1875">
     <span class='ocr_line' id='line_1_31' title="bbox 257 1795 1830 1875; baseline 0 -23"><span class='ocrx_word' id='word_1_205' title='bbox 257 1800 474 1866; x_wconf 78' lang='grc' dir='ltr'>ἐξαίσια</span> <span class='ocrx_word' id='word_1_206' title='bbox 504 1795 630 1866; x_wconf 77' lang='grc' dir='ltr'>εἶδε,</span> <span class='ocrx_word' id='word_1_207' title='bbox 665 1803 759 1854; x_wconf 70' lang='grc' dir='ltr'>καὶ</span> <span class='ocrx_word' id='word_1_208' title='bbox 786 1803 1136 1875; x_wconf 83' lang='grc' dir='ltr'>παρήκουσεν</span> <span class='ocrx_word' id='word_1_209' title='bbox 1158 1818 1174 1834; x_wconf 76' lang='grc' dir='ltr'><strong><em>ο</em></strong></span> <span class='ocrx_word' id='word_1_210' title='bbox 1198 1795 1357 1866; x_wconf 73' lang='grc' dir='ltr'>οὗτος</span> <span class='ocrx_word' id='word_1_211' title='bbox 1391 1802 1544 1855; x_wconf 80' lang='grc' dir='ltr'>οὐδὲν</span> <span class='ocrx_word' id='word_1_212' title='bbox 1585 1798 1750 1866; x_wconf 81' lang='grc' dir='ltr'>οἶδεν,</span> <span class='ocrx_word' id='word_1_213' title='bbox 1782 1800 1830 1853; x_wconf 88' lang='grc' dir='ltr'><strong>εί</strong></span> 
     </span>
    </p>
   </div>
   <div class='ocr_carea' id='block_1_32' title="bbox 1938 1795 3506 1875">
    <p class='ocr_par' dir='ltr' id='par_1_32' title="bbox 1938 1795 3506 1865">
     <span class='ocr_line' id='line_1_32' title="bbox 1938 1795 3506 1865; baseline 0.004 -17"><span class='ocrx_word' id='word_1_214' title='bbox 1938 1795 2024 1850; x_wconf 91' lang='lat' dir='ltr'><strong>ille</strong></span> <span class='ocrx_word' id='word_1_215' title='bbox 2065 1796 2327 1848; x_wconf 88' lang='lat' dir='ltr'><strong>miracula</strong></span> <span class='ocrx_word' id='word_1_216' title='bbox 2370 1797 2632 1865; x_wconf 87' lang='lat' dir='ltr'><strong>stupenda</strong></span> <span class='ocrx_word' id='word_1_217' title='bbox 2681 1796 2912 1859; x_wconf 86' lang='lat' dir='ltr'><strong>viderat,</strong></span> <span class='ocrx_word' id='word_1_218' title='bbox 2949 1806 3004 1850; x_wconf 91' lang='lat' dir='ltr'><strong>et</strong></span> <span class='ocrx_word' id='word_1_219' title='bbox 3056 1797 3336 1852; x_wconf 85' lang='lat' dir='ltr'><strong>inubediil.</strong></span> <span class='ocrx_word' id='word_1_220' title='bbox 3409 1799 3506 1855; x_wconf 88' lang='lat' dir='ltr'><strong>llic</strong></span> 
     </span>
    </p>
   </div>
   <div class='ocr_carea' id='block_1_33' title="bbox 260 1891 1828 1963">
    <p class='ocr_par' dir='ltr' id='par_1_33' title="bbox 260 1891 1828 1963">
     <span class='ocr_line' id='line_1_33' title="bbox 260 1891 1828 1963; baseline 0 -19"><span class='ocrx_word' id='word_1_221' title='bbox 260 1892 339 1963; x_wconf 81' lang='grc' dir='ltr'>μὴ</span> <span class='ocrx_word' id='word_1_222' title='bbox 362 1891 456 1944; x_wconf 75' lang='grc' dir='ltr'><strong>τὸν</strong></span> <span class='ocrx_word' id='word_1_223' title='bbox 487 1891 721 1962; x_wconf 83' lang='grc' dir='ltr'>Χριστὸν</span> <span class='ocrx_word' id='word_1_224' title='bbox 753 1892 848 1946; x_wconf 71' lang='grc' dir='ltr'>καὶ</span> <span class='ocrx_word' id='word_1_225' title='bbox 881 1893 1069 1946; x_wconf 80' lang='grc' dir='ltr'>τοῦτον</span> <span class='ocrx_word' id='word_1_226' title='bbox 1098 1895 1537 1962; x_wconf 70' lang='grc' dir='ltr'>ἐσταυρωμένον,</span> <span class='ocrx_word' id='word_1_227' title='bbox 1573 1894 1668 1946; x_wconf 76' lang='grc' dir='ltr'>καὶ</span> <span class='ocrx_word' id='word_1_228' title='bbox 1709 1894 1828 1962; x_wconf 85' lang='grc' dir='ltr'>ἡτι-</span> 
     </span>
    </p>
   </div>
   <div class='ocr_carea' id='block_1_34' title="bbox 260 1979 1832 2054">
    <p class='ocr_par' dir='ltr' id='par_1_34' title="bbox 260 1979 1832 2054">
     <span class='ocr_line' id='line_1_34' title="bbox 260 1979 1832 2054; baseline -0.001 -18"><span class='ocrx_word' id='word_1_229' title='bbox 260 1984 538 2054; x_wconf 80' lang='grc' dir='ltr'>μωμένον,</span> <span class='ocrx_word' id='word_1_230' title='bbox 562 1985 656 2038; x_wconf 75' lang='grc' dir='ltr'>καὶ</span> <span class='ocrx_word' id='word_1_231' title='bbox 683 1986 974 2038; x_wconf 87' lang='grc' dir='ltr'>ἐπίστευσε</span> <span class='ocrx_word' id='word_1_232' title='bbox 1001 2001 1016 2014; x_wconf 89' lang='grc'><strong>·</strong></span> <span class='ocrx_word' id='word_1_233' title='bbox 1052 1984 1188 2038; x_wconf 83' lang='grc' dir='ltr'>πολὺ</span> <span class='ocrx_word' id='word_1_234' title='bbox 1216 1979 1308 2037; x_wconf 82' lang='grc' dir='ltr'>οὖν</span> <span class='ocrx_word' id='word_1_235' title='bbox 1334 1982 1395 2037; x_wconf 78' lang='grc' dir='ltr'>τὸ</span> <span class='ocrx_word' id='word_1_236' title='bbox 1423 1983 1704 2054; x_wconf 79' lang='grc' dir='ltr'>διάφορον,</span> <span class='ocrx_word' id='word_1_237' title='bbox 1734 1984 1832 2038; x_wconf 75' lang='grc' dir='ltr'>καὶ</span> 
     </span>
    </p>
   </div>
   <div class='ocr_carea' id='block_1_35' title="bbox 255 2076 1832 2148">
    <p class='ocr_par' dir='ltr' id='par_1_35' title="bbox 255 2076 1832 2148">
     <span class='ocr_line' id='line_1_35' title="bbox 255 2076 1832 2148; baseline -0.001 -18"><span class='ocrx_word' id='word_1_238' title='bbox 255 2076 357 2146; x_wconf 83' lang='grc' dir='ltr'>τῆς</span> <span class='ocrx_word' id='word_1_239' title='bbox 387 2076 629 2148; x_wconf 75' lang='grc' dir='ltr'><strong>ἰσότητος</strong></span> <span class='ocrx_word' id='word_1_240' title='bbox 656 2077 718 2130; x_wconf 82' lang='grc' dir='ltr'>τὸ</span> <span class='ocrx_word' id='word_1_241' title='bbox 743 2077 950 2140; x_wconf 81' lang='grc' dir='ltr'>ἄνισον,</span> <span class='ocrx_word' id='word_1_242' title='bbox 977 2077 1136 2130; x_wconf 88' lang='grc' dir='ltr'>νόσου</span> <span class='ocrx_word' id='word_1_243' title='bbox 1163 2076 1342 2147; x_wconf 75' lang='grc' dir='ltr'>ψυχῆς</span> <span class='ocrx_word' id='word_1_244' title='bbox 1365 2078 1458 2130; x_wconf 73' lang='grc' dir='ltr'>καὶ</span> <span class='ocrx_word' id='word_1_245' title='bbox 1486 2079 1739 2146; x_wconf 85' lang='grc' dir='ltr'>σώματος</span> <span class='ocrx_word' id='word_1_246' title='bbox 1770 2076 1832 2128; x_wconf 78' lang='grc' dir='ltr'>τὸ</span> 
     </span>
    </p>
   </div>
   <div class='ocr_carea' id='block_1_36' title="bbox 253 2165 1828 2242">
    <p class='ocr_par' dir='ltr' id='par_1_36' title="bbox 253 2165 1828 2242">
     <span class='ocr_line' id='line_1_36' title="bbox 253 2165 1828 2242; baseline -0.001 -20"><span class='ocrx_word' id='word_1_247' title='bbox 253 2169 547 2240; x_wconf 75' lang='grc' dir='ltr'>ἀνόμοιονο</span> <span class='ocrx_word' id='word_1_248' title='bbox 585 2169 644 2221; x_wconf 78' lang='grc' dir='ltr'>οὐ</span> <span class='ocrx_word' id='word_1_249' title='bbox 703 2170 814 2241; x_wconf 78' lang='grc' dir='ltr'><strong>γάρ</strong></span> <span class='ocrx_word' id='word_1_250' title='bbox 855 2165 1001 2239; x_wconf 82' lang='grc' dir='ltr'>εἶχεν</span> <span class='ocrx_word' id='word_1_251' title='bbox 1047 2170 1241 2242; x_wconf 79' lang='grc' dir='ltr'>ἑτέραν</span> <span class='ocrx_word' id='word_1_252' title='bbox 1284 2169 1488 2240; x_wconf 85' lang='grc' dir='ltr'>ἀρετὴν</span> <span class='ocrx_word' id='word_1_253' title='bbox 1534 2171 1562 2221; x_wconf 85' lang='grc' dir='ltr'><strong>ὁ</strong></span> <span class='ocrx_word' id='word_1_254' title='bbox 1605 2167 1828 2242; x_wconf 80' lang='grc' dir='ltr'>λῃστὴς,</span> 
     </span>
    </p>
   </div>
   <div class='ocr_carea' id='block_1_37' title="bbox 255 2259 1826 2331">
    <p class='ocr_par' dir='ltr' id='par_1_37' title="bbox 255 2259 1826 2331">
     <span class='ocr_line' id='line_1_37' title="bbox 255 2259 1826 2331; baseline 0.001 -20"><span class='ocrx_word' id='word_1_255' title='bbox 255 2263 305 2312; x_wconf 89' lang='grc' dir='ltr'><strong>εἰ</strong></span> <span class='ocrx_word' id='word_1_256' title='bbox 342 2259 418 2330; x_wconf 79' lang='grc' dir='ltr'>μὴ</span> <span class='ocrx_word' id='word_1_257' title='bbox 447 2260 507 2312; x_wconf 79' lang='grc' dir='ltr'><strong>τὸ</strong></span> <span class='ocrx_word' id='word_1_258' title='bbox 543 2260 717 2312; x_wconf 76' lang='grc' dir='ltr'>εἰπεῖν</span> <span class='ocrx_word' id='word_1_259' title='bbox 746 2261 840 2313; x_wconf 75' lang='grc' dir='ltr'>καὶ</span> <span class='ocrx_word' id='word_1_260' title='bbox 871 2261 1054 2331; x_wconf 86' lang='grc' dir='ltr'>μόνον,</span> <span class='ocrx_word' id='word_1_261' title='bbox 1088 2259 1408 2328; x_wconf 81' lang='grc' dir='ltr'>Μνήσοητί</span> <span class='ocrx_word' id='word_1_262' title='bbox 1451 2276 1594 2328; x_wconf 86' lang='grc' dir='ltr'>μου,</span> <span class='ocrx_word' id='word_1_263' title='bbox 1628 2260 1826 2326; x_wconf 81' lang='grc' dir='ltr'>Κύριε,</span> 
     </span>
    </p>
   </div>
   <div class='ocr_carea' id='block_1_38' title="bbox 256 2349 1833 2423">
    <p class='ocr_par' dir='ltr' id='par_1_38' title="bbox 256 2349 1833 2423">
     <span class='ocr_line' id='line_1_38' title="bbox 256 2349 1833 2423; baseline -0.001 -17"><span class='ocrx_word' id='word_1_264' title='bbox 256 2352 328 2406; x_wconf 73' lang='grc' dir='ltr'>ἐν</span> <span class='ocrx_word' id='word_1_265' title='bbox 374 2351 450 2419; x_wconf 80' lang='grc' dir='ltr'>τῇ</span> <span class='ocrx_word' id='word_1_266' title='bbox 480 2352 769 2420; x_wconf 79' lang='grc' dir='ltr'>βασιλείᾳ</span> <span class='ocrx_word' id='word_1_267' title='bbox 799 2367 937 2408; x_wconf 84' lang='grc' dir='ltr'>σου.</span> <span class='ocrx_word' id='word_1_268' title='bbox 990 2349 1259 2406; x_wconf 84' lang='grc' dir='ltr'>”Οσοιοῦν</span> <span class='ocrx_word' id='word_1_269' title='bbox 1307 2351 1544 2423; x_wconf 78' lang='grc' dir='ltr'>Χριστοῦ</span> <span class='ocrx_word' id='word_1_270' title='bbox 1593 2351 1833 2421; x_wconf 70' lang='grc' dir='ltr'>μαθηταὶ</span> 
     </span>
    </p>
   </div>
   <div class='ocr_carea' id='block_1_39' title="bbox 255 2442 1831 2515">
    <p class='ocr_par' dir='ltr' id='par_1_39' title="bbox 255 2442 1831 2515">
     <span class='ocr_line' id='line_1_39' title="bbox 255 2442 1831 2515; baseline -0.001 -19"><span class='ocrx_word' id='word_1_271' title='bbox 255 2444 428 2510; x_wconf 69' lang='grc' dir='ltr'>ὅντες,</span> <span class='ocrx_word' id='word_1_272' title='bbox 454 2444 888 2515; x_wconf 87' lang='grc' dir='ltr'>συγκληρονόμοι</span> <span class='ocrx_word' id='word_1_273' title='bbox 917 2443 1082 2498; x_wconf 78' lang='grc' dir='ltr'>αὑτοῦ</span> <span class='ocrx_word' id='word_1_274' title='bbox 1107 2443 1363 2512; x_wconf 81' lang='grc' dir='ltr'>γενέσθαι</span> <span class='ocrx_word' id='word_1_275' title='bbox 1384 2442 1657 2507; x_wconf 79' lang='grc' dir='ltr'>ἐλπίζετε,</span> <span class='ocrx_word' id='word_1_276' title='bbox 1683 2443 1831 2510; x_wconf 84' lang='grc' dir='ltr'>ἀγω-</span> 
     </span>
    </p>
   </div>
   <div class='ocr_carea' id='block_1_40' title="bbox 257 2531 1832 2610">
    <p class='ocr_par' dir='ltr' id='par_1_40' title="bbox 257 2531 1832 2610">
     <span class='ocr_line' id='line_1_40' title="bbox 257 2531 1832 2610; baseline -0.002 -24"><span class='ocrx_word' id='word_1_277' title='bbox 257 2533 481 2588; x_wconf 82' lang='grc' dir='ltr'>νίσασθε</span> <span class='ocrx_word' id='word_1_278' title='bbox 511 2534 768 2604; x_wconf 83' lang='grc' dir='ltr'>τοιαύτην</span> <span class='ocrx_word' id='word_1_279' title='bbox 798 2535 984 2589; x_wconf 86' lang='grc' dir='ltr'>πίστιν</span> <span class='ocrx_word' id='word_1_280' title='bbox 1011 2535 1178 2605; x_wconf 72' lang='grc' dir='ltr'>ἔχειν,</span> <span class='ocrx_word' id='word_1_281' title='bbox 1217 2533 1314 2586; x_wconf 75' lang='grc' dir='ltr'>καὶ</span> <span class='ocrx_word' id='word_1_282' title='bbox 1339 2532 1585 2610; x_wconf 69' lang='grc' dir='ltr'>εὐσεϐῶν</span> <span class='ocrx_word' id='word_1_283' title='bbox 1616 2531 1832 2602; x_wconf 89' lang='grc' dir='ltr'>τρόπων</span> 
     </span>
    </p>
   </div>
   <div class='ocr_carea' id='block_1_41' title="bbox 259 2623 1834 2699">
    <p class='ocr_par' dir='ltr' id='par_1_41' title="bbox 259 2623 1834 2699">
     <span class='ocr_line' id='line_1_41' title="bbox 259 2623 1834 2699; baseline -0.003 -19"><span class='ocrx_word' id='word_1_284' title='bbox 259 2628 398 2697; x_wconf 69' lang='grc' dir='ltr'>ἔργα</span> <span class='ocrx_word' id='word_1_285' title='bbox 423 2626 874 2699; x_wconf 84' lang='grc' dir='ltr'>διαπράττεσθαι.</span> <span class='ocrx_word' id='word_1_286' title='bbox 903 2630 1023 2691; x_wconf 83' lang='grc' dir='ltr'><strong>Πᾶς</strong></span> <span class='ocrx_word' id='word_1_287' title='bbox 1057 2626 1166 2697; x_wconf 81' lang='grc' dir='ltr'>γὰρ</span> <span class='ocrx_word' id='word_1_288' title='bbox 1193 2624 1480 2696; x_wconf 77' lang='grc' dir='ltr'>ἄνθρωπος</span> <span class='ocrx_word' id='word_1_289' title='bbox 1513 2623 1834 2694; x_wconf 73' lang='grc' dir='ltr'>βαπτισθεὶς</span> 
     </span>
    </p>
   </div>
   <div class='ocr_carea' id='block_1_42' title="bbox 259 2715 1834 2791">
    <p class='ocr_par' dir='ltr' id='par_1_42' title="bbox 259 2715 1834 2791">
     <span class='ocr_line' id='line_1_42' title="bbox 259 2715 1834 2791; baseline -0.003 -20"><span class='ocrx_word' id='word_1_290' title='bbox 259 2720 340 2782; x_wconf 87' lang='grc' dir='ltr'><strong>είς</strong></span> <span class='ocrx_word' id='word_1_291' title='bbox 373 2718 613 2791; x_wconf 83' lang='grc' dir='ltr'>Πατέρα,</span> <span class='ocrx_word' id='word_1_292' title='bbox 652 2719 746 2772; x_wconf 76' lang='grc' dir='ltr'>καὶ</span> <span class='ocrx_word' id='word_1_293' title='bbox 785 2719 934 2782; x_wconf 83' lang='grc' dir='ltr'>Υίδν,</span> <span class='ocrx_word' id='word_1_294' title='bbox 970 2719 1064 2771; x_wconf 80' lang='grc' dir='ltr'>καὶ</span> <span class='ocrx_word' id='word_1_295' title='bbox 1097 2719 1251 2787; x_wconf 75' lang='grc' dir='ltr'>ἅγιον</span> <span class='ocrx_word' id='word_1_296' title='bbox 1288 2715 1534 2786; x_wconf 80' lang='grc' dir='ltr'>Πνεῦμα,</span> <span class='ocrx_word' id='word_1_297' title='bbox 1596 2715 1690 2768; x_wconf 78' lang='grc' dir='ltr'>καὶ</span> <span class='ocrx_word' id='word_1_298' title='bbox 1733 2715 1834 2784; x_wconf 84' lang='grc' dir='ltr'>τῆς</span> 
     </span>
    </p>
   </div>
   <div class='ocr_carea' id='block_1_43' title="bbox 263 2803 1835 2880">
    <p class='ocr_par' dir='ltr' id='par_1_43' title="bbox 263 2803 1835 2880">
     <span class='ocr_line' id='line_1_43' title="bbox 263 2803 1835 2880; baseline -0.003 -19"><span class='ocrx_word' id='word_1_299' title='bbox 263 2809 413 2873; x_wconf 82' lang='grc' dir='ltr'>θείας</span> <span class='ocrx_word' id='word_1_300' title='bbox 439 2810 726 2873; x_wconf 82' lang='grc' dir='ltr'>κοινωνίας</span> <span class='ocrx_word' id='word_1_301' title='bbox 754 2808 1382 2880; x_wconf 75' lang='grc' dir='ltr'>μεταλαϐεῖνάξιωθεὶς,</span> <span class='ocrx_word' id='word_1_302' title='bbox 1420 2808 1482 2860; x_wconf 85' lang='grc' dir='ltr'>οὐ</span> <span class='ocrx_word' id='word_1_303' title='bbox 1508 2805 1660 2875; x_wconf 86' lang='grc' dir='ltr'>λέγει</span> <span class='ocrx_word' id='word_1_304' title='bbox 1685 2803 1835 2876; x_wconf 82' lang='grc' dir='ltr'><strong>αὑτῷ</strong></span> 
     </span>
    </p>
   </div>
   <div class='ocr_carea' id='block_1_44' title="bbox 245 2896 1826 2972">
    <p class='ocr_par' dir='ltr' id='par_1_44' title="bbox 245 2896 1826 2972">
     <span class='ocr_line' id='line_1_44' title="bbox 245 2896 1826 2972; baseline -0.003 -18"><span class='ocrx_word' id='word_1_305' title='bbox 245 2899 323 2965; x_wconf 57' lang='grc' dir='ltr'><strong>,τὸ</strong></span> <span class='ocrx_word' id='word_1_306' title='bbox 348 2901 500 2970; x_wconf 70' lang='grc' dir='ltr'>ἅγιον</span> <span class='ocrx_word' id='word_1_307' title='bbox 522 2900 852 2970; x_wconf 81' lang='grc' dir='ltr'>Εὐαγγέλιον</span> <span class='ocrx_word' id='word_1_308' title='bbox 867 2914 882 2931; x_wconf 82' lang='lat'><strong>&#39;</strong></span> <span class='ocrx_word' id='word_1_309' title='bbox 910 2900 1002 2968; x_wconf 83' lang='grc' dir='ltr'><strong>Μὴ</strong></span> <span class='ocrx_word' id='word_1_310' title='bbox 1017 2900 1302 2972; x_wconf 84' lang='grc' dir='ltr'>ἀδικήσῃς,</span> <span class='ocrx_word' id='word_1_311' title='bbox 1325 2898 1399 2969; x_wconf 82' lang='grc' dir='ltr'>μὴ</span> <span class='ocrx_word' id='word_1_312' title='bbox 1430 2897 1665 2970; x_wconf 78' lang='grc' dir='ltr'>ῥαπίσῃς</span> <span class='ocrx_word' id='word_1_313' title='bbox 1682 2896 1826 2950; x_wconf 87' lang='grc' dir='ltr'>τινά.</span> 
     </span>
    </p>
   </div>
   <div class='ocr_carea' id='block_1_45' title="bbox 277 2990 1830 3061">
    <p class='ocr_par' dir='ltr' id='par_1_45' title="bbox 277 2990 1830 3061">
     <span class='ocr_line' id='line_1_45' title="bbox 277 2990 1830 3061; baseline -0.001 -17"><span class='ocrx_word' id='word_1_314' title='bbox 277 2990 434 3045; x_wconf 79' lang='grc' dir='ltr'>Ἀλλὰ</span> <span class='ocrx_word' id='word_1_315' title='bbox 457 2992 508 3045; x_wconf 87' lang='grc' dir='ltr'><strong>τί</strong></span> <span class='ocrx_word' id='word_1_316' title='bbox 523 2990 701 3060; x_wconf 75' lang='grc' dir='ltr'>λέγεις</span> <span class='ocrx_word' id='word_1_317' title='bbox 722 2993 987 3046; x_wconf 74' lang='grc' dir='ltr'>’Ἄκουσον</span> <span class='ocrx_word' id='word_1_318' title='bbox 1004 3007 1017 3020; x_wconf 90' lang='grc'><strong>·</strong></span> <span class='ocrx_word' id='word_1_319' title='bbox 1047 2991 1172 3044; x_wconf 81' lang='grc' dir='ltr'><strong>Ἐὰν</strong></span> <span class='ocrx_word' id='word_1_320' title='bbox 1193 2991 1480 3060; x_wconf 78' lang='grc' dir='ltr'>ἁδικηθῇς,</span> <span class='ocrx_word' id='word_1_321' title='bbox 1505 2990 1798 3061; x_wconf 84' lang='grc' dir='ltr'>ὑπόμεινον</span> <span class='ocrx_word' id='word_1_322' title='bbox 1815 3005 1830 3021; x_wconf 78' lang='grc' dir='ltr'><strong>ο</strong></span> 
     </span>
    </p>
   </div>
   <div class='ocr_carea' id='block_1_46' title="bbox 274 3077 1834 3150">
    <p class='ocr_par' dir='ltr' id='par_1_46' title="bbox 274 3077 1834 3150">
     <span class='ocr_line' id='line_1_46' title="bbox 274 3077 1834 3150; baseline -0.001 -16"><span class='ocrx_word' id='word_1_323' title='bbox 274 3081 412 3136; x_wconf 75' lang='grc' dir='ltr'><strong>Ἐάν</strong></span> <span class='ocrx_word' id='word_1_324' title='bbox 433 3099 522 3148; x_wconf 82' lang='grc' dir='ltr'><strong>τις</strong></span> <span class='ocrx_word' id='word_1_325' title='bbox 554 3082 791 3150; x_wconf 61' lang='lat' dir='ltr'><strong>partem</strong></span> <span class='ocrx_word' id='word_1_326' title='bbox 830 3082 947 3150; x_wconf 80' lang='grc' dir='ltr'><strong>τὴν</strong></span> <span class='ocrx_word' id='word_1_327' title='bbox 974 3079 1181 3146; x_wconf 77' lang='grc' dir='ltr'>δεξιάν</span> <span class='ocrx_word' id='word_1_328' title='bbox 1204 3095 1322 3135; x_wconf 83' lang='grc' dir='ltr'>σου</span> <span class='ocrx_word' id='word_1_329' title='bbox 1360 3080 1636 3149; x_wconf 78' lang='grc' dir='ltr'>σιαγόνα,</span> <span class='ocrx_word' id='word_1_330' title='bbox 1661 3077 1834 3148; x_wconf 80' lang='grc' dir='ltr'>στρέ-</span> 
     </span>
    </p>
   </div>
   <div class='ocr_carea' id='block_1_47' title="bbox 260 3170 1834 3242">
    <p class='ocr_par' dir='ltr' id='par_1_47' title="bbox 260 3170 1834 3242">
     <span class='ocr_line' id='line_1_47' title="bbox 260 3170 1834 3242; baseline 0 -17"><span class='ocrx_word' id='word_1_331' title='bbox 260 3176 387 3242; x_wconf 69' lang='grc' dir='ltr'><strong>ψον</strong></span> <span class='ocrx_word' id='word_1_332' title='bbox 404 3170 566 3238; x_wconf 82' lang='grc' dir='ltr'>αὐτῷ</span> <span class='ocrx_word' id='word_1_333' title='bbox 590 3171 690 3226; x_wconf 81' lang='grc' dir='ltr'><strong>καί</strong></span> <span class='ocrx_word' id='word_1_334' title='bbox 733 3171 846 3240; x_wconf 78' lang='grc' dir='ltr'>τὴν</span> <span class='ocrx_word' id='word_1_335' title='bbox 886 3171 1118 3242; x_wconf 57' lang='lat' dir='ltr'><strong>dum“</strong></span> <span class='ocrx_word' id='word_1_336' title='bbox 1153 3171 1262 3226; x_wconf 76' lang='grc' dir='ltr'><strong>ἐάν</strong></span> <span class='ocrx_word' id='word_1_337' title='bbox 1310 3173 1401 3238; x_wconf 83' lang='grc' dir='ltr'>τις</span> <span class='ocrx_word' id='word_1_338' title='bbox 1430 3186 1504 3226; x_wconf 81' lang='grc' dir='ltr'><strong>σε</strong></span> <span class='ocrx_word' id='word_1_339' title='bbox 1534 3172 1834 3242; x_wconf 74' lang='grc' dir='ltr'>ἀγγαρεύῃ</span> 
     </span>
    </p>
   </div>
   <div class='ocr_carea' id='block_1_48' title="bbox 257 3263 1834 3334">
    <p class='ocr_par' dir='ltr' id='par_1_48' title="bbox 257 3263 1834 3334">
     <span class='ocr_line' id='line_1_48' title="bbox 257 3263 1834 3334; baseline -0.002 -16"><span class='ocrx_word' id='word_1_340' title='bbox 257 3267 466 3334; x_wconf 73' lang='grc' dir='ltr'>μίλιον</span> <span class='ocrx_word' id='word_1_341' title='bbox 492 3263 583 3330; x_wconf 76' lang='grc' dir='ltr'><strong>ἓν,</strong></span> <span class='ocrx_word' id='word_1_342' title='bbox 615 3264 810 3334; x_wconf 74' lang='grc' dir='ltr'>ὕπατε</span> <span class='ocrx_word' id='word_1_343' title='bbox 827 3263 960 3319; x_wconf 76' lang='grc' dir='ltr'>δύο.</span> <span class='ocrx_word' id='word_1_344' title='bbox 998 3263 1184 3316; x_wconf 82' lang='grc' dir='ltr'>Ταῦτα</span> <span class='ocrx_word' id='word_1_345' title='bbox 1221 3263 1375 3334; x_wconf 80' lang='grc' dir='ltr'>παρὰ</span> <span class='ocrx_word' id='word_1_346' title='bbox 1402 3263 1499 3329; x_wconf 76' lang='grc' dir='ltr'>τοῦ</span> <span class='ocrx_word' id='word_1_347' title='bbox 1533 3264 1834 3333; x_wconf 86' lang='grc' dir='ltr'>ὀμοπίστου</span> 
     </span>
    </p>
   </div>
   <div class='ocr_carea' id='block_1_49' title="bbox 263 3354 1838 3427">
    <p class='ocr_par' dir='ltr' id='par_1_49' title="bbox 263 3354 1838 3427">
     <span class='ocr_line' id='line_1_49' title="bbox 263 3354 1838 3427; baseline -0.002 -17"><span class='ocrx_word' id='word_1_348' title='bbox 263 3357 556 3427; x_wconf 84' lang='grc' dir='ltr'>ὑπομεῖναι</span> <span class='ocrx_word' id='word_1_349' title='bbox 581 3355 757 3421; x_wconf 75' lang='grc' dir='ltr'>οὐδεὶς</span> <span class='ocrx_word' id='word_1_350' title='bbox 793 3356 904 3410; x_wconf 86' lang='grc' dir='ltr'><strong>τῶν</strong></span> <span class='ocrx_word' id='word_1_351' title='bbox 934 3354 1279 3425; x_wconf 85' lang='grc' dir='ltr'>Χριστιανῶν</span> <span class='ocrx_word' id='word_1_352' title='bbox 1299 3355 1681 3425; x_wconf 81' lang='grc' dir='ltr'>καταδέχεται.</span> <span class='ocrx_word' id='word_1_353' title='bbox 1719 3355 1838 3424; x_wconf 80' lang='grc' dir='ltr'><strong>’Δφ’</strong></span> 
     </span>
    </p>
   </div>
   <div class='ocr_carea' id='block_1_50' title="bbox 260 3441 1834 3519">
    <p class='ocr_par' dir='ltr' id='par_1_50' title="bbox 260 3441 1834 3519">
     <span class='ocr_line' id='line_1_50' title="bbox 260 3441 1834 3519; baseline -0.003 -18"><span class='ocrx_word' id='word_1_354' title='bbox 260 3441 323 3502; x_wconf 77' lang='grc' dir='ltr'>οὖ</span> <span class='ocrx_word' id='word_1_355' title='bbox 345 3447 402 3501; x_wconf 77' lang='grc' dir='ltr'><strong>δὲ</strong></span> <span class='ocrx_word' id='word_1_356' title='bbox 442 3446 676 3517; x_wconf 84' lang='grc' dir='ltr'>ἐπῆλθεν</span> <span class='ocrx_word' id='word_1_357' title='bbox 709 3447 842 3519; x_wconf 84' lang='grc' dir='ltr'>ήμῖν</span> <span class='ocrx_word' id='word_1_358' title='bbox 868 3448 897 3500; x_wconf 89' lang='grc' dir='ltr'><strong>ό</strong></span> <span class='ocrx_word' id='word_1_359' title='bbox 925 3447 1094 3518; x_wconf 78' lang='grc' dir='ltr'>βαρὺς</span> <span class='ocrx_word' id='word_1_360' title='bbox 1117 3441 1281 3515; x_wconf 80' lang='grc' dir='ltr'>ζυγὸς</span> <span class='ocrx_word' id='word_1_361' title='bbox 1309 3445 1420 3498; x_wconf 88' lang='grc' dir='ltr'><strong>τῶν</strong></span> <span class='ocrx_word' id='word_1_362' title='bbox 1452 3444 1834 3516; x_wconf 83' lang='grc' dir='ltr'>Ἰσμαηλιτῶν,</span> 
     </span>
    </p>
   </div>
   <div class='ocr_carea' id='block_1_51' title="bbox 262 3534 1836 3610">
    <p class='ocr_par' dir='ltr' id='par_1_51' title="bbox 262 3534 1836 3610">
     <span class='ocr_line' id='line_1_51' title="bbox 262 3534 1836 3610; baseline -0.002 -18"><span class='ocrx_word' id='word_1_363' title='bbox 262 3537 672 3609; x_wconf 76' lang='grc' dir='ltr'>κατεδεξάμεθα</span> <span class='ocrx_word' id='word_1_364' title='bbox 699 3537 906 3601; x_wconf 78' lang='grc' dir='ltr'>τούτων</span> <span class='ocrx_word' id='word_1_365' title='bbox 951 3537 1229 3610; x_wconf 83' lang='grc' dir='ltr'>βαρύτερα</span> <span class='ocrx_word' id='word_1_366' title='bbox 1265 3536 1577 3603; x_wconf 83' lang='grc' dir='ltr'>ἀκούοντες,</span> <span class='ocrx_word' id='word_1_367' title='bbox 1633 3536 1726 3590; x_wconf 79' lang='grc' dir='ltr'>καὶ</span> <span class='ocrx_word' id='word_1_368' title='bbox 1761 3534 1836 3606; x_wconf 81' lang='grc' dir='ltr'>μὴ</span> 
     </span>
    </p>
   </div>
   <div class='ocr_carea' id='block_1_52' title="bbox 262 3627 1837 3704">
    <p class='ocr_par' dir='ltr' id='par_1_52' title="bbox 262 3627 1837 3704">
     <span class='ocr_line' id='line_1_52' title="bbox 262 3627 1837 3704; baseline -0.003 -20"><span class='ocrx_word' id='word_1_369' title='bbox 262 3629 578 3702; x_wconf 83' lang='grc' dir='ltr'>βουλόμενοι</span> <span class='ocrx_word' id='word_1_370' title='bbox 612 3632 907 3704; x_wconf 80' lang='grc' dir='ltr'>ὑπομεῖναι</span> <span class='ocrx_word' id='word_1_371' title='bbox 934 3647 948 3661; x_wconf 77' lang='grc' dir='ltr'><strong><em>ο</em></strong></span> <span class='ocrx_word' id='word_1_372' title='bbox 978 3633 1028 3686; x_wconf 88' lang='grc' dir='ltr'><strong>εί</strong></span> <span class='ocrx_word' id='word_1_373' title='bbox 1073 3630 1183 3702; x_wconf 77' lang='grc' dir='ltr'>γὰρ</span> <span class='ocrx_word' id='word_1_374' title='bbox 1213 3629 1583 3701; x_wconf 74' lang='grc' dir='ltr'>ὑπομένωμεν</span> <span class='ocrx_word' id='word_1_375' title='bbox 1610 3627 1837 3682; x_wconf 76' lang='grc' dir='ltr'>τοιαῦτα</span> 
     </span>
    </p>
   </div>
   <div class='ocr_carea' id='block_1_53' title="bbox 261 3719 1836 3793">
    <p class='ocr_par' dir='ltr' id='par_1_53' title="bbox 261 3719 1836 3793">
     <span class='ocr_line' id='line_1_53' title="bbox 261 3719 1836 3793; baseline 0 -21"><span class='ocrx_word' id='word_1_376' title='bbox 261 3719 366 3773; x_wconf 77' lang='grc' dir='ltr'><strong>ὑπὸ</strong></span> <span class='ocrx_word' id='word_1_377' title='bbox 392 3720 503 3774; x_wconf 89' lang='grc' dir='ltr'><strong>τῶν</strong></span> <span class='ocrx_word' id='word_1_378' title='bbox 529 3721 860 3793; x_wconf 85' lang='grc' dir='ltr'>όμοπίστων,</span> <span class='ocrx_word' id='word_1_379' title='bbox 886 3721 1109 3776; x_wconf 85' lang='grc' dir='ltr'>πλείονα</span> <span class='ocrx_word' id='word_1_380' title='bbox 1130 3722 1198 3776; x_wconf 84' lang='grc' dir='ltr'>ἂν</span> <span class='ocrx_word' id='word_1_381' title='bbox 1235 3722 1428 3788; x_wconf 84' lang='grc' dir='ltr'>μισθὸν</span> <span class='ocrx_word' id='word_1_382' title='bbox 1445 3721 1685 3792; x_wconf 77' lang='grc' dir='ltr'>ἔχοιμεν.</span> <span class='ocrx_word' id='word_1_383' title='bbox 1712 3720 1836 3773; x_wconf 79' lang='grc' dir='ltr'><strong>Ὀτι</strong></span> 
     </span>
    </p>
   </div>
   <div class='ocr_carea' id='block_1_54' title="bbox 260 3809 1836 3886">
    <p class='ocr_par' dir='ltr' id='par_1_54' title="bbox 260 3809 1836 3886">
     <span class='ocr_line' id='line_1_54' title="bbox 260 3809 1836 3886; baseline -0.002 -19"><span class='ocrx_word' id='word_1_384' title='bbox 260 3814 589 3886; x_wconf 78' lang='grc' dir='ltr'>Χριστιανὸς</span> <span class='ocrx_word' id='word_1_385' title='bbox 618 3815 712 3870; x_wconf 72' lang='grc' dir='ltr'><strong>ἐὰν</strong></span> <span class='ocrx_word' id='word_1_386' title='bbox 744 3813 980 3886; x_wconf 83' lang='grc' dir='ltr'>ἀδικήσῃ</span> <span class='ocrx_word' id='word_1_387' title='bbox 1024 3811 1168 3879; x_wconf 82' lang='grc' dir='ltr'>τινὰ,</span> <span class='ocrx_word' id='word_1_388' title='bbox 1217 3811 1454 3884; x_wconf 79' lang='grc' dir='ltr'>τριπλῆν</span> <span class='ocrx_word' id='word_1_389' title='bbox 1486 3811 1583 3884; x_wconf 80' lang='grc' dir='ltr'><strong>τὴν</strong></span> <span class='ocrx_word' id='word_1_390' title='bbox 1629 3809 1836 3882; x_wconf 79' lang='grc' dir='ltr'>ζημίαν</span> 
     </span>
    </p>
   </div>
   <div class='ocr_carea' id='block_1_55' title="bbox 261 3903 1835 3977">
    <p class='ocr_par' dir='ltr' id='par_1_55' title="bbox 261 3903 1835 3977">
     <span class='ocr_line' id='line_1_55' title="bbox 261 3903 1835 3977; baseline -0.003 -18"><span class='ocrx_word' id='word_1_391' title='bbox 261 3905 525 3976; x_wconf 76' lang='grc' dir='ltr'>ὑπομένει</span> <span class='ocrx_word' id='word_1_392' title='bbox 551 3922 564 3936; x_wconf 92' lang='grc'><strong>·</strong></span> <span class='ocrx_word' id='word_1_393' title='bbox 595 3905 717 3960; x_wconf 81' lang='grc' dir='ltr'><strong>οὐδὲ</strong></span> <span class='ocrx_word' id='word_1_394' title='bbox 743 3906 854 3977; x_wconf 84' lang='grc' dir='ltr'><strong>γάρ</strong></span> <span class='ocrx_word' id='word_1_395' title='bbox 901 3905 961 3959; x_wconf 76' lang='grc' dir='ltr'>τὸ</span> <span class='ocrx_word' id='word_1_396' title='bbox 989 3904 1245 3977; x_wconf 83' lang='grc' dir='ltr'>δεύτερον</span> <span class='ocrx_word' id='word_1_397' title='bbox 1296 3905 1549 3976; x_wconf 80' lang='grc' dir='ltr'>ῥάπισμα</span> <span class='ocrx_word' id='word_1_398' title='bbox 1593 3903 1835 3974; x_wconf 73' lang='grc' dir='ltr'>δέχεται,</span> 
     </span>
    </p>
   </div>
   <div class='ocr_carea' id='block_1_56' title="bbox 255 3995 1320 4067">
    <p class='ocr_par' dir='ltr' id='par_1_56' title="bbox 255 3995 1320 4067">
     <span class='ocr_line' id='line_1_56' title="bbox 255 3995 1320 4067; baseline -0.005 -15"><span class='ocrx_word' id='word_1_399' title='bbox 255 3995 375 4052; x_wconf 77' lang='grc' dir='ltr'>ἀλλ’</span> <span class='ocrx_word' id='word_1_400' title='bbox 405 3996 568 4061; x_wconf 78' lang='grc' dir='ltr'>αὐτὸς</span> <span class='ocrx_word' id='word_1_401' title='bbox 597 3996 756 4052; x_wconf 78' lang='grc' dir='ltr'>ἄλλον</span> <span class='ocrx_word' id='word_1_402' title='bbox 784 3996 1042 4067; x_wconf 81' lang='grc' dir='ltr'>ἀδικῆσαι</span> <span class='ocrx_word' id='word_1_403' title='bbox 1070 3995 1266 4067; x_wconf 81' lang='grc' dir='ltr'>τολμᾷ.</span> <span class='ocrx_word' id='word_1_404' title='bbox 1312 4023 1320 4031; x_wconf 85' lang='lat'><strong>~</strong></span> 
     </span>
    </p>
   </div>
   <div class='ocr_carea' id='block_1_57' title="bbox 261 4087 630 4142">
    <p class='ocr_par' dir='ltr' id='par_1_57' title="bbox 261 4087 630 4142">
     <span class='ocr_line' id='line_1_57' title="bbox 261 4087 630 4142; baseline 0 0"><span class='ocrx_word' id='word_1_405' title='bbox 261 4087 564 4142; x_wconf 83' lang='lat' dir='ltr'><strong>mercedem</strong></span> <span class='ocrx_word' id='word_1_406' title='bbox 615 4103 630 4142; x_wconf 93' lang='lat'><strong>:</strong></span> 
     </span>
    </p>
   </div>
   <div class='ocr_carea' id='block_1_58' title="bbox 690 4081 2719 4156">
    <p class='ocr_par' dir='ltr' id='par_1_58' title="bbox 690 4081 2719 4156">
     <span class='ocr_line' id='line_1_58' title="bbox 690 4081 2719 4156; baseline -0 -19"><span class='ocrx_word' id='word_1_407' title='bbox 690 4087 818 4156; x_wconf 86' lang='lat' dir='ltr'><strong>quia</strong></span> <span class='ocrx_word' id='word_1_408' title='bbox 881 4086 926 4140; x_wconf 91' lang='lat' dir='ltr'><strong>si</strong></span> <span class='ocrx_word' id='word_1_409' title='bbox 989 4100 1150 4155; x_wconf 88' lang='lat' dir='ltr'><strong>quem</strong></span> <span class='ocrx_word' id='word_1_410' title='bbox 1202 4083 1547 4140; x_wconf 86' lang='lat' dir='ltr'><strong>Christianus</strong></span> <span class='ocrx_word' id='word_1_411' title='bbox 1591 4081 1816 4151; x_wconf 79' lang='lat' dir='ltr'><strong>laeserit,</strong></span> <span class='ocrx_word' id='word_1_412' title='bbox 1873 4082 2142 4152; x_wconf 86' lang='lat' dir='ltr'><strong>triplicem</strong></span> <span class='ocrx_word' id='word_1_413' title='bbox 2188 4081 2426 4137; x_wconf 82' lang='lat' dir='ltr'><strong>sustinet</strong></span> <span class='ocrx_word' id='word_1_414' title='bbox 2495 4081 2719 4136; x_wconf 87' lang='lat' dir='ltr'><strong>multam</strong></span> 
     </span>
    </p>
   </div>
   <div class='ocr_carea' id='block_1_59' title="bbox 1937 1885 3510 1962">
    <p class='ocr_par' dir='ltr' id='par_1_59' title="bbox 1937 1885 3510 1962">
     <span class='ocr_line' id='line_1_59' title="bbox 1937 1885 3510 1962; baseline 0.003 -23"><span class='ocrx_word' id='word_1_415' title='bbox 1937 1885 2068 1939; x_wconf 84' lang='lat' dir='ltr'><strong>nihil</strong></span> <span class='ocrx_word' id='word_1_416' title='bbox 2099 1895 2340 1962; x_wconf 83' lang='lat' dir='ltr'><strong>noverat,</strong></span> <span class='ocrx_word' id='word_1_417' title='bbox 2370 1886 2474 1940; x_wconf 89' lang='lat' dir='ltr'><strong>nisi</strong></span> <span class='ocrx_word' id='word_1_418' title='bbox 2505 1886 2807 1950; x_wconf 83' lang='lat' dir='ltr'><strong>Christum,</strong></span> <span class='ocrx_word' id='word_1_419' title='bbox 2859 1896 2913 1941; x_wconf 91' lang='lat' dir='ltr'><strong>et</strong></span> <span class='ocrx_word' id='word_1_420' title='bbox 2962 1901 3084 1941; x_wconf 91' lang='lat' dir='ltr'><strong>eum</strong></span> <span class='ocrx_word' id='word_1_421' title='bbox 3119 1890 3268 1944; x_wconf 90' lang='lat' dir='ltr'><strong>cruci</strong></span> <span class='ocrx_word' id='word_1_422' title='bbox 3295 1889 3510 1944; x_wconf 62' lang='lat' dir='ltr'><strong>aditum</strong></span> 
     </span>
    </p>
   </div>
   <div class='ocr_carea' id='block_1_60' title="bbox 1933 1969 3514 2053">
    <p class='ocr_par' dir='ltr' id='par_1_60' title="bbox 1933 1969 3514 2053">
     <span class='ocr_line' id='line_1_60' title="bbox 1933 1969 3514 2053; baseline 0.003 -23"><span class='ocrx_word' id='word_1_423' title='bbox 1933 1969 2332 2046; x_wconf 80' lang='lat' dir='ltr'><strong>ignominiaque</strong></span> <span class='ocrx_word' id='word_1_424' title='bbox 2359 1977 2608 2032; x_wconf 66' lang='lat' dir='ltr'><strong>allectum</strong></span> <span class='ocrx_word' id='word_1_425' title='bbox 2639 1979 2681 2040; x_wconf 82' lang='grc'>²,</span> <span class='ocrx_word' id='word_1_426' title='bbox 2703 1988 2754 2032; x_wconf 90' lang='lat' dir='ltr'><strong>et</strong></span> <span class='ocrx_word' id='word_1_427' title='bbox 2780 1979 3030 2031; x_wconf 81' lang='lat' dir='ltr'><strong>credidit.</strong></span> <span class='ocrx_word' id='word_1_428' title='bbox 3071 1980 3320 2050; x_wconf 82' lang='lat' dir='ltr'><strong>Magnum</strong></span> <span class='ocrx_word' id='word_1_429' title='bbox 3352 1983 3514 2053; x_wconf 70' lang='lat' dir='ltr'><strong>igil‘ur</strong></span> 
     </span>
    </p>
   </div>
   <div class='ocr_carea' id='block_1_61' title="bbox 1917 2069 3507 2139">
    <p class='ocr_par' dir='ltr' id='par_1_61' title="bbox 1917 2069 3507 2139">
     <span class='ocr_line' id='line_1_61' title="bbox 1917 2069 3507 2139; baseline 0.003 -17"><span class='ocrx_word' id='word_1_430' title='bbox 1917 2069 2225 2123; x_wconf 73' lang='lat' dir='ltr'><strong>discrimen</strong></span> <span class='ocrx_word' id='word_1_431' title='bbox 2277 2078 2359 2123; x_wconf 85' lang='lat' dir='ltr'><strong>est</strong></span> <span class='ocrx_word' id='word_1_432' title='bbox 2410 2069 2784 2136; x_wconf 70' lang='lat' dir='ltr'><strong>mqualitatis,</strong></span> <span class='ocrx_word' id='word_1_433' title='bbox 2834 2069 2917 2123; x_wconf 88' lang='lat' dir='ltr'><strong>vis</strong></span> <span class='ocrx_word' id='word_1_434' title='bbox 2973 2069 3286 2139; x_wconf 75' lang='lat' dir='ltr'><strong>iuzequalis,</strong></span> <span class='ocrx_word' id='word_1_435' title='bbox 3339 2077 3507 2128; x_wconf 82' lang='lat' dir='ltr'><strong>animi</strong></span> 
     </span>
    </p>
   </div>
   <div class='ocr_carea' id='block_1_62' title="bbox 1934 2159 3510 2228">
    <p class='ocr_par' dir='ltr' id='par_1_62' title="bbox 1934 2159 3510 2228">
     <span class='ocr_line' id='line_1_62' title="bbox 1934 2159 3510 2228; baseline 0.004 -15"><span class='ocrx_word' id='word_1_436' title='bbox 1934 2161 2186 2214; x_wconf 67' lang='lat' dir='ltr'><strong>morbi&#39;et</strong></span> <span class='ocrx_word' id='word_1_437' title='bbox 2211 2160 2456 2228; x_wconf 90' lang='lat' dir='ltr'><strong>corporis</strong></span> <span class='ocrx_word' id='word_1_438' title='bbox 2479 2159 2796 2213; x_wconf 88' lang='lat' dir='ltr'><strong>dissimilis:</strong></span> <span class='ocrx_word' id='word_1_439' title='bbox 2820 2174 2994 2228; x_wconf 89' lang='lat' dir='ltr'><strong>neque</strong></span> <span class='ocrx_word' id='word_1_440' title='bbox 3019 2162 3161 2215; x_wconf 87' lang='lat' dir='ltr'><strong>enim</strong></span> <span class='ocrx_word' id='word_1_441' title='bbox 3178 2165 3281 2216; x_wconf 79' lang='lat' dir='ltr'><strong>alia</strong></span> <span class='ocrx_word' id='word_1_442' title='bbox 3314 2169 3510 2220; x_wconf 83' lang='lat' dir='ltr'><strong>virtute</strong></span> 
     </span>
    </p>
   </div>
   <div class='ocr_carea' id='block_1_63' title="bbox 1934 2249 3510 2320">
    <p class='ocr_par' dir='ltr' id='par_1_63' title="bbox 1934 2249 3510 2320">
     <span class='ocr_line' id='line_1_63' title="bbox 1934 2249 3510 2320; baseline 0.006 -17"><span class='ocrx_word' id='word_1_443' title='bbox 1934 2249 2072 2304; x_wconf 85' lang='lat' dir='ltr'><strong>latro</strong></span> <span class='ocrx_word' id='word_1_444' title='bbox 2106 2249 2204 2304; x_wconf 82' lang='lat' dir='ltr'><strong>fuit</strong></span> <span class='ocrx_word' id='word_1_445' title='bbox 2247 2251 2522 2320; x_wconf 66' lang='lat' dir='ltr'><strong>praeditus,</strong></span> <span class='ocrx_word' id='word_1_446' title='bbox 2568 2250 2672 2304; x_wconf 88' lang='lat' dir='ltr'><strong>nisi</strong></span> <span class='ocrx_word' id='word_1_447' title='bbox 2708 2250 2852 2319; x_wconf 90' lang='lat' dir='ltr'><strong>quod</strong></span> <span class='ocrx_word' id='word_1_448' title='bbox 2905 2253 3125 2316; x_wconf 79' lang='lat' dir='ltr'><strong>dixerit,</strong></span> <span class='ocrx_word' id='word_1_449' title='bbox 3186 2255 3358 2309; x_wconf 82' lang='lat' dir='ltr'><strong>solum</strong></span> <span class='ocrx_word' id='word_1_450' title='bbox 3410 2261 3510 2312; x_wconf 82' lang='lat' dir='ltr'><strong>hoc</strong></span> 
     </span>
    </p>
   </div>
   <div class='ocr_carea' id='block_1_64' title="bbox 1934 2341 3510 2415">
    <p class='ocr_par' dir='ltr' id='par_1_64' title="bbox 1934 2341 3510 2415">
     <span class='ocr_line' id='line_1_64' title="bbox 1934 2341 3510 2415; baseline 0.004 -19"><span class='ocrx_word' id='word_1_451' title='bbox 1934 2342 2218 2408; x_wconf 72' lang='lat' dir='ltr'><strong>duntaxat,</strong></span> <span class='ocrx_word' id='word_1_452' title='bbox 2241 2341 2498 2396; x_wconf 80' lang='lat' dir='ltr'><strong>Memento</strong></span> <span class='ocrx_word' id='word_1_453' title='bbox 2529 2344 2652 2408; x_wconf 83' lang='lat' dir='ltr'><strong>mei,</strong></span> <span class='ocrx_word' id='word_1_454' title='bbox 2687 2341 2924 2408; x_wconf 82' lang='lat' dir='ltr'><strong>Domine,</strong></span> <span class='ocrx_word' id='word_1_455' title='bbox 2957 2343 3008 2397; x_wconf 86' lang='lat' dir='ltr'><strong>in</strong></span> <span class='ocrx_word' id='word_1_456' title='bbox 3032 2361 3185 2414; x_wconf 77' lang='lat' dir='ltr'><strong>regno</strong></span> <span class='ocrx_word' id='word_1_457' title='bbox 3205 2357 3294 2400; x_wconf 86' lang='lat' dir='ltr'><strong>tuo</strong></span> <span class='ocrx_word' id='word_1_458' title='bbox 3321 2349 3360 2402; x_wconf 88' lang='grc'><strong>³.</strong></span> <span class='ocrx_word' id='word_1_459' title='bbox 3378 2349 3510 2415; x_wconf 90' lang='lat' dir='ltr'><strong>Qui-</strong></span> 
     </span>
    </p>
   </div>
   <div class='ocr_carea' id='block_1_65' title="bbox 1934 2435 3512 2506">
    <p class='ocr_par' dir='ltr' id='par_1_65' title="bbox 1934 2435 3512 2506">
     <span class='ocr_line' id='line_1_65' title="bbox 1934 2435 3512 2506; baseline 0.006 -19"><span class='ocrx_word' id='word_1_460' title='bbox 1934 2448 2147 2502; x_wconf 90' lang='lat' dir='ltr'><strong>cunque</strong></span> <span class='ocrx_word' id='word_1_461' title='bbox 2174 2449 2325 2504; x_wconf 74' lang='lat' dir='ltr'><strong>ergo,</strong></span> <span class='ocrx_word' id='word_1_462' title='bbox 2360 2435 2610 2505; x_wconf 88' lang='lat' dir='ltr'><strong>discipuli</strong></span> <span class='ocrx_word' id='word_1_463' title='bbox 2646 2436 2851 2490; x_wconf 81' lang='lat' dir='ltr'><strong>Christi</strong></span> <span class='ocrx_word' id='word_1_464' title='bbox 2903 2452 3026 2491; x_wconf 91' lang='lat' dir='ltr'><strong>cum</strong></span> <span class='ocrx_word' id='word_1_465' title='bbox 3056 2440 3196 2506; x_wconf 79' lang='lat' dir='ltr'><strong>silis,</strong></span> <span class='ocrx_word' id='word_1_466' title='bbox 3229 2442 3390 2496; x_wconf 77' lang='lat' dir='ltr'><strong>etiam</strong></span> <span class='ocrx_word' id='word_1_467' title='bbox 3421 2460 3512 2499; x_wconf 82' lang='lat' dir='ltr'><strong>co-</strong></span> 
     </span>
    </p>
   </div>
   <div class='ocr_carea' id='block_1_66' title="bbox 1934 2524 3509 2606">
    <p class='ocr_par' dir='ltr' id='par_1_66' title="bbox 1934 2524 3509 2606">
     <span class='ocr_line' id='line_1_66' title="bbox 1934 2524 3509 2606; baseline 0.007 -28"><span class='ocrx_word' id='word_1_468' title='bbox 1934 2524 2176 2579; x_wconf 71' lang='lat' dir='ltr'><strong>literedes</strong></span> <span class='ocrx_word' id='word_1_469' title='bbox 2201 2527 2317 2595; x_wconf 83' lang='lat' dir='ltr'><strong>ejus</strong></span> <span class='ocrx_word' id='word_1_470' title='bbox 2334 2525 2456 2580; x_wconf 89' lang='lat' dir='ltr'><strong>licri</strong></span> <span class='ocrx_word' id='word_1_471' title='bbox 2491 2530 2748 2596; x_wconf 88' lang='lat' dir='ltr'><strong>speratis,</strong></span> <span class='ocrx_word' id='word_1_472' title='bbox 2777 2538 2834 2581; x_wconf 90' lang='lat' dir='ltr'><strong>ut</strong></span> <span class='ocrx_word' id='word_1_473' title='bbox 2865 2529 2951 2606; x_wconf 76' lang='lat' dir='ltr'><strong>tali</strong></span> <span class='ocrx_word' id='word_1_474' title='bbox 2979 2530 3083 2584; x_wconf 86' lang='lat' dir='ltr'><strong>llde</strong></span> <span class='ocrx_word' id='word_1_475' title='bbox 3115 2533 3239 2587; x_wconf 80' lang='lat' dir='ltr'><strong>sitis</strong></span> <span class='ocrx_word' id='word_1_476' title='bbox 3277 2537 3509 2603; x_wconf 67' lang='lat' dir='ltr'><strong>praediti,</strong></span> 
     </span>
    </p>
   </div>
   <div class='ocr_carea' id='block_1_67' title="bbox 1935 2617 3512 2692">
    <p class='ocr_par' dir='ltr' id='par_1_67' title="bbox 1935 2617 3512 2692">
     <span class='ocr_line' id='line_1_67' title="bbox 1935 2617 3512 2692; baseline 0.006 -21"><span class='ocrx_word' id='word_1_477' title='bbox 1935 2617 2265 2680; x_wconf 87' lang='lat' dir='ltr'><strong>contendite,</strong></span> <span class='ocrx_word' id='word_1_478' title='bbox 2291 2626 2345 2671; x_wconf 90' lang='lat' dir='ltr'><strong>et</strong></span> <span class='ocrx_word' id='word_1_479' title='bbox 2371 2633 2582 2672; x_wconf 89' lang='lat' dir='ltr'><strong>morum</strong></span> <span class='ocrx_word' id='word_1_480' title='bbox 2618 2620 2834 2687; x_wconf 76' lang='lat' dir='ltr'><strong>piorum</strong></span> <span class='ocrx_word' id='word_1_481' title='bbox 2871 2636 3038 2690; x_wconf 87' lang='lat' dir='ltr'><strong>opera</strong></span> <span class='ocrx_word' id='word_1_482' title='bbox 3072 2634 3348 2692; x_wconf 67' lang='lat' dir='ltr'><strong>praestate.</strong></span> <span class='ocrx_word' id='word_1_483' title='bbox 3386 2626 3512 2681; x_wconf 80' lang='lat' dir='ltr'><strong>Etc-</strong></span> 
     </span>
    </p>
   </div>
   <div class='ocr_carea' id='block_1_68' title="bbox 1936 2709 3511 2783">
    <p class='ocr_par' dir='ltr' id='par_1_68' title="bbox 1936 2709 3511 2783">
     <span class='ocr_line' id='line_1_68' title="bbox 1936 2709 3511 2783; baseline 0.006 -21"><span class='ocrx_word' id='word_1_484' title='bbox 1936 2709 2047 2762; x_wconf 88' lang='lat' dir='ltr'><strong>nim</strong></span> <span class='ocrx_word' id='word_1_485' title='bbox 2080 2709 2258 2763; x_wconf 90' lang='lat' dir='ltr'><strong>omnis</strong></span> <span class='ocrx_word' id='word_1_486' title='bbox 2293 2709 2502 2764; x_wconf 85' lang='lat' dir='ltr'><strong>lustrali</strong></span> <span class='ocrx_word' id='word_1_487' title='bbox 2535 2710 2880 2779; x_wconf 86' lang='lat' dir='ltr'><strong>baptismatis</strong></span> <span class='ocrx_word' id='word_1_488' title='bbox 2919 2728 3056 2783; x_wconf 80' lang='lat' dir='ltr'><strong>aqua</strong></span> <span class='ocrx_word' id='word_1_489' title='bbox 3086 2714 3286 2771; x_wconf 85' lang='lat' dir='ltr'><strong>tinctus</strong></span> <span class='ocrx_word' id='word_1_490' title='bbox 3330 2719 3380 2772; x_wconf 88' lang='lat' dir='ltr'><strong>iu</strong></span> <span class='ocrx_word' id='word_1_491' title='bbox 3411 2735 3511 2772; x_wconf 80' lang='lat' dir='ltr'><strong>uo-</strong></span> 
     </span>
    </p>
   </div>
   <div class='ocr_carea' id='block_1_69' title="bbox 1938 2800 3512 2875">
    <p class='ocr_par' dir='ltr' id='par_1_69' title="bbox 1938 2800 3512 2875">
     <span class='ocr_line' id='line_1_69' title="bbox 1938 2800 3512 2875; baseline 0.006 -19"><span class='ocrx_word' id='word_1_492' title='bbox 1938 2805 2079 2856; x_wconf 88' lang='lat' dir='ltr'><strong>mine</strong></span> <span class='ocrx_word' id='word_1_493' title='bbox 2105 2800 2303 2867; x_wconf 83' lang='lat' dir='ltr'><strong>Patris,</strong></span> <span class='ocrx_word' id='word_1_494' title='bbox 2337 2811 2392 2856; x_wconf 86' lang='lat' dir='ltr'><strong>et</strong></span> <span class='ocrx_word' id='word_1_495' title='bbox 2413 2801 2574 2866; x_wconf 87' lang='lat' dir='ltr'><strong>Filii,</strong></span> <span class='ocrx_word' id='word_1_496' title='bbox 2612 2812 2665 2858; x_wconf 90' lang='lat' dir='ltr'><strong>et</strong></span> <span class='ocrx_word' id='word_1_497' title='bbox 2697 2803 2934 2875; x_wconf 90' lang='lat' dir='ltr'><strong>Spiritus</strong></span> <span class='ocrx_word' id='word_1_498' title='bbox 2972 2807 3147 2862; x_wconf 88' lang='lat' dir='ltr'><strong>sancti</strong></span> <span class='ocrx_word' id='word_1_499' title='bbox 3177 2825 3191 2872; x_wconf 90' lang='lat'>;</span> <span class='ocrx_word' id='word_1_500' title='bbox 3224 2818 3277 2863; x_wconf 89' lang='lat' dir='ltr'><strong>et</strong></span> <span class='ocrx_word' id='word_1_501' title='bbox 3317 2810 3512 2865; x_wconf 64' lang='lat' dir='ltr'><strong>divinat</strong></span> 
     </span>
    </p>
   </div>
   <div class='ocr_carea' id='block_1_70' title="bbox 1936 2893 3510 2969">
    <p class='ocr_par' dir='ltr' id='par_1_70' title="bbox 1936 2893 3510 2969">
     <span class='ocr_line' id='line_1_70' title="bbox 1936 2893 3510 2969; baseline 0.005 -23"><span class='ocrx_word' id='word_1_502' title='bbox 1936 2893 2342 2948; x_wconf 88' lang='lat' dir='ltr'><strong>communionis</strong></span> <span class='ocrx_word' id='word_1_503' title='bbox 2381 2895 2808 2963; x_wconf 88' lang='lat' dir='ltr'><strong>participatione</strong></span> <span class='ocrx_word' id='word_1_504' title='bbox 2864 2897 3163 2951; x_wconf 72' lang='lat' dir='ltr'><strong>honoratus</strong></span> <span class='ocrx_word' id='word_1_505' title='bbox 3191 2939 3206 2964; x_wconf 92' lang='lat'><strong>,</strong></span> <span class='ocrx_word' id='word_1_506' title='bbox 3251 2901 3510 2969; x_wconf 73' lang='lat' dir='ltr'><strong>patientia</strong></span> 
     </span>
    </p>
   </div>
   <div class='ocr_carea' id='block_1_71' title="bbox 1938 2983 3513 3063">
    <p class='ocr_par' dir='ltr' id='par_1_71' title="bbox 1938 2983 3513 3063">
     <span class='ocr_line' id='line_1_71' title="bbox 1938 2983 3513 3063; baseline 0.006 -26"><span class='ocrx_word' id='word_1_507' title='bbox 1938 2983 2240 3040; x_wconf 82' lang='lat' dir='ltr'><strong>instructus</strong></span> <span class='ocrx_word' id='word_1_508' title='bbox 2289 2999 2411 3041; x_wconf 90' lang='lat' dir='ltr'><strong>esse</strong></span> <span class='ocrx_word' id='word_1_509' title='bbox 2434 2986 2606 3040; x_wconf 83' lang='lat' dir='ltr'><strong>debet</strong></span> <span class='ocrx_word' id='word_1_510' title='bbox 2635 3002 2649 3038; x_wconf 90' lang='lat'><strong>:</strong></span> <span class='ocrx_word' id='word_1_511' title='bbox 2685 2988 2953 3056; x_wconf 86' lang='lat' dir='ltr'><strong>siquidem</strong></span> <span class='ocrx_word' id='word_1_512' title='bbox 2987 2999 3236 3045; x_wconf 86' lang='lat' dir='ltr'><strong>sanctqu</strong></span> <span class='ocrx_word' id='word_1_513' title='bbox 3267 2990 3513 3063; x_wconf 77' lang='lat' dir='ltr'><strong>Evange-</strong></span> 
     </span>
    </p>
   </div>
   <div class='ocr_carea' id='block_1_72' title="bbox 1936 3073 3516 3152">
    <p class='ocr_par' dir='ltr' id='par_1_72' title="bbox 1936 3073 3516 3152">
     <span class='ocr_line' id='line_1_72' title="bbox 1936 3073 3516 3152; baseline 0.006 -25"><span class='ocrx_word' id='word_1_514' title='bbox 1936 3073 2069 3129; x_wconf 88' lang='lat' dir='ltr'><strong>lium</strong></span> <span class='ocrx_word' id='word_1_515' title='bbox 2101 3090 2206 3130; x_wconf 89' lang='lat' dir='ltr'><strong>non</strong></span> <span class='ocrx_word' id='word_1_516' title='bbox 2259 3075 2428 3132; x_wconf 86' lang='lat' dir='ltr'><strong>dicit:</strong></span> <span class='ocrx_word' id='word_1_517' title='bbox 2473 3075 2552 3131; x_wconf 82' lang='lat' dir='ltr'><strong>Ne</strong></span> <span class='ocrx_word' id='word_1_518' title='bbox 2591 3077 2843 3146; x_wconf 87' lang='lat' dir='ltr'><strong>iujuriam</strong></span> <span class='ocrx_word' id='word_1_519' title='bbox 2875 3079 3078 3135; x_wconf 81' lang='lat' dir='ltr'><strong>inferas</strong></span> <span class='ocrx_word' id='word_1_520' title='bbox 3107 3097 3122 3134; x_wconf 91' lang='lat'><strong>:</strong></span> <span class='ocrx_word' id='word_1_521' title='bbox 3157 3097 3226 3136; x_wconf 90' lang='lat' dir='ltr'><strong>ne</strong></span> <span class='ocrx_word' id='word_1_522' title='bbox 3252 3083 3516 3152; x_wconf 76' lang='lat' dir='ltr'><strong>impingas</strong></span> 
     </span>
    </p>
   </div>
   <div class='ocr_carea' id='block_1_73' title="bbox 1937 3151 3516 3243">
    <p class='ocr_par' dir='ltr' id='par_1_73' title="bbox 1937 3151 3516 3243">
     <span class='ocr_line' id='line_1_73' title="bbox 1937 3151 3516 3243; baseline 0.006 -23"><span class='ocrx_word' id='word_1_523' title='bbox 1937 3151 2168 3236; x_wconf 83' lang='lat' dir='ltr'><strong>alapam.</strong></span> <span class='ocrx_word' id='word_1_524' title='bbox 2210 3166 2348 3222; x_wconf 72' lang='lat' dir='ltr'><strong>Non.</strong></span> <span class='ocrx_word' id='word_1_525' title='bbox 2389 3168 2594 3224; x_wconf 64' lang='lat' dir='ltr'><strong>Verum</strong></span> <span class='ocrx_word' id='word_1_526' title='bbox 2640 3169 2768 3239; x_wconf 88' lang='lat' dir='ltr'><strong>quid</strong></span> <span class='ocrx_word' id='word_1_527' title='bbox 2827 3171 2942 3224; x_wconf 82' lang='lat' dir='ltr'><strong>ait?</strong></span> <span class='ocrx_word' id='word_1_528' title='bbox 2998 3172 3134 3226; x_wconf 84' lang='lat' dir='ltr'><strong>Audi</strong></span> <span class='ocrx_word' id='word_1_529' title='bbox 3177 3187 3192 3225; x_wconf 92' lang='lat'><strong>:</strong></span> <span class='ocrx_word' id='word_1_530' title='bbox 3231 3173 3287 3227; x_wconf 92' lang='lat' dir='ltr'><strong>Si</strong></span> <span class='ocrx_word' id='word_1_531' title='bbox 3323 3151 3516 3243; x_wconf 80' lang='lat' dir='ltr'><strong>injuria</strong></span> 
     </span>
    </p>
   </div>
   <div class='ocr_carea' id='block_1_74' title="bbox 1934 3256 3515 3331">
    <p class='ocr_par' dir='ltr' id='par_1_74' title="bbox 1934 3256 3515 3331">
     <span class='ocr_line' id='line_1_74' title="bbox 1934 3256 3515 3331; baseline 0.006 -21"><span class='ocrx_word' id='word_1_532' title='bbox 1934 3256 2098 3312; x_wconf 71' lang='lat' dir='ltr'><strong>liBSllS</strong></span> <span class='ocrx_word' id='word_1_533' title='bbox 2133 3257 2324 3322; x_wconf 78' lang='lat' dir='ltr'><strong>fueris,</strong></span> <span class='ocrx_word' id='word_1_534' title='bbox 2359 3257 2547 3330; x_wconf 68' lang='lat' dir='ltr'><strong>sulfer,</strong></span> <span class='ocrx_word' id='word_1_535' title='bbox 2585 3271 2773 3328; x_wconf 83' lang='lat' dir='ltr'><strong>patere</strong></span> <span class='ocrx_word' id='word_1_536' title='bbox 2803 3278 2817 3313; x_wconf 88' lang='lat'><strong>:</strong></span> <span class='ocrx_word' id='word_1_537' title='bbox 2873 3263 2936 3317; x_wconf 80' lang='lat' dir='ltr'><strong>Si</strong></span> <span class='ocrx_word' id='word_1_538' title='bbox 2973 3263 3095 3331; x_wconf 79' lang='lat' dir='ltr'><strong>quis</strong></span> <span class='ocrx_word' id='word_1_539' title='bbox 3132 3273 3180 3316; x_wconf 86' lang='lat' dir='ltr'><strong>te</strong></span> <span class='ocrx_word' id='word_1_540' title='bbox 3202 3268 3515 3331; x_wconf 69' lang='lat' dir='ltr'><strong>percusserit</strong></span> 
     </span>
    </p>
   </div>
   <div class='ocr_carea' id='block_1_75' title="bbox 1935 3346 3513 3420">
    <p class='ocr_par' dir='ltr' id='par_1_75' title="bbox 1935 3346 3513 3420">
     <span class='ocr_line' id='line_1_75' title="bbox 1935 3346 3513 3420; baseline 0.008 -21"><span class='ocrx_word' id='word_1_541' title='bbox 1935 3346 1990 3399; x_wconf 81' lang='lat' dir='ltr'><strong>in</strong></span> <span class='ocrx_word' id='word_1_542' title='bbox 2018 3347 2286 3400; x_wconf 77' lang='lat' dir='ltr'><strong>dexteram</strong></span> <span class='ocrx_word' id='word_1_543' title='bbox 2340 3348 2618 3401; x_wconf 73' lang='lat' dir='ltr'><strong>maxillam</strong></span> <span class='ocrx_word' id='word_1_544' title='bbox 2668 3359 2837 3414; x_wconf 86' lang='lat' dir='ltr'><strong>tuam,</strong></span> <span class='ocrx_word' id='word_1_545' title='bbox 2873 3352 3047 3420; x_wconf 71' lang='lat' dir='ltr'><strong>pra&#39;be</strong></span> <span class='ocrx_word' id='word_1_546' title='bbox 3077 3353 3156 3406; x_wconf 79' lang='lat' dir='ltr'><strong>illi</strong></span> <span class='ocrx_word' id='word_1_547' title='bbox 3190 3364 3238 3408; x_wconf 80' lang='lat' dir='ltr'><strong>et</strong></span> <span class='ocrx_word' id='word_1_548' title='bbox 3265 3355 3513 3413; x_wconf 75' lang='lat' dir='ltr'><strong>alterunt.</strong></span> 
     </span>
    </p>
   </div>
   <div class='ocr_carea' id='block_1_76' title="bbox 1936 3435 3516 3509">
    <p class='ocr_par' dir='ltr' id='par_1_76' title="bbox 1936 3435 3516 3509">
     <span class='ocr_line' id='line_1_76' title="bbox 1936 3435 3516 3509; baseline 0.007 -19"><span class='ocrx_word' id='word_1_549' title='bbox 1936 3435 2136 3506; x_wconf 77' lang='lat' dir='ltr'><strong>Siquis</strong></span> <span class='ocrx_word' id='word_1_550' title='bbox 2173 3439 2608 3507; x_wconf 64' lang='lat' dir='ltr'><strong>teangariaverit</strong></span> <span class='ocrx_word' id='word_1_551' title='bbox 2642 3439 2787 3494; x_wconf 84' lang='lat' dir='ltr'><strong>mille</strong></span> <span class='ocrx_word' id='word_1_552' title='bbox 2835 3457 3044 3509; x_wconf 74' lang='lat' dir='ltr'><strong>passm,</strong></span> <span class='ocrx_word' id='word_1_553' title='bbox 3104 3446 3234 3498; x_wconf 78' lang='lat' dir='ltr'><strong>unde</strong></span> <span class='ocrx_word' id='word_1_554' title='bbox 3267 3463 3383 3499; x_wconf 77' lang='grc' dir='ltr'>σιιιιι</span> <span class='ocrx_word' id='word_1_555' title='bbox 3421 3448 3516 3502; x_wconf 79' lang='lat' dir='ltr'><strong>illo</strong></span> 
     </span>
    </p>
   </div>
   <div class='ocr_carea' id='block_1_77' title="bbox 1934 3528 3518 3598">
    <p class='ocr_par' dir='ltr' id='par_1_77' title="bbox 1934 3528 3518 3598">
     <span class='ocr_line' id='line_1_77' title="bbox 1934 3528 3518 3598; baseline 0.007 -16"><span class='ocrx_word' id='word_1_556' title='bbox 1934 3536 1984 3582; x_wconf 82' lang='lat' dir='ltr'><strong>et</strong></span> <span class='ocrx_word' id='word_1_557' title='bbox 2007 3529 2121 3582; x_wconf 85' lang='lat' dir='ltr'><strong>alia</strong></span> <span class='ocrx_word' id='word_1_558' title='bbox 2163 3530 2268 3582; x_wconf 85' lang='lat' dir='ltr'><strong>duo</strong></span> <span class='ocrx_word' id='word_1_559' title='bbox 2291 3528 2332 3582; x_wconf 73' lang='lat'><strong>&quot;.</strong></span> <span class='ocrx_word' id='word_1_560' title='bbox 2393 3529 2556 3598; x_wconf 85' lang='lat' dir='ltr'><strong>Atqui</strong></span> <span class='ocrx_word' id='word_1_561' title='bbox 2591 3531 2704 3584; x_wconf 69' lang='lat' dir='ltr'><strong>haec</strong></span> <span class='ocrx_word' id='word_1_562' title='bbox 2733 3531 2803 3586; x_wconf 87' lang='lat' dir='ltr'><strong>ab</strong></span> <span class='ocrx_word' id='word_1_563' title='bbox 2857 3531 3096 3598; x_wconf 85' lang='lat' dir='ltr'><strong>ejusdem</strong></span> <span class='ocrx_word' id='word_1_564' title='bbox 3141 3535 3262 3590; x_wconf 86' lang='lat' dir='ltr'><strong>lldci</strong></span> <span class='ocrx_word' id='word_1_565' title='bbox 3309 3537 3518 3593; x_wconf 89' lang='lat' dir='ltr'><strong>cultore</strong></span> 
     </span>
    </p>
   </div>
   <div class='ocr_carea' id='block_1_78' title="bbox 1943 3620 3514 3693">
    <p class='ocr_par' dir='ltr' id='par_1_78' title="bbox 1943 3620 3514 3693">
     <span class='ocr_line' id='line_1_78' title="bbox 1943 3620 3514 3693; baseline 0.004 -17"><span class='ocrx_word' id='word_1_566' title='bbox 1943 3621 2176 3693; x_wconf 88' lang='lat' dir='ltr'><strong>perpeti,</strong></span> <span class='ocrx_word' id='word_1_567' title='bbox 2211 3621 2390 3676; x_wconf 89' lang='lat' dir='ltr'><strong>nullus</strong></span> <span class='ocrx_word' id='word_1_568' title='bbox 2439 3620 2876 3677; x_wconf 79' lang='lat' dir='ltr'><strong>Christianorum</strong></span> <span class='ocrx_word' id='word_1_569' title='bbox 2928 3626 3188 3680; x_wconf 87' lang='lat' dir='ltr'><strong>admittit.</strong></span> <span class='ocrx_word' id='word_1_570' title='bbox 3223 3627 3422 3683; x_wconf 85' lang='lat' dir='ltr'><strong>Verum</strong></span> <span class='ocrx_word' id='word_1_571' title='bbox 3448 3645 3514 3683; x_wconf 80' lang='lat' dir='ltr'><strong>ex</strong></span> 
     </span>
    </p>
   </div>
   <div class='ocr_carea' id='block_1_79' title="bbox 1935 3703 3517 3790">
    <p class='ocr_par' dir='ltr' id='par_1_79' title="bbox 1935 3703 3517 3790">
     <span class='ocr_line' id='line_1_79' title="bbox 1935 3703 3517 3790; baseline 0.006 -23"><span class='ocrx_word' id='word_1_572' title='bbox 1935 3730 2043 3784; x_wconf 92' lang='lat' dir='ltr'><strong>quo</strong></span> <span class='ocrx_word' id='word_1_573' title='bbox 2071 3725 2311 3784; x_wconf 85' lang='lat' dir='ltr'><strong>tempore</strong></span> <span class='ocrx_word' id='word_1_574' title='bbox 2343 3728 2509 3785; x_wconf 74' lang='lat' dir='ltr'><strong>grave</strong></span> <span class='ocrx_word' id='word_1_575' title='bbox 2527 3715 2718 3784; x_wconf 74' lang='lat' dir='ltr'><strong>iugum</strong></span> <span class='ocrx_word' id='word_1_576' title='bbox 2753 3703 3144 3772; x_wconf 63' lang='lat' dir='ltr'><strong>lismaelitarum</strong></span> <span class='ocrx_word' id='word_1_577' title='bbox 3177 3735 3274 3774; x_wconf 89' lang='lat' dir='ltr'><strong>nos</strong></span> <span class='ocrx_word' id='word_1_578' title='bbox 3299 3735 3517 3790; x_wconf 81' lang='lat' dir='ltr'><strong>oppres-</strong></span> 
     </span>
    </p>
   </div>
   <div class='ocr_carea' id='block_1_80' title="bbox 1934 3805 3513 3875">
    <p class='ocr_par' dir='ltr' id='par_1_80' title="bbox 1934 3805 3513 3875">
     <span class='ocr_line' id='line_1_80' title="bbox 1934 3805 3513 3875; baseline 0.004 -11"><span class='ocrx_word' id='word_1_579' title='bbox 1934 3808 2028 3874; x_wconf 86' lang='lat' dir='ltr'><strong>sit,</strong></span> <span class='ocrx_word' id='word_1_580' title='bbox 2078 3807 2166 3862; x_wconf 86' lang='lat' dir='ltr'><strong>his</strong></span> <span class='ocrx_word' id='word_1_581' title='bbox 2212 3806 2464 3875; x_wconf 74' lang='lat' dir='ltr'><strong>graviora</strong></span> <span class='ocrx_word' id='word_1_582' title='bbox 2512 3805 2822 3870; x_wconf 82' lang='lat' dir='ltr'><strong>admittere,</strong></span> <span class='ocrx_word' id='word_1_583' title='bbox 2861 3809 3068 3872; x_wconf 87' lang='lat' dir='ltr'><strong>audire,</strong></span> <span class='ocrx_word' id='word_1_584' title='bbox 3127 3819 3182 3868; x_wconf 85' lang='lat' dir='ltr'><strong>et</strong></span> <span class='ocrx_word' id='word_1_585' title='bbox 3242 3812 3324 3866; x_wconf 84' lang='lat' dir='ltr'><strong>vel</strong></span> <span class='ocrx_word' id='word_1_586' title='bbox 3359 3815 3513 3870; x_wconf 87' lang='lat' dir='ltr'><strong>inviti</strong></span> 
     </span>
    </p>
   </div>
   <div class='ocr_carea' id='block_1_81' title="bbox 1936 3897 3512 3973">
    <p class='ocr_par' dir='ltr' id='par_1_81' title="bbox 1936 3897 3512 3973">
     <span class='ocr_line' id='line_1_81' title="bbox 1936 3897 3512 3973; baseline 0.005 -20"><span class='ocrx_word' id='word_1_587' title='bbox 1936 3897 2167 3954; x_wconf 88' lang='lat' dir='ltr'><strong>tolerare</strong></span> <span class='ocrx_word' id='word_1_588' title='bbox 2185 3899 2452 3969; x_wconf 77' lang='lat' dir='ltr'><strong>cogimur.</strong></span> <span class='ocrx_word' id='word_1_589' title='bbox 2488 3897 2700 3952; x_wconf 86' lang='lat' dir='ltr'><strong>Etenim</strong></span> <span class='ocrx_word' id='word_1_590' title='bbox 2738 3897 2786 3953; x_wconf 90' lang='lat' dir='ltr'><strong>si</strong></span> <span class='ocrx_word' id='word_1_591' title='bbox 2817 3899 2933 3954; x_wconf 63' lang='lat' dir='ltr'><strong>hac</strong></span> <span class='ocrx_word' id='word_1_592' title='bbox 2971 3909 3286 3969; x_wconf 87' lang='lat' dir='ltr'><strong>pateremur</strong></span> <span class='ocrx_word' id='word_1_593' title='bbox 3326 3905 3394 3960; x_wconf 89' lang='lat' dir='ltr'><strong>ab</strong></span> <span class='ocrx_word' id='word_1_594' title='bbox 3426 3908 3512 3973; x_wconf 83' lang='lat' dir='ltr'><strong>iis,</strong></span> 
     </span>
    </p>
   </div>
   <div class='ocr_carea' id='block_1_82' title="bbox 1933 3989 3514 4062">
    <p class='ocr_par' dir='ltr' id='par_1_82' title="bbox 1933 3989 3514 4062">
     <span class='ocr_line' id='line_1_82' title="bbox 1933 3989 3514 4062; baseline 0.004 -17"><span class='ocrx_word' id='word_1_595' title='bbox 1933 3991 2028 4062; x_wconf 90' lang='lat' dir='ltr'><strong>qui</strong></span> <span class='ocrx_word' id='word_1_596' title='bbox 2062 3989 2310 4046; x_wconf 86' lang='lat' dir='ltr'><strong>eamdem</strong></span> <span class='ocrx_word' id='word_1_597' title='bbox 2341 3990 2528 4046; x_wconf 85' lang='lat' dir='ltr'><strong>colunt</strong></span> <span class='ocrx_word' id='word_1_598' title='bbox 2576 3989 2771 4057; x_wconf 81' lang='lat' dir='ltr'><strong>ﬁdem,</strong></span> <span class='ocrx_word' id='word_1_599' title='bbox 2832 3990 3092 4060; x_wconf 82' lang='lat' dir='ltr'><strong>majorem</strong></span> <span class='ocrx_word' id='word_1_600' title='bbox 3143 3997 3514 4052; x_wconf 86' lang='lat' dir='ltr'><strong>obtineremus</strong></span> 
     </span>
    </p>
   </div>
   <div class='ocr_carea' id='block_1_83' title="bbox 2782 4086 3511 4143">
    <p class='ocr_par' dir='ltr' id='par_1_83' title="bbox 2782 4086 3511 4143">
     <span class='ocr_line' id='line_1_83' title="bbox 2782 4086 3511 4143; baseline 0.005 -5"><span class='ocrx_word' id='word_1_601' title='bbox 2782 4105 2794 4138; x_wconf 89' lang='lat'><strong>:</strong></span> <span class='ocrx_word' id='word_1_602' title='bbox 2856 4100 2962 4139; x_wconf 87' lang='lat' dir='ltr'><strong>non</strong></span> <span class='ocrx_word' id='word_1_603' title='bbox 3019 4086 3164 4139; x_wconf 88' lang='lat' dir='ltr'><strong>enim</strong></span> <span class='ocrx_word' id='word_1_604' title='bbox 3215 4090 3511 4143; x_wconf 83' lang='lat' dir='ltr'><strong>secumlum</strong></span> 
     </span>
    </p>
   </div>
   <div class='ocr_carea' id='block_1_84' title="bbox 255 4177 2046 4250">
    <p class='ocr_par' dir='ltr' id='par_1_84' title="bbox 255 4177 2046 4250">
     <span class='ocr_line' id='line_1_84' title="bbox 255 4177 2046 4250; baseline 0.001 -19"><span class='ocrx_word' id='word_1_605' title='bbox 255 4179 542 4250; x_wconf 83' lang='lat' dir='ltr'><strong>colaphum</strong></span> <span class='ocrx_word' id='word_1_606' title='bbox 575 4179 834 4245; x_wconf 86' lang='lat' dir='ltr'><strong>admittit,</strong></span> <span class='ocrx_word' id='word_1_607' title='bbox 868 4180 966 4235; x_wconf 85' lang='lat' dir='ltr'><strong>sed</strong></span> <span class='ocrx_word' id='word_1_608' title='bbox 997 4182 1110 4249; x_wconf 88' lang='lat' dir='ltr'><strong>ipse</strong></span> <span class='ocrx_word' id='word_1_609' title='bbox 1135 4179 1360 4234; x_wconf 89' lang='lat' dir='ltr'><strong>alterum</strong></span> <span class='ocrx_word' id='word_1_610' title='bbox 1392 4177 1827 4249; x_wconf 82' lang='lat' dir='ltr'><strong>injuria-allicere</strong></span> <span class='ocrx_word' id='word_1_611' title='bbox 1864 4177 2046 4232; x_wconf 87' lang='lat' dir='ltr'><strong>audet.</strong></span> 
     </span>
    </p>
   </div>
   <div class='ocr_carea' id='block_1_85' title="bbox 328 4266 1930 4344">
    <p class='ocr_par' dir='ltr' id='par_1_85' title="bbox 328 4266 1930 4344">
     <span class='ocr_line' id='line_1_85' title="bbox 328 4266 1930 4344; baseline 0.002 -20"><span class='ocrx_word' id='word_1_612' title='bbox 328 4274 402 4326; x_wconf 80' lang='lat' dir='ltr'><strong>A&#39;.</strong></span> <span class='ocrx_word' id='word_1_613' title='bbox 430 4269 526 4326; x_wconf 76' lang='grc' dir='ltr'>Δεῖ</span> <span class='ocrx_word' id='word_1_614' title='bbox 550 4266 646 4327; x_wconf 79' lang='grc' dir='ltr'><strong>οὗν</strong></span> <span class='ocrx_word' id='word_1_615' title='bbox 677 4271 860 4327; x_wconf 86' lang='grc' dir='ltr'>πάντα</span> <span class='ocrx_word' id='word_1_616' title='bbox 881 4271 1212 4344; x_wconf 82' lang='grc' dir='ltr'>Χριστιανὸν</span> <span class='ocrx_word' id='word_1_617' title='bbox 1232 4271 1326 4325; x_wconf 70' lang='grc' dir='ltr'>ἐπὶ</span> <span class='ocrx_word' id='word_1_618' title='bbox 1357 4273 1540 4324; x_wconf 81' lang='grc' dir='ltr'>πᾶσαν</span> <span class='ocrx_word' id='word_1_619' title='bbox 1556 4269 1833 4342; x_wconf 72' lang='grc' dir='ltr'>ἁμαρτίαν</span> <span class='ocrx_word' id='word_1_620' title='bbox 1916 4316 1930 4327; x_wconf 88' lang='grc'><strong>.</strong></span> 
     </span>
    </p>
   </div>
   <div class='ocr_carea' id='block_1_86' title="bbox 2012 4268 3513 4336">
    <p class='ocr_par' dir='ltr' id='par_1_86' title="bbox 2012 4268 3513 4336">
     <span class='ocr_line' id='line_1_86' title="bbox 2012 4268 3513 4336; baseline 0.003 -12"><span class='ocrx_word' id='word_1_621' title='bbox 2012 4268 2104 4325; x_wconf 82' lang='lat' dir='ltr'><strong>1V.</strong></span> <span class='ocrx_word' id='word_1_622' title='bbox 2147 4268 2418 4336; x_wconf 85' lang='lat' dir='ltr'><strong>Quocirca</strong></span> <span class='ocrx_word' id='word_1_623' title='bbox 2487 4283 2584 4336; x_wconf 84' lang='lat' dir='ltr'><strong>par</strong></span> <span class='ocrx_word' id='word_1_624' title='bbox 2657 4277 2739 4324; x_wconf 90' lang='lat' dir='ltr'><strong>est</strong></span> <span class='ocrx_word' id='word_1_625' title='bbox 2804 4268 3172 4324; x_wconf 85' lang='lat' dir='ltr'><strong>Christianum</strong></span> <span class='ocrx_word' id='word_1_626' title='bbox 3213 4271 3281 4325; x_wconf 91' lang='lat' dir='ltr'><strong>ob</strong></span> <span class='ocrx_word' id='word_1_627' title='bbox 3326 4289 3513 4328; x_wconf 88' lang='lat' dir='ltr'><strong>unum-</strong></span> 
     </span>
    </p>
   </div>
   <div class='ocr_carea' id='block_1_87' title="bbox 259 4360 1853 4436">
    <p class='ocr_par' dir='ltr' id='par_1_87' title="bbox 259 4361 1834 4436">
     <span class='ocr_line' id='line_1_87' title="bbox 259 4361 1834 4436; baseline -0.002 -18"><span class='ocrx_word' id='word_1_628' title='bbox 259 4366 495 4418; x_wconf 84' lang='grc' dir='ltr'>πάντοτε</span> <span class='ocrx_word' id='word_1_629' title='bbox 525 4367 812 4436; x_wconf 84' lang='grc' dir='ltr'>μετανοεῖν</span> <span class='ocrx_word' id='word_1_630' title='bbox 840 4364 922 4436; x_wconf 79' lang='grc' dir='ltr'>τῷ</span> <span class='ocrx_word' id='word_1_631' title='bbox 949 4364 1072 4435; x_wconf 85' lang='grc' dir='ltr'>Θεῷ</span> <span class='ocrx_word' id='word_1_632' title='bbox 1116 4363 1379 4435; x_wconf 86' lang='grc' dir='ltr'>γνησίως,</span> <span class='ocrx_word' id='word_1_633' title='bbox 1416 4361 1526 4432; x_wconf 77' lang='grc' dir='ltr'><strong>πρὸ</strong></span> <span class='ocrx_word' id='word_1_634' title='bbox 1553 4363 1652 4431; x_wconf 79' lang='grc' dir='ltr'>τῆς</span> <span class='ocrx_word' id='word_1_635' title='bbox 1685 4363 1834 4415; x_wconf 79' lang='grc' dir='ltr'>ἀπα-</span> 
     </span>
    </p>
   </div>
   <div class='ocr_carea' id='block_1_88' title="bbox 1938 4360 3510 4436">
    <p class='ocr_par' dir='ltr' id='par_1_88' title="bbox 1938 4360 3510 4434">
     <span class='ocr_line' id='line_1_88' title="bbox 1938 4360 3510 4434; baseline 0.002 -19"><span class='ocrx_word' id='word_1_636' title='bbox 1938 4363 2192 4432; x_wconf 91' lang='lat' dir='ltr'><strong>quodque</strong></span> <span class='ocrx_word' id='word_1_637' title='bbox 2255 4370 2538 4428; x_wconf 88' lang='lat' dir='ltr'><strong>erratum,</strong></span> <span class='ocrx_word' id='word_1_638' title='bbox 2601 4360 2975 4430; x_wconf 71' lang='lat' dir='ltr'><strong>pmnitcntiam</strong></span> <span class='ocrx_word' id='word_1_639' title='bbox 3030 4377 3138 4415; x_wconf 82' lang='lat' dir='ltr'><strong>non</strong></span> <span class='ocrx_word' id='word_1_640' title='bbox 3189 4363 3312 4418; x_wconf 80' lang='lat' dir='ltr'><strong>ﬁcte</strong></span> <span class='ocrx_word' id='word_1_641' title='bbox 3371 4369 3510 4434; x_wconf 83' lang='lat' dir='ltr'><strong>apud</strong></span> 
     </span>
    </p>
   </div>
   <div class='ocr_carea' id='block_1_89' title="bbox 261 4452 1840 4529">
    <p class='ocr_par' dir='ltr' id='par_1_89' title="bbox 261 4452 1840 4529">
     <span class='ocr_line' id='line_1_89' title="bbox 261 4452 1840 4529; baseline -0.002 -19"><span class='ocrx_word' id='word_1_642' title='bbox 261 4457 519 4529; x_wconf 84' lang='grc' dir='ltr'>ραιτήτου</span> <span class='ocrx_word' id='word_1_643' title='bbox 555 4457 887 4526; x_wconf 77' lang='grc' dir='ltr'>ἀποφάσεως</span> <span class='ocrx_word' id='word_1_644' title='bbox 915 4455 1010 4510; x_wconf 85' lang='grc' dir='ltr'><strong>τοῦ</strong></span> <span class='ocrx_word' id='word_1_645' title='bbox 1032 4455 1289 4521; x_wconf 86' lang='grc' dir='ltr'>θανάτου,</span> <span class='ocrx_word' id='word_1_646' title='bbox 1326 4455 1425 4510; x_wconf 74' lang='grc' dir='ltr'>καὶ</span> <span class='ocrx_word' id='word_1_647' title='bbox 1455 4454 1532 4525; x_wconf 83' lang='grc' dir='ltr'>μὴ</span> <span class='ocrx_word' id='word_1_648' title='bbox 1557 4452 1840 4524; x_wconf 86' lang='grc' dir='ltr'>πλανηθῆ-</span> 
     </span>
    </p>
   </div>
   <div class='ocr_carea' id='block_1_90' title="bbox 261 4543 1836 4620">
    <p class='ocr_par' dir='ltr' id='par_1_90' title="bbox 261 4543 1836 4620">
     <span class='ocr_line' id='line_1_90' title="bbox 261 4543 1836 4620; baseline -0.002 -19"><span class='ocrx_word' id='word_1_649' title='bbox 261 4566 348 4604; x_wconf 78' lang='grc' dir='ltr'><strong>ναι</strong></span> <span class='ocrx_word' id='word_1_650' title='bbox 369 4552 438 4619; x_wconf 79' lang='grc' dir='ltr'>τῇ</span> <span class='ocrx_word' id='word_1_651' title='bbox 469 4549 658 4620; x_wconf 78' lang='grc' dir='ltr'>ἀπάτῃ</span> <span class='ocrx_word' id='word_1_652' title='bbox 681 4549 777 4602; x_wconf 82' lang='grc' dir='ltr'>τοῦ</span> <span class='ocrx_word' id='word_1_653' title='bbox 811 4548 929 4620; x_wconf 86' lang='grc' dir='ltr'>βίου</span> <span class='ocrx_word' id='word_1_654' title='bbox 958 4548 1178 4603; x_wconf 82' lang='grc' dir='ltr'>τούτου.</span> <span class='ocrx_word' id='word_1_655' title='bbox 1213 4545 1490 4617; x_wconf 79' lang='grc' dir='ltr'>Ὡμοιώθη</span> <span class='ocrx_word' id='word_1_656' title='bbox 1527 4546 1636 4616; x_wconf 83' lang='grc' dir='ltr'><strong>γὰρ</strong></span> <span class='ocrx_word' id='word_1_657' title='bbox 1661 4547 1696 4616; x_wconf 93' lang='grc' dir='ltr'><strong>ή</strong></span> <span class='ocrx_word' id='word_1_658' title='bbox 1723 4543 1836 4616; x_wconf 82' lang='grc' dir='ltr'><strong>ζωὴ</strong></span> 
     </span>
    </p>
   </div>
   <div class='ocr_carea' id='block_1_91' title="bbox 256 4629 1835 4714">
    <p class='ocr_par' dir='ltr' id='par_1_91' title="bbox 256 4629 1835 4714">
     <span class='ocr_line' id='line_1_91' title="bbox 256 4629 1835 4714; baseline -0.004 -18"><span class='ocrx_word' id='word_1_659' title='bbox 256 4629 417 4714; x_wconf 71' lang='grc' dir='ltr'>ἡμῶν</span> <span class='ocrx_word' id='word_1_660' title='bbox 449 4645 510 4696; x_wconf 93' lang='grc' dir='ltr'><strong>ἐν</strong></span> <span class='ocrx_word' id='word_1_661' title='bbox 542 4643 678 4713; x_wconf 84' lang='grc' dir='ltr'>τῷδε</span> <span class='ocrx_word' id='word_1_662' title='bbox 701 4641 778 4713; x_wconf 83' lang='grc' dir='ltr'><strong>τῷ</strong></span> <span class='ocrx_word' id='word_1_663' title='bbox 811 4641 912 4713; x_wconf 83' lang='grc' dir='ltr'><strong>βίῳ</strong></span> <span class='ocrx_word' id='word_1_664' title='bbox 939 4641 1218 4713; x_wconf 82' lang='grc' dir='ltr'>ἀνθρώπῳ</span> <span class='ocrx_word' id='word_1_665' title='bbox 1244 4641 1532 4710; x_wconf 85' lang='grc' dir='ltr'>οἰκήσαντι</span> <span class='ocrx_word' id='word_1_666' title='bbox 1570 4639 1629 4690; x_wconf 82' lang='grc' dir='ltr'><strong>ἐν</strong></span> <span class='ocrx_word' id='word_1_667' title='bbox 1676 4638 1835 4708; x_wconf 79' lang='grc' dir='ltr'>αὐλῇ,</span> 
     </span>
    </p>
   </div>
   <div class='ocr_carea' id='block_1_92' title="bbox 262 4727 1838 4803">
    <p class='ocr_par' dir='ltr' id='par_1_92' title="bbox 262 4727 1838 4803">
     <span class='ocr_line' id='line_1_92' title="bbox 262 4727 1838 4803; baseline -0.004 -18"><span class='ocrx_word' id='word_1_668' title='bbox 262 4732 402 4803; x_wconf 82' lang='grc' dir='ltr'>μετὰ</span> <span class='ocrx_word' id='word_1_669' title='bbox 429 4731 527 4800; x_wconf 85' lang='grc' dir='ltr'>τῆς</span> <span class='ocrx_word' id='word_1_670' title='bbox 555 4731 693 4794; x_wconf 77' lang='grc' dir='ltr'>ιδίας</span> <span class='ocrx_word' id='word_1_671' title='bbox 720 4731 982 4799; x_wconf 84' lang='grc' dir='ltr'>γυναικὸς</span> <span class='ocrx_word' id='word_1_672' title='bbox 1011 4731 1107 4785; x_wconf 81' lang='grc' dir='ltr'>καὶ</span> <span class='ocrx_word' id='word_1_673' title='bbox 1156 4728 1488 4800; x_wconf 83' lang='grc' dir='ltr'>μονογενοῦς</span> <span class='ocrx_word' id='word_1_674' title='bbox 1522 4727 1716 4782; x_wconf 82' lang='grc' dir='ltr'>τέκνου</span> <span class='ocrx_word' id='word_1_675' title='bbox 1743 4727 1838 4780; x_wconf 77' lang='grc' dir='ltr'>καὶ</span> 
     </span>
    </p>
   </div>
   <div class='ocr_carea' id='block_1_93' title="bbox 256 4812 1836 4894">
    <p class='ocr_par' dir='ltr' id='par_1_93' title="bbox 256 4812 1836 4894">
     <span class='ocr_line' id='line_1_93' title="bbox 256 4812 1836 4894; baseline -0.006 -16"><span class='ocrx_word' id='word_1_676' title='bbox 256 4812 446 4878; x_wconf 79' lang='grc' dir='ltr'>δούλου</span> <span class='ocrx_word' id='word_1_677' title='bbox 476 4824 632 4886; x_wconf 81' lang='grc' dir='ltr'>ἐνός·</span> <span class='ocrx_word' id='word_1_678' title='bbox 663 4824 723 4875; x_wconf 90' lang='grc' dir='ltr'><strong>ἐν</strong></span> <span class='ocrx_word' id='word_1_679' title='bbox 823 4821 962 4892; x_wconf 76' lang='grc' dir='ltr'>αὒλῇ</span> <span class='ocrx_word' id='word_1_680' title='bbox 996 4817 1064 4893; x_wconf 80' lang='grc' dir='ltr'>ἦν</span> <span class='ocrx_word' id='word_1_681' title='bbox 1085 4821 1211 4889; x_wconf 78' lang='grc' dir='ltr'>ὄφις</span> <span class='ocrx_word' id='word_1_682' title='bbox 1233 4819 1639 4889; x_wconf 81' lang='grc' dir='ltr'>θανατηφόρος.</span> <span class='ocrx_word' id='word_1_683' title='bbox 1697 4817 1755 4869; x_wconf 85' lang='grc'><strong>’0</strong></span> <span class='ocrx_word' id='word_1_684' title='bbox 1779 4816 1836 4869; x_wconf 86' lang='grc' dir='ltr'><strong>δέ</strong></span> 
     </span>
    </p>
   </div>
   <div class='ocr_carea' id='block_1_94' title="bbox 255 4906 1834 4985">
    <p class='ocr_par' dir='ltr' id='par_1_94' title="bbox 255 4906 1834 4985">
     <span class='ocr_line' id='line_1_94' title="bbox 255 4906 1834 4985; baseline -0.007 -17"><span class='ocrx_word' id='word_1_685' title='bbox 255 4913 545 4985; x_wconf 79' lang='grc' dir='ltr'>ἄνθρωπος</span> <span class='ocrx_word' id='word_1_686' title='bbox 595 4914 806 4976; x_wconf 75' lang='grc' dir='ltr'>ἐκεῖνος</span> <span class='ocrx_word' id='word_1_687' title='bbox 860 4911 1105 4975; x_wconf 79' lang='grc' dir='ltr'>ἀκούσας</span> <span class='ocrx_word' id='word_1_688' title='bbox 1152 4910 1282 4982; x_wconf 85' lang='grc' dir='ltr'>παρ’</span> <span class='ocrx_word' id='word_1_689' title='bbox 1346 4909 1525 4963; x_wconf 79' lang='grc' dir='ltr'>ἄλλων</span> <span class='ocrx_word' id='word_1_690' title='bbox 1575 4908 1657 4960; x_wconf 84' lang='grc' dir='ltr'>ὄτι</span> <span class='ocrx_word' id='word_1_691' title='bbox 1710 4906 1834 4975; x_wconf 76' lang='grc' dir='ltr'>ὄφις</span> 
     </span>
    </p>
   </div>
   <div class='ocr_carea' id='block_1_95' title="bbox 258 4995 1835 5076">
    <p class='ocr_par' dir='ltr' id='par_1_95' title="bbox 258 4995 1835 5076">
     <span class='ocr_line' id='line_1_95' title="bbox 258 4995 1835 5076; baseline -0.007 -18"><span class='ocrx_word' id='word_1_692' title='bbox 258 5006 464 5067; x_wconf 81' lang='grc' dir='ltr'>ἐκεῖνος</span> <span class='ocrx_word' id='word_1_693' title='bbox 496 5003 624 5066; x_wconf 81' lang='grc' dir='ltr'>τοὺς</span> <span class='ocrx_word' id='word_1_694' title='bbox 651 5003 1076 5076; x_wconf 82' lang='grc' dir='ltr'>εἰσερχομένους</span> <span class='ocrx_word' id='word_1_695' title='bbox 1119 5002 1205 5066; x_wconf 87' lang='grc' dir='ltr'><strong>εἰς</strong></span> <span class='ocrx_word' id='word_1_696' title='bbox 1252 5000 1352 5071; x_wconf 81' lang='grc' dir='ltr'>τὴν</span> <span class='ocrx_word' id='word_1_697' title='bbox 1379 5062 1381 5064; x_wconf 97' lang='lat'><em>_</em></span> <span class='ocrx_word' id='word_1_698' title='bbox 1408 4999 1578 5068; x_wconf 78' lang='grc' dir='ltr'>αὐλὴν</span> <span class='ocrx_word' id='word_1_699' title='bbox 1615 4995 1835 5066; x_wconf 81' lang='grc' dir='ltr'>ἐκείνην</span> 
     </span>
    </p>
   </div>
   <div class='ocr_carea' id='block_1_96' title="bbox 258 5087 1836 5164">
    <p class='ocr_par' dir='ltr' id='par_1_96' title="bbox 258 5087 1836 5164">
     <span class='ocr_line' id='line_1_96' title="bbox 258 5087 1836 5164; baseline -0.006 -15"><span class='ocrx_word' id='word_1_700' title='bbox 258 5095 367 5149; x_wconf 76' lang='grc' dir='ltr'><strong>ἀπὸ</strong></span> <span class='ocrx_word' id='word_1_701' title='bbox 382 5093 585 5164; x_wconf 82' lang='grc' dir='ltr'>γενεῶν</span> <span class='ocrx_word' id='word_1_702' title='bbox 603 5093 848 5164; x_wconf 77' lang='grc' dir='ltr'>ἀρχαίων</span> <span class='ocrx_word' id='word_1_703' title='bbox 870 5092 1114 5159; x_wconf 84' lang='grc' dir='ltr'>θανατοί,</span> <span class='ocrx_word' id='word_1_704' title='bbox 1142 5091 1375 5160; x_wconf 76' lang='grc' dir='ltr'>ὤφειλεν</span> <span class='ocrx_word' id='word_1_705' title='bbox 1393 5091 1426 5161; x_wconf 87' lang='grc' dir='ltr'>ἢ</span> <span class='ocrx_word' id='word_1_706' title='bbox 1447 5092 1511 5144; x_wconf 86' lang='grc' dir='ltr'><strong>ἐκ</strong></span> <span class='ocrx_word' id='word_1_707' title='bbox 1539 5092 1636 5160; x_wconf 82' lang='grc' dir='ltr'>τῆς</span> <span class='ocrx_word' id='word_1_708' title='bbox 1660 5087 1836 5158; x_wconf 84' lang='grc' dir='ltr'>αὐλῆς</span> 
     </span>
    </p>
   </div>
   <div class='ocr_carea' id='block_1_97' title="bbox 258 5181 1833 5256">
    <p class='ocr_par' dir='ltr' id='par_1_97' title="bbox 258 5181 1833 5256">
     <span class='ocr_line' id='line_1_97' title="bbox 258 5181 1833 5256; baseline -0.004 -16"><span class='ocrx_word' id='word_1_709' title='bbox 258 5187 476 5256; x_wconf 77' lang='grc' dir='ltr'>ἐκείνης</span> <span class='ocrx_word' id='word_1_710' title='bbox 498 5185 762 5251; x_wconf 79' lang='grc' dir='ltr'>ἐξελθεῖν,</span> <span class='ocrx_word' id='word_1_711' title='bbox 789 5185 821 5256; x_wconf 81' lang='grc' dir='ltr'>ἢ</span> <span class='ocrx_word' id='word_1_712' title='bbox 847 5185 939 5240; x_wconf 73' lang='grc' dir='ltr'>τὸν</span> <span class='ocrx_word' id='word_1_713' title='bbox 969 5185 1455 5254; x_wconf 78' lang='grc' dir='ltr'>δφινάποκτείναι,</span> <span class='ocrx_word' id='word_1_714' title='bbox 1476 5181 1833 5236; x_wconf 83' lang='grc' dir='ltr'>τουτέστι-τὸν</span> 
     </span>
    </p>
   </div>
   <div class='ocr_carea' id='block_1_98' title="bbox 256 5272 1832 5349">
    <p class='ocr_par' dir='ltr' id='par_1_98' title="bbox 256 5272 1832 5349">
     <span class='ocr_line' id='line_1_98' title="bbox 256 5272 1832 5349; baseline -0.004 -18"><span class='ocrx_word' id='word_1_715' title='bbox 256 5278 489 5349; x_wconf 85' lang='grc' dir='ltr'>δαίμονα</span> <span class='ocrx_word' id='word_1_716' title='bbox 519 5277 623 5346; x_wconf 81' lang='grc' dir='ltr'>τῆς</span> <span class='ocrx_word' id='word_1_717' title='bbox 653 5277 1019 5348; x_wconf 81' lang='grc' dir='ltr'>φιλαργυρίας</span> <span class='ocrx_word' id='word_1_718' title='bbox 1073 5275 1170 5329; x_wconf 71' lang='grc' dir='ltr'>καὶ</span> <span class='ocrx_word' id='word_1_719' title='bbox 1215 5275 1316 5345; x_wconf 86' lang='grc' dir='ltr'>τῆς</span> <span class='ocrx_word' id='word_1_720' title='bbox 1365 5273 1688 5344; x_wconf 81' lang='grc' dir='ltr'>ἐπιθυμίας.</span> <span class='ocrx_word' id='word_1_721' title='bbox 1721 5272 1832 5326; x_wconf 77' lang='grc' dir='ltr'><strong>Καὶ</strong></span> 
     </span>
    </p>
   </div>
   <div class='ocr_carea' id='block_1_99' title="bbox 257 5359 1829 5441">
    <p class='ocr_par' dir='ltr' id='par_1_99' title="bbox 257 5359 1829 5441">
     <span class='ocr_line' id='line_1_99' title="bbox 257 5359 1829 5441; baseline -0.005 -17"><span class='ocrx_word' id='word_1_722' title='bbox 257 5371 406 5441; x_wconf 83' lang='grc' dir='ltr'>ὅμως</span> <span class='ocrx_word' id='word_1_723' title='bbox 436 5368 606 5423; x_wconf 87' lang='grc' dir='ltr'>ἐλθὼν</span> <span class='ocrx_word' id='word_1_724' title='bbox 639 5369 732 5424; x_wconf 78' lang='grc' dir='ltr'>τοῦ</span> <span class='ocrx_word' id='word_1_725' title='bbox 751 5371 1068 5423; x_wconf 75' lang='grc' dir='ltr'>ἀποκτεῖναι</span> <span class='ocrx_word' id='word_1_726' title='bbox 1107 5367 1200 5421; x_wconf 81' lang='grc' dir='ltr'>τὸν</span> <span class='ocrx_word' id='word_1_727' title='bbox 1227 5367 1376 5434; x_wconf 72' lang='grc' dir='ltr'>ὅφιν,</span> <span class='ocrx_word' id='word_1_728' title='bbox 1401 5359 1564 5436; x_wconf 71' lang='grc' dir='ltr'>εὗρεν</span> <span class='ocrx_word' id='word_1_729' title='bbox 1611 5364 1829 5437; x_wconf 77' lang='grc' dir='ltr'>ἐμπροο</span> 
     </span>
    </p>
   </div>
   <div class='ocr_carea' id='block_1_100' title="bbox 259 5455 1832 5539">
    <p class='ocr_par' dir='ltr' id='par_1_100' title="bbox 259 5455 1832 5539">
     <span class='ocr_line' id='line_1_100' title="bbox 259 5455 1832 5539; baseline -0.005 -24"><span class='ocrx_word' id='word_1_730' title='bbox 259 5463 384 5516; x_wconf 84' lang='grc' dir='ltr'>σθεν</span> <span class='ocrx_word' id='word_1_731' title='bbox 423 5460 593 5515; x_wconf 78' lang='grc' dir='ltr'>αὐτοῦ</span> <span class='ocrx_word' id='word_1_732' title='bbox 619 5461 681 5514; x_wconf 82' lang='grc' dir='ltr'><strong>τὸ</strong></span> <span class='ocrx_word' id='word_1_733' title='bbox 706 5461 949 5531; x_wconf 88' lang='grc' dir='ltr'>νόμισμα</span> <span class='ocrx_word' id='word_1_734' title='bbox 973 5457 1284 5528; x_wconf 79' lang='grc' dir='ltr'>όλόὸρυζον,</span> <span class='ocrx_word' id='word_1_735' title='bbox 1328 5459 1424 5512; x_wconf 76' lang='grc' dir='ltr'>καὶ</span> <span class='ocrx_word' id='word_1_736' title='bbox 1465 5455 1648 5510; x_wconf 78' lang='grc' dir='ltr'>λαϐὼν</span> <span class='ocrx_word' id='word_1_737' title='bbox 1691 5455 1832 5539; x_wconf 69' lang='grc' dir='ltr'><strong>¹αὐτὸ</strong></span> 
     </span>
    </p>
   </div>
   <div class='ocr_carea' id='block_1_101' title="bbox 259 5541 1828 5625">
    <p class='ocr_par' dir='ltr' id='par_1_101' title="bbox 259 5541 1828 5625">
     <span class='ocr_line' id='line_1_101' title="bbox 259 5541 1828 5625; baseline -0.004 -18"><span class='ocrx_word' id='word_1_738' title='bbox 259 5551 436 5620; x_wconf 76' lang='grc' dir='ltr'>εἶπεν,</span> <span class='ocrx_word' id='word_1_739' title='bbox 473 5557 555 5609; x_wconf 83' lang='grc' dir='ltr'>ὅτι</span> <span class='ocrx_word' id='word_1_740' title='bbox 600 5555 663 5608; x_wconf 84' lang='lat' dir='ltr'><strong>El</strong></span> <span class='ocrx_word' id='word_1_741' title='bbox 690 5553 883 5625; x_wconf 72' lang='grc' dir='ltr'>ἤθελεν</span> <span class='ocrx_word' id='word_1_742' title='bbox 916 5553 1235 5606; x_wconf 80' lang='grc' dir='ltr'>ἀποκτεῖναι</span> <span class='ocrx_word' id='word_1_743' title='bbox 1261 5551 1406 5621; x_wconf 79' lang='grc' dir='ltr'>ἡμᾶς</span> <span class='ocrx_word' id='word_1_744' title='bbox 1437 5549 1466 5602; x_wconf 80' lang='grc' dir='ltr'><strong>ὁ</strong></span> <span class='ocrx_word' id='word_1_745' title='bbox 1500 5549 1624 5618; x_wconf 72' lang='grc' dir='ltr'>ὄφις</span> <span class='ocrx_word' id='word_1_746' title='bbox 1651 5541 1828 5612; x_wconf 79' lang='grc' dir='ltr'>οὗτος,</span> 
     </span>
    </p>
   </div>
   <div class='ocr_carea' id='block_1_102' title="bbox 259 5629 1828 5717">
    <p class='ocr_par' dir='ltr' id='par_1_102' title="bbox 259 5629 1828 5717">
     <span class='ocr_line' id='line_1_102' title="bbox 259 5629 1828 5717; baseline -0.005 -16"><span class='ocrx_word' id='word_1_747' title='bbox 259 5650 355 5701; x_wconf 76' lang='grc' dir='ltr'>οὐκ</span> <span class='ocrx_word' id='word_1_748' title='bbox 386 5648 452 5701; x_wconf 76' lang='grc' dir='ltr'>ἂν</span> <span class='ocrx_word' id='word_1_749' title='bbox 483 5647 544 5699; x_wconf 73' lang='grc' dir='ltr'>τὸ</span> <span class='ocrx_word' id='word_1_750' title='bbox 572 5646 814 5717; x_wconf 79' lang='grc' dir='ltr'>νόμισμα</span> <span class='ocrx_word' id='word_1_751' title='bbox 846 5644 1005 5698; x_wconf 83' lang='grc' dir='ltr'>τοῦτο</span> <span class='ocrx_word' id='word_1_752' title='bbox 1027 5629 1177 5715; x_wconf 50' lang='grc' dir='ltr'>’ήμῖν</span> <span class='ocrx_word' id='word_1_753' title='bbox 1219 5642 1453 5696; x_wconf 78' lang='grc' dir='ltr'>ἔδωκεν·</span> <span class='ocrx_word' id='word_1_754' title='bbox 1485 5642 1580 5694; x_wconf 74' lang='grc' dir='ltr'>καὶ</span> <span class='ocrx_word' id='word_1_755' title='bbox 1628 5641 1828 5714; x_wconf 83' lang='grc' dir='ltr'>ἐχάρη,</span> 
     </span>
    </p>
   </div>
   <div class='ocr_carea' id='block_1_103' title="bbox 1936 4453 3512 4524">
    <p class='ocr_par' dir='ltr' id='par_1_103' title="bbox 1936 4453 3512 4524">
     <span class='ocr_line' id='line_1_103' title="bbox 1936 4453 3512 4524; baseline 0.001 -14"><span class='ocrx_word' id='word_1_756' title='bbox 1936 4456 2104 4510; x_wconf 88' lang='lat' dir='ltr'><strong>Deum</strong></span> <span class='ocrx_word' id='word_1_757' title='bbox 2131 4469 2292 4524; x_wconf 79' lang='lat' dir='ltr'><strong>agere</strong></span> <span class='ocrx_word' id='word_1_758' title='bbox 2333 4461 2460 4507; x_wconf 87' lang='lat' dir='ltr'><strong>ante</strong></span> <span class='ocrx_word' id='word_1_759' title='bbox 2509 4453 2840 4508; x_wconf 86' lang='lat' dir='ltr'><strong>sententiam</strong></span> <span class='ocrx_word' id='word_1_760' title='bbox 2881 4454 2946 4508; x_wconf 89' lang='lat' dir='ltr'><strong>de</strong></span> <span class='ocrx_word' id='word_1_761' title='bbox 2977 4453 3298 4510; x_wconf 80' lang='lat' dir='ltr'><strong>inexorabili</strong></span> <span class='ocrx_word' id='word_1_762' title='bbox 3340 4469 3512 4512; x_wconf 84' lang='lat' dir='ltr'><strong>morte</strong></span> 
     </span>
    </p>
   </div>
   <div class='ocr_carea' id='block_1_104' title="bbox 1935 4543 3509 4613">
    <p class='ocr_par' dir='ltr' id='par_1_104' title="bbox 1935 4543 3509 4613">
     <span class='ocr_line' id='line_1_104' title="bbox 1935 4543 3509 4613; baseline 0.002 -14"><span class='ocrx_word' id='word_1_763' title='bbox 1935 4546 2301 4610; x_wconf 88' lang='lat' dir='ltr'><strong>enuntiatam,</strong></span> <span class='ocrx_word' id='word_1_764' title='bbox 2339 4553 2396 4599; x_wconf 94' lang='lat' dir='ltr'><strong>et</strong></span> <span class='ocrx_word' id='word_1_765' title='bbox 2423 4557 2528 4597; x_wconf 91' lang='lat' dir='ltr'><strong>non</strong></span> <span class='ocrx_word' id='word_1_766' title='bbox 2559 4556 2749 4597; x_wconf 89' lang='lat' dir='ltr'><strong>errore</strong></span> <span class='ocrx_word' id='word_1_767' title='bbox 2789 4543 2914 4597; x_wconf 69' lang='lat' dir='ltr'><strong>vita:</strong></span> <span class='ocrx_word' id='word_1_768' title='bbox 2942 4544 3102 4613; x_wconf 84' lang='lat' dir='ltr'><strong>hujus</strong></span> <span class='ocrx_word' id='word_1_769' title='bbox 3131 4545 3346 4600; x_wconf 88' lang='lat' dir='ltr'><strong>abduci.</strong></span> <span class='ocrx_word' id='word_1_770' title='bbox 3381 4546 3509 4602; x_wconf 84' lang='lat' dir='ltr'><strong>Ete-</strong></span> 
     </span>
    </p>
   </div>
   <div class='ocr_carea' id='block_1_105' title="bbox 1935 4631 3508 4706">
    <p class='ocr_par' dir='ltr' id='par_1_105' title="bbox 1935 4631 3508 4706">
     <span class='ocr_line' id='line_1_105' title="bbox 1935 4631 3508 4706; baseline 0.003 -18"><span class='ocrx_word' id='word_1_771' title='bbox 1935 4634 2046 4688; x_wconf 88' lang='lat' dir='ltr'><strong>nim</strong></span> <span class='ocrx_word' id='word_1_772' title='bbox 2089 4633 2199 4688; x_wconf 88' lang='lat' dir='ltr'><strong>vlta</strong></span> <span class='ocrx_word' id='word_1_773' title='bbox 2250 4641 2437 4688; x_wconf 75' lang='lat' dir='ltr'><strong>nostra</strong></span> <span class='ocrx_word' id='word_1_774' title='bbox 2485 4632 2681 4686; x_wconf 86' lang='lat' dir='ltr'><strong>similis</strong></span> <span class='ocrx_word' id='word_1_775' title='bbox 2724 4631 2916 4687; x_wconf 79' lang='lat' dir='ltr'><strong>eﬂ&#39;ecta</strong></span> <span class='ocrx_word' id='word_1_776' title='bbox 2968 4645 3052 4688; x_wconf 89' lang='lat' dir='ltr'><strong>est</strong></span> <span class='ocrx_word' id='word_1_777' title='bbox 3105 4636 3157 4688; x_wconf 92' lang='lat' dir='ltr'><strong>in</strong></span> <span class='ocrx_word' id='word_1_778' title='bbox 3215 4637 3315 4691; x_wconf 91' lang='lat' dir='ltr'><strong>hoc</strong></span> <span class='ocrx_word' id='word_1_779' title='bbox 3373 4653 3508 4706; x_wconf 74' lang='lat' dir='ltr'><strong>mro,</strong></span> 
     </span>
    </p>
   </div>
   <div class='ocr_carea' id='block_1_106' title="bbox 1935 4724 3514 4794">
    <p class='ocr_par' dir='ltr' id='par_1_106' title="bbox 1935 4724 3514 4794">
     <span class='ocr_line' id='line_1_106' title="bbox 1935 4724 3514 4794; baseline 0.002 -14"><span class='ocrx_word' id='word_1_780' title='bbox 1935 4725 2145 4780; x_wconf 86' lang='lat' dir='ltr'><strong>homini</strong></span> <span class='ocrx_word' id='word_1_781' title='bbox 2193 4724 2286 4794; x_wconf 87' lang='lat' dir='ltr'><strong>qui</strong></span> <span class='ocrx_word' id='word_1_782' title='bbox 2334 4724 2559 4780; x_wconf 88' lang='lat' dir='ltr'><strong>incoluit</strong></span> <span class='ocrx_word' id='word_1_783' title='bbox 2591 4727 2733 4780; x_wconf 81' lang='lat' dir='ltr'><strong>aedes</strong></span> <span class='ocrx_word' id='word_1_784' title='bbox 2776 4739 2901 4779; x_wconf 85' lang='lat' dir='ltr'><strong>cum</strong></span> <span class='ocrx_word' id='word_1_785' title='bbox 2939 4739 3107 4780; x_wconf 76' lang='lat' dir='ltr'><strong>uxore</strong></span> <span class='ocrx_word' id='word_1_786' title='bbox 3151 4743 3272 4790; x_wconf 84' lang='lat' dir='ltr'><strong>sua,</strong></span> <span class='ocrx_word' id='word_1_787' title='bbox 3309 4739 3363 4782; x_wconf 93' lang='lat' dir='ltr'><strong>et</strong></span> <span class='ocrx_word' id='word_1_788' title='bbox 3390 4733 3514 4784; x_wconf 87' lang='lat' dir='ltr'><strong>uui-</strong></span> 
     </span>
    </p>
   </div>
   <div class='ocr_carea' id='block_1_107' title="bbox 1936 4816 3512 4888">
    <p class='ocr_par' dir='ltr' id='par_1_107' title="bbox 1936 4816 3512 4888">
     <span class='ocr_line' id='line_1_107' title="bbox 1936 4816 3512 4888; baseline 0.004 -18"><span class='ocrx_word' id='word_1_789' title='bbox 1936 4832 2074 4888; x_wconf 77' lang='lat' dir='ltr'><strong>geua</strong></span> <span class='ocrx_word' id='word_1_790' title='bbox 2131 4816 2262 4884; x_wconf 86' lang='lat' dir='ltr'><strong>lilio,</strong></span> <span class='ocrx_word' id='word_1_791' title='bbox 2315 4827 2479 4886; x_wconf 87' lang='lat' dir='ltr'><strong>atque</strong></span> <span class='ocrx_word' id='word_1_792' title='bbox 2529 4832 2636 4871; x_wconf 88' lang='lat' dir='ltr'><strong>uno</strong></span> <span class='ocrx_word' id='word_1_793' title='bbox 2690 4817 2891 4870; x_wconf 72' lang='lat' dir='ltr'><strong>{annulo</strong></span> <span class='ocrx_word' id='word_1_794' title='bbox 2923 4833 2936 4870; x_wconf 91' lang='lat'><strong>:</strong></span> <span class='ocrx_word' id='word_1_795' title='bbox 2971 4818 3022 4870; x_wconf 91' lang='lat' dir='ltr'><strong>in</strong></span> <span class='ocrx_word' id='word_1_796' title='bbox 3075 4819 3273 4886; x_wconf 87' lang='lat' dir='ltr'><strong>quibus</strong></span> <span class='ocrx_word' id='word_1_797' title='bbox 3305 4821 3512 4876; x_wconf 70' lang='lat' dir='ltr'><strong>aedibus</strong></span> 
     </span>
    </p>
   </div>
   <div class='ocr_carea' id='block_1_108' title="bbox 1935 4906 3511 4980">
    <p class='ocr_par' dir='ltr' id='par_1_108' title="bbox 1935 4906 3511 4980">
     <span class='ocr_line' id='line_1_108' title="bbox 1935 4906 3511 4980; baseline 0.004 -17"><span class='ocrx_word' id='word_1_798' title='bbox 1935 4923 2166 4978; x_wconf 78' lang='lat' dir='ltr'><strong>serpens</strong></span> <span class='ocrx_word' id='word_1_799' title='bbox 2197 4920 2315 4963; x_wconf 88' lang='lat' dir='ltr'><strong>erat</strong></span> <span class='ocrx_word' id='word_1_800' title='bbox 2341 4907 2574 4972; x_wconf 66' lang='lat' dir='ltr'><strong>letbil‘er.</strong></span> <span class='ocrx_word' id='word_1_801' title='bbox 2597 4906 2696 4961; x_wconf 83' lang='lat' dir='ltr'><strong>Vir</strong></span> <span class='ocrx_word' id='word_1_802' title='bbox 2728 4906 2818 4962; x_wconf 89' lang='lat' dir='ltr'><strong>ille</strong></span> <span class='ocrx_word' id='word_1_803' title='bbox 2845 4923 2966 4962; x_wconf 86' lang='lat' dir='ltr'><strong>cum</strong></span> <span class='ocrx_word' id='word_1_804' title='bbox 3001 4908 3069 4962; x_wconf 88' lang='lat' dir='ltr'><strong>ab</strong></span> <span class='ocrx_word' id='word_1_805' title='bbox 3098 4909 3222 4964; x_wconf 89' lang='lat' dir='ltr'><strong>aliis</strong></span> <span class='ocrx_word' id='word_1_806' title='bbox 3249 4912 3511 4980; x_wconf 88' lang='lat' dir='ltr'><strong>audisset,</strong></span> 
     </span>
    </p>
   </div>
   <div class='ocr_carea' id='block_1_109' title="bbox 1935 4999 3514 5074">
    <p class='ocr_par' dir='ltr' id='par_1_109' title="bbox 1935 4999 3514 5074">
     <span class='ocr_line' id='line_1_109' title="bbox 1935 4999 3514 5074; baseline 0.005 -20"><span class='ocrx_word' id='word_1_807' title='bbox 1935 5009 2243 5069; x_wconf 83' lang='lat' dir='ltr'><strong>serpentem</strong></span> <span class='ocrx_word' id='word_1_808' title='bbox 2274 5000 2440 5053; x_wconf 92' lang='lat' dir='ltr'><strong>istum</strong></span> <span class='ocrx_word' id='word_1_809' title='bbox 2470 4999 2835 5068; x_wconf 72' lang='lat' dir='ltr'><strong>ingredientes</strong></span> <span class='ocrx_word' id='word_1_810' title='bbox 2866 5000 3082 5054; x_wconf 88' lang='lat' dir='ltr'><strong>domum</strong></span> <span class='ocrx_word' id='word_1_811' title='bbox 3103 5002 3250 5056; x_wconf 86' lang='lat' dir='ltr'><strong>illam</strong></span> <span class='ocrx_word' id='word_1_812' title='bbox 3276 5007 3514 5074; x_wconf 81' lang='lat' dir='ltr'><strong>apriscis</strong></span> 
     </span>
    </p>
   </div>
   <div class='ocr_carea' id='block_1_110' title="bbox 1948 5088 3512 5168">
    <p class='ocr_par' dir='ltr' id='par_1_110' title="bbox 1948 5088 3512 5168">
     <span class='ocr_line' id='line_1_110' title="bbox 1948 5088 3512 5168; baseline 0.006 -26"><span class='ocrx_word' id='word_1_813' title='bbox 1948 5088 2165 5143; x_wconf 67' lang='lat' dir='ltr'><strong>saeculis</strong></span> <span class='ocrx_word' id='word_1_814' title='bbox 2211 5103 2463 5153; x_wconf 88' lang='lat' dir='ltr'><strong>enecare,</strong></span> <span class='ocrx_word' id='word_1_815' title='bbox 2494 5090 2684 5143; x_wconf 89' lang='lat' dir='ltr'><strong>debuit</strong></span> <span class='ocrx_word' id='word_1_816' title='bbox 2714 5101 2808 5144; x_wconf 88' lang='lat' dir='ltr'><strong>aut</strong></span> <span class='ocrx_word' id='word_1_817' title='bbox 2849 5107 2912 5144; x_wconf 76' lang='lat' dir='ltr'><strong>ex</strong></span> <span class='ocrx_word' id='word_1_818' title='bbox 2949 5091 3035 5145; x_wconf 87' lang='lat' dir='ltr'><strong>illa</strong></span> <span class='ocrx_word' id='word_1_819' title='bbox 3086 5095 3249 5148; x_wconf 89' lang='lat' dir='ltr'><strong>domo</strong></span> <span class='ocrx_word' id='word_1_820' title='bbox 3303 5101 3512 5168; x_wconf 78' lang='lat' dir='ltr'><strong>egredi,</strong></span> 
     </span>
    </p>
   </div>
   <div class='ocr_carea' id='block_1_111' title="bbox 1939 5179 3511 5256">
    <p class='ocr_par' dir='ltr' id='par_1_111' title="bbox 1939 5179 3511 5256">
     <span class='ocr_line' id='line_1_111' title="bbox 1939 5179 3511 5256; baseline 0.005 -22"><span class='ocrx_word' id='word_1_821' title='bbox 1939 5194 2034 5234; x_wconf 87' lang='lat' dir='ltr'><strong>aut</strong></span> <span class='ocrx_word' id='word_1_822' title='bbox 2087 5195 2318 5251; x_wconf 84' lang='lat' dir='ltr'><strong>anguem</strong></span> <span class='ocrx_word' id='word_1_823' title='bbox 2361 5179 2692 5244; x_wconf 78' lang='lat' dir='ltr'><strong>interﬁcere,</strong></span> <span class='ocrx_word' id='word_1_824' title='bbox 2748 5181 2951 5236; x_wconf 85' lang='lat' dir='ltr'><strong>malum</strong></span> <span class='ocrx_word' id='word_1_825' title='bbox 3000 5185 3250 5240; x_wconf 79' lang='lat' dir='ltr'><strong>videlicet</strong></span> <span class='ocrx_word' id='word_1_826' title='bbox 3291 5190 3511 5256; x_wconf 69' lang='lat' dir='ltr'><strong>genium</strong></span> 
     </span>
    </p>
   </div>
   <div class='ocr_carea' id='block_1_112' title="bbox 1934 5271 3511 5345">
    <p class='ocr_par' dir='ltr' id='par_1_112' title="bbox 1934 5271 3511 5345">
     <span class='ocr_line' id='line_1_112' title="bbox 1934 5271 3511 5345; baseline 0.006 -21"><span class='ocrx_word' id='word_1_827' title='bbox 1934 5273 2176 5326; x_wconf 83' lang='lat' dir='ltr'><strong>avaritiae</strong></span> <span class='ocrx_word' id='word_1_828' title='bbox 2198 5281 2252 5326; x_wconf 90' lang='lat' dir='ltr'><strong>et</strong></span> <span class='ocrx_word' id='word_1_829' title='bbox 2282 5271 2525 5326; x_wconf 87' lang='lat' dir='ltr'><strong>libidinis</strong></span> <span class='ocrx_word' id='word_1_830' title='bbox 2554 5282 2831 5329; x_wconf 82' lang='lat' dir='ltr'><strong>:attameu</strong></span> <span class='ocrx_word' id='word_1_831' title='bbox 2861 5275 3137 5345; x_wconf 83' lang='lat' dir='ltr'><strong>profectus</strong></span> <span class='ocrx_word' id='word_1_832' title='bbox 3167 5279 3234 5332; x_wconf 87' lang='lat' dir='ltr'><strong>ad</strong></span> <span class='ocrx_word' id='word_1_833' title='bbox 3259 5280 3511 5334; x_wconf 87' lang='lat' dir='ltr'><strong>occiden-</strong></span> 
     </span>
    </p>
   </div>
   <div class='ocr_carea' id='block_1_113' title="bbox 1934 5361 3510 5436">
    <p class='ocr_par' dir='ltr' id='par_1_113' title="bbox 1934 5361 3510 5436">
     <span class='ocr_line' id='line_1_113' title="bbox 1934 5361 3510 5436; baseline 0.003 -20"><span class='ocrx_word' id='word_1_834' title='bbox 1934 5363 2060 5416; x_wconf 90' lang='lat' dir='ltr'><strong>dum</strong></span> <span class='ocrx_word' id='word_1_835' title='bbox 2093 5371 2424 5432; x_wconf 88' lang='lat' dir='ltr'><strong>serpentem,</strong></span> <span class='ocrx_word' id='word_1_836' title='bbox 2459 5361 2669 5417; x_wconf 62' lang='lat' dir='ltr'><strong>iurauit</strong></span> <span class='ocrx_word' id='word_1_837' title='bbox 2711 5375 2836 5419; x_wconf 86' lang='lat' dir='ltr'><strong>ante</strong></span> <span class='ocrx_word' id='word_1_838' title='bbox 2878 5367 3045 5436; x_wconf 88' lang='lat' dir='ltr'><strong>pedes</strong></span> <span class='ocrx_word' id='word_1_839' title='bbox 3081 5381 3208 5421; x_wconf 86' lang='lat' dir='ltr'><strong>suos</strong></span> <span class='ocrx_word' id='word_1_840' title='bbox 3244 5369 3510 5421; x_wconf 85' lang='lat' dir='ltr'><strong>uumisma</strong></span> 
     </span>
    </p>
   </div>
   <div class='ocr_carea' id='block_1_114' title="bbox 1934 5455 3510 5526">
    <p class='ocr_par' dir='ltr' id='par_1_114' title="bbox 1934 5455 3510 5526">
     <span class='ocr_line' id='line_1_114' title="bbox 1934 5455 3510 5526; baseline 0.004 -18"><span class='ocrx_word' id='word_1_841' title='bbox 1934 5468 1964 5508; x_wconf 92' lang='lat' dir='ltr'><strong>e</strong></span> <span class='ocrx_word' id='word_1_842' title='bbox 1996 5469 2128 5522; x_wconf 91' lang='lat' dir='ltr'><strong>puro</strong></span> <span class='ocrx_word' id='word_1_843' title='bbox 2172 5455 2456 5524; x_wconf 87' lang='lat' dir='ltr'><strong>solidoque</strong></span> <span class='ocrx_word' id='word_1_844' title='bbox 2503 5470 2670 5520; x_wconf 88' lang='lat' dir='ltr'><strong>auro;</strong></span> <span class='ocrx_word' id='word_1_845' title='bbox 2719 5455 2821 5512; x_wconf 90' lang='lat' dir='ltr'><strong>hoc</strong></span> <span class='ocrx_word' id='word_1_846' title='bbox 2871 5473 3093 5512; x_wconf 80' lang='lat' dir='ltr'><strong>lllltlt‘ltto</strong></span> <span class='ocrx_word' id='word_1_847' title='bbox 3139 5466 3364 5526; x_wconf 90' lang='lat' dir='ltr'><strong>accepto</strong></span> <span class='ocrx_word' id='word_1_848' title='bbox 3402 5475 3416 5512; x_wconf 88' lang='lat'><strong>:</strong></span> <span class='ocrx_word' id='word_1_849' title='bbox 3454 5462 3510 5514; x_wconf 83' lang='lat' dir='ltr'><strong>Si</strong></span> 
     </span>
    </p>
   </div>
   <div class='ocr_carea' id='block_1_115' title="bbox 1933 5547 3550 5627">
    <p class='ocr_par' dir='ltr' id='par_1_115' title="bbox 1933 5547 3550 5627">
     <span class='ocr_line' id='line_1_115' title="bbox 1933 5547 3550 5627; baseline 0.002 -26"><span class='ocrx_word' id='word_1_850' title='bbox 1933 5547 2118 5611; x_wconf 82' lang='lat' dir='ltr'><strong>vellet,</strong></span> <span class='ocrx_word' id='word_1_851' title='bbox 2170 5547 2369 5617; x_wconf 90' lang='lat' dir='ltr'><strong>inquit,</strong></span> <span class='ocrx_word' id='word_1_852' title='bbox 2409 5548 2664 5603; x_wconf 87' lang='lat' dir='ltr'><strong>occidere</strong></span> <span class='ocrx_word' id='word_1_853' title='bbox 2722 5564 2820 5604; x_wconf 90' lang='lat' dir='ltr'><strong>nos</strong></span> <span class='ocrx_word' id='word_1_854' title='bbox 2866 5549 2953 5603; x_wconf 90' lang='lat' dir='ltr'><strong>hic</strong></span> <span class='ocrx_word' id='word_1_855' title='bbox 2988 5548 3197 5618; x_wconf 81' lang='lat' dir='ltr'><strong>anguis,</strong></span> <span class='ocrx_word' id='word_1_856' title='bbox 3239 5549 3550 5627; x_wconf 72' lang='grc' dir='ltr'><strong>Ιιιιιιιίιιιιιι·⁸</strong></span> 
     </span>
    </p>
   </div>
   <div class='ocr_carea' id='block_1_116' title="bbox 1934 5637 3512 5707">
    <p class='ocr_par' dir='ltr' id='par_1_116' title="bbox 1934 5637 3512 5707">
     <span class='ocr_line' id='line_1_116' title="bbox 1934 5637 3512 5707; baseline 0.006 -19"><span class='ocrx_word' id='word_1_857' title='bbox 1934 5653 2092 5706; x_wconf 87' lang='lat' dir='ltr'><strong>quam</strong></span> <span class='ocrx_word' id='word_1_858' title='bbox 2137 5637 2278 5691; x_wconf 77' lang='lat' dir='ltr'><strong>istud</strong></span> <span class='ocrx_word' id='word_1_859' title='bbox 2312 5639 2580 5693; x_wconf 90' lang='lat' dir='ltr'><strong>uumisma</strong></span> <span class='ocrx_word' id='word_1_860' title='bbox 2636 5639 2791 5693; x_wconf 85' lang='lat' dir='ltr'><strong>nobis</strong></span> <span class='ocrx_word' id='word_1_861' title='bbox 2822 5639 2969 5694; x_wconf 87' lang='lat' dir='ltr'><strong>daret</strong></span> <span class='ocrx_word' id='word_1_862' title='bbox 3001 5658 3013 5693; x_wconf 92' lang='lat'><strong>:</strong></span> <span class='ocrx_word' id='word_1_863' title='bbox 3040 5649 3092 5691; x_wconf 83' lang='lat' dir='ltr'><strong>et</strong></span> <span class='ocrx_word' id='word_1_864' title='bbox 3138 5641 3333 5707; x_wconf 78' lang='lat' dir='ltr'><strong>gaudio</strong></span> <span class='ocrx_word' id='word_1_865' title='bbox 3383 5643 3512 5697; x_wconf 72' lang='lat' dir='ltr'><strong>deli-</strong></span> 
     </span>
    </p>
   </div>
   <div class='ocr_carea' id='block_1_117' title="bbox 335 5793 1950 5870">
    <p class='ocr_par' dir='ltr' id='par_1_117' title="bbox 335 5793 1950 5870">
     <span class='ocr_line' id='line_1_117' title="bbox 335 5793 1950 5870; baseline -0.008 -12"><span class='ocrx_word' id='word_1_866' title='bbox 335 5808 353 5837; x_wconf 81' lang='grc'>¹</span> <span class='ocrx_word' id='word_1_867' title='bbox 386 5804 401 5858; x_wconf 93' lang='grc' dir='ltr'><strong>Ι</strong></span> <span class='ocrx_word' id='word_1_868' title='bbox 434 5805 560 5858; x_wconf 82' lang='lat' dir='ltr'><strong>Cur.</strong></span> <span class='ocrx_word' id='word_1_869' title='bbox 597 5819 664 5870; x_wconf 90' lang='grc' dir='ltr'><strong>ιι,</strong></span> <span class='ocrx_word' id='word_1_870' title='bbox 697 5803 751 5858; x_wconf 72' lang='grc'>2.</span> <span class='ocrx_word' id='word_1_871' title='bbox 828 5803 847 5834; x_wconf 86' lang='grc'>³</span> <span class='ocrx_word' id='word_1_872' title='bbox 871 5803 998 5858; x_wconf 82' lang='lat' dir='ltr'><strong>Luc.</strong></span> <span class='ocrx_word' id='word_1_873' title='bbox 1035 5819 1190 5868; x_wconf 70' lang='lat' dir='ltr'><strong>nui,</strong></span> <span class='ocrx_word' id='word_1_874' title='bbox 1217 5802 1305 5855; x_wconf 58' lang='lat'><strong>4-2.</strong></span> <span class='ocrx_word' id='word_1_875' title='bbox 1387 5801 1404 5832; x_wconf 75' lang='grc'><strong>⁸</strong></span> <span class='ocrx_word' id='word_1_876' title='bbox 1438 5798 1628 5858; x_wconf 76' lang='lat' dir='ltr'><strong>Matth.</strong></span> <span class='ocrx_word' id='word_1_877' title='bbox 1661 5801 1800 5866; x_wconf 83' lang='lat' dir='ltr'><strong>v,‘59</strong></span> <span class='ocrx_word' id='word_1_878' title='bbox 1865 5793 1950 5846; x_wconf 78' lang='lat' dir='ltr'><strong>4i.</strong></span> 
     </span>
    </p>
   </div>
  </div>
