3932 6214
429 303 450 367 1
463 304 563 365 2'23

1359 286 1924 362 cnmsrbenom
1965 299 2476 363 PATRIARCHzE
2517 297 2737 357 ALEX.

3552 293 3696 358 122$

421 416 644 471 vexatio
676 412 744 467 ob
773 420 1065 466 mortuum.
1097 408 1265 462 llodie
1305 409 1492 464 ﬂemus
1519 420 1573 464 et
1614 424 1907 463 tumremus
1931 424 1993 463 ac

2102 410 2230 478 ἡμῖν
2279 408 2411 478 περὶ
2469 406 2564 459 τοῦ
2623 403 2840 475 νεκροῦ.
2912 403 3162 474 Σήμερον
3218 404 3696 477 ἀπαραμυθήτως

423 508 692 572 Ingemus,
746 503 888 556 nulla
917 500 1288 555 consolatione
1330 499 1610 563 adhibita,
1651 509 1706 554 et
1754 500 1992 554 crastina

422 599 511 650 die
559 600 630 649 ita
673 592 850 647 affecti
897 607 1084 645 smnus
1111 632 1126 657 ,
1162 590 1316 660 quasi
1361 590 1694 644 immortales
1725 604 1992 645 essemus.

497 685 584 738 IX.
627 683 729 738 Sed
758 682 899 736 unde
926 681 1168 749 digressa
1194 689 1298 748 est,
1323 695 1388 735 eo
1413 679 1598 735 redeat
1627 681 1839 742 oratio;
1866 681 1992 746 quia

421 795 506 837 ea,
535 791 654 845 qnze
689 783 873 828 secuta
909 783 1072 834 sunt,
1124 771 1304 826 dicere
1347 785 1722 841 properamus.
1759 768 1994 824 Intuitus

423 870 509 922 ille
553 869 718 920 lilium
761 879 920 918 suum
974 863 1343 933 lacrymarum
1377 849 1486 914 vim
1521 859 1910 925 effundentem,
1939 867 1994 913 et

375 951 380 960 ’
421 958 592 1024 patris
646 954 906 1008 auxilium
941 952 1345 1022 implorantem,
1378 950 1618 1004 medicos
1651 949 1990 1012 convocavit,

419 1054 597 1119 iisque
647 1047 916 1117 promittit
947 1060 1031 1108 se,
1077 1043 1356 1114 quidquid
1391 1042 1678 1110 petiisscnt
1717 1041 1989 1103 daturum,

416 1145 463 1199 si
493 1143 710 1211 quidem
749 1140 916 1192 lilium
961 1147 1216 1192 eruerent
1248 1137 1318 1190 ab
1355 1135 1574 1189 interitu
1613 1147 1629 1186 :
1658 1142 1714 1188 at
1740 1133 1837 1196 illi,
1865 1145 1990 1187 cum

419 1235 649 1288 multum
689 1231 1050 1292 laborassem,
1101 1227 1235 1281 nihil
1287 1227 1652 1296 profuerunt:
1689 1240 1811 1278 mox
1861 1237 1993 1293 ergo

419 1327 562 1379 lilius
607 1324 838 1384 interiit,
871 1330 924 1374 et
969 1329 1120 1389 pater
1159 1316 1749 1382 dolens,lasseveravit
1781 1329 1856 1369 se'
1885 1329 1992 1368 non

417 1416 812 1488 permissurum
843 1423 900 1466 ut
927 1428 1153 1481 serpens
1183 1413 1386 1464 viveret
1417 1427 1430 1463 :
1455 1411 1749 1479 Quousque
1776 1409 1992 1462 tandem

421 1509 714 1577 Ineipsmn,
747 1506 942 1574 inquit,
977 1505 1155 1572 inepte
1186 1501 1437 1556 deludam
1475 1501 1762 1570 insipiens,
1796 1509 1852 1555 et
1885 1513 1992 1553 non

415 1599 814 1654 exsecrandum
868 1610 1096 1666 anguem
1153 1593 1500 1658 interficiant,
1553 1593 1868 1660 priusquam
1905 1604 1995 1645 me

416 1689 743 1746 interimat?
785 1703 918 1742 mox.
962 1687 1235 1754 profectus
1265 1686 1331 1740 ad
1375 1697 1683 1755 serpentem
1735 1686 1994 1740 occiden-

2094 497 2359 566 κλαίομεν
2422 498 2518 550 καὶ
2547 494 2851 567 ὀδυρόμεθα
2868 494 3319 566 καὶσθρηνοῦμεν,
3347 501 3449 552 καὶ
3493 497 3693 555 αὖοων

2093 588 2352 641 ἀθάνατοι
2377 586 2722 657 διακείμεθα.

2173 680 2251 732 ϐ’.
2297 679 2457 732 Ἀλλὰ
2497 677 2858 744 ἀναλάὸωμεν
2886 676 2978 728 τὸν
3006 675 3164 743 λόγον
3191 675 3316 728 ὅθεν
3350 677 3524 730 αὐτὸν
3553 695 3690 731 κατ-

2091 770 2372 840 ελίπομεν,
2401 769 2590 840 ἐπειδὴ
2619 769 2690 822 τὰ
2713 767 2989 822 ἀκόλουθα
3003 769 3180 820 είπεῖν
3201 770 3686 838 κατεπειγόμεθα.

2105 861 2252 916 Ἰδὼν
2273 858 2364 915 οὖν
2386 864 2414 915 6
2444 862 2541 917 dvo
2550 879 2732 932 ρωπος
2754 862 2847 914 τὸν
2861 860 2978 914 υίδν
3000 859 3167 912 αὐτοῦ
3194 860 3470 931 δάκρυσιν
3486 863 3689 930 ὀλοφυ-

2097 952 2344 1023 ρόμενον,
2387 953 2482 1006 καὶ
2516 951 2617 1023 τὴν
2643 952 2892 1022 βοήθειαν
2917 953 3022 1006 τοῦ.
3057 953 3268 1022 πατρὸς
3301 954 3692 1022 ὲπικαλούμευ

2093 1059 2200 1106 νον,
2237 1041 2564 1112 συνήθροισε
2583 1043 2713 1106 τοὺς
2753 1044 2994 1114 ἰατροὺς,
3040 1043 3522 1113 ἐπαγγειλάμενος
3551 1045 3693 1097 δοῦ-

2092 1149 2182 1187 ναι
2214 1133 2398 1194 αὐτοῖς
2434 1133 2464 1186 ὃ
2507 1149 2562 1184 τι
2603 1133 2670 1184 ἂν
2712 1134 3032 1201 αἰτήσωσιν,
3084 1135 3181 1188 ἐὰν
3206 1135 3298 1187 τδν
3348 1136 3473 1188 υἱὸν
3521 1136 3694 1188 αὐτοῦ

2093 1225 2498 1296 ἐλευθερώσωσι
2525 1223 2621 1276 τοῦ
2653 1225 2906 1278 θανάτου.
2938 1225 3048 1278 Kal.
3081 1225 3251 1279 πολλὰ
3279 1229 3693 1290 κοπιάσαντες,

2093 1319 2388 1388 ὠφέλησαν
2412 1318 2588 1376 οὐδέν.
2631 1317 2928 1371 Ἀπέθανεν
2953 1314 3049 1372 οὖν
3097 1323 3127 1373 6
3156 1324 3307 1384 παῖς,
3352 1321 3456 1374 καὶ
3503 1321 3692 1393 λυπη-

2095 1411 2208 1476 θεὶς
2231 1412 2260 1464 6
2281 1411 2464 1482 πατὴρ
2495 1410 2665 1464 αὑτοῦ
2695 1409 2879 1481 ὤμοσε
2909 1412 2983 1484 μὴ
3006 1414 3168 1467 ἐάσαι
3193 1414 3287 1467 τὸν
3307 1413 3436 1482 ὅφιν
3474 1414 3689 1477 ζῶντα,

2093 1503 2270 1571 λέγων
2291 1518 2308 1534 ο
2338 1503 2482 1566 Ἕως
2514 1504 2646 1557 πότε
2678 1504 2978 1575 μωροποιῶ
3021 1506 3214 1559 ἑαυτὸν
3243 1508 3273 1558 6
3307 1507 3512 1576 ἄφρων
3533 1548 3551 1573 ,
3596 1507 3696 1561 καὶ

2094 1597 2158 1650 οὐ
2177 1596 2427 1665 φονεύσω
2456 1596 2547 1650 τδν
2569 1598 2954 1668 κατηραμένον
2971 1598 3038 1666 δερ
3049 1616 3096 1651 ιν
3119 1601 3251 1669 πρίν
3275 1617 3346 1670 με
3388 1602 3693 1668 pavetis-st;

2097 1688 2188 1741 καὶ
2211 1686 2464 1742 ἀπελθὼν
2491 1687 2585 1740 τοῦ
2617 1687 2875 1756 φονεῦσαι
2905 1689 3089 1752 αὐτὸν,
3122 1683 3251 1760 εὗρε
3294 1691 3361 1742 τδ
3401 1691 3689 1760 νόμισμα·

417 1785 571 1850 dum,
603 1799 880 1838 nummum
904 1782 1124 1849 reperit,
1155 1795 1327 1850 eoque
1356 1791 1594 1846 sumpto,
1625 1780 1790 1849 cmpit
1813 1781 1990 1848 ipsum

2102 1777 2191 1830 καὶ
2227 1775 2409 1829 λαῦὼν
2446 1776 2598 1842 αὐτὸ,
2641 1777 2847 1850 ἤρξατο
2881 1780 2962 1842 είς
3004 1756 3202 1832 ἑαυτὸν
3259 1756 3553 1844 ἀτενίζων,
3577 1756 3691 1835 ⁷καὶ

419 1879 714 1948 inspicere,
749 1885 804 1930 et
830 1876 1013 1929 dicere
1053 1891 1066 1927 :
1099 1873 1236 1938 Quid
1267 1873 1455 1939 agam?
1487 1872 1629 1925 [ilius
1652 1886 1805 1925 meus
1831 1871 1993 1925 inter-

422 1970 602 2027 fectus
631 1977 718 2024 est
749 1985 762 2023 :
789 1975 845 2021 et
889 1965 1126 2020 fortasse
1159 1965 1204 2018 si
1236 1964 1470 2018 cavisset
1505 1963 1632 2027 sibi,
1675 1963 1991 2031 neutiquam

422 2075 652 2132 serpens
683 2073 805 2113 eum
855 2056 1052 2111 laedere
1097 2056 1364 2125 potuisset
1399 2073 1413 2109 :
1451 2070 1554 2123 ego
1593 2064 1741 2108 certe
1773 2064 1829 2107 et
1856 2068 1996 2108 uxor

416 2168 535 2207 mea
556 2149 892 2210 cavebimus,
916 2157 973 2200 ut
1003 2147 1202 2216 anguis
1227 2160 1422 2200 nocere
1454 2144 1610 2198 nobis
1651 2159 1755 2198 non
1779 2145 1990 2213 possit:

416 2243 470 2298 in
512 2241 622 2296 filio
653 2255 777 2294 meo
813 2254 934 2293 sum
970 2237 1232 2292 multatus
1265 2254 1279 2290 :
1309 2250 1408 2290 cur
1441 2237 1608 2289 vero?
1634 2250 1702 2289 an
1734 2244 1792 2289 ut
1823 2236 1991 2289 etiam

409 2333 678 2404 jacturam
713 2331 909 2385 faciam
942 2337 1185 2398 quaestus
1215 2327 1379 2382 annui
1417 2342 1761 2382 nummorum
1791 2337 1996 2382 trecen-

417 2431 595 2478 torum
625 2420 907 2489 sexaginta
923 2416 1398 2486 quinque?ltaque
1418 2422 1726 2482 serpentem
1749 2415 1989 2470 dimisit:

418 2514 464 2568 is
497 2521 677 2567 autem
713 2523 904 2565 rursus
940 2507 1284 2563 occasionem
1314 2516 1534 2576 captare
1567 2505 1866 2576 pergebat,
1900 2507 1994 2560 bo-

416 2604 548 2660 mini
606 2617 886 2657 nummum
926 2615 1089 2654 unum
1123 2597 1364 2668 qumidie
1397 2598 1756 2668 suggerendo,
1800 2604 1860 2650 ut
1903 2595 1994 2652 ille

416 2698 684 2753 socordia:
739 2696 980 2750 traderet
1018 2707 1100 2758 se,
1141 2701 1197 2748 et
1241 2693 1364 2746 vitae.
1396 2691 1688 2744 vanitatem
1731 2690 1784 2744 in
1815 2689 1993 2758 pretio

416 2786 666 2842 haberet.

488 2876 558 2933 X.
599 2877 727 2933 Post
770 2891 1022 2932 reversus
1067 2876 1244 2928 adhuc
1290 2888 1518 2945 serpens
1549 2887 1616 2928 ex
1653 2871 1988 2948 improviso,

2089 1868 2298 1937 λέγων’
2332 1869 2398 1920 Τί
2433 1869 2608 1934 ποιῶ;
2645 1870 2675 1921 6
2722 1869 2838 1933 υίός
2868 1870 3276 1941 μου-ἀπέθανε,
3307 1873 3406 1925 καὶ
3444 1874 3589 1943 τάχα
3635 1876 3687 1928 ει

2093 1959 2534 2032 παρεφυλάξατο,
2561 1960 2664 2014 οὐκ
2684 1960 2750 2014 ἃν
2782 1963 2811 2014 6
2831 1961 2956 2029 ὄφις
2986 1961 3189 2032 βλάψαι
3224 1963 3390 2016 αὐτὸν
3419 1964 3683 2033 ἠδύνατο.

2093 2052 2289 2122 ’Ὅμως
2319 2052 2830 2123 παραφυλαξόμεθα
2865 2052 2976 2122 ἐγώ
3019 2071 3080 2106 τε
3126 2054 3221 2108 καὶ
3256 2057 3289 2124 ὴ
3345 2058 3493 2126 γυνὴ
3550 2074 3680 2126 μου,

2093 2144 2190 2198 καὶ
2214 2144 2275 2196 οὐ
2315 2143 2540 2198 δύναται
2576 2147 2724 2215 ἡμᾶς
2757 2143 2983 2214 βλάψαι.
3032 2145 3389 2218 Ἐζημιὼθην
3426 2150 3527 2201 τὸν
3566 2151 3688 2203 υἱόν

2097 2253 2221 2306 μου.
2264 2236 2461 2302 Διὰτί;
2494 2237 2582 2290 ῐνα
2614 2236 2882 2307 ζημιωθῶ
2921 2237 3064 2291 κατὰ
3103 2240 3319 2309 χρόνον,
3356 2241 3684 2310 νομίσματα

2093 2325 2369 2395 τριακόσι’
2403 2324 2667 2396 ἑξήκοντα
2697 2326 2857 2378 πέντε
2879 2342 2896 2392 ;
2917 2326 3034 2386 Καὶ.¹
3053 2327 3264 2396 ἀφῆκεν
3285 2327 3472 2381 αὐτόν.
3498 2329 3684 2398 Ἔμει-

2093 2434 2185 2471 νεν
2227 2417 2321 2471 οὖν
2373 2418 2537 2472 πάλιν
2563 2417 2756 2488 καιρὸν
2787 2419 2816 2470 6
2858 2417 3003 2486 ὄφις,
3045 2419 3304 2489 παρέχων
3335 2420 3494 2490 αὒτῷ
3542 2420 3683 2474 καθ-

2092 2507 2306 2581 ημιραν
2335 2510 2578 2581 νόμισμα
2605 2511 2662 2564 ὲν
2688 2509 2768 2580 τῷ
2789 2506 3238 2580 ἀπομεριμνῆσαι
3267 2511 3362 2564 τὸν
3383 2511 3682 2583 ἄνθρωπον

2093 2599 2190 2655 καὶ
2210 2599 2553 2671 προτιμῆσαι
2577 2599 2678 2671 τὴν
2705 2599 2800 2653 τοῦ
2834 2599 2956 2670 βίου
2985 2601 3351 2672 ματαιότητα.

2166 2877 2226 2932 Ῑ¹.
2271 2873 2477 2932 ’Ἦλθεν
2505 2873 2601 2933 οὖν
2637 2880 2798 2937 πάλιν
2823 2882 2852 2934 6
2884 2881 3010 2950 δφις
3051 2880 3224 2950 ἄφνω,
3259 2884 3347 2936 καὶ
3372 2884 3543 2937 ἔδακε
3576 2885 3681 2954 τὴν

421 2984 648 3024 uxorem
682 2967 799 3036 ejus
839 2965 1150 3020 momordit.
1185 2964 1262 3018 ita
1293 2981 1439 3019 mors
1473 2966 1636 3028 subit,
1668 2973 1728 3019 ut
1752 2963 1858 3028 fur,
1887 2978 1991 3033 qua

2102 2970 2327 3036 γυναῖκα
2351 2968 2518 3022 αὐτοῦ
2537 2987 2558 3002 ο
2583 2969 2758 3034 οὕτως
2780 2969 3001 3040 ἔρχεται
3019 2973 3046 3024 ὁ
3063 2971 3293 3035 θάνατος
3312 2973 3386 3036 ὡς
3401 2974 3673 3045 κλέπτης.

418 3061 505 3114 die
539 3074 642 3115 non
673 3068 1073 3128 exspectamus,
1102 3065 1156 3110 et
1188 3071 1284 3110 nos
1315 3056 1536 3126 abripit.
1566 3055 1760 3110 Mulier
1786 3055 1992 3110 vocife-

2102 3059 2153 3110 ὲν
2181 3057 2365 3128 ἡμέρᾳ
2495 3057 2556 3110 οὐ
2604 3051 3017 3130 προσδοκῶμεν,
3065 3059 3160 3112 καὶ
3217 3057 3458 3130 ἁρπάζει
3503 3064 3674 3131 ἡμεῖς.

416 3160 605 3217 ratur;
633 3160 689 3206 et
724 3115 807 3202 vir
849 3147 967 3215 ejus
1013 3148 1206 3216 lugens
1234 3155 1290 3201 et
1321 3115 1613 3215 deplorans
1662 3146 1893 3202 accedit.
1924 3145 1992 3200 Et

2102 3115 2350 3221 "Ex'paés.
2371 3115 2469 3206 κὲι
2497 3153 2530 3220 ἠ
2559 3115 2697 3223 γυνή
2717 3169 2733 3183 ·
2774 3153 2870 3204 καὶ
2895 3115 3064 3223 ἦλθεν
3091 3153 3120 3205 6
3149 3115 3291 3223 ἀνὴρ
3333 3115 3678 3223 αότῆςηόδόο

419 3244 524 3297 hoc
573 3241 760 3296 audito
805 3241 964 3295 amici
999 3249 1054 3296 et
1083 3241 1298 3309 cognati
1351 3241 1543 3295 ﬂentes
1594 3249 1988 3304 convenerunt.

2102 3238 2327 3312 ρόμενος
2353 3241 2449 3292 καὶ
2474 3240 2720 3311 θρηνῶν·
2741 3241 2836 3294 καὶ
2865 3239 3202 3304 ἀκούσαντες
3225 3243 3277 3295 oi
3300 3243 3678 3309 γείτονες,ιεαὶ

416 3333 590 3406 llomo
636 3334 830 3387 iterum
871 3332 1100 3388 medicis
1150 3332 1434 3387 accersitis
1480 3331 1770 3400 pollicetur
1811 3332 1892 3386 eis
1929 3346 1991 3386 se

2102 3330 2144 3384 οί
2190 3330 2356 3409 φίλοι,
2387 3331 2481 3384 καὶ
2539 3333 2589 3384 οί
2641 3334 2944 3400 συγγενεῖς,
2977 3332 3323 3404 συνήχθησαν
3369 3335 3674 3399 κλαίοντες.

416 3427 678 3496 pecunias
729 3425 1073 3494 largiturum,
1104 3424 1150 3478 si
1180 3439 1401 3478 uxorem
1433 3423 1552 3492 ejus
1575 3439 1606 3478 a
1644 3433 1818 3478 morte
1855 3423 1993 3477 libe-

2106 3423 2365 3476 Ἐκάλεσε
2395 3423 2560 3484 πάλιν
2589 3423 2618 3476 ό
2658 3423 2951 3494 ἄνθρωπος
2996 3424 3126 3487 τοὺς
3170 3425 3392 3494 ἰατροὺς
3437 3427 3677 3497 ὑποσχό-

421 3520 670 3572 t'averint
698 3536 711 3571 :
745 3527 800 3570 at
833 3518 907 3571 illi
936 3517 1122 3572 multis
1149 3515 1430 3571 laboribus
1449 3514 1768 3578 exantlatis,
1795 3512 1990 3583 juvaro

2102 3530 2257 3586 μενος
2277 3514 2539 3586 χρήματα
2573 3514 2837 3585 παρέχειν
2875 3515 3084 3580 αὐτοῖς,
3117 3515 3211 3568 ἐὰν
3251 3516 3537 3586 ρύσωνται
3580 3523 3678 3590 τὴν

419 3611 644 3664 minime
681 3617 995 3678 potuerunt.
1035 3607 1221 3674 Quare
1248 3607 1456 3662 interiit
1487 3605 1682 3659 mulier
1711 3620 1726 3657 :
1756 3606 1818 3657 et'
1838 3603 1988 3660 solus

2102 3605 2328 3672 γυναῖκα
2357 3603 2520 3656 αὐτοῦ
2551 3603 2661 3657 ἀπὸ
2709 3603 2806 3657 τοῦ
2845 3605 3105 3662 θανάτου.
3145 3606 3252 3658 Καὶ
3293 3609 3444 3660 πάνυ
3503 3610 3678 3664 πολλὰ

419 3703 614 3756 viduus
644 3716 708 3755 ac
747 3702 996 3756 desertus
1027 3701 1171 3756 domi
1203 3700 1497 3764 remansit;
1521 3696 1898 3754 etamicorum
1923 3709 1990 3749 ac

2102 3695 2480 3760 κοπιάσαντες,
2515 3695 2670 3774 οὐδὲν
2695 3695 2980 3766 ὠφελῆσαι
3034 3697 3281 3767 ἴσχυσαν.
3319 3699 3594 3754 Ἀπέθανε
3622 3701 3680 3754 δὲ

417 3793 945 3860 consanguineorum
1000 3791 1232 3846 consilio
1285 3805 1452 3855 usus,
1496 3803 1620 3844 cum
1659 3801 1822 3856 super
1869 3801 1988 3841 sero

2102 3791 2185 3844 καὶ
2206 3792 2239 3860 ἡ
2266 3789 2427 3860 γυνὴ,
2457 3792 2553 3846 καὶ
2577 3791 2840 3861 ἔμεινενό
2877 3791 3165 3862 ἄνθρωπος
3205 3793 3365 3863 μόνος
3423 3812 3489 3863 με
3499 3813 3680 3865 μονω-

417 3891 582 3953 pente
621 3889 815 3936 cuncta
855 3897 976 3952 quas
1031 3882 1182 3952 prius
1227 3891 1553 3945 evenerant,
1588 3880 1720 3950 ipsis
1748 3893 1992 3935 comme-

2102 3883 2256 3954 μένος
2277 3885 2335 3937 ὲν
2362 3883 2440 3952 τῷ
2463 3884 2620 3954 οἴκῳ·
2662 3883 2756 3938 καὶ
2781 3882 2967 3937 λαϐὼν
2998 3885 3099 3956 τὴν
3140 3885 3337 3956 βουλὴν
3368 3887 3482 3939 τῶν
3511 3890 3681 3958 φίλων

420 3982 710 4037 morasset,
761 3972 902 4028 idem
947 3973 995 4027 ei
1042 3987 1232 4028 omnes
1281 3972 1566 4028 consilium
1609 3971 1894 4034 dederunt,
1932 3978 1992 4025 ut

2102 3971 2258 4028 αὐτοῦ
2317 3974 2412 4028 καὶ
2459 3974 2742 4041 συγγενῶν
2785 3975 2914 4043 περὶ
2958 3974 3052 4027 τοῦ
3103 3976 3298 4044 δφεως,
3341 3979 3680 4044 άναγγείλας

410 4076 652 4130 anguem
683 4061 1027 4116 interimeret
1055 4078 1070 4115 :
1103 4062 1540 4131 quandoquidem
1574 4061 1816 4116 futurum
1847 4069 1987 4126 erat,

2102 4063 2276 4127 αὐτοῖς
2340 4063 2520 4117 πάντα
2575 4063 2646 4117 τὰ
2697 4065 3071 4135 προγεγονότα
3100 4104 3116 4127 ,
3179 4065 3682 4119 συνεϐουλεύσαντο

421 4166 476 4208 ut
512 4155 703 4208 herum
751 4169 967 4222 quoque
1010 4153 1360 4209 interﬁceret.
1395 4153 1501 4209 Sed
1543 4169 1665 4208 cum
1709 4155 1777 4208 ad
1810 4153 1988 4208 locum

2102 4155 2257 4208 αὑτὸν
2288 4155 2490 4217 πάντες
2529 4153 2628 4207 τὸν·
2674 4153 2802 4223 ὅφιν
2848 4155 3193 4217 ἀποκτείναι,
3229 4155 3358 4208 ἐπεὶ
3391 4157 3490 4208 καὶ
3513 4157 3679 4210 αὐτὸν

419 4243 680 4307 venisset,
727 4245 1116 4297 observaturus
1163 4244 1531 4314 egredientem
1564 4252 1898 4313 serpentem,
1932 4250 1993 4297 ut

2102 4245 2284 4317 μέλλει
2311 4245 2642 4300 θανατῶσαι.
2678 4245 2787 4299 Καὶ
2814 4245 2890 4308 ὡς
2936 4245 3174 4314 ἐπῆλθεν
3213 4247 3307 4298 ἐπὶ
3351 4247 3444 4298 τὸν
3488 4249 3681 4313 τόπον,

419 4352 545 4392 eum
580 4346 800 4391 necaret
829 4353 844 4392 :
881 4337 1007 4390 dum
1043 4337 1228 4390 sedem
1263 4335 1604 4390 numismatis
1647 4335 1900 4396 attendit,
1935 4341 1991 4388 et

2102 4337 2288 4408 ὲτήρει
2316 4336 2466 4400 ὃπως
2501 4335 2789 4404 ἐξελθόντα
2821 4336 2914 4390 τὸν
2951 4335 3097 4405 ὅφιν,
3145 4337 3438 4408 θανατώσῃ
3494 4341 3678 4396 αὐτόν.

421 4428 475 4482 in
510 4442 576 4482 eo
602 4426 792 4496 jacens
827 4427 1184 4497 margaritum
1237 4427 1434 4490 cernit,
1468 4426 1781 4491 candidum,
1809 4433 1862 4480 ct
1890 4439 1991 4494 pu-

2111 4428 2370 4493 Ἀτενίζει
2391 4428 2448 4481 δὲ
2471 4429 2553 4493 είς
2573 4429 2665 4482 τὸν
2689 4429 2855 4484 τόπον
2885 4428 2978 4482 τοῦ
3013 4429 3374 4499 νομίσματος,
3416 4430 3515 4482 καὶ
3556 4431 3678 4492 βλέ-

421 4532 569 4582 rum,
620 4532 683 4570 ac
735 4517 1077 4585 pretiosum,
1143 4515 1370 4584 aqualis
1425 4515 1582 4570 molis
1645 4527 1810 4584 atque
1874 4522 1993 4570 erat

424 4607 694 4660 tnnnisma
720 4627 732 4662 :
760 4607 965 4676 ingenti
999 4606 1196 4676 gaudio
1222 4607 1517 4669 delibutus,
1552 4617 1832 4674 acceptam
1858 4621 1995 4665 mar-

421 4700 654 4769 garitam
684 4699 734 4752 in
769 4697 908 4752 hanc
933 4707 988 4752 et
1015 4697 1158 4751 illam
1193 4705 1401 4767 partem
1429 4699 1752 4752 obvertebat
1787 4697 1842 4752 in
1874 4697 1992 4752 vola

421 4805 653 4855 manus,
711 4802 829 4858 pm
881 4789 1066 4844 lanitia
1118 4803 1329 4844 summa
1367 4803 1430 4842 ac
1463 4788 1722 4854 lubentia,
1775 4797 1832 4843 ut
1879 4788 1992 4856 jam

421 4883 620 4936 oblitus
665 4883 813 4938 necis
865 4882 958 4936 lilii
994 4892 1047 4938 et
1078 4881 1324 4952 conjugis
1358 4889 1412 4936 et
1445 4881 1685 4934 ornnium
1720 4897 1941 4936 suorum
1974 4897 1992 4946 ;

423 4976 670 5044 dixitque
719 4976 857 5045 apud
893 4991 1000 5031 se:
1055 4975 1323 5042 Quoniam
1377 4975 1465 5028 hic
1516 4989 1742 5041 serpens
1790 4973 1993 5027 nummi

422 5067 662 5122 dolorem
727 5076 780 5121 et
843 5066 1077 5136 speciem
1130 5067 1184 5120 in
1246 5065 1535 5135 puritatem
1590 5075 1645 5118 et
1697 5064 1994 5119 candorem

425 5161 644 5215 unionis
697 5159 1096 5223 commutavit,
1163 5174 1390 5229 prorsus
1459 5159 1620 5212 etiam
1678 5156 1994 5226 pestiferum

425 5254 574 5308 virus
609 5267 764 5307 suum
805 5251 1008 5315 amisit,
1055 5265 1155 5303 nec
1205 5249 1434 5316 amplius
1471 5250 1723 5318 cuiquam
1757 5249 1991 5303 nocebit.

497 5432 590 5485 XI.
637 5429 682 5486 0
711 5427 1039 5484 dementiam
1068 5427 1084 5480 ι
1115 5426 1206 5481 Sic
1239 5440 1338 5480 nos
1399 5439 1588 5479 omnes
1634 5425 1998 5494 (cltarissimi)

426 5540 650 5592 serpens
682 5524 938 5592 antiquus
970 5519 1158 5576 fraude
1186 5528 1242 5574 et
1267 5533 1456 5574 errore
1489 5519 1670 5572 inanis
1689 5517 1848 5586 hujus
1874 5517 1998 5572 vita:

430 5615 628 5680 deripit
667 5624 725 5668 ut
761 5629 860 5670 nos
907 5628 936 5668 a
988 5613 1162 5668 salute
1205 5622 1260 5666 et
1295 5610 1388 5664 Dei
1421 5609 1753 5678 benignitate
1783 5611 1998 5675 avertit,

431 5718 594 5775 atque
627 5707 732 5778 igni
758 5707 1091 5777 sempiterno
1129 5706 1291 5762 tradit
1331 5724 1343 5760 :
1374 5703 1442 5757 ita
1479 5719 1692 5775 quoque
1723 5719 1783 5758 se
1838 5705 1999 5758 habet

2097 4537 2186 4573 πει
2215 4520 2470 4590 κείμενον
2498 4521 2616 4573 ὲκεῖ
2650 4521 3002 4591 μαργαρίτην
3037 4517 3235 4574 λευκὸν
3273 4523 3371 4573 καὶ
3431 4522 3675 4593 καθαρῆν

2095 4610 2188 4662 καὶ
2237 4581 2559 4679 πολύτιμον,
2611 4581 3092 4679 ἰσόσταθμονττοῦ
3156 4610 3517 4680 νομίσματος.

2097 4700 2400 4770 περιχαρὴς
2446 4702 2782 4772 γενόμενος,
2829 4700 3010 4754 λαϐὼν
3061 4701 3154 4754 τὸν
3202 4703 3561 4772 μαργαρίτην
3603 4703 3674 4754 διο

2099 4785 2477 4862 έστρεφενῶδε
2499 4793 2658 4844 κάκεῖ
2683 4795 2739 4846 ὲν
2769 4795 2834 4862 τῇ
2859 4791 3090 4864 παλάμῃ
3115 4791 3303 4858 αὐτοῦ,
3330 4794 3389 4846 ὲν
3416 4794 3681 4861 ἀγαλλιά-

2099 4883 2395 4955 σειπολλῇ,
2438 4884 2514 4948 ὼς
2553 4883 2945 4953 ἐπιλαθόμενος
2992 4863 3088 4936 τοῦ
3129 4883 3363 4939 θανάτου
3408 4863 3502 4940 τοῦ
3557 4883 3678 4940 olei

2099 4975 2264 5029 αὑτοῦ
2291 4977 2385 5029 καὶ
2431 4977 2530 5046 τῆς
2567 4974 2848 5040 γυναικὸς,
2891 4975 2986 5028 καὶ
3031 4976 3251 5050 πάντων
3305 4977 3414 5028 τῶν
3468 4977 3674 5032 αὐτοῦ’

2098 5069 2194 5122 καὶ
2229 5066 2383 5122 εἶπεν
2425 5067 2599 5138 αὐτῷ·
2649 5068 2870 5137 Ἐπειδὴ
2912 5068 2940 5121 6
2984 5067 3107 5137 δφις
3147 5061 3303 5132 οὗτος
3341 5069 3542 5139 ἢλλαξε
3585 5071 3678 5140 τὴν

2099 5155 2288 5226 χροιὰν
2325 5141 2436 5207 ’ποῦ’
2451 5155 2784 5224 νομίσματος
2813 5156 2892 5216 είς
2913 5153 3011 5225 τὴν
3041 5153 3390 5227 καθαρότητα
3433 5157 3529 5208 καὶ
3556 5156 3676 5208 itau-

2098 5247 2305 5316 κὸτητα
2331 5245 2426 5299 τοῦ
2457 5245 2818 5316 μαργαρίτου,
2854 5247 3070 5308 πάντως
3099 5248 3196 5299 καὶ
3231 5245 3322 5298 τόν
3367 5246 3676 5318 θανατηφό-

2105 5353 2196 5407 ρον
2224 5335 2391 5390 αὑτοῦ
2426 5336 2502 5388 ίὺν
2539 5335 2760 5406 ⁴ἢλλαξε,
2807 5337 2898 5388 καὶ
2926 5336 3111 5390 οὐκέτι
3140 5336 3368 5405 βλάπτει
3389 5340 3536 5392 τινά.

2172 5428 2273 5479 IA'.
2328 5426 2391 5478 Ὦ
2428 5425 2526 5495 τῆς
2558 5425 2780 5488 ἀνοίαςι
2811 5424 2986 5488 οὕτως
3021 5427 3168 5496 ἡμᾶς
3218 5429 3404 5497 ἀπατᾷ
3449 5427 3673 5491 πάντας,

2103 5519 2396 5589 ἀγαπητοὶ,
2428 5521 2492 5589 τῇ
2524 5518 2710 5590 ἀπάτῃ
2744 5519 2840 5572 καὶ
2878 5519 3056 5590 πλάνῃ
3099 5519 3194 5572 τοῦ
3232 5519 3466 5589 ματαίου
3491 5519 3671 5573 τούτου

2107 5612 2245 5682 βὲου,
2285 5611 2372 5664 ἵνα
2427 5609 2851 5682 άπαλλοτριώσῃ
2900 5612 3050 5683 ἡμᾶς
3102 5611 3199 5680 τῆς
3255 5611 3535 5682 σωτηρίας
3590 5610 3673 5663 καὶ

2105 5705 2200 5776 τῆς
2227 5705 2317 5758 τοῦ
2369 5704 2514 5758 θείου
2568 5701 3120 5778 φι).ανθρωπίας,κρ,ὶ
3172 5702 3486 5774 παραδώσει
3535 5701 3671 5772 ᾕρεε
