3932 6214
219 239 357 304 1225

1357 229 1488 290 CUI
1527 230 1703 291 VITA
1741 225 2072 289 HUMANA
2111 223 2230 284 SIT
2269 218 2580 281 SIMILIS.

3323 209 3460 274 1226

213 353 291 420 τῷ
320 346 520 414 αίωνίῳ
556 341 710 413 πυρί.
755 341 912 396 Οὕτω
958 341 1052 395 καὶ
1107 339 1168 392 τὸ
1219 339 1409 414 δέλεαρ
1437 341 1548 395 τῶν
1593 341 1788 396 ἁλιέων

1920 340 2230 391 .iscatorum
2281 345 2428 395 esca,
2486 343 2550 382 ac
2615 333 2901 396 propterea
2958 321 3268 377 nominatur
3313 333 3462 387 esca,

213 441 349 496 ἐστί.
377 438 486 492 Καὶ
523 435 611 488 διὰ
647 433 808 487 τοῦτο
861 433 1106 488 καλεῖται
1155 426 1370 502 δέλεαρ,
1400 433 1588 502 ἐπειδὴ
1635 433 1786 495 δόλος
1829 444 1835 452 ·

213 532 361 585 ἐστὶν
401 531 459 582 ὲν
493 527 777 598 ἀγκίστρῳ
830 525 1054 578 ἀπατῶν
1107 526 1236 589 τοὺς
1295 525 1506 594 ἰχθύας.
1541 525 1788 576 Κινείται

213 627 323 694 γὰρ
355 621 664 694 ἔμπροσθεν
693 621 786 674 τοῦ
821 619 1003 691 ἰχθύος
1033 619 1095 672 τὸ
1125 619 1317 690 δέλεαρ
1343 619 1638 690 ἀπατηλῶς
1670 618 1789 672 ’ἵνα

211 715 404 769 τοῦτον
439 713 794 783 κρεμάμενον
828 713 885 764 ὲν
918 711 996 780 τῷ
1046 711 1332 782 ἀγκίστρῳ
1382 709 1791 779 καταγέλαστον

213 808 384 859 πᾶσιν
431 804 712 874 ἀποδείξῃ,
749 804 844 857 καὶ
891 803 970 872 τῷ
1016 803 1150 873 πυρὶ
1184 803 1506 874 παραδώσῃ.
1547 795 1676 854 Ὧδε
1727 801 1792 873 δὴ

214 897 312 950 καὶ
359 896 519 964 ἡμεῖς
553 894 794 956 ἅπαντες
855 892 962 945 ὑπὸ
1011 892 1105 944 τοῦ
1141 893 1380 963 πονηροῦ
1432 889 1789 960 ἀπατώμεθα.

217 987 400 1050 Ὃλως
423 987 532 1055 γὰρ
564 987 592 1038 6
635 987 838 1054 κόσμος
869 985 926 1036 ὲν
956 983 1034 1053 τῷ
1096 982 1322 1053 πονηρῷ
1372 985 1550 1035 κεῖται
1584 998 1602 1016 ο
1627 979 1792 1050 γινώ-

221 1095 431 1148 σκομεν
461 1077 517 1129 δὲ
551 1077 792 1138 ἅπαντες
833 1075 932 1145 τὴν
982 1074 1186 1144 βλάϐην
1220 1076 1317 1144 τῆς
1348 1073 1623 1144 ἁμαρτίας
1657 1091 1668 1104 ’
1702 1073 1796 1126 καὶ

217 1168 360 1239 πρὸς
392 1167 564 1236 αὐτὴν
597 1165 901 1228 σπουδαίως
926 1165 1020 1218 καὶ
1052 1163 1350 1235 προθύμως
1389 1164 1596 1234 τρέχει,
1637 1163 1726 1216 ῐνα
1767 1163 1796 1215 6

218 1259 358 1312 λέων
391 1257 588 1310 τοῦτσν
618 1255 915 1325 συντρίψας
947 1255 1268 1324 καταφάγῃ.

296 1350 403 1401 ΙΒ’.
467 1343 600 1400 Εἶτα
629 1347 658 1398 6
704 1347 1057 1415 ἡπατημένος
1109 1347 1394 1416 ἄνθρωπος
1446 1346 1555 1400 ἀπὺ
1597 1343 1796 1414 πολλῆς

221 1442 401 1512 χαρᾶς
429 1437 524 1492 τοῦ
552 1437 912 1509 μαργαρίτου,
936 1437 1139 1508 ἤρξατο
1165 1439 1352 1491 ἔκτοτε
1403 1439 1689 1508 καθαίρειν
1709 1423 1801 1490 τὸν

223 1532 412 1592 τόπον,
438 1529 533 1580 καὶ
563 1527 834 1596 ραντίζειν
863 1527 958 1579 καὶ
1009 1527 1228 1598 θυμιᾷν,
1282 1527 1377 1578 καὶ
1421 1525 1633 1595 εὔοσμα
1677 1543 1801 1580 τινα

224 1620 533 1692 ἐκρίπτειν.
577 1618 834 1688 Ἐποίησε
862 1617 918 1670 δὲ
961 1619 989 1670 6
1015 1617 1132 1686 ὄφις
1167 1619 1381 1691 χρόνον,
1412 1618 1534 1670 καθ’
1563 1618 1800 1686 ἑκάστην

1895 406 2018 498 quia
2067 425 2215 480 fraus
2273 433 2356 477 est
2413 422 2465 474 in
2510 419 2694 480 hamo.
2733 430 2840 486 quo
2899 414 3074 485 pisces
3135 406 3393 466 falluntur
3446 430 3460 466 ι

1895 519 2130 586 agitatur
2165 515 2310 568 enim
2370 510 2746 564 fraudulenter
2789 520 2914 560 esca
2968 513 3092 558 ante
3150 503 3376 572 piscem,
3407 514 3468 562 ut

1896 624 2019 664 eum
2057 607 2382 676 pendentem
2417 605 2469 657 iu
2505 605 2668 656 batno
2724 601 2964 670 piscator
3009 597 3264 653 omnibus
3286 598 3468 652 riden-

1901 701 2028 753 dum
2065 708 2358 769 proponat,
2392 696 2520 750 etin
2571 694 2745 761 ignem
2777 691 3072 762 conjiciat:
3113 691 3184 744 ita
3223 689 3469 762 profecto

1902 807 2001 844 nos
2033 804 2222 842 omnes
2255 803 2282 840 a
2314 786 2460 842 malo
2494 786 2816 854 decipimur.
2846 781 3078 836 Mundus
3121 782 3318 851 quippe
3349 796 3470 836 om-

1903 879 1987 934 nis
2006 877 2228 932 omnino
2253 876 2401 946 jacet
2424 876 2478 928 in
2507 874 2648 928 malo
2687 891 2700 926 :
2733 873 2962 942 quisque
3017 885 3145 928 vero
3178 885 3470 926 nocumen-

1905 977 2016 1023 tum
2049 967 2235 1022 delicti
2270 966 2582 1036 cognoscit;
2617 974 2669 1018 et
2699 965 2765 1018 ad
2817 964 2868 1018 id
2902 973 3078 1018 tamen
3119 962 3368 1020 celeriter
3410 953 3473 1018 iet

1905 1059 2164 1113 alacriter
2191 1059 2363 1114 currit
2394 1073 2408 1115 :
2441 1057 2656 1118 interim
2708 1055 2946 1112 animam
2983 1057 3218 1111 conterit
3269 1065 3324 1111 et
3375 1057 3472 1112 de~
3547 1042 3558 1053 ’

1904 1165 2028 1204 vora
2037 1159 2078 1204 ι.

1975 1331 2096 1387 Xll.
2129 1330 2260 1386 Post
2302 1331 2390 1384 illa
2421 1329 2678 1398 deceptus
2745 1331 2908 1385 homo
2968 1345 3078 1399 prae
3126 1329 3320 1400 gaudio
3375 1330 3475 1384 im-

1916 1438 2125 1483 menso,
2159 1421 2435 1490 margariti
2498 1421 2670 1476 locum
2731 1436 2960 1491 purgare
2996 1421 3178 1490 cmpit,
3215 1420 3472 1483 lustrare,

1890 1521 2216 1581 ‘aspergere,
2271 1523 2326 1567 et
2373 1511 2576 1574 sumre,
2620 1513 2800 1581 ibique
2851 1511 3224 1566 suaveolentes
3279 1513 3476 1566 odores

1907 1604 2170 1671 quosdam
2191 1601 2536 1672 profundere.
2555 1602 2764 1672 Anguis
2787 1613 2963 1656 autem
2983 1617 3080 1671 per
3103 1603 3346 1669 singulos
3360 1603 3479 1659 dies

224 1711 442 1782 ἡμέραν
477 1709 732 1780 παρέχων
770 1707 918 1779 αὐτῷ
955 1711 1304 1780 μαργαρίτην
1347 1709 1670 1776 πολύτιμον.
1698 1708 1808 1762 Καὶ

1920 1693 2156 1762 perstitit
2194 1694 2451 1748 exhibere
2474 1693 2572 1762 ipsi
2619 1693 2846 1761 impensi
2885 1693 3043 1762 pretii
3087 1694 3472 1760 margaritum:

231 1803 358 1856 ίδὼν
389 1802 418 1852 ὁ
464 1799 752 1870 ἄνθρωπος
797 1799 860 1852 τὸ
890 1799 1094 1869 πλῆθος
1139 1800 1246 1854 τῶν
1289 1799 1665 1872 μαργαριτῶν,
1691 1795 1810 1854 εἷτα

227 1891 410 1947 λαϐὼν
450 1891 693 1962 χρυσίον,
727 1890 985 1962 ἐποίησεν
1014 1890 1076 1954 ἐξ
1115 1891 1282 1945 αὑτοῦ
1313 1891 1527 1958 πυξίον,
1545 1891 1644 1944 καὶ
1685 1890 1812 1944 ἐϐα-

228 1983 320 2036 λεν
348 1984 405 2036 ἐν
439 1980 586 2050 αὐτῷ
626 1981 755 2042 τοὺς
809 1979 1156 2050 μαργαρίτας
1183 1983 1278 2034 καὶ
1326 1982 1395 2036 τὰ
1439 1981 1608 2036 λοιπὰ
1658 1979 1810 2050 νομί-

225 2089 435 2143 σματα.
473 2072 584 2124 Καὶ
624 2069 810 2124 λοιπὸν
829 2069 1033 2142 ἤρξατο
1083 2070 1262 2142 ζητεῖν
1297 2072 1460 2124 τόπον
1507 2071 1812 2142 ἐπιτήδειον
1849 2097 1862 2111 ι

229 2162 328 2216 καὶ
344 2161 698 2230 φυλακτικὸν,
721 2161 870 2224 ὅπως
886 2161 1072 2234 κρύψῃ
1087 2162 1220 2215 αὑτό
1242 2179 1256 2192 ·
1283 2163 1376 2216 καὶ
1392 2162 1564 2216 πολλὰ
1587 2163 1814 2234 ἐρευνή-

234 2269 334 2315 σας
357 2252 457 2321 οὐχ
484 2246 664 2321 εὗρεν,
723 2252 774 2303 εί
809 2251 886 2321 μὴ
907 2251 1166 2306 ὑποκάτω
1187 2252 1291 2322 τῆς
1317 2254 1562 2323 κεφαλῆς
1589 2252 1752 2307 αὑτοῦ
1796 2270 1810 2288 ο

233 2343 540 2414 καὶόρὺξας
558 2343 657 2414 τὴν
677 2343 778 2413 γῆν
798 2343 1034 2414 ἔκρυψεν
1057 2345 1191 2398 αὐτό
1215 2362 1229 2377 '
1258 2347 1396 2416 μήτε
1419 2346 1632 2409 τέκνου,
1675 2347 1828 2418 μήτε·

235 2435 495 2500 γυναικὸς
529 2433 826 2504 φροντίζων
864 2449 876 2462 ⁸
911 2435 1005 2488 καὶ
1025 2436 1083 2489 ὲν
1111 2436 1221 2506 ὅσῳ
1240 2437 1447 2508 ἐτρύφα
1472 2435 1813 2511 ἀμερίμνως,

235 2521 401 2596 ἦλθεν
427 2529 454 2578 ὁ
479 2525 601 2595 ὄφις
630 2525 803 2594 ἄφνω,
823 2525 918 2580 καὶ
941 2526 1098 2580 ἔδακε
1132 2528 1224 2581 τὸν
1270 2529 1406 2584 πόδα
1439 2529 1607 2585 αὑτοῦ
1641 2544 1656 2558 ’
1679 2527 1817 2598 κρά-

235 2613 428 2678 ξαντος
446 2614 503 2666 δὲ
537 2617 688 2685 φωνῇ
719 2614 952 2686 μεγάλῃ,
987 2615 1333 2687 συνήχθησαν
1376 2619 1582 2700 πάντες
1613 2617 1664 2670 oi
1695 2617 1815 2686 γεί-

234 2723 390 2770 τονες
425 2706 520 2760 καὶ
541 2708 589 2760 oi
613 2706 755 2776 φίλοι
773 2705 940 2760 αὑτοῦ
970 2707 1064 2760 καὶ
1087 2709 1136 2760 οί
1175 2711 1477 2777 συγγενεῖς,
1511 2710 1814 2774 κλαίοντες,

238 2798 336 2853 καὶ
385 2799 724 2872 μεμφόμενοι
751 2799 935 2862 αὐτὸν,
959 2799 1052 2854 καὶ
1094 2798 1342 2867 λέγοντες
1374 2817 1389 2832 ·
1426 2800 1538 2853 Οὐκ
1589 2800 1817 2872 εἴπομέν

233 2907 348 2954 σοι,
391 2890 738 2943 ’Δπόκτεινον
765 2890 856 2942 τὸν
881 2888 1025 2960 ὅφιν,
1052 2891 1172 2944 ἐπεὶ
1204 2893 1298 2945 καὶ
1341 2891 1401 2946 σὲ
1437 2891 1618 2962 μέλλει
1651 2893 1814 2948 θανα-

235 2979 415 3033 τῶσαι
441 2995 457 3042 ;
488 2977 704 3048 ἀληθῶς
733 2978 798 3030 σὺ
823 2978 1046 3032 σεαυτὸν
1078 2979 1424 3042 ἀπέκτεινας.
1446 2977 1574 3034 Εἶτα
1592 2979 1816 3035 ἐκάλεσε

1919 1785 2010 1837 ille
2043 1794 2154 1837 tum
2202 1781 2618 1852 margaritarum
2669 1781 2808 1836 linea
2838 1789 2894 1835 et.
2947 1781 3098 1851 c0pia
3154 1781 3476 1846 oblectalus,

1911 1883 2023 1928 tum
2083 1888 2370 1926 aureorum
2403 1888 2749 1926 nummorum
2818 1887 3036 1938 acervo,
3066 1873 3330 1928 cistellam
3375 1873 3480 1928 sibi

1883 1962 2212 2032 ’elcgantent
2262 1960 2526 2025 condidit,
2585 1961 2637 2014 in
2690 1976 2921 2031 eamque
2975 1962 3200 2017 uniones
3243 1962 3484 2030 coniecit

1911 2065 1966 2108 et
2003 2069 2254 2108 nummos
2303 2053 2537 2122 reliquos
2565 2069 2581 2106 :
2607 2063 2664 2108 et
2710 2054 3065 2122 imposterum
3103 2057 3268 2125 etrapit
3302 2057 3480 2114 locum

1912 2157 2094 2211 aptum
2121 2159 2382 2213 quarrere,
2416 2153 2470 2198 et
2497 2143 2838 2198 commodum
2889 2154 2944 2198 et
2975 2153 3148 2198 tutum
3199 2146 3270 2200 ad
3300 2157 3484 2200 custo-

1915 2237 2084 2299 diam,
2125 2237 2176 2289 in
2224 2250 2329 2304 quo
2352 2250 2470 2291 cam
2505 2235 2841 2290 occultaret:
2878 2248 2941 2288 ac
2971 2235 3059 2290 diu
3115 2247 3484 2304 perscrutatus

1913 2341 2019 2382 non
2077 2327 2302 2390 invenit.
2365 2325 2467 2380 nisi
2525 2327 2627 2380 sub
2678 2325 2858 2394 capite
2916 2339 3016 2379 suo
3073 2335 3125 2379 et
3173 2326 3482 2386 cervicali:

1915 2417 2108 2472 deinde
2151 2418 2346 2472 ciiossa
2373 2426 2516 2471 terra
2557 2417 3000 2486 abdidit;ncque
3019 2418 3127 2486 jam
3161 2417 3256 2472 lilii
3312 2433 3489 2489 nequo

1916 2510 2102 2564 uxoris
2133 2525 2318 2564 curam
2351 2509 2576 2564 habens.
2610 2507 2810 2564 Verum
2845 2509 3061 2563 interim
3089 2511 3215 2564 dum
3254 2527 3489 2574 securus

1918 2601 2290 2663 deliciaretur,
2327 2601 2520 2671 anguis
2540 2601 2729 2669 irrepit
2758 2601 3051 2669 extemplo,
3075 2611 3128 2655 et
3158 2602 3346 2669 pedem
3373 2601 3490 2671 ejus

1919 2693 2235 2747 momordit.
2267 2693 2370 2758 Qui
2402 2707 2521 2747 cum
2551 2692 2658 2746 alta
2692 2707 2826 2747 voce
2845 2693 3224 2759 exclamasset,
3252 2695 3412 2750 vicini
3435 2707 3492 2751 et

1919 2785 2078 2839 amici
2131 2795 2185 2839 et
2242 2784 2457 2854 cognati
2512 2784 2630 2854 ejus
2710 2799 2902 2840 onmcs
2949 2788 3261 2856 congregati
3339 2798 3490 2857 sunt,

1916 2877 2106 2932 ﬂentes
2139 2889 2193 2933 et
2225 2877 2566 2945 increpantes
2599 2878 2797 2945 ipsum,
2827 2887 2990 2946 atque
3016 2879 3226 2934 aientes
3263 2879 3493 2941 :Nonne

1914 2969 2156 3022 diximus
2215 2969 2306 3022 tibi
2346 2968 2778 3023 interﬁciendum
2815 2984 2936 3024 esse
2993 2983 3324 3040 serpentem,
3365 2975 3495 3044 quia

238 3069 335 3128 καὶ
367 3065 521 3132 αὖθις
551 3071 792 3140 ἰατροὺς,
821 3071 914 3126 καὶ
965 3071 1341 3142 παρεκάλεσεν
1375 3071 1571 3135 αὐτοὺς
1619 3071 1813 3142 βοηθῆ-

1923 3060 2163 3113 futurum
2195 3069 2330 3124 erat,
2369 3071 2426 3113 ut
2460 3070 2512 3113 te
2539 3061 2918 3114 interimeret?
2949 3075 3133 3116 verum
3154 3071 3212 3115 tu
3264 3061 3494 3132 tcipsutn

241 3177 336 3212 σαι
369 3159 540 3228 αὐτῷ,
571 3159 943 3230 ὑποσχόμενος
994 3158 1116 3228 μεθ’
1149 3161 1315 3228 ὅρκου
1349 3159 1530 3214 δοῦναι
1560 3159 1742 3222 αὐτοῖς
1767 3160 1821 3213 εί

239 3267 296 3302 τι
325 3249 390 3303 ἂν
418 3251 778 3325 αἰτήσωνται,
811 3250 860 3302 εί
888 3249 1058 3319 ρυσθῇ
1088 3248 1184 3302 τοῦ
1241 3249 1474 3303 θανάτου
1508 3265 1522 3278 ο
1547 3250 1639 3302 καὶ
1664 3250 1817 3319 πάμ-

247 3336 423 3392 πολλα
501 3335 769 3406 φάρμακα
825 3335 973 3406 αὑτῷ
1019 3336 1337 3398 ποτίσαντες
1373 3375 1389 3399 ,
1439 3339 1538 3392 οὐκ
1598 3337 1818 3406 ἴσχυσαν

242 3425 410 3480 αὑτὸν
455 3425 754 3494 ὠφελῆσαι..
791 3425 1058 3496 Ὕστερον
1095 3424 1152 3478 δὲ
1177 3426 1461 3496 ἀπορήσας
1499 3427 1677 3494 πάσης
1722 3427 1819 3480 ἀν-

243 3515 522 3587 θρωπίνης
558 3515 830 3585 βοηθείας,
859 3515 1039 3580 καθὼς
1058 3496 1102 3571 ’ὁ
1131 3517 1336 3580 δίκαιος
1377 3517 1498 3570 Ἰώϐ
1521 3533 1708 3586 φησιν,
1738 3519 1821 3574 ὅτι

259 3605 625 3658 Ἐνέϐλεπον
677 3606 764 3670 εἰς
817 3604 1164 3674 ἀντίληψιν,
1207 3607 1307 3659 καὶ
1353 3609 1465 3661 οὐκ
1505 3603 1584 3676 ἦν
1617 3623 1631 3640 ·
1667 3608 1760 3661 καὶ
1793 3609 1822 3660 6

247 3697 416 3752 Δαὸὶδ
444 3695 638 3750 πάλιν
674 3694 772 3760 Μὴ
831 3695 1153 3750 πεποίθατε
1212 3695 1306 3748 ἐπ’
1358 3694 1677 3764 ἄρχοντας,
1719 3695 1819 3749 ἐπι

247 3787 418 3854 υἱοὺς
473 3785 819 3856 ἀνθρώπων,
849 3780 940 3850 οἷς
981 3787 1093 3840 οὐκ
1155 3784 1289 3840 ἔστι
1376 3786 1641 3856 σωτηρία
1669 3803 1683 3818 ·
1732 3787 1823 3840 ὅτε

245 3878 379 3946 γοῦν
407 3877 681 3946 ἠπόρησεν
723 3877 788 3928 ὲκ
835 3876 1077 3943 πάντων,
1114 3877 1429 3947 προσέφυγε
1459 3876 1536 3947 τῷ
1570 3875 1689 3946 Θεῷ
1735 3875 1823 3930 λέ-

246 3983 362 4034 γων
395 3982 410 3998 ο
442 3963 630 4033 Κύριε,
670 3962 864 4034 Κύριε,
885 3963 946 4016 τὸ
975 3963 1123 4029 ἅπαξ
1143 3965 1300 4018 τοῦτο
1333 3968 1492 4035 μόνον
1525 3981 1613 4036 μοι
1665 3965 1823 4036 χάρι-

249 4072 363 4119 σαι,
396 4055 458 4107 τὸ
491 4053 610 4124 ζῇν,
635 4054 784 4118 ὅπως
815 4055 1132 4124 μετανοήσω
1167 4071 1180 4085 ·
1205 4057 1300 4108 καὶ
1335 4055 1541 4119 οὐκέτι,
1568 4055 1630 4110 οὐ
1661 4058 1733 4126 μή
1762 4071 1822 4108 σε

247 4146 518 4215 ἀθετήσω,
539 4143 648 4196 οὐδ’
663 4143 724 4196 οὐ
743 4143 820 4215 μὴ
843 4143 1106 4214 πλανήσει
1133 4145 1239 4215 μεὸ
1262 4146 1497 4217 χαλεπὸς
1513 4140 1667 4209 οὗτος
1684 4145 1822 4216 βίος,

250 4239 344 4292 καὶ
359 4239 390 4308 ἡ
407 4235 738 4307 φιλαργυρία
759 4235 854 4290 τοῦ
867 4234 1074 4290 λοιποῦ·
1094 4236 1234 4290 ἀλλὰ
1246 4237 1549 4306 σκορπίσας
1566 4237 1742 4290 πάντα
1755 4235 1825 4295 τὰ

255 4327 570 4397 ὑπάρχοντά
588 4343 712 4396 μου,
743 4327 837 4380 καὶ
856 4326 1114 4396 μονάσας,
1140 4325 1547 4397 καθέζομαιτοῦ
1560 4325 1746 4381 λοιποῦ
1767 4329 1824 4379 ἐν

251 4421 321 4490 τῇ
336 4420 430 4488 ἐρή
440 4435 544 4488 μῳ,
560 4415 968 4488 ἀποταξάμενος
982 4417 1092 4478 τοῖς
1105 4416 1378 4487 βιωτικοῖς
1395 4416 1684 4487 πράγμασι
1732 4415 1826 4468 καὶ
1857 4397 1902 4452 ι)

253 4509 568 4580 ἐπιθυμίαις
598 4507 817 4571 ἀτόποις
849 4525 862 4540 ·
889 4509 981 4560 καὶ
1007 4509 1280 4580 φροντίζω
1306 4507 1405 4577 τῆς
1433 4507 1673 4576 ἐμαντοῦ
1724 4523 1830 4561 σω-

247 4601 469 4672 τηρίας,
503 4601 596 4654 καλ⁵
624 4598 725 4669 τῆς
757 4598 857 4668 σῆς
896 4599 1315 4670 εὐαρεστήσεως
1347 4615 1360 4628 ·
1393 4598 1567 4667 ἔγνων
1611 4598 1720 4670 γὰρ
1748 4599 1829 4652 ὅτι.

247 4693 370 4754 δλος
398 4692 427 4744 6
461 4689 575 4760 βίος
599 4683 754 4752 οὗτος
787 4688 1018 4758 μάταιός
1069 4691 1220 4742 ἑστιν
1263 4689 1358 4747 καὶ
1407 4689 1687 4759 ἀνόνητος.
1721 4689 1832 4743 Καὶ

250 4781 574 4838 ἐπεκαλεῖτο
600 4780 726 4840 τοὺς
760 4780 946 4850 ἁγίους
986 4781 1066 4844 εἰς
1095 4779 1365 4850 βοήθειαν,
1395 4781 1628 4850 ποιήσας
1674 4779 1827 4850 ἐλεη-

255 4874 494 4946 μοσύνας
542 4870 744 4934 πολλὰς
788 4871 868 4934 είς
900 4871 1026 4933 τοὺς
1075 4869 1384 4941 δεομένους,
1416 4870 1512 4923 καὶ
1568 4869 1726 4938 λόγον
1750 4870 1828 4938 τῷ

262 4957 444 5036 Χυρίῳ
493 4961 760 5026 δεδωκὼς,
793 4961 992 5032 μηκέτι
1031 4961 1493 5034 ἀθετῆσαιααὺτόν
1519 4981 1534 4994 ⁶
1587 4965 1683 5018 καὶ
1725 4965 1824 5018 ἐπ-

249 5054 487 5124 ήκουσεν
518 5053 680 5110 αὐτὸν
699 5054 728 5106 6
759 5051 910 5120 Θεὸς,
939 5051 1037 5105 καὶ
1059 5051 1352 5126 ἐχαρίσατο
1369 5053 1516 5112 αὐτῶ
1545 5053 1644 5126 τὴν
1682 5053 1825 5128 ζωην

255 5161 278 5194 ο
292 5145 440 5207 ὐτοῦ.

323 5417 422 5474 ii".
476 5418 735 5482 Ἀναστὰς
789 5417 882 5472 οὖν
919 5419 983 5472 ἐκ
1031 5419 1128 5490 τῆς
1173 5418 1504 5490 ἀρρωστίας,
1539 5419 1634 5474 καὶ
1665 5417 1813 5489 ὕγιάο

327 5598 348 5631 ’
377 5595 477 5655 Job
539 5612 665 5660 xxx,
711 5592 795 5650 l5.
896 5598 939 5628 ¹⁰
981 5595 1124 5652 Psal.
1175 5612 1312 5652 σειν
1341 5637 1355 5663 ,
1387 5599 1439 5654 5.

586 5696 852 5755 PATBOL.
891 5693 1009 5754 Gs.
1061 5695 1124 5755 C.

1881 3205 1884 3208 ί
1925 3151 2261 3206 interfecisti.
2287 3150 2490 3206 Deinde
2533 3152 2772 3206 medicos
2797 3154 3102 3217 accersivit,
3136 3167 3188 3209 et
3210 3171 3304 3211 eos
3337 3172 3498 3226 roga-

1924 3239 2114 3293 \‘itsibi
2128 3240 2400 3308 opitulari,
2420 3239 2692 3307 pollicitus
2709 3241 3213 3310 cumjurejuraudo,
3234 3246 3496 3314 quidquid

1926 3348 1953 3388 a
1981 3350 2040 3388 se
2067 3334 2396 3404 ﬂagitarent,
2433 3335 2477 3388 si
2509 3349 2538 3387 a
2582 3344 2756 3388 morte
2783 3343 3094 3388 servaretur
3124 3353 3142 3390 :
3178 3335 3251 3389 illl
3313 3338 3498 3397 multis

1926 3426 2206 3480 medicatis
2250 3425 2558 3494 potionibus
2617 3425 2664 3478 ei
2725 3424 3060 3496 pmscriptis
3122 3434 3176 3480 et
3233 3430 3500 3495 porrectis

1929 3527 2244 3566 succurrere
2271 3526 2375 3566 non
2405 3521 2732 3582 powerunt:
2758 3527 2928 3580 quare
2953 3523 3063 3567 tum
3085 3515 3324 3572 humano
3347 3519 3498 3579 omni

1927 3603 2128 3657 auxilio
2171 3603 2461 3658 destitutus
2489 3603 2570 3671 (ut
2605 3616 2725 3656 cum
2747 3602 2925 3670 justus
2951 3601 3054 3657 Job
3080 3604 3156 3657 ait
3205 3623 3220 3660 :
3278 3605 3498 3676 Respexi

1928 3693 1998 3746 ad
2011 3693 2290 3756 auxilium,
2315 3704 2359 3746 et
2382 3693 2584 3746 nullum
2601 3704 2712 3748 erat
2731 3695 2773 3756 ³,
2792 3694 3020 3749 utetiam
3056 3695 3226 3750 David
3249 3714 3260 3754 :
3295 3697 3497 3770 Nolito,

1929 3782 2122 3852 inquit,
2149 3783 2410 3858 conﬁdere
2434 3784 2487 3836 in
2513 3783 2855 3853 principibus,
2886 3785 2938 3837 in
2953 3785 3094 3854 ﬁliis
3120 3787 3410 3852 hominum,
3442 3793 3500 3841 in

1927 3873 2112 3940 quibus
2139 3889 2242 3931 non
2277 3884 2350 3929 eu
2373 3873 2520 3928 salus
2541 3873 2631 3947 ι⁸),
2667 3891 2816 3942 cum,
2857 3876 3100 3946 inquam,
3133 3878 3202 3933 ab
3239 3868 3496 3935 omnibus

1929 3965 2216 4020 destitutus
2247 3977 2313 4018 ac
2363 3963 2642 4034 depositus
2693 3975 2860 4030 esset,
2904 3967 2970 4022 ad
3029 3968 3195 4022 Deum
3231 3967 3498 4040 confugit,

1928 4059 2008 4114 sic
2055 4058 2373 4130 precando:
2433 4056 2683 4124 Domine,
2719 4059 2966 4120 Domine,
3003 4061 3107 4114 boc
3168 4059 3336 4112 semel
3361 4059 3497 4114 mibi

1932 4159 2138 4204 tantum
2193 4149 2448 4211 concede,
2479 4157 2536 4201 ut
2588 4149 2764 4202 vivam
2813 4161 2876 4202 ae
2925 4149 3238 4218 resipiscam
3293 4167 3307 4204 :
3357 4149 3502 4206 baud

1931 4256 2164 4310 unquam
2192 4242 2423 4310 amplius
2441 4250 2494 4296 te
2509 4255 2762 4309 spernam
2785 4257 2798 4296 :
2823 4255 2996 4310 neque
3016 4255 3100 4294 me
3128 4255 3364 4310 unquam
3391 4243 3501 4300 vita

1932 4335 2046 4388 haec
2079 4332 2302 4388 molesta
2355 4333 2407 4388 in
2453 4347 2696 4388 errorem
2749 4333 2988 4396 inducet,
3015 4346 3114 4386 nec
3165 4333 3391 4386 avaritia
3446 4334 3503 4388 in

1931 4433 2206 4494 posterum
2241 4439 2256 4476 :
2281 4421 2377 4478 sed
2397 4423 2636 4490 erogatis
2661 4432 2714 4476 et
2741 4423 3041 4478 distributis
3063 4423 3319 4478 omnibus
3367 4423 3504 4480 meis

1930 4511 2296 4577 facultatibus,
2321 4511 2622 4566 caelibatum
2677 4511 2874 4576 colam,
2905 4521 2959 4566 et
2989 4511 3245 4582 deinceps
3275 4515 3328 4568 in
3369 4513 3503 4568 soli-

1931 4602 2117 4658 tudine
2148 4601 2444 4656 considebo
2481 4601 2771 4657 :umnibus
2827 4600 3078 4655 humana:
3109 4602 3230 4655 vitae
3272 4603 3504 4671 negotiis

1933 4693 2218 4758 abdicatis,
2275 4703 2331 4748 et
2385 4693 2703 4748 libidinibus
2751 4691 3061 4746 immodicis
3093 4691 3272 4746 valere
3309 4691 3500 4760 jussis.

1933 4785 2125 4842 salutis
2148 4801 2281 4842 mea:
2306 4800 2498 4840 curam
2525 4785 2758 4851 habebo,
2786 4785 2948 4854 idque
2976 4799 3197 4853 cperam
3251 4785 3412 4850 dabo,
3445 4793 3503 4846 ut

1935 4878 2032 4933 tibi
2065 4864 2455 4948 complaceam.
2482 4877 2694 4934 Etenim
2723 4876 2844 4932 novi
2877 4891 3091 4932 omnem
3152 4877 3290 4934 banc
3337 4877 3500 4933 vitam

1935 4969 2148 5024 inanem
2197 4984 2318 5025 esse
2368 4980 2529 5038 atque
2575 4966 2986 5022 infructuosam.
3019 4967 3224 5022 Deinde
3281 4977 3503 5022 sanctos

1935 5060 2001 5114 ad
2037 5060 2296 5115 auxilium
2323 5075 2480 5114 suum
2516 5058 2869 5128 implorabat,
2914 5059 3276 5132 eleemosynis
3320 5059 3506 5114 multis

1935 5153 1988 5207 in
2020 5166 2218 5220 egenos
2239 5151 2486 5217 collatis;
2518 5159 2572 5206 et
2601 5149 2864 5206 obstricta
2891 5149 2996 5205 ﬁde
3029 5151 3274 5212 Domino,
3300 5165 3358 5206 se
3399 5163 3506 5208 non

1931 5241 2164 5311 amplius
2183 5255 2381 5295 numen
2415 5244 2814 5310 despecturum,
2873 5242 3147 5298 exaudivit
3190 5256 3312 5296 eum
3337 5239 3505 5308 Deus,

1929 5341 1985 5386 et
2017 5331 2184 5384 vitam
2211 5330 2260 5384 ei
2297 5330 2523 5401 largitus
2565 5341 2670 5387 est.
3279 5330 3285 5335 ’

1997 5418 2134 5476 Xlil.
2165 5419 2282 5477 Jam
2310 5435 2440 5477 vero
2468 5431 2742 5480 recreatus
2776 5437 2806 5478 a
2843 5423 3052 5490 morbo,
3084 5431 3134 5478 et
3163 5421 3394 5476 sanitate
3413 5433 3500 5483 re.

3065 5690 3146 5753 39
