3932 6214
273 301 400 368 1229

1287 290 1416 356 CUI
1452 290 1630 358 VITA
1665 281 1992 350 HUMANA
2031 279 2151 372 SI_T
2192 275 2501 338 SlMILlS.

3369 267 3506 332 1230

270 413 528 490 μετανοῶ.
591 413 748 476 Ἴσως
807 410 896 465 διὰ
939 407 1098 463 τοῦτο
1152 405 1445 478 ἐχαρίσατό
1508 422 1596 481 μοι
1639 405 1668 456 6
1704 401 1836 462 θεὸς

1951 398 2012 450 ita
2042 393 2290 450 recedam
2321 390 2386 444 ad
2418 385 2790 448 solitudinem,
2820 390 2874 438 et
2929 381 3244 452 paenitentia
3287 382 3456 438 ducar
3485 399 3502 438 :

265 595 360 649 καὶ
412 592 654 663 πλάνην;
695 591 984 661 ’Υπέκρινε
1031 587 1293 651 πολλάκις
1325 586 1424 657 τὴν
1467 581 1837 654 ἐλεημοσύνην

223 682 295 740 is
351 685 615 749 δείλαιος,
656 684 745 736 ἵνα
805 681 879 752 μὴ
953 679 1290 750 παραδράμῃ
1359 677 1508 748 αὐτῷ
1575 676 1634 730 τδ
1710 674 1840 744 κέρ-

222 761 226 766 ’
266 779 354 840 δος
379 791 394 806 ⁸
434 776 525 828 καὶ
569 772 726 825 τοῦτο
780 772 938 841 δῆλον
965 772 1048 824 ὅτι
1079 770 1214 841 μετά
1240 768 1412 824 ταῦτα
1457 767 1716 838 ἐμίσησεν
1745 764 1842 817 καὶ

267 867 394 928 τοὺς
427 861 696 931 πτωχοὺς,
727 861 990 930 ἀνέργους
1031 859 1128 912 καὶ
1163 855 1506 928 ἀδιακρίτους
1548 853 1842 908 ἀποκαλῶν

271 953 489 1016 αὐτοὺς,
531 951 626 1004 καὶ
671 951 951 1021 κρατήσας
993 949 1094 1012 τάς
1140 951 1330 1019 χεῖρας
1383 945 1547 1000 αὐτοῦ
1581 945 1722 1001 ἀπδκ
1743 944 1843 1011 τῆς

273 1041 660 1112 ὲλεημοσύνης,
687 1041 918 1093 δέδωκεν
951 1039 1112 1094 αὑτὸν
1143 1042 1207 1108 τῇ
1236 1037 1526 1108 εὐημερίᾳ,
1553 1037 1646 1089 καὶ
1677 1035 1841 1108 μέθῃ,

272 1136 368 1188 καὶ
396 1133 624 1203 λαγνείᾳ
646 1147 660 1161 °
693 1129 816 1184 καθ’
849 1130 1097 1200 ἑκάστην
1133 1129 1342 1199 ἡμέραν
1389 1126 1601 1198 μετρῶν
1624 1126 1682 1179 τὸ
1710 1143 1846 1196 χρυ-

231 1259 234 1263 -
274 1225 389 1278 σίον
418 1223 602 1286 αὐτοῦ,
628 1222 870 1284 καὶτοὺς
902 1219 1264 1292 μαργαρίτας.
1297 1220 1406 1272 Καὶ
1436 1219 1514 1272 ἔτι
1539 1217 1728 1272 τούτου
1755 1218 1846 1270 εὐ-

273 1313 658 1386 φραινομένου,
696 1311 788 1365 καὶ
820 1313 950 1381 περὶ
991 1310 1084 1362 τοῦ
1142 1310 1369 1362 θανάτου
1401 1310 1480 1371 είς
1518 1309 1669 1372 τέλος
1711 1310 1850 1376 ἀμε-

279 1403 618 1474 ριμνοῦντος,
688 1402 782 1455 καὶ
838 1400 1129 1468 λέγοντος’
1178 1399 1374 1467 Ψυχὴ,
1430 1398 1622 1467 φάγε,
1673 1398 1846 1456 πίνε.

273 1494 622 1564 εὐφραίνου,
646 1491 1228 1558 ὄτιέπληθύνθησαν
1258 1491 1329 1544 τὰ
1351 1489 1541 1560 ἀγαθὰ
1569 1505 1684 1542 σου
1715 1502 1728 1516 ⁸
1755 1489 1850 1541 καὶ

273 1583 751 1653 διαλογιζομένου,
787 1581 890 1634 ποῦ
939 1579 1137 1651 κρύψει
1181 1582 1252 1632 τά
1283 1579 1446 1633 λοιπά
1497 1578 1661 1631 αὐτοῦ
1698 1577 1852 1646 νομί-

150 538 160 544 -
267 473 364 576 ¹τὴν
389 502 554 573 ζωήν.
591 473 850 566 Βλέπετε,
880 473 1318 568 heauton-irim
1347 495 1442 550 τοῦ
1470 473 1592 565 βίου’
1619 491 1835 562 ἀπάτην

1951 496 2098 554 itque
2126 483 2246 538 ideo
2281 479 2508 536 fortasse
2561 477 2702 532 Deus
2752 473 2885 529 mihi
2915 475 3079 528 vitam
3138 474 3366 544 largitus
3396 487 3502 530 est.

1940 575 2148 641 Videte,
2176 569 2503 638 charissimi,
2525 568 2648 622 vita:
2695 564 2855 634 huius
2881 565 3122 620 fraudem
3152 574 3207 620 et
3237 581 3503 624 errorem.

1941 664 2305 722 Simulaverat
2337 675 2480 730 saepe
2529 657 2696 714 miser
2725 656 3149 726 eleemosynam,
3187 671 3254 710 ne
3297 656 3506 712 lucrum

1941 757 2042 812 sibi
2071 755 2346 811 excideret
2381 769 2396 807 :
2449 759 2613 820 atque
2655 749 2708 804 id
2753 762 2820 803 ex
2881 763 2947 802 eo
3003 750 3354 818 conspicuum
3385 750 3508 818 fuit,

1941 846 2081 916 quod
2106 853 2290 914 postea
2311 841 2435 894 odio
2465 839 2973 908 habuitpauperes;
3003 837 3204 892 inertes
3225 847 3276 892 et
3307 839 3514 908 impro-

1942 936 2095 990 vidos
2133 948 2226 986 eos
2255 917 2551 1000 appellans,
2575 937 2632 982 et
2663 942 2856 982 manus
2886 942 3014 982 suas
3050 929 3118 981 ab
3169 929 3513 1000 eleemosyna

1943 1039 2226 1099 roerceus,
2270 1021 2528 1090 voluptati
2555 1033 2619 1074 ac
2675 1018 2980 1074 vinolentia:
3007 1028 3062 1074 et
3104 1019 3334 1076 lasciviae
3369 1022 3514 1078 dedit

1944 1132 2023 1180 Se,
2059 1132 2248 1171 aurum
2281 1130 2435 1168 suum
2467 1120 2520 1167 et
2552 1111 2872 1181 margaritas
2933 1110 3160 1181 singulis
3197 1113 3388 1168 diebus
3423 1115 3511 1168 di-

1946 1221 2258 1262 numerans.
2293 1204 2384 1259 Sic
2414 1218 2478 1258 eo
2502 1203 2678 1256 adhuc
2707 1201 3012 1256 oblectante
3049 1217 3128 1266 se,
3155 1211 3210 1257 et
3242 1205 3308 1258 de
3339 1213 3515 1260 morte

1947 1299 2012 1352 ad
2041 1309 2340 1352 extremum
2373 1309 2564 1365 securo
2585 1334 2600 1359 ,
2636 1309 2757 1348 cum
2783 1295 2988 1348 diceret
3015 1311 3028 1348 :
3057 1293 3244 1349 Anime
3298 1297 3392 1363 mi,
3423 1313 3514 1355 το-

1947 1386 2112 1450 mede,
2135 1385 2266 1448 bibe,
2283 1384 2514 1454 epulare,
2537 1384 2658 1454 quia
2677 1382 2810 1437 bona
2835 1393 2926 1438 tua
2948 1385 3296 1452 multiplicata
3314 1398 3432 1440 sunt
3449 1387 3514 1441 ":

1949 1487 2002 1532 et
2035 1492 2158 1530 cum
2193 1475 2332 1544 apud
2377 1488 2434 1528 se
2472 1473 2756 1542 cogitaret,
2815 1473 3033 1528 ubinam
3099 1490 3346 1529 nummos
3391 1491 3520 1532 suos

1949 1564 2263 1628 occultaret,
2309 1571 2366 1616 ut
2420 1562 2572 1617 dives
2605 1562 2680 1614 ait
2740 1563 2791 1616 in
2845 1562 3138 1633 Evangelia
3181 1583 3194 1618 :
3233 1565 3520 1620 Destruam

277 1692 481 1746 σματα,
514 1677 680 1746 ἧγουν
717 1673 786 1727 τά
821 1673 1098 1744 χρήματα,
1140 1671 1214 1735 ὡς
1241 1673 1299 1726 ὲν
1321 1670 1401 1740 τῷ
1457 1669 1773 1741 Εὑαγγελίῳ
1821 1670 1850 1722 6

1951 1658 2140 1711 horrea
2158 1672 2291 1720 mea,
2321 1664 2367 1708 et
2399 1655 2604 1724 majora
2633 1656 2830 1723 faciam
2857 1656 2922 1722 υ,
2953 1657 3077 1710 huic
3124 1658 3287 1711 etiam
3317 1659 3522 1713 dictum

277 1735 762 1834 rr'itodetoguﬂéyv
795 1735 1036 1820 [ξάθὲλῶ
1083 1735 1204 1832 μου
1245 1735 1705 1828 τὰς-ἀποθήκας
1745 1735 1848 1812 θεαὶ

1953 1757 2075 1804 est:
2109 1747 2302 1812 Stulte,
2336 1747 2435 1800 hac
2465 1756 2614 1801 nocte
2648 1757 2878 1815 repetunt
2907 1747 3138 1801 animam
3185 1758 3368 1812 luam;
3410 1767 3528 1820 qua
3607 1795 3610 1798 .

276 1856 958 1930 μείζωαςοὶκοεομήσωο
997 1855 1134 1925 πρὸς
1161 1854 1221 1908 ὃν
1257 1852 1578 1928 καὶείρήθη·
1603 1853 1849 1920 "Agpor,

280 1947 469 2014 ταύτῃ
521 1945 598 2014 τῇ
636 1945 812 1998 νυκτὶ
837 1984 853 2011 ,
907 1941 1232 1998 ἀπαιτοῦσι
1280 1941 1396 2010 τὴν
1431 1941 1644 2010 ψυχήν
1698 1954 1848 1994 σου’

283 2033 322 2094 ἆ
345 2035 414 2090 δὲ
447 2037 782 2106 ἡτοίμασας
805 2036 920 2089 τίνι
951 2036 1156 2100 ﬁctae;
1201 2034 1280 2088 ἔτι
1315 2030 1407 2088 οὖν
1439 2034 1648 2087 ἐκείνου
1679 2033 1854 2088 ταῦτα

282 2127 870 2198 διαλογιζομένου,.καὶ
891 2125 1160 2194 λέγοντος,
1193 2124 1362 2179 ἐλθὼν
1387 2123 1647 2194 ἐξαίφνης
1675 2123 1703 2178 6
1726 2121 1852 2191 ὄφις

279 2216 544 2290 ἐδράξατο
565 2219 665 2287 τῆς
697 2216 922 2288 καρδίας
961 2215 1127 2268 αὐτοῦ
1167 2215 1306 2286 μετὰ
1335 2213 1686 2286 σπαραγμοῦ.
1706 2213 1856 2285 Κρά-

285 2308 476 2373 ξαντος
513 2307 570 2360 δὲ
606 2307 772 2360 αὑτοῦ
826 2305 1008 2370 πάλιν,
1039 2305 1383 2376 συνήχθησαν
1411 2307 1460 2360 οί
1499 2305 1738 2373 γείτονες
1763 2304 1858 2358 καὶ

283 2400 335 2453 οἱ
381 2397 525 2468 φίλοι
585 2396 772 2464 αὐτοῦ,
798 2396 1161 2466 ἀτιμάζοντες
1207 2397 1388 2462 αὑτὸν,
1432 2396 1528 2450 καὶ
1563 2395 1812 2463 λέγοντες
1841 2413 1854 2427 ·

283 2490 436 2546 Πάνυ
481 2488 668 2552 κακῶς
701 2487 978 2558 διεπράξω
1001 2489 1081 2552 είς
1125 2487 1224 2560 τὴν
1276 2487 1504 2541 σεαυτοῦ
1531 2487 1732 2559 ψυχὴν,
1761 2486 1861 2541 ἀθ-

285 2579 370 2634 λιε
411 2595 427 2612 ⁸
453 2578 732 2650 προέδειξὲ
766 2595 849 2632 σοι
877 2579 906 2632 6
931 2577 1065 2642 Θεὸς
1099 2578 1200 2650 τὴν
1255 2577 1628 2650 θανατηφόρον
1656 2577 1860 2648 βλάϐην

285 2669 382 2724 τοῦ
419 2670 598 2740 ὃφεως
643 2669 858 2732 τούτου,
889 2669 984 2724 καὶ
1031 2669 1118 2723 διά
1175 2667 1272 2722 τοῦ
1308 2669 1424 2724 υἱοῦ
1476 2668 1858 2740 ἠγαπημένον,

289 2759 386 2814 καὶ
415 2759 505 2814 διά
563 2759 664 2828 τῆς
717 2758 974 2826 γυναικός
1007 2775 1126 2810 σου.
1153 2757 1262 2812 Καί
1322 2773 1417 2811 σου
1467 2755 1708 2825 ἔφθασας
1760 2757 1861 2829 ἤδη

1953 1858 2073 1898 vero
2121 1844 2344 1911 parasti,
2371 1843 2524 1912 cujus
2563 1845 2764 1898 erant?
2793 1843 2976 1912 itaque
3030 1843 3121 1898 illo
3171 1845 3285 1899 hare
3343 1845 3526 1905 adhuc

1957 1949 2138 1990 secum
2171 1935 2413 2004 agitante
2453 1943 2509 1990 et
2561 1934 2837 2004 loquente,
2862 1944 3086 2004 repente
3140 1953 3362 2005 serpens
3402 1936 3526 1993 illa.

1954 2041 2107 2095 psus,
2153 2025 2509 2094 apprehendit
2552 2041 2649 2080 cor
2680 2026 2798 2096 ejus
2851 2035 2905 2080 et
2943 2027 3248 2096 discerpsit.
3285 2029 3359 2083 lbi
3413 2039 3525 2088 tum

1957 2117 2194 2171 clamore
2215 2115 2283 2170 ab
2305 2116 2424 2185 ipso
2448 2117 2704 2181 excitato,
2737 2118 3050 2186 congregati
3078 2119 3237 2174 vicini
3271 2131 3320 2174 et
3365 2121 3526 2180 amici

1957 2200 2097 2276 ejus,
2122 2206 2334 2274 probris
2368 2220 2488 2260 eum
2516 2204 2920 2270 dedecorautes,
2949 2209 3136 2264 dicunt
3163 2229 3176 2264 :
3210 2209 3346 2266 Male
3367 2225 3528 2280 pror-t

1959 2313 2051 2352 sus
2079 2297 2272 2351 animm
2293 2307 2417 2362 tuae,
2443 2297 2648 2364 infelix,
2679 2299 2996 2355 consuluisti
3023 2319 3037 2356 :
3062 2303 3394 2359 iudicaverat
3431 2306 3528 2368 tibi

1960 2387 2104 2443 Deus
2161 2388 2412 2444 lethalem
2481 2391 2750 2458 serpentis
2805 2391 2962 2460 hujus
3028 2409 3245 2460 noxam,
3317 2396 3395 2469 [et
3434 2413 3532 2467 per

1960 2493 2158 2548 equum
2205 2487 2258 2532 et
2314 2492 2409 2546 per
2458 2477 2744 2552 famulum]
2792 2490 2845 2536 et
2892 2497 2988 2552 per
3027 2485 3192 2538 lilium
3249 2485 3530 2552 dilectum,

1961 2579 2018 2624 et
2073 2579 2171 2637 per
2217 2583 2446 2624 uxorem
2509 2578 2652 2623 tuam
2701 2587 2716 2624 ι
2766 2571 2876 2641 jam
2931 2573 3017 2628 bis
3101 2574 3335 2640 cllugisti
3392 2593 3532 2634 mor-

1965 2669 2072 2714 tem
2107 2677 2122 2715 :
2154 2669 2206 2714 et
2249 2662 2575 2730 promissum
2630 2662 2742 2718 Deo
2793 2664 3021 2720 dederas
3051 2683 3170 2721 cum
3221 2668 3535 2738 iuramento

1965 2749 2078 2805 fore
2105 2759 2160 2804 ut
2197 2766 2302 2805 non
2323 2751 2554 2820 amplius
2583 2752 2908 2820 decipereris
2931 2769 3120 2809 errore
3148 2757 3324 2812 inanis
3369 2759 3532 2832 hujus

286 2848 381 2903 τὸν
415 2846 643 2902 θάνατον
691 2845 944 2918 δεύτερον
972 2863 986 2876 ·
1011 2847 1120 2900 ’καὶ
1171 2845 1378 2910 ἔδωκας
1418 2843 1577 2912 λόγον
1617 2845 1695 2914 τῷ
1744 2843 1850 2915 Θεᾷ

1965 2840 2089 2896 vitae
2123 2859 2138 2896 ι
2189 2851 2245 2897 et
2303 2841 2582 2896 exaudivit
2615 2851 2666 2897 te
2695 2842 2856 2910 Deus,
2876 2856 2933 2900 ct
2973 2835 3224 2902 excitavit
3257 2850 3453 2906 iterum
3504 2867 3537 2917 a

292 2935 417 3008 μεθ’
449 2937 632 3008 ὅρκου,
666 2937 862 3008 μηκέτι
899 2935 1244 3007 ἀπατηθῆναι
1278 2939 1344 3006 τῇ
1399 2937 1582 3008 ἀπάτῃ
1621 2934 1716 2990 τοῦ
1757 2953 1864 3006 μα-

1964 2933 2220 2997 mortuis,
2248 2942 2304 2987 et
2324 2948 2428 2988 non
2459 2933 2767 2988 intellexisti
2790 2973 2804 2999 ,
2833 2950 2866 2993 ο
2897 2935 3150 3006 deet-pte!
3183 2937 3412 2995 Pulchre
3439 2941 3538 3013 igi-
3599 2929 3606 2934 ’

299 3027 452 3081 ταίου
485 3026 678 3080 τούτου
726 3027 867 3096 βίου,
899 3027 992 3080 καὶ
1025 3026 1299 3098 ἐπήκουσέ
1349 3043 1442 3082 σου
1491 3028 1520 3080 6
1569 3026 1722 3091 Θεὸς,
1771 3027 1850 3082 καπ

1971 3032 2058 3077 tur
2129 3021 2408 3096 Scriptura
2473 3039 2627 3078 sacra
2675 3035 2876 3089 monet,
2937 3028 3300 3102 contritiouetn
3348 3049 3541 3088 sanare

293 3117 563 3188 ἀνέστησέ
601 3135 661 3172 σε
707 3120 774 3172 ὲκ
820 3118 928 3171 τῶν
965 3118 1174 3189 νεκρῶν
1221 3118 1494 3190 δεύτερον,
1530 3117 1624 3172 καὶ
1649 3118 1708 3171 οὐ
1739 3135 1850 3172 συν

1969 3131 2060 3169 cor
2083 3115 2394 3186 prudentis:
2421 3115 2637 3170 stultum
2682 3126 2856 3172 autem
2901 3118 3226 3188 ﬂagellalum
3271 3137 3374 3176 non
3417 3139 3539 3178 sen-

292 3207 471 3278 ἣκας,
530 3202 575 3261 ὦ
630 3208 971 3278 ὴπατημένε.
1023 3208 1220 3270 Καλῶς
1267 3203 1436 3277 οὖνὴ
1493 3207 1614 3260 θεία
1676 3207 1850 3278 Γραφῦ

1969 3207 2068 3261 tire
2101 3206 2166 3260 η.
2200 3206 2356 3276 Saepe
2413 3207 2506 3260 tibi
2539 3207 2822 3262 consilium
2867 3209 3111 3264 dedimus
3165 3213 3393 3268 necandi
3439 3214 3542 3270 bow.

294 3299 466 3367 λέγει,
533 3299 613 3352 ὅτι
658 3298 952 3366 Συντριὸὴ
999 3299 1312 3366 θεραπεύει
1373 3295 1624 3366 καρδίαν
1659 3298 1850 3366 φρονι-

1971 3308 2108 3355 stem
2153 3300 2481 3368 priusquam
2513 3308 2562 3354 te
2593 3299 2712 3354 neci
2761 3299 3018 3365 traderet,
3051 3310 3107 3355 et
3157 3303 3299 3358 dicto
3355 3316 3546 3362 nostro

289 3410 413 3464 μου
437 3407 452 3422 ·
503 3391 710 3460 ἄφρων
759 3391 827 3445 δὲ
875 3385 1296 3461 μαστιγωθεϊς,
1333 3393 1444 3446 οὐκ
1504 3391 1848 3446 αἰσθάνεται

1972 3391 2200 3444 audiens
2218 3405 2323 3448 non
2346 3387 2532 3444 fuisti:
2563 3399 2617 3443 ut
2638 3389 2752 3460 jam
2775 3391 2923 3444 omni
2949 3395 3299 3450 excusatione
3333 3411 3543 3456 careas.

297 3483 627 3538 Συνεϐονλεύ
635 3499 702 3536 σα
709 3482 808 3553 μέν
833 3499 914 3536 σοι
932 3482 1192 3546 πολλάκις
1209 3484 1424 3538 θανατῶ
1432 3501 1522 3538 σαι
1543 3485 1634 3536 τὸν
1655 3483 1744 3554 exe
1755 3481 1846 3554 ρον

1975 3479 2091 3546 llle,
2119 3480 2328 3534 eductis
2363 3479 2674 3549 margaritis
2705 3487 2760 3534 et
2792 3480 2971 3536 aureis
3018 3484 3253 3537 nummis
3284 3485 3536 3556 prolatis,

300 3573 432 3646 πρίν
461 3589 521 3626 σε
576 3572 737 3636 αὐτὸς
792 3571 1113 3628 θανατώσει.
1138 3573 1250 3627 Καὶ
1287 3576 1643 3648 παρήκουσας
1691 3571 1850 3643 ἡμῶν

1979 3573 2212 3628 ostendit
2240 3572 2327 3638 iis,
2357 3571 2560 3640 aitque,
2588 3570 2718 3626 Haec
2732 3572 2914 3627 omnia
2941 3587 3063 3632 sum
3088 3573 3160 3628 ab
3179 3590 3245 3630 eo
3282 3576 3548 3636 lucratus.

301 3664 488 3720 λοιπὸν
524 3663 928 3735 ἀναπολόγητος
956 3650 1008 3719 εί
1036 3667 1100 3718 ὲκ
1129 3665 1365 3720 πάντων.
1405 3666 1466 3719 '0
1500 3665 1556 3719 es
1590 3665 1846 3734 ὲξενὲγκα

1981 3660 2045 3715 Hi
2084 3662 2261 3732 capita
2294 3669 2570 3715 moventes
2600 3660 3034 3730 responderunt:
3066 3661 3158 3717 Va:
3193 3665 3311 3734 tibi,
3344 3668 3547 3733 miseri

301 3757 432 3819 τοὺς
489 3757 831 3827 μαργαρίτας
879 3757 974 3810 καὶ
1015 3756 1077 3810 τὸ
1113 3757 1360 3827 χρυσίον,
1414 3751 1614 3820 ἔδειξεν
1667 3756 1850 3820 αὐτοῖς

1983 3753 2068 3808 his
2105 3752 2251 3806 enim
2281 3751 2534 3806 omnibus
2564 3751 2810 3806 lia‘redes
2849 3752 2941 3806 alii
2967 3752 3130 3808 futuri
3162 3765 3306 3819 sunt,
3343 3761 3433 3828 qui
3468 3759 3554 3819 his

304 3845 503 3915 λέγων’
527 3845 710 3899 Ταῦτα
727 3847 902 3900 πάντα
919 3846 978 3912 ἐξ
1003 3847 1166 3902 αὐτοῦ
1189 3848 1278 3901 ὲκέ
1288 3847 1476 3920 ρδησα.
1503 3849 1566 3902 Oi
1581 3847 1639 3900 δὲ
1669 3845 1850 3900 κινοῦν

1983 3842 2299 3914 potientur:
2339 3850 2392 3895 at
2439 3850 2493 3894 tu
2553 3838 2649 3894 Dei
2699 3839 2836 3894 iram
2869 3844 3191 3912 provocasti,
3225 3854 3280 3901 et
3315 3848 3552 3906 animant

302 3952 399 4000 τες
463 3934 564 4000 τὰς
615 3935 856 4006 κεφαλὰς
915 3935 1120 4002 αὐτῶν,
1163 3933 1329 3994 ,εἷπον
1357 3935 1540 4008 αὐτῷ·
1575 3936 1713 3991 Οὐαί
1763 3951 1847 3989 σοι

1987 3942 2136 3987 tuam
2167 3931 2490 4002 proﬂigasti,
2519 3947 2583 3989 ac
2601 3931 2872 3988 tradidisti
2907 3942 2957 3986 te
2985 3933 3094 4004 igni
3127 3937 3480 4006 sempiterno.

318 4025 685 4097 Ἐπλανήθης,
715 4025 868 4080 ἀθλιε
891 4042 904 4056 ·
933 4025 1106 4080 ταῦτα
1135 4025 1244 4096 γάρ
1265 4027 1442 4081 πάντα
1471 4027 1621 4082 ἄλλοι
1655 4027 1912 4098 μέλλουσι
1952 4023 2365 4094 κληρονομῆσαι
2393 4023 2488 4076 καὶ
2511 4021 2819 4077 ἀπολαῦσαι
2876 4023 3060 4080 αὐτῶν
3084 4039 3097 4054 ⁶
3119 4025 3183 4078 σὺ
3211 4025 3270 4079 δὲ
3299 4027 3392 4080 τὸν
3423 4028 3558 4086 Θεὸν

306 4116 699 4198 ⁸ιταρώργισας,
753 4116 846 4168 καὶ
902 4117 1002 4188 τὴν
1053 4117 1231 4189 ψυχήν
1283 4135 1378 4174 σου
1417 4117 1725 4185 ἀπώλεσας,
1775 4118 1870 4172 καὶ
1905 4115 2098 4170 ἑαυτὸν
2119 4113 2197 4185 τῷ
2223 4114 2426 4186 αἰωνίῳ
2453 4114 2605 4186 πυρί.

379 4210 464 4280 1c,"
465 4219 500 4266 '.
546 4211 656 4266 Καὶ
689 4211 851 4266 πάλιν
895 4210 1102 4280 ἤρξατο
1153 4211 1388 4278 κλαίειν,
1435 4212 1532 4266 καὶ
1561 4211 1741 4282 λέγειν
1766 4229 1779 4242 ο
1813 4207 1850 4264 ’1

2064 4206 2201 4262 XVI.
2221 4207 2316 4260 Hic
2349 4205 2541 4260 iterum
2573 4205 2736 4273 coepit
2767 4203 2893 4262 ﬂere
2915 4219 2980 4260 ac
3011 4206 3190 4278 dicere
3219 4225 3233 4262 :
3259 4208 3304 4266 0
3333 4208 3562 4268 Domino

308 4301 486 4373 Κύριὲ
529 4319 652 4374 μου,
707 4302 768 4355 τὸ
807 4301 957 4366 ἅπαξ
1019 4300 1179 4355 τοῦτο
1230 4302 1534 4357 ἐπάκουσόν
1599 4320 1724 4374 μου,
1788 4321 1850 4356 κα

1951 4325 1960 4364 ι
1991 4301 2084 4366 mi,
2105 4299 2273 4355 semel
2294 4299 2472 4352 adhuc
2491 4298 2682 4357 csaudt
2708 4312 2790 4351 me
2809 4307 2862 4352 et
2883 4297 3100 4366 explora
3122 4314 3227 4366 me,
3248 4301 3388 4357 Deus
3409 4318 3564 4364 meus

309 4384 603 4460 δοκίμασόν
638 4406 703 4460 με
745 4389 931 4460 μόνον,
957 4388 1060 4442 Θεέ
1085 4407 1185 4461 μου
1209 4391 1302 4446 καὶ
1323 4390 1517 4462 Κύριε,
1552 4393 1642 4444 καὶ
1667 4391 1850 4462 ἐλέησά

1988 4402 2042 4447 et
2064 4391 2342 4460 Dominus,
2361 4397 2414 4444 et
2429 4389 2690 4444 miserere
2709 4389 2838 4455 mei,
2866 4398 2918 4444 et
2945 4405 3010 4444 ue
3027 4407 3278 4447 assumas
3311 4409 3396 4450 me
3418 4411 3567 4452 nunc

315 4481 534 4550 μεηκαὶ
571 4479 648 4550 μὴ
687 4477 1012 4550 παραλάϐῃς
1048 4497 1116 4549 με
1148 4479 1242 4535 νῦν
1291 4481 1578 4552 ἀνέτοιμον
1624 4481 1753 4536 ὄντα
1789 4499 1850 4537 κα

1992 4485 2316 4554 imparatum
2333 4481 2699 4552 etimpurum.
2729 4479 2934 4536 Deinde
2971 4483 3260 4538 accersivit
3287 4486 3566 4557 undequaq

309 4571 642 4642 ἀκάθαρτον.
675 4570 1005 4640 Συνήθροισε
1033 4570 1090 4623 δὲ
1126 4571 1218 4624 καὶ
1265 4571 1395 4636 τοὺς
1429 4573 1647 4643 ἰατροὺς
1678 4591 1850 4634 πάντα

1991 4588 2096 4645 que
2113 4573 2372 4638 medicos,
2391 4571 2722 4642 etjuravitse
2745 4571 3061 4642 largiturum
3077 4575 3208 4644 ipsis
3221 4577 3426 4644 omnia,
3445 4593 3566 4650 qua),

311 4661 489 4733 χόθεν,
519 4660 612 4714 καὶ
641 4659 824 4731 ὤμοσε
852 4660 944 4714 τοῦ
970 4661 1153 4716 δοῦναι
1196 4663 1379 4724 αὐτοῖς
1411 4663 1588 4721 πάντα
1637 4665 1737 4720 ὅσα
1791 4665 1850 4720 κέ

1992 4664 2326 4732 possidebat,
2343 4671 2396 4717 et
2409 4663 2904 4733 obtemperaturum
2926 4679 2990 4723 ac
3009 4663 3392 4723 fatiiulaturum
3413 4669 3567 4738 ipsis,

311 4771 534 4824 κτηται,
575 4754 668 4807 καὶ
709 4752 995 4808 δουλεῦσαι
1048 4755 1231 4818 αὐτοῖς
1286 4756 1466 4820 πάσας
1523 4756 1623 4820 τάς
1673 4757 1850 4828 ἡμέρα

1992 4759 2244 4813 onmibus
2267 4759 2456 4814 diebus
2481 4758 2607 4812 vitae
2631 4771 2767 4820 sum,
2793 4756 2838 4813 si
2859 4756 3131 4824 eriperent
3153 4772 3274 4812 eum
3303 4774 3331 4812 a
3361 4769 3566 4814 morte:

309 4845 412 4914 τῆς
435 4844 580 4915 ζωῆς
603 4843 794 4910 αὑτοῦ,
828 4844 924 4898 ἐὰν
977 4845 1418 4917 ἐλευθερώσωσιν
1447 4848 1610 4902 αὐτὸν
1645 4848 1740 4902 τοῦ
1785 4848 1850 4901 θα

1989 4849 2185 4918 quibus
2212 4849 2330 4905 haec
2350 4848 2626 4904 cruciatus
2665 4846 2905 4900 addidit:
2937 4843 2982 4900 Ο
3003 4845 3220 4913 fratres,
3263 4850 3568 4908 nesciebam

311 4936 474 4992 νάτου
501 4952 516 4966 ·
553 4937 648 4988 κα)⁸
662 4935 848 5004 ἔλεγεν
875 4936 1065 5000 αὐτοῖς
1097 4937 1545 5008 σπαραττόμενος
1584 4954 1599 4970 ο
1638 4935 1708 4991 Ὦ
1733 4937 1850 4992 ἀδελ

1989 4939 2095 4999 hnc
2120 4953 2288 5009 usque
2313 4947 2418 4993 tam
2437 4939 2686 4992 acerbam
2707 4951 2826 4994 esse
2853 4946 3080 4997 mortem
3101 4939 3114 4992 ι
3137 4938 3223 4994 1ιεί
3247 4939 3376 4994 mihi
3409 4942 3573 4997 misec

311 5027 424 5096 (pol,
453 5026 555 5080 οὐκ
595 5025 742 5098 ᾔδειν
768 5023 874 5090 ἕως
906 5026 1001 5080 τοῦ
1043 5027 1138 5081 νῦν
1181 5027 1262 5080 ὅτι
1299 5027 1472 5092 οὕτως
1529 5029 1649 5082 ἐστὶ
1688 5029 1850 5099 mpr

1989 5031 2158 5086 rando
2184 5027 2590 5087 etaerumnosoi
2620 5043 2806 5082 revera
2827 5043 2927 5100 ego
2948 5043 3034 5083 me
3053 5030 3226 5098 ipsum
3255 5031 3306 5086 in
3327 5047 3571 5088 errorem

310 5116 340 5168 6
367 5114 614 5178 θάνατος.
665 5114 858 5168 ’Λϐάλε
900 5133 988 5186 μοι
1032 5115 1110 5186 τῷ
1142 5114 1362 5188 ἐλεεινῷ
1404 5119 1500 5171 καὶ
1529 5117 1850 5190 ταλαιπὼριθ

1998 5123 2202 5189 induxi,
2230 5132 2285 5178 et
2321 5138 2350 5176 a
2392 5129 2533 5176 recta
2568 5122 2652 5176 via
2679 5119 2867 5176 deflexi
2911 5137 2926 5176 :
2969 5121 3172 5178 idcirco
3197 5137 3304 5179 non
3351 5131 3435 5177 cst
3481 5123 3574 5194 qui

326 5207 443 5262 Ἐπ’
465 5207 724 5279 ἀληθείας
751 5207 861 5276 ἐγὼ
889 5208 1122 5278 ἐμαυτὸν
1147 5208 1428 5280 ὲπλάνησα
1455 5211 1520 5262 ὲκ
1545 5211 1644 5281 τῆς
1669 5210 1850 5264 εὐθεία

1993 5217 2283 5270 miseratur
2299 5213 2406 5268 mei
2431 5231 2444 5266 :
2469 5213 2682 5267 interim
2714 5224 2918 5272 aeterna
2943 5214 3050 5268 vita
3073 5214 3276 5282 privor.
3313 5211 3379 5273 Ut
3403 5215 3575 5270 semel

313 5299 460 5353 ὁδοῦ.
496 5299 605 5354 Καὶ
635 5298 725 5352 διὰ
745 5297 904 5352 τοῦτο
946 5301 1046 5353 οὐκ
1071 5298 1218 5352 ἔστιν
1246 5303 1274 5354 6
1304 5300 1474 5354 ἐλεῶν
1501 5317 1590 5372 με,
1627 5301 1763 5361 ἀλλὰ
1792 5317 1850 5354 κο

1995 5307 2416 5371 dicam,omnem
2435 5303 2796 5372 precationem
2813 5313 2867 5358 et
2883 5287 3286 5361 contentionem
3301 5302 3572 5375 adhibuit,

317 5390 416 5460 τῆς
436 5389 797 5460 αιωνιζούσης
835 5389 1132 5462 στεροῦμαι
1171 5389 1336 5462 ζωῆς.
1363 5393 1472 5448 Καὶ
1497 5392 1685 5456 ἁπλῶς
1717 5393 1850 5446 sietsi

1997 5409 2093 5464 per
2128 5391 2373 5449 medicos
2412 5401 2468 5447 et
2501 5407 2600 5464 per
2653 5393 2860 5449 amicos
2899 5393 3184 5463 plurimos,
3215 5400 3270 5445 ut
3317 5407 3347 5445 a
3399 5402 3574 5450 morte

317 5485 504 5538 πᾶσαν
537 5483 888 5554 παράκλησιν
945 5484 1042 5540 καὶ
1079 5485 1264 5554 ἀγῶνα
1310 5486 1626 5558 ἐποιήσατο,
1663 5485 1760 5538 καὶ
1807 5485 1850 5536 δι

2000 5491 2311 5563 erueretur,
2349 5482 2511 5554 idque
2539 5483 2640 5540 hac
2667 5483 2782 5542 vice
2812 5493 3017 5551 tantum
3043 5503 3055 5540 :
3086 5489 3140 5536 at
3160 5468 3293 5536 nihil
3313 5481 3574 5564 perfeci”

391 5648 428 5675 "‘
472 5657 603 5716 Luc.
654 5673 753 5726 xu,
804 5655 898 5718 20.
983 5663 1024 5694 ⁸⁷
1061 5662 1191 5720 ibid.
1245 5660 1332 5720 l8.
1411 5664 1454 5706 ⁸³
1473 5663 1630 5722 Prov.
1663 5661 2180 5734 xxttt,55;lerem.
2214 5677 2265 5729 ν,
2295 5663 2350 5720 5.
