3942 6218
351 304 489 375 12i3

1371 314 1433 373 S.
1473 313 1854 376 METHODII
1893 314 2398 378 PATRIARCHE
2439 321 2548 380 ΕΡ.

3475 323 3607 390 1241

345 423 447 492 τὴν
477 421 628 476 θείαν
675 418 942 495 λάρνακα,
995 422 1240 494 ἰαμάτων
1286 422 1626 497 πλημμύραν
1664 425 1925 488 λαϐόντες

2035 425 2275 482 lustinus
2304 427 2518 485 Junior.
2553 430 2722 486 Docet
2750 432 2968 499 deinde,
3005 448 3110 488 non
3138 435 3288 492 solos
3311 437 3603 508 imperato-

347 511 478 582 παρ’
525 511 727 584 αὐτῆς,
779 511 1113 582 ἱκετεύωμεν
1168 513 1494 584 αἰτήσασθαι
1545 514 1782 586 Χριστὸν
1827 513 1918 568 τὸν

346 601 481 657 Θεὸν
540 601 633 656 τοῦ
685 603 951 674 ρυσθῆναι
1018 604 1120 673 τὴν
1185 604 1513 675 οἰκουμένην
1567 604 1677 658 ἀπὸ
1735 605 1920 676 πάσης

347 695 638 767 αἱρέσεως.
698 693 906 748 Festire
949 694 1105 750 hodie
1151 709 1372 750 ornatur
1411 696 1504 749 Dei
1556 696 1830 763 Ecclesia,
1871 709 1920 750 et

345 785 619 839 exsultans
651 785 882 840 clamat:
917 786 1298 858 “lustra-tuest
1323 788 1662 856 pulchritudo
1688 804 1801 840 mea
1828 805 1922 840 su-

345 893 439 944 per
483 875 686 931 omnem
745 880 1006 932 civitatem
1040 893 1060 932 :
1107 895 1222 932 ecce
1276 880 1414 931 enim
1480 877 1922 946 archipra'sulum

347 985 549 1040 gemma
574 969 853 1038 prwclara,
889 971 1152 1038 gloriosus
1179 969 1504 1034 Met/radius,
1535 970 1635 1042 iter
1666 969 1734 1021 ad
1765 967 1920 1022 ca'los

348 1062 537 1115 tenuit.
571 1060 722 1129 Agite
739 1077 860 1131 ergo
883 1061 1004 1128 [esti
1047 1061 1203 1130 hujus
1235 1071 1518 1123 nutatores.
1548 1071 1706 1114 ratus
1737 1060 1918 1114 ortho-

347 1150 625 1214 doxorum,
683 1151 1186 1220 chorosquesimut
1248 1151 1422 1204 ducite
1473 1151 1670 1204 circum
1718 1167 1920 1214 arcam,

347 1241 679 1294 curationum
725 1243 952 1310 gratiam
989 1244 1109 1296 inde
1135 1245 1486 1298 exundantem
1527 1243 1876 1311 suscipientes
1903 1260 1922 1298 :

345 1345 613 1398 precemur
638 1340 812 1384 autem
841 1342 894 1384 ut
925 1344 1103 1387 exoret
1151 1333 1420 1388 Christum
1454 1332 1622 1386 Deum
1659 1344 1924 1398 nostrum,

345 1429 601 1490 quatenus
637 1425 935 1477 universum
981 1423 1161 1478 liberet
1192 1426 1255 1478 ab
1290 1427 1432 1478 muni
1471 1425 1684 1478 haeresi.
1721 1423 1924 1480 Preca-

348 1514 425 1566 tio
454 1525 662 1581 sancta,
715 1531 876 1583 quam
928 1517 1137 1570 utinam
1189 1517 1306 1585 ipse
1338 1527 1528 1571 auctor
1573 1518 1786 1572 irritam
1819 1533 1926 1572 non

345 1599 587 1668 fecisset,
616 1605 920 1659 invehendo
939 1607 1462 1674 perniciosissimum
1487 1608 1754 1662 schisma!
1783 1609 1926 1664 inte-

347 1695 449 1748 rim
470 1698 730 1752 discimus
756 1714 821 1754 es
849 1714 932 1766 eo,
963 1701 1348 1758 miraculorum
1375 1703 1683 1758 claritatem
1710 1713 1926 1760 mortuo

345 1797 534 1840 sancto
569 1802 672 1840 non
705 1787 965 1846 defuisse.

414 1880 469 1933 4.
511 1877 567 1934 In
605 1883 905 1937 matutinali
939 1883 1140 1952 cilicio,
1175 1887 1317 1941 inter
1365 1889 1652 1957 septimam
1677 1898 1732 1944 et
1769 1899 1928 1945 octa-

346 1983 468 2023 vam
527 1972 667 2026 oden
748 1976 977 2030 canonis
1031 1979 1251 2046 ponitur
1305 1979 1538 2048 elogium
1602 1979 1924 2036 historicum

344 2064 516 2118 sancti
543 2063 806 2133 ejusdem,
843 2070 1124 2136 praunisso
1154 2069 1459 2140 hujusmodi
1495 2071 1730 2125 disticho
1763 2089 1778 2125 :

427 2199 490 2272 το
520 2199 806 2272 Μεθύδρος
831 2203 1062 2270 λύχνος
1087 2201 1174 2255 ὢν
1215 2205 1600 2272 Ἑκκλησίας,

414 2271 631 2334 Μεθεὶς
663 2269 858 2324 ὁδεύει
882 2269 954 2324 τὰ
980 2273 1139 2325 κάτω
1179 2275 1330 2342 πρὸς
1359 2269 1466 2330 τὸν
1487 2269 1722 2334 πόλον.

417 2379 744 2456 yethodius,
776 2395 913 2439 esset
941 2403 1057 2440 cum
1089 2387 1304 2441 lucerna
1345 2387 1628 2456 Ecclesim,

419 2452 648 2507 Terrena
679 2455 941 2525 linquens,
971 2457 1040 2512 ad
1066 2457 1246 2527 polum
1273 2459 1503 2528 instituit
1537 2452 1656 2516 iter.

348 2581 591 2652 Elogium
629 2594 810 2638 autem
831 2585 992 2639 etiam
1017 2587 1066 2640 in
1104 2587 1405 2658 Synaxario
1421 2589 1925 2660 Constantinopoli-

347 2678 478 2726 tano
500 2671 583 2726 his
605 2674 785 2730 verbis
810 2675 1044 2730 refertur
1065 2697 1079 2732 :
1101 2679 1222 2749 Μνὴ
1233 2697 1305 2750 μη
1331 2681 1424 2734 τοῦ
1441 2683 1499 2735 ὲν
1521 2683 1697 2751 ἁγίοις
1713 2686 1927 2757 Πατρδς

349 2763 508 2833 ἡμῶν
534 2765 800 2821 Μεθοδίω
842 2769 1274 2839 ἅρχιεπισκὸπου
1305 2773 1932 2840 Κωνσταντινουπόλεως

347 2854 442 2908 τοῦ
465 2857 824 2928 ὁμολογητοῠ·
852 2857 1108 2913 Memoria
1128 2863 1299 2915 sancti
1327 2863 1506 2918 Patris
1527 2865 1692 2917 nostri
1717 2865 1928 2921 Metho-

347 2947 450 3012 dii,
469 2951 856 3020 archiepiscopi
883 2950 1463 3022 Constantinopolitani
1506 2965 1552 3009 et
1585 2957 1926 3026 confessoris.

352 3035 430 3092 De
455 3037 1044 3111 eeclesiajmagnorum
1097 3043 1492 3112 apostolorum,
1520 3048 1761 3100 omnium
1812 3057 1931 3116 post

2025 533 2132 586 res,
2172 521 2265 574 sed
2296 528 2351 575 et
2393 523 2732 590 patriarchas
2779 538 2846 578 ex
2881 527 3190 582 conditoris
3239 538 3435 584 mente
3489 532 3602 586 istic

2023 624 2236 680 semper
2263 611 2534 679 depositos
2565 612 2769 680 fuisse;
2801 616 2999 684 quibus
3024 617 3189 672 etiam
3224 619 3606 687 imperatrices

2022 705 2076 749 et
2107 695 2494 765 imperatorum
2547 698 2700 754 liberi
2735 701 2851 756 sive
2893 700 3136 758 Caesares
3165 704 3478 774 iungendi;
3506 721 3602 760 cae-

1994 783 2155 838 'teris
2209 785 2474 844 omnibus.
2513 803 2704 842 exeSse
2749 787 2935 856 jussit.
2973 791 3234 860 Exemplo
3290 793 3609 848 Gra-corum

2024 875 2318 944 inscriptus
2371 887 2457 931 est
2503 879 2668 933 etiam
2732 879 2796 936 S.
2858 881 3158 936 Methodius
3216 883 3608 956 Martyrologio

2022 962 2293 1030 Romano,
2340 965 2452 1033 jam
2510 979 2668 1022 antea
2718 970 2774 1024 in
2823 969 2992 1026 fastos
3039 971 3269 1028 Latinos
3322 974 3608 1038 relatus,a

2025 1053 2258 1121 Molano,
2295 1055 2672 1123 Gencbrardo,
2710 1059 2966 1129 aliisque.
3183 1092 3186 1094 η
3551 1129 3556 1132 _

2097 1145 2151 1199 5.
2190 1146 2321 1201 Acta
2383 1165 2564 1202 rerum
2627 1151 2698 1203 ab
2744 1165 2810 1203 eo
2865 1160 3134 1218 gestarum
3197 1153 3288 1207 bis
3341 1152 3612 1206 habentur

2025 1235 2212 1291 Graece
2241 1237 2294 1290 in
2329 1238 2658 1294 bibliotheca
2693 1241 2969 1307 Vaticana,
2997 1243 3206 1310 signata
3233 1243 3493 1297 numeris
3515 1242 3612 1298 655

2026 1338 2082 1385 et
2117 1329 2271 1396 l667,
2307 1345 2426 1400 quzc
2462 1333 2616 1387 nobis
2652 1333 2966 1388 curavimus
3011 1334 3275 1397 describi,
3311 1345 3369 1388 et
3412 1335 3500 1390 bis
3525 1337 3613 1390 da-

2029 1441 2169 1489 mus,
2225 1425 2416 1480 Latine
2457 1427 2663 1480 reddita
2699 1442 2726 1478 a
2758 1425 2948 1481 Leone
2999 1426 3216 1492 Allatio,
3271 1427 3614 1481 bibliotheca

2029 1515 2306 1571 Vaticana:
2351 1517 2475 1569 dum
2507 1515 2692 1571 Romae
2730 1531 2972 1572 essemus
3021 1519 3268 1578 custode,
3303 1519 3425 1570 viro
3459 1517 3611 1572 libris

2029 1607 2228 1676 partim
2253 1621 2323 1661 ex
2351 1606 2538 1662 Graeco
2570 1607 2861 1662 Latinitate
2896 1591 3140 1666 donatis.
3164 1608 3360 1675 partim
3390 1608 3608 1676 ingenio

2031 1700 2249 1769 proprio
2280 1699 2610 1753 elucubratis
2663 1697 2864 1768 passim
2913 1699 3204 1752 notissimo
3231 1716 3244 1751 :
3277 1699 3366 1765 qui
3394 1699 3446 1752 in
3477 1700 3600 1752 Dia-

1957 1784 2000 1840 Β
2031 1789 2169 1844 triba
2199 1792 2263 1844 de
2291 1789 2604 1844 Simeonnm
2655 1789 2873 1858 scriptis
2915 1804 3036 1858 pag.
3073 1788 3171 1842 i2!
3208 1788 3412 1842 initium
3461 1787 3598 1844 Vile

2027 1882 2312 1951 proponit;
2363 1892 2416 1936 et
2457 1880 2583 1936 licet
2638 1895 2912 1936 auctorem
2961 1881 3175 1948 ignoret
3227 1881 3407 1950 (quem
3446 1881 3604 1950 plane

2025 1973 2305 2041 antiquum
2334 1982 2389 2025 et
2420 1973 2532 2027 fere
2561 1987 2798 2027 corevum
2817 1972 3198 2042 arbitramur),
3229 1987 3340 2026 non
3375 1981 3551 2026 tamen
3574 1987 3609 2027 a

2025 2064 2172 2116 dicto
2205 2061 2456 2116 Simeone
2481 2063 2846 2131 Metapbraste
2873 2063 3230 2132 compositam
3259 2071 3355 2116 aut
3375 2063 3615 2117 adorna-

2027 2159 2134 2204 tam
2167 2151 2480 2205 arbitratur.
2511 2150 2720 2206 Titulus
2757 2153 2809 2206 in
2851 2167 2980 2207 mss.
3011 2154 3102 2209 hic
3127 2163 3246 2206 est:
3277 2152 3628 2223 Ὑπόμνημι,

2023 2241 2126 2310 τῆς
2175 2240 2478 2312 θεαρέστου
2545 2241 2821 2306 πολιτείας
2877 2242 2971 2296 τοῦ
3023 2245 3082 2297 ὲν
3148 2245 3341 2314 ἁγίοις
3397 2246 3616 2316 [ἰατρὸς

2025 2331 2183 2404 ἡμῶν
2237 2331 2499 2386 Μεθοδξου
2590 2334 3030 2403 ἀρχιεπισκὸπου
3082 2335 3612 2390 Κωνσταντινουπόο

2025 2423 2199 2486 λεὼςο
2271 2422 2710 2476 Commemoratio
2769 2423 2873 2478 Deo
2923 2425 3135 2493 placita:
3190 2428 3613 2481 conversationis

2027 2509 2088 2567 S.
2122 2509 2188 2568 P.
2235 2511 2310 2565 Ν.
2343 2510 2623 2576 Methodii,
2654 2513 3029 2584 archiepiscopi
3053 2514 3612 2584 Constantinopoleos.

2029 2603 2188 2659 Hisce
2238 2603 2616 2675 subiungimus
2647 2604 2928 2670 Analecta,
2961 2621 3024 2660 ex
3060 2608 3350 2677 praecipuis
3379 2609 3619 2678 scripto-

2029 2693 2181 2748 ribus
2209 2691 2438 2756 Graecis,
2469 2693 2560 2762 qui
2596 2693 2784 2748 eodem
2831 2705 2924 2749 aut
2968 2697 3231 2764 proximis
3266 2699 3481 2752 sarculis
3513 2697 3620 2753 ﬂo-

2031 2793 2257 2838 ruerunt
2305 2793 2370 2838 et‘
2405 2793 2532 2839 sunt
2584 2785 2826 2839 historici
2875 2799 3094 2854 omnes;
3154 2797 3278 2858 puta
3337 2787 3659 2857 Georgius.

2030 2871 2346 2938 Cedrenus,
2403 2871 2641 2928 Joannes
2703 2874 2977 2945 St-ylitza,
3037 2873 3266 2930 Joannes
3317 2877 3618 2940 Zonaras.

2031 2960 2418 3018 Constantinus
2473 2947 2768 3030 Minasses,
2833 2965 3062 3020 Michael
3113 2965 3342 3036 Glycas;
3398 2968 3639 3036 quibus.

2039 3053 2348 3117 accedunt,
2400 3053 2759 3123 Tthphanes
2812 3057 3091 3126 presbyter
3139 3056 3196 3110 in
3249 3053 3372 3110 Vita
3429 3055 3658 3110 sancti.

355 3127 570 3182 Sancta:
593 3127 810 3199 SOphiae
829 3131 1177 3188 basilicarum
1201 3135 1646 3203 celeberrima,et
1677 3152 1706 3191 a
1736 3112 1932 3204 magno
1961 3112 2004 3170 θ
2036 3112 2342 3210 Νῖεψὶιογί⁷
2379 3112 2700 3210 patriai-clm
2753 3112 3370 3216 constantinopolitani,
3414 3157 3628 3214 auctor

354 3217 712 3274 Constantino
737 3219 802 3274 ad
833 3237 986 3275 suam
1021 3238 1510 3295 successorumque
1544 3228 1930 3298 imperatorum

353 3309 687 3379 sepulturam
716 3323 1052 3380 constructa,
1080 3314 1326 3384 pluribus
1351 3318 1459 3387 agit
1481 3317 1831 3388 Cangiuslib.
1860 3335 1935 3387 tv,

356 3399 843 3473 Constantinopolis
911 3404 1234 3463 Christiana
1295 3423 1418 3480 cap.
1476 3409 1540 3476 5;
1596 3411 1685 3466 ubi
1747 3413 1936 3478 docet,

289 3560 296 3568 ν
355 3495 630 3564 quomodo
660 3512 782 3552 eam
813 3515 842 3553 a
881 3497 1251 3554 fundamentis
1283 3503 1626 3567 restaurarit,
1658 3505 1942 3574 majorem-

356 3601 463 3654 que
481 3597 532 3642 et
553 3587 920 3658 pulchriorem
941 3589 1130 3646 iecerit
1155 3590 1520 3661 iustiniauus,
1553 3596 1941 3666 exornaritque

2036 3247 2248 3287 comvus
2275 3233 2328 3286 in
2359 3231 2478 3288 Vita
2523 3237 2698 3289 sancti
2741 3233 2946 3290 Nicolai
2983 3237 3232 3301 Studitze,
3283 3235 3454 3291 Sabas
3497 3253 3626 3291 mo-

2035 3323 2276 3390 nachus,
2344 3323 2536 3380 Petrus
2604 3327 2905 3383 monachus
2956 3336 3011 3382 et
3088 3321 3488 3398 Meiapbrastes
3563 3329 3633 3382 in

2037 3412 2158 3470 Vita
2190 3416 2360 3470 saneti
2391 3415 2685 3471 .Iuannicii'.
2729 3418 3056 3488 Suhjieimus
3101 3419 3357 3473 norinulla
3385 3419 3454 3474 de
3481 3418 3624 3488 qui-

2037 3506 2262 3560 busdam
2295 3507 2408 3574 ejus
2437 3509 2676 3578 scriptis,
2714 3511 2857 3566 inter
2895 3527 3013 3580 qua:
3048 3523 3174 3566 sunt
3215 3511 3630 3582 aliquotetiam

2039 3594 2178 3652 Vita:
2213 3609 2550 3654 sanctorum.

1794 3926 2186 4060 VITA

1203 4183 1491 4228 Αυετοιιις
1532 4185 1775 4239 COEVO,
1827 4183 2218 4227 INTERPRETE
2255 4184 2457 4229 LEONE
2497 4185 2780 4230 ΛιιΑτιῡι

1857 4477 2083 4534 CAPUT
2126 4479 2168 4534 Ι.

899 4634 1082 4700 Ortus,
1118 4632 1320 4696 studia,
1374 4613 1739 4696 monac/ratus,
1775 4641 2036 4686 tormenta
2076 4632 2324 4699 tolerata,
2361 4629 2609 4686 exsiliunt
2653 4631 2709 4685 in
2749 4629 3016 4700 spelunca.

453 4794 500 4852 ἃ.
542 4795 836 4850 Sacrorum
891 4791 1211 4856 antisnitem,
1247 4802 1452 4843 necnon
1487 4797 1724 4842 ascctam
1759 4787 1941 4854 simul,

2121 4787 2192 4840 α’.
2243 4787 2554 4858 Ἰεράρχην,
2604 4787 2700 4841 καὶ
2747 4787 2996 4857 ἀσκητὴν
3034 4785 3189 4854 ἅμα,
3253 4783 3351 4838 καὶ
3388 4781 3639 4855 Χριττοξὶ

379 4903 443 4941 ac
474 4886 676 4941 Christi
712 4894 1030 4955 martyrem,
1069 4880 1442 4936 lautunnnodo
1469 4878 1672 4948 angelis
1703 4879 1819 4932 sive
1852 4879 1944 4932 Dei

385 4977 728 5047 arubangelis
770 4975 985 5048 (utqui
1041 4974 1230 5044 primm
1269 4973 1574 5040 divinaeque
1626 4969 1950 5025 hicrarchim

319 5114 338 5123 -
376 5068 558 5126 decori
599 5076 747 5131 sunt,
784 5075 840 5120 et
867 5065 1056 5132 dignos
1105 5078 1383 5118 sacrorum
1435 5062 1692 5132 prmsides
1735 5061 1953 5115 confor-

377 5171 548 5228 mant,
610 5172 838 5228 seseque
912 5158 1295 5211 exercentibus
1377 5166 1538 5226 atque
1615 5153 1952 5210 certantibus

379 5257 548 5312 robur
619 5254 938 5320 animosque
992 5247 1250 5313 addunt),
1313 5263 1410 5316 pro
1457 5247 1720 5316 dignitate
1772 5238 1949 5300 exloj.‘

378 5350 492 5404 lere
546 5347 776 5404 facultas
819 5342 1006 5417 fuerit,
1066 5338 1220 5405 Quod
1271 5339 1314 5393 si
1375 5354 1437 5392 ea
1499 5339 1678 5392 etiam
1722 5338 1954 5394 homini-

380 5438 484 5494 bus
514 5439 932 5502 concederetur,
989 5429 1204 5487 nonnisi
1233 5429 1300 5484 iis
1327 5429 1416 5496 qui
1461 5429 1704 5498 ejusdem
1747 5429 1955 5484 ordinis

385 5529 774 5601 dignitatisque
827 5537 951 5586 sunt
999 5527 1222 5582 daretur
1259 5539 1273 5578 :
1306 5530 1574 5593 quatenus
1613 5521 1953 5576 bierarcham

389 5619 718 5688 hierarchia,
753 5619 1198 5679 exercitationem
1227 5627 1476 5682 conatus,
1507 5613 1786 5669 victoriam
1817 5628 1950 5666 con-

395 5723 616 5770 secutus
657 5717 914 5776 victorem
945 5705 1296 5781 collaudarct.
1330 5710 1467 5781 Quid
1491 5723 1656 5783 porro
1695 5706 1739 5764 si
1769 5721 1835 5762 ex
1869 5705 1954 5760 his

2057 4878 2338 4950 μάρτυρα,
2380 4881 2566 4948 μόνοις
2624 4879 2671 4932 δ’
2725 4879 2791 4932 ἂν
2839 4877 3052 4945 γένοιτο
3099 4875 3329 4928 δυνατὸν
3375 4873 3640 4941 ἀγγέλοις

2055 4971 2402 5041 ἐγκωμιάσαι
2440 4972 2626 5038 ἀξίως,
2666 4971 2700 5043 ἦ
2745 4969 3110 5041 ἀρχαγγέλοις
3153 4967 3288 5020 Θεοῦ
3312 5007 3328 5031 ,
3367 4967 3486 5034 οἵτε
3534 4965 3645 5034 τὴν

2059 5061 2284 5132 πρώτην
2335 5061 2431 5115 καὶ
2467 5061 2620 5115 θείαν
2677 5061 2962 5133 ἱεραρχιαν
3015 5056 3358 5130 κοσμοῦσιν,
3391 5057 3523 5120 τούς
3575 5073 3638 5108 τε

2060 5153 2242 5217 ἀξίους
2283 5154 2543 5224 ἱερὰρχας
2587 5151 3066 5225 μυσταγωγοῢσιν,
3096 5149 3195 5202 καὶ
3218 5151 3334 5212 τοῖς
3361 5149 3643 5216 ἀσκουμέ-

2051 5263 2162 5308 νοις
2189 5262 2248 5298 τε
2281 5246 2374 5298 καὶ
2403 5245 2626 5298 ἀολοῦσι
2659 5244 2826 5318 ρῶσιν
2853 5245 2944 5297 καὶ
2970 5242 3282 5313 προθυμίαν
3317 5238 3565 5308 ἔχουσιν·
3593 5239 3644 5290 si

2053 5336 2110 5388 δὲ
2128 5337 2222 5389 καὶ
2245 5328 2556 5406 ἀνθρώποις
2587 5336 2747 5388 τοῦτο
2771 5329 2916 5394 δοθῇ.
2966 5337 3095 5396 ,τοῖς
3122 5333 3202 5401 τῷ
3233 5330 3390 5396 ἀνδρὶ
3415 5329 3644 5391 πάντως

2055 5427 2349 5497 ὁμο-πατέω
2393 5427 2491 5481 καὶ
2548 5427 2871 5498 ὁμοτίμοις,
2909 5423 3172 5494 ἱεραρχῑα
3207 5422 3306 5492 μὲν
3348 5420 3644 5490 ἱεράρχην,

2059 5519 2292 5588 ἄσκησιν
2337 5517 2395 5570 δὲ
2431 5517 2655 5587 σπουδὴ,
2687 5517 2783 5570 καὶ
2830 5515 3132 5585 ἀθλοφόρος
3175 5512 3266 5564 τὸν
3303 5510 3645 5579 στεφανίτην

2059 5611 2471 5682 καταγεραίρει.
2507 5610 2573 5662 Τί
2619 5609 2744 5674 οὖν,
2777 5608 2826 5661 εἰ
2870 5607 3063 5678 μηδεὶς
3104 5605 3213 5658 τῶν
3245 5603 3511 5657 τοιούτων
3543 5603 3643 5654 ἀνα

2059 5701 2198 5774 δρῶν
2235 5700 2394 5771 μέχρι
2422 5700 2511 5755 τοῦ
2537 5699 2631 5756 νῦν
2657 5700 2736 5771 τῷ
2763 5698 3104 5768 πανευφήμῳ
3126 5693 3375 5765 Μεθοδῖῳ
3397 5689 3644 5747 τοιοῦτόν
