3932 6214
262 291 394 354 1219

1777 296 1980 358 VITA.

3297 331 3317 342 ο
3376 293 3520 361 1250

257 401 388 472 τῶν,
428 399 535 455 ἀπὸ
566 400 658 454 τοῦ
699 399 1071 472 ἀθεράπευτον
1115 395 1290 468 εἶναι,
1325 402 1432 457 ἀπὸ
1475 403 1567 457 τοῦ
1611 405 1829 458 καταδι-

1936 403 2226 474 angustiis,
2245 403 2450 473 ﬂagris,
2476 401 2996 459 medicamentorum
3028 399 3228 474 inopia,
3261 406 3518 461 condem-

257 492 550 556 κασθέντος
575 492 836 564 ἀγροίκου
867 492 1079 564 ἀνδρὸς,
1112 493 1220 547 ἀπὸ
1248 495 1348 564 τὴς
1377 494 1473 548 τοῦ
1503 494 1677 564 τάφου
1716 512 1837 548 στε-

255 583 666 654 νοχωρίαςικαὶ
693 583 756 636 τό
789 581 1116 652 δεινότερον,
1147 581 1255 636 ἀπὸ
1282 581 1374 636 τοῦ
1403 582 1680 653 άφεγγοῦς
1703 583 1834 637 σκό-

253 694 397 740 τους.
425 676 540 730 Οὐκ
575 674 656 726 ἔτι
679 670 771 727 οὖν
794 674 926 746 ἡμῖν
948 673 1131 744 δεήσει
1157 673 1343 728 λοιπὸν
1370 675 1437 730 τά
1467 675 1678 736 τούτοις
1704 675 1834 729 ἐπό-

257 786 394 840 μενα
450 765 754 838 σκυθρωπά
815 766 1074 829 ἐξειπεῖν,
1127 768 1190 820 τὸ
1238 763 1380 832 εἶδος
1438 768 1538 838 τῆς
1594 768 1832 840 βασάνου

253 859 510 930 μαθοῦσι.
541 858 762 910 πάντων
788 855 1004 908 εἰδότων
1025 856 1124 927 τὴν
1152 857 1502 929 ἀνθρωπίνην
1527 858 1832 922 ἀσθένειαν,

255 951 348 1004 καὶ
373 951 433 1002 τὸ
453 950 636 1003 ἄθλιον
659 949 757 1019 τῆς
782 949 955 1018 πηλοῦ
982 948 1306 1019 ταύτηςοκαὶ
1329 949 1580 1002 ἐπίνοσον
1619 949 1831 1012 σκεῦος,

251 1039 466 1092 ὁπόσων
499 1038 703 1091 ὀδυνῶν
746 1039 846 1108 τὴν
901 1038 1080 1109 ψυχὴν
1115 1039 1172 1091 ὲν
1206 1040 1320 1102 τοῖς
1358 1039 1624 1102 τοιούτοις
1672 1040 1836 1110 ἐμπί-

255 1129 470 1201 πλησιν·
495 1130 574 1200 τῷ
595 1129 711 1182 δντι
735 1129 846 1198 γάρ
871 1130 1030 1198 ἐτέθη
1059 1129 1154 1182 καὶ
1179 1129 1341 1192 αὐτὸς
1363 1127 1472 1192 ζῶν
1495 1131 1834 1202 ἀπρονόητος

221 1283 234 1298 ἢ
253 1223 311 1274 ἐν
340 1219 529 1290 λάκκῳ
555 1221 876 1288 κατωτάτῳ,
905 1221 962 1273 ἐν
993 1221 1288 1299 σκοτεινοῖς
1317 1221 1413 1274 καὶ
1437 1224 1495 1275 ἐν
1519 1223 1648 1292 σκιᾴ
1669 1221 1834 1277 θανά-

254 1326 364 1364 του.
409 1309 560 1380 Αὕτη
591 1309 684 1362 τοῦ
728 1309 1001 1378 μακαρίου
1039 1306 1366 1376 Μεθοδίουή
1407 1308 1548 1378 ὑπὲρ
1591 1305 1832 1377 Χριστοῦ

255 1399 446 1471 πρώτη
476 1399 725 1469 ἄθλησις·
756 1400 824 1452 τά
849 1397 956 1468 γὰρ
979 1397 1106 1467 ἑξῆς
1159 1395 1317 1460 αὖθις
1342 1398 1644 1470 είρήσεται·
1672 1397 1834 1450 τοῦτο

255 1491 313 1542 τὸ
345 1487 576 1559 σφοδρὸν
609 1489 702 1542 καὶ
729 1488 1119 1558 ἐπιτεταμένον
1147 1485 1456 1564 μαρτύριον¹
1472 1486 1566 1540 τοῦ
1596 1486 1831 1558 μεγάλου

253 1581 420 1645 ὅντως
453 1579 693 1652 Χριστοῦ
727 1581 1029 1652 μάρτυρος.

326 1863 402 1923 ς’.
454 1854 737 1926 Διαφόρως
799 1852 982 1906 τοίνυν
1025 1851 1328 1924 ἐρωτηθεὶς
1378 1854 1428 1906 εί
1464 1852 1707 1924 βούλοιτο
1749 1853 1836 1909 ἐν-

255 1947 476 2018 υϐρίσαι
500 1949 578 2009 εἰς
605 1945 703 2014 τὴν
731 1944 823 1998 τοῦ
856 1943 1098 2014 Χριστοῦ
1125 1944 1330 2008 εἰκόνα,
1367 1943 1580 2014 καὶτῆς
1611 1944 1834 2016 εἱρκτῆς

251 2038 544 2109 ἀφεθῆναι,
578 2036 840 2107 μυριάκις
871 2035 1024 2100 ἔλεγε
1088 2034 1366 2097 τοιούτους
1407 2035 1504 2090 καὶ
1535 2035 1677 2107 ὑπὲρ
1703 2034 1831 2088 τού-

251 2150 376 2195 τους
419 2131 660 2184 ὑποίσειν
703 2129 990 2193 θανάτους,
1021 2128 1054 2200 ἢ
1091 2129 1194 2183 κᾶν
1230 2127 1363 2196 γοῦν
1396 2127 1593 2198 ἄτιμον
1625 2127 1834 2182 ἔννοιαν

251 2227 394 2278 κατὰ
417 2226 515 2295 τῆς
556 2223 796 2294 Χριστοῦ
840 2221 934 2275 τοῦ
966 2221 1103 2276 Θεοῦ
1147 2221 1304 2293 ήμῶν
1344 2221 1553 2284 εἰκόνος
1591 2219 1833 2290 ἐνθυμη-

252 2317 432 2386 θῆναι.
482 2313 668 2368 Ἐννέα
704 2313 886 2366 τοίνυν
914 2314 1092 2366 ἐκεῖσε
1124 2311 1620 2381 συγκεκλεισμένος
1655 2313 1834 2365 ἐνιαυ-

251 2410 378 2470 τοὺς
401 2446 416 2472 ,
449 2407 605 2476 μόλις
627 2405 1211 2476 ἀφέσεως’γραφείσης
1238 2403 1423 2474 κοινῆς
1451 2405 1564 2466 τοῖς
1587 2403 1832 2476 δεσμίοις

250 2497 346 2551 τοῦ
428 2497 748 2568 παρανόμου
812 2495 1076 2566 βασιλέως
1147 2496 1290 2548 κατά
1360 2495 1460 2558 τὰς
1515 2495 1832 2560 τελευταίας

251 2589 420 2652 πνοὰς
459 2588 834 2650 κελεύσαντος,
867 2585 961 2640 καὶ
1013 2585 1178 2648 αὐτὸς
1207 2583 1478 2654 ἀπελύθη,
1511 2585 1830 2656 Πνεύματκ

251 2679 411 2746 ἁγίου
445 2679 909 2750 πεπληρωμένος,
944 2675 1042 2729 καὶ
1073 2673 1174 2744 τῆς
1205 2674 1476 2728 ἀθανάτου
1521 2673 1668 2744 ζωῆς
1703 2675 1833 2739 τοὺς

251 2769 612 2844 ἀρραϐῶνας,
667 2770 734 2823 τὰ
787 2767 1064 2838 στίγματα
1100 2765 1245 2834 λέγω
1287 2765 1396 2819 τῶν
1432 2764 1530 2819 τοῦ
1588 2763 1829 2836 Χριστοῦ

251 2859 624 2932 παθημάτων,
662 2859 849 2930 οἰκείῳ
901 2857 1303 2928 ἐπιφερόμενος
1371 2855 1622 2927 σώματι·
1682 2855 1830 2920 λεῖος

251 2951 372 3012 ὅλος
403 2950 502 3020 τὴν
531 2949 793 3020 κεφαλὴν,
827 2948 922 3004 καὶ
958 2945 1150 3016 νεκροῦ
1193 2947 1358 3016 μηδὲν
1383 2945 1655 3015 διαφέρων
1679 2985 1694 3010 ,
1729 2945 1828 3012 μό-

251 3054 365 3100 νοις
413 3039 589 3100 όστοίς
653 3039 746 3090 καὶ
813 3037 944 3107 δορᾷ
1011 3035 1073 3088 τὸ
1135 3035 1477 3107 ἀνθρώπινον
1528 3033 1829 3097 ἀποσὼζων

1941 495 2053 548 nati
2102 494 2248 551 illius
2276 503 2439 565 atque
2482 495 2716 564 agrestis
2745 493 2983 550 hominis
3030 496 3314 562 societate,
3364 503 3516 552 arcta

1933 586 2238 656 sepultura,
2273 595 2328 642 et
2356 587 2496 654 quod
2525 587 2766 641 omnium
2807 587 3102 656 pessimum
3129 596 3233 650 est,
3265 589 3516 645 obscuris

1939 677 2182 732 tenebris
2213 678 2380 732 animi
2428 678 2594 732 miser
2637 678 3082 733 discruciaretur.
3116 676 3230 731 Non
3267 680 3372 734 erit
3411 680 3517 734 ita-

1938 781 2042 836 que
2073 767 2300 837 posthac
2331 781 2490 837 opus,
2519 782 2642 836 qua:
2685 767 3013 837 multiplices
3052 767 3178 822 inde
3213 769 3520 826 subsecutae

1936 871 2084 922 sunt,
2127 873 2401 914 aerumnas
2435 873 2498 914 ac
2544 859 2948 914 mtestitudiues
2999 858 3152 914 vobis
3202 875 3514 927 recensere,

1935 953 2026 1020 qui
2078 951 2334 1006 tormenti
2379 965 2553 1021 genus
2614 949 2775 1018 quale
2819 949 2892 1002 sit
2941 948 3174 1004 calletis.
3233 949 3515 1006 Neminem

1935 1039 2079 1094 enim
2131 1039 2406 1110 praeterit,
2450 1047 2684 1108 quantas
2732 1037 3083 1106 aegritudines
3131 1037 3320 1103 animi,
3386 1040 3514 1095 dum

1937 1131 2138 1185 talibus
2178 1129 2336 1185 malis
2373 1129 2775 1193 conflictantur,
2805 1136 2860 1181 et
2891 1127 3137 1181 humana:
3178 1137 3386 1184 natura:
3429 1130 3514 1184 iu-

1937 1221 2193 1287 lirmitas,
2239 1229 2296 1276 et
2342 1219 2549 1275 luteum
2601 1219 2769 1275 hocce
2819 1218 3008 1274 infelix
3064 1219 3382 1290 morbisque
3423 1222 3521 1277 ob-

1938 1312 2161 1366 noxium
2186 1326 2281 1366 vas
2314 1311 2520 1366 homini
2555 1309 2985 1379 iugeraut.Vcre
3012 1309 3158 1364 enim
3195 1293 3310 1380 ipse
3338 1310 3390 1365 in
3420 1311 3522 1366 ob-

1935 1403 2114 1458 scuris
2159 1412 2215 1457 et
2247 1403 2300 1457 in
2337 1403 2528 1457 umbra
2564 1401 2753 1457 mortis
2779 1442 2794 1470 ,
2821 1400 3038 1455 nemine
3068 1401 3135 1455 de
3169 1401 3344 1456 salute
3375 1401 3519 1457 illius

1935 1493 2251 1560 laborante,
2304 1494 2579 1564 repositus
2624 1503 2762 1548 erat.
2815 1493 2930 1548 Hoc
2966 1502 3049 1546 est
3093 1493 3326 1562 primum
3372 1492 3516 1548 beati

1935 1583 2193 1639 Methodii
2222 1598 2320 1654 pro
2354 1582 2574 1638 Christo
2597 1591 2872 1636 certamen
2903 1597 2918 1646 ;
2943 1595 3065 1650 qua:
3094 1583 3240 1634 enim
3273 1595 3318 1648 ρ.
3345 1589 3520 1636 stmo-

1934 1674 2063 1729 dum
2104 1673 2394 1729 subsecuta
2431 1683 2592 1737 sunt,
2641 1687 2766 1726 mox
2814 1672 3032 1735 dicam;
3079 1671 3183 1725 hoc
3222 1671 3520 1726 vehemens

1862 1774 1904 1830 Β
1935 1765 2318 1835 iutensumque
2345 1764 2526 1835 magni
2559 1778 2658 1834 pro
2674 1763 2878 1818 Christi
2899 1762 3118 1818 athletae
3153 1777 3238 1815 ma
3259 1762 3517 1833 rtyrium.

2007 1857 2062 1911 6.
2103 1856 2237 1912 Cum
2307 1856 2494 1927 itaque
2570 1855 2961 1912 sollicitaretur
3041 1852 3396 1909 multifariam
3461 1865 3520 1909 ut

1934 1947 2138 2002 Christi
2178 1947 2402 2019 imagini
2447 1945 2716 2016 iniuriam
2749 1947 2978 2011 faceret,
3011 1947 3204 2016 sicque
3233 1958 3523 2014 exemptus

1935 2053 2124 2103 cavea,
2177 2038 2388 2093 solutus
2412 2037 2651 2104 viveret,
2683 2045 2994 2102 sexcentos,
3051 2035 3256 2102 aiebat,
3289 2037 3516 2103 similes,

1935 2137 1992 2188 et
2019 2133 2190 2189 multo
2227 2131 2460 2202 amplius
2484 2145 2544 2186 se
2572 2139 2780 2184 mortes
2819 2128 3090 2182 sustinere
3129 2127 3310 2192 malle,
3355 2141 3522 2196 quam

1934 2230 2125 2274 contra
2163 2218 2365 2274 Christi
2397 2217 2492 2273 Dei
2525 2217 2695 2273 nostri
2733 2217 3023 2286 imaginem
3055 2215 3140 2270 vel
3169 2214 3516 2271 levissimum

1935 2311 2065 2380 quid
2118 2310 2301 2364 animo
2351 2311 2672 2378 ,concipere.
2709 2305 2914 2362 Novem
2958 2306 3020 2378 (Ι)
3059 2306 3223 2376 igitur
3257 2322 3430 2363 annos
3463 2307 3519 2362 in-

1934 2415 2158 2455 carcere
2183 2400 2455 2466 conditus,
2491 2415 2615 2453 cum
2658 2414 2850 2453 omnes
2879 2397 2972 2466 qui
3035 2397 3201 2452 vincti
3253 2397 3517 2453 teneban-

1936 2503 2026 2548 tur
2083 2491 2437 2546 dimittendos
2493 2492 2756 2546 edixisset
2815 2491 3148 2559 imperator,
3211 2498 3516 2544 extremum

1936 2584 2060 2638 vitae
2101 2585 2352 2654 spiritum
2392 2598 2583 2654 agens,
2616 2592 2668 2634 et
2699 2583 2813 2652 ipse
2861 2583 3096 2638 emissus
3126 2589 3246 2646 est;
3285 2581 3518 2650 Spiritus

1933 2676 2106 2734 Sancti
2162 2676 2389 2746 plenus,
2451 2684 2507 2731 et
2579 2675 2706 2730 vitae
2755 2674 3080 2729 immortalis
3131 2673 3516 2738 arrhabonem,

1932 2770 2208 2836 stigmata,
2229 2767 2471 2836 inquam,
2487 2766 2799 2834 passiOnum
2815 2765 3042 2830 Christi,
3057 2765 3274 2834 preprio
3290 2777 3519 2830 corpore

1933 2858 2226 2928 pra-ferens
2246 2895 2262 2922 ,
2303 2857 2480 2926 capite
2526 2866 2642 2910 toto
2677 2855 2865 2926 glaber
2896 2871 2958 2910 ac
2981 2856 3174 2926 depilis
3203 2864 3258 2910 et
3289 2856 3518 2912 mortuis

1933 2964 2094 3020 quam
2135 2946 2465 3013 simillimus,
2499 2947 2738 3016 solisque
2778 2947 2995 3002 ossibus
3027 2957 3080 3001 et
3109 2958 3236 3002 cute
3283 2947 3518 3002 hominis

1934 3042 2168 3112 speciem
2221 3041 2515 3112 prioraque
2561 3056 2793 3096 servans
2843 3041 3191 3119 lineameth
3229 3039 3381 3095 Tunc
3413 3039 3516 3095 soli

253 3133 443 3201 σχῆμα
488 3129 584 3182 καὶ
637 3128 738 3198 τὴν
795 3101 1068 3198 προτέραν
1105 3101 1388 3196 ὁμοίωσιν.
1448 3124 1604 3178 Οὕτω
1652 3125 1829 3180 τοίνυν

1936 3135 2042 3190 sibi
2095 3134 2287 3189 vivens
2365 3133 2564 3202 (neque
2619 3133 2765 3187 enim
2819 3141 2940 3187 erat
2994 3101 3381 3186 monasterium
3448 3131 3518 3188 ab

251 3221 376 3275 καθ’
411 3219 602 3272 ἑαυτὸν
631 3219 910 3278 καταστὰς
940 3218 1031 3280 (οὐ
1063 3217 1174 3286 γὰρ
1198 3211 1264 3286 ἦν
1293 3217 1708 3286 φροντιστήριον
1733 3215 1834 3285 τῆς

250 3311 548 3382 αἱρέσεως,
576 3309 873 3379 ἄμοιρον),
919 3307 1130 3378 ιὼμίλει
1171 3311 1284 3380 τοῖς
1348 3304 1632 3376 epotam;
1684 3306 1835 3376 αὐτῷ

249 3403 520 3472 ἀσκηταίς
568 3417 628 3452 τε
674 3399 768 3454 καὶ
809 3397 1050 3468 Χριστοῦ
1104 3398 1410 3470 μάρτυσιν,
1464 3397 1574 3450 τῶν
1615 3395 1834 3466 δεσμῶν

250 3493 353 3548 καὶ
373 3493 474 3562 τῆς
501 3492 719 3562 ἐξορίας
751 3491 878 3563 ἄρτι
905 3489 1276 3545 ἀπολυθεῖσινο
1309 3489 1506 3559 ὡμίλει
1524 3489 1581 3544 δέ
1609 3491 1834 3553 καὶτοῖς

249 3582 354 3655 τῆς
395 3582 727 3653 συγκλήτου,
760 3579 910 3650 ἐστιν
939 3580 1028 3634 ὅτε
1061 3581 1157 3633 καὶ
1186 3581 1296 3642 τοῖς
1324 3579 1401 3632 ἰὸν
1431 3579 1526 3649 τῆς
1567 3578 1832 3651 αἱρέσεως

252 3674 542 3729 πεπτωκόσι
588 3673 657 3726 τά
691 3673 940 3744 σωτήρια
968 3671 1218 3741 δόγματα
1254 3669 1560 3741 παρετίθει,
1595 3670 1688 3724 καὶ
1737 3670 1833 3724 τοῦ

253 3767 400 3820 κατά
425 3764 604 3834 ψυχὴν
629 3763 876 3816 κινδύνου
906 3761 1252 3832 ἀπήλλαττεν
1273 3777 1286 3791 ο
1312 3761 1478 3824 πολὺς
1511 3760 1621 3831 γὰρ
1647 3756 1714 3832 ἦν
1739 3761 1834 3814 καὶ

249 3855 386 3930 ἡδὺς
413 3857 509 3908 καὶ
545 3855 713 3925 βαθὺς
738 3853 835 3923 τὴν
857 3853 1117 3919 διάνοιαν,
1155 3851 1224 3906 τὰ
1257 3852 1367 3905 τῶν
1405 3851 1566 3906 θείων
1597 3852 1832 3922 Γραφῶν

251 3946 474 4017 εὐφυῶς
524 3944 878 4015 συμϐιϐάζων
926 3943 1020 3997 καὶ
1059 3942 1538 4014 προϐαλλόμενος,
1583 3941 1658 4006 ὼς
1700 3941 1832 3994 ἴδιον

254 4037 459 4109 μᾶλλον
489 4038 586 4090 τὸν
615 4036 808 4090 ἑαυτοῦ
839 4035 994 4104 λόγον
1023 4036 1145 4095 ταῖς
1170 4035 1363 4098 ἀκοαῖς
1385 4035 1657 4106 ἐπιρρεῖν,
1687 4031 1831 4104 ὕδωρ

246 4131 461 4205 ψυχρὸν
492 4133 586 4186 καὶ
614 4132 712 4203 ἡδὺ
743 4131 1056 4202 δεδιψηκότι
1086 4128 1344 4202 λάρυγγι.

324 4411 390 4476 ζ’.
442 4408 547 4464 Τοῦ
589 4410 766 4462 τοίνυν
804 4408 1087 4478 ἐθνοφίλου
1140 4407 1344 4478 μᾶλλον
1376 4409 1410 4480 ἢ
1439 4409 1702 4480 Θεοφίλου
1729 4411 1826 4482 τήν

242 4504 343 4558 τοῦ
367 4503 576 4573 πατρὸς
615 4501 896 4572 βασιλείαν
935 4499 1320 4568 διαδεξαμένου
1345 4540 1360 4566 ,
1399 4501 1518 4554 τότε
1555 4503 1658 4574 τῆς
1700 4521 1824 4574 μιαο

243 4598 350 4669 ρᾶς
401 4595 616 4664 ἐκείνης
649 4592 916 4662 αἱρέσεως
963 4590 1182 4662 ἐκπομα
1227 4591 1544 4655 πεπωκότος
1587 4594 1667 4656 εἰς
1723 4595 1823 4663 μὲ-

243 4686 382 4754 θην,
451 4683 612 4737 πάλιν
661 4685 710 4735 oi
763 4681 1034 4753 όρθόδοξοι
1100 4680 1428 4747 ἐδιώκοντο,
1481 4681 1822 4752 ἐξορίζοντο,

240 4775 576 4844 ἀξιωμάτων
618 4773 849 4826 ἔπιπτον
869 4811 883 4834 ,
920 4770 1218 4842 κτημάτων
1249 4771 1692 4842 καὶ-οἰκημάτων
1723 4775 1826 4826 ἀτι-

240 4864 568 4935 εστεροῦντο
587 4881 599 4894 ·
632 4865 734 4918 οὐκ
764 4859 832 4934 ἦν
862 4859 1002 4924 εἶδος
1023 4862 1396 4926 κακοπαθείας
1414 4903 1429 4926 ,
1457 4863 1486 4916 ὃ
1515 4864 1592 4934 μὴ
1615 4864 1824 4935 ὑπέμε-

239 4973 356 5011 νον.
403 4955 536 5007 Τότε
573 4956 754 5006 τοίνυν
793 4953 1142 5008 διαϐάλλεται
1182 4952 1359 5024 τούτῳ
1388 4954 1466 5024 τῷ
1505 4955 1696 5024 opst-0
1731 4956 1824 5008 τοῦ

237 5048 486 5120 Χριστοῦ
511 5048 768 5114 ἀριστεὺς
793 5047 889 5100 καὶ
911 5046 1126 5116 μάρτυς
1159 5045 1448 5110 Μεθόδιος.
1479 5045 1579 5117 τὴν
1613 5047 1827 5119 αἵρεσιν

237 5141 498 5212 φανερῶς
541 5135 892 5210 ἀπελέγχων,
946 5141 1042 5192 καὶ
1084 5138 1329 5209 μεγάλας
1371 5137 1694 5206 ύπενεγκὼν
1727 5137 1825 5206 βα-

237 5234 445 5291 σάνους
494 5231 594 5302 τῆς
641 5231 925 5302 ὀρθοδόξου
986 5231 1224 5294 πίστεως
1278 5232 1464 5302 χάριν.
1531 5228 1824 5302 Μετακλη-

233 5322 431 5388 θέντος
474 5325 656 5379 τοίνυν
687 5324 868 5398 αὐτῷ,
913 5324 1018 5396 ἔφη
1052 5325 1080 5376 ὁ
1119 5323 1405 5395 βασιλεύς·
1441 5325 1516 5378 Οὐ
1555 5323 1825 5390 παύσεις,

313 5480 376 5553 (ί)
414 5479 823 5553 QuiaMit-hael
871 5490 1080 5553 tantum
1140 5495 1313 5553 annos
1347 5481 1377 5534 8
1423 5492 1478 5534 et
1526 5494 1740 5534 menses
1771 5480 1806 5536 9

234 5549 512 5620 regnavit,
533 5551 744 5620 aliquod
772 5552 856 5608 hic
890 5549 1110 5620 σφάλμα
1139 5551 1190 5603 in
1218 5567 1448 5620 nuntth
1478 5565 1658 5620 navent
1689 5561 1767 5603 est
1792 5567 1806 5604 :

233 5617 388 5676 forte
433 5617 551 5673 loco
589 5617 637 5684 ζῖ
667 5632 860 5686 septem
886 5659 900 5682 ,
937 5617 1173 5684 irrepsit
1210 5619 1252 5672 θ’
1286 5637 1488 5682 norem,
1522 5619 1818 5674 scilicetab

237 5704 392 5745 anno
425 5689 521 5745 821
563 5705 733 5767 usque
765 5692 829 5745 ad
860 5707 1058 5746 annum
1095 5690 1198 5744 89.8
1234 5708 1246 5744 :
1279 5688 1518 5746 Zonaras
1549 5693 1694 5744 enim
1730 5705 1816 5746 so-

1937 3227 2208 3280 liaereseos
2240 3233 2393 3293 peste
2421 3225 2683 3292 immune)
2729 3224 2951 3289 ascetis,
2985 3223 3076 3290 qui
3117 3221 3306 3276 eodem
3339 3237 3400 3276 ac
3430 3221 3520 3279 ille

1939 3317 2055 3371 zelo
2098 3315 2458 3380 ducebantur,
2491 3324 2545 3368 et
2585 3314 2788 3370 Christi
2831 3314 3184 3384 martyribus,
3239 3323 3351 3366 tum
3403 3315 3522 3384 ιιι-ῖς

1937 3423 2080 3461 mum
2115 3422 2146 3460 a
2183 3405 2415 3461 vinculis
2465 3417 2520 3460 et
2544 3404 2740 3460 exsilio
2777 3403 3038 3470 dimissis,
3093 3407 3519 3461 consuescebat.

1934 3499 2336 3554 Consuescebat
2363 3497 2528 3552 etiam
2557 3511 2680 3551 cum
2713 3494 2781 3550 iis
2813 3493 2906 3562 qui
2938 3492 2991 3547 in
3024 3493 3290 3562 dignitate
3335 3504 3519 3559 erant,

1934 3603 1984 3646 et
2023 3604 2087 3645 ex
2121 3598 2338 3652 senatu,
2370 3588 2437 3644 de
2464 3587 2566 3642 [ide
2598 3596 2776 3641 tamen
2827 3593 2977 3640 recte
3033 3583 3360 3639 sentiebant.
3393 3582 3520 3640 Fuit

1933 3683 2095 3735 etiam
2129 3696 2254 3735 cum
2285 3680 2353 3735 iis
2377 3679 2473 3750 qui
2528 3691 2797 3732 Venenum
2843 3676 3114 3754 haereseos
3161 3675 3518 3742 imbiberant,

1935 3783 1992 3827 ut
2013 3771 2272 3826 salutaria
2299 3772 2546 3840 dogmata
2575 3775 2922 3840 proponeret,
2940 3777 2993 3824 et
3025 3782 3122 3824 eos
3142 3781 3172 3822 a
3197 3767 3520 3823 discrimine

1891 3851 1904 3862 ’
1933 3865 2174 3918 animum
2201 3863 2538 3934 opprimente
2567 3861 2827 3917 liberaret
2853 3878 2866 3915 :
2901 3859 3087 3916 multis
3114 3861 3258 3916 enim
3293 3875 3518 3930 persua-

1933 3949 2186 4010 sitlilibus
2237 3955 2412 4024 iisque
2449 3953 2788 4010 acutissimis
2839 3951 3077 4023 pollebat
3125 3939 3431 4017 sententiis,
3464 3961 3518 4006 et

1931 4047 2151 4118 ingenio
2209 4047 2490 4117 praestanti
2543 4045 2848 4100 divinarum
2889 4042 3296 4110 Scripturarum
3354 4039 3514 4094 verba

1931 4150 2054 4210 apte
2083 4153 2420 4209 componens
2445 4137 2568 4192 aliis
2602 4135 2924 4198 dictitabat;
2961 4142 3019 4187 ut
3047 4130 3335 4199 jucundior
3366 4131 3512 4196 ejus-

1930 4234 2050 4286 dem
2099 4230 2280 4285 oratio
2335 4229 2562 4283 auribus
2621 4223 2957 4279 audientium
3015 4221 3512 4289 inﬂueret,-quam

1931 4337 2070 4391 aqua
2108 4319 2309 4390 frigida
2347 4333 2409 4372 ac
2440 4319 2624 4372 suavis
2656 4313 2797 4368 fanti
2837 4314 3042 4368 sitienti
3080 4311 3402 4366 infunditur.

2003 4413 2056 4468 7.
2099 4414 2232 4468 Cum
2263 4413 2446 4480 itaque
2476 4407 2809 4478 Theophilus
2849 4406 2969 4477 (in),
2999 4404 3291 4474 gentilismi
3331 4405 3509 4475 potius

1934 4521 2096 4576 quant
2157 4504 2250 4558 Dei
2306 4517 2520 4569 amans,
2573 4501 2713 4570 patri
2773 4500 2823 4554 in
2875 4497 3103 4568 imperio
3133 4496 3507 4560 successisset,

1925 4607 1980 4652 et
2038 4595 2260 4650 infamis
2307 4594 2450 4649 illius
2497 4592 2720 4646 haeresis
2761 4589 3008 4659 poculum
3075 4588 3141 4640 ad
3187 4585 3512 4640 ebrietatem

1924 4687 2300 4752 exhausisset,
2345 4699 2563 4739 rursum
2612 4689 2775 4738 rectae
2812 4680 2934 4734 lidci
2969 4677 3166 4732 addicti
3223 4678 3420 4746 fugari,
3456 4678 3505 4730 in

1923 4781 2174 4836 exsilium
2207 4779 2358 4850 pelli,
2391 4793 2419 4831 a
2452 4778 2806 4848 dignitatibus
2845 4773 3029 4842 ιιι-λεώ,
3065 4773 3228 4827 rebus
3253 4771 3508 4826 omnibus

1925 4873 2468 4942 possessionibusque
2516 4869 2717 4938 privari
2759 4877 2812 4922 et
2853 4865 2996 4920 nulla
3048 4878 3152 4918 non
3199 4861 3508 4917 calamitate

1928 4964 2088 5018 allici.
2126 4961 2278 5017 Tunc
2301 4962 2465 5017 etiam
2499 4960 2722 5014 immani
2753 4957 2840 5012 isti
2871 4954 3107 5024 serpenti
3141 4952 3343 5008 Christi
3371 4961 3512 5006 stre-

1927 5056 2226 5109 nuissimus
2279 5052 2437 5108 miles
2489 5062 2544 5107 et
2593 5058 2800 5120 martyr
2875 5045 3178 5102 Methodius
3244 5041 3515 5110 defertur,

1935 5158 2188 5215 tanquam
2223 5147 2314 5214 qui
2353 5143 2530 5214 palam
2559 5141 2806 5198 haeresim
2839 5139 3130 5204 refelleret,
3169 5137 3517 5208 ingentiaque.

1929 5253 2026 5307 pro
2059 5238 2164 5292 lide
2193 5235 2498 5290 orthodoxa
2547 5243 2815 5289 tormenta
2857 5233 3228 5287 sustinuisset.
3260 5227 3516 5282 Accersiq

1930 5337 2040 5380 tum
2079 5327 2264 5396 itaque
2301 5326 2596 5398 compellat
2639 5326 2978 5394 imperator:
3012 5324 3206 5376 Annon
3264 5319 3516 5388 quiesces

1927 5486 2037 5539 lum
2071 5492 2277 5548 septem
2313 5496 2484 5536 annos
2515 5481 2690 5535 exsilii
2733 5479 2912 5534 habet.
3017 5543 3041 5548 Α
3148 5544 3158 5548 _
3191 5507 3196 5512 -

1999 5551 2094 5623 (m)
2122 5541 2456 5620 Theophilus
2477 5551 2721 5623 regnarit
2749 5567 2776 5603 a
2801 5561 2986 5603 mense
3007 5541 3228 5602 Octobri
3259 5543 3385 5600 anni
3407 5541 3516 5594 SQQ

1930 5621 2101 5692 usque
2132 5625 2199 5678 ad
2233 5638 2432 5678 annum
2467 5621 2594 5678 842.
