3932 6214
429 283 561 347 1251

1455 282 1516 340 s.
1559 280 1946 341 METIIODII
1988 276 2503 340 I’ATRIARCH/E
2543 237 2650 336 cr.

3564 279 3718 346 1252

425 404 689 460 unquam,
736 387 1000 454 Methodi,
1045 401 1234 457 punias
1267 387 1377 458 jam
1411 387 1721 458 importuno
1771 389 1879 443 isto
1912 397 2004 442 tuo

2133 387 2366 450 ιίεϐόδιε,
2417 387 2517 448 τὰς
2549 385 2742 447 ποινὰς
2772 385 3141 457 ὑφιστάμενος
3175 386 3236 452 ἐξ
3267 388 3502 462 ἀκαίρου
3545 391 3716 459 φιλο-

426 496 493 539 ac
519 480 785 554 pertinaci
818 480 1186 535 contentionis
1218 479 1399 536 studio
1428 494 1740 550 perpessus,
1775 494 2004 549 regnan-

430 570 566 626 titnn
596 569 1006 638 dispositionem
1039 567 1416 624 confundere?
1448 569 1607 640 idque
1623 569 1702 626 rei
1733 568 2006 624 vilissimae

429 676 617 724 causa,
666 658 950 728 imaginis,
991 658 1235 728 inquam,
1277 675 1378 731 pro
1421 677 1524 730 qua
1559 670 1640 715 tot
1689 661 2007 716 tumultibus

432 761 707 806 terrarum
743 750 936 808 orbem
969 750 1276 820 complesti,
1316 761 1376 807 ιιι
1415 761 1468 806 et
1497 751 1798 806 Romanum
1830 753 2009 822 ponti-

431 843 589 913 ﬁcem
637 841 704 894 ad
754 850 930 895 tomos
981 855 1104 895 meo
1159 843 1301 908 patri
1351 841 1672 897 scribendos
1726 844 2010 914 adigeres?

429 929 587 986 Tunc
640 929 950 985 Methodius
1002 949 1014 985 :
1051 929 1107 985 Si
1147 931 1403 1002 imaginis
1433 935 1570 988 ratio
1603 949 1772 1004 penes
1801 951 1894 989 vos
1933 936 2007 990 ita

432 1023 667 1088 vilescit,
699 1022 1012 1092 nulliusque
1037 1025 1372 1093 dignationis
1398 1033 1706 1082 mstimatur
1729 1068 1744 1092 ,
1773 1043 2007 1098 quanam

432 1115 648 1178 ratione
694 1129 810 1179 vos,
862 1117 1060 1183 quibus
1107 1115 1408 1170 Romanum
1451 1117 1734 1186 imperium
1767 1120 1818 1172 in
1849 1133 2008 1174 manu

434 1214 539 1268 est,
575 1220 680 1258 una
713 1220 837 1260 cum
881 1206 1082 1262 Christi
1131 1207 1366 1277 imagine
1390 1247 1404 1271 ,
1445 1205 1684 1260 vestram
1717 1223 1823 1262 non
1854 1223 2010 1260 ever-

434 1291 552 1346 titis
581 1301 636 1346 et
667 1293 920 1360 aboletis,
955 1304 1014 1348 tit
1041 1309 1192 1364 mque
1221 1311 1285 1349 ac
1309 1294 1564 1350 Christus
1590 1294 1815 1362 gloriam
1856 1310 2010 1348 asse-

435 1383 702 1452 quamini,
742 1385 834 1439 sed
866 1385 1110 1453 quotidie
1150 1399 1270 1439 eam
1313 1386 1691 1455 multiplicatis
1725 1397 1778 1438 et
1807 1387 2014 1439 exalta-

437 1473 548 1528 tis?
583 1473 778 1527 Annon
823 1476 940 1530 lucc
1001 1490 1192 1542 causa,
1242 1475 1406 1529 etiam
1478 1475 1636 1530 nobis
1684 1473 2009 1539 tacentibus,

438 1564 586 1620 clara
627 1573 924 1633 apertaque
953 1565 1080 1619 est?

511 1654 566 1709 8.
608 1655 743 1708 Tum
774 1653 885 1719 ille,
920 1655 1170 1724 redargui
1199 1670 1306 1708 non
1336 1654 1536 1720 ferens,
1574 1656 2013 1711 adhortationem

2108 475 2338 540 ιεικίας,
2385 475 2476 528 καὶ
2502 473 2610 528 τῶν
2623 473 2973 546 κρατούντων
2985 474 3085 546 τὴν
3105 476 3364 548 εὐνομίαν
3383 480 3712 551 ταράττωνς

2107 571 2274 634 Ποίας
2319 569 2550 640 ταύτης,
2586 569 2788 640 φησὶν,
2842 571 2926 623 ὅτι
2975 571 3040 642 δὴ
3081 573 3407 642 πράγματος
3450 575 3722 644 εὐτελοῦς

2107 664 2300 736 χάριν,
2337 661 2442 732 τῆς
2480 662 2784 732 λεγομένης
2820 661 3061 729 είκὶνος,
3106 666 3356 734 ταραχῆς
3395 667 3494 737 τὴν
3525 670 3720 724 οἰκου-

2111 757 2282 826 μένην
2330 753 2697 825 ὲπλήρωσας,
2733 753 2810 818 ῶς
2855 754 2952 808 καὶ
2983 754 3076 807 τὸν
3112 755 3302 808 πάπαν
3353 755 3577 828 Ῥώμης
3606 777 3718 813 πα-

2111 848 2492 918 ρασκευᾶσαι,
2555 846 2761 916 τόμους
2809 845 3172 915 καταπέμψαι
3219 847 3298 917 τῷ
3351 851 3471 917 ἐμῷ
3503 851 3711 920 πατρίς

2109 937 2243 990 Τότε
2277 937 2306 988 ὁ
2359 934 2628 998 Μεθόδιος
2658 950 2672 964 ·
2715 934 2829 988 Καὶ
2884 935 2934 986 εί
2983 933 3158 999 οὕτως
3202 937 3334 1006 παρ’
3369 937 3500 1006 ὑμῖν
3548 940 3580 991 ὁ
3611 939 3715 1008 τῆς

2109 1029 2319 1091 εἰκόνος
2348 1026 2577 1096 εὐτελής
2623 1027 2739 1079 ἐστι
2776 1025 2958 1094 λόγος,
2994 1027 3089 1079 καὶ
3136 1026 3395 1096 οὐδεμιᾶς
3424 1029 3714 1096 φροντίδος

2110 1119 2294 1186 ἄξιος,
2349 1117 2443 1176 διὰ
2495 1118 2550 1171 τί
2615 1119 2663 1170 oi
2723 1117 2821 1186 τὴν
2893 1117 3186 1187 Ῥωμαίων
3234 1117 3500 1188 λαχόντες
3547 1119 3714 1190 (ipsi;

2111 1210 2322 1282 ἀρχὴν,
2386 1210 2488 1279 τὴν
2540 1207 2817 1279 ὑμετέραν
2882 1209 2944 1260 ού
2999 1207 3424 1279 συγκαθαιρεῖτε
3483 1213 3552 1280 τῇ
3613 1210 3713 1266 τοῦ

2111 1299 2350 1374 Χριστοῦ
2393 1300 2563 1353 είκόνι
2613 1300 2710 1353 καὶ
2747 1299 3075 1368 ἀφανίζετε,
3113 1299 3182 1354 ἶν’
3231 1300 3436 1370 ὁμοίως
3482 1303 3714 1375 Χριστῷ

2114 1388 2544 1461 συνδοξάζησθε,
2611 1389 2727 1444 ἀλλ’
2787 1391 3062 1462 ὁσημέραι
3128 1389 3340 1459 ταύτην
3401 1391 3714 1444 ὲπιτείνετε

2112 1483 2208 1536 καὶ
2242 1481 2528 1552 ὲπαίρετε;
2559 1481 2592 1552 ἢ
2640 1481 2818 1551 σαφής
2845 1498 2905 1534 τε
2943 1481 3040 1536 καὶ
3070 1481 3284 1552 φανερά
3321 1483 3356 1554 ἡ
3389 1483 3567 1550 αἰτία,
3605 1485 3714 1538 xiv

2113 1575 2274 1644 ἡμεῖς
2309 1571 2482 1641 αὐτὴν
2511 1571 2585 1642 μὴ
2621 1571 2904 1641 λέγωμενς
3389 1645 3394 1650 Α

2185 1669 2258 1734 η’.
2290 1661 2403 1716 Καὶ
2431 1662 2490 1726 ὃς
2521 1679 2609 1731 γε,
2637 1661 2732 1715 τοῦ
2765 1663 2990 1733 ἐλέγχου
3017 1664 3177 1738 ὓϐριν
3207 1668 3308 1724 ούκ
3341 1669 3606 1739 ἐνεγκὼν,
3630 1676 3717 1738 εἰς

440 1747 496 1800 in
533 1745 770 1799 furorem
827 1747 1121 1808 convertit,
1157 1756 1212 1800 et
1248 1745 1323 1816 (η)
1362 1747 1494 1801 loris
1519 1748 1751 1802 extendi
1793 1748 2012 1816 jubens,

2133 1755 2292 1824 lupbv
2330 1755 2429 1824 τὴν
2455 1754 2779 1824 παραίνεσιν
2821 1746 3222 1830 μετεποίησεν,
3269 1763 3364 1815 καὶ
3395 1765 3510 1828 τοῖς
3547 1767 3714 1837 ἱμᾶσι

442 1838 686 1891 humeris
709 1845 763 1890 et
793 1847 1016 1905 pectore
1055 1837 1374 1900 tleuutlatis,
1415 1846 1670 1891 sexcenta
1706 1848 1759 1892 et
1785 1837 2016 1904 amplius

441 1929 669 1980 verbera
714 1926 948 1992 inﬂixit;
984 1937 1038 1980 et
1088 1927 1165 1980 ita
1214 1927 1612 1990 semianimem,
1645 1916 1710 1981 ac
1749 1926 2017 1996 sanguine

445 2017 684 2084 undique
741 2024 1192 2083 conspurcatum,
1237 2015 1290 2070 in
1324 2017 1740 2070 subterraneam
1771 2031 2014 2082 caveam,

443 2122 564 2177 ψιιι·
595 2108 646 2159 in
680 2106 880 2176 palatio
906 2116 1047 2172 erat,
1086 2121 1181 2175 per
1216 2107 1500 2174 quemdam
1535 2109 1738 2163 hiatum
1770 2109 2018 2178 praecipi-

445 2199 546 2251 tari
597 2199 896 2252 mandavit.
936 2197 1102 2252 Nocte
1134 2213 1264 2252 vero
1299 2215 1327 2251 a
1357 2200 1634 2254 nonnullis
1659 2201 1762 2268 piis
1793 2199 2022 2254 hornini-

447 2291 550 2344 bus
579 2275 833 2352 edat-tus,
863 2297 918 2342 et
950 2289 1266 2356 tempestiva
1309 2284 1596 2344 curatione
1637 2299 1880 2358 accepta,
1907 2289 2022 2360 ipse

447 2381 667 2450 quidem
711 2380 854 2434 bene
880 2379 1088 2446 valuit;
1129 2395 1252 2449 qua:
1299 2395 1430 2435 vero
1459 2381 1536 2434 illi
1573 2382 1896 2436 medicinam
1930 2383 2024 2435 ad-

451 2481 700 2525 moverat
737 2469 848 2526 Deo
897 2470 1090 2524 dilecta
1141 2471 1353 2537 domus,
1388 2472 1458 2526 ab
1509 2471 1677 2542 impio
1717 2482 1772 2527 et
1809 2471 2024 2526 furente

455 2573 688 2633 tyranno
743 2563 1014 2631 publicata
1085 2572 1192 2617 est.
1265 2562 1392 2618 Haec
1454 2563 1558 2618 fuit
1628 2565 1770 2619 beati
1830 2565 2025 2633 pugilis

452 2655 693 2710 secunda
731 2664 954 2726 propter
995 2655 1273 2710 Christum
1325 2655 1491 2722 lucta,
1537 2664 1592 2714 et
1639 2670 1761 2711 cum
1807 2655 2026 2712 Christo

453 2743 702 2799 victoria.

524 2948 579 3002 9.
623 2947 1010 3001 Verumtamen
1037 2946 1256 3001 dolosas
1293 2945 1384 3002 ille
1415 2961 1664 3018 serpens,
1694 2961 1817 3002 cum
1869 2946 2030 3016 plane

454 3040 669 3094 videret
713 3037 917 3091 Christi
957 3038 1184 3092 militem
1224 3037 1472 3108 corporis
1511 3039 1796 3093 tormentis
1831 3041 2028 3092 cedere

460 3128 729 3189 nescium,
779 3128 959 3192 utqui
1000 3135 1052 3180 et
1077 3126 1282 3181 laboris
1319 3128 1617 3196 patientem
1673 3127 1942 3189 animum,
1972 3137 2028 3181 et

458 3219 594 3271 satis
635 3216 828 3268 virium
874 3216 1134 3280 haberet,
1183 3220 1250 3270 ad
1277 3219 1524 3286 opposita
1557 3231 1680 3272 sese
1719 3217 2026 3280 convertit;

458 3319 612 3362 ratus
658 3307 1047 3362 blandimentis
1092 3316 1148 3362 et
1196 3324 1293 3378 spe
1343 3309 1529 3378 gloria:
1585 3308 1806 3374 majoris
1855 3309 2028 3362 virum

459 3411 794 3466 expugnare,
827 3396 1044 3465 sibique
1091 3411 1252 3465 posse
1299 3397 1616 3452 conciliare.
1649 3397 1830 3464 Quare
1863 3398 2030 3451 advo-

461 3503 596 3542 cans
620 3502 767 3552 eum,
803 3487 1045 3542 suaviter
1075 3501 1140 3541 ac
1171 3497 1456 3542 mansuete
1489 3488 1759 3556 colloquia
1786 3489 2033 3544 confere-

461 3580 576 3642 bat,
608 3587 663 3631 et
693 3577 1028 3646 quaestiones
1073 3590 1102 3630 e
1157 3575 1442 3646 Scriptura
1483 3578 1677 3646 petitas
1707 3578 1776 3632 ab
1803 3594 1867 3632 eo
1899 3577 2033 3633 solvi

462 3669 586 3723 laeto
644 3667 828 3720 animo
899 3666 1154 3738 excipere
1222 3665 1536 3734 fatebatur;
1597 3670 1931 3738 tandemque
1977 3669 2034 3724 in

391 3791 399 3798 ι
465 3743 680 3829 palatio
713 3772 834 3812 eum
866 3737 1144 3812 ﬁdissimis
1189 3758 1362 3813 servis
1395 3743 1508 3814 suis
1542 3775 1764 3815 manere
1787 3775 1910 3816 eum
1942 3777 2036 3818 vo-

465 3848 589 3902 luit.
638 3845 1030 3902 Verumtamen
1083 3848 1166 3902 vir
1215 3847 1330 3914 Dei,
1390 3848 1491 3903 hac
1533 3865 1750 3919 quoque
1800 3852 2032 3918 ratione,
2077 3829 2098 3848 ’

467 3937 722 3994 vincebat
765 3938 939 4007 magis
983 3953 1145 4006 quam
1203 3939 1539 3995 vincebatur.
1581 3941 2036 4014 Etenimmmnes

467 4031 666 4101 quibus
690 4029 1110 4084 familiarissime
1135 4032 1390 4085 utebatur
1411 4033 1724 4102 imperator,
1749 4034 1814 4086 ad
1833 4043 2034 4088 rectam

469 4123 628 4176 tidem
661 4121 954 4186 instruxit;
991 4121 1444 4191 imperatorisque
1475 4122 1642 4192 ipsius
1673 4124 1832 4190 iram,
1872 4133 2036 4194 atque

469 4211 538 4264 ad
567 4209 830 4279 sacrilega
858 4224 1087 4278 qumque
1109 4211 1366 4278 impetum
1397 4226 1459 4265 ac
1483 4212 1740 4277 furorem,
1769 4214 1822 4266 in
1851 4215 2036 4268 mode-

469 4309 642 4352 ratam
734 4299 1022 4367 quamdam
1097 4301 1450 4356 sobrietatem
1523 4303 2038 4372 ambiguitatemque

468 4397 808 4455 lransvexrt,
839 4399 915 4442 tta
947 4399 1002 4444 ut
1047 4389 1139 4446 ille
1187 4406 1366 4460 neque
1415 4402 1674 4448 consueta
1725 4395 1948 4448 audacia
1985 4395 2119 4488 in,”

471 4479 804 4535 orthodoxos
830 4479 1086 4546 terretur,
1120 4495 1297 4552 neque
1319 4483 1552 4554 propria:
1571 4485 1855 4540 sententia:
1879 4485 2034 4554 quasi

471 4569 866 4639 inreprehensa:
900 4568 1110 4625 ﬁderet.

2053 3081 2096 3138 C

2117 1845 2348 1916 σταθῆναι
2379 1845 2676 1913 κελεύσας,
2720 1853 2950 1920 γυμνοῖς
2993 1854 3112 1915 τοῖς
3160 1851 3354 1919 νώτοις
3391 1857 3562 1914 αὑτοῦ
3611 1862 3715 1914 καὶ

2118 1938 2230 1999 τοῖς
2262 1935 2508 2007 στέρνοις
2557 1937 2699 2008 ὑπὲρ
2725 1939 2840 2002 τὰς.
2871 1940 3162 2007 ἑξακοσίας
3189 1946 3462 2018 κατέφερε
3507 1949 3714 2019 μάστι⁸

2120 2044 2244 2105 γας,
2290 2028 2386 2080 καὶ
2429 2027 2604 2092 οὕτως
2653 2031 2896 2102 ἡμιθανῆ
2943 2034 3038 2086 καὶ
3074 2035 3153 2104 τῷ
3197 2037 3393 2108 αἵματι
3441 2040 3716 2095 πάντοθεν

2121 2121 2475 2188 πεφυρμένον
2495 2160 2510 2185 ,
2549 2119 2606 2172 έν
2635 2138 2741 2175 τινι
2782 2123 3034 2196 ὑπογαίῳ
3067 2127 3250 2198 ἄντρῳ
3279 2129 3375 2183 τοῦ
3417 2131 3711 2198 παλατίου,

2121 2207 2212 2261 διά
2254 2224 2403 2272 τινος
2434 2209 2692 2280 στομίου,
2734 2211 2960 2282 ῥιφῆναι
3001 2216 3358 2285 προσέταξεν.
3394 2221 3614 2286 Νυκτὸς
3652 2223 3713 2276 δὲ

2123 2296 2543 2368 καταλαϐούσης
2563 2339 2578 2361 ,
2612 2300 2716 2351 ύπό
2747 2316 2915 2353 τινων
2941 2301 3280 2378 ἀναληφθεὶς
3309 2307 3712 2376 φιλοχρίστων,

2123 2389 2218 2441 καὶ
2276 2387 2578 2458 θεραπείας
2630 2388 2914 2456 ἀξιωθεὶς,
2972 2391 3135 2456 αὐτὸς
3179 2393 3280 2464 μὲν
3337 2396 3713 2468 ά”ναρρὡεως

2123 2481 2314 2550 ἔτυχεν
2334 2520 2350 2546 ,
2398 2483 2428 2535 ὁ
2455 2481 2512 2534 δὲ
2546 2481 2736 2535 τοῦτον
2778 2482 3034 2556 θεοφιλὴς
3059 2486 3482 2559 τεθεραπευκὼς
3523 2486 3715 2558 οἶκος,

2125 2573 2391 2642 δημεύσει
2423 2573 2680 2628 παντελεῖ
2722 2575 2826 2629 ὑπὸ
2863 2575 2960 2630 τοῦ
2994 2581 3346 2648 μισοχρίστου
3381 2583 3476 2635 καὶ
3503 2583 3720 2652 λυσση-

2125 2663 2293 2732 τῆρος
2333 2665 2599 2735 τυράννου
2629 2665 3074 2731 καταδικάζεται.
3125 2670 3361 2741 Τοιαύτη
3398 2673 3492 2726 τοῦ
3527 2691 3722 2743 μακαο

2129 2753 2249 2822 ρίου
2288 2751 2494 2806 πύκτου
2532 2756 2626 2808 καὶ
2671 2757 2704 2826 η
2747 2756 2974 2832 δευτέρα
3010 2758 3100 2816 διὰ
3141 2762 3376 2830 Χριστὸν
3411 2763 3582 2836 πάλη,
3619 2767 3724 2820 καὶ

2133 2844 2273 2915 μετὰ
2301 2844 2542 2914 Χριστοῦ
2576 2846 2722 2918 νίκη.

2203 2933 2269 2988 θ’.
2311 2934 2474 2988 Ἀλλά
2510 2935 2619 3006 γάρ
2655 2937 2684 2989 ό
2724 2935 2897 3002 δόλιος
2925 2937 3049 3007 ὄφις
3081 2941 3289 3006 ἐκεῖνος
3328 2943 3594 3012 συνιδὼν,
3632 2947 3722 3001 ὅτι

2137 3023 2212 3094 μὴ
2241 3025 2366 3087 ταῖς
2404 3023 2660 3094 βασάνοις
2679 3027 2848 3081 εἴκειν
2879 3027 3097 3097 φύσεως
3127 3031 3241 3100 ἔχει
3267 3033 3296 3086 ό
3329 3033 3423 3088 τοῦ
3469 3033 3721 3105 Χριστοῦ

2134 3111 2506 3183 στρατιώτης,
2546 3116 2848 3184 φερεπόνου
2873 3117 3052 3190 τυχὼν
3084 3119 3264 3192 ψυχῆς
3291 3124 3724 3195 καὶδυνάμεως,

2135 3203 2229 3255 ἐπὶ
2259 3202 2320 3256 τὸ
2356 3202 2580 3268 ταύταις
2618 3205 2994 3278 ἀντικείμενον
3042 3208 3208 3279 μέρος
3254 3211 3523 3280 ἐχώρησε,
3557 3214 3726 3267 κολα.⁹

2136 3295 2262 3364 κείᾳ
2291 3293 2489 3385 τοῦτον
2541 3296 2775 3366 συλῆσαι
2823 3298 2916 3352 καὶ
2966 3299 3093 3372 δόξῃ
3153 3302 3566 3373 καραδοκήσας.
3607 3307 3723 3360 Καὶ

2135 3382 2200 3454 δὴ
2249 3382 2796 3454 προσκαλεσάμενος,
2843 3387 2940 3439 σὺν
2991 3387 3270 3459 ἱλαρότητι
3315 3391 3413 3442 καὶ
3456 3391 3726 3462 ἡπιότητῑ

2137 3475 2476 3545 προσωμίλει
2496 3513 2512 3540 ,
2542 3477 2636 3530 καὶ
2656 3476 2940 3546 Γραφικὰς
2969 3477 3194 3544 πεύσεις
3226 3483 3356 3553 παρ’
3391 3482 3563 3536 αὐτοῦ
3593 3483 3726 3538 λύε-

2140 3566 2263 3620 σθαι
2316 3566 2486 3636 ἡδέως
2525 3565 2669 3636 ἔχειν
2719 3567 2786 3620 ἃν
2842 3561 3143 3639 ὡμολόγει,
3199 3571 3385 3637 τέλος,
3425 3572 3578 3627 ἔνδον
3623 3571 3726 3629 τοῦ

2139 3657 2404 3710 παλατίου
2440 3657 2622 3727 μένειν
2649 3659 2746 3710 σὺν
2777 3661 2891 3722 τοῖς
2924 3660 3170 3730 γνησίοις
3197 3663 3528 3732 προστάττει
3559 3664 3730 3735 θερά.

2139 3765 2352 3802 πουσιν.
2403 3748 2464 3801 '0
2499 3748 2556 3801 δὲ
2591 3749 2684 3802 τοῦ
2727 3749 2862 3802 Θεοῦ
2931 3751 3217 3820 άνθρῳπος
3265 3755 3361 3806 καὶ
3403 3754 3550 3809 οὕτω
3585 3760 3728 3826 pi)...

2139 3843 2230 3896 λον
2277 3843 2542 3913 ἐκράτει,
2589 3842 2623 3914 ἢ
2674 3842 3000 3912 ἐκρατεῖτο·
3042 3847 3170 3908 τοὺς
3207 3847 3316 3918 γάρ
3351 3851 3730 3920 οἰκειοτάτους

2143 3929 2221 4001 τῷ
2254 3930 2466 4001 βασιλεῖ
2494 3931 2706 3994 πάντας
2751 3931 3054 4001 ὀρθοδοξεῖν
3095 3933 3483 4003 ὲξεπαίδευσε,
3519 3939 3618 3992 καὶ
3664 3941 3732 3993 τὸ

2139 4020 2236 4077 τοῦ
2286 4021 2562 4091 βασιλέως
2599 4022 2658 4075 δὲ
2700 4022 2938 4094 ἄκρατον
2995 4025 3128 4096 περὶ
3175 4026 3236 4079 τδ
3281 4025 3571 4098 δύσφημον
3627 4033 3726 4086 καὶ

2143 4112 2418 4181 ᾁνέπαφον
2472 4113 2914 4183 είσκεκραμένον
2941 4131 3059 4178 πως
3093 4117 3188 4169 καὶ
3245 4117 3546 4187 ἀμφίδοξον
3587 4137 3725 4190 μετ-

2142 4203 2440 4258 εσκεύασεν
2465 4245 2480 4270 ,
2527 4203 2602 4268 ὡς
2653 4205 2794 4275 μήτε
2826 4204 2906 4276 τῷ
2939 4207 3166 4277 συνήθει
3207 4206 3404 4279 θράσει
3437 4211 3584 4263 κατὰ
3613 4210 3726 4265 τῶν

2141 4295 2438 4366 ὁρθοδόξων
2493 4296 2725 4366 χωρεῖν,
2783 4297 2920 4366 μήτε
2969 4296 3076 4368 μὴν
3114 4300 3183 4369 τῇ
3227 4299 3407 4371 οἰκείᾳ
3460 4300 3595 4374 δίξῃ
3641 4302 3722 4364 ὡς

2142 4385 2430 4457 ἀμωμήτῳ
2459 4387 2846 4459 καταθαρῥείν.

1930 4681 2164 4740 CAPUT
2205 4681 2270 4736 ll.

1042 4800 1450 4855 Patriarchattts
1487 4799 2112 4870 Constantinopolitanus
2143 4814 2162 4853 :
2187 4815 2265 4851 res
2291 4797 2343 4850 in
2373 4813 2432 4849 eo
2460 4804 2650 4864 gestat,
2686 4796 2920 4860 morbus,
2955 4794 3152 4849 obitus.

545 4935 632 4992 10.
673 4935 730 4990 In
763 4935 849 4989 his
881 4948 1005 4989 cum
1053 4943 1276 4988 sanctus
1311 4933 1396 4988 vir
1431 4949 1492 4990 se
1517 4944 1816 5003 exerceret,
1855 4935 2036 4990 Domi-

471 5044 576 5084 rtus
605 5025 918 5095 imperatori
964 5035 1192 5080 mortem
1237 5025 1438 5092 intulit,
1465 5041 1587 5096 qua:
1613 5027 1778 5081 etiam
1810 5027 1860 5080 in
1893 5027 2036 5081 illius

543 5179 622 5250 (η)
662 5178 904 5232 Zonaras
955 5178 1032 5233 sic
1078 5177 1266 5232 scribit
1312 5197 1325 5232 :
1369 5177 1768 5250 Sanctissimum
1833 5179 2042 5234 Met/io-

471 5249 638 5312 dim,
669 5250 1008 5320 post‘rnultos
1060 5249 1728 5320 cruciatusmalarumque
1763 5251 2036 5303 conlusio-

473 5337 587 5374 πέδη
611 5330 662 5375 et
684 5317 918 5372 dentium
971 5319 1306 5380 euulsiouem,
1342 5319 1394 5370 in
1430 5317 1657 5372 insulani
1694 5319 2037 5383 Panormurn,

385 5444 406 5468 κ
469 5406 586 5468 qua:
653 5403 791 5468 nunc
845 5389 1108 5468 Antigoni,
1151 5397 1553 5468 cognomentum
1603 5387 1796 5451 habet,
1852 5389 2041 5468 impius

473 5459 664 5529 relegat
709 5459 1030 5523 imperator,
1064 5467 1112 5529 et
1145 5459 1284 5529 intra
1329 5469 1720 5529 monumentum
1763 5473 1878 5510 eum
1913 5459 2047 5511 duo-

476 5524 917 5581 bus'latronibus
965 5526 1225 5580 concludit
1265 5541 1284 5578 .'
1325 5541 1545 5590 quorum
1597 5527 1762 5580 altera
1815 5536 2043 5588 mortuo,
2079 5545 2089 5554 ·

479 5609 723 5660 quantum
804 5595 1097 5648 violentiam
1141 5607 1187 5650 et
1245 5595 1537 5648 molestiam
1603 5597 1680 5648 t-ir
1727 5612 1938 5649 senatus
1985 5611 2047 5650 ex

485 5666 741 5719 celerrimo
771 5665 1037 5719 cadaveris
1071 5671 1232 5734 [crure
1277 5665 1534 5730 tolerarit,
1587 5666 1735 5719 nulla
1771 5665 2047 5736 quisquam

2219 4941 2290 5016 t'._
2333 4933 2422 4986 Ἐν
2467 4931 2685 4996 τούτοις
2732 4931 2828 4986 τοῦ
2870 4931 3029 5000 ἁγίου
3067 4932 3262 5002 ἀνδρὸς
3291 4933 3720 5006 ὲξεταζομέιου.

2147 5024 2376 5078 θάνατον
2425 5023 2715 5077 άπέστειλε
2774 5023 2982 5097 Κύριος
3037 5026 3130 5078 ἐπὶ
3183 5026 3275 5080 τὸν
3324 5025 3592 5096 βασιλέα,
3632 5031 3726 5086 καὶ

2147 5179 2384 5250 oratione
2430 5180 2677 5250 consequi
2706 5189 2891 5248 potest.
2933 5179 3009 5234 Ila
3042 5183 3202 5236 etiam
3234 5182 3555 5248 Cetlrenus;
3586 5186 3730 5243 San-

2147 5261 2260 5324 ctus
2303 5247 2622 5324 Methodius,
2657 5247 2852 5324 inquit,
2882 5251 2934 5304 in
2963 5255 3250 5324 quamdam
3279 5247 3551 5324 relegatus
3577 5259 3719 5313 insu-

2140 5319 2268 5394 l_am_,
2350 5321 2492 5394 vivus
2546 5334 2664 5372 cum
2695 5321 2917 5394 _r_luobus
2983 5322 3274 5394 latronibus
3318 5319 3725 5394 in'sepulcram

2141 5389 2374 5442 inclusus
2435 5387 2630 5454 fuerat.
2695 5385 2894 5444 Verum
2934 5405 2996 5442 ea
3029 5391 3082 5444 in
3115 5391 3236 5446 Vita
3271 5385 3488 5449 melius.
3525 5396 3723 5451 distin.

2143 5469 2403 5524 guuntur,
2430 5467 2484 5512 et
2514 5458 2578 5511 ad
2616 5467 2861 5526 tempora
2891 5458 3170 5516 Michaelis
3201 5461 3349 5518 Balbi
3384 5462 3720 5520 referuntr.

2146 5527 2328 5602 Potuit
2377 5537 2555 5602 tamen
2584 5527 3038 5602 _sub_'l‘lie0p_liilo,
3069 5546 3135 5586 ex
3167 5545 3330 5586 cavea
3361 5535 3554 5602 palatii
3583 5536 3722 5590 clam

2146 5598 2416 5673 eductus,
2477 5597 2815 5673 iuﬁinsulant
2869 5597 3218 5673 Panormum
3289 5597 3408 5658 sive
3462 5605 3721 5673 Antigoni

2150 5667 2466 5722 secessisse.
2524 5665 2750 5736 Reliqua
2803 5668 2942 5724 inira
2977 5669 3332 5728 inAnalectis
3380 5665 3716 5731 relerun'tur.
