3932 6214
312 232 334 294 ι
349 213 437 296 sin

1811 231 2011 296 VITA.

3397 238 3531 303 1254

301 332 462 410 ’ἦλθεν
493 333 586 388 ἐπὶ
631 333 740 408 τὴν.
765 334 977 406 αἰρεσιν
1017 335 1182 390 αὐτοῦ
1205 355 1219 369 ·
1263 339 1379 409 ἅμα
1412 340 1518 410 γὰρ
1554 339 1869 412 ἐτεθνήκει,

1979 338 2230 395 haeresim
2289 341 2537 412 obrepsit
2571 361 2584 398 :
2615 343 2799 400 statim
2849 346 2991 403 enim
3021 362 3085 405 ac
3129 347 3219 406 ille
3264 350 3370 406 vita
3423 355 3543 413 fun-

311 426 632 496 συντελευτᾲ
679 425 830 495 αὐτῷ
885 427 1048 498 καὶὴ
1108 428 1336 498 αἵρεσις.
1388 431 1494 482 Τοῦ
1528 430 1636 501 γὰρ
1687 429 1874 491 παιδὸς

309 517 521 589 Μιχαὴλ
575 518 672 572 σὺν
727 520 793 588 τῇ
832 519 1002 588 μητρὶ⁵
1048 521 1148 588 τὴν
1196 519 1474 589 βασιλείαν
1525 521 1874 592 παραλαϐόν-

307 625 417 670 τος.
471 610 504 676 ἡ
561 607 842 678 όρθόδοξος
899 608 1140 677 Χριστοῦ
1205 610 1502 681 Ἐκκλησία
1559 615 1874 685 παρρησίαν

309 698 588 766 λαμϐάνει,
616 695 712 749 καὶ
742 698 803 750 τὸ
829 697 1083 768 κίϐδηλον
1126 699 1226 769 τῆς
1257 700 1522 771 αἱρέσεως
1557 703 1631 766 ὡς
1661 703 1873 774 ἅνθρω-

311 789 430 860 πίνῃ
469 788 612 859 χειρὶ
643 789 776 856 φυέν
817 805 874 840 τε
915 790 1009 842 καὶ
1059 791 1334 861 κρατηθὲν
1381 793 1747 864 ἀπηλέγχετο,
1780 794 1875 848 καὶ

307 881 352 930 oi
373 879 552 932 λαλεῖν
587 879 679 931 καὶ
713 877 935 932 ἀκούειν
963 879 1278 949 βουλόμενοι
1311 884 1438 953 περὶ
1466 885 1696 949 τούτων,
1730 889 1872 940 ἐκω-

307 969 508 1024 λύοντο.
537 970 796 1022 -Ὶωάννου
825 969 1006 1022 τοίνυν
1024 971 1222 1042 ἀνδρὸς
1247 976 1446 1044 γοήτου
1471 977 1566 1029 καὶ
1596 977 1658 1031 ύδ
1670 979 1872 1048 ρομάνο

305 1079 434 1122 τεω;
461 1062 560 1128 τῆς
589 1062 886 1130 εἰρημένης
916 1062 1320 1131 προῖσταμένου
1348 1065 1612 1138 αἱρέσεως
1630 1108 1644 1131 ,
1673 1069 1768 1120 καὶ
1793 1067 1871 1138 τῷ

297 1149 474 1220 θρόνῳ
506 1150 1134 1214 Κωνσταντινουπόλεως
1189 1132 1689 1224 συμπεφορημένου
1711 1197 1725 1220 ,
1770 1175 1870 1210 κα-

294 1237 522 1300 ’νονικῶς
569 1237 970 1307 ὲξεληλαμένου
1001 1239 1098 1290 σὺν
1133 1241 1296 1293 παντὶ
1337 1242 1418 1310 τῷ
1449 1243 1634 1314 κλήρῳ
1667 1245 1830 1297 αὐτοῦ
1851 1262 1866 1277 ·

302 1329 542 1397 ἐζητεῖτο
584 1327 770 1381 λοιπὸν
803 1329 832 1380 ὁ
877 1328 1028 1392 ἄξιος
1070 1331 1159 1400 τῷ’
1189 1330 1363 1402 θρόνῳ
1413 1335 1871 1405 ὲπιστηριχθῆναι

307 1419 508 1490 μέλλων
555 1419 752 1488 πράξει
803 1420 898 1471 κοιλ⁹
945 1419 1148 1492 θεωρίᾳ
1180 1423 1539 1490 ἀνθρωπίνων
1587 1443 1870 1496 κεκοσμη-

293 1511 496 1581 μένος,
557 1510 652 1563 καὶ
687 1509 1016 1581 πολυπειρία
1067 1513 1177 1565 τῶν
1239 1512 1400 1568 θείων
1448 1515 1542 1568 καὶ
1585 1534 1870 1586 γεγυμνα-

305 1602 533 1671 σμένος,
588 1600 814 1664 δυνατὸς
869 1602 1014 1671 λόγῳ
1070 1605 1165 1656 καὶ
1211 1603 1356 1675 ἔργῳ
1386 1607 1529 1658 κατά
1575 1610 1675 1678 τὴν
1717 1608 1869 1664 θείαν

304 1691 542 1762 Γραφήν.
584 1691 802 1745 Πολλῶν
832 1693 1012 1746 τοίνυν
1048 1671 1300 1762 μεγάλων
1329 1671 1426 1747 καὶ
1456 1671 1868 1770 ἁγίωνάνδρῶν
1900 1671 1941 1724 Β

302 1785 768 1856 προϐεϐλημένων
789 1824 803 1850 ,
875 1785 1035 1856 μόνος
1078 1787 1434 1858 προκρίνεται
1469 1789 1564 1841 καὶ
1599 1789 1870 1856 καθίστατ

303 1895 388 1930 ται
439 1878 467 1930 ὁ
498 1877 796 1946 ἁθλοφόρος
830 1877 1122 1941 Μεθόδιος,
1181 1881 1412 1949 ἀσκήσει
1448 1883 1654 1945 πάντας
1699 1883 1868 1952 ὑπερ-

304 1968 538 2036 ϐάλλων,
587 1971 680 2022 καὶ
717 1970 754 2022 Γ
763 1969 950 2040 ραφῶν
989 1972 1284 2042 ἐμπειρίᾳ,
1334 1975 1428 2026 καὶ
1461 1976 1740 2044 προφορᾶς
1780 1976 1869 2026 εύ-

302 2058 560 2130 γλωττίᾳ,
607 2061 701 2113 καὶ
762 2059 940 2114 ἄθλων
997 2062 1278 2132 ὑπομονῇ,
1341 2064 1436 2116 καὶ
1517 2065 1867 2134 φρονήματος

303 2147 648 2220 μετριότητι,
686 2149 778 2203 καὶ
819 2155 1230 2224 συναναστροφῇ
1267 2153 1358 2206 καὶ
1393 2155 1654 2224 συνουσίᾳ
1679 2172 1867 2228 χαριε-

302 2239 487 2312 στάτῃ.

361 2429 456 2477 ια’.
515 2421 729 2490 Ἐπειδὴ
773 2421 826 2474 δὲ
865 2421 1154 2493 ἀσκήσεως
1199 2426 1290 2478 καὶ
1326 2426 1558 2496 εὐφυΐας
1595 2428 1868 2502 ἐμνήσθη-

294 2531 400 2584 μεν
433 2513 526 2566 τοῦ
570 2513 765 2583 ἀνδρὸς
789 2553 803 2574 ,
857 2513 915 2566 ἓν
959 2515 1129 2569 αὐτοῦ
1169 2517 1506 2588 κατόρθωμα
1545 2521 1864 2592 εἰρηκότες,

299 2609 427 2676 περὶ
477 2608 586 2660 τῶν
632 2607 832 2660 λοιπῶν
888 2608 1015 2679 ὑμῖν
1068 2609 1397 2666 διανοεῖσθαι
1455 2617 1871 2685 παραχωρήσου-

299 2717 420 2769 μεν.
460 2699 630 2752 Ἑπτὰ
680 2697 858 2774 τοίνυν
897 2698 1172 2769 ψαλτήρια
1223 2701 1404 2774 πλήρη
1449 2706 1477 2756 ό
1526 2706 1688 2772 σοφὸς
1718 2705 1868 2758 Μεθ-

297 2792 436 2855 όδιος
471 2791 678 2862 ἔγραφε
703 2829 718 2854 ,
769 2773 892 2842 καθ’
942 2789 1182 2859 ἑκάστης
1225 2791 1287 2844 τὸ
1345 2791 1403 2845 ἓν
1442 2793 1736 2865 ἑϐδομάδος
1775 2776 1868 2866 νη-

301 2901 431 2954 στης
486 2880 856 2950 ἀποπληρῶν’
913 2880 1034 2932 οὐδὲ
1095 2881 1202 2952 γὰρ
1271 2883 1464 2948 ὓδατος
1529 2887 1864 2955 ἀπεγεύετο,

1977 440 2099 484 οιυε
2128 439 2232 498 εει,
2265 431 2488 490 haeresis
2522 450 2737 506 quoque
2764 439 2812 493 ei
2839 440 3210 496 commoritur.
3263 441 3545 512 Siquidem

1977 535 2100 576 cum
2131 522 2274 578 illius
2314 524 2458 582 ﬁlius
2493 525 2721 583 Michael
2767 543 2868 582 una
2903 545 3024 584 cum
3055 531 3129 602 (ο)
3157 541 3331 589 matre
3368 535 3544 606 impe-

1974 613 2114 668 rium
2183 618 2536 686 suscepisset,
2586 621 2888 675 orthodoxa
2941 623 3144 678 Christi
3199 625 3441 681 Ecclesia
3487 628 3542 682 in

1974 702 2282 760 libertatem
2313 707 2658 775 vindicatur;
2691 711 3068 781 haereseosque
3099 716 3358 770 ementita
3388 731 3543 772 secn-

1975 793 2127 860 ritas,
2163 804 2416 864 tanqnam
2467 815 2586 869 qua:
2618 800 2854 855 humana
2902 805 3142 872 potentia
3189 815 3304 860 sata
3343 823 3540 877 propa-

1974 893 2204 955 gataque
2244 885 2460 954 fuerat,
2511 891 2890 958 refellebatur;
2929 903 2982 948 et
3031 895 3121 964 qui
3175 897 3241 952 de
3294 897 3399 953 illis
3447 908 3537 954 aut

1975 975 2119 1046 loqui
2151 987 2246 1033 aut
2295 979 2484 1034 audire
2521 981 2739 1048 vellent,
2779 983 3230 1053 impediebantur.
3271 988 3406 1046 Cum
3439 1007 3536 1046 au-

1975 1073 2083 1120 lem
2134 1066 2210 1136 (p)
2261 1065 2526 1136 Joannes,
2585 1073 3004 1129 incantamentis
3045 1087 3099 1131 et
3147 1079 3538 1148 hydromantis:

1973 1155 2192 1210 deditus
2222 1157 2488 1226 dictataque
2525 1160 2794 1216 haereseos
2836 1177 3222 1234 prapugnator,
3255 1169 3322 1224 de
3344 1171 3536 1227 throno

1918 1265 1928 1279 ι
1973 1245 2592 1316 Constantinopolitano,
2623 1266 2784 1320 quem
2819 1253 2975 1309 malis
2999 1257 3209 1312 artibus
3240 1257 3534 1327 invaserat,

1972 1351 2037 1390 ex
2069 1339 2386 1406 praescripto
2422 1356 2723 1408 canonum,
2763 1359 2888 1399 cum
2927 1347 3192 1402 universo
3239 1364 3337 1404 suo
3367 1351 3534 1420 clero,

1973 1424 2214 1518 deiectus
2255 1437 2424 1495 esset,
2460 1438 2514 1484 et
2563 1442 2900 1520 quaereretur
2938 1435 3079 1490 alius
3107 1452 3173 1491 eo
3199 1437 3417 1508 fastigio
3455 1442 3536 1496 di-

1970 1531 2140 1584 guus,
2217 1519 2428 1574 actione
2494 1519 2958 1592 meditationeque
3004 1531 3430 1595 coudecoratus,
3482 1541 3536 1587 et

1974 1621 2152 1661 rerum
2208 1610 2512 1664 divinarum
2571 1623 2736 1681 atque
2791 1613 3148 1670 humanarum
3200 1622 3536 1687 experientia

1969 1701 2262 1765 exercitus,
2298 1711 2492 1770 potens
2531 1717 2698 1772 opere
2727 1713 2782 1758 et
2817 1719 3090 1773 sermone,
3126 1719 3184 1763 ut
3209 1709 3388 1765 divina
3423 1723 3536 1766 tra-

1968 1791 2046 1844 dit
2079 1791 2361 1860 Scriptura
2384 1833 2400 1860 ,
2435 1795 2696 1864 multique
2727 1810 2792 1851 ac
2823 1799 3002 1869 magni
3033 1801 3132 1854 viri
3171 1817 3537 1870 proponeren-

1970 1889 2077 1948 tur,
2125 1882 2271 1936 solns
2301 1885 2556 1940 omnibus
2600 1887 2892 1955 praefertur
2930 1889 3258 1960 eligiturque
3290 1893 3536 1947 exautla-

1971 1981 2143 2024 torum
2173 1974 2534 2028 certaminum
2568 1979 2807 2046 praemiis
2837 1990 3066 2034 onustus
3093 1981 3420 2049 Methodius,
3444 1985 3536 2053 qui

1969 2061 2207 2130 reliquos
2255 2079 2448 2119 omnes
2476 2076 2531 2120 et
2573 2069 2988 2136 exercitatione,
3028 2079 3083 2125 et
3125 2069 3534 2142 Scripturarum

1969 2155 2180 2222 peritia,
2209 2164 2264 2208 et
2293 2157 2561 2212 orationis
2605 2161 3068 2227 pronuntiatione,
3093 2169 3146 2215 et
3175 2164 3536 2220 certaminum

1970 2246 2280 2313 tolerantia,
2317 2257 2370 2302 et
2403 2251 2750 2320 cogitationis
2789 2251 3184 2320 moderatione,
3219 2265 3276 2310 et
3306 2269 3534 2312 conver-

1967 2340 2197 2394 sationis
2225 2341 2495 2396 suavitate
2532 2344 2794 2398 anteibat.
3238 2332 3244 2338 ’

2041 2429 2128 2484 ll.
2173 2429 2278 2484 Sed
2337 2432 2556 2499 quando
2625 2433 3041 2489 exercitationis
3093 2443 3150 2490 et
3195 2436 3534 2492 dexteritatis

1967 2522 2172 2575 mentio
2205 2521 2416 2585 incidit,
2453 2521 2612 2575 unius
2642 2521 2905 2578 facinoris
2932 2527 3247 2580 narratione
3273 2529 3532 2594 contenti,

1969 2611 2035 2664 de
2071 2611 2294 2681 reliquis
2335 2611 2478 2665 illius
2517 2612 2619 2666 viri
2652 2614 2809 2668 vobis
2834 2612 3100 2682 judicium
3147 2616 3531 2685 relinquemus.

1967 2699 2182 2768 Integra
2266 2710 2475 2770 septem
2551 2699 2854 2768 Psalteria,
2913 2704 3136 2773 sapiens
3189 2704 3532 2772 Methodius,

1970 2807 2134 2844 unum
2166 2792 2217 2844 in
2241 2791 2478 2859 qualibet
2499 2789 2934 2858 Quadragesimre
2964 2795 3296 2852 hebdomade
3328 2798 3535 2852 exscri-

1971 2883 2166 2946 bebat',
2229 2897 2424 2951 expers
2481 2883 2588 2937 cibi
2649 2893 2952 2953 potusque;
3021 2900 3196 2954 neque
3265 2887 3407 2939 enim
3450 2887 3536 2942 vel

299 2975 438 3046 πλὴν
468 2973 747 3025 Σαϐϐἀτου
785 2972 878 3024 καὶ
904 2973 1211 3043 Κυριακῆς.
1252 2975 1511 3047 Τοιαύτη,
1553 2978 1631 3041 ὡς
1657 2980 1715 3031 ὲν
1746 2997 1869 3034 συν-

1972 2985 2166 3041 aquatn
2217 2971 2550 3042 (Sabbalum
2585 2971 2629 3025 si
2667 2973 2907 3042 excipias
2941 2983 2994 3026 et
3034 2973 3410 3045 Doutiuicatu)
3445 2977 3536 3030 de-
3627 2997 3638 3009 '

295 3067 447 3136 τόμῳ
503 3066 706 3142 εἰπεῖν,
751 3061 845 3115 τοῦ
895 3062 1042 3114 ὁσίου
1085 3064 1118 3132 ή
1186 3063 1452 3130 ἄσκησις·
1519 3067 1758 3120 τοιοῦτον
1804 3071 1869 3122 ἐκ

1973 3063 2246 3132 gustabat.
2287 3060 2362 3115 Ea
2391 3063 2630 3129 quidem,
2664 3071 2724 3116 ut
2756 3062 3044 3116 verbo-me
3073 3065 3359 3128 extricem,
3397 3063 3535 3134 justi

297 3157 509 3212 πολλῶν
554 3155 650 3208 τοῦ
702 3152 933 3224 ἀθλητοῦ
977 3153 1040 3206 τὸ
1087 3155 1386 3226 μαρτύριον
1413 3173 1427 3187 ’
1463 3157 1604 3228 αὕτη
1647 3159 1871 3230 καὶτῆς

296 3245 708 3319 ἀρχιερωσύνης
735 3245 768 3314 ἡ
805 3243 1086 3314 προεδρία.

371 3337 457 3408 ιβ’.
480 3336 583 3388 Ἦν
619 3335 802 3405 μέντοι
832 3327 1154 3405 παραίνεσιν
1182 3332 1326 3397 τότε,
1357 3335 1476 3406 ἦτοι
1503 3335 1868 3407 δημηγορίαν,

299 3427 462 3481 παντὶ
511 3425 590 3496 τῷ
622 3427 721 3495 τῆς
764 3423 1094 3494 Ἐκκλησίας
1123 3423 1239 3494 λαῷ
1259 3462 1276 3488 ,
1314 3424 1447 3488 στὰς
1471 3427 1566 3478 ἐπὶ
1597 3426 1705 3479 τῶν
1741 3429 1872 3481 ἀνα-

299 3507 559 3586 ϐαθμῶν,
599 3515 913 3583 ἐποιήσατο,
953 3514 1031 3576 ὠς
1067 3514 1225 3586 τύπῳ
1262 3515 1476 3578 εἰπεῖν,
1517 3516 1740 3587 τοιαύτη
1785 3535 1872 3583 τις

293 3603 366 3676 ἦν
387 3624 402 3638 ο
447 3605 647 3676 Κοινὴν
681 3605 778 3674 μὲν
809 3603 923 3670 οὖν,
964 3597 1008 3657 ὧ
1043 3605 1280 3675 πατέρες
1315 3607 1409 3658 καὶ
1433 3605 1670 3675 ἀδελφοὶ,
1689 3607 1868 3678 ,εὐχα-

283 3699 550 3770 ,ριστίαν,
589 3699 716 3765 ἐγώ,
748 3714 807 3749 τε
840 3698 936 3750 καὶ
975 3696 1180 3759 πάντες
1213 3697 1403 3766 ὑμεῖς,
1437 3697 1514 3768 τῷ
1552 3699 1738 3752 καλῶν
1785 3699 1872 3754 δο-

293 3793 427 3861 τῆρι
470 3787 692 3860 Χριστῷ
731 3785 809 3857 τῷ
843 3786 962 3857 Θεῷ
1008 3787 1393 3856 ὲποφείλομεν,
1430 3789 1514 3840 ὅτι
1569 3805 1633 3856 γε
1681 3789 1868 3858 σχεδόν

291 3899 424 3948 που,
453 3879 594 3942 ὅλοις
623 3877 917 3950 τριάκοντα
953 3878 1368 3946 πεπονημένους
1399 3879 1605 3942 ἐτεσιν,
1635 3877 1740 3930 ὑπὸ
1771 3878 1866 3931 τοῦ

290 3971 397 4040 τῆς
423 3968 681 4038 αἱρέσεως
717 3966 1018 4038 βαρυτάτου
1051 3965 1240 4033 ζυγοῦ,
1271 3967 1514 4036 σήμερον
1544 3967 1690 4036 ἡμᾶς
1721 3966 1870 4018 ὲλευ-

291 4061 488 4130 θερίας
527 4059 758 4128 ἠξίωσεν
778 4074 793 4088 ο
835 4057 1057 4126 ἐποίησε
1087 4057 1196 4126 γὰρ
1224 4055 1442 4126 ἀληθῶς
1467 4057 1562 4110 καὶ
1611 4045 1706 4110 νῦν
1739 4062 1868 4127 κρά-

287 4165 386 4212 τος
418 4149 478 4200 ὲν
526 4146 770 4216 βραχίονι
821 4143 1018 4209 αὐτοῦ,
1055 4143 1304 4196 καθεῖλεν
1336 4159 1395 4195 τε
1432 4143 1702 4208 δυνάστας
1757 4145 1867 4199 ἀπὸ

287 4237 504 4306 θρόνων
546 4235 642 4288 καὶ
671 4235 854 4302 ὕψωσε
886 4233 1206 4299 ταπεινοὺς,
1251 4231 1434 4295 καθὼς
1461 4231 1688 4304 ἐλάλησε
1729 4236 1865 4302 πρὸς

1970 3149 2070 3202 l‘nit
2101 3150 2460 3215 exercitatio;
2493 3152 2594 3204 hoc
2626 3151 2767 3205 inter
2796 3151 2898 3204 alia
2927 3151 3098 3206 multa
3135 3153 3354 3208 athleta:
3393 3169 3536 3206 mar-

1971 3238 2203 3308 tyrium;
2255 3239 2370 3292 hanc
2420 3241 2594 3306 prima
2645 3242 2841 3294 summi
2889 3243 3212 3310 praesulatus
3259 3245 3535 3300 subsellia.

2043 3326 2128 3380 l2.
2172 3325 2492 3382 Exhortatio
2543 3344 2674 3384 vero
2717 3346 2812 3384 seu
2863 3333 3056 3386 concio
3109 3347 3268 3400 quam
3329 3335 3440 3402 ipse
3473 3348 3538 3388 eo

1955 3416 2232 3488 temporis
2261 3419 2326 3471 ad
2359 3419 2668 3473 universum
2703 3420 2962 3482 Ecclesia:
3005 3422 3260 3490 populum
3299 3433 3448 3476 stans
3481 3426 3536 3478 in

1971 3510 2228 3578 gradibus
2269 3508 2482 3574 habuit,
2531 3519 2589 3564 ut
2627 3510 2800 3579 ipsum
2845 3513 3164 3580 compemlio
3212 3513 3536 3582 exprimam,

1969 3597 2070 3650 fuit
2098 3599 2404 3668 hujusmodi
2437 3617 2450 3654 :
2485 3598 2758 3663 Publicas,
2796 3613 2829 3652 o
2853 3611 3032 3666 patres
3061 3602 3388 3670 fratresque,
3421 3603 3536 3672 ipse

1968 3698 2022 3743 et
2049 3703 2145 3743 vos
2184 3704 2393 3756 omnes,
2441 3687 2665 3745 Christo
2704 3687 2836 3757 Deo,
2877 3692 3138 3744 honorum
3172 3693 3366 3758 datori,
3411 3710 3536 3763 gra-

1971 3779 2073 3834 tias
2105 3794 2267 3848 agere
2314 3779 2594 3842 debemus,
2634 3780 2775 3847 quod
2823 3795 2948 3844 nos,
2998 3779 3114 3835 fere
3165 3796 3262 3850 per
3311 3782 3532 3852 triginta

1968 3885 2138 3925 anuos
2168 3870 2236 3924 ab
2283 3869 2678 3924 immanissima
2730 3871 3000 3924 haereseos
3047 3869 3175 3939 jugo
3224 3887 3534 3940 oppressos,

1966 3977 2111 4016 nunc
2155 3962 2372 4016 demum
2429 3960 2682 4015 libertate
2730 3962 3016 4015 donaverit
3051 3981 3064 4016 :
3099 3961 3226 4015 fecit
3269 3963 3414 4016 enim
3477 3973 3534 4017 et

1969 4067 2112 4106 nunc
2160 4050 2329 4104 robur
2367 4051 2420 4104 in
2459 4051 2687 4104 brachio
2743 4065 2867 4116 suo,
2919 4051 3224 4120 dejecitque
3251 4065 3282 4105 e
3315 4052 3533 4108 sedibus

1966 4149 2251 4212 potentes,
2309 4152 2364 4196 et
2418 4142 2680 4198 exaltavit
2751 4138 3016 4204 humiles;
3077 4141 3530 4208 quemadmodum

1967 4233 2083 4302 ipse
2109 4233 2312 4287 sanctis
2344 4233 2459 4287 suis
2490 4231 2764 4300 discipulis
2791 4241 2846 4304 et
2874 4229 3062 4283 amicis
3094 4230 3232 4282 dixit
3259 4246 3273 4284 :
3309 4228 3532 4284 Pressu-

285 4330 422 4390 τοὺς
465 4326 654 4394 ἁγίους
700 4323 864 4376 αὐτοῦ
895 4321 1147 4392 μαθητάς
1183 4338 1243 4374 τε
1291 4322 1385 4374 καὶ
1424 4322 1632 4390 φίλους·
1680 4321 1868 4391 Θλίψιν

1973 4339 2088 4377 ram
2129 4323 2399 4377 habebitis
2429 4323 2483 4375 iu
2535 4322 2636 4375 hoc
2669 4321 2870 4374 nmudo
2917 4337 2931 4372 :
2977 4317 3250 4384 confidite,
3286 4333 3385 4390 ego
3429 4321 3532 4376 vici

285 4419 446 4482 ἕξετε
467 4419 524 4469 ἐν
544 4417 622 4485 τῷ
651 4414 842 4484 κόσμῳ
873 4412 1066 4480 τούτῳ,
1105 4411 1240 4464 ἀλλά
1277 4411 1550 4482 θαρσεῖτε,
1588 4411 1698 4480 ἐγὼ
1726 4413 1866 4466 νενί-

287 4524 444 4579 κηκα
471 4506 564 4560 τὸν
587 4505 815 4574 κόσμον.
845 4503 1048 4573 Κοινὴν
1079 4501 1418 4572 εὐφροσύνην
1453 4502 1653 4564 πάντες
1685 4502 1862 4556 οἴεσθε

286 4601 441 4672 ἔχειν
477 4599 578 4669 ἐμέ
606 4614 666 4650 τε
697 4597 793 4648 καὶ
830 4596 990 4649 πάλιν
1033 4595 1198 4664 ὑμᾶς,
1238 4595 1334 4646 καὶ
1363 4596 1436 4664 πῆ
1470 4593 1592 4663 μὲν,
1624 4594 1671 4646 τ’
1699 4593 1873 4667 ἀληθῆ

298 4689 738 4759 ὑπολαμϐάνετε⁹
764 4686 879 4748 πῶς
906 4685 1015 4754 γὰρ
1040 4685 1106 4736 ἂν
1131 4685 1232 4736 οὐκ
1255 4684 1320 4736 ἂν
1341 4682 1640 4754 ἀγασθείην
1667 4683 1726 4736 τὸ
1750 4684 1873 4736 σκό-

284 4797 386 4842 τος
423 4775 835 4846 ἀπεληλαμένον
880 4772 989 4825 τῶν
1011 4772 1220 4842 ψυχῶν,
1253 4773 1348 4825 καὶ
1386 4771 1446 4824 τὸ
1481 4771 1595 4839 φῶς
1635 4773 1873 4842 Χριστοῦ

283 4869 514 4940 βλέπων
551 4863 828 4934 πανταχοῦ
879 4863 1273 4933 καταλάμπον;
1337 4861 1446 4930 ἐγὼ
1501 4862 1558 4915 δέ
1607 4879 1729 4916 τινα
1779 4865 1874 4916 xui.

285 4959 480 5028 λύπην
533 4959 598 5027 τῇ
659 4952 973 5026 εὐφροσύνῃ
1008 4956 1260 5023 συμμιγῆ
1315 4953 1618 5022 κέκτημαι,
1651 4955 1751 5006 οὐκ
1782 4955 1873 5006 ἐπὶ

276 5051 412 5111 τοῖς
449 5046 760 5118 εἰρημένοις
804 5044 1056 5114 (μισητὸν
1099 5043 1206 5114 γὰρ
1241 5042 1328 5095 ἐπ’
1359 5043 1582 5111 ἀγαθοῖς
1623 5043 1867 5113 σχετλιά-

283 5138 443 5203 ζειν,
487 5135 603 5190 ἀλλ’
636 5136 718 5188 ὅτι
748 5151 814 5205 με
851 5133 956 5187 ὑπὸ
993 5134 1260 5205 μεγάλους
1294 5135 1510 5203 πόνους)
1553 5135 1646 5187 καὶ
1681 5133 1864 5205 μείζο-

284 5245 392 5291 νας
431 5225 720 5298 φροντίδας
748 5225 848 5296 τῆς
877 5224 1198 5296 προεδρείας
1225 5223 1430 5294 ταύτης
1469 5223 1726 5295 ὲθήκατε,
1757 5226 1872 5293 εἴγε

370 5381 447 5452 (ο)
492 5379 766 5452 Theodore
814 5377 1168 5452 Imperatrix,
1213 5393 1345 5431 uxor
1383 5376 1861 5452 TheOphili,__cum

284 5447 561 5510 Michaele
593 5451 703 5517 lilio
734 5449 1002 5517 regnavit,
1027 5449 1182 5514 cujus
1212 5455 1330 5502 acta
1363 5463 1429 5502 ex
1455 5449 1620 5502 variis
1649 5447 1871 5503 collecta

277 5519 547 5582 dedimus
579 5534 630 5571 xt
666 5516 966 5572 Februarii.

371 5590 447 5660 ι’ρ)
484 5587 720 5642 Joannes
748 5602 838 5643 seu
867 5585 1070 5641 Jamtes
1097 5585 1644 5656 [’settdo-patriarcha
1681 5585 1872 5643 cedere

1971 4402 2256 4464 mundum.
2310 4409 2650 4464 Existimatis
2683 4425 2873 4464 omnes
2921 4425 3264 4466 communem
3316 4427 3402 4468 me
3436 4429 3534 4469 vo-

1970 4503 2178 4556 biscum
2213 4501 2416 4556 habere
2467 4501 2816 4568 hilaritatem,
2849 4517 2948 4556 nec
2987 4503 3206 4558 omnino
3251 4519 3280 4559 a
3305 4508 3534 4562 veritate

1973 4590 2242 4644 aberratis
2263 4606 2278 4656 ;
2300 4591 2568 4658 quomodo
2595 4591 2738 4644 enim
2763 4591 2877 4659 ipse
2899 4591 3092 4661 gaudio
3108 4607 3212 4646 non
3239 4595 3532 4659 exsultent,

1973 4681 2227 4736 tenebras
2259 4681 2532 4750 depulsus,
2567 4691 2619 4736 et
2647 4680 2924 4736 Christum
2972 4682 3150 4737 lumen
3189 4699 3535 4753 quaquaVcr-

1975 4787 2092 4826 sum
2147 4787 2440 4827 coruscare
2491 4773 2882 4840 conspiciens?
2910 4771 3040 4826 Mea:
3071 4782 3246 4828 tamen
3277 4774 3534 4831 hilaritati

1970 4867 2176 4917 mwro‘r
2229 4863 2447 4932 quidam
2500 4863 2776 4917 admixtus
2827 4872 2930 4926 est,
2983 4879 3088 4918 non
3135 4875 3356 4934 propter
3397 4866 3536 4922 bona

1965 4953 2077 5020 jam
2109 4953 2250 5008 dicta
2285 4953 2628 5022 (invidentiae
2671 4953 2818 5007 enim
2847 4965 2930 5008 est
2979 4955 3135 5010 bonis
3186 4959 3536 5030 excruciari),

1976 5045 2068 5133 sed
2099 5044 2224 5112 quia
2255 5059 2341 5098 me
2371 5043 2692 5112 prmsulatus
2741 5044 3203 5104 sollicitudinibus
3252 5051 3539 5120 supposui-

1978 5136 2098 5202 stis,
2131 5136 2224 5204 qui
2280 5143 2484 5204 quanto
2537 5135 2807 5189 excelsior
2849 5146 2932 5191 est
2971 5147 3024 5192 ct
3063 5137 3366 5208 gloriosior,
3393 5149 3540 5193 tanto

1982 5223 2306 5278 laboriosior
2331 5231 2387 5278 et
2414 5223 2628 5278 invidia:
2660 5225 2830 5293 magis
2863 5224 3129 5280 obnoxius
3158 5237 3258 5281 est.
3292 5224 3397 5281 Sed
3432 5240 3539 5282 non

1975 5390 2262 5446 recusans.
2291 5373 2410 5444 ejici
2441 5375 2624 5445 jussus
2659 5389 2763 5441 est,
2797 5388 2854 5432 ut
2885 5379 3128 5446 pluribus
3159 5377 3440 5432 deducitur
3474 5381 3540 5436 ad

1982 5444 2156 5499 Vitam
2199 5447 2358 5502 dictae
2409 5444 2612 5502 sanch
2647 5444 2962 5503 Theodorae.
3002 5446 3072 5512 Is,
3111 5446 3352 5500 Cedreno
3379 5459 3536 5509 teste.

1955 5517 2163 5636 salit}:
2205 5523 2318 5568 erat
2349 5516 2512 5588 pelvis
2554 5518 2925 5572 vaticinatione
2960 5526 3006 5571 et
3031 5516 3313 5587 praestigiis
3355 5515 3538 5585 futura

1978 5600 2084 5640 ιιι-αι
2128 5599 2278 5640 icere.

1977 5600 2278 5653 pra'atcere.
