  <div class='ocr_page' id='page_1' title='image "/cluster/home/n/w/nwhite01/storage/ocr_20150623/100/hvd.32044054111919/635.png"; bbox 0 0 3942 6218; ppageno 0'>
   <div class='ocr_carea' id='block_1_1' title="bbox 452 214 2012 284">
    <p class='ocr_par' dir='ltr' id='par_1_1' title="bbox 452 214 2012 284">
     <span class='ocr_line' id='line_1_1' title="bbox 452 214 2012 284; baseline -0.009 0"><span class='ocrx_word' id='word_1_1' title='bbox 452 220 587 284; x_wconf 75' lang='grc'><strong>1255</strong></span> <span class='ocrx_word' id='word_1_2' title='bbox 1353 271 1374 284; x_wconf 68' lang='grc'><strong>,</strong></span> <span class='ocrx_word' id='word_1_3' title='bbox 1459 214 1520 268; x_wconf 83' lang='lat' dir='ltr'><strong>S.</strong></span> <span class='ocrx_word' id='word_1_4' title='bbox 1561 214 1941 269; x_wconf 80' lang='grc' dir='ltr'><strong>ΜΕΤΗΟΒΙΙ</strong></span> <span class='ocrx_word' id='word_1_5' title='bbox 1981 214 2012 270; x_wconf 69' lang='grc' dir='ltr'><strong>Γ</strong></span> 
     </span>
    </p>
   </div>
   <div class='ocr_carea' id='block_1_2' title="bbox 2117 214 3702 284">
    <p class='ocr_par' dir='ltr' id='par_1_2' title="bbox 2117 214 3702 281">
     <span class='ocr_line' id='line_1_2' title="bbox 2117 214 3702 281; baseline 0.007 -12"><span class='ocrx_word' id='word_1_6' title='bbox 2117 214 2484 271; x_wconf 67' lang='grc' dir='ltr'><strong>ἸὶῐΛΡιΟΗᾸΞ</strong></span> <span class='ocrx_word' id='word_1_7' title='bbox 2521 214 2630 272; x_wconf 77' lang='lat' dir='ltr'><strong>Cl’.</strong></span> <span class='ocrx_word' id='word_1_8' title='bbox 3559 214 3702 281; x_wconf 69' lang='grc'><strong>1256</strong></span> 
     </span>
    </p>
   </div>
   <div class='ocr_carea' id='block_1_3' title="bbox 1352 208 2630 293">
    <p class='ocr_par' dir='ltr' id='par_1_3' title="bbox 1352 208 2630 293">
     <span class='ocr_line' id='line_1_3' title="bbox 1352 208 2630 293; baseline 0.002 -26"><span class='ocrx_word' id='word_1_9' title='bbox 1352 271 1374 293; x_wconf 42' lang='grc' dir='ltr'><strong><em>ρ</em></strong></span> <span class='ocrx_word' id='word_1_10' title='bbox 1459 208 1520 268; x_wconf 84' lang='lat' dir='ltr'><strong>S.</strong></span> <span class='ocrx_word' id='word_1_11' title='bbox 1561 208 1941 269; x_wconf 81' lang='grc' dir='ltr'><strong>ΜΕΤΗΟΒΙΙ</strong></span> <span class='ocrx_word' id='word_1_12' title='bbox 1981 211 2484 271; x_wconf 74' lang='lat' dir='ltr'><strong>PATIlIARCH/ﬁ</strong></span> <span class='ocrx_word' id='word_1_13' title='bbox 2521 212 2630 272; x_wconf 84' lang='lat' dir='ltr'><strong>Cl’.</strong></span> 
     </span>
    </p>
   </div>
   <div class='ocr_carea' id='block_1_4' title="bbox 443 320 2012 395">
    <p class='ocr_par' dir='ltr' id='par_1_4' title="bbox 443 323 2011 395">
     <span class='ocr_line' id='line_1_4' title="bbox 443 323 2011 395; baseline -0.008 -7"><span class='ocrx_word' id='word_1_14' title='bbox 443 333 585 389; x_wconf 86' lang='lat' dir='ltr'><strong>facio</strong></span> <span class='ocrx_word' id='word_1_15' title='bbox 613 327 848 382; x_wconf 83' lang='lat' dir='ltr'><strong>animam</strong></span> <span class='ocrx_word' id='word_1_16' title='bbox 887 323 1261 395; x_wconf 87' lang='lat' dir='ltr'><strong>pretiosiorem</strong></span> <span class='ocrx_word' id='word_1_17' title='bbox 1289 334 1454 392; x_wconf 86' lang='lat' dir='ltr'><strong>quam</strong></span> <span class='ocrx_word' id='word_1_18' title='bbox 1487 336 1571 375; x_wconf 81' lang='lat' dir='ltr'><strong>me</strong></span> <span class='ocrx_word' id='word_1_19' title='bbox 1598 337 1612 375; x_wconf 89' lang='lat'><strong>:</strong></span> <span class='ocrx_word' id='word_1_20' title='bbox 1641 323 2011 376; x_wconf 87' lang='lat' dir='ltr'><strong>tantummodo</strong></span> 
     </span>
    </p>
   </div>
   <div class='ocr_carea' id='block_1_5' title="bbox 2117 320 3699 395">
    <p class='ocr_par' dir='ltr' id='par_1_5' title="bbox 2117 320 3699 393">
     <span class='ocr_line' id='line_1_5' title="bbox 2117 320 3699 393; baseline 0.003 -19"><span class='ocrx_word' id='word_1_21' title='bbox 2117 323 2234 376; x_wconf 76' lang='grc' dir='ltr'>δσον</span> <span class='ocrx_word' id='word_1_22' title='bbox 2261 322 2324 376; x_wconf 84' lang='grc' dir='ltr'><strong>τδ</strong></span> <span class='ocrx_word' id='word_1_23' title='bbox 2359 322 2562 393; x_wconf 73' lang='grc' dir='ltr'>ὑψηλὸν</span> <span class='ocrx_word' id='word_1_24' title='bbox 2610 321 2706 374; x_wconf 77' lang='grc' dir='ltr'>καὶ</span> <span class='ocrx_word' id='word_1_25' title='bbox 2741 320 3002 386; x_wconf 77' lang='grc' dir='ltr'>ἐπίδοξον,</span> <span class='ocrx_word' id='word_1_26' title='bbox 3034 321 3291 376; x_wconf 84' lang='grc' dir='ltr'>τοσοῦτον</span> <span class='ocrx_word' id='word_1_27' title='bbox 3323 323 3423 377; x_wconf 82' lang='grc' dir='ltr'>καὶ</span> <span class='ocrx_word' id='word_1_28' title='bbox 3461 328 3530 378; x_wconf 78' lang='grc' dir='ltr'><strong>τό</strong></span> <span class='ocrx_word' id='word_1_29' title='bbox 3575 329 3699 380; x_wconf 67' lang='lat' dir='ltr'><strong>st!-</strong></span> 
     </span>
    </p>
   </div>
   <div class='ocr_carea' id='block_1_6' title="bbox 442 403 2012 487">
    <p class='ocr_par' dir='ltr' id='par_1_6' title="bbox 442 413 2008 487">
     <span class='ocr_line' id='line_1_6' title="bbox 442 413 2008 487; baseline -0.004 -13"><span class='ocrx_word' id='word_1_30' title='bbox 442 433 502 475; x_wconf 91' lang='lat' dir='ltr'><strong>ut</strong></span> <span class='ocrx_word' id='word_1_31' title='bbox 556 417 916 487; x_wconf 82' lang='lat' dir='ltr'><strong>evangelicam</strong></span> <span class='ocrx_word' id='word_1_32' title='bbox 983 415 1286 470; x_wconf 76' lang='lat' dir='ltr'><strong>doctrinam</strong></span> <span class='ocrx_word' id='word_1_33' title='bbox 1353 422 1498 468; x_wconf 87' lang='lat' dir='ltr'><strong>recte</strong></span> <span class='ocrx_word' id='word_1_34' title='bbox 1568 421 1812 466; x_wconf 80' lang='lat' dir='ltr'><strong>tractem.</strong></span> <span class='ocrx_word' id='word_1_35' title='bbox 1871 413 2008 468; x_wconf 79' lang='lat' dir='ltr'><strong>Vere</strong></span> 
     </span>
    </p>
   </div>
   <div class='ocr_carea' id='block_1_7' title="bbox 2117 403 3699 487">
    <p class='ocr_par' dir='ltr' id='par_1_7' title="bbox 2117 403 3699 486">
     <span class='ocr_line' id='line_1_7' title="bbox 2117 403 3699 486; baseline 0.003 -22"><span class='ocrx_word' id='word_1_36' title='bbox 2117 403 2270 466; x_wconf 76' lang='grc' dir='ltr'>πονον</span> <span class='ocrx_word' id='word_1_37' title='bbox 2316 414 2408 465; x_wconf 76' lang='grc' dir='ltr'><strong>καὶ</strong></span> <span class='ocrx_word' id='word_1_38' title='bbox 2441 411 2731 480; x_wconf 76' lang='grc' dir='ltr'>ἐπίφθονον</span> <span class='ocrx_word' id='word_1_39' title='bbox 2767 411 3064 481; x_wconf 78' lang='grc' dir='ltr'>κέκτημαι.</span> <span class='ocrx_word' id='word_1_40' title='bbox 3121 413 3266 466; x_wconf 77' lang='grc' dir='ltr'>Ἀλλ’</span> <span class='ocrx_word' id='word_1_41' title='bbox 3299 414 3402 483; x_wconf 85' lang='grc' dir='ltr'><strong>ούχ</strong></span> <span class='ocrx_word' id='word_1_42' title='bbox 3446 416 3699 486; x_wconf 73' lang='grc' dir='ltr'>ἡγοῦμαι</span> 
     </span>
    </p>
   </div>
   <div class='ocr_carea' id='block_1_8' title="bbox 439 501 2012 574">
    <p class='ocr_par' dir='ltr' id='par_1_8' title="bbox 439 503 2008 566">
     <span class='ocr_line' id='line_1_8' title="bbox 439 503 2008 566; baseline -0.004 -1"><span class='ocrx_word' id='word_1_43' title='bbox 439 511 584 566; x_wconf 91' lang='lat' dir='ltr'><strong>enim</strong></span> <span class='ocrx_word' id='word_1_44' title='bbox 613 511 870 564; x_wconf 86' lang='lat' dir='ltr'><strong>virtutum</strong></span> <span class='ocrx_word' id='word_1_45' title='bbox 912 509 1082 560; x_wconf 83' lang='lat' dir='ltr'><strong>virtus</strong></span> <span class='ocrx_word' id='word_1_46' title='bbox 1109 514 1164 559; x_wconf 89' lang='lat' dir='ltr'><strong>et</strong></span> <span class='ocrx_word' id='word_1_47' title='bbox 1193 513 1366 558; x_wconf 87' lang='lat' dir='ltr'><strong>mater</strong></span> <span class='ocrx_word' id='word_1_48' title='bbox 1409 513 1554 557; x_wconf 86' lang='lat' dir='ltr'><strong>recta</strong></span> <span class='ocrx_word' id='word_1_49' title='bbox 1593 503 1644 557; x_wconf 88' lang='lat' dir='ltr'><strong>in</strong></span> <span class='ocrx_word' id='word_1_50' title='bbox 1680 503 1842 557; x_wconf 87' lang='lat' dir='ltr'><strong>Deum</strong></span> <span class='ocrx_word' id='word_1_51' title='bbox 1876 503 2008 558; x_wconf 84' lang='lat' dir='ltr'><strong>fides</strong></span> 
     </span>
    </p>
   </div>
   <div class='ocr_carea' id='block_1_9' title="bbox 2117 501 3698 574">
    <p class='ocr_par' dir='ltr' id='par_1_9' title="bbox 2117 501 3698 574">
     <span class='ocr_line' id='line_1_9' title="bbox 2117 501 3698 574; baseline 0.003 -20"><span class='ocrx_word' id='word_1_52' title='bbox 2117 502 2207 573; x_wconf 79' lang='grc' dir='ltr'>τὴν</span> <span class='ocrx_word' id='word_1_53' title='bbox 2234 501 2413 573; x_wconf 72' lang='grc' dir='ltr'>ψυχήν</span> <span class='ocrx_word' id='word_1_54' title='bbox 2447 520 2550 571; x_wconf 90' lang='grc' dir='ltr'><strong>μου</strong></span> <span class='ocrx_word' id='word_1_55' title='bbox 2575 503 2767 570; x_wconf 80' lang='grc' dir='ltr'><strong>τιμίαν</strong></span> <span class='ocrx_word' id='word_1_56' title='bbox 2800 501 3050 572; x_wconf 69' lang='grc' dir='ltr'>ἐμαυτῷ,</span> <span class='ocrx_word' id='word_1_57' title='bbox 3085 503 3246 572; x_wconf 81' lang='grc' dir='ltr'>μόνον</span> <span class='ocrx_word' id='word_1_58' title='bbox 3275 504 3332 570; x_wconf 70' lang='grc' dir='ltr'><strong>εί</strong></span> <span class='ocrx_word' id='word_1_59' title='bbox 3363 505 3429 557; x_wconf 71' lang='grc' dir='ltr'>τὸ</span> <span class='ocrx_word' id='word_1_60' title='bbox 3458 507 3698 574; x_wconf 78' lang='grc' dir='ltr'>εὒαγγε-</span> 
     </span>
    </p>
   </div>
   <div class='ocr_carea' id='block_1_10' title="bbox 443 591 2006 670">
    <p class='ocr_par' dir='ltr' id='par_1_10' title="bbox 443 591 2006 670">
     <span class='ocr_line' id='line_1_10' title="bbox 443 591 2006 670; baseline -0.007 -11"><span class='ocrx_word' id='word_1_61' title='bbox 443 613 547 670; x_wconf 89' lang='lat' dir='ltr'><strong>est,</strong></span> <span class='ocrx_word' id='word_1_62' title='bbox 579 610 635 654; x_wconf 80' lang='grc' dir='ltr'><strong>ιιι</strong></span> <span class='ocrx_word' id='word_1_63' title='bbox 667 613 861 667; x_wconf 87' lang='lat' dir='ltr'><strong>magno</strong></span> <span class='ocrx_word' id='word_1_64' title='bbox 903 597 1067 654; x_wconf 84' lang='lat' dir='ltr'><strong>Paulo</strong></span> <span class='ocrx_word' id='word_1_65' title='bbox 1113 595 1346 658; x_wconf 86' lang='lat' dir='ltr'><strong>videtur,</strong></span> <span class='ocrx_word' id='word_1_66' title='bbox 1381 609 1504 648; x_wconf 90' lang='lat' dir='ltr'><strong>cum</strong></span> <span class='ocrx_word' id='word_1_67' title='bbox 1537 593 1665 649; x_wconf 80' lang='lat' dir='ltr'><strong>dicit</strong></span> <span class='ocrx_word' id='word_1_68' title='bbox 1703 611 1716 648; x_wconf 90' lang='lat'><strong>:</strong></span> <span class='ocrx_word' id='word_1_69' title='bbox 1745 591 2006 664; x_wconf 80' lang='lat' dir='ltr'><strong>lntpossi-</strong></span> 
     </span>
    </p>
   </div>
   <div class='ocr_carea' id='block_1_11' title="bbox 443 687 1414 756">
    <p class='ocr_par' dir='ltr' id='par_1_11' title="bbox 443 687 1414 756">
     <span class='ocr_line' id='line_1_11' title="bbox 443 687 1414 756; baseline -0.008 -8"><span class='ocrx_word' id='word_1_70' title='bbox 443 694 551 748; x_wconf 83' lang='lat' dir='ltr'><strong>bile</strong></span> <span class='ocrx_word' id='word_1_71' title='bbox 587 691 817 748; x_wconf 88' lang='lat' dir='ltr'><strong>estsine</strong></span> <span class='ocrx_word' id='word_1_72' title='bbox 845 689 948 744; x_wconf 85' lang='lat' dir='ltr'><strong>fide</strong></span> <span class='ocrx_word' id='word_1_73' title='bbox 978 688 1195 756; x_wconf 81' lang='lat' dir='ltr'><strong>placere</strong></span> <span class='ocrx_word' id='word_1_74' title='bbox 1229 687 1340 741; x_wconf 84' lang='lat' dir='ltr'><strong>Deo</strong></span> <span class='ocrx_word' id='word_1_75' title='bbox 1373 688 1414 740; x_wconf 91' lang='grc'><strong>¹.</strong></span> 
     </span>
    </p>
   </div>
   <div class='ocr_carea' id='block_1_12' title="bbox 514 971 2008 1044">
    <p class='ocr_par' dir='ltr' id='par_1_12' title="bbox 514 971 2008 1044">
     <span class='ocr_line' id='line_1_12' title="bbox 514 971 2008 1044; baseline -0.004 -10"><span class='ocrx_word' id='word_1_76' title='bbox 514 980 601 1035; x_wconf 75' lang='grc'><strong>15.</strong></span> <span class='ocrx_word' id='word_1_77' title='bbox 643 976 875 1032; x_wconf 74' lang='lat' dir='ltr'><strong>Necesse</strong></span> <span class='ocrx_word' id='word_1_78' title='bbox 919 979 1005 1026; x_wconf 90' lang='lat' dir='ltr'><strong>est</strong></span> <span class='ocrx_word' id='word_1_79' title='bbox 1060 973 1241 1040; x_wconf 83' lang='lat' dir='ltr'><strong>itaque</strong></span> <span class='ocrx_word' id='word_1_80' title='bbox 1271 987 1398 1037; x_wconf 88' lang='lat' dir='ltr'><strong>nos,</strong></span> <span class='ocrx_word' id='word_1_81' title='bbox 1437 971 1527 1040; x_wconf 90' lang='lat' dir='ltr'><strong>qui</strong></span> <span class='ocrx_word' id='word_1_82' title='bbox 1577 973 2008 1044; x_wconf 86' lang='lat' dir='ltr'><strong>irreprehensam</strong></span> 
     </span>
    </p>
   </div>
   <div class='ocr_carea' id='block_1_13' title="bbox 447 1063 2008 1128">
    <p class='ocr_par' dir='ltr' id='par_1_13' title="bbox 447 1063 2008 1128">
     <span class='ocr_line' id='line_1_13' title="bbox 447 1063 2008 1128; baseline -0.004 -3"><span class='ocrx_word' id='word_1_83' title='bbox 447 1070 606 1125; x_wconf 83' lang='lat' dir='ltr'><strong>ﬁdem</strong></span> <span class='ocrx_word' id='word_1_84' title='bbox 627 1065 1090 1128; x_wconf 83' lang='lat' dir='ltr'><strong>conservavintus,</strong></span> <span class='ocrx_word' id='word_1_85' title='bbox 1119 1063 1242 1118; x_wconf 92' lang='lat' dir='ltr'><strong>licet</strong></span> <span class='ocrx_word' id='word_1_86' title='bbox 1272 1063 1472 1118; x_wconf 85' lang='lat' dir='ltr'><strong>multas</strong></span> <span class='ocrx_word' id='word_1_87' title='bbox 1520 1079 1549 1117; x_wconf 90' lang='lat' dir='ltr'><strong>a</strong></span> <span class='ocrx_word' id='word_1_88' title='bbox 1580 1065 1793 1119; x_wconf 85' lang='lat' dir='ltr'><strong>miseris</strong></span> <span class='ocrx_word' id='word_1_89' title='bbox 1837 1064 2008 1120; x_wconf 60' lang='lat' dir='ltr'><strong>hatre-</strong></span> 
     </span>
    </p>
   </div>
   <div class='ocr_carea' id='block_1_14' title="bbox 446 1154 2010 1227">
    <p class='ocr_par' dir='ltr' id='par_1_14' title="bbox 446 1154 2010 1227">
     <span class='ocr_line' id='line_1_14' title="bbox 446 1154 2010 1227; baseline -0.004 -10"><span class='ocrx_word' id='word_1_90' title='bbox 446 1177 569 1217; x_wconf 90' lang='lat' dir='ltr'><strong>seos</strong></span> <span class='ocrx_word' id='word_1_91' title='bbox 603 1161 777 1216; x_wconf 86' lang='lat' dir='ltr'><strong>servis</strong></span> <span class='ocrx_word' id='word_1_92' title='bbox 827 1171 1016 1227; x_wconf 70' lang='lat' dir='ltr'><strong>pinnas</strong></span> <span class='ocrx_word' id='word_1_93' title='bbox 1065 1164 1228 1224; x_wconf 83' lang='lat' dir='ltr'><strong>atque</strong></span> <span class='ocrx_word' id='word_1_94' title='bbox 1276 1154 1594 1212; x_wconf 83' lang='lat' dir='ltr'><strong>alllictiones</strong></span> <span class='ocrx_word' id='word_1_95' title='bbox 1639 1155 2010 1222; x_wconf 88' lang='lat' dir='ltr'><strong>toleravimus,</strong></span> 
     </span>
    </p>
   </div>
   <div class='ocr_carea' id='block_1_15' title="bbox 448 1244 2011 1310">
    <p class='ocr_par' dir='ltr' id='par_1_15' title="bbox 448 1244 2011 1310">
     <span class='ocr_line' id='line_1_15' title="bbox 448 1244 2011 1310; baseline -0.006 -3"><span class='ocrx_word' id='word_1_96' title='bbox 448 1251 737 1307; x_wconf 75' lang='lat' dir='ltr'><strong>Dominica:</strong></span> <span class='ocrx_word' id='word_1_97' title='bbox 767 1248 916 1304; x_wconf 84' lang='lat' dir='ltr'><strong>vocis</strong></span> <span class='ocrx_word' id='word_1_98' title='bbox 951 1259 1216 1301; x_wconf 86' lang='lat' dir='ltr'><strong>memores</strong></span> <span class='ocrx_word' id='word_1_99' title='bbox 1232 1257 1384 1299; x_wconf 88' lang='lat' dir='ltr'><strong>esse:</strong></span> <span class='ocrx_word' id='word_1_100' title='bbox 1412 1244 1592 1310; x_wconf 86' lang='lat' dir='ltr'><strong>Pater,</strong></span> <span class='ocrx_word' id='word_1_101' title='bbox 1633 1244 1842 1300; x_wconf 88' lang='lat' dir='ltr'><strong>dimitte</strong></span> <span class='ocrx_word' id='word_1_102' title='bbox 1883 1245 2011 1310; x_wconf 90' lang='lat' dir='ltr'><strong>illis,</strong></span> 
     </span>
    </p>
   </div>
   <div class='ocr_carea' id='block_1_16' title="bbox 447 1333 2012 1409">
    <p class='ocr_par' dir='ltr' id='par_1_16' title="bbox 447 1333 2012 1409">
     <span class='ocr_line' id='line_1_16' title="bbox 447 1333 2012 1409; baseline -0.006 -13"><span class='ocrx_word' id='word_1_103' title='bbox 447 1358 554 1398; x_wconf 90' lang='lat' dir='ltr'><strong>non</strong></span> <span class='ocrx_word' id='word_1_104' title='bbox 583 1341 728 1409; x_wconf 82' lang='lat' dir='ltr'><strong>enim</strong></span> <span class='ocrx_word' id='word_1_105' title='bbox 761 1339 939 1394; x_wconf 85' lang='lat' dir='ltr'><strong>sciunt</strong></span> <span class='ocrx_word' id='word_1_106' title='bbox 964 1335 1093 1406; x_wconf 89' lang='lat' dir='ltr'><strong>quid</strong></span> <span class='ocrx_word' id='word_1_107' title='bbox 1127 1333 1374 1389; x_wconf 80' lang='lat' dir='ltr'><strong>fecerint.</strong></span> <span class='ocrx_word' id='word_1_108' title='bbox 1409 1333 1522 1388; x_wconf 92' lang='lat' dir='ltr'><strong>lmo</strong></span> <span class='ocrx_word' id='word_1_109' title='bbox 1553 1335 1600 1387; x_wconf 88' lang='lat' dir='ltr'><strong>si</strong></span> <span class='ocrx_word' id='word_1_110' title='bbox 1635 1335 1724 1400; x_wconf 91' lang='lat' dir='ltr'><strong>qui</strong></span> <span class='ocrx_word' id='word_1_111' title='bbox 1756 1349 1822 1388; x_wconf 78' lang='lat' dir='ltr'><strong>ex</strong></span> <span class='ocrx_word' id='word_1_112' title='bbox 1861 1333 2012 1387; x_wconf 87' lang='lat' dir='ltr'><strong>vobis</strong></span> 
     </span>
    </p>
   </div>
   <div class='ocr_carea' id='block_1_17' title="bbox 445 1423 2014 1500">
    <p class='ocr_par' dir='ltr' id='par_1_17' title="bbox 445 1423 2014 1500">
     <span class='ocr_line' id='line_1_17' title="bbox 445 1423 2014 1500; baseline -0.007 -13"><span class='ocrx_word' id='word_1_113' title='bbox 445 1432 784 1488; x_wconf 86' lang='lat' dir='ltr'><strong>ardentiores</strong></span> <span class='ocrx_word' id='word_1_114' title='bbox 816 1429 1111 1499; x_wconf 79' lang='lat' dir='ltr'><strong>quidquam</strong></span> <span class='ocrx_word' id='word_1_115' title='bbox 1143 1425 1308 1500; x_wconf 77' lang='lat' dir='ltr'><strong>yultis</strong></span> <span class='ocrx_word' id='word_1_116' title='bbox 1354 1425 1486 1494; x_wconf 86' lang='lat' dir='ltr'><strong>ipsis</strong></span> <span class='ocrx_word' id='word_1_117' title='bbox 1524 1425 1845 1488; x_wconf 78' lang='lat' dir='ltr'><strong>retribuere,</strong></span> <span class='ocrx_word' id='word_1_118' title='bbox 1881 1423 2014 1477; x_wconf 90' lang='lat' dir='ltr'><strong>mihi</strong></span> 
     </span>
    </p>
   </div>
   <div class='ocr_carea' id='block_1_18' title="bbox 444 1515 2010 1591">
    <p class='ocr_par' dir='ltr' id='par_1_18' title="bbox 444 1515 2010 1591">
     <span class='ocr_line' id='line_1_18' title="bbox 444 1515 2010 1591; baseline -0.008 -12"><span class='ocrx_word' id='word_1_119' title='bbox 444 1515 826 1591; x_wconf 72' lang='lat' dir='ltr'><strong>obsequentes,</strong></span> <span class='ocrx_word' id='word_1_120' title='bbox 855 1520 1083 1576; x_wconf 69' lang='lat' dir='ltr'><strong>haeresis</strong></span> <span class='ocrx_word' id='word_1_121' title='bbox 1108 1559 1123 1584; x_wconf 91' lang='lat'><strong>,</strong></span> <span class='ocrx_word' id='word_1_122' title='bbox 1154 1533 1342 1572; x_wconf 90' lang='lat' dir='ltr'><strong>eorum</strong></span> <span class='ocrx_word' id='word_1_123' title='bbox 1392 1517 1586 1569; x_wconf 88' lang='lat' dir='ltr'><strong>animis</strong></span> <span class='ocrx_word' id='word_1_124' title='bbox 1638 1516 2010 1578; x_wconf 66' lang='lat' dir='ltr'><strong>inhaerentem,</strong></span> 
     </span>
    </p>
   </div>
   <div class='ocr_carea' id='block_1_19' title="bbox 444 1602 2014 1679">
    <p class='ocr_par' dir='ltr' id='par_1_19' title="bbox 444 1602 2014 1679">
     <span class='ocr_line' id='line_1_19' title="bbox 444 1602 2014 1679; baseline -0.007 -11"><span class='ocrx_word' id='word_1_125' title='bbox 444 1611 687 1668; x_wconf 88' lang='lat' dir='ltr'><strong>evellctis</strong></span> <span class='ocrx_word' id='word_1_126' title='bbox 713 1627 728 1676; x_wconf 92' lang='lat'><strong>;</strong></span> <span class='ocrx_word' id='word_1_127' title='bbox 758 1624 876 1679; x_wconf 64' lang='lat' dir='ltr'><strong>quae</strong></span> <span class='ocrx_word' id='word_1_128' title='bbox 907 1623 1004 1662; x_wconf 87' lang='lat' dir='ltr'><strong>eos</strong></span> <span class='ocrx_word' id='word_1_129' title='bbox 1036 1615 1226 1662; x_wconf 89' lang='lat' dir='ltr'><strong>contra</strong></span> <span class='ocrx_word' id='word_1_130' title='bbox 1257 1620 1353 1660; x_wconf 85' lang='lat' dir='ltr'><strong>vos</strong></span> <span class='ocrx_word' id='word_1_131' title='bbox 1379 1607 1444 1658; x_wconf 89' lang='lat' dir='ltr'><strong>ad</strong></span> <span class='ocrx_word' id='word_1_132' title='bbox 1469 1619 1617 1658; x_wconf 91' lang='lat' dir='ltr'><strong>arma</strong></span> <span class='ocrx_word' id='word_1_133' title='bbox 1655 1605 1851 1658; x_wconf 84' lang='lat' dir='ltr'><strong>ciebat.</strong></span> <span class='ocrx_word' id='word_1_134' title='bbox 1891 1602 2014 1657; x_wconf 68' lang='lat' dir='ltr'><strong>Haec</strong></span> 
     </span>
    </p>
   </div>
   <div class='ocr_carea' id='block_1_20' title="bbox 2108 591 3696 666">
    <p class='ocr_par' dir='ltr' id='par_1_20' title="bbox 2108 591 3696 666">
     <span class='ocr_line' id='line_1_20' title="bbox 2108 591 3696 666; baseline 0.003 -22"><span class='ocrx_word' id='word_1_135' title='bbox 2108 592 2259 645; x_wconf 79' lang='grc' dir='ltr'>λικδν</span> <span class='ocrx_word' id='word_1_136' title='bbox 2297 591 2583 662; x_wconf 83' lang='grc' dir='ltr'>ὀρθοτομοῖ</span> <span class='ocrx_word' id='word_1_137' title='bbox 2620 594 2905 662; x_wconf 80' lang='grc' dir='ltr'>κήρυγμα·</span> <span class='ocrx_word' id='word_1_138' title='bbox 2941 594 3036 644; x_wconf 77' lang='grc' dir='ltr'><strong>καὶ</strong></span> <span class='ocrx_word' id='word_1_139' title='bbox 3078 595 3187 664; x_wconf 76' lang='grc' dir='ltr'>γὰρ</span> <span class='ocrx_word' id='word_1_140' title='bbox 3213 592 3294 663; x_wconf 81' lang='grc' dir='ltr'><strong>τῷ</strong></span> <span class='ocrx_word' id='word_1_141' title='bbox 3339 595 3460 648; x_wconf 77' lang='grc' dir='ltr'>δντι</span> <span class='ocrx_word' id='word_1_142' title='bbox 3481 597 3696 666; x_wconf 78' lang='grc' dir='ltr'>ἀρετῶν</span> 
     </span>
    </p>
   </div>
   <div class='ocr_carea' id='block_1_21' title="bbox 2110 681 3698 756">
    <p class='ocr_par' dir='ltr' id='par_1_21' title="bbox 2110 681 3698 756">
     <span class='ocr_line' id='line_1_21' title="bbox 2110 681 3698 756; baseline 0.008 -28"><span class='ocrx_word' id='word_1_143' title='bbox 2110 681 2282 754; x_wconf 80' lang='grc' dir='ltr'>ἀρετὴ</span> <span class='ocrx_word' id='word_1_144' title='bbox 2321 681 2416 734; x_wconf 76' lang='grc' dir='ltr'>καὶ</span> <span class='ocrx_word' id='word_1_145' title='bbox 2449 683 2634 751; x_wconf 76' lang='grc' dir='ltr'>μήτηρ</span> <span class='ocrx_word' id='word_1_146' title='bbox 2675 684 2708 751; x_wconf 81' lang='grc' dir='ltr'>ὴ</span> <span class='ocrx_word' id='word_1_147' title='bbox 2741 681 3024 749; x_wconf 78' lang='grc' dir='ltr'>όρθόδοξος</span> <span class='ocrx_word' id='word_1_148' title='bbox 3062 682 3248 746; x_wconf 80' lang='grc' dir='ltr'><strong>πίστις</strong></span> <span class='ocrx_word' id='word_1_149' title='bbox 3285 685 3466 747; x_wconf 78' lang='grc' dir='ltr'>ἐστὶν,</span> <span class='ocrx_word' id='word_1_150' title='bbox 3509 686 3594 748; x_wconf 84' lang='grc' dir='ltr'><strong>ὡς</strong></span> <span class='ocrx_word' id='word_1_151' title='bbox 3625 688 3698 756; x_wconf 77' lang='grc' dir='ltr'><strong>τῷ</strong></span> 
     </span>
    </p>
   </div>
   <div class='ocr_carea' id='block_1_22' title="bbox 2114 771 3694 844">
    <p class='ocr_par' dir='ltr' id='par_1_22' title="bbox 2114 771 3694 844">
     <span class='ocr_line' id='line_1_22' title="bbox 2114 771 3694 844; baseline 0.001 -19"><span class='ocrx_word' id='word_1_152' title='bbox 2114 772 2335 842; x_wconf 85' lang='grc' dir='ltr'>μεγάλῳ</span> <span class='ocrx_word' id='word_1_153' title='bbox 2362 771 2558 841; x_wconf 83' lang='grc' dir='ltr'>Παύλῳ</span> <span class='ocrx_word' id='word_1_154' title='bbox 2583 771 2734 824; x_wconf 86' lang='grc' dir='ltr'>δοκεῖ</span> <span class='ocrx_word' id='word_1_155' title='bbox 2762 771 2997 838; x_wconf 80' lang='grc' dir='ltr'>λέγοντι,</span> <span class='ocrx_word' id='word_1_156' title='bbox 3023 790 3042 823; x_wconf 88' lang='grc' dir='ltr'><strong>ι</strong></span> <span class='ocrx_word' id='word_1_157' title='bbox 3086 771 3383 826; x_wconf 80' lang='grc' dir='ltr'>Ἀδύνατον</span> <span class='ocrx_word' id='word_1_158' title='bbox 3401 776 3584 844; x_wconf 65' lang='grc' dir='ltr'>χωρὶς</span> <span class='ocrx_word' id='word_1_159' title='bbox 3613 777 3694 827; x_wconf 83' lang='grc' dir='ltr'>πί·</span> 
     </span>
    </p>
   </div>
   <div class='ocr_carea' id='block_1_23' title="bbox 2113 853 2906 934">
    <p class='ocr_par' dir='ltr' id='par_1_23' title="bbox 2113 853 2906 934">
     <span class='ocr_line' id='line_1_23' title="bbox 2113 853 2906 934; baseline -0.004 -17"><span class='ocrx_word' id='word_1_160' title='bbox 2113 853 2285 925; x_wconf 62' lang='grc' dir='ltr'>σ’τεως</span> <span class='ocrx_word' id='word_1_161' title='bbox 2316 863 2680 934; x_wconf 78' lang='grc' dir='ltr'><strong>εὐαρεστῆσαι</strong></span> <span class='ocrx_word' id='word_1_162' title='bbox 2714 860 2855 932; x_wconf 74' lang='grc' dir='ltr'><strong>Θεῷ.</strong></span> <span class='ocrx_word' id='word_1_163' title='bbox 2885 881 2906 914; x_wconf 72' lang='grc' dir='ltr'><strong>ι</strong></span> 
     </span>
    </p>
   </div>
   <div class='ocr_carea' id='block_1_24' title="bbox 2185 948 3696 1022">
    <p class='ocr_par' dir='ltr' id='par_1_24' title="bbox 2185 948 3696 1022">
     <span class='ocr_line' id='line_1_24' title="bbox 2185 948 3696 1022; baseline 0 -18"><span class='ocrx_word' id='word_1_164' title='bbox 2185 959 2271 1020; x_wconf 83' lang='grc' dir='ltr'>ιγ’.</span> <span class='ocrx_word' id='word_1_165' title='bbox 2317 953 2408 1004; x_wconf 84' lang='grc' dir='ltr'>Δεῖ</span> <span class='ocrx_word' id='word_1_166' title='bbox 2445 950 2541 1004; x_wconf 78' lang='grc' dir='ltr'>οὖν</span> <span class='ocrx_word' id='word_1_167' title='bbox 2569 951 2715 1020; x_wconf 79' lang='grc' dir='ltr'>ἡμᾶς</span> <span class='ocrx_word' id='word_1_168' title='bbox 2749 950 2876 1013; x_wconf 82' lang='grc' dir='ltr'>τοὺς</span> <span class='ocrx_word' id='word_1_169' title='bbox 2915 948 3220 1020; x_wconf 79' lang='grc' dir='ltr'><strong>ἀμώμητον</strong></span> <span class='ocrx_word' id='word_1_170' title='bbox 3263 951 3368 1021; x_wconf 78' lang='grc' dir='ltr'>τὴν</span> <span class='ocrx_word' id='word_1_171' title='bbox 3415 952 3696 1022; x_wconf 71' lang='grc' dir='ltr'>ὀρθᾶδοξον</span> 
     </span>
    </p>
   </div>
   <div class='ocr_carea' id='block_1_25' title="bbox 2112 1041 3696 1114">
    <p class='ocr_par' dir='ltr' id='par_1_25' title="bbox 2112 1041 3696 1114">
     <span class='ocr_line' id='line_1_25' title="bbox 2112 1041 3696 1114; baseline 0.002 -18"><span class='ocrx_word' id='word_1_172' title='bbox 2112 1043 2484 1114; x_wconf 77' lang='grc' dir='ltr'>τετηρηκότας</span> <span class='ocrx_word' id='word_1_173' title='bbox 2517 1042 2720 1104; x_wconf 81' lang='grc' dir='ltr'>πίστιν,</span> <span class='ocrx_word' id='word_1_174' title='bbox 2747 1042 2852 1095; x_wconf 74' lang='grc' dir='ltr'>κᾶν</span> <span class='ocrx_word' id='word_1_175' title='bbox 2888 1043 2936 1092; x_wconf 86' lang='grc' dir='ltr'><strong>εί</strong></span> <span class='ocrx_word' id='word_1_176' title='bbox 2978 1041 3180 1106; x_wconf 79' lang='grc' dir='ltr'>πολλὰς</span> <span class='ocrx_word' id='word_1_177' title='bbox 3207 1043 3317 1094; x_wconf 78' lang='grc' dir='ltr'><strong>ύπδ</strong></span> <span class='ocrx_word' id='word_1_178' title='bbox 3349 1044 3467 1096; x_wconf 85' lang='grc' dir='ltr'><strong>τῶν</strong></span> <span class='ocrx_word' id='word_1_179' title='bbox 3494 1045 3696 1098; x_wconf 74' lang='grc' dir='ltr'>ἀθλίων</span> 
     </span>
    </p>
   </div>
   <div class='ocr_carea' id='block_1_26' title="bbox 2112 1133 3698 1205">
    <p class='ocr_par' dir='ltr' id='par_1_26' title="bbox 2112 1133 3698 1205">
     <span class='ocr_line' id='line_1_26' title="bbox 2112 1133 3698 1205; baseline 0.003 -19"><span class='ocrx_word' id='word_1_180' title='bbox 2112 1136 2180 1205; x_wconf 80' lang='grc' dir='ltr'>τῇ</span> <span class='ocrx_word' id='word_1_181' title='bbox 2203 1135 2418 1205; x_wconf 74' lang='grc' dir='ltr'>αἱρέσει</span> <span class='ocrx_word' id='word_1_182' title='bbox 2442 1133 2856 1203; x_wconf 76' lang='grc' dir='ltr'><strong>δεδουλωμένων</strong></span> <span class='ocrx_word' id='word_1_183' title='bbox 2882 1133 3074 1197; x_wconf 83' lang='grc' dir='ltr'>ποινάς</span> <span class='ocrx_word' id='word_1_184' title='bbox 3112 1151 3175 1186; x_wconf 91' lang='grc' dir='ltr'><strong>τε</strong></span> <span class='ocrx_word' id='word_1_185' title='bbox 3213 1137 3316 1188; x_wconf 74' lang='grc' dir='ltr'>καὶ</span> <span class='ocrx_word' id='word_1_186' title='bbox 3346 1135 3578 1205; x_wconf 71' lang='grc' dir='ltr'>θλίψεις</span> <span class='ocrx_word' id='word_1_187' title='bbox 3602 1140 3698 1191; x_wconf 70' lang='grc' dir='ltr'><strong>ὓπ-</strong></span> 
     </span>
    </p>
   </div>
   <div class='ocr_carea' id='block_1_27' title="bbox 2114 1223 3693 1298">
    <p class='ocr_par' dir='ltr' id='par_1_27' title="bbox 2114 1223 3693 1298">
     <span class='ocr_line' id='line_1_27' title="bbox 2114 1223 3693 1298; baseline -0.001 -18"><span class='ocrx_word' id='word_1_188' title='bbox 2114 1227 2244 1296; x_wconf 82' lang='grc' dir='ltr'>έστη</span> <span class='ocrx_word' id='word_1_189' title='bbox 2255 1242 2375 1296; x_wconf 89' lang='grc' dir='ltr'>μεν,</span> <span class='ocrx_word' id='word_1_190' title='bbox 2392 1225 2480 1278; x_wconf 72' lang='grc' dir='ltr'>ἀεὶ</span> <span class='ocrx_word' id='word_1_191' title='bbox 2501 1226 2599 1295; x_wconf 78' lang='grc' dir='ltr'>τῆς</span> <span class='ocrx_word' id='word_1_192' title='bbox 2620 1224 2906 1295; x_wconf 74' lang='grc' dir='ltr'>Κυριακῆς</span> <span class='ocrx_word' id='word_1_193' title='bbox 2925 1223 3236 1294; x_wconf 83' lang='grc' dir='ltr'>μεμνῆσθαι</span> <span class='ocrx_word' id='word_1_194' title='bbox 3261 1227 3478 1293; x_wconf 74' lang='grc' dir='ltr'>φωνῆς’</span> <span class='ocrx_word' id='word_1_195' title='bbox 3492 1229 3693 1298; x_wconf 76' lang='grc' dir='ltr'>Πάτερ,</span> 
     </span>
    </p>
   </div>
   <div class='ocr_carea' id='block_1_28' title="bbox 2113 1313 3696 1385">
    <p class='ocr_par' dir='ltr' id='par_1_28' title="bbox 2113 1313 3696 1385">
     <span class='ocr_line' id='line_1_28' title="bbox 2113 1313 3696 1385; baseline -0.001 -14"><span class='ocrx_word' id='word_1_196' title='bbox 2113 1317 2250 1385; x_wconf 78' lang='grc' dir='ltr'>ἄφες</span> <span class='ocrx_word' id='word_1_197' title='bbox 2279 1317 2484 1379; x_wconf 84' lang='grc' dir='ltr'>αὐτοῖς·</span> <span class='ocrx_word' id='word_1_198' title='bbox 2517 1316 2579 1368; x_wconf 83' lang='grc' dir='ltr'><strong>ού</strong></span> <span class='ocrx_word' id='word_1_199' title='bbox 2608 1315 2719 1384; x_wconf 82' lang='grc' dir='ltr'>γὰρ</span> <span class='ocrx_word' id='word_1_200' title='bbox 2748 1313 2924 1368; x_wconf 76' lang='grc' dir='ltr'>οἴδασι</span> <span class='ocrx_word' id='word_1_201' title='bbox 2949 1314 3000 1366; x_wconf 90' lang='grc' dir='ltr'><strong>τί</strong></span> <span class='ocrx_word' id='word_1_202' title='bbox 3030 1315 3317 1384; x_wconf 75' lang='grc' dir='ltr'>ἐποίησαν.</span> <span class='ocrx_word' id='word_1_203' title='bbox 3353 1317 3586 1370; x_wconf 71' lang='grc' dir='ltr'>Μᾶλλον</span> <span class='ocrx_word' id='word_1_204' title='bbox 3609 1319 3696 1370; x_wconf 79' lang='grc' dir='ltr'><strong>νῦν</strong></span> 
     </span>
    </p>
   </div>
   <div class='ocr_carea' id='block_1_29' title="bbox 2114 1401 3694 1476">
    <p class='ocr_par' dir='ltr' id='par_1_29' title="bbox 2114 1401 3694 1476">
     <span class='ocr_line' id='line_1_29' title="bbox 2114 1401 3694 1476; baseline 0.002 -18"><span class='ocrx_word' id='word_1_205' title='bbox 2114 1401 2207 1458; x_wconf 83' lang='grc' dir='ltr'><strong>οῦν</strong></span> <span class='ocrx_word' id='word_1_206' title='bbox 2235 1407 2284 1458; x_wconf 76' lang='grc' dir='ltr'>οἱ</span> <span class='ocrx_word' id='word_1_207' title='bbox 2303 1405 2649 1475; x_wconf 83' lang='grc' dir='ltr'><strong>θερμότεροι,</strong></span> <span class='ocrx_word' id='word_1_208' title='bbox 2669 1406 2783 1471; x_wconf 83' lang='grc' dir='ltr'>εῐγε</span> <span class='ocrx_word' id='word_1_209' title='bbox 2813 1403 3034 1467; x_wconf 84' lang='grc' dir='ltr'><strong>τούτους</strong></span> <span class='ocrx_word' id='word_1_210' title='bbox 3055 1405 3482 1476; x_wconf 68' lang='grc' dir='ltr'>ἀπαμύνασθαι</span> <span class='ocrx_word' id='word_1_211' title='bbox 3509 1408 3694 1476; x_wconf 71' lang='grc' dir='ltr'>βούλε-</span> 
     </span>
    </p>
   </div>
   <div class='ocr_carea' id='block_1_30' title="bbox 2118 1493 3694 1568">
    <p class='ocr_par' dir='ltr' id='par_1_30' title="bbox 2118 1493 3694 1568">
     <span class='ocr_line' id='line_1_30' title="bbox 2118 1493 3694 1568; baseline 0.002 -17"><span class='ocrx_word' id='word_1_212' title='bbox 2118 1498 2232 1564; x_wconf 89' lang='grc' dir='ltr'>σθε,</span> <span class='ocrx_word' id='word_1_213' title='bbox 2260 1499 2382 1568; x_wconf 74' lang='grc' dir='ltr'>ἐμοὶ</span> <span class='ocrx_word' id='word_1_214' title='bbox 2405 1496 2736 1565; x_wconf 79' lang='grc' dir='ltr'>πειθόμενοι,</span> <span class='ocrx_word' id='word_1_215' title='bbox 2760 1493 2858 1566; x_wconf 76' lang='grc' dir='ltr'>τὴν</span> <span class='ocrx_word' id='word_1_216' title='bbox 2885 1495 3114 1550; x_wconf 75' lang='grc' dir='ltr'>ἐνοῦσαν</span> <span class='ocrx_word' id='word_1_217' title='bbox 3134 1500 3257 1561; x_wconf 80' lang='grc' dir='ltr'>ταῖς</span> <span class='ocrx_word' id='word_1_218' title='bbox 3282 1499 3489 1568; x_wconf 70' lang='grc' dir='ltr'>ψυχαῖς</span> <span class='ocrx_word' id='word_1_219' title='bbox 3515 1501 3694 1554; x_wconf 67' lang='grc' dir='ltr'>αὐτῶν</span> 
     </span>
    </p>
   </div>
   <div class='ocr_carea' id='block_1_31' title="bbox 2116 1584 3692 1658">
    <p class='ocr_par' dir='ltr' id='par_1_31' title="bbox 2116 1584 3692 1658">
     <span class='ocr_line' id='line_1_31' title="bbox 2116 1584 3692 1658; baseline 0.001 -18"><span class='ocrx_word' id='word_1_220' title='bbox 2116 1585 2329 1655; x_wconf 77' lang='grc' dir='ltr'>αἵρεσιν</span> <span class='ocrx_word' id='word_1_221' title='bbox 2381 1584 2716 1649; x_wconf 77' lang='grc' dir='ltr'>ἀπελάσετε,</span> <span class='ocrx_word' id='word_1_222' title='bbox 2777 1585 3084 1654; x_wconf 72' lang='grc' dir='ltr'>αἰτήσασαν</span> <span class='ocrx_word' id='word_1_223' title='bbox 3138 1585 3342 1650; x_wconf 76' lang='grc' dir='ltr'>αὐτοὺς</span> <span class='ocrx_word' id='word_1_224' title='bbox 3379 1587 3508 1640; x_wconf 78' lang='grc' dir='ltr'>καθ’</span> <span class='ocrx_word' id='word_1_225' title='bbox 3541 1589 3692 1658; x_wconf 81' lang='grc' dir='ltr'>ὑμῶν</span> 
     </span>
    </p>
   </div>
   <div class='ocr_carea' id='block_1_32' title="bbox 445 1675 2012 1759">
    <p class='ocr_par' dir='ltr' id='par_1_32' title="bbox 445 1694 2010 1759">
     <span class='ocr_line' id='line_1_32' title="bbox 445 1694 2010 1759; baseline -0.008 -1"><span class='ocrx_word' id='word_1_226' title='bbox 445 1713 529 1758; x_wconf 79' lang='lat' dir='ltr'><strong>est</strong></span> <span class='ocrx_word' id='word_1_227' title='bbox 574 1702 835 1756; x_wconf 86' lang='lat' dir='ltr'><strong>adversus</strong></span> <span class='ocrx_word' id='word_1_228' title='bbox 886 1700 1070 1754; x_wconf 81' lang='lat' dir='ltr'><strong>hostes</strong></span> <span class='ocrx_word' id='word_1_229' title='bbox 1101 1695 1431 1752; x_wconf 80' lang='lat' dir='ltr'><strong>validissima</strong></span> <span class='ocrx_word' id='word_1_230' title='bbox 1479 1694 1736 1759; x_wconf 83' lang='lat' dir='ltr'><strong>victoria,</strong></span> <span class='ocrx_word' id='word_1_231' title='bbox 1790 1708 2010 1748; x_wconf 78' lang='lat' dir='ltr'><strong>causam</strong></span> 
     </span>
    </p>
   </div>
   <div class='ocr_carea' id='block_1_33' title="bbox 2117 1675 3688 1759">
    <p class='ocr_par' dir='ltr' id='par_1_33' title="bbox 2117 1675 3688 1748">
     <span class='ocr_line' id='line_1_33' title="bbox 2117 1675 3688 1748; baseline 0.002 -19"><span class='ocrx_word' id='word_1_232' title='bbox 2117 1675 2380 1741; x_wconf 78' lang='grc' dir='ltr'>ὁπλίζειν.</span> <span class='ocrx_word' id='word_1_233' title='bbox 2416 1675 2564 1747; x_wconf 82' lang='grc' dir='ltr'>Δῦτη</span> <span class='ocrx_word' id='word_1_234' title='bbox 2601 1675 2978 1746; x_wconf 83' lang='grc' dir='ltr'>κραταιοτάτη</span> <span class='ocrx_word' id='word_1_235' title='bbox 3029 1676 3154 1729; x_wconf 80' lang='grc' dir='ltr'>κατ’</span> <span class='ocrx_word' id='word_1_236' title='bbox 3187 1677 3406 1748; x_wconf 71' lang='grc' dir='ltr'>ἐχθρῶν</span> <span class='ocrx_word' id='word_1_237' title='bbox 3439 1677 3593 1747; x_wconf 77' lang='grc' dir='ltr'>νίκη,</span> <span class='ocrx_word' id='word_1_238' title='bbox 3627 1682 3688 1732; x_wconf 72' lang='grc' dir='ltr'><strong>τὸ</strong></span> 
     </span>
    </p>
   </div>
   <div class='ocr_carea' id='block_1_34' title="bbox 444 1786 2012 1864">
    <p class='ocr_par' dir='ltr' id='par_1_34' title="bbox 444 1786 2012 1864">
     <span class='ocr_line' id='line_1_34' title="bbox 444 1786 2012 1864; baseline -0.002 -22"><span class='ocrx_word' id='word_1_239' title='bbox 444 1809 563 1864; x_wconf 78' lang='lat' dir='ltr'><strong>qua:</strong></span> <span class='ocrx_word' id='word_1_240' title='bbox 590 1808 684 1848; x_wconf 91' lang='lat' dir='ltr'><strong>eos</strong></span> <span class='ocrx_word' id='word_1_241' title='bbox 701 1791 1014 1860; x_wconf 90' lang='lat' dir='ltr'><strong>coinquinat</strong></span> <span class='ocrx_word' id='word_1_242' title='bbox 1039 1789 1364 1858; x_wconf 81' lang='lat' dir='ltr'><strong>exstirpare,</strong></span> <span class='ocrx_word' id='word_1_243' title='bbox 1394 1795 1450 1843; x_wconf 89' lang='lat' dir='ltr'><strong>et</strong></span> <span class='ocrx_word' id='word_1_244' title='bbox 1493 1787 1547 1840; x_wconf 91' lang='lat' dir='ltr'><strong>in</strong></span> <span class='ocrx_word' id='word_1_245' title='bbox 1593 1786 1866 1856; x_wconf 85' lang='lat' dir='ltr'><strong>propriam</strong></span> <span class='ocrx_word' id='word_1_246' title='bbox 1917 1801 2012 1854; x_wconf 88' lang='lat' dir='ltr'><strong>per</strong></span> 
     </span>
    </p>
   </div>
   <div class='ocr_carea' id='block_1_35' title="bbox 448 1877 2010 1946">
    <p class='ocr_par' dir='ltr' id='par_1_35' title="bbox 448 1877 2010 1946">
     <span class='ocr_line' id='line_1_35' title="bbox 448 1877 2010 1946; baseline -0.007 -6"><span class='ocrx_word' id='word_1_247' title='bbox 448 1883 780 1940; x_wconf 89' lang='lat' dir='ltr'><strong>contrarium</strong></span> <span class='ocrx_word' id='word_1_248' title='bbox 813 1881 1138 1936; x_wconf 89' lang='lat' dir='ltr'><strong>sententiam</strong></span> <span class='ocrx_word' id='word_1_249' title='bbox 1183 1880 1473 1934; x_wconf 78' lang='lat' dir='ltr'><strong>adducere.</strong></span> <span class='ocrx_word' id='word_1_250' title='bbox 1507 1877 1639 1931; x_wconf 85' lang='lat' dir='ltr'><strong>Eum</strong></span> <span class='ocrx_word' id='word_1_251' title='bbox 1669 1877 1760 1946; x_wconf 92' lang='lat' dir='ltr'><strong>qni</strong></span> <span class='ocrx_word' id='word_1_252' title='bbox 1799 1877 1852 1930; x_wconf 91' lang='lat' dir='ltr'><strong>in</strong></span> <span class='ocrx_word' id='word_1_253' title='bbox 1887 1891 2010 1931; x_wconf 87' lang='lat' dir='ltr'><strong>cor-</strong></span> 
     </span>
    </p>
   </div>
   <div class='ocr_carea' id='block_1_36' title="bbox 445 1968 2011 2046">
    <p class='ocr_par' dir='ltr' id='par_1_36' title="bbox 445 1968 2011 2046">
     <span class='ocr_line' id='line_1_36' title="bbox 445 1968 2011 2046; baseline -0.006 -15"><span class='ocrx_word' id='word_1_254' title='bbox 445 1992 574 2046; x_wconf 86' lang='lat' dir='ltr'><strong>pore</strong></span> <span class='ocrx_word' id='word_1_255' title='bbox 605 1975 863 2030; x_wconf 87' lang='lat' dir='ltr'><strong>sustinuit</strong></span> <span class='ocrx_word' id='word_1_256' title='bbox 894 1972 1191 2043; x_wconf 89' lang='lat' dir='ltr'><strong>quidpiam,</strong></span> <span class='ocrx_word' id='word_1_257' title='bbox 1240 1972 1293 2025; x_wconf 90' lang='lat' dir='ltr'><strong>in</strong></span> <span class='ocrx_word' id='word_1_258' title='bbox 1323 1984 1551 2040; x_wconf 90' lang='lat' dir='ltr'><strong>corpore</strong></span> <span class='ocrx_word' id='word_1_259' title='bbox 1597 1968 1738 2023; x_wconf 88' lang='lat' dir='ltr'><strong>mala</strong></span> <span class='ocrx_word' id='word_1_260' title='bbox 1770 1968 2011 2024; x_wconf 84' lang='lat' dir='ltr'><strong>referen-</strong></span> 
     </span>
    </p>
   </div>
   <div class='ocr_carea' id='block_1_37' title="bbox 445 2060 2014 2133">
    <p class='ocr_par' dir='ltr' id='par_1_37' title="bbox 445 2060 2014 2133">
     <span class='ocr_line' id='line_1_37' title="bbox 445 2060 2014 2133; baseline -0.004 -12"><span class='ocrx_word' id='word_1_261' title='bbox 445 2079 552 2121; x_wconf 88' lang='lat' dir='ltr'><strong>tem</strong></span> <span class='ocrx_word' id='word_1_262' title='bbox 585 2079 644 2120; x_wconf 76' lang='lat' dir='ltr'><strong>se</strong></span> <span class='ocrx_word' id='word_1_263' title='bbox 676 2063 886 2128; x_wconf 86' lang='lat' dir='ltr'><strong>ulcisci,</strong></span> <span class='ocrx_word' id='word_1_264' title='bbox 919 2077 1207 2133; x_wconf 85' lang='lat' dir='ltr'><strong>porcorum</strong></span> <span class='ocrx_word' id='word_1_265' title='bbox 1253 2071 1337 2118; x_wconf 89' lang='lat' dir='ltr'><strong>est</strong></span> <span class='ocrx_word' id='word_1_266' title='bbox 1377 2073 1432 2116; x_wconf 89' lang='lat' dir='ltr'><strong>et</strong></span> <span class='ocrx_word' id='word_1_267' title='bbox 1485 2061 1746 2116; x_wconf 82' lang='lat' dir='ltr'><strong>similium</strong></span> <span class='ocrx_word' id='word_1_268' title='bbox 1783 2060 2014 2116; x_wconf 83' lang='lat' dir='ltr'><strong>rationis</strong></span> 
     </span>
    </p>
   </div>
   <div class='ocr_carea' id='block_1_38' title="bbox 443 2156 2014 2233">
    <p class='ocr_par' dir='ltr' id='par_1_38' title="bbox 443 2156 2014 2233">
     <span class='ocr_line' id='line_1_38' title="bbox 443 2156 2014 2233; baseline -0.003 -16"><span class='ocrx_word' id='word_1_269' title='bbox 443 2162 742 2233; x_wconf 77' lang='lat' dir='ltr'><strong>expertium</strong></span> <span class='ocrx_word' id='word_1_270' title='bbox 767 2160 1060 2216; x_wconf 82' lang='lat' dir='ltr'><strong>bestiarum</strong></span> <span class='ocrx_word' id='word_1_271' title='bbox 1086 2158 1384 2229; x_wconf 91' lang='lat' dir='ltr'><strong>proprium.</strong></span> <span class='ocrx_word' id='word_1_272' title='bbox 1403 2156 1482 2213; x_wconf 82' lang='lat' dir='ltr'><strong>Ne</strong></span> <span class='ocrx_word' id='word_1_273' title='bbox 1500 2157 1800 2213; x_wconf 88' lang='lat' dir='ltr'><strong>libertatem</strong></span> <span class='ocrx_word' id='word_1_274' title='bbox 1824 2157 2014 2213; x_wconf 89' lang='lat' dir='ltr'><strong>demus</strong></span> 
     </span>
    </p>
   </div>
   <div class='ocr_carea' id='block_1_39' title="bbox 442 2250 2015 2320">
    <p class='ocr_par' dir='ltr' id='par_1_39' title="bbox 442 2250 2015 2320">
     <span class='ocr_line' id='line_1_39' title="bbox 442 2250 2015 2320; baseline -0.003 -10"><span class='ocrx_word' id='word_1_275' title='bbox 442 2256 498 2311; x_wconf 87' lang='lat' dir='ltr'><strong>in</strong></span> <span class='ocrx_word' id='word_1_276' title='bbox 525 2254 868 2310; x_wconf 86' lang='lat' dir='ltr'><strong>occasionem</strong></span> <span class='ocrx_word' id='word_1_277' title='bbox 898 2253 1102 2316; x_wconf 87' lang='lat' dir='ltr'><strong>carnis,</strong></span> <span class='ocrx_word' id='word_1_278' title='bbox 1137 2251 1455 2320; x_wconf 84' lang='lat' dir='ltr'><strong>impinguati</strong></span> <span class='ocrx_word' id='word_1_279' title='bbox 1502 2260 1558 2305; x_wconf 91' lang='lat' dir='ltr'><strong>et</strong></span> <span class='ocrx_word' id='word_1_280' title='bbox 1594 2250 1828 2315; x_wconf 88' lang='lat' dir='ltr'><strong>dilatati,</strong></span> <span class='ocrx_word' id='word_1_281' title='bbox 1872 2251 2015 2305; x_wconf 87' lang='lat' dir='ltr'><strong>sicut</strong></span> 
     </span>
    </p>
   </div>
   <div class='ocr_carea' id='block_1_40' title="bbox 441 2341 2014 2410">
    <p class='ocr_par' dir='ltr' id='par_1_40' title="bbox 441 2341 2014 2410">
     <span class='ocr_line' id='line_1_40' title="bbox 441 2341 2014 2410; baseline -0.002 -11"><span class='ocrx_word' id='word_1_282' title='bbox 441 2359 599 2401; x_wconf 86' lang='lat' dir='ltr'><strong>vetus</strong></span> <span class='ocrx_word' id='word_1_283' title='bbox 625 2343 711 2398; x_wconf 88' lang='lat' dir='ltr'><strong>ille</strong></span> <span class='ocrx_word' id='word_1_284' title='bbox 739 2342 930 2407; x_wconf 83' lang='lat' dir='ltr'><strong>Israel,</strong></span> <span class='ocrx_word' id='word_1_285' title='bbox 964 2341 1032 2396; x_wconf 89' lang='lat' dir='ltr'><strong>ab</strong></span> <span class='ocrx_word' id='word_1_286' title='bbox 1072 2341 1328 2410; x_wconf 82' lang='lat' dir='ltr'><strong>operibus</strong></span> <span class='ocrx_word' id='word_1_287' title='bbox 1375 2341 1469 2395; x_wconf 91' lang='lat' dir='ltr'><strong>Ittti</strong></span> <span class='ocrx_word' id='word_1_288' title='bbox 1503 2352 1556 2396; x_wconf 90' lang='lat' dir='ltr'><strong>et</strong></span> <span class='ocrx_word' id='word_1_289' title='bbox 1589 2341 1778 2396; x_wconf 88' lang='lat' dir='ltr'><strong>lateris</strong></span> <span class='ocrx_word' id='word_1_290' title='bbox 1823 2355 2014 2396; x_wconf 88' lang='lat' dir='ltr'><strong>recens</strong></span> 
     </span>
    </p>
   </div>
   <div class='ocr_carea' id='block_1_41' title="bbox 442 2432 2012 2504">
    <p class='ocr_par' dir='ltr' id='par_1_41' title="bbox 442 2432 2012 2504">
     <span class='ocr_line' id='line_1_41' title="bbox 442 2432 2012 2504; baseline -0.003 -12"><span class='ocrx_word' id='word_1_291' title='bbox 442 2437 738 2502; x_wconf 80' lang='lat' dir='ltr'><strong>liberatus;</strong></span> <span class='ocrx_word' id='word_1_292' title='bbox 788 2434 882 2490; x_wconf 90' lang='lat' dir='ltr'><strong>sed</strong></span> <span class='ocrx_word' id='word_1_293' title='bbox 926 2435 1070 2504; x_wconf 88' lang='lat' dir='ltr'><strong>quod</strong></span> <span class='ocrx_word' id='word_1_294' title='bbox 1122 2433 1242 2488; x_wconf 89' lang='lat' dir='ltr'><strong>sine</strong></span> <span class='ocrx_word' id='word_1_295' title='bbox 1292 2432 1510 2488; x_wconf 81' lang='lat' dir='ltr'><strong>infamia</strong></span> <span class='ocrx_word' id='word_1_296' title='bbox 1564 2435 1745 2489; x_wconf 80' lang='lat' dir='ltr'><strong>verbis</strong></span> <span class='ocrx_word' id='word_1_297' title='bbox 1780 2433 2012 2504; x_wconf 79' lang='lat' dir='ltr'><strong>exprimi</strong></span> 
     </span>
    </p>
   </div>
   <div class='ocr_carea' id='block_1_42' title="bbox 444 2521 2015 2595">
    <p class='ocr_par' dir='ltr' id='par_1_42' title="bbox 444 2521 2015 2595">
     <span class='ocr_line' id='line_1_42' title="bbox 444 2521 2015 2595; baseline -0.003 -15"><span class='ocrx_word' id='word_1_298' title='bbox 444 2543 551 2581; x_wconf 92' lang='lat' dir='ltr'><strong>non</strong></span> <span class='ocrx_word' id='word_1_299' title='bbox 601 2533 794 2595; x_wconf 84' lang='lat' dir='ltr'><strong>potest,</strong></span> <span class='ocrx_word' id='word_1_300' title='bbox 844 2523 1062 2578; x_wconf 86' lang='lat' dir='ltr'><strong>silentio</strong></span> <span class='ocrx_word' id='word_1_301' title='bbox 1103 2522 1424 2577; x_wconf 86' lang='lat' dir='ltr'><strong>involvatur.</strong></span> <span class='ocrx_word' id='word_1_302' title='bbox 1473 2521 1612 2588; x_wconf 84' lang='lat' dir='ltr'><strong>Quin</strong></span> <span class='ocrx_word' id='word_1_303' title='bbox 1659 2522 1767 2576; x_wconf 90' lang='lat' dir='ltr'><strong>imo</strong></span> <span class='ocrx_word' id='word_1_304' title='bbox 1797 2521 2015 2576; x_wconf 74' lang='lat' dir='ltr'><strong>relaxa-</strong></span> 
     </span>
    </p>
   </div>
   <div class='ocr_carea' id='block_1_43' title="bbox 445 2610 2016 2687">
    <p class='ocr_par' dir='ltr' id='par_1_43' title="bbox 445 2610 2016 2687">
     <span class='ocr_line' id='line_1_43' title="bbox 445 2610 2016 2687; baseline -0.003 -16"><span class='ocrx_word' id='word_1_305' title='bbox 445 2620 604 2672; x_wconf 90' lang='lat' dir='ltr'><strong>tionis</strong></span> <span class='ocrx_word' id='word_1_306' title='bbox 639 2616 810 2687; x_wconf 82' lang='lat' dir='ltr'><strong>spatia</strong></span> <span class='ocrx_word' id='word_1_307' title='bbox 842 2615 896 2670; x_wconf 90' lang='lat' dir='ltr'><strong>itt</strong></span> <span class='ocrx_word' id='word_1_308' title='bbox 924 2614 1222 2685; x_wconf 75' lang='lat' dir='ltr'><strong>gratiarum</strong></span> <span class='ocrx_word' id='word_1_309' title='bbox 1260 2612 1492 2667; x_wconf 88' lang='lat' dir='ltr'><strong>actionis</strong></span> <span class='ocrx_word' id='word_1_310' title='bbox 1520 2621 1575 2666; x_wconf 89' lang='lat' dir='ltr'><strong>et</strong></span> <span class='ocrx_word' id='word_1_311' title='bbox 1630 2610 2016 2680; x_wconf 87' lang='lat' dir='ltr'><strong>placabilitatis</strong></span> 
     </span>
    </p>
   </div>
   <div class='ocr_carea' id='block_1_44' title="bbox 445 2703 2014 2778">
    <p class='ocr_par' dir='ltr' id='par_1_44' title="bbox 445 2703 2014 2778">
     <span class='ocr_line' id='line_1_44' title="bbox 445 2703 2014 2778; baseline -0.003 -15"><span class='ocrx_word' id='word_1_312' title='bbox 445 2721 655 2778; x_wconf 82' lang='lat' dir='ltr'><strong>tempus</strong></span> <span class='ocrx_word' id='word_1_313' title='bbox 699 2717 1118 2770; x_wconf 87' lang='lat' dir='ltr'><strong>commutemus,</strong></span> <span class='ocrx_word' id='word_1_314' title='bbox 1166 2705 1454 2773; x_wconf 55' lang='lat' dir='ltr'><strong>praeteritas</strong></span> <span class='ocrx_word' id='word_1_315' title='bbox 1481 2703 1777 2758; x_wconf 76' lang='lat' dir='ltr'><strong>vexationis</strong></span> <span class='ocrx_word' id='word_1_316' title='bbox 1811 2717 2014 2758; x_wconf 86' lang='lat' dir='ltr'><strong>memo-</strong></span> 
     </span>
    </p>
   </div>
   <div class='ocr_carea' id='block_1_45' title="bbox 444 2795 2012 2864">
    <p class='ocr_par' dir='ltr' id='par_1_45' title="bbox 444 2795 2012 2864">
     <span class='ocr_line' id='line_1_45' title="bbox 444 2795 2012 2864; baseline -0.007 -7"><span class='ocrx_word' id='word_1_317' title='bbox 444 2817 552 2857; x_wconf 86' lang='lat' dir='ltr'><strong>res.</strong></span> <span class='ocrx_word' id='word_1_318' title='bbox 583 2801 748 2854; x_wconf 82' lang='lat' dir='ltr'><strong>Scitis</strong></span> <span class='ocrx_word' id='word_1_319' title='bbox 799 2798 985 2860; x_wconf 86' lang='lat' dir='ltr'><strong>enim,</strong></span> <span class='ocrx_word' id='word_1_320' title='bbox 1035 2811 1142 2849; x_wconf 90' lang='lat' dir='ltr'><strong>non</strong></span> <span class='ocrx_word' id='word_1_321' title='bbox 1205 2795 1366 2863; x_wconf 88' lang='lat' dir='ltr'><strong>longo</strong></span> <span class='ocrx_word' id='word_1_322' title='bbox 1418 2809 1553 2864; x_wconf 87' lang='lat' dir='ltr'><strong>opus</strong></span> <span class='ocrx_word' id='word_1_323' title='bbox 1605 2807 1723 2848; x_wconf 88' lang='lat' dir='ltr'><strong>esse</strong></span> <span class='ocrx_word' id='word_1_324' title='bbox 1751 2803 2012 2863; x_wconf 88' lang='lat' dir='ltr'><strong>tempore,</strong></span> 
     </span>
    </p>
   </div>
   <div class='ocr_carea' id='block_1_46' title="bbox 441 2885 2013 2955">
    <p class='ocr_par' dir='ltr' id='par_1_46' title="bbox 441 2885 2013 2955">
     <span class='ocr_line' id='line_1_46' title="bbox 441 2885 2013 2955; baseline -0.007 -8"><span class='ocrx_word' id='word_1_325' title='bbox 441 2895 509 2947; x_wconf 83' lang='lat' dir='ltr'><strong>ad</strong></span> <span class='ocrx_word' id='word_1_326' title='bbox 539 2894 700 2945; x_wconf 88' lang='lat' dir='ltr'><strong>vitant</strong></span> <span class='ocrx_word' id='word_1_327' title='bbox 733 2889 895 2943; x_wconf 67' lang='lat' dir='ltr'><strong>etiam</strong></span> <span class='ocrx_word' id='word_1_328' title='bbox 956 2887 1148 2955; x_wconf 88' lang='lat' dir='ltr'><strong>ipsam,</strong></span> <span class='ocrx_word' id='word_1_329' title='bbox 1179 2885 1375 2939; x_wconf 89' lang='lat' dir='ltr'><strong>nedum</strong></span> <span class='ocrx_word' id='word_1_330' title='bbox 1412 2885 1592 2938; x_wconf 87' lang='lat' dir='ltr'><strong>omnia</strong></span> <span class='ocrx_word' id='word_1_331' title='bbox 1626 2901 1746 2952; x_wconf 69' lang='lat' dir='ltr'><strong>qua:</strong></span> <span class='ocrx_word' id='word_1_332' title='bbox 1776 2900 1876 2940; x_wconf 89' lang='lat' dir='ltr'><strong>nos</strong></span> <span class='ocrx_word' id='word_1_333' title='bbox 1906 2885 2013 2937; x_wconf 87' lang='lat' dir='ltr'><strong>cir-</strong></span> 
     </span>
    </p>
   </div>
   <div class='ocr_carea' id='block_1_47' title="bbox 443 2974 2010 3046">
    <p class='ocr_par' dir='ltr' id='par_1_47' title="bbox 443 2974 2010 3046">
     <span class='ocr_line' id='line_1_47' title="bbox 443 2974 2010 3046; baseline -0.004 -12"><span class='ocrx_word' id='word_1_334' title='bbox 443 2976 766 3042; x_wconf 88' lang='lat' dir='ltr'><strong>cumllnun&#39;l,</strong></span> <span class='ocrx_word' id='word_1_335' title='bbox 795 2975 1095 3046; x_wconf 84' lang='lat' dir='ltr'><strong>perdenda;</strong></span> <span class='ocrx_word' id='word_1_336' title='bbox 1127 2975 1317 3028; x_wconf 91' lang='lat' dir='ltr'><strong>horum</strong></span> <span class='ocrx_word' id='word_1_337' title='bbox 1373 2989 1500 3028; x_wconf 88' lang='lat' dir='ltr'><strong>vero</strong></span> <span class='ocrx_word' id='word_1_338' title='bbox 1542 2974 1810 3028; x_wconf 84' lang='lat' dir='ltr'><strong>contraria</strong></span> <span class='ocrx_word' id='word_1_339' title='bbox 1833 3014 1848 3040; x_wconf 89' lang='lat'><strong>,</strong></span> <span class='ocrx_word' id='word_1_340' title='bbox 1889 2989 2010 3028; x_wconf 90' lang='lat' dir='ltr'><strong>cum</strong></span> 
     </span>
    </p>
   </div>
   <div class='ocr_carea' id='block_1_48' title="bbox 443 3063 2011 3138">
    <p class='ocr_par' dir='ltr' id='par_1_48' title="bbox 443 3063 2011 3138">
     <span class='ocr_line' id='line_1_48' title="bbox 443 3063 2011 3138; baseline -0.004 -13"><span class='ocrx_word' id='word_1_341' title='bbox 443 3086 587 3138; x_wconf 62' lang='lat' dir='ltr'><strong>saepe</strong></span> <span class='ocrx_word' id='word_1_342' title='bbox 649 3077 703 3122; x_wconf 89' lang='lat' dir='ltr'><strong>et</strong></span> <span class='ocrx_word' id='word_1_343' title='bbox 750 3066 1008 3134; x_wconf 89' lang='lat' dir='ltr'><strong>temporis</strong></span> <span class='ocrx_word' id='word_1_344' title='bbox 1059 3074 1113 3118; x_wconf 92' lang='lat' dir='ltr'><strong>et</strong></span> <span class='ocrx_word' id='word_1_345' title='bbox 1165 3063 1364 3118; x_wconf 89' lang='lat' dir='ltr'><strong>laboris</strong></span> <span class='ocrx_word' id='word_1_346' title='bbox 1418 3063 1640 3117; x_wconf 89' lang='lat' dir='ltr'><strong>multum</strong></span> <span class='ocrx_word' id='word_1_347' title='bbox 1700 3066 2011 3134; x_wconf 77' lang='lat' dir='ltr'><strong>requirant,</strong></span> 
     </span>
    </p>
   </div>
   <div class='ocr_carea' id='block_1_49' title="bbox 445 3155 2015 3229">
    <p class='ocr_par' dir='ltr' id='par_1_49' title="bbox 445 3155 2015 3229">
     <span class='ocr_line' id='line_1_49' title="bbox 445 3155 2015 3229; baseline -0.003 -12"><span class='ocrx_word' id='word_1_348' title='bbox 445 3180 549 3217; x_wconf 90' lang='lat' dir='ltr'><strong>non</strong></span> <span class='ocrx_word' id='word_1_349' title='bbox 602 3159 761 3216; x_wconf 74' lang='lat' dir='ltr'><strong>facile</strong></span> <span class='ocrx_word' id='word_1_350' title='bbox 814 3159 1202 3229; x_wconf 90' lang='lat' dir='ltr'><strong>acquiruntur.</strong></span> <span class='ocrx_word' id='word_1_351' title='bbox 1258 3155 1366 3212; x_wconf 78' lang='lat' dir='ltr'><strong>Vos</strong></span> <span class='ocrx_word' id='word_1_352' title='bbox 1397 3157 1520 3224; x_wconf 87' lang='lat' dir='ltr'><strong>ipsi,</strong></span> <span class='ocrx_word' id='word_1_353' title='bbox 1545 3157 1636 3226; x_wconf 89' lang='lat' dir='ltr'><strong>qui</strong></span> <span class='ocrx_word' id='word_1_354' title='bbox 1675 3157 1788 3212; x_wconf 89' lang='lat' dir='ltr'><strong>heri</strong></span> <span class='ocrx_word' id='word_1_355' title='bbox 1825 3167 2015 3214; x_wconf 89' lang='lat' dir='ltr'><strong>contra</strong></span> 
     </span>
    </p>
   </div>
   <div class='ocr_carea' id='block_1_50' title="bbox 445 3247 2018 3321">
    <p class='ocr_par' dir='ltr' id='par_1_50' title="bbox 445 3247 2018 3321">
     <span class='ocr_line' id='line_1_50' title="bbox 445 3247 2018 3321; baseline -0.004 -13"><span class='ocrx_word' id='word_1_356' title='bbox 445 3252 804 3321; x_wconf 82' lang='lat' dir='ltr'><strong>vosmetipsos</strong></span> <span class='ocrx_word' id='word_1_357' title='bbox 857 3247 1037 3319; x_wconf 73' lang='lat' dir='ltr'><strong>potius</strong></span> <span class='ocrx_word' id='word_1_358' title='bbox 1081 3263 1240 3318; x_wconf 90' lang='lat' dir='ltr'><strong>quam</strong></span> <span class='ocrx_word' id='word_1_359' title='bbox 1273 3255 1462 3302; x_wconf 88' lang='lat' dir='ltr'><strong>contra</strong></span> <span class='ocrx_word' id='word_1_360' title='bbox 1505 3261 1604 3301; x_wconf 90' lang='lat' dir='ltr'><strong>nos</strong></span> <span class='ocrx_word' id='word_1_361' title='bbox 1631 3247 1696 3301; x_wconf 89' lang='lat' dir='ltr'><strong>ad</strong></span> <span class='ocrx_word' id='word_1_362' title='bbox 1727 3247 1835 3301; x_wconf 85' lang='lat' dir='ltr'><strong>vim</strong></span> <span class='ocrx_word' id='word_1_363' title='bbox 1867 3263 2018 3303; x_wconf 83' lang='lat' dir='ltr'><strong>com-</strong></span> 
     </span>
    </p>
   </div>
   <div class='ocr_carea' id='block_1_51' title="bbox 445 3337 2016 3413">
    <p class='ocr_par' dir='ltr' id='par_1_51' title="bbox 445 3337 2016 3413">
     <span class='ocr_line' id='line_1_51' title="bbox 445 3337 2016 3413; baseline -0.002 -19"><span class='ocrx_word' id='word_1_364' title='bbox 445 3339 802 3413; x_wconf 78' lang='lat' dir='ltr'><strong>para-Lamini,</strong></span> <span class='ocrx_word' id='word_1_365' title='bbox 841 3339 1010 3394; x_wconf 87' lang='lat' dir='ltr'><strong>nolite</strong></span> <span class='ocrx_word' id='word_1_366' title='bbox 1040 3351 1272 3394; x_wconf 72' lang='lat' dir='ltr'><strong>mmrere</strong></span> <span class='ocrx_word' id='word_1_367' title='bbox 1301 3337 1442 3406; x_wconf 90' lang='lat' dir='ltr'><strong>quod</strong></span> <span class='ocrx_word' id='word_1_368' title='bbox 1480 3351 1508 3390; x_wconf 92' lang='lat' dir='ltr'><strong>a</strong></span> <span class='ocrx_word' id='word_1_369' title='bbox 1539 3337 1829 3406; x_wconf 87' lang='lat' dir='ltr'><strong>tyrannide</strong></span> <span class='ocrx_word' id='word_1_370' title='bbox 1857 3351 2016 3392; x_wconf 79' lang='lat' dir='ltr'><strong>exer-</strong></span> 
     </span>
    </p>
   </div>
   <div class='ocr_carea' id='block_1_52' title="bbox 444 3427 2017 3502">
    <p class='ocr_par' dir='ltr' id='par_1_52' title="bbox 444 3427 2017 3502">
     <span class='ocr_line' id='line_1_52' title="bbox 444 3427 2017 3502; baseline -0.003 -14"><span class='ocrx_word' id='word_1_371' title='bbox 444 3433 611 3488; x_wconf 87' lang='lat' dir='ltr'><strong>cenda</strong></span> <span class='ocrx_word' id='word_1_372' title='bbox 663 3429 1101 3502; x_wconf 77' lang='lat' dir='ltr'><strong>prohibeamini;</strong></span> <span class='ocrx_word' id='word_1_373' title='bbox 1156 3429 1250 3484; x_wconf 87' lang='lat' dir='ltr'><strong>sed</strong></span> <span class='ocrx_word' id='word_1_374' title='bbox 1311 3427 1455 3498; x_wconf 89' lang='lat' dir='ltr'><strong>quod</strong></span> <span class='ocrx_word' id='word_1_375' title='bbox 1507 3427 1739 3496; x_wconf 85' lang='lat' dir='ltr'><strong>peccati,</strong></span> <span class='ocrx_word' id='word_1_376' title='bbox 1786 3436 1842 3482; x_wconf 90' lang='lat' dir='ltr'><strong>et</strong></span> <span class='ocrx_word' id='word_1_377' title='bbox 1892 3442 2017 3497; x_wconf 91' lang='lat' dir='ltr'><strong>pec-</strong></span> 
     </span>
    </p>
   </div>
   <div class='ocr_carea' id='block_1_53' title="bbox 443 3517 2010 3590">
    <p class='ocr_par' dir='ltr' id='par_1_53' title="bbox 443 3517 2010 3590">
     <span class='ocr_line' id='line_1_53' title="bbox 443 3517 2010 3590; baseline -0.003 -12"><span class='ocrx_word' id='word_1_378' title='bbox 443 3525 548 3580; x_wconf 88' lang='lat' dir='ltr'><strong>cati</strong></span> <span class='ocrx_word' id='word_1_379' title='bbox 597 3523 839 3577; x_wconf 90' lang='lat' dir='ltr'><strong>omuium</strong></span> <span class='ocrx_word' id='word_1_380' title='bbox 898 3519 1154 3590; x_wconf 88' lang='lat' dir='ltr'><strong>pessimi,</strong></span> <span class='ocrx_word' id='word_1_381' title='bbox 1217 3520 1375 3573; x_wconf 87' lang='lat' dir='ltr'><strong>finem</strong></span> <span class='ocrx_word' id='word_1_382' title='bbox 1444 3518 1674 3585; x_wconf 83' lang='lat' dir='ltr'><strong>fecistis,</strong></span> <span class='ocrx_word' id='word_1_383' title='bbox 1733 3517 2010 3574; x_wconf 71' lang='lat' dir='ltr'><strong>laetamini.</strong></span> 
     </span>
    </p>
   </div>
   <div class='ocr_carea' id='block_1_54' title="bbox 445 3608 2016 3685">
    <p class='ocr_par' dir='ltr' id='par_1_54' title="bbox 445 3608 2016 3685">
     <span class='ocr_line' id='line_1_54' title="bbox 445 3608 2016 3685; baseline -0.003 -15"><span class='ocrx_word' id='word_1_384' title='bbox 445 3617 596 3685; x_wconf 84' lang='lat' dir='ltr'><strong>Quod</strong></span> <span class='ocrx_word' id='word_1_385' title='bbox 647 3615 790 3668; x_wconf 91' lang='lat' dir='ltr'><strong>enim</strong></span> <span class='ocrx_word' id='word_1_386' title='bbox 841 3614 1080 3666; x_wconf 86' lang='lat' dir='ltr'><strong>atrocius</strong></span> <span class='ocrx_word' id='word_1_387' title='bbox 1133 3618 1445 3680; x_wconf 88' lang='lat' dir='ltr'><strong>peccatum,</strong></span> <span class='ocrx_word' id='word_1_388' title='bbox 1495 3624 1658 3680; x_wconf 90' lang='lat' dir='ltr'><strong>quam</strong></span> <span class='ocrx_word' id='word_1_389' title='bbox 1689 3608 1898 3663; x_wconf 80' lang='lat' dir='ltr'><strong>divinas</strong></span> <span class='ocrx_word' id='word_1_390' title='bbox 1929 3625 2016 3665; x_wconf 88' lang='lat' dir='ltr'><strong>res</strong></span> 
     </span>
    </p>
   </div>
   <div class='ocr_carea' id='block_1_55' title="bbox 447 3699 2014 3770">
    <p class='ocr_par' dir='ltr' id='par_1_55' title="bbox 447 3699 2014 3770">
     <span class='ocr_line' id='line_1_55' title="bbox 447 3699 2014 3770; baseline -0.003 -8"><span class='ocrx_word' id='word_1_391' title='bbox 447 3704 813 3768; x_wconf 88' lang='lat' dir='ltr'><strong>contumelia,</strong></span> <span class='ocrx_word' id='word_1_392' title='bbox 866 3706 984 3770; x_wconf 93' lang='lat' dir='ltr'><strong>plos</strong></span> <span class='ocrx_word' id='word_1_393' title='bbox 1037 3711 1222 3754; x_wconf 88' lang='lat' dir='ltr'><strong>autem</strong></span> <span class='ocrx_word' id='word_1_394' title='bbox 1275 3715 1432 3770; x_wconf 85' lang='lat' dir='ltr'><strong>poena</strong></span> <span class='ocrx_word' id='word_1_395' title='bbox 1489 3700 1748 3756; x_wconf 72' lang='lat' dir='ltr'><strong>allicere?</strong></span> <span class='ocrx_word' id='word_1_396' title='bbox 1792 3699 2014 3757; x_wconf 81' lang='lat' dir='ltr'><strong>Vidistis</strong></span> 
     </span>
    </p>
   </div>
   <div class='ocr_carea' id='block_1_56' title="bbox 447 3781 2016 3865">
    <p class='ocr_par' dir='ltr' id='par_1_56' title="bbox 447 3781 2016 3865">
     <span class='ocr_line' id='line_1_56' title="bbox 447 3781 2016 3865; baseline -0.003 -15"><span class='ocrx_word' id='word_1_397' title='bbox 447 3797 635 3865; x_wconf 83' lang='lat' dir='ltr'><strong>ingens</strong></span> <span class='ocrx_word' id='word_1_398' title='bbox 688 3791 935 3847; x_wconf 83' lang='lat' dir='ltr'><strong>Numinis</strong></span> <span class='ocrx_word' id='word_1_399' title='bbox 997 3781 1358 3845; x_wconf 79' lang='lat' dir='ltr'><strong>beneficium?</strong></span> <span class='ocrx_word' id='word_1_400' title='bbox 1411 3791 1622 3848; x_wconf 86' lang='lat' dir='ltr'><strong>vidistis</strong></span> <span class='ocrx_word' id='word_1_401' title='bbox 1680 3792 2016 3865; x_wconf 86' lang='lat' dir='ltr'><strong>sapientissi-</strong></span> 
     </span>
    </p>
   </div>
   <div class='ocr_carea' id='block_1_57' title="bbox 447 3881 2013 3956">
    <p class='ocr_par' dir='ltr' id='par_1_57' title="bbox 447 3881 2013 3956">
     <span class='ocr_line' id='line_1_57' title="bbox 447 3881 2013 3956; baseline -0.003 -14"><span class='ocrx_word' id='word_1_402' title='bbox 447 3902 550 3950; x_wconf 69' lang='lat' dir='ltr'><strong>mae</strong></span> <span class='ocrx_word' id='word_1_403' title='bbox 579 3883 940 3956; x_wconf 58' lang='lat' dir='ltr'><strong>Frovidetttite</strong></span> <span class='ocrx_word' id='word_1_404' title='bbox 989 3881 1312 3937; x_wconf 77' lang='lat' dir='ltr'><strong>consilium?</strong></span> <span class='ocrx_word' id='word_1_405' title='bbox 1361 3881 1522 3950; x_wconf 86' lang='lat' dir='ltr'><strong>Ecce,</strong></span> <span class='ocrx_word' id='word_1_406' title='bbox 1570 3899 1678 3940; x_wconf 88' lang='lat' dir='ltr'><strong>uno</strong></span> <span class='ocrx_word' id='word_1_407' title='bbox 1716 3884 2013 3954; x_wconf 88' lang='lat' dir='ltr'><strong>emplastro</strong></span> 
     </span>
    </p>
   </div>
   <div class='ocr_carea' id='block_1_58' title="bbox 2113 1766 3687 1840">
    <p class='ocr_par' dir='ltr' id='par_1_58' title="bbox 2113 1766 3687 1840">
     <span class='ocr_line' id='line_1_58' title="bbox 2113 1766 3687 1840; baseline 0.003 -21"><span class='ocrx_word' id='word_1_408' title='bbox 2113 1766 2378 1840; x_wconf 76' lang='grc' dir='ltr'>κ[ο]ινοῦν</span> <span class='ocrx_word' id='word_1_409' title='bbox 2395 1769 2579 1830; x_wconf 85' lang='grc' dir='ltr'>αὐτοῖς</span> <span class='ocrx_word' id='word_1_410' title='bbox 2607 1767 2818 1821; x_wconf 81' lang='grc' dir='ltr'>ἀνελεῖν</span> <span class='ocrx_word' id='word_1_411' title='bbox 2844 1768 3038 1834; x_wconf 79' lang='grc' dir='ltr'>αἴτιον,</span> <span class='ocrx_word' id='word_1_412' title='bbox 3066 1767 3162 1820; x_wconf 74' lang='grc' dir='ltr'>καὶ</span> <span class='ocrx_word' id='word_1_413' title='bbox 3189 1770 3274 1832; x_wconf 82' lang='grc' dir='ltr'><strong>είς</strong></span> <span class='ocrx_word' id='word_1_414' title='bbox 3309 1770 3373 1822; x_wconf 86' lang='grc' dir='ltr'><strong>τδ</strong></span> <span class='ocrx_word' id='word_1_415' title='bbox 3409 1772 3602 1823; x_wconf 79' lang='grc' dir='ltr'>οἰκεῖον</span> <span class='ocrx_word' id='word_1_416' title='bbox 3625 1771 3687 1822; x_wconf 72' lang='grc' dir='ltr'><strong>τὺ</strong></span> 
     </span>
    </p>
   </div>
   <div class='ocr_carea' id='block_1_59' title="bbox 2111 1859 3688 1932">
    <p class='ocr_par' dir='ltr' id='par_1_59' title="bbox 2111 1859 3688 1932">
     <span class='ocr_line' id='line_1_59' title="bbox 2111 1859 3688 1932; baseline -0.003 -18"><span class='ocrx_word' id='word_1_417' title='bbox 2111 1861 2178 1914; x_wconf 87' lang='grc' dir='ltr'>δι’</span> <span class='ocrx_word' id='word_1_418' title='bbox 2218 1859 2467 1924; x_wconf 75' lang='grc' dir='ltr'>ἐναντίας</span> <span class='ocrx_word' id='word_1_419' title='bbox 2495 1861 2724 1929; x_wconf 75' lang='grc' dir='ltr'>ἀγαγεῖν</span> <span class='ocrx_word' id='word_1_420' title='bbox 2752 1859 3030 1930; x_wconf 81' lang='grc' dir='ltr'>φρόνημα’</span> <span class='ocrx_word' id='word_1_421' title='bbox 3063 1860 3137 1923; x_wconf 84' lang='grc' dir='ltr'><strong>ὡς</strong></span> <span class='ocrx_word' id='word_1_422' title='bbox 3166 1860 3228 1913; x_wconf 88' lang='grc' dir='ltr'><strong>τό</strong></span> <span class='ocrx_word' id='word_1_423' title='bbox 3259 1877 3326 1930; x_wconf 83' lang='grc' dir='ltr'><strong>γε</strong></span> <span class='ocrx_word' id='word_1_424' title='bbox 3360 1861 3688 1932; x_wconf 74' lang='grc' dir='ltr'>σωματικῶς</span> 
     </span>
    </p>
   </div>
   <div class='ocr_carea' id='block_1_60' title="bbox 2113 1950 3688 2024">
    <p class='ocr_par' dir='ltr' id='par_1_60' title="bbox 2113 1950 3688 2024">
     <span class='ocr_line' id='line_1_60' title="bbox 2113 1950 3688 2024; baseline 0.003 -21"><span class='ocrx_word' id='word_1_425' title='bbox 2113 1950 2453 2014; x_wconf 85' lang='grc' dir='ltr'>πεπονθότα,</span> <span class='ocrx_word' id='word_1_426' title='bbox 2499 1951 2828 2020; x_wconf 78' lang='grc' dir='ltr'>σωματικῶς</span> <span class='ocrx_word' id='word_1_427' title='bbox 2873 1953 2966 2004; x_wconf 63' lang='grc' dir='ltr'>τὸν</span> <span class='ocrx_word' id='word_1_428' title='bbox 2999 1952 3331 2007; x_wconf 79' lang='grc' dir='ltr'>κακώσαντα</span> <span class='ocrx_word' id='word_1_429' title='bbox 3375 1955 3688 2024; x_wconf 80' lang='grc' dir='ltr'>ἀνταμύνα-</span> 
     </span>
    </p>
   </div>
   <div class='ocr_carea' id='block_1_61' title="bbox 2115 2042 3692 2113">
    <p class='ocr_par' dir='ltr' id='par_1_61' title="bbox 2115 2042 3692 2113">
     <span class='ocr_line' id='line_1_61' title="bbox 2115 2042 3692 2113; baseline 0.003 -19"><span class='ocrx_word' id='word_1_430' title='bbox 2115 2042 2261 2108; x_wconf 88' lang='grc' dir='ltr'>σθαι,</span> <span class='ocrx_word' id='word_1_431' title='bbox 2293 2043 2436 2096; x_wconf 84' lang='grc' dir='ltr'>συῶν</span> <span class='ocrx_word' id='word_1_432' title='bbox 2453 2059 2510 2094; x_wconf 88' lang='grc' dir='ltr'><strong>τε</strong></span> <span class='ocrx_word' id='word_1_433' title='bbox 2541 2043 2766 2096; x_wconf 76' lang='grc' dir='ltr'>καὶτῶν</span> <span class='ocrx_word' id='word_1_434' title='bbox 2793 2042 2996 2113; x_wconf 85' lang='grc' dir='ltr'>ὁμοίων</span> <span class='ocrx_word' id='word_1_435' title='bbox 3022 2043 3236 2112; x_wconf 77' lang='grc' dir='ltr'>ἀλόγων</span> <span class='ocrx_word' id='word_1_436' title='bbox 3264 2045 3424 2100; x_wconf 68' lang='grc' dir='ltr'>ἴδιον*</span> <span class='ocrx_word' id='word_1_437' title='bbox 3445 2046 3584 2099; x_wconf 66' lang='grc' dir='ltr'>ἀλλὰ</span> <span class='ocrx_word' id='word_1_438' title='bbox 3603 2046 3692 2098; x_wconf 68' lang='grc' dir='ltr'>καὶ</span> 
     </span>
    </p>
   </div>
   <div class='ocr_carea' id='block_1_62' title="bbox 2111 2133 3684 2208">
    <p class='ocr_par' dir='ltr' id='par_1_62' title="bbox 2111 2133 3684 2208">
     <span class='ocr_line' id='line_1_62' title="bbox 2111 2133 3684 2208; baseline 0.003 -22"><span class='ocrx_word' id='word_1_439' title='bbox 2111 2135 2178 2203; x_wconf 82' lang='grc' dir='ltr'>τῇ</span> <span class='ocrx_word' id='word_1_440' title='bbox 2209 2133 2496 2204; x_wconf 74' lang='grc' dir='ltr'>ἐλευθερίᾳ</span> <span class='ocrx_word' id='word_1_441' title='bbox 2527 2134 2601 2203; x_wconf 82' lang='grc' dir='ltr'>μὴ</span> <span class='ocrx_word' id='word_1_442' title='bbox 2631 2135 2708 2196; x_wconf 74' lang='grc' dir='ltr'>εἰς</span> <span class='ocrx_word' id='word_1_443' title='bbox 2736 2135 2992 2205; x_wconf 74' lang='grc' dir='ltr'>ἀφορμὴν</span> <span class='ocrx_word' id='word_1_444' title='bbox 3027 2137 3094 2205; x_wconf 77' lang='grc' dir='ltr'>τῇ</span> <span class='ocrx_word' id='word_1_445' title='bbox 3127 2137 3298 2206; x_wconf 76' lang='grc' dir='ltr'>σαρκὶ</span> <span class='ocrx_word' id='word_1_446' title='bbox 3331 2138 3684 2208; x_wconf 78' lang='grc' dir='ltr'>χρησώμεθα,</span> 
     </span>
    </p>
   </div>
   <div class='ocr_carea' id='block_1_63' title="bbox 2111 2222 3693 2290">
    <p class='ocr_par' dir='ltr' id='par_1_63' title="bbox 2111 2222 3693 2290">
     <span class='ocr_line' id='line_1_63' title="bbox 2111 2222 3693 2290; baseline 0.004 -14"><span class='ocrx_word' id='word_1_447' title='bbox 2111 2223 2462 2289; x_wconf 81' lang='grc' dir='ltr'>λιπανθέντες</span> <span class='ocrx_word' id='word_1_448' title='bbox 2502 2226 2594 2276; x_wconf 74' lang='grc' dir='ltr'>καὶ</span> <span class='ocrx_word' id='word_1_449' title='bbox 2625 2222 3042 2290; x_wconf 75' lang='grc' dir='ltr'>πλατυνθέντες,</span> <span class='ocrx_word' id='word_1_450' title='bbox 3068 2226 3188 2278; x_wconf 84' lang='grc' dir='ltr'>κατ’</span> <span class='ocrx_word' id='word_1_451' title='bbox 3220 2229 3436 2282; x_wconf 74' lang='grc' dir='ltr'>ἐκεῖνον</span> <span class='ocrx_word' id='word_1_452' title='bbox 3473 2229 3567 2281; x_wconf 79' lang='grc' dir='ltr'><strong>τδν</strong></span> <span class='ocrx_word' id='word_1_453' title='bbox 3597 2245 3693 2282; x_wconf 73' lang='grc' dir='ltr'>πα·-</span> 
     </span>
    </p>
   </div>
   <div class='ocr_carea' id='block_1_64' title="bbox 2113 2314 3690 2388">
    <p class='ocr_par' dir='ltr' id='par_1_64' title="bbox 2113 2314 3690 2388">
     <span class='ocr_line' id='line_1_64' title="bbox 2113 2314 3690 2388; baseline 0.003 -20"><span class='ocrx_word' id='word_1_454' title='bbox 2113 2316 2263 2370; x_wconf 83' lang='grc' dir='ltr'>λαιὸν</span> <span class='ocrx_word' id='word_1_455' title='bbox 2323 2315 2562 2387; x_wconf 79' lang='grc' dir='ltr'>Ἰσραὴλ,</span> <span class='ocrx_word' id='word_1_456' title='bbox 2587 2315 2712 2387; x_wconf 81' lang='grc' dir='ltr'>ἄρτι</span> <span class='ocrx_word' id='word_1_457' title='bbox 2751 2314 2846 2369; x_wconf 87' lang='grc' dir='ltr'><strong>τοῦ</strong></span> <span class='ocrx_word' id='word_1_458' title='bbox 2891 2317 3067 2388; x_wconf 80' lang='grc' dir='ltr'>πηλοῦ</span> <span class='ocrx_word' id='word_1_459' title='bbox 3110 2318 3207 2370; x_wconf 72' lang='grc' dir='ltr'>καὶ</span> <span class='ocrx_word' id='word_1_460' title='bbox 3254 2319 3359 2388; x_wconf 78' lang='grc' dir='ltr'><strong>τῆς</strong></span> <span class='ocrx_word' id='word_1_461' title='bbox 3412 2320 3690 2384; x_wconf 81' lang='grc' dir='ltr'>πλινθείας</span> 
     </span>
    </p>
   </div>
   <div class='ocr_carea' id='block_1_65' title="bbox 2113 2406 3691 2479">
    <p class='ocr_par' dir='ltr' id='par_1_65' title="bbox 2113 2406 3691 2479">
     <span class='ocr_line' id='line_1_65' title="bbox 2113 2406 3691 2479; baseline 0.001 -17"><span class='ocrx_word' id='word_1_462' title='bbox 2113 2407 2518 2475; x_wconf 82' lang='grc' dir='ltr'>ἀπαλλαγέντα·</span> <span class='ocrx_word' id='word_1_463' title='bbox 2567 2410 2662 2460; x_wconf 72' lang='lat' dir='ltr'><strong>xui.</strong></span> <span class='ocrx_word' id='word_1_464' title='bbox 2705 2406 2764 2459; x_wconf 72' lang='grc' dir='ltr'>τὸ</span> <span class='ocrx_word' id='word_1_465' title='bbox 2792 2407 3079 2479; x_wconf 78' lang='grc' dir='ltr'>δύσφημον</span> <span class='ocrx_word' id='word_1_466' title='bbox 3117 2409 3442 2465; x_wconf 82' lang='grc' dir='ltr'>σιωπάσθω.</span> <span class='ocrx_word' id='word_1_467' title='bbox 3481 2410 3691 2466; x_wconf 75' lang='grc' dir='ltr'>Μᾶλλον</span> 
     </span>
    </p>
   </div>
   <div class='ocr_carea' id='block_1_66' title="bbox 2117 2495 3690 2574">
    <p class='ocr_par' dir='ltr' id='par_1_66' title="bbox 2117 2495 3690 2574">
     <span class='ocr_line' id='line_1_66' title="bbox 2117 2495 3690 2574; baseline 0.004 -23"><span class='ocrx_word' id='word_1_468' title='bbox 2117 2499 2216 2569; x_wconf 76' lang='grc' dir='ltr'>μὲν</span> <span class='ocrx_word' id='word_1_469' title='bbox 2252 2495 2345 2552; x_wconf 70' lang='grc' dir='ltr'>οὖν</span> <span class='ocrx_word' id='word_1_470' title='bbox 2382 2499 2474 2552; x_wconf 81' lang='grc' dir='ltr'>τὸν</span> <span class='ocrx_word' id='word_1_471' title='bbox 2504 2500 2603 2570; x_wconf 85' lang='grc' dir='ltr'>τῆς</span> <span class='ocrx_word' id='word_1_472' title='bbox 2637 2499 2900 2562; x_wconf 70' lang='grc' dir='ltr'>αἰνέσεως</span> <span class='ocrx_word' id='word_1_473' title='bbox 2943 2502 3023 2564; x_wconf 80' lang='grc' dir='ltr'><strong>είς</strong></span> <span class='ocrx_word' id='word_1_474' title='bbox 3049 2500 3142 2553; x_wconf 77' lang='grc' dir='ltr'><strong>τὸν</strong></span> <span class='ocrx_word' id='word_1_475' title='bbox 3185 2506 3287 2571; x_wconf 85' lang='grc' dir='ltr'>τῆς</span> <span class='ocrx_word' id='word_1_476' title='bbox 3333 2505 3690 2574; x_wconf 73' lang='grc' dir='ltr'>εὐχαριστίας</span> 
     </span>
    </p>
   </div>
   <div class='ocr_carea' id='block_1_67' title="bbox 2114 2591 3691 2667">
    <p class='ocr_par' dir='ltr' id='par_1_67' title="bbox 2114 2591 3691 2667">
     <span class='ocr_line' id='line_1_67' title="bbox 2114 2591 3691 2667; baseline 0.003 -23"><span class='ocrx_word' id='word_1_477' title='bbox 2114 2591 2206 2644; x_wconf 80' lang='grc' dir='ltr'>καὶ</span> <span class='ocrx_word' id='word_1_478' title='bbox 2236 2591 2652 2662; x_wconf 80' lang='grc' dir='ltr'>εὐαρεστήσεως</span> <span class='ocrx_word' id='word_1_479' title='bbox 2681 2591 2871 2662; x_wconf 72' lang='grc' dir='ltr'>καιρὸν</span> <span class='ocrx_word' id='word_1_480' title='bbox 2886 2591 3271 2662; x_wconf 74' lang='grc' dir='ltr'>ἀμειψώμεθα,</span> <span class='ocrx_word' id='word_1_481' title='bbox 3290 2593 3398 2662; x_wconf 80' lang='grc' dir='ltr'>τῆς</span> <span class='ocrx_word' id='word_1_482' title='bbox 3419 2597 3578 2667; x_wconf 69' lang='grc' dir='ltr'>παρὰ</span> <span class='ocrx_word' id='word_1_483' title='bbox 3601 2595 3691 2647; x_wconf 72' lang='grc' dir='ltr'>πό-</span> 
     </span>
    </p>
   </div>
   <div class='ocr_carea' id='block_1_68' title="bbox 2114 2681 3690 2754">
    <p class='ocr_par' dir='ltr' id='par_1_68' title="bbox 2114 2681 3690 2754">
     <span class='ocr_line' id='line_1_68' title="bbox 2114 2681 3690 2754; baseline 0.006 -21"><span class='ocrx_word' id='word_1_484' title='bbox 2114 2681 2210 2744; x_wconf 86' lang='grc' dir='ltr'><strong>δας</strong></span> <span class='ocrx_word' id='word_1_485' title='bbox 2259 2683 2597 2752; x_wconf 79' lang='grc' dir='ltr'>μεμνημένοι</span> <span class='ocrx_word' id='word_1_486' title='bbox 2643 2683 2976 2746; x_wconf 77' lang='grc' dir='ltr'>κακώσεωςο</span> <span class='ocrx_word' id='word_1_487' title='bbox 3011 2684 3124 2736; x_wconf 73' lang='grc' dir='ltr'>ἴστε</span> <span class='ocrx_word' id='word_1_488' title='bbox 3149 2684 3258 2754; x_wconf 77' lang='grc' dir='ltr'>γὰρ</span> <span class='ocrx_word' id='word_1_489' title='bbox 3307 2685 3386 2749; x_wconf 86' lang='grc' dir='ltr'><strong>ὡς</strong></span> <span class='ocrx_word' id='word_1_490' title='bbox 3429 2689 3496 2741; x_wconf 85' lang='grc' dir='ltr'><strong>οῦ</strong></span> <span class='ocrx_word' id='word_1_491' title='bbox 3530 2686 3690 2742; x_wconf 73' lang='grc' dir='ltr'>δεῖται</span> 
     </span>
    </p>
   </div>
   <div class='ocr_carea' id='block_1_69' title="bbox 2114 2772 3690 2850">
    <p class='ocr_par' dir='ltr' id='par_1_69' title="bbox 2114 2772 3690 2850">
     <span class='ocr_line' id='line_1_69' title="bbox 2114 2772 3690 2850; baseline 0.004 -23"><span class='ocrx_word' id='word_1_492' title='bbox 2114 2772 2310 2843; x_wconf 79' lang='grc' dir='ltr'>καιροῦ</span> <span class='ocrx_word' id='word_1_493' title='bbox 2341 2774 2435 2826; x_wconf 71' lang='grc' dir='ltr'>καὶ</span> <span class='ocrx_word' id='word_1_494' title='bbox 2485 2773 2619 2827; x_wconf 79' lang='grc' dir='ltr'>αὐτὸ</span> <span class='ocrx_word' id='word_1_495' title='bbox 2657 2774 2718 2828; x_wconf 79' lang='grc' dir='ltr'>τὸ</span> <span class='ocrx_word' id='word_1_496' title='bbox 2754 2773 2854 2845; x_wconf 74' lang='grc' dir='ltr'>ζῇν</span> <span class='ocrx_word' id='word_1_497' title='bbox 2884 2776 3029 2845; x_wconf 82' lang='grc' dir='ltr'>ἡμᾶς</span> <span class='ocrx_word' id='word_1_498' title='bbox 3069 2777 3354 2844; x_wconf 80' lang='grc' dir='ltr'>ἀπολέσαι,</span> <span class='ocrx_word' id='word_1_499' title='bbox 3389 2782 3598 2850; x_wconf 76' lang='grc' dir='ltr'>μήτιγε</span> <span class='ocrx_word' id='word_1_500' title='bbox 3629 2780 3690 2833; x_wconf 69' lang='grc' dir='ltr'>τὰ</span> 
     </span>
    </p>
   </div>
   <div class='ocr_carea' id='block_1_70' title="bbox 2113 2865 3686 2942">
    <p class='ocr_par' dir='ltr' id='par_1_70' title="bbox 2113 2865 3686 2942">
     <span class='ocr_line' id='line_1_70' title="bbox 2113 2865 3686 2942; baseline 0.004 -24"><span class='ocrx_word' id='word_1_501' title='bbox 2113 2867 2244 2934; x_wconf 72' lang='grc' dir='ltr'>περὶ</span> <span class='ocrx_word' id='word_1_502' title='bbox 2275 2867 2423 2936; x_wconf 77' lang='grc' dir='ltr'>ἡμᾶς</span> <span class='ocrx_word' id='word_1_503' title='bbox 2460 2865 2694 2919; x_wconf 78' lang='grc' dir='ltr'>ἅπαντα·</span> <span class='ocrx_word' id='word_1_504' title='bbox 2723 2868 2792 2918; x_wconf 76' lang='grc' dir='ltr'><strong>τα</strong></span> <span class='ocrx_word' id='word_1_505' title='bbox 2815 2867 2872 2920; x_wconf 78' lang='grc' dir='ltr'>δὲ</span> <span class='ocrx_word' id='word_1_506' title='bbox 2911 2868 3118 2920; x_wconf 86' lang='grc' dir='ltr'>τούτων</span> <span class='ocrx_word' id='word_1_507' title='bbox 3149 2869 3392 2934; x_wconf 75' lang='grc' dir='ltr'>ἐναντία,</span> <span class='ocrx_word' id='word_1_508' title='bbox 3432 2873 3531 2924; x_wconf 73' lang='grc' dir='ltr'><strong>καὶ</strong></span> <span class='ocrx_word' id='word_1_509' title='bbox 3563 2870 3686 2942; x_wconf 68' lang='grc' dir='ltr'>χρέ-</span> 
     </span>
    </p>
   </div>
   <div class='ocr_carea' id='block_1_71' title="bbox 2115 2956 3687 3035">
    <p class='ocr_par' dir='ltr' id='par_1_71' title="bbox 2115 2956 3687 3035">
     <span class='ocr_line' id='line_1_71' title="bbox 2115 2956 3687 3035; baseline 0.004 -25"><span class='ocrx_word' id='word_1_510' title='bbox 2115 2973 2208 3010; x_wconf 89' lang='grc' dir='ltr'><strong>νου</strong></span> <span class='ocrx_word' id='word_1_511' title='bbox 2263 2957 2360 3010; x_wconf 82' lang='grc' dir='ltr'>καὶ</span> <span class='ocrx_word' id='word_1_512' title='bbox 2397 2958 2562 3011; x_wconf 80' lang='grc' dir='ltr'>πόνου</span> <span class='ocrx_word' id='word_1_513' title='bbox 2595 2956 2790 3010; x_wconf 87' lang='grc' dir='ltr'>πολλοῦ</span> <span class='ocrx_word' id='word_1_514' title='bbox 2838 2958 3094 3022; x_wconf 79' lang='grc' dir='ltr'>πολλάκις</span> <span class='ocrx_word' id='word_1_515' title='bbox 3133 2961 3390 3029; x_wconf 84' lang='grc' dir='ltr'>τυχόντα,</span> <span class='ocrx_word' id='word_1_516' title='bbox 3423 2963 3488 3016; x_wconf 76' lang='grc' dir='ltr'><strong>ού</strong></span> <span class='ocrx_word' id='word_1_517' title='bbox 3527 2979 3687 3035; x_wconf 84' lang='grc' dir='ltr'>προσ-</span> 
     </span>
    </p>
   </div>
   <div class='ocr_carea' id='block_1_72' title="bbox 2114 3048 3690 3126">
    <p class='ocr_par' dir='ltr' id='par_1_72' title="bbox 2114 3048 3690 3126">
     <span class='ocr_line' id='line_1_72' title="bbox 2114 3048 3690 3126; baseline 0.004 -25"><span class='ocrx_word' id='word_1_518' title='bbox 2114 3048 2344 3120; x_wconf 80' lang='grc' dir='ltr'>εκτήθη.</span> <span class='ocrx_word' id='word_1_519' title='bbox 2383 3048 2491 3102; x_wconf 76' lang='grc' dir='ltr'><strong>Καὶ</strong></span> <span class='ocrx_word' id='word_1_520' title='bbox 2536 3049 2693 3119; x_wconf 80' lang='grc' dir='ltr'>ὑμεῖς</span> <span class='ocrx_word' id='word_1_521' title='bbox 2722 3065 2807 3118; x_wconf 91' lang='grc' dir='ltr'><strong>γε,</strong></span> <span class='ocrx_word' id='word_1_522' title='bbox 2835 3051 2885 3103; x_wconf 78' lang='grc' dir='ltr'>οἱ</span> <span class='ocrx_word' id='word_1_523' title='bbox 2919 3050 3044 3120; x_wconf 78' lang='grc' dir='ltr'>χθὲς</span> <span class='ocrx_word' id='word_1_524' title='bbox 3069 3049 3189 3104; x_wconf 78' lang='grc' dir='ltr'>καθ’</span> <span class='ocrx_word' id='word_1_525' title='bbox 3214 3052 3429 3106; x_wconf 74' lang='grc' dir='ltr'>ἑαυτῶν</span> <span class='ocrx_word' id='word_1_526' title='bbox 3455 3054 3690 3126; x_wconf 76' lang='grc' dir='ltr'>ἀνδριζό-</span> 
     </span>
    </p>
   </div>
   <div class='ocr_carea' id='block_1_73' title="bbox 2115 3141 3690 3218">
    <p class='ocr_par' dir='ltr' id='par_1_73' title="bbox 2115 3141 3690 3218">
     <span class='ocr_line' id='line_1_73' title="bbox 2115 3141 3690 3218; baseline 0.003 -22"><span class='ocrx_word' id='word_1_527' title='bbox 2115 3158 2266 3212; x_wconf 80' lang='grc' dir='ltr'>μενοι</span> <span class='ocrx_word' id='word_1_528' title='bbox 2305 3141 2506 3214; x_wconf 81' lang='grc' dir='ltr'>μᾶλλον</span> <span class='ocrx_word' id='word_1_529' title='bbox 2547 3143 2580 3212; x_wconf 84' lang='grc' dir='ltr'>ἢ</span> <span class='ocrx_word' id='word_1_530' title='bbox 2621 3142 2745 3196; x_wconf 81' lang='grc' dir='ltr'>καθ’</span> <span class='ocrx_word' id='word_1_531' title='bbox 2772 3146 2806 3215; x_wconf 75' lang='grc' dir='ltr'><strong>ἡ</strong></span> <span class='ocrx_word' id='word_1_532' title='bbox 2816 3143 2952 3214; x_wconf 90' lang='grc' dir='ltr'>μῶν,</span> <span class='ocrx_word' id='word_1_533' title='bbox 2985 3144 3060 3214; x_wconf 77' lang='grc' dir='ltr'>μὴ</span> <span class='ocrx_word' id='word_1_534' title='bbox 3086 3145 3166 3196; x_wconf 83' lang='grc' dir='ltr'>ὅτι</span> <span class='ocrx_word' id='word_1_535' title='bbox 3188 3161 3252 3212; x_wconf 90' lang='grc' dir='ltr'><strong>γε</strong></span> <span class='ocrx_word' id='word_1_536' title='bbox 3281 3145 3378 3198; x_wconf 88' lang='grc' dir='ltr'><strong>τοῦ</strong></span> <span class='ocrx_word' id='word_1_537' title='bbox 3409 3151 3690 3218; x_wconf 80' lang='grc' dir='ltr'>τυραννεῖν</span> 
     </span>
    </p>
   </div>
   <div class='ocr_carea' id='block_1_74' title="bbox 2111 3237 3694 3316">
    <p class='ocr_par' dir='ltr' id='par_1_74' title="bbox 2111 3237 3694 3316">
     <span class='ocr_line' id='line_1_74' title="bbox 2111 3237 3694 3316; baseline 0.004 -24"><span class='ocrx_word' id='word_1_538' title='bbox 2111 3237 2382 3311; x_wconf 78' lang='grc' dir='ltr'>εἵργεσοε,</span> <span class='ocrx_word' id='word_1_539' title='bbox 2413 3239 2837 3310; x_wconf 78' lang='grc' dir='ltr'>σκυθρωπάζετε</span> <span class='ocrx_word' id='word_1_540' title='bbox 2863 3280 2878 3304; x_wconf 96' lang='grc'><strong>,</strong></span> <span class='ocrx_word' id='word_1_541' title='bbox 2921 3241 3038 3294; x_wconf 75' lang='grc' dir='ltr'>ἀλλ’</span> <span class='ocrx_word' id='word_1_542' title='bbox 3080 3241 3161 3294; x_wconf 82' lang='grc' dir='ltr'>ὅτι</span> <span class='ocrx_word' id='word_1_543' title='bbox 3208 3241 3307 3294; x_wconf 83' lang='grc' dir='ltr'><strong>τοῦ</strong></span> <span class='ocrx_word' id='word_1_544' title='bbox 3353 3245 3694 3316; x_wconf 73' lang='grc' dir='ltr'>ἁμαρτάνειν</span> 
     </span>
    </p>
   </div>
   <div class='ocr_carea' id='block_1_75' title="bbox 2111 3331 3690 3411">
    <p class='ocr_par' dir='ltr' id='par_1_75' title="bbox 2111 3331 3690 3411">
     <span class='ocr_line' id='line_1_75' title="bbox 2111 3331 3690 3411; baseline 0.004 -27"><span class='ocrx_word' id='word_1_545' title='bbox 2111 3331 2410 3399; x_wconf 68' lang='grc' dir='ltr'>ἐπαύσατε,</span> <span class='ocrx_word' id='word_1_546' title='bbox 2423 3333 2641 3403; x_wconf 74' lang='grc' dir='ltr'>ἥδεσθε,</span> <span class='ocrx_word' id='word_1_547' title='bbox 2666 3334 2762 3388; x_wconf 72' lang='grc' dir='ltr'>καὶ</span> <span class='ocrx_word' id='word_1_548' title='bbox 2779 3335 3051 3406; x_wconf 84' lang='grc' dir='ltr'>ἁμαρτίαν</span> <span class='ocrx_word' id='word_1_549' title='bbox 3067 3335 3166 3406; x_wconf 79' lang='grc' dir='ltr'>τὴν</span> <span class='ocrx_word' id='word_1_550' title='bbox 3186 3337 3367 3390; x_wconf 76' lang='grc' dir='ltr'>ἄλλων</span> <span class='ocrx_word' id='word_1_551' title='bbox 3389 3342 3690 3411; x_wconf 80' lang='grc' dir='ltr'>χειρίστην·</span> 
     </span>
    </p>
   </div>
   <div class='ocr_carea' id='block_1_76' title="bbox 2121 3422 3694 3502">
    <p class='ocr_par' dir='ltr' id='par_1_76' title="bbox 2121 3422 3694 3502">
     <span class='ocr_line' id='line_1_76' title="bbox 2121 3422 3694 3502; baseline 0.006 -26"><span class='ocrx_word' id='word_1_552' title='bbox 2121 3422 2251 3478; x_wconf 88' lang='grc' dir='ltr'>ποία</span> <span class='ocrx_word' id='word_1_553' title='bbox 2296 3423 2406 3495; x_wconf 81' lang='grc' dir='ltr'>γὰρ</span> <span class='ocrx_word' id='word_1_554' title='bbox 2458 3424 2663 3495; x_wconf 74' lang='grc' dir='ltr'>μείζων</span> <span class='ocrx_word' id='word_1_555' title='bbox 2695 3427 2936 3496; x_wconf 80' lang='grc' dir='ltr'>ἁμαρτία</span> <span class='ocrx_word' id='word_1_556' title='bbox 2959 3465 2976 3490; x_wconf 96' lang='grc'><strong>,</strong></span> <span class='ocrx_word' id='word_1_557' title='bbox 3004 3425 3100 3480; x_wconf 88' lang='grc' dir='ltr'><strong>τοῦ</strong></span> <span class='ocrx_word' id='word_1_558' title='bbox 3134 3427 3203 3480; x_wconf 80' lang='grc' dir='ltr'>τὰ</span> <span class='ocrx_word' id='word_1_559' title='bbox 3235 3427 3359 3482; x_wconf 77' lang='grc' dir='ltr'>θεῖά</span> <span class='ocrx_word' id='word_1_560' title='bbox 3403 3447 3472 3483; x_wconf 88' lang='grc' dir='ltr'><strong>τε</strong></span> <span class='ocrx_word' id='word_1_561' title='bbox 3502 3431 3694 3502; x_wconf 69' lang='grc' dir='ltr'>δυσφη-</span> 
     </span>
    </p>
   </div>
   <div class='ocr_carea' id='block_1_77' title="bbox 2123 3515 3690 3595">
    <p class='ocr_par' dir='ltr' id='par_1_77' title="bbox 2123 3515 3690 3595">
     <span class='ocr_line' id='line_1_77' title="bbox 2123 3515 3690 3595; baseline 0.003 -26"><span class='ocrx_word' id='word_1_562' title='bbox 2123 3519 2266 3587; x_wconf 81' lang='grc' dir='ltr'>μεῖν,</span> <span class='ocrx_word' id='word_1_563' title='bbox 2311 3519 2406 3570; x_wconf 82' lang='grc' dir='ltr'>καὶ</span> <span class='ocrx_word' id='word_1_564' title='bbox 2447 3519 2574 3580; x_wconf 79' lang='grc' dir='ltr'>τοὺς</span> <span class='ocrx_word' id='word_1_565' title='bbox 2611 3515 2855 3580; x_wconf 77' lang='grc' dir='ltr'>εὐσεϐεῖς</span> <span class='ocrx_word' id='word_1_566' title='bbox 2900 3521 3198 3589; x_wconf 83' lang='grc' dir='ltr'>τιμωρεῖν;</span> <span class='ocrx_word' id='word_1_567' title='bbox 3244 3520 3419 3574; x_wconf 83' lang='grc' dir='ltr'>Ἴδετε</span> <span class='ocrx_word' id='word_1_568' title='bbox 3468 3521 3690 3595; x_wconf 80' lang='grc' dir='ltr'>μέγεθος</span> 
     </span>
    </p>
   </div>
   <div class='ocr_carea' id='block_1_78' title="bbox 2114 3608 3688 3686">
    <p class='ocr_par' dir='ltr' id='par_1_78' title="bbox 2114 3608 3688 3686">
     <span class='ocr_line' id='line_1_78' title="bbox 2114 3608 3688 3686; baseline 0.004 -25"><span class='ocrx_word' id='word_1_569' title='bbox 2114 3608 2431 3679; x_wconf 84' lang='grc' dir='ltr'>εὐεργεσίας</span> <span class='ocrx_word' id='word_1_570' title='bbox 2463 3608 2630 3674; x_wconf 85' lang='grc' dir='ltr'>Θεοῦ;</span> <span class='ocrx_word' id='word_1_571' title='bbox 2673 3608 2808 3662; x_wconf 74' lang='grc' dir='ltr'>ἴδετε</span> <span class='ocrx_word' id='word_1_572' title='bbox 2841 3611 3118 3679; x_wconf 78' lang='grc' dir='ltr'>πανσόφου</span> <span class='ocrx_word' id='word_1_573' title='bbox 3152 3613 3424 3682; x_wconf 85' lang='grc' dir='ltr'>Προνοίας</span> <span class='ocrx_word' id='word_1_574' title='bbox 3456 3615 3688 3686; x_wconf 75' lang='grc' dir='ltr'>βουλήν;</span> 
     </span>
    </p>
   </div>
   <div class='ocr_carea' id='block_1_79' title="bbox 2117 3695 3687 3773">
    <p class='ocr_par' dir='ltr' id='par_1_79' title="bbox 2117 3695 3687 3773">
     <span class='ocr_line' id='line_1_79' title="bbox 2117 3695 3687 3773; baseline 0.004 -21"><span class='ocrx_word' id='word_1_575' title='bbox 2117 3701 2220 3770; x_wconf 78' lang='grc' dir='ltr'>μιᾷ</span> <span class='ocrx_word' id='word_1_576' title='bbox 2273 3695 2368 3754; x_wconf 80' lang='grc' dir='ltr'>οὖν</span> <span class='ocrx_word' id='word_1_577' title='bbox 2420 3699 2757 3772; x_wconf 76' lang='grc' dir='ltr'>ὲμπλάστρῳ</span> <span class='ocrx_word' id='word_1_578' title='bbox 2803 3701 3146 3773; x_wconf 81' lang='grc' dir='ltr'>ἀμφοτέρους</span> <span class='ocrx_word' id='word_1_579' title='bbox 3200 3704 3430 3768; x_wconf 69' lang='grc' dir='ltr'>ἰάσατο,</span> <span class='ocrx_word' id='word_1_580' title='bbox 3484 3706 3687 3770; x_wconf 78' lang='grc' dir='ltr'>τούς-τε</span> 
     </span>
    </p>
   </div>
   <div class='ocr_carea' id='block_1_80' title="bbox 2113 3789 3688 3869">
    <p class='ocr_par' dir='ltr' id='par_1_80' title="bbox 2113 3789 3688 3869">
     <span class='ocr_line' id='line_1_80' title="bbox 2113 3789 3688 3869; baseline 0.007 -27"><span class='ocrx_word' id='word_1_581' title='bbox 2113 3789 2408 3854; x_wconf 85' lang='grc' dir='ltr'>διώκοντας</span> <span class='ocrx_word' id='word_1_582' title='bbox 2449 3792 2545 3845; x_wconf 77' lang='grc' dir='ltr'>καὶ</span> <span class='ocrx_word' id='word_1_583' title='bbox 2574 3794 2700 3855; x_wconf 78' lang='grc' dir='ltr'>τοὺς</span> <span class='ocrx_word' id='word_1_584' title='bbox 2731 3792 3048 3862; x_wconf 79' lang='grc' dir='ltr'>φεύγοντας,</span> <span class='ocrx_word' id='word_1_585' title='bbox 3077 3794 3171 3848; x_wconf 79' lang='grc' dir='ltr'>καὶ</span> <span class='ocrx_word' id='word_1_586' title='bbox 3201 3796 3329 3858; x_wconf 78' lang='grc' dir='ltr'>τοὺς</span> <span class='ocrx_word' id='word_1_587' title='bbox 3360 3796 3472 3866; x_wconf 79' lang='grc' dir='ltr'>μὲν</span> <span class='ocrx_word' id='word_1_588' title='bbox 3510 3814 3688 3869; x_wconf 80' lang='grc' dir='ltr'>σωμα-</span> 
     </span>
    </p>
   </div>
   <div class='ocr_carea' id='block_1_81' title="bbox 2112 3881 3533 3955">
    <p class='ocr_par' dir='ltr' id='par_1_81' title="bbox 2112 3881 3533 3955">
     <span class='ocr_line' id='line_1_81' title="bbox 2112 3881 3533 3955; baseline 0.011 -22"><span class='ocrx_word' id='word_1_589' title='bbox 2112 3881 2294 3951; x_wconf 81' lang='grc' dir='ltr'>τικῆς,</span> <span class='ocrx_word' id='word_1_590' title='bbox 2321 3885 2448 3946; x_wconf 81' lang='grc' dir='ltr'>τοὺς</span> <span class='ocrx_word' id='word_1_591' title='bbox 2478 3882 2536 3934; x_wconf 74' lang='grc' dir='ltr'>δὲ</span> <span class='ocrx_word' id='word_1_592' title='bbox 2561 3883 2802 3955; x_wconf 69' lang='grc' dir='ltr'>ψυχικῆς</span> <span class='ocrx_word' id='word_1_593' title='bbox 2836 3885 3154 3952; x_wconf 77' lang='grc' dir='ltr'>ἀπαλλάξας</span> <span class='ocrx_word' id='word_1_594' title='bbox 3192 3887 3533 3955; x_wconf 80' lang='grc' dir='ltr'>κακώσεως.</span> 
     </span>
    </p>
   </div>
   <div class='ocr_carea' id='block_1_82' title="bbox 445 3979 3688 4056">
    <p class='ocr_par' dir='ltr' id='par_1_82' title="bbox 445 3979 3688 4056">
     <span class='ocr_line' id='line_1_82' title="bbox 445 3979 3688 4056; baseline -0 -12"><span class='ocrx_word' id='word_1_595' title='bbox 445 3997 559 4044; x_wconf 87' lang='lat' dir='ltr'><strong>tum</strong></span> <span class='ocrx_word' id='word_1_596' title='bbox 595 3990 1016 4054; x_wconf 88' lang='lat' dir='ltr'><strong>persequentes,</strong></span> <span class='ocrx_word' id='word_1_597' title='bbox 1048 3990 1158 4036; x_wconf 89' lang='lat' dir='ltr'><strong>tum</strong></span> <span class='ocrx_word' id='word_1_598' title='bbox 1187 3979 1456 4052; x_wconf 82' lang='lat' dir='ltr'><strong>fugientes</strong></span> <span class='ocrx_word' id='word_1_599' title='bbox 1489 3983 1732 4050; x_wconf 86' lang='lat' dir='ltr'><strong>sanavit;</strong></span> <span class='ocrx_word' id='word_1_600' title='bbox 1765 3983 1863 4038; x_wconf 89' lang='lat' dir='ltr'><strong>bos</strong></span> <span class='ocrx_word' id='word_1_601' title='bbox 1915 3981 2132 4053; x_wconf 87' lang='lat' dir='ltr'><strong>quidem</strong></span> <span class='ocrx_word' id='word_1_602' title='bbox 2161 3997 2192 4038; x_wconf 89' lang='lat' dir='ltr'><strong>a</strong></span> <span class='ocrx_word' id='word_1_603' title='bbox 2258 3982 2525 4056; x_wconf 87' lang='lat' dir='ltr'><strong>corporis,</strong></span> <span class='ocrx_word' id='word_1_604' title='bbox 2570 3983 2690 4038; x_wconf 90' lang='lat' dir='ltr'><strong>illos</strong></span> <span class='ocrx_word' id='word_1_605' title='bbox 2755 3983 2824 4038; x_wconf 89' lang='lat' dir='ltr'><strong>ab</strong></span> <span class='ocrx_word' id='word_1_606' title='bbox 2893 3983 3058 4040; x_wconf 79' lang='lat' dir='ltr'><strong>animi</strong></span> <span class='ocrx_word' id='word_1_607' title='bbox 3105 3985 3261 4040; x_wconf 81' lang='lat' dir='ltr'><strong>noxis</strong></span> <span class='ocrx_word' id='word_1_608' title='bbox 3310 3986 3554 4044; x_wconf 88' lang='lat' dir='ltr'><strong>reddens</strong></span> <span class='ocrx_word' id='word_1_609' title='bbox 3591 3986 3688 4042; x_wconf 84' lang='lat' dir='ltr'><strong>im-</strong></span> 
     </span>
    </p>
   </div>
   <div class='ocr_carea' id='block_1_83' title="bbox 445 4091 658 4139">
    <p class='ocr_par' dir='ltr' id='par_1_83' title="bbox 445 4091 658 4139">
     <span class='ocr_line' id='line_1_83' title="bbox 445 4091 658 4139; baseline -0.014 -8"><span class='ocrx_word' id='word_1_610' title='bbox 445 4091 658 4139; x_wconf 82' lang='lat' dir='ltr'><strong>mones.</strong></span> 
     </span>
    </p>
   </div>
   <div class='ocr_carea' id='block_1_84' title="bbox 519 4163 2013 4236">
    <p class='ocr_par' dir='ltr' id='par_1_84' title="bbox 519 4163 2013 4236">
     <span class='ocr_line' id='line_1_84' title="bbox 519 4163 2013 4236; baseline 0 -16"><span class='ocrx_word' id='word_1_611' title='bbox 519 4165 607 4220; x_wconf 76' lang='grc'><strong>14.</strong></span> <span class='ocrx_word' id='word_1_612' title='bbox 633 4163 814 4235; x_wconf 70' lang='lat' dir='ltr'><strong>IEque</strong></span> <span class='ocrx_word' id='word_1_613' title='bbox 837 4163 1038 4234; x_wconf 88' lang='lat' dir='ltr'><strong>itaque,</strong></span> <span class='ocrx_word' id='word_1_614' title='bbox 1067 4174 1121 4218; x_wconf 92' lang='lat' dir='ltr'><strong>et</strong></span> <span class='ocrx_word' id='word_1_615' title='bbox 1148 4164 1237 4228; x_wconf 90' lang='lat' dir='ltr'><strong>qui</strong></span> <span class='ocrx_word' id='word_1_616' title='bbox 1263 4177 1478 4236; x_wconf 89' lang='lat' dir='ltr'><strong>semper</strong></span> <span class='ocrx_word' id='word_1_617' title='bbox 1501 4165 1757 4236; x_wconf 88' lang='lat' dir='ltr'><strong>pietatem</strong></span> <span class='ocrx_word' id='word_1_618' title='bbox 1778 4165 2013 4230; x_wconf 90' lang='lat' dir='ltr'><strong>coluere,</strong></span> 
     </span>
    </p>
   </div>
   <div class='ocr_carea' id='block_1_85' title="bbox 2193 4163 3688 4240">
    <p class='ocr_par' dir='ltr' id='par_1_85' title="bbox 2193 4163 3688 4240">
     <span class='ocr_line' id='line_1_85' title="bbox 2193 4163 3688 4240; baseline 0.001 -20"><span class='ocrx_word' id='word_1_619' title='bbox 2193 4167 2273 4221; x_wconf 80' lang='grc' dir='ltr'>ιδ’.</span> <span class='ocrx_word' id='word_1_620' title='bbox 2313 4166 2480 4220; x_wconf 74' lang='grc' dir='ltr'>Οὐδὲν</span> <span class='ocrx_word' id='word_1_621' title='bbox 2511 4167 2605 4221; x_wconf 77' lang='grc' dir='ltr'>οὖν</span> <span class='ocrx_word' id='word_1_622' title='bbox 2645 4163 2808 4240; x_wconf 81' lang='grc' dir='ltr'>ἦττον</span> <span class='ocrx_word' id='word_1_623' title='bbox 2846 4167 2980 4220; x_wconf 78' lang='grc' dir='ltr'>οἵτε</span> <span class='ocrx_word' id='word_1_624' title='bbox 3007 4165 3366 4231; x_wconf 71' lang='grc' dir='ltr'>εὐσεϐοῦντες</span> <span class='ocrx_word' id='word_1_625' title='bbox 3399 4168 3498 4223; x_wconf 75' lang='grc' dir='ltr'>ἀεὶ</span> <span class='ocrx_word' id='word_1_626' title='bbox 3525 4168 3614 4224; x_wconf 80' lang='grc' dir='ltr'>καὶ</span> <span class='ocrx_word' id='word_1_627' title='bbox 3640 4166 3688 4221; x_wconf 82' lang='grc' dir='ltr'><strong>οῖ</strong></span> 
     </span>
    </p>
   </div>
   <div class='ocr_carea' id='block_1_86' title="bbox 447 4255 2012 4332">
    <p class='ocr_par' dir='ltr' id='par_1_86' title="bbox 447 4255 2012 4328">
     <span class='ocr_line' id='line_1_86' title="bbox 447 4255 2012 4328; baseline -0.001 -14"><span class='ocrx_word' id='word_1_628' title='bbox 447 4269 501 4314; x_wconf 90' lang='lat' dir='ltr'><strong>et</strong></span> <span class='ocrx_word' id='word_1_629' title='bbox 528 4257 620 4328; x_wconf 90' lang='lat' dir='ltr'><strong>qui</strong></span> <span class='ocrx_word' id='word_1_630' title='bbox 653 4255 946 4321; x_wconf 87' lang='lat' dir='ltr'><strong>aliquando</strong></span> <span class='ocrx_word' id='word_1_631' title='bbox 977 4255 1307 4325; x_wconf 88' lang='lat' dir='ltr'><strong>impietatem</strong></span> <span class='ocrx_word' id='word_1_632' title='bbox 1332 4256 1564 4326; x_wconf 79' lang='lat' dir='ltr'><strong>amplexi</strong></span> <span class='ocrx_word' id='word_1_633' title='bbox 1613 4269 1760 4324; x_wconf 90' lang='lat' dir='ltr'><strong>sunt,</strong></span> <span class='ocrx_word' id='word_1_634' title='bbox 1811 4259 2012 4327; x_wconf 87' lang='lat' dir='ltr'><strong>gratias</strong></span> 
     </span>
    </p>
   </div>
   <div class='ocr_carea' id='block_1_87' title="bbox 2117 4255 3686 4332">
    <p class='ocr_par' dir='ltr' id='par_1_87' title="bbox 2120 4257 3686 4331">
     <span class='ocr_line' id='line_1_87' title="bbox 2120 4257 3686 4331; baseline 0 -21"><span class='ocrx_word' id='word_1_635' title='bbox 2120 4275 2251 4311; x_wconf 86' lang='grc' dir='ltr'>ποτε</span> <span class='ocrx_word' id='word_1_636' title='bbox 2275 4257 2662 4321; x_wconf 78' lang='grc' dir='ltr'>δυσσεϐοῦντες</span> <span class='ocrx_word' id='word_1_637' title='bbox 2704 4259 2803 4326; x_wconf 82' lang='grc' dir='ltr'>τῆς</span> <span class='ocrx_word' id='word_1_638' title='bbox 2829 4257 3180 4328; x_wconf 78' lang='grc' dir='ltr'>εὐχαριστίας</span> <span class='ocrx_word' id='word_1_639' title='bbox 3209 4259 3501 4330; x_wconf 77' lang='grc' dir='ltr'>ὑπόχρεοι,</span> <span class='ocrx_word' id='word_1_640' title='bbox 3538 4260 3686 4331; x_wconf 79' lang='grc' dir='ltr'>μόνον</span> 
     </span>
    </p>
   </div>
   <div class='ocr_carea' id='block_1_88' title="bbox 448 4345 2014 4416">
    <p class='ocr_par' dir='ltr' id='par_1_88' title="bbox 448 4345 2014 4416">
     <span class='ocr_line' id='line_1_88' title="bbox 448 4345 2014 4416; baseline -0.001 -12"><span class='ocrx_word' id='word_1_641' title='bbox 448 4348 560 4408; x_wconf 81' lang='lat' dir='ltr'><strong>Deo</strong></span> <span class='ocrx_word' id='word_1_642' title='bbox 592 4348 796 4402; x_wconf 88' lang='lat' dir='ltr'><strong>referre</strong></span> <span class='ocrx_word' id='word_1_643' title='bbox 825 4345 1065 4411; x_wconf 88' lang='lat' dir='ltr'><strong>debetis;</strong></span> <span class='ocrx_word' id='word_1_644' title='bbox 1094 4355 1300 4400; x_wconf 89' lang='lat' dir='ltr'><strong>tantum</strong></span> <span class='ocrx_word' id='word_1_645' title='bbox 1341 4361 1407 4401; x_wconf 93' lang='lat' dir='ltr'><strong>ne</strong></span> <span class='ocrx_word' id='word_1_646' title='bbox 1440 4357 1498 4401; x_wconf 89' lang='lat' dir='ltr'><strong>ut</strong></span> <span class='ocrx_word' id='word_1_647' title='bbox 1547 4345 1692 4416; x_wconf 89' lang='lat' dir='ltr'><strong>aspis</strong></span> <span class='ocrx_word' id='word_1_648' title='bbox 1721 4362 1882 4402; x_wconf 89' lang='lat' dir='ltr'><strong>aures</strong></span> <span class='ocrx_word' id='word_1_649' title='bbox 1913 4347 2014 4402; x_wconf 81' lang='lat' dir='ltr'><strong>ob-</strong></span> 
     </span>
    </p>
   </div>
   <div class='ocr_carea' id='block_1_89' title="bbox 452 4437 2016 4508">
    <p class='ocr_par' dir='ltr' id='par_1_89' title="bbox 452 4437 2016 4508">
     <span class='ocr_line' id='line_1_89' title="bbox 452 4437 2016 4508; baseline -0.002 -10"><span class='ocrx_word' id='word_1_650' title='bbox 452 4439 660 4505; x_wconf 88' lang='lat' dir='ltr'><strong>turetis,</strong></span> <span class='ocrx_word' id='word_1_651' title='bbox 693 4449 839 4493; x_wconf 85' lang='lat' dir='ltr'><strong>recte</strong></span> <span class='ocrx_word' id='word_1_652' title='bbox 867 4437 989 4492; x_wconf 82' lang='lat' dir='ltr'><strong>fidei</strong></span> <span class='ocrx_word' id='word_1_653' title='bbox 1016 4437 1288 4508; x_wconf 77' lang='lat' dir='ltr'><strong>dogmata,</strong></span> <span class='ocrx_word' id='word_1_654' title='bbox 1321 4451 1385 4492; x_wconf 89' lang='lat' dir='ltr'><strong>ac</strong></span> <span class='ocrx_word' id='word_1_655' title='bbox 1413 4438 1457 4492; x_wconf 88' lang='lat' dir='ltr'><strong>si</strong></span> <span class='ocrx_word' id='word_1_656' title='bbox 1505 4439 1900 4494; x_wconf 85' lang='lat' dir='ltr'><strong>incantationes</strong></span> <span class='ocrx_word' id='word_1_657' title='bbox 1929 4455 2016 4495; x_wconf 84' lang='lat' dir='ltr'><strong>es-</strong></span> 
     </span>
    </p>
   </div>
   <div class='ocr_carea' id='block_1_90' title="bbox 447 4529 2015 4597">
    <p class='ocr_par' dir='ltr' id='par_1_90' title="bbox 447 4529 2015 4597">
     <span class='ocr_line' id='line_1_90' title="bbox 447 4529 2015 4597; baseline 0 -10"><span class='ocrx_word' id='word_1_658' title='bbox 447 4542 590 4597; x_wconf 89' lang='lat' dir='ltr'><strong>sent,</strong></span> <span class='ocrx_word' id='word_1_659' title='bbox 639 4529 910 4584; x_wconf 90' lang='lat' dir='ltr'><strong>declinare</strong></span> <span class='ocrx_word' id='word_1_660' title='bbox 954 4537 1260 4593; x_wconf 88' lang='lat' dir='ltr'><strong>conantes;</strong></span> <span class='ocrx_word' id='word_1_661' title='bbox 1311 4530 1405 4583; x_wconf 89' lang='lat' dir='ltr'><strong>sed</strong></span> <span class='ocrx_word' id='word_1_662' title='bbox 1453 4544 1518 4583; x_wconf 74' lang='lat' dir='ltr'><strong>ex</strong></span> <span class='ocrx_word' id='word_1_663' title='bbox 1570 4531 1767 4587; x_wconf 90' lang='lat' dir='ltr'><strong>animis</strong></span> <span class='ocrx_word' id='word_1_664' title='bbox 1823 4531 2015 4587; x_wconf 84' lang='lat' dir='ltr'><strong>vestris</strong></span> 
     </span>
    </p>
   </div>
   <div class='ocr_carea' id='block_1_91' title="bbox 447 4619 2017 4692">
    <p class='ocr_par' dir='ltr' id='par_1_91' title="bbox 447 4619 2017 4692">
     <span class='ocr_line' id='line_1_91' title="bbox 447 4619 2017 4692; baseline 0 -14"><span class='ocrx_word' id='word_1_665' title='bbox 447 4637 712 4679; x_wconf 79' lang='lat' dir='ltr'><strong>venenum</strong></span> <span class='ocrx_word' id='word_1_666' title='bbox 745 4619 818 4692; x_wconf 75' lang='grc' dir='ltr'><strong>(ᾳ)</strong></span> <span class='ocrx_word' id='word_1_667' title='bbox 877 4619 1294 4676; x_wconf 67' lang='lat' dir='ltr'><strong>Manichaeorum</strong></span> <span class='ocrx_word' id='word_1_668' title='bbox 1323 4622 1586 4686; x_wconf 89' lang='lat' dir='ltr'><strong>evomite,</strong></span> <span class='ocrx_word' id='word_1_669' title='bbox 1613 4631 1666 4677; x_wconf 90' lang='lat' dir='ltr'><strong>et</strong></span> <span class='ocrx_word' id='word_1_670' title='bbox 1695 4624 1776 4678; x_wconf 86' lang='lat' dir='ltr'><strong>sic</strong></span> <span class='ocrx_word' id='word_1_671' title='bbox 1803 4623 2017 4678; x_wconf 87' lang='lat' dir='ltr'><strong>mundis</strong></span> 
     </span>
    </p>
   </div>
   <div class='ocr_carea' id='block_1_92' title="bbox 443 4707 2013 4785">
    <p class='ocr_par' dir='ltr' id='par_1_92' title="bbox 443 4707 2013 4785">
     <span class='ocr_line' id='line_1_92' title="bbox 443 4707 2013 4785; baseline -0.002 -15"><span class='ocrx_word' id='word_1_672' title='bbox 443 4711 864 4785; x_wconf 74' lang='lat' dir='ltr'><strong>cogitationibus</strong></span> <span class='ocrx_word' id='word_1_673' title='bbox 916 4710 1201 4776; x_wconf 90' lang='lat' dir='ltr'><strong>creditote,</strong></span> <span class='ocrx_word' id='word_1_674' title='bbox 1247 4707 1478 4764; x_wconf 83' lang='lat' dir='ltr'><strong>Verbum</strong></span> <span class='ocrx_word' id='word_1_675' title='bbox 1535 4725 1753 4766; x_wconf 90' lang='lat' dir='ltr'><strong>carnem</strong></span> <span class='ocrx_word' id='word_1_676' title='bbox 1810 4712 2013 4768; x_wconf 86' lang='lat' dir='ltr'><strong>factum</strong></span> 
     </span>
    </p>
   </div>
   <div class='ocr_carea' id='block_1_93' title="bbox 445 4801 2009 4872">
    <p class='ocr_par' dir='ltr' id='par_1_93' title="bbox 445 4801 2009 4872">
     <span class='ocr_line' id='line_1_93' title="bbox 445 4801 2009 4872; baseline -0.001 -13"><span class='ocrx_word' id='word_1_677' title='bbox 445 4819 587 4871; x_wconf 88' lang='lat' dir='ltr'><strong>esse,</strong></span> <span class='ocrx_word' id='word_1_678' title='bbox 622 4815 676 4858; x_wconf 89' lang='lat' dir='ltr'><strong>et</strong></span> <span class='ocrx_word' id='word_1_679' title='bbox 701 4804 753 4858; x_wconf 92' lang='lat' dir='ltr'><strong>in</strong></span> <span class='ocrx_word' id='word_1_680' title='bbox 784 4801 940 4858; x_wconf 90' lang='lat' dir='ltr'><strong>nobis</strong></span> <span class='ocrx_word' id='word_1_681' title='bbox 979 4801 1278 4866; x_wconf 89' lang='lat' dir='ltr'><strong>habitasse,</strong></span> <span class='ocrx_word' id='word_1_682' title='bbox 1312 4811 1365 4857; x_wconf 87' lang='lat' dir='ltr'><strong>et</strong></span> <span class='ocrx_word' id='word_1_683' title='bbox 1415 4801 1616 4856; x_wconf 89' lang='lat' dir='ltr'><strong>vidisse</strong></span> <span class='ocrx_word' id='word_1_684' title='bbox 1660 4817 1756 4858; x_wconf 88' lang='lat' dir='ltr'><strong>nos</strong></span> <span class='ocrx_word' id='word_1_685' title='bbox 1783 4803 2009 4872; x_wconf 72' lang='lat' dir='ltr'><strong>gloriam</strong></span> 
     </span>
    </p>
   </div>
   <div class='ocr_carea' id='block_1_94' title="bbox 447 4891 2017 4966">
    <p class='ocr_par' dir='ltr' id='par_1_94' title="bbox 447 4891 2017 4966">
     <span class='ocr_line' id='line_1_94' title="bbox 447 4891 2017 4966; baseline -0.001 -14"><span class='ocrx_word' id='word_1_686' title='bbox 447 4898 583 4966; x_wconf 76' lang='lat' dir='ltr'><strong>ejus,</strong></span> <span class='ocrx_word' id='word_1_687' title='bbox 619 4895 844 4966; x_wconf 83' lang='lat' dir='ltr'><strong>gloriam</strong></span> <span class='ocrx_word' id='word_1_688' title='bbox 889 4895 1043 4964; x_wconf 89' lang='lat' dir='ltr'><strong>quasi</strong></span> <span class='ocrx_word' id='word_1_689' title='bbox 1075 4893 1350 4964; x_wconf 84' lang='lat' dir='ltr'><strong>Unigeniti</strong></span> <span class='ocrx_word' id='word_1_690' title='bbox 1385 4909 1416 4948; x_wconf 88' lang='lat' dir='ltr'><strong>a</strong></span> <span class='ocrx_word' id='word_1_691' title='bbox 1446 4891 1646 4960; x_wconf 85' lang='lat' dir='ltr'><strong>Patre;</strong></span> <span class='ocrx_word' id='word_1_692' title='bbox 1700 4903 1761 4949; x_wconf 91' lang='lat' dir='ltr'><strong>ut</strong></span> <span class='ocrx_word' id='word_1_693' title='bbox 1809 4906 1866 4949; x_wconf 86' lang='lat' dir='ltr'><strong>et</strong></span> <span class='ocrx_word' id='word_1_694' title='bbox 1918 4909 2017 4950; x_wconf 86' lang='lat' dir='ltr'><strong>vos</strong></span> 
     </span>
    </p>
   </div>
   <div class='ocr_carea' id='block_1_95' title="bbox 446 4983 2017 5058">
    <p class='ocr_par' dir='ltr' id='par_1_95' title="bbox 446 4983 2017 5058">
     <span class='ocr_line' id='line_1_95' title="bbox 446 4983 2017 5058; baseline 0 -18"><span class='ocrx_word' id='word_1_695' title='bbox 446 4986 736 5058; x_wconf 88' lang='lat' dir='ltr'><strong>participes</strong></span> <span class='ocrx_word' id='word_1_696' title='bbox 778 4999 884 5037; x_wconf 90' lang='lat' dir='ltr'><strong>una</strong></span> <span class='ocrx_word' id='word_1_697' title='bbox 914 4999 1040 5039; x_wconf 91' lang='lat' dir='ltr'><strong>cum</strong></span> <span class='ocrx_word' id='word_1_698' title='bbox 1075 4985 1143 5040; x_wconf 90' lang='lat' dir='ltr'><strong>iis</strong></span> <span class='ocrx_word' id='word_1_699' title='bbox 1173 4984 1315 5040; x_wconf 87' lang='lat' dir='ltr'><strong>fialis</strong></span> <span class='ocrx_word' id='word_1_700' title='bbox 1353 4984 1445 5056; x_wconf 90' lang='lat' dir='ltr'><strong>qui</strong></span> <span class='ocrx_word' id='word_1_701' title='bbox 1479 4985 1770 5040; x_wconf 88' lang='lat' dir='ltr'><strong>audierunt</strong></span> <span class='ocrx_word' id='word_1_702' title='bbox 1822 5001 1834 5038; x_wconf 92' lang='lat'>:</span> <span class='ocrx_word' id='word_1_703' title='bbox 1868 4983 2017 5040; x_wconf 88' lang='lat' dir='ltr'><strong>Beati</strong></span> 
     </span>
    </p>
   </div>
   <div class='ocr_carea' id='block_1_96' title="bbox 445 5073 2020 5146">
    <p class='ocr_par' dir='ltr' id='par_1_96' title="bbox 445 5073 2020 5146">
     <span class='ocr_line' id='line_1_96' title="bbox 445 5073 2020 5146; baseline -0.001 -14"><span class='ocrx_word' id='word_1_704' title='bbox 445 5079 538 5146; x_wconf 92' lang='lat' dir='ltr'><strong>qui</strong></span> <span class='ocrx_word' id='word_1_705' title='bbox 579 5094 684 5133; x_wconf 90' lang='lat' dir='ltr'><strong>non</strong></span> <span class='ocrx_word' id='word_1_706' title='bbox 733 5077 988 5131; x_wconf 89' lang='lat' dir='ltr'><strong>viderunt</strong></span> <span class='ocrx_word' id='word_1_707' title='bbox 1042 5085 1098 5130; x_wconf 91' lang='lat' dir='ltr'><strong>et</strong></span> <span class='ocrx_word' id='word_1_708' title='bbox 1149 5075 1540 5141; x_wconf 83' lang='lat' dir='ltr'><strong>crediderunt,</strong></span> <span class='ocrx_word' id='word_1_709' title='bbox 1595 5073 1736 5144; x_wconf 92' lang='lat' dir='ltr'><strong>quod</strong></span> <span class='ocrx_word' id='word_1_710' title='bbox 1799 5075 2020 5143; x_wconf 86' lang='lat' dir='ltr'><strong>spiritus</strong></span> 
     </span>
    </p>
   </div>
   <div class='ocr_carea' id='block_1_97' title="bbox 444 5165 2018 5232">
    <p class='ocr_par' dir='ltr' id='par_1_97' title="bbox 444 5165 2018 5232">
     <span class='ocr_line' id='line_1_97' title="bbox 444 5165 2018 5232; baseline -0.004 -1"><span class='ocrx_word' id='word_1_711' title='bbox 444 5185 667 5232; x_wconf 87' lang='lat' dir='ltr'><strong>carnem</strong></span> <span class='ocrx_word' id='word_1_712' title='bbox 701 5177 756 5226; x_wconf 89' lang='lat' dir='ltr'><strong>et</strong></span> <span class='ocrx_word' id='word_1_713' title='bbox 795 5181 922 5223; x_wconf 91' lang='lat' dir='ltr'><strong>ossa</strong></span> <span class='ocrx_word' id='word_1_714' title='bbox 979 5181 1086 5222; x_wconf 89' lang='lat' dir='ltr'><strong>non</strong></span> <span class='ocrx_word' id='word_1_715' title='bbox 1140 5167 1324 5232; x_wconf 87' lang='lat' dir='ltr'><strong>habet,</strong></span> <span class='ocrx_word' id='word_1_716' title='bbox 1355 5177 1416 5220; x_wconf 91' lang='lat' dir='ltr'><strong>ut</strong></span> <span class='ocrx_word' id='word_1_717' title='bbox 1449 5181 1535 5220; x_wconf 88' lang='lat' dir='ltr'><strong>me</strong></span> <span class='ocrx_word' id='word_1_718' title='bbox 1564 5165 1763 5222; x_wconf 84' lang='lat' dir='ltr'><strong>videtis</strong></span> <span class='ocrx_word' id='word_1_719' title='bbox 1796 5165 2018 5224; x_wconf 81' lang='lat' dir='ltr'><strong>habere.</strong></span> 
     </span>
    </p>
   </div>
   <div class='ocr_carea' id='block_1_98' title="bbox 517 5305 915 5371">
    <p class='ocr_par' dir='ltr' id='par_1_98' title="bbox 517 5305 915 5371">
     <span class='ocr_line' id='line_1_98' title="bbox 517 5305 915 5371; baseline -0.008 -10"><span class='ocrx_word' id='word_1_720' title='bbox 517 5312 534 5344; x_wconf 82' lang='grc'>¹</span> <span class='ocrx_word' id='word_1_721' title='bbox 563 5305 730 5363; x_wconf 86' lang='lat' dir='ltr'><strong>Hebr.</strong></span> <span class='ocrx_word' id='word_1_722' title='bbox 761 5319 841 5371; x_wconf 75' lang='lat' dir='ltr'><strong>XI,</strong></span> <span class='ocrx_word' id='word_1_723' title='bbox 857 5305 915 5362; x_wconf 85' lang='lat'><strong>6.</strong></span> 
     </span>
    </p>
   </div>
   <div class='ocr_carea' id='block_1_99' title="bbox 517 5440 2006 5522">
    <p class='ocr_par' dir='ltr' id='par_1_99' title="bbox 517 5440 2006 5522">
     <span class='ocr_line' id='line_1_99' title="bbox 517 5440 2006 5522; baseline -0.007 -18"><span class='ocrx_word' id='word_1_724' title='bbox 517 5449 591 5522; x_wconf 83' lang='lat' dir='ltr'><strong>(q)</strong></span> <span class='ocrx_word' id='word_1_725' title='bbox 629 5445 1020 5520; x_wconf 81' lang='lat' dir='ltr'><strong>Eutychianam</strong></span> <span class='ocrx_word' id='word_1_726' title='bbox 1075 5440 1320 5522; x_wconf 66' lang='lat' dir='ltr'><strong>haeresim</strong></span> <span class='ocrx_word' id='word_1_727' title='bbox 1365 5441 1645 5522; x_wconf 78' lang='lat' dir='ltr'><strong>intelligit,</strong></span> <span class='ocrx_word' id='word_1_728' title='bbox 1679 5455 1777 5511; x_wconf 83' lang='lat' dir='ltr'><strong>per</strong></span> <span class='ocrx_word' id='word_1_729' title='bbox 1823 5441 2006 5496; x_wconf 81' lang='lat' dir='ltr'><strong>lcono-</strong></span> 
     </span>
    </p>
   </div>
   <div class='ocr_carea' id='block_1_100' title="bbox 447 5520 2005 5577">
    <p class='ocr_par' dir='ltr' id='par_1_100' title="bbox 447 5520 2005 5577">
     <span class='ocr_line' id='line_1_100' title="bbox 447 5520 2005 5577; baseline -0.004 -7"><span class='ocrx_word' id='word_1_730' title='bbox 447 5520 668 5574; x_wconf 80' lang='lat' dir='ltr'><strong>mat-bos</strong></span> <span class='ocrx_word' id='word_1_731' title='bbox 713 5530 937 5572; x_wconf 81' lang='lat' dir='ltr'><strong>eatenus</strong></span> <span class='ocrx_word' id='word_1_732' title='bbox 988 5520 1358 5570; x_wconf 79' lang='lat' dir='ltr'><strong>resuscitatam</strong></span> <span class='ocrx_word' id='word_1_733' title='bbox 1400 5521 1664 5577; x_wconf 77' lang='lat' dir='ltr'><strong>quatenus</strong></span> <span class='ocrx_word' id='word_1_734' title='bbox 1708 5527 1792 5575; x_wconf 88' lang='lat' dir='ltr'><strong>ea,</strong></span> <span class='ocrx_word' id='word_1_735' title='bbox 1824 5527 2005 5564; x_wconf 78' lang='lat' dir='ltr'><strong>verum</strong></span> 
     </span>
    </p>
   </div>
   <div class='ocr_carea' id='block_1_101' title="bbox 446 5581 2003 5652">
    <p class='ocr_par' dir='ltr' id='par_1_101' title="bbox 446 5581 2003 5652">
     <span class='ocr_line' id='line_1_101' title="bbox 446 5581 2003 5652; baseline -0.003 -14"><span class='ocrx_word' id='word_1_736' title='bbox 446 5585 644 5642; x_wconf 73' lang='lat' dir='ltr'><strong>Christi</strong></span> <span class='ocrx_word' id='word_1_737' title='bbox 699 5589 1084 5642; x_wconf 87' lang='lat' dir='ltr'><strong>humanitatem</strong></span> <span class='ocrx_word' id='word_1_738' title='bbox 1135 5596 1370 5652; x_wconf 79' lang='lat' dir='ltr'><strong>negans,</strong></span> <span class='ocrx_word' id='word_1_739' title='bbox 1419 5582 1792 5651; x_wconf 83' lang='lat' dir='ltr'><strong>opponebatur</strong></span> <span class='ocrx_word' id='word_1_740' title='bbox 1837 5581 2003 5634; x_wconf 91' lang='lat' dir='ltr'><strong>cultui</strong></span> 
     </span>
    </p>
   </div>
   <div class='ocr_carea' id='block_1_102' title="bbox 2113 4343 3686 4422">
    <p class='ocr_par' dir='ltr' id='par_1_102' title="bbox 2113 4343 3686 4422">
     <span class='ocr_line' id='line_1_102' title="bbox 2113 4343 3686 4422; baseline 0.001 -20"><span class='ocrx_word' id='word_1_741' title='bbox 2113 4349 2188 4422; x_wconf 78' lang='grc' dir='ltr'>μὴ</span> <span class='ocrx_word' id='word_1_742' title='bbox 2217 4349 2292 4413; x_wconf 86' lang='grc' dir='ltr'>ὡς</span> <span class='ocrx_word' id='word_1_743' title='bbox 2321 4349 2487 4412; x_wconf 72' lang='grc' dir='ltr'>ἀσπὶς</span> <span class='ocrx_word' id='word_1_744' title='bbox 2514 4350 2582 4402; x_wconf 73' lang='grc' dir='ltr'><strong>τὰ</strong></span> <span class='ocrx_word' id='word_1_745' title='bbox 2605 4343 2716 4402; x_wconf 80' lang='grc' dir='ltr'>ὦτα</span> <span class='ocrx_word' id='word_1_746' title='bbox 2746 4347 2969 4418; x_wconf 78' lang='grc' dir='ltr'>βύσητε,</span> <span class='ocrx_word' id='word_1_747' title='bbox 2996 4349 3063 4402; x_wconf 76' lang='grc' dir='ltr'>τὰ</span> <span class='ocrx_word' id='word_1_748' title='bbox 3099 4350 3200 4420; x_wconf 86' lang='grc' dir='ltr'>τῆς</span> <span class='ocrx_word' id='word_1_749' title='bbox 3225 4351 3544 4420; x_wconf 79' lang='grc' dir='ltr'>όρθοδοξίας</span> <span class='ocrx_word' id='word_1_750' title='bbox 3573 4352 3686 4417; x_wconf 80' lang='grc' dir='ltr'>δότ-</span> 
     </span>
    </p>
   </div>
   <div class='ocr_carea' id='block_1_103' title="bbox 2114 4439 3683 4512">
    <p class='ocr_par' dir='ltr' id='par_1_103' title="bbox 2114 4439 3683 4512">
     <span class='ocr_line' id='line_1_103' title="bbox 2114 4439 3683 4512; baseline 0.001 -19"><span class='ocrx_word' id='word_1_751' title='bbox 2114 4457 2262 4510; x_wconf 88' lang='grc' dir='ltr'>ματα</span> <span class='ocrx_word' id='word_1_752' title='bbox 2283 4443 2358 4502; x_wconf 85' lang='grc' dir='ltr'>ὡς</span> <span class='ocrx_word' id='word_1_753' title='bbox 2421 4440 2717 4512; x_wconf 66' lang='grc' dir='ltr'>ὲπᾴσματα</span> <span class='ocrx_word' id='word_1_754' title='bbox 2760 4439 2946 4498; x_wconf 85' lang='grc' dir='ltr'>λαθεῖν</span> <span class='ocrx_word' id='word_1_755' title='bbox 2999 4439 3361 4510; x_wconf 85' lang='grc' dir='ltr'>βουλόμενοι,</span> <span class='ocrx_word' id='word_1_756' title='bbox 3408 4439 3683 4512; x_wconf 79' lang='grc' dir='ltr'>μόνοντὺν</span> 
     </span>
    </p>
   </div>
   <div class='ocr_carea' id='block_1_104' title="bbox 2111 4531 3684 4603">
    <p class='ocr_par' dir='ltr' id='par_1_104' title="bbox 2111 4531 3684 4603">
     <span class='ocr_line' id='line_1_104' title="bbox 2111 4531 3684 4603; baseline -0.001 -17"><span class='ocrx_word' id='word_1_757' title='bbox 2111 4531 2446 4602; x_wconf 73' lang='grc' dir='ltr'>Μανιχαῖκδν</span> <span class='ocrx_word' id='word_1_758' title='bbox 2497 4533 2574 4584; x_wconf 85' lang='grc' dir='ltr'>ίὸν</span> <span class='ocrx_word' id='word_1_759' title='bbox 2625 4531 2732 4585; x_wconf 90' lang='grc' dir='ltr'><strong>τῶν</strong></span> <span class='ocrx_word' id='word_1_760' title='bbox 2774 4531 2964 4603; x_wconf 75' lang='grc' dir='ltr'>ψυχῶν</span> <span class='ocrx_word' id='word_1_761' title='bbox 3009 4531 3344 4602; x_wconf 76' lang='grc' dir='ltr'>ἑξεμέσατε,</span> <span class='ocrx_word' id='word_1_762' title='bbox 3403 4537 3508 4588; x_wconf 70' lang='grc' dir='ltr'>καὶ</span> <span class='ocrx_word' id='word_1_763' title='bbox 3555 4533 3684 4586; x_wconf 77' lang='grc' dir='ltr'>οὕτω</span> 
     </span>
    </p>
   </div>
   <div class='ocr_carea' id='block_1_105' title="bbox 2113 4619 3681 4694">
    <p class='ocr_par' dir='ltr' id='par_1_105' title="bbox 2113 4619 3681 4694">
     <span class='ocr_line' id='line_1_105' title="bbox 2113 4619 3681 4694; baseline -0.003 -18"><span class='ocrx_word' id='word_1_764' title='bbox 2113 4621 2380 4694; x_wconf 84' lang='grc' dir='ltr'>καθαραῖς</span> <span class='ocrx_word' id='word_1_765' title='bbox 2438 4623 2558 4684; x_wconf 83' lang='grc' dir='ltr'>ταῖς</span> <span class='ocrx_word' id='word_1_766' title='bbox 2603 4619 2861 4684; x_wconf 87' lang='grc' dir='ltr'>διανοίαις</span> <span class='ocrx_word' id='word_1_767' title='bbox 2915 4621 3068 4692; x_wconf 85' lang='grc' dir='ltr'>ὑμῶν</span> <span class='ocrx_word' id='word_1_768' title='bbox 3116 4621 3495 4690; x_wconf 78' lang='grc' dir='ltr'>πιστεύσατε,</span> <span class='ocrx_word' id='word_1_769' title='bbox 3540 4624 3618 4677; x_wconf 80' lang='grc' dir='ltr'>ὅτι</span> <span class='ocrx_word' id='word_1_770' title='bbox 3655 4620 3681 4672; x_wconf 74' lang='grc' dir='ltr'><strong><em>ὁ</em></strong></span> 
     </span>
    </p>
   </div>
   <div class='ocr_carea' id='block_1_106' title="bbox 2122 4711 3680 4784">
    <p class='ocr_par' dir='ltr' id='par_1_106' title="bbox 2122 4711 3680 4784">
     <span class='ocr_line' id='line_1_106' title="bbox 2122 4711 3680 4784; baseline -0.002 -18"><span class='ocrx_word' id='word_1_771' title='bbox 2122 4713 2293 4782; x_wconf 83' lang='grc' dir='ltr'>Λόγος</span> <span class='ocrx_word' id='word_1_772' title='bbox 2333 4711 2472 4782; x_wconf 79' lang='grc' dir='ltr'>σὰρξ</span> <span class='ocrx_word' id='word_1_773' title='bbox 2504 4714 2720 4780; x_wconf 74' lang='grc' dir='ltr'>ἐγένετο</span> <span class='ocrx_word' id='word_1_774' title='bbox 2745 4751 2759 4776; x_wconf 91' lang='grc'><strong>,</strong></span> <span class='ocrx_word' id='word_1_775' title='bbox 2803 4712 2900 4766; x_wconf 75' lang='grc' dir='ltr'>καὶ</span> <span class='ocrx_word' id='word_1_776' title='bbox 2936 4713 3248 4781; x_wconf 77' lang='grc' dir='ltr'>ἐσκήνωσεν</span> <span class='ocrx_word' id='word_1_777' title='bbox 3296 4714 3357 4766; x_wconf 81' lang='grc' dir='ltr'>ὲν</span> <span class='ocrx_word' id='word_1_778' title='bbox 3406 4716 3563 4784; x_wconf 74' lang='grc' dir='ltr'>ἡμῖν,</span> <span class='ocrx_word' id='word_1_779' title='bbox 3600 4712 3680 4766; x_wconf 76' lang='grc' dir='ltr'>καὶ</span> 
     </span>
    </p>
   </div>
   <div class='ocr_carea' id='block_1_107' title="bbox 2120 4802 3680 4874">
    <p class='ocr_par' dir='ltr' id='par_1_107' title="bbox 2120 4802 3680 4874">
     <span class='ocr_line' id='line_1_107' title="bbox 2120 4802 3680 4874; baseline 0 -16"><span class='ocrx_word' id='word_1_780' title='bbox 2120 4803 2464 4873; x_wconf 70' lang='grc' dir='ltr'>ἐθεασάμεθα</span> <span class='ocrx_word' id='word_1_781' title='bbox 2509 4802 2610 4874; x_wconf 80' lang='grc' dir='ltr'>τὴν</span> <span class='ocrx_word' id='word_1_782' title='bbox 2637 4802 2795 4868; x_wconf 79' lang='grc' dir='ltr'>δόξαν</span> <span class='ocrx_word' id='word_1_783' title='bbox 2839 4802 3004 4856; x_wconf 84' lang='grc' dir='ltr'>αὑτοῦ</span> <span class='ocrx_word' id='word_1_784' title='bbox 3052 4803 3128 4866; x_wconf 90' lang='grc' dir='ltr'><strong>ώς</strong></span> <span class='ocrx_word' id='word_1_785' title='bbox 3165 4804 3511 4872; x_wconf 83' lang='grc' dir='ltr'>Μονογενοῦς</span> <span class='ocrx_word' id='word_1_786' title='bbox 3543 4802 3680 4874; x_wconf 57' lang='lat' dir='ltr'><strong>mp!</strong></span> 
     </span>
    </p>
   </div>
   <div class='ocr_carea' id='block_1_108' title="bbox 2116 4894 3680 4966">
    <p class='ocr_par' dir='ltr' id='par_1_108' title="bbox 2116 4894 3680 4966">
     <span class='ocr_line' id='line_1_108' title="bbox 2116 4894 3680 4966; baseline -0.001 -20"><span class='ocrx_word' id='word_1_787' title='bbox 2116 4894 2228 4946; x_wconf 83' lang='grc' dir='ltr'>ῐιατ</span> <span class='ocrx_word' id='word_1_788' title='bbox 2240 4895 2348 4966; x_wconf 82' lang='grc' dir='ltr'>ρδς,</span> <span class='ocrx_word' id='word_1_789' title='bbox 2377 4895 2464 4949; x_wconf 75' lang='grc' dir='ltr'>ἵνα</span> <span class='ocrx_word' id='word_1_790' title='bbox 2492 4896 2586 4947; x_wconf 74' lang='grc' dir='ltr'>καὶ</span> <span class='ocrx_word' id='word_1_791' title='bbox 2619 4895 2776 4964; x_wconf 80' lang='grc' dir='ltr'>ὑμεῖς</span> <span class='ocrx_word' id='word_1_792' title='bbox 2802 4894 3048 4948; x_wconf 76' lang='grc' dir='ltr'>κοινωνοὶ</span> <span class='ocrx_word' id='word_1_793' title='bbox 3079 4895 3185 4949; x_wconf 89' lang='grc' dir='ltr'><strong>τῶν</strong></span> <span class='ocrx_word' id='word_1_794' title='bbox 3219 4895 3574 4949; x_wconf 78' lang='grc' dir='ltr'>ἀκουσάντων</span> <span class='ocrx_word' id='word_1_795' title='bbox 3601 4895 3680 4962; x_wconf 78' lang='grc' dir='ltr'><strong>γέ-</strong></span> 
     </span>
    </p>
   </div>
   <div class='ocr_carea' id='block_1_109' title="bbox 2113 4984 3676 5055">
    <p class='ocr_par' dir='ltr' id='par_1_109' title="bbox 2113 4984 3676 5055">
     <span class='ocr_line' id='line_1_109' title="bbox 2113 4984 3676 5055; baseline 0.002 -18"><span class='ocrx_word' id='word_1_796' title='bbox 2113 4985 2299 5054; x_wconf 84' lang='grc' dir='ltr'>νησθε.</span> <span class='ocrx_word' id='word_1_797' title='bbox 2324 4985 2599 5053; x_wconf 74' lang='grc' dir='ltr'>Μακάριοι</span> <span class='ocrx_word' id='word_1_798' title='bbox 2621 4985 2728 5055; x_wconf 82' lang='grc' dir='ltr'><strong>γὰρ</strong></span> <span class='ocrx_word' id='word_1_799' title='bbox 2750 4985 2797 5036; x_wconf 86' lang='grc' dir='ltr'><strong>οί</strong></span> <span class='ocrx_word' id='word_1_800' title='bbox 2822 4984 2896 5054; x_wconf 79' lang='grc' dir='ltr'>μὴ</span> <span class='ocrx_word' id='word_1_801' title='bbox 2927 4984 3125 5047; x_wconf 73' lang='grc' dir='ltr'>ἰδόντες</span> <span class='ocrx_word' id='word_1_802' title='bbox 3149 4987 3243 5037; x_wconf 75' lang='grc' dir='ltr'>καὶ</span> <span class='ocrx_word' id='word_1_803' title='bbox 3273 4985 3676 5044; x_wconf 75' lang='grc' dir='ltr'>πιστεύσαντες.</span> 
     </span>
    </p>
   </div>
   <div class='ocr_carea' id='block_1_110' title="bbox 2114 5071 3676 5146">
    <p class='ocr_par' dir='ltr' id='par_1_110' title="bbox 2114 5071 3676 5146">
     <span class='ocr_line' id='line_1_110' title="bbox 2114 5071 3676 5146; baseline -0.001 -18"><span class='ocrx_word' id='word_1_804' title='bbox 2114 5075 2195 5128; x_wconf 84' lang='grc' dir='ltr'>ὅτι</span> <span class='ocrx_word' id='word_1_805' title='bbox 2243 5074 2462 5146; x_wconf 84' lang='grc' dir='ltr'>πνεῦμα</span> <span class='ocrx_word' id='word_1_806' title='bbox 2509 5075 2688 5146; x_wconf 79' lang='grc' dir='ltr'>σάρκα</span> <span class='ocrx_word' id='word_1_807' title='bbox 2717 5076 2811 5130; x_wconf 78' lang='grc' dir='ltr'>καὶ</span> <span class='ocrx_word' id='word_1_808' title='bbox 2853 5076 3016 5129; x_wconf 81' lang='grc' dir='ltr'>ὀστέα</span> <span class='ocrx_word' id='word_1_809' title='bbox 3035 5076 3163 5128; x_wconf 60' lang='grc' dir='ltr'>κούκ</span> <span class='ocrx_word' id='word_1_810' title='bbox 3201 5076 3337 5146; x_wconf 76' lang='grc' dir='ltr'>ἔχει,</span> <span class='ocrx_word' id='word_1_811' title='bbox 3374 5074 3556 5137; x_wconf 84' lang='grc' dir='ltr'>καθὼς</span> <span class='ocrx_word' id='word_1_812' title='bbox 3587 5071 3676 5140; x_wconf 64' lang='grc' dir='ltr'><strong>ἐμὲ</strong></span> 
     </span>
    </p>
   </div>
   <div class='ocr_carea' id='block_1_111' title="bbox 2119 5164 3674 5236">
    <p class='ocr_par' dir='ltr' id='par_1_111' title="bbox 2119 5164 3674 5236">
     <span class='ocr_line' id='line_1_111' title="bbox 2119 5164 3674 5236; baseline -0.004 -14"><span class='ocrx_word' id='word_1_813' title='bbox 2119 5165 2397 5236; x_wconf 84' lang='grc' dir='ltr'>θεωρεῖτε.</span> <span class='ocrx_word' id='word_1_814' title='bbox 2423 5165 2682 5234; x_wconf 76' lang='grc' dir='ltr'>Τοιαῦτα,</span> <span class='ocrx_word' id='word_1_815' title='bbox 2712 5165 2911 5236; x_wconf 81' lang='grc' dir='ltr'>μᾶλλον</span> <span class='ocrx_word' id='word_1_816' title='bbox 2933 5167 2991 5221; x_wconf 75' lang='grc' dir='ltr'>δὲ</span> <span class='ocrx_word' id='word_1_817' title='bbox 3021 5167 3116 5222; x_wconf 73' lang='grc' dir='ltr'>καὶ</span> <span class='ocrx_word' id='word_1_818' title='bbox 3153 5166 3316 5220; x_wconf 89' lang='grc' dir='ltr'>πλεῖα</span> <span class='ocrx_word' id='word_1_819' title='bbox 3347 5167 3489 5236; x_wconf 80' lang='grc' dir='ltr'>ὑπὲρ</span> <span class='ocrx_word' id='word_1_820' title='bbox 3517 5164 3674 5218; x_wconf 71' lang='grc' dir='ltr'>ταῦτα</span> 
     </span>
    </p>
   </div>
   <div class='ocr_carea' id='block_1_112' title="bbox 2116 5439 3668 5511">
    <p class='ocr_par' dir='ltr' id='par_1_112' title="bbox 2116 5439 3668 5511">
     <span class='ocr_line' id='line_1_112' title="bbox 2116 5439 3668 5511; baseline -0.001 -17"><span class='ocrx_word' id='word_1_821' title='bbox 2116 5454 2390 5509; x_wconf 67' lang='lat' dir='ltr'><strong>corporea</strong></span> <span class='ocrx_word' id='word_1_822' title='bbox 2419 5439 2672 5508; x_wconf 75' lang='lat' dir='ltr'><strong>imaginis</strong></span> <span class='ocrx_word' id='word_1_823' title='bbox 2692 5481 2728 5511; x_wconf 77' lang='lat'><strong>,_</strong></span> <span class='ocrx_word' id='word_1_824' title='bbox 2750 5452 2935 5511; x_wconf 84' lang='lat' dir='ltr'><strong>veram</strong></span> <span class='ocrx_word' id='word_1_825' title='bbox 2964 5439 3358 5511; x_wconf 76' lang='lat' dir='ltr'><strong>humanitatem</strong></span> <span class='ocrx_word' id='word_1_826' title='bbox 3393 5449 3668 5511; x_wconf 60' lang='lat' dir='ltr'><strong>represen-</strong></span> 
     </span>
    </p>
   </div>
   <div class='ocr_carea' id='block_1_113' title="bbox 2117 5509 3662 5575">
    <p class='ocr_par' dir='ltr' id='par_1_113' title="bbox 2117 5509 3662 5575">
     <span class='ocr_line' id='line_1_113' title="bbox 2117 5509 3662 5575; baseline 0.001 -13"><span class='ocrx_word' id='word_1_827' title='bbox 2117 5513 2314 5575; x_wconf 87' lang='lat' dir='ltr'><strong>tantis;</strong></span> <span class='ocrx_word' id='word_1_828' title='bbox 2349 5511 2602 5565; x_wconf 88' lang='lat' dir='ltr'><strong>similiter</strong></span> <span class='ocrx_word' id='word_1_829' title='bbox 2629 5521 2685 5566; x_wconf 89' lang='lat' dir='ltr'><strong>et</strong></span> <span class='ocrx_word' id='word_1_830' title='bbox 2713 5509 2997 5564; x_wconf 66' lang='lat' dir='ltr'><strong>lllanichmi</strong></span> <span class='ocrx_word' id='word_1_831' title='bbox 3036 5525 3217 5564; x_wconf 83' lang='lat' dir='ltr'><strong>verum</strong></span> <span class='ocrx_word' id='word_1_832' title='bbox 3255 5509 3474 5566; x_wconf 81' lang='lat' dir='ltr'><strong>Christo</strong></span> <span class='ocrx_word' id='word_1_833' title='bbox 3523 5519 3662 5575; x_wconf 64' lang='lat' dir='ltr'><strong>nega-</strong></span> 
     </span>
    </p>
   </div>
   <div class='ocr_carea' id='block_1_114' title="bbox 2115 5581 2492 5648">
    <p class='ocr_par' dir='ltr' id='par_1_114' title="bbox 2115 5581 2492 5648">
     <span class='ocr_line' id='line_1_114' title="bbox 2115 5581 2492 5648; baseline 0.005 -14"><span class='ocrx_word' id='word_1_834' title='bbox 2115 5581 2244 5634; x_wconf 89' lang='lat' dir='ltr'><strong>bant</strong></span> <span class='ocrx_word' id='word_1_835' title='bbox 2276 5595 2492 5648; x_wconf 82' lang='lat' dir='ltr'><strong>corpus.</strong></span> 
     </span>
    </p>
   </div>
  </div>
