3932 6214
417 283 454 346 J
467 278 572 344 259

1441 286 1522 348 ’S.
1563 287 1944 350 METIIODII
1983 288 2490 352 PATRIARCHIE
2527 290 2638 353 ΟΡ.

3546 295 3702 359 12M

429 405 628 463 resque
677 389 857 462 magni
891 391 1035 448 illius
1061 391 1364 464 descriptos
1402 396 1637 456 habebat
1663 401 1861 473 cuique
1892 417 1999 459 cor-

2114 415 2240 466 τους
2271 402 2366 457 τοῦ
2401 402 2640 475 μεγάλου
2678 400 3066 474 άναγράπτους
3093 400 3234 474 ἔχων
3273 401 3406 468 Θεδς
3430 440 3446 467 ,
3479 421 3693 480 συντριρ

430 485 510 540 dis
541 483 658 555 ejus
679 483 895 538 attritio
923 484 1095 553 magis
1118 499 1279 553 quam
1312 486 1420 542 ulla
1445 487 1548 544 alia
1597 493 1740 548 actio
1767 492 1852 548 vel
1896 509 2008 550 me-

429 577 622 633 ditatio
670 575 960 645 placebat?
1014 575 1260 632 Morbum
1315 581 1542 636 antistiti
1593 583 1814 656 inﬂigit,
1845 601 2004 656 quem

428 665 623 722 medici
667 681 860 734 aquam
895 666 1215 723 intercutem
1248 679 1441 725 vocant
1470 689 1485 726 :
1521 673 1746 729 decebat
1775 690 2008 745 namque

427 773 550 814 eum
579 758 670 827 qui
695 757 862 811 multa
898 771 1091 825 aSpera
1111 773 1338 829 corpore
1368 771 1536 832 atque
1565 765 1746 817 animo
1787 779 2008 834 perpes-

420 849 524 905 sus
545 849 747 915 fuerat,
786 848 887 904 hoc
917 863 1132 918 quoque
1168 860 1496 908 tormentum
1535 853 1796 924 perferre,
1833 867 1889 909 ut
1912 871 2008 924 pcr

426 943 611 997 omnia
635 941 808 995 victor
829 950 884 995 et
912 952 1200 997 coronatus
1231 944 1432 1000 athleta
1458 945 1840 1002 innotesceret.
1869 947 2004 1002 Cum

425 1051 556 1105 ergo
604 1034 804 1104 ingenii
837 1034 954 1090 acie
977 1035 1294 1103 praevaleret
1318 1038 1398 1092 vir
1445 1039 1684 1108 sapiens,
1723 1055 2003 1110 pinnarum

405 1142 646 1184 eausam
687 1140 804 1182 esse
837 1127 1074 1197 agnovit,
1103 1127 1247 1197 qttod
1295 1129 1396 1184 zeli
1427 1145 1714 1187 mensuras
1743 1133 2008 1188 excessis-

425 1226 542 1286 set,
583 1235 748 1288 seque
809 1233 1060 1273 severum
1122 1220 1614 1292 vehementemque
1661 1224 1712 1278 in
1761 1224 2006 1279 subditos

407 1305 966 1382 ",pr:ebirisset."Corde
1015 1312 1199 1381 itaque
1238 1323 1636 1381 compunctus,
1673 1325 1726 1368 ct
1758 1315 2002 1369 cordium

407 1401 691 1473 =ccguitori
756 1401 866 1456 Deo
917 1402 971 1454 in
1023 1401 1216 1471 spiritu
1255 1402 1575 1458 humilitatis
1623 1421 1734 1460 rem
1786 1420 2000 1459 omnem

409 1494 638 1559 'eﬂ‘atus,
678 1493 784 1548 illis
811 1493 902 1563 qui
941 1502 1130 1547 contra
1163 1507 1286 1548 eum
1325 1493 1663 1563 deliquerant
1707 1495 1884 1549 debita
1929 1495 2005 1550 di-

416 1587 590 1652 misit,
621 1594 674 1641 et
705 1584 912 1640 relaxat
941 1598 1164 1652 ptenas;
1198 1584 1494 1649 nonnullis,
1538 1601 1603 1640 eo
1625 1587 1766 1655 quod
1796 1597 1992 1642 contra

409 1693 692 1734 summum
721 1678 1088 1732 sacerdotiqu
1120 1677 1442 1733 insolentius
1465 1680 1640 1749 egisse
1662 1679 1998 1749 viderentur,

2110 494 2213 566 δὴν
2269 499 2636 568 προσιέμενος
2679 499 2780 570 τῆς
2828 498 3055 569 καρδίας
3101 497 3242 570 ὑπὲρ
3293 500 3476 554 πᾶσαν
3522 500 3699 573 ἄλλην

2110 589 2310 658 πρᾶξιν
2357 589 2390 660 ἢ
2427 589 2702 662 θεωρίαν;
2745 590 2921 645 Νότον
2972 591 3242 661 ἐπαφίησι
3283 590 3363 662 τῷ
3428 591 3689 666 ίεράρχῃ,

2109 679 2298 750 ὕδερον
2341 683 2508 755 αὑτὴν
2553 685 2604 738 οί
2639 687 2816 756 ἰατροὶ
2867 685 3254 756 ὀνομάζουσιν·
3295 685 3403 740 ἔδει
3450 687 3562 760 γὰρ
3596 689 3697 744 τὸν

2109 773 2429 845 πολυδάμαν
2461 777 2556 830 καὶ
2589 776 2798 847 ταύτην
2846 777 3150 848 ὑποστῆναι
3179 777 3277 849 τὴν
3310 777 3566 848 βάσανον,
3603 781 3697 836 ῐνα

2105 861 2194 915 διὰ
2245 864 2462 918 πάντων
2492 865 2902 936 στεφανηφόρος
2951 867 3241 933 ἁναφανεῖ.
3298 865 3453 932 Ὁξὺς
3500 867 3557 920 δὲ
3614 866 3697 920 ὢν

2109 949 2203 1001 καὶ
2243 951 2665 1020 ἀγχινούστατος
2719 956 2747 1008 ὀ
2798 952 2959 1021 σοφὸς
2986 992 3003 1017 ,
3033 954 3250 1021 ἐπέγνω
3280 954 3343 1007 τὸ
3387 956 3564 1009 αίτιον
3589 957 3698 1027 τῆς

2108 1039 2376 1108 παιδείας,
2406 1043 2488 1096 ὅτι
2512 1060 2570 1096 τε
2599 1041 2792 1097 “ri-:05
2825 1043 2990 1116 ζήλου
3017 1045 3336 1116 ὑπερήλατο
3366 1045 3564 1117 μέτρα,
3597 1049 3698 1102 καὶ

2108 1123 2384 1205 ἀποτομία⁸
2424 1136 2564 1188 κατὰ
2585 1134 2703 1190 ,τῶν
2748 1135 3084 1206 ὑποχειρίων
3126 1121 3420 1207 ἐχρήσατο.
3460 1139 3695 1209 Συντρι-

2107 1223 2220 1287 6εὶς
2256 1220 2350 1278 οὖν
2374 1225 2472 1296 τὴν
2499 1215 2731 1296 καρδίαν
2765 1228 2823 1281 ἐν
2857 1227 3127 1298 πνεύματι
3152 1228 3564 1292 ταπεινώσεως,
3593 1231 3694 1284 καὶ

2099 1315 2182 1386 -τῷ
2237 1316 2646 1391 καρδιογνώστῃ
2703 1317 3245 1389 ἐξομολογησάμενος
3285 1313 3442 1390 Θεῷ,
3492 1321 3693 1393 ἀφίησι

2107 1408 2205 1477 μὲν
2233 1409 2344 1471 τοῖς
2374 1410 2453 1471 εἰς
2478 1407 2641 1462 αὑτὸν
2676 1408 2960 1462 ἐπταικόσι
2990 1409 3089 1472 τὰς
3128 1409 3368 1477 ὀφειλάς,
3405 1411 3600 1482 ἀφίησί
3637 1411 3692 1481 τ’

2103 1499 2196 1553 οὖν
2244 1499 2394 1569 ὅμως
2440 1499 2752 1570 ὡρισμένας
2786 1500 3070 1569 ἐπιτιμίας
3124 1500 3286 1565 τισὶν,
3328 1496 3430 1571 τῆς
3474 1503 3556 1567 είς
3589 1502 3695 1575 τὴν

2104 1589 2256 1644 θείαν
2303 1589 2719 1662 ἀρχιερωσύνην
2771 1591 2932 1663 χάριν
2989 1592 3444 1662 περιφρονήσεως
3492 1610 3553 1647 τε
3593 1595 3694 1649 καὶ

2103 1680 2430 1743 αὐθαδείας,
2485 1678 2674 1750 ὥσπερ
2724 1681 2832 1732 τινὶ
2880 1678 3092 1750 χαλινῷ
3138 1682 3264 1743 τοὺς
3313 1680 3688 1756 θερμοτέρους

407 1767 785 1840 praescriptis,
821 1765 948 1821 dum
990 1764 1145 1820 freno
1184 1767 1418 1837 quodam
1463 1745 1836 1823 ardentiorqu
1902 1781 1997 1823 ora

2103 1773 2493 1843 ἐπιστομίζων,
2517 1773 2613 1826 καὶ
2643 1745 2787 1826 οὑτω
2816 1745 3004 1826 λοιπὸν
3029 1745 3125 1826 τὺν
3153 1771 3254 1843 τῆς
3304 1745 3562 1844 οἰήσεως,

417 1859 582 1915 vellet
630 1859 1032 1929 constringere.
1067 1858 1158 1913 Sic
1200 1874 1294 1928 per
1345 1859 1706 1914 humilitatem
1748 1870 1802 1914 et
1843 1874 1997 1913 mau-

419 1950 764 2007 suetutlinem
813 1964 968 2004 vanae
1028 1950 1113 2005 sui
1163 1950 1589 2004 existimationis
1633 1951 2000 2020 praesumptio-

419 2042 613 2112 nisque
661 2040 942 2097 debellatis
975 2041 1269 2096 daemonem
1298 2080 1312 2104 ,
1343 2041 1434 2110 qui
1485 2041 1682 2096 virtute
1731 2054 1994 2112 praestau-

421 2134 568 2190 tibus
615 2133 748 2188 viris
793 2148 946 2203 teque
995 2131 1338 2189 aﬂlucntibus
1393 2132 1718 2200 innascitur,
1773 2133 1999 2204 reliquis

418 2226 532 2282 suis
589 2225 924 2281 facinoribus
997 2226 1286 2280 noxiorum
1350 2222 1648 2280 alfectuum
1711 2225 1996 2280 victoriam

404 2320 656 2376 addidit.
683 2319 820 2376 Hinc
867 2333 1034 2390 porro
1077 2320 1142 2373 ad
1180 2319 1402 2383 beatas,
1451 2319 1846 2389 sempiternas,
1884 2332 1998 2373 me-

419 2411 693 2482 lioresque
719 2410 1123 2480 sedcsgradum
1151 2409 1300 2472 t'acit,
1331 2408 1474 2462 inter
1497 2418 1766 2479 martyres
1795 2406 1997 2462 Christi

392 2517 654 2577 amartyr,
689 2505 829 2560 inter
860 2503 1234 2575 partriarchas
1267 2501 1582 2572 patriarcha
1607 2541 1623 2565 ,
1657 2500 2000 2570 interjustos

418 2609 781 2668 ascetasque,
861 2595 1023 2652 rebus
1094 2595 1347 2652 omnibus
1415 2592 1734 2659 absolutos,
1792 2593 2001 2661 ascrip-

417 2700 543 2759 tus;
582 2700 671 2758 et,
717 2699 774 2744 ut
813 2687 1034 2753 finiam,
1065 2696 1193 2742 ante
1236 2685 1439 2742 Christi
1493 2694 1840 2756 conspectum
1889 2683 2000 2740 col-

409 2783 668 2848 Jocalus,
732 2797 829 2854 pro
901 2795 1007 2849 quo
1067 2779 1308 2834 infinitos
1375 2779 1732 2850 ingentesque
1789 2775 2002 2832 labores

418 2872 794 2930 exantlaverat
817 2912 832 2934 ,
863 2869 1005 2925 illius
1035 2868 1453 2939 pulchritudinis
1483 2882 1547 2921 ac
1575 2865 1881 2932 suavitatis,
1900 2880 2000 2936 pro

403 2976 599 3020 .amato
653 2963 906 3034 tristique
961 2969 1359 3016 tormentorum
1408 2959 1827 3036 experimento,
1873 2974 1998 3029 par-

413 3059 610 3130 ticeps.

489 3172 579 3229 £8.
628 3169 770 3238 Sed,
817 3183 852 3225 ο
904 3182 1102 3224 currus
1139 3167 1390 3235 divinus,
1439 3169 1606 3224 Deum
1653 3170 1996 3241 aurigantem

407 3275 663 3336 portans,
699 3278 794 3334 per
821 3276 980 3333 quem
1015 3262 1338 3316 insanientis
1364 3261 1588 3318 haeresis
1617 3261 1912 3332 phalanges
1941 3261 1996 3316 in

409 3362 598 3430 Iugum
647 3372 819 3412 verszc
862 3355 1020 3411 sunt!
1061 3355 1104 3408 0
1154 3369 1246 3419 os,
1283 3352 1428 3424 quod
1477 3368 1562 3409 res
1597 3354 1808 3408 divinas
1852 3353 1997 3409 velut

421 3451 545 3506 tuba
569 3493 584 3516 ,
633 3448 761 3505 Jesu
793 3448 941 3505 Nave
972 3448 1114 3504 tubis
1142 3462 1338 3502 sonora
1372 3447 1566 3516 magis,
1601 3446 1870 3514 innotuit;
1900 3461 1997 3517 per

410 3544 562 3613 quod
593 3542 914 3613 sacrilegum
946 3540 1155 3596 Christi
1190 3538 1427 3594 hostium
1459 3538 1854 3594 munimentum
1883 3538 1998 3594 dis-

407 3634 654 3706 jectum,
711 3642 765 3689 et
805 3632 948 3688 avita
998 3640 1255 3700 rectaque
1285 3631 1636 3707 litles,.quasi
1683 3646 1822 3686 nova
1867 3645 1996 3701 pro-

419 3725 701 3780 missionis
728 3734 906 3789 terra,
935 3723 1193 3778 universo
1223 3722 1406 3778 lsraeli
1441 3723 1533 3779 Dei
1566 3724 1619 3777 in
1656 3732 1859 3778 sortem
1887 3722 1999 3779 dis-

421 3816 626 3872 tributa
681 3816 794 3870 est!
832 3815 877 3870 Ο
924 3813 1198 3869 υιινίιιίςαι
1245 3813 1466 3870 virtutis
1522 3825 1578 3871 et
1619 3815 1901 3870 aemulator
1942 3824 1999 3870 et

413 3905 744 3962 successori
775 3901 846 3960 Ut
873 3905 1016 3959 enim
1049 3903 1141 3958 ille
1165 3902 1341 3973 lapide
1371 3901 1678 3959 Goliathum
1708 3903 1996 3974 percussit,

421 3997 500 4054 sic
526 4005 580 4052 et
610 4006 665 4051 tu
702 3996 1484 4066 haereseospropugnatorem,
1527 3991 1692 4050 Verbi
1724 3994 1996 4050 incarnati

420 4086 690 4155 imagines
718 4083 1110 4149 dill‘amantem,
1130 4083 1376 4153 angulari
1401 4071 1658 4155 lapide-id
1687 4094 1769 4140 est
1794 4083 1994 4140 Christi

424 4193 554 4234 vero
607 4192 864 4246 corpore,
892 4177 1282 4247 .prostravisti.
1331 4172 1377 4232 0
1415 4175 1634 4231 Mosaici
1681 4177 1782 4232 zeli
1830 4186 1885 4232 et
1915 4192 2000 4232 re-

413 4271 645 4343 giminis
672 4270 916 4326 imitator
963 4281 1125 4339 atque
1155 4268 1359 4325 haeres!
1395 4283 1574 4324 annon
1601 4255 1744 4324 enim
1775 4279 1828 4325 tu
1857 4271 1994 4340 ipse,

423 4372 559 4418 utet
601 4361 723 4430 ille,
765 4372 1058 4433 antequam
1090 4363 1330 4432 regimen
1364 4362 1575 4428 obires,
1607 4377 1670 4417 ea
1699 4365 1820 4433 qua:
1854 4364 1997 4435 regi-

2023 3092 2070 3155 ο

2100 1864 2440 1935 θρασύτητος
2462 1865 2716 1934 δαίμονα,
2737 1864 2888 1928 ὅστις
2927 1866 3042 1928 τοῖς
3093 1863 3388 1918 πλουτοῦσι
3419 1865 3519 1937 τὴν
3552 1868 3692 1939 ἀρε-

2096 1953 2196 2024 τὴν
2217 1952 2531 2023 ἐπιφύεται,
2547 1953 2636 2007 διὰ
2657 1951 3160 2022 ταπεινοφροσύνης
3179 1968 3238 2004 τε
3262 1951 3356 2005 καὶ
3377 1955 3692 2023 πραότητος

2097 2043 2615 2114 καταγωνισάμενος
2642 2041 2970 2114 προστίθησι
2991 2043 3104 2104 τοῖς
3126 2041 3335 2105 λοιποῖς
3360 2041 3527 2096 αὑτοῦ
3553 2061 3690 2098 κατ-

2096 2135 2381 2208 ορθώμασι
2410 2175 2426 2200 ,
2457 2137 2552 2190 καὶ
2580 2134 2642 2189 τδ
2666 2133 2810 2189 κατὰ
2842 2133 2951 2188 τῶν
2984 2133 3246 2206 ὀλεθρίων
3267 2133 3474 2189 τούτων
3499 2134 3692 2190 παθῶν

2101 2231 2443 2300 νικητήριον.
2482 2227 2798 2282 Κάντεῦθεν
2846 2226 3036 2281 λοιπὸν
3067 2226 3208 2298 πρὸς
3255 2231 3356 2296 τὴν
3397 2231 3690 2298 μακαρίαν

2099 2324 2194 2376 καὶ
2237 2321 2492 2393 ἀείμονον
2537 2322 2632 2374 καὶ
2678 2321 2889 2392 ἀμείνω
2945 2319 3100 2390 λῆξιν
3163 2321 3496 2390 μεταχωρεῖ,
3546 2320 3694 2391 μετὰ

2103 2414 2402 2486 μαρτύρων
2441 2415 2470 2466 ὀ
2517 2413 2754 2485 Χριστοῦ
2801 2413 3042 2483 μάρτυρ,
3101 2411 3199 2484 σὺν
3248 2414 3694 2482 πατριάρχαιςό

2102 2506 2459 2576 Πατριάρχης
2487 2546 2502 2570 ,
2560 2504 2700 2574 μετᾶ
2759 2502 2990 2558 δικαίων
3028 2502 3123 2556 καὶ
3170 2503 3429 2571 ἀσκητῶν
3476 2507 3506 2557 ὀ
3556 2505 3695 2574 περὶ

2109 2597 2290 2650 πάντα
2318 2597 2525 2660 τέλειος
2563 2595 2999 2664 καταλεγόμενος
3020 2635 3036 2658 ,
3063 2594 3217 2658 τέλος
3243 2634 3258 2658 ,
3302 2595 3388 2667 τῷ
3406 2595 3694 2667 προσώταρ

2101 2688 2346 2760 Χριστοῦ
2381 2689 2756 2760 ὀπτανόμενος
2782 2727 2796 2753 ,
2829 2687 2968 2758 ὑπὲρ
3013 2687 3077 2742 οῦ
3111 2688 3342 2760 μυρίους
3380 2690 3475 2742 καὶ
3514 2690 3694 2758 μεγά-

2101 2778 2225 2843 λους
2260 2779 2539 2849 ὑπήνεγκε
2566 2777 2761 2840 πόνους
2785 2773 2806 2842 ,’
2839 2777 3134 2832 ἀπολαύων
3163 2778 3261 2847 τῆς
3291 2779 3454 2832 αὑτοῦ
3486 2778 3695 2851 ὡραιό-

2095 2887 2263 2942 τητος
2289 2870 2384 2923 καὶ
2417 2868 2754 2939 γλυκύτητος
2799 2869 2920 2922 ἀντὶ
2948 2870 3049 2940 τῆς
3099 2870 3298 2939 πικρᾶς
3316 2870 3405 2921 καὶ
3423 2867 3693 2939 ἁλγεινῆς

2102 2967 2210 3022 τῶν
2245 2965 2499 3038 βασάνων
2541 2964 2630 3020 πεί
2638 2980 2760 3036 ρας.

2171 3170 2262 3242 ιη’.
2316 3169 2480 3236 Ἀλλ’,
2519 3163 2564 3224 ὧ
2602 3169 2756 3240 ἆρμα
2781 3168 2947 3235 θεῖον,
2986 3169 3079 3224 τὸν
3107 3168 3242 3224 Θεὸν
3263 3168 3602 3241 ἡνιοχοῦντά
3629 3185 3690 3223 σε

2101 3262 2288 3334 φέρον,
2323 3261 2393 3315 δι’
2441 3255 2501 3314 οὗ
2543 3263 2599 3314 αί
2653 3261 2936 3331 φάλαγγες
2972 3259 3076 3332 τῆς
3123 3262 3474 3332 μισοχρίστου
3528 3261 3688 3332 αιρέ-

2097 3351 2686 3425 σεωςέτροπὼθησανι
2719 3344 2790 3404 Ὦ
2825 3354 3021 3423 στόμα,
3047 3352 3109 3406 τὸ
3132 3352 3202 3408 τὰ
3232 3352 3352 3405 θεῖα
3393 3351 3690 3420 σαλπίσαν,

2096 3443 2426 3514 ὑψηλότερον
2455 3442 2564 3496 τῶν
2593 3441 2687 3496 τοῦ
2723 3442 2881 3514 Ναυῆ
2916 3441 3340 3511 σαλπίγγων,δι’
3367 3425 3432 3496 οὑ
3450 3443 3512 3495 τὸ
3543 3442 3692 3513 ῑερό-

2100 3535 2263 3589 συλον
2293 3534 2406 3588 τῶν
2435 3535 2824 3605 χριστομάχων
2855 3534 3128 3606 ὀχύρωμα
3159 3533 3495 3605 κατεϐλήθη,
3529 3537 3626 3588 καὶ
3651 3535 3690 3606 ἡ

2097 3625 2330 3698 πατρῴα
2379 3625 2696 3698 ὀρθοδοξία,
2748 3627 2825 3689 ὡς
2873 3626 3010 3696 άλλη
3066 3643 3152 3690 τις
3183 3627 3254 3697 γῆ
3306 3625 3690 3695 ἐπαγγελίας,

2099 3721 2265 3773 παντὶ
2325 3717 2840 3788 κατεκληροδοτήθη
2869 3712 2951 3787 τῷ
2995 3715 3100 3786 νέῳ
3126 3716 3219 3772 τοῦ
3254 3715 3390 3770 Θεοῦ
3439 3717 3687 3787 Ἰσραήλί

2096 3805 2168 3863 Ὦ
2195 3810 2292 3882 τῆς
2319 3809 2412 3863 τοῦ
2441 3809 2603 3862 Δαυῒδ
2635 3808 2916 3877 ἀριστείας
2940 3809 3035 3861 καὶ
3063 3807 3293 3878 ζηλῶτα-
3310 3808 3406 3861 καὶ
3433 3808 3644 3878 διάδοχε
3666 3811 3683 3864 Ι

2107 3901 2204 3964 Ὦς
2227 3901 2337 3972 γὰρ
2365 3885 2572 3964 ἐκεῖνος
2618 3899 2753 3971 λίθῳ
2781 3903 2873 3953 τὸν
2909 3899 3105 3955 ramo
3158 3900 3373 3964 ιεαλεν,
3401 3899 3546 3954 οὕτω
3593 3899 3693 3954 και

2097 3991 2261 4056 αὑτὸς
2307 3991 2401 4045 τὸν
2431 3991 2532 4061 τῆς
2577 3992 2846 4063 αἱρέσεως
2895 3991 3162 4064 πρόϐολον
3195 3993 3424 4066 δοκῆσαι
3457 3992 3558 4063 τὴν
3593 3991 3693 4046 τοῦ

2098 4083 2274 4152 Λόγου
2307 4083 2584 4153 σάρκωσιν
2611 4076 2999 4155 δυσφημοῦντα
3018 4083 3098 4155 τῷ
3120 4083 3502 4155 άκρογωνιαίῳ
3529 4082 3693 4154 λίθῳ,

2099 4179 2220 4249 ἢτοι
2249 4175 2486 4248 Χριστοῦ
2519 4175 2711 4247 ἀληθεῖ
2748 4174 2964 4248 σώματι
2997 4176 3438 4247 “namque.
3480 4171 3554 4230 Ὦ
3593 4175 3692 4231 τοῦ

2095 4269 2386 4333 Μωῦσέως
2439 4269 2536 4322 καὶ
2577 4269 2743 4340 ζήλου
2791 4270 2888 4323 καὶ
2929 4269 3292 4340 δημαγωγίας
3335 4268 3556 4340 μιμητά
3593 4271 3694 4324 καὶ

2100 4362 2450 4434 κληρονόμει
2489 4360 2657 4432 ἡγὰρ
2701 4361 2823 4432 οὑχὶ
2855 4361 2950 4416 καὶ
3002 4361 3167 4428 αὑτὸς
3214 4362 3291 4425 ὡς
3325 4363 3536 4424 ἐκεῖνος
3579 4361 3692 4432 πρὸ

418 4455 584 4510 minis
653 4462 813 4520 sunt,
879 4451 1196 4522 eaplevisti;
1262 4461 1517 4506 vexatum
1579 4462 1996 4522 gementemque

2103 4455 2202 4525 τῆς
2225 4453 2399 4525 ἀρχῆς
2426 4452 2497 4507 τὰ
2515 4453 2615 4524 τῆς
2629 4453 2808 4525 ἀρχῆς
2837 4453 3187 4518 ἐπιδέδειξαι,
3219 4454 3691 4524 ἐπισκεπτόμενος

419 4543 516 4602 Dei
577 4545 834 4616 populum
884 4545 1150 4609 visitaus,
1186 4547 1551 4614 animamque
1599 4559 1698 4614 pro
1741 4545 1996 4600 universa

2103 4547 2193 4602 τὸν
2227 4543 2572 4616 κακούμενον
2629 4546 2729 4599 καὶ
2773 4545 3040 4599 *στένοντα
3094 4545 3378 4618 ὀρθόδοξον
3424 4545 3558 4600 λαὸν
3592 4545 3689 4599 τοῦ

417 4637 661 4694 Ecclesia
694 4652 939 4708 ponens,
979 4637 1130 4707 prius
1171 4637 1428 4707 quidem,
1464 4645 1524 4690 ut
1567 4635 1690 4702 ille,
1723 4636 1776 4692 in
1812 4635 1993 4708 fugam

2103 4637 2260 4704 Θεοῦ,
2305 4639 2400 4692 καὶ
2445 4639 2545 4709 τὴν
2581 4636 2760 4708 ψυχὴν
2807 4637 2949 4708 ὑπὲρ
3009 4638 3108 4708 τῆς
3159 4639 3288 4712 ὅλης
3351 4637 3693 4712 Ἐκιιλησίας

417 4747 642 4797 versus,
694 4729 1038 4802 postmodum
1074 4743 1362 4796 reversus,
1409 4728 1593 4783 divino
1645 4739 1705 4783 ut
1742 4727 1830 4784 ille
1865 4745 1996 4784 ora-

2103 4731 2424 4802 προέμενον,
2455 4729 2645 4798 φυγὼν
2705 4728 2805 4800 μέν
2857 4729 2980 4783 κατ’
3038 4731 3247 4782 ἐκεῖνον
3293 4729 3355 4783 τὸ
3389 4729 3688 4800 πρότερον,

417 4823 578 4889 culo,
637 4823 1008 4894 dominicique
1065 4820 1247 4892 gregis
1301 4820 1607 4891 principatu
1667 4823 1998 4877 condecora-

2103 4820 2447 4891 ὑποστρέψας
2475 4821 2531 4874 δέ
2559 4821 2761 4891 ὁμοίως
2793 4822 2944 4892 ὅμως
2967 4821 3202 4892 χρησμῷ
3245 4821 3344 4874 καὶ
3401 4821 3504 4891 τῆς
3537 4821 3694 4884 θείας

421 4918 552 4971 tus?
583 4915 648 4983 O,
678 4917 770 4986 qui
813 4916 997 4971 Eliaco
1029 4913 1303 4971 sacrilicio
1341 4915 1614 4970 sacratius
1645 4913 1755 4970 Deo
1797 4901 1999 4970 obtuli—

2107 4914 2503 4984 ποιμνιαρχίας
2534 4913 2880 4984 ὴξιωμένοςς
2914 4909 2987 4967 Ὦ
3011 4915 3114 4985 τῆς
3152 4915 3338 4968 Ἡλίου
3385 4913 3693 4984 ἱερωτέραν

417 5009 520 5076 sti;
555 5019 608 5062 et
659 5024 802 5074 non,
844 5017 903 5062 ut
954 5007 1082 5073 ille,
1135 5007 1398 5064 ducentos
1441 5006 1527 5062 vel
1573 5006 1999 5077 quadringentos

2103 5003 2294 5058 θυσίαν
2357 5002 2726 5075 προσαγαγὼν
2774 5004 2933 5074 Θεῷ,
2981 5005 3078 5060 καὶ
3121 5004 3182 5058 οὐ
3230 4995 3548 5067 διακοσίους
3596 5004 3696 5056 καὶ

415 5099 754 5156 cuttfusionis
789 5099 1098 5154 sacerdotes
1145 5097 1429 5166 mactasti,
1461 5097 1555 5153 sed
1585 5096 1818 5167 vigesies
1854 5098 1999 5154 mille

2103 5097 2506 5168 τετρακοσίους,
2528 5096 2603 5160 ὡς
2623 5097 2806 5162 αὑτὸς,
2830 5097 3036 5151 ἀνελὼν
3061 5100 3231 5169 ίερείς
3247 5097 3538 5167 αἰσχύνης,
3553 5095 3696 5150 ἀλλὰ

415 5192 720 5258 etamplius
753 5206 878 5246 vera
901 5189 1222 5246 confusione
1241 5191 1434 5260 dignos
1452 5191 1770 5246 sacerdotes
1795 5189 1860 5261 (ι)
1898 5190 1996 5244 im-

2103 5187 2426 5260 δισμυρίους
2445 5189 2539 5241 καὶ
2560 5189 2873 5260 περαιτέρω
2889 5193 2988 5261 τῆς
3011 5190 3180 5253 ὅντως
3207 5189 3472 5260 αἰσχύνης
3506 5189 3696 5254 ἀξίους

414 5283 705 5356 pedivisti,
763 5283 1136 5354 obstitistique
1165 5298 1243 5339 .ue
1278 5283 1442 5352 impie
1486 5282 1660 5338 sacris
1707 5280 1996 5353 fungeren-

2103 5281 2261 5352 ἱερεῖς
2290 5280 2544 5345 κωλύσας
2575 5297 2634 5334 τε
2665 5282 2761 5336 καὶ
2793 5281 3091 5354 καθεῖρξας
3131 5281 3410 5336 δυσσεὸὦν
3439 5278 3696 5352 ἱερᾶσθαι

483 5486 552 5557 (ι)
591 5480 871 5557 Quotquot
905 5475 1236 5557 scilicetpin
1269 5473 1750 5557 lconomae‘hornm
1799 5473 1994 5544 impic-
2106 5473 2158 5528 in
2183 5473 2378 5557 horum
2404 5473 2618 5529 delectu
2649 5474 2756 5557 alia
2777 5475 2972 5557 haberi
2991 5476 3160 5557 _ra_tio,
3186 5484 3244 5529 ut
3267 5489 3430 5557 supra
3447 5475 3689 5557 dictum,

415 5544 554 5610 mea
591 5544 860 5624 prolapsi,
897 5549 1020 5624 jam
1077 5547 1282 5602 dictum
1332 5546 1477 5600 circa
1528 5544 1732 5624 Christi
1786 5559 1986 5624 t‘0rptts
2094 5559 2260 5624 quam
2287 5553 2344 5598 ut
2369 5559 2586 5624 semper
2607 5545 2950 5624 _o_r_thodox_os
2988 5546 3158 5601 fuisse
3181 5555 3494 5624 constaret,
3533 5547 3690 5624 licet,

415 5612 656 5681 morem
684 5612 1149 5691 professi'fuentnt
1183 5634 1196 5672 :
1227 5630 1454 5691 Quorum
1485 5628 1609 5691 cum
1633 5615 1748 5669 loca
1775 5612 1986 5691 noviter
2091 5612 2160 5667 ob
2192 5615 2328 5691 alias
2355 5612 2500 5691 oliui
2533 5616 2777 5686 publicas
2801 5618 2991 5687 culpas
3015 5656 3032 5684 ,
3071 5629 3135 5680 eo
3164 5618 3335 5687 gradu
3359 5630 3554 5670 essent
3575 5612 3683 5671 lor-

398 5683 1086 5752 ordiuutis'sacerdotibus
1114 5683 1294 5744 essent
1320 5684 1619 5756 explenda,
1657 5701 1762 5740 non
1808 5685 1984 5754 potuit
2092 5685 2253 5740 t-assis
2281 5683 2506 5755 indigni.
