3932 6214
264 303 390 370 tat

1781 286 1976 352 VlTA.

3395 291 3532 356 126?.

261 415 762 488 ἱπαισχυνομένους
819 414 1105 487 ὁμολογεῖν
1157 413 1252 485 τὴν
1313 411 1520 484 ἀψευδῆ
1564 410 1658 466 τοῦ
1717 410 1854 464 Θεοῦ

1968 420 2067 478 tur,
2097 399 2484 468 erubescentes
2512 424 2694 467 veram
2726 411 2893 468 divini
2920 410 3079 468 Verbi
3113 411 3528 480 humanitatem,

262 506 440 579 Λόγου
465 509 767 579 σάρκωσιν,
799 509 869 562 δι’
907 502 977 580 ἧς
1007 507 1069 561 τδ
1089 505 1438 578 ἀνθρώπινον
1462 505 1623 575 γένος
1653 504 1852 557 ἀνακε-

265 602 578 666 καίνισταν,
623 599 898 670 εὐκαίρως
937 598 1000 651 τὸ
1031 598 1129 667 τῆς
1179 597 1349 668 σοφῆς
1383 595 1687 668 παροιμίας
1721 594 1853 658 ἔπος

261 696 440 748 εἰπεῖν
469 710 482 724 ο
535 691 736 746 Θυσίαι
783 691 1000 746 ἀσεϐῶν
1034 679 1311 762 βδέλυγμα
1354 690 1571 762 Κυρίῳ,
1617 689 1854 761 καὶγὰρ

264 786 598 858 παρανόμως
635 784 1047 856 προσφέρουσιν
1081 782 1273 847 αὑτάς.
1316 781 1407 853 Τῷ
1457 781 1572 837 ὄντι
1601 783 1708 852 γὰρ
1745 799 1852 834 πα-

265 881 496 950 ράνομοι
524 879 572 931 οἱ
603 877 863 942 τοιοῦτοι,
897 876 1242 948 ἐψευσμένου
1273 875 1530 946 σώματος
1554 876 1854 930 ἀντίτυπον

269 971 447 1041 σῶμα,
483 969 694 1040 ψευδῶς
728 970 807 1033 είς
838 969 1031 1024 θυσίαν
1068 968 1613 1041 παραλαμϐάνοντες.
1646 963 1716 1022 Ὦ
1748 969 1850 1038 τῆς

269 1065 479 1131 Πέτρου
513 1064 686 1132 Θὴκης
715 1053 1053 1133 θεραπευτὰ,
1080 1063 1177 1116 καὶ
1196 1062 1292 1115 τοῦ
1325 1063 1540 1116 ἐκεῖθεν
1565 1061 1850 1132 ἀγιασμοῦ

267 1154 368 1224 τῆς
394 1155 588 1223 ἀγνίας
624 1153 1046 1226 θησαυροφύλαξ
1068 1156 1080 1208 !
1115 1151 1186 1207 Ὦ
1213 1147 1429 1208 Παῦλον
1453 1154 1704 1228 [μᾶλλον]
1725 1156 1855 1208 ἀνα-

268 1246 446 1303 πνέων
485 1246 518 1316 ῆ
550 1245 650 1298 τον
679 1245 821 1317 ἀέρα
850 1247 864 1299 ι
897 1242 968 1298 Ὦ
992 1246 1176 1316 πάσης
1197 1245 1350 1310 θείας
1381 1246 1478 1300 καὶ
1504 1247 1854 1318 προφητικῆς

267 1337 493 1407 Γραφῆς
548 1336 819 1404 γλῶσσαι
879 1334 952 1394 Ὦ
1010 1333 1378 1409 εὐαγγελικῆς
1441 1339 1710 1411 σαφηνίας
1757 1339 1854 1408 καὶ

265 1431 490 1500 χάριτος
525 1426 707 1499 βίϐλος
735 1471 750 1495 ,
801 1431 839 1482 Γ
848 1431 1107 1502 ρηγορέου
1154 1432 1251 1484 καὶ
1286 1431 1571 1485 Βασιλείου
1604 1433 1701 1485 καὶ
1742 1431 1852 1485 τῶν

269 1523 392 1576 κατ’
423 1523 624 1601 absab;
662 1523 936 1592 θεολόγων
971 1523 1296 1592 συνθεο>.όγε
1341 1524 1442 1592 καὶ¹
1468 1523 1740 1596 σύσκηνεῐ
1783 1523 1854 1578 Ὠ

268 1607 660 1687 ἀκτημοσῦνης
715 1617 1078 1687 δυσπορίστου
1125 1617 1370 1687 κτήσεως
1404 1617 1854 1688 κτῆτορίτοσαύ-

1951 519 2047 576 per
2075 512 2237 576 quam
2303 519 2474 574 genus
2529 506 2822 560 lmmauum
2879 514 3194 560 renovatum
3233 514 3336 571 est,
3376 506 3534 575 proli-

1953 599 2094 666 teri;
2129 608 2431 669 opportune
2479 598 2763 669 prudentis
2803 597 2949 653 illius
2977 598 3248 668 proverbii
3283 613 3530 654 memor:

1956 690 2240 746 Sacriﬁcia
2305 690 2595 761 impiorum
2650 690 2984 746 abominatio
3038 687 3303 755 Domino;
3347 704 3412 744 ea
3464 690 3536 745 si-

1953 782 2171 851 quidem
2219 781 2470 851 nequiter
2502 781 2766 848 oll'erant,
2799 781 2997 852 quippe
3038 779 3313 836 falsiﬁcati
3340 795 3535 850 corpo-

1954 876 2032 931 ris
2061 875 2408 945 ﬁgurativum
2438 889 2636 945 corpus
2668 872 2806 928 falso
2842 875 2919 944 (ιι)
2951 874 3003 928 in
3032 873 3360 928 sacrificium
3393 873 3536 930 acci-

1954 969 2191 1040 pientes.
2240 966 2285 1024 Ο
2322 968 2503 1024 cultor
2549 966 2785 1037 sepulcri
2818 965 3007 1020 Sancti
3039 963 3213 1030 Petri,
3255 977 3307 1019 et
3333 966 3537 1022 sancti-

1957 1062 2084 1116 tatis
2128 1061 2360 1130 indeque
2408 1059 2716 1115 cmanantis
2768 1057 3106 1114 castimonia
3157 1059 3531 1116 thesaurariel

1953 1153 1998 1211 Ο
2033 1155 2124 1225 qui
2179 1155 2404 1210 Paulum
2451 1155 2622 1224 magis
2667 1169 2832 1224 quam
2883 1166 3062 1207 aerem
3098 1151 3272 1222 ipsum
3323 1151 3531 1222 spiras!

1954 1247 1998 1303 Ο
2051 1247 2216 1302 totius
2253 1245 2452 1302 divina
2499 1262 2564 1301 ac
2609 1245 2940 1316 prophetica
2975 1244 3272 1315 Scriptura
3317 1243 3533 1315 lingua!

1957 1339 2001 1394 0
2034 1335 2372 1408 Evangelica
2418 1335 2886 1409 interpretationis
2926 1346 2980 1392 et
3015 1337 3202 1408 gratia
3234 1337 3372 1392 liber
3409 1353 3534 1396 cum

1957 1429 2257 1502 Gregorio,
2297 1424 2528 1498 Basilio,
2571 1440 2626 1486 et
2660 1429 2882 1499 reliquis
2914 1430 3208 1486 secundum
3237 1445 3331 1484 eos
3385 1431 3540 1508 tbeo-l

1956 1520 2130 1591 legis,
2179 1520 2464 1591 theologus
2532 1521 2696 1575 etiam
2751 1521 2866 1590 ipse
2913 1532 2968 1575 et
3012 1520 3452 1576 contubernalis!
3491 1521 3542 1599 0.

1959 1614 2298 1684 paupertatis
2326 1629 2433 1668 non
2484 1616 2553 1668 ita
2589 1614 2750 1669 facile
2791 1611 3054 1684 parabilis
3091 1616 3408 1682 possessor!
3443 1615 3539 1678 tali

269 1722 370 1776 της
400 1707 511 1778 γὰρ
543 1708 637 1760 καὶ
666 1706 860 1778 ἡλίκης
895 1702 1216 1776 περιουσίας
1233 1709 1328 1762 καὶ
1357 1703 1607 1773 ἔξουσίας
1641 1711 1850 1790 κατάρ-

1968 1707 2104 1760 enim
2150 1715 2408 1776 tantaque
2438 1706 2712 1776 epulentia
2749 1717 2804 1760 et
2852 1707 3090 1776 potentia
3135 1708 3362 1776 pollens,
3391 1709 3539 1763 omni

273 1797 393 1863 ξας,
422 1797 630 1867 γυμνὸς
657 1797 838 1874 πάσης
866 1797 1058 1868 ὑλικῆς
1087 1797 1319 1862 κτίσεως
1353 1798 1444 1853 τὸν
1474 1799 1589 1868 βίον
1613 1799 1850 1871 διῆλθες,

277 1887 355 1959 μὴ
389 1886 530 1958 ἔχων
569 1887 672 1944 ποῦ
704 1887 797 1940 καὶ
824 1887 987 1950 αὐτὸς
1017 1887 1332 1959 ὑποσκηνὴν
1359 1889 1728 1959 προσπαθείας
1757 1889 1855 1961 τὴν

273 1979 517 2050 κεφαλὴν
555 1975 768 2033 κλῖναι·
793 1980 820 2033 ὁ
851 1979 1048 2052 πένησι
1073 1981 1486 2050 συμπενόμενος
1507 2020 1522 2045 ,
1559 1982 1654 2034 καὶ
1687 1980 1855 2046 ξένοις

275 2069 700 2141 συγξενητεύων,
730 2071 808 2142 τῷ
843 2071 944 2143 μὲν
968 2069 1034 2144 τῇ
1065 2071 1173 2126 τῶν
1199 2071 1396 2144 χρειῶν
1420 2073 1748 2144 μεταδώσει,
1777 2074 1858 2145 τῷ
1889 2090 1891 2092 ·

270 2159 332 2212 δὲ
361 2163 428 2230 τῇ
463 2161 872 2231 ἀπροσπαθείᾳ.

350 2250 438 2307 ιϐ’.
474 2248 545 2306 Ὦ
573 2254 946 2325 Πατριάρχας,
991 2253 1365 2326 Ὀμολογητάς
1393 2244 1734 2329 ὀρθοδόξους,
1764 2259 1859 2314 καὶ

277 2343 490 2413 ζῶντας
529 2349 622 2402 καὶ
659 2349 1037 2418 μεταστάντας
1082 2351 1177 2403 καὶ
1221 2349 1480 2416 θανόντας
1512 2353 1751 2423 τιμήσας
1781 2353 1859 2417 ὡς

276 2439 548 2509 πατέρας,
583 2438 708 2492 ὅθεν
742 2435 801 2494 εὖ
834 2457 916 2493 σοι
942 2443 1274 2511 γεγένηταιι
1303 2437 1373 2496 Ὦ
1412 2444 1616 2506 παντὸς
1649 2442 1857 2513 ἀγαθοῦ

277 2531 444 2601 ἔργου
480 2533 572 2584 καὶ
601 2525 762 2600 λόγου
804 2535 1055 2601 ταμιεῖον
1083 2534 1115 2590 ἢ
1150 2534 1535 2606 καταγώγιονῐ
1584 2535 1859 2609 Πρόστηθι

277 2625 375 2677 καὶ
422 2623 517 2677 νῦν
567 2624 817 2694 συνήθως
854 2627 952 2695 τῆς
1005 2625 1242 2698 ποίμνης
1293 2644 1386 2681 σου
1405 2643 1428 2662 -·
1466 2627 1631 2700 ῥῆξον
1676 2628 1860 2696 ἱκετη-

281 2713 433 2785 ρίους
467 2712 653 2782 φωνὰς
693 2715 826 2786 πρὸς
860 2714 1095 2786 Χριστὸν
1123 2716 1215 2770 τὸν
1237 2716 1370 2771 Θεὸν
1394 2718 1576 2789 ἡμῶν,
1614 2719 1861 2789 ἐπισχεῖν

278 2798 395 2858 τῶν
437 2803 728 2876 βαρϐάρων
773 2807 944 2860 ὲθνῶν
981 2808 1080 2872 τὰς
1124 2809 1380 2877 ἐφόδους,
1410 2808 1721 2875 ἀπαλλάξαι
1753 2809 1862 2864 τῶν

281 2895 712 2967 λοιμαινομὲνων
735 2895 918 2968 θηρῶν
941 2898 1040 2970 τὴν
1072 2897 1238 2954 αὐτοῦ
1279 2899 1630 2971 Ἐκκλησίαν,
1661 2899 1864 2966 ἐξελεῖν

285 2989 354 3042 τὰ
378 2986 473 3040 τοῦ
505 2987 743 3058 πονηροῦ
767 2989 1060 3057 σκάνδαλα,
1087 2991 1346 3062 εὐνομίαν
1367 3009 1427 3046 τε
1456 2993 1550 3046 καὶ
1579 2994 1864 3065 εὐετηρίαν

283 3071 366 3149 τῷ
417 3079 793 3151 Χριστωνύμῳ
833 3080 948 3152 λαῷ
991 3081 1382 3155 δωρήσασθαι,
1415 3087 1527 3149 τοῖς
1573 3085 1865 3141 Βασιλεῦσι

287 3169 590 3241 βραϐεῦσαι
633 3170 702 3225 τά
753 3174 1047 3244 νικητήρια
1071 3213 1086 3240 ,
1118 3175 1179 3227 τὸ
1203 3174 1305 3245 τῆς
1354 3175 1665 3246 ὁρθοδοξίας
1697 3177 1863 3232 καλὸν

285 3262 678 3333 συντηρεῐσθαι
725 3263 1042 3336 ἀλὼϐητον,
1079 3265 1332 3337 ἀκύμονα
1375 3267 1521 3340 ζωὴν
1565 3271 1704 3324 πᾶσι
1749 3272 1863 3335 τοῖς

287 3355 504 3416 πιστοῖς
526 3353 906 3425 δωρήσεσθαι,
954 3356 1051 3410 καὶ
1079 3358 1216 3428 πρδς
1257 3356 1472 3422 τούτοις
1513 3358 1722 3423 πάντας
1757 3359 1864 3430 dm.

286 3443 451 3513 χικῆς
483 3445 762 3515 σωτηρίας
799 3445 1137 3513 καταξιῶσαι
1163 3485 1178 3512 ,
1215 3447 1274 3501 ἐν
1303 3447 1454 3519 αὐτῷ
1497 3449 1756 3520 Χριστῷ,
1787 3448 1866 3520 τῷ

291 3538 574 3603 μονογενεῖ
594 3534 708 3606 Υἱῷ
735 3536 830 3591 τοῦ
863 3536 998 3593 Θεοῦ
1016 3539 1108 3593 καὶ
1137 3538 1277 3610 Θεῷ,
1307 3540 1426 3609 μεθ’
1444 3533 1509 3594 οὗ
1535 3540 1614 3612 τῷ
1643 3540 1866 3613 ἀνάρχῳ

290 3626 490 3697 Πατρὶ,
509 3628 607 3680 σὺν
635 3627 712 3700 τῷ
737 3629 992 3700 παναγίῳ
1023 3632 1115 3684 καὶ
1139 3630 1388 3704 ζωοποιῷ
1420 3633 1702 3704 Πνεῦματι
1723 3634 1874 3701 δάξα,

285 3717 427 3788 τιμὴ
461 3717 558 3770 καὶ
588 3719 944 3792 εὐχαριστία,
977 3721 1072 3776 νῦν
1104 3724 1196 3778 καὶ
1219 3725 1310 3780 ἀεὶ
1345 3726 1560 3793 anhele
1591 3729 1720 3794 τοὺς
1749 3729 1874 3784 ἀτε-

287 3808 594 3878 λευτήτους
627 3812 832 3879 αἰῶνας
857 3814 967 3870 τῶν
1003 3817 1240 3874 αἰώνων.
1288 3819 1484 3892 Ἀμήν.

1877 4011 1947 4026 υ..

1963 1799 2230 1853 materiali
2281 1799 2622 1869 possessione
2678 1807 2873 1854 exutus
2916 1800 3079 1854 vitam
3129 1798 3392 1869 exegisti,
3433 1813 3540 1854 non

1964 1891 2171 1946 habens
2205 1890 2292 1944 ubi
2335 1892 2440 1946 sub
2487 1889 2805 1946 umbraculo
2839 1887 3146 1944 affectionis
3169 1899 3331 1959 caput
3367 1889 3540 1944 decli-

1964 1995 2126 2036 nares
2162 1999 2175 2036 :
2211 1983 2302 2052 qui
2342 1996 2465 2036 cum
2511 1982 2800 2050 egentibus
2835 1997 2941 2034 una
2985 1980 3184 2051 egebas
3215 1993 3268 2035 et
3305 1981 3544 2051 peregri~

1965 2070 2204 2138 nabaris,
2233 2082 2342 2126 tum
2365 2089 2542 2128 rerum
2564 2088 2812 2128 necessat
2827 2073 3001 2127 iarutn
3027 2072 3546 2137 communicatione,

1966 2175 2078 2220 tum
2111 2165 2279 2220 animi
2313 2179 2578 2234 nusquam
2608 2163 2750 2220 allisi
2783 2163 3056 2220 libertate.

2038 2257 2124 2313 19.
2159 2253 2202 2310 Ο
2241 2256 2330 2325 qui
2367 2254 2745 2319 Patriarchas,
2793 2253 3150 2309 Confessores
3187 2253 3541 2317 orthodosos,

1965 2358 2022 2405 et
2077 2350 2238 2404 vivos
2286 2359 2341 2404 et
2391 2352 2706 2404 demortuos
2748 2348 2972 2418 jamque
3022 2358 3407 2417 consumptos,
3463 2347 3544 2402 uti

1967 2437 2223 2514 parentes
2260 2441 2500 2507 coluisti,
2536 2441 2680 2496 unde
2709 2440 2887 2496 fausta
2930 2439 3027 2495 tibi
3057 2442 3314 2495 evenere!
3348 2439 3392 2496 Ο
3422 2442 3546 2495 uni.-

1967 2549 2141 2589 versa
2181 2535 2360 2602 proba
2388 2534 2724 2604 operationis
2756 2533 3131 2602 sermonisque
3153 2532 3404 2587 ararium
3428 2532 3546 2587 sive

1971 2626 2285 2694 hospitium,
2319 2640 2503 2680 curam
2531 2640 2677 2680 nunc
2705 2640 2920 2695 quoque
2946 2639 3042 2693 pro
3077 2640 3226 2680 more
3256 2625 3332 2678 tui
3365 2623 3548 2694 gregis

1971 2717 2201 2784 habeto;
2239 2716 2509 2787 supplices
2562 2733 2722 2772 voces
2768 2717 2835 2770 ad
2888 2715 3160 2771 Christum
3222 2713 3390 2769 Deum
3440 2729 3543 2769 tto-

1969 2823 2141 2881 strum
2181 2809 2472 2874 ell'undito,
2517 2819 2574 2863 ut
2607 2809 2964 2864 barbararum
3000 2807 3278 2863 nationum
3312 2805 3548 2876 impetus

1970 2912 2313 2971 compescat,
2376 2901 2675 2955 Ecclesiam
2730 2914 2883 2955 suam
2955 2913 2985 2954 a
3065 2897 3550 2968 perniciosissimis

1970 2994 2126 3050 bellis
2158 2995 2450 3053 imumnem
2486 2995 2673 3051 reddat
2693 3033 2708 3060 ,
2739 2994 2970 3065 improbi
3002 2993 3261 3048 damonis
3290 2992 3547 3048 scandala

1971 3087 2251 3152 eradicet,
2297 3086 2534 3158 quietem
2575 3096 2631 3142 et
2676 3085 3067 3141 abundantiam
3109 3083 3420 3142 Christiano
3452 3098 3556 3152 po.

1969 3180 2096 3248 pulo
2121 3179 2405 3249 largiatur,
2457 3170 2741 3234 victoriam
2777 3176 3203 3247 imperatoribus
3240 3175 3546 3243 ministret,

1969 3273 2290 3328 orthodoxa
2364 3271 2488 3326 ﬁdei
2549 3271 2867 3341 dignitatem
2931 3268 3155 3324 illasam
3230 3276 3548 3333 conservet,

1973 3362 2222 3430 ﬁdelibus
2269 3361 2522 3416 erunibus
2563 3361 2730 3414 vitam
2778 3358 3127 3428 tranquillam
3168 3357 3453 3422 concedat,
3492 3365 3552 3412 et

1971 3468 2083 3530 pra
2116 3453 2202 3508 his
2230 3452 2481 3507 omnibus
2515 3461 2732 3506 aterna
2764 3451 2958 3504 salutis
2999 3450 3191 3518 dignos
3227 3448 3444 3515 elﬁciat,
3491 3448 3546 3504 in

1975 3548 2092 3617 ipso
2141 3547 2360 3603 Christo
2407 3545 2692 3616 unigenito
2731 3544 2871 3600 Filio
2908 3545 3000 3600 Dei
3029 3553 3087 3600 et
3123 3544 3258 3610 Deo,
3282 3558 3404 3602 cum
3439 3559 3552 3614 quo

1973 3641 2092 3697 sine
2121 3641 2389 3712 principio
2437 3639 2622 3708 Patri,
2665 3648 2719 3697 et
2746 3639 3094 3696 sanctissimo
3129 3648 3293 3708 atque
3337 3635 3550 3693 viviﬁco

1975 3728 2234 3802 Spiritui;
2261 3733 2431 3804 gloria
2457 3771 2472 3798 ,
2504 3731 2698 3799 honor,
2725 3739 2782 3787 et
2807 3731 3107 3801 gratiarum
3133 3729 3295 3795 actio,
3324 3743 3468 3784 nunc
3493 3737 3550 3785 et

1974 3839 2215 3896 semper,
2251 3826 2377 3881 etin
2403 3825 2736 3897 sempiterna
2761 3825 2958 3883 sacula
2983 3823 3324 3881 saeculorum.
3351 3821 3546 3879 Amen.

1234 4137 1839 4236 ANALECTA
1914 4149 2074 4238 EX
2148 4141 2594 4242 VARIIS.

1661 4491 1896 4549 CAPUT
1939 4495 2231 4552 PRIMUM.

709 4629 1060 4692 Castimonia.
1094 4635 1378 4694 [Ενιιηιηω
1409 4639 1464 4694 iu
1497 4640 1771 4711 spelunca.
1809 4647 1943 4711 Acta
1975 4647 2028 4698 in
2055 4613 2195 4700 lauta
2236 4646 2529 4718 Theophili.
2564 4649 2859 4704 Calumniw
2890 4648 3142 4720 depulsa.

367 4766 422 4832 1.
446 4773 862 4831 Sanctissimum
887 4775 1257 4832 Patriareham
1283 4777 1634 4847 Methodium,
1655 4781 1873 4839 natione
1905 4788 1951 4845 D
1981 4788 2153 4857 phoro
2192 4792 2540 4846 sanctissimo
2571 4790 2905 4846 Patrlarcha
2939 4791 3164 4846 crimina
3183 4833 3200 4861 ,
3230 4788 3458 4850 Romam
3484 4791 3556 4852 ad

296 4867 569 4935 Siculum,
594 4876 648 4921 et
685 4865 976 4940 Syracusis
1000 4879 1185 4924 natum
1221 4870 1616 4942 educatumque
1637 4912 1650 4938 ,
1683 4888 1746 4928 ac
1772 4888 1869 4928 va-

302 4957 402 5014 riis
419 4959 664 5015 scientiis
691 4969 748 5015 et
774 4959 1042 5030 piissimis
1085 4961 1328 5017 moribus
1351 4962 1658 5018 institutum
1679 4957 1870 5030 fuisse,

298 5064 365 5105 ac
407 5051 528 5105 dein
563 5049 1032 5122 Constantinopoli
1073 5051 1238 5107 vitam
1269 5056 1624 5110 monasticam
1657 5060 1868 5128 egisse,

297 5157 364 5198 ex
401 5141 550 5197 Actis
569 5142 679 5212 iam
706 5143 848 5198 datis
879 5153 1114 5199 constat.
1145 5145 1346 5200 [bidem
1375 5146 1548 5226 etiam
1577 5148 1716 5203 inter
1739 5143 1898 5220 pra?

298 5232 488 5301 cipuos
513 5234 662 5290 viros
687 5235 928 5289 habitum
947 5235 1270 5305 colligimus,
1291 5250 1355 5291 ex
1377 5240 1694 5308 compendio
1710 5240 1878 5295 histo-

297 5324 502 5378 riarum
531 5323 748 5395 Georgii
776 5325 1030 5392 Cedreni,
1058 5328 1110 5382 in
1147 5341 1254 5398 quo
1279 5343 1402 5399 pag.
1428 5328 1532 5384 5'58
1563 5331 1581 5395 (
1614 5346 1736 5386 nam
1766 5333 1876 5387 utl-
1909 5369 1914 5372 -

297 5428 420 5470 mur
453 5417 691 5473 editione
723 5417 1013 5490 Luparaa)
1039 5419 1236 5476 dicitur
1266 5421 1334 5477 ob
1369 5436 1390 5474 ι
1418 5422 1681 5478 intentata
1702 5421 1876 5481 Nico-

370 5573 450 5644 (ιι)
479 5573 616 5629 Cum
665 5575 810 5630 enim
849 5575 1058 5644 Corpus
1083 5574 1310 5644 Christi,
1337 5586 1396 5631 ut
1428 5576 1482 5631 in
1517 5575 1678 5632 Missa
1714 5577 1875 5633 oll'er-

1977 4875 2176 4948 Papam
2203 4878 2425 4935 missus.
2462 4898 2482 4933 ι
2515 4880 2712 4934 Fuerat
2734 4889 2956 4937 sanctus
2976 4879 3331 4950 Nicephorus,
3366 4880 3554 4940 Domi-

1978 4968 2096 5023 nica
2125 4965 2348 5025 Pascha
2371 4985 2511 5026 anno
2536 4970 2660 5039 806,
2687 4971 2992 5042 patriarcha
3029 4972 3310 5030 ordinatus
3331 4994 3345 5031 :
3365 4962 3552 5032 verum

1979 5078 2148 5132 usque
2178 5065 2245 5118 ad
2286 5079 2486 5118 annum
2523 5064 2620 5120 811
2666 5067 2973 5138 prohibitus
3011 5067 3111 5122 l’nit
3156 5084 3184 5122 a
3243 5067 3552 5139 Nicephoro

1979 5153 2340 5222 imperatore,
2391 5157 2679 5228 quominus
2726 5160 3013 5230 synodicas
3058 5160 3269 5217 litteras
3316 5161 3556 5217 mitteret

1977 5241 2204 5298 Romam
2235 5247 2378 5316 quod
2405 5248 2548 5300 dicto
2567 5246 2896 5318 imperatore
2921 5251 3026 5305 vita
3063 5249 3249 5307 functo
3271 5250 3551 5321 prastitit,

1977 5335 2156 5404 primo
2206 5352 2350 5394 anno
2400 5336 2678 5396 Michaelis
2728 5346 3082 5400 successoris.
3132 5343 3267 5398 Num
3313 5353 3441 5398 tunc
3481 5343 3554 5401 ad

1979 5424 2212 5482 Leonem
2243 5427 2302 5483 ΙΙΙ
2338 5445 2529 5500 papam
2577 5432 2750 5489 dictas
2781 5435 2991 5491 litteras
3040 5434 3326 5507 synodit-as
3366 5432 3555 5492 tulerit

1975 5595 2082 5657 que
2107 5581 2335 5657 mdium,
2359 5584 2550 5654 quisic
2579 5596 2789 5657 errant,
2814 5589 2928 5643 veri
2955 5585 3190 5643 nominis
3217 5585 3548 5648 sacrificium

301 5653 410 5708 tur,
461 5645 628 5716 ﬁgura
681 5646 750 5699 sit
787 5647 868 5699 sui
907 5646 1112 5716 ipsius,
1147 5657 1201 5699 ut
1243 5648 1294 5701 in
1327 5661 1492 5701 cruce
1520 5647 1724 5716 oblati;
1767 5664 1870 5702 non
1977 5645 2086 5707 Deo
2118 5645 2373 5712 offerunt.

299 5723 479 5784 potest
533 5715 605 5768 ibi
649 5717 829 5772 verius
866 5731 1097 5786 corpus,
1132 5730 1292 5786 quam
1333 5717 1418 5772 hic
1461 5715 1680 5785 oll'crri;
1717 5720 1872 5773 adeo-
