3932 6214
426 238 562 303 1263

1451 244 1510 304 S.
1557 243 1937 304 METIIODII
1979 245 2480 316 PATRIARCIixE
2517 251 2626 312 ΕΡ.

3540 259 3700 328 ίξὸί

421 362 642 408 sanctus
667 350 1096 419 Methodius;an
1122 358 1324 421 postea,
1351 352 1995 415 increbrescentebazresi
2027 361 2072 420 Α
2105 357 2332 414 interitu
2390 362 2979 432 vindicandas-ratus,
3061 367 3164 425 hoc
3229 369 3351 429 loco
3406 377 3696 448 subjiceno

421 444 900 500 lt-onomachorum
950 444 1050 498 sub
1078 442 1260 498 Leone
1298 445 1564 512 Armeno,
1594 457 1654 502 et
1691 449 1994 518 patriarcha

422 537 730 607 Nil-ephoro
780 535 980 590 missus
1023 532 1678 602 fuerit,'non~~indicatur
1724 541 1778 595 in
1815 543 1992 608 actis;

419 627 705 696 solumque
757 623 993 703 dicitur,
1047 642 1066 676 ι
1113 625 1644 703 ὶιωτθεὶωῐίοηιβιῃ
1691 645 1752 685 se
1800 641 1994 688 contn-

419 717 567 782 lisse,
612 734 630 768 ι
672 696 990 784 ,Αεειίηψείι
1039 713 1150 780 Leo
1199 717 1468 782 Armenus
1523 696 1806 788 imperium
1853 737 1994 776 anno

417 807 541 870 8l3,
579 821 608 858 a
645 819 774 874 quo,
805 818 949 865 anno
976 805 1256 876 sequenti,
1286 803 1506 878 sanctus
1533 805 1868 881 Nicephorus
1892 807 1994 882 pti-

417 884 651 952 triareha
684 897 736 950 in
765 896 1016 952 exsilium
1047 896 1381 968 deportatur.

485 990 542 1044 2.
584 987 702 1046 Jam
747 1004 866 1060 quae
911 997 1024 1043 tum
1069 987 1260 1044 Romae
1299 991 1624 1062 contigerint
1657 1001 1846 1066 sancto
1883 994 1990 1049 Mc-

417 1073 620 1147 thodio,
649 1080 728 1136 sic
762 1079 935 1150 pergit
965 1095 1188 1154 narrare
1222 1081 1496 1142 Cedrenus
1525 1101 1539 1138 :
1567 1103 1586 1137 ι
1617 1083 1752 1140 Eum
1785 1085 1993 1143 scilicet

416 1181 669 1226 vexatum
698 1169 878 1226 fuisse
901 1184 930 1224 a
971 1169 1116 1226 malo
1141 1171 1320 1240 genio,
1341 1177 1536 1228 carnis
1563 1174 1826 1244 studioso,
1871 1178 1992 1232 sine

415 1258 817 1314 intermissione
851 1259 970 1313 dies
999 1265 1296 1332 nentesque
1332 1274 1456 1313 eum
1492 1260 1742 1316 titillante
1765 1300 1780 1327 ,
1813 1272 1870 1318 et
1909 1261 1987 1318 rei

412 1363 661 1404 venerem
686 1349 983 1420 appetitum
1013 1333 1285 1404 excitante
1322 1367 1336 1404 :
1385 1349 1570 1421 itaque
1608 1351 1887 1406 ardentem
1924 1368 1986 1408 ea

411 1440 725 1510 cupiditate,
754 1455 818 1494 ac
857 1445 1064 1494 tantum
1099 1455 1202 1494 non
1231 1440 1756 1496 ei'succumbentem
1777 1484 1790 1508 ,
1825 1443 1987 1498 Petro

411 1529 780 1602 apostolorum
826 1531 1057 1602 principi
1103 1546 1224 1587 sese
1258 1533 1456 1588 dedere
1503 1533 1793 1600 ‘statuisse;
1845 1535 1984 1591 mul-

411 1624 590 1696 tisque
625 1609 802 1678 ab‘eo
844 1623 1100 1694 precibus
1132 1625 1513 1691 contendisse,
1547 1627 1626 1678 uti
1663 1640 1724 1681 se
1763 1625 1986 1680 libidine

2103 450 2245 507 volui
2281 469 2296 507 :
2845 469 2853 472 ’

2115 551 2119 556 ’
2168 561 2684 654 Ξῷρζῶντξινεξςρῷ,
2715 569 2810 654 κα).
2835 570 3016 654 νεκρῷ
3045 571 3340 654 ζωηςρόρῳε

2165 633 2214 717 13
2220 633 2404 717 alovst.
2418 637 2520 706 τὴν
2535 633 2677 717 fini,
2709 639 2808 717 xei
2841 633 3120 717 ιπακῐτοῖλέιτι⁸
3146 633 3258 717 :5be
3269 633 3455 717 αἰόλον,
3475 675 3478 680 -

2167 701 2414 780 Γραπτοὶ
2447 701 2720 777 γράξρὸυσι
2752 709 2965 782 δέσμιὸι
2990 711 3069 784 τῷ
3097 701 3327 788 Saenia».

2179 813 2302 895 [ica
2336 826 2627 895 percittpto,
2658 805 2966 895 t-ieiﬁcaque
2995 839 3222 886 mortuo.

2170 883 2389 972 Z'Erra'm
2418 883 2688 972 incolenti,
2721 883 2784 972 de
2811 883 3016 972 pariter
3042 883 3278 972 micanti
3308 903 3511 972 polum,

2165 953 2436 1025 Scripsere
2465 961 2644 1014 vincta
2677 953 2869 1029 cilicii,
2899 975 2948 1018 et
2975 953 3225 1038 inscripti
3239 953 3399 1028 nolis.

2093 1062 2298 1130 Quibus
2322 1057 2411 1122 ille
2449 1065 2785 1141 respondens
2815 1075 2866 1129 in
2907 1057 3024 1132 lucc
3069 1081 3236 1136 verba
3280 1087 3606 1156 rescripsit:

2163 1181 2302 1270 Eois;
2325 1187 2448 1270 ea};
2481 1185 2716 1270 βῐρλοισι
2751 1191 3000 1270 οὐραγῶν
3033 1195 3464 1270 κὶησιγράφους,

2161 1252 2270 1338 [ξφ-ἱ
2309 1254 2444 1338 πρὸς
2478 1252 2708 1338 ᾖξέτέιξτξα
2740 1252 3038 1338 σωξρρρνως

2132 1351 2138 1358 -
2161 1322 2524 1392 “possin-svo
2563 1322 2851 1395 ζώθαπτοξ
2868 1322 2954 1397 ’ὡς
2986 1322 3366 1408 σῦνδεσελὶουςᾷ

2161 1427 2306 1510 ρωςὶ
2345 1437 2576 1491 vicissim
2609 1440 2898 1510 descriptos
2925 1445 3255 1510 cmiestibus,

2123 1502 2442 1583 "Eaciesque
2480 1525 2584 1562 non
2611 1511 2724 1583 sine
2762 1502 2919 1566 {aude
2948 1502 3288 1583 compunctos
3317 1524 3459 1577 notis

2161 1573 2396 1642 Salutat,
2428 1585 2486 1630 ut
2517 1582 2818 1634 coneinctos
2847 1585 2992 1638 vivus
3034 1573 3284 1656 infossus.

409 1686 522 1770 ista
539 1713 796 1768 liberaret
833 1686 1028 1768 {hunc
1068 1723 1226 1770 nocte
1261 1714 1522 1780 astitisse,
1575 1730 1638 1770 ae
1676 1715 1851 1770 virilia
1883 1703 1978 1770 sua
2015 1725 2058 1781 Β
2091 1705 2136 1781 '__
2164 1687 2229 1781 m
2269 1686 2604 1746 δθδθτίθτηω
2655 1691 2933 1749 hominm"
3001 1711 3192 1756 “mus
3251 1704 3424 1770 θητεῖο
3473 1721 3676 1778 reapse

409 1815 571 1856 manu
596 1799 784 1856 dextra
804 1805 1112 1871 tangentem
1137 1801 1444 1858 adussisse:
1465 1801 1738 1872 simulque
1781 1805 1986 1862 dixisse

407 1889 543 1945 nihil
583 1903 706 1946 esse
735 1889 879 1960 quod
913 1888 968 1944 in
1000 1895 1275 1960 posterum
1329 1889 1538 1947 silii'ab
1569 1893 1672 1947 ista
1719 1905 1988 1951 metueret

405 1983 700 2055 voluptatis
721 1983 1182 2054 concupiscentia.
1223 2000 1242 2035 ι
1275 1983 1402 2039 Haec
1431 1983 1710 2070 Ccdrenus
1735 1999 1750 2039 :
1778 2001 1899 2057 quae
1923 1986 1981 2041 in

404 2074 554 2131 Actis
585 2089 692 2130 non
720 2074 1025 2145 attinguntu
1035 2091 1078 2128 r.
1667 2083 1678 2102 ί

475 2169 530 2222 ὅ.
559 2166 798 2221 Eminuit
825 2165 1010 2222 Roma:
1042 2167 1412 2224 sanctisvirtus
1437 2177 1491 2223 et
1521 2169 1792 2226 doctrina.
1829 2170 1982 2226 Sicut

403 2266 582 2318 autem
617 2264 862 2312 sanctum
893 2255 1109 2311 Petrum
1137 2258 1328 2312 habuit
1355 2259 1626 2329 pudicitiae
1656 2271 1967 2331 patronum,

404 2347 478 2402 ita
516 2355 709 2402 sancto
734 2344 982 2400 Paschali
1012 2362 1162 2418 papa:
1194 2348 1332 2402 illius
1358 2351 1657 2412 successori
1691 2352 1826 2410 adeo
1859 2368 1982 2423 gra-

402 2437 494 2495 tus
527 2436 669 2499 fuit.
704 2446 765 2492 ut
816 2451 940 2493 eum
986 2439 1253 2510 ablegarit
1287 2440 1352 2496 ad
1400 2440 1714 2498 Michaelem
1753 2441 1976 2499 Balbum

402 2543 544 2584 anno
560 2527 1381 2602 82l,committoretque’l’omos
1405 2533 1470 2587 de
1495 2533 1598 2590 (ide
1623 2537 1974 2604 disserentes,

401 2619 714 2690 imperatori
747 2619 980 2674 dandos.
1013 2617 1223 2676 Obtulit
1261 2635 1356 2678 eos
1385 2620 1458 2676 illi
1501 2634 1724 2680 sanctus
1761 2624 1972 2682 Metho-

401 2711 526 2766 tlitts
557 2709 858 2782 intrepidus
891 2709 1015 2766 ﬁdei
1043 2724 1445 2783 propugnator;
1483 2715 1576 2770 sed
1608 2730 1705 2786 pro
1733 2720 1970 2786 gratioso

400 2799 502 2856 sibi
529 2801 710 2856 debito
733 2803 1005 2872 stipendio
1027 2843 1043 2868 ,
1065 2803 1120 2857 in
1147 2805 1296 2859 Actis
1320 2805 1518 2860 dicitur
1551 2824 1570 2858 ε
1607 2807 1964 2878 septingentis

399 2884 572 2963 plagis
595 2901 878 2961 exceptus,
910 2894 1294 2964 carceralique'
1326 2896 1576 2967 sepulcro
1620 2899 1860 2956 inclusus
1886 2917 1900 2954 :
1944 2921 1961 2952 ι

397 2985 508 3039 imo
538 2993 596 3039 et
622 2983 726 3039 sub
759 2981 1096 3056 Theophilo,
1133 2984 1408 3042 Michaelis
1462 2989 1605 3054 tilio,
1629 2991 1732 3044 sub
1764 3005 1964 3046 annum

2086 1779 2340 1834 divinum
2388 1781 2677 1850 quemdam
2763 1786 2998 1842 nectaris
3063 1803 3286 1845 succum
3339 1795 3570 1853 stillant.
3637 1819 3664 1852 ι

2085 1869 2296 1926 Similia
2337 1870 2577 1929 Manassi
2610 1874 2776 1929 etiam
2812 1875 3044 1932 Michael
3075 1878 3297 1952 Glycas,
3333 1888 3525 1942 eodem
3559 1906 3664 1944 sm-

2083 1967 2205 2022 culo
2243 1981 2320 2021 xtt
2355 1953 2598 2038 scripsit,
2631 1978 2686 2025 et
2712 1969 2898 2039 phrasi
2941 1972 3224 2052 aliquanto
3262 1987 3466 2034 mutata
3493 1963 3663 2039 dean-

2082 2073 2178 2112 nes
2211 2059 2469 2124 Zonaras.
2609 2058 2618 2066 '

2149 2149 2204 2204 5.
2243 2152 2316 2206 At
2350 2151 2416 2206 de
2449 2150 2706 2208 Methodii
2752 2153 2822 2210 ab
2855 2157 3056 2214 exsilio
3085 2158 3406 2219 liberatione
3434 2167 3538 2221 ista
3573 2169 3666 2224 ad-

2080 2243 2158 2298 dit
2201 2245 2342 2299 idem
2393 2244 2694 2303 Manasses.
2745 2268 2764 2300 α
2829 2247 3098 2307 Craterum
3168 2257 3460 2324 praeclarus
3511 2263 3663 2334 pugil

2080 2334 2411 2402 Methodius,
2465 2350 2587 2392 cum
2637 2338 2939 2395 toleranter
2991 2343 3044 2397 in
3099 2344 3192 2400 illo
3247 2348 3391 2400 tristi
3431 2365 3663 2407 carcere

2077 2443 2198 2484 sese
2236 2430 2521 2500 gessisset,
2549 2431 2746 2487 dentes
2779 2433 3076 2498 amisisset.
3111 2439 3366 2496 maxillas
3399 2457 3662 2500 contusas

2081 2519 2328 2584 haberet,
2383 2521 2658 2602 omnique
2697 2537 2898 2592 genere
2953 2529 3303 2586 excruciatus
3352 2533 3422 2586 ab
3472 2535 3660 2606 impiis

2075 2611 2385 2666 hominibus
2414 2627 2511 2682 per
2545 2627 2814 2669 summam
2851 2615 3304 2676 inbumanitatem
3339 2639 3445 2678 non
3485 2627 3658 2680 aliter

2071 2710 2236 2767 esset,
2275 2711 2437 2774 atque
2474 2703 2708 2760 ferream
2769 2707 3017 2764 incudem
3086 2712 3295 2769 malleis
3349 2730 3658 2774 cxcusores

2069 2795 2466 2862 contundunt,
2532 2797 2600 2853 ad
2661 2801 2961 2880 extremum
3016 2801 3140 2859 inde
3211 2807 3437 2879 prodiit,
3490 2822 3660 2865 ortus

2075 2885 2256 2940 diurni
2289 2887 2422 2942 solis
2447 2889 2643 2955 instar,
2672 2890 2888 2947 volente
2924 2892 3151 2960 scilicet,
3180 2907 3238 2950 ut
3267 2913 3360 2968 par
3387 2909 3490 2966 cst,
3524 2917 3652 2956 cre—

2068 2977 2220 3058 dere,
2263 2977 2392 3042 Deo.
2431 2981 2530 3061 “qui
2564 2983 2793 3052 abyssos
2825 2985 3106 3054 perspicit,
3157 2996 3211 3048 et
3258 2988 3560 3044 Cberubim
3597 3001 3654 3046 et

399 3075 506 3134 829
532 3079 880 3147 succedente,
913 3077 1101 3134 eadem
1133 3080 1198 3135 de
1219 3095 1384 3136 causa
1411 3081 1609 3137 iterum
1633 3083 1822 3157 plagas
1847 3100 1971 3140 sex-

2075 3067 2359 3138 Serapliim
2403 3071 2618 3141 insidet,
2651 3073 2920 3146 insignem
2955 3078 3103 3133 hunc
3141 3079 3350 3146 virum,
3387 3097 3486 3136 ceu
3529 3099 3658 3136 mu-

397 3179 585 3225 centas
602 3169 832 3240 accepit,
851 3179 904 3225 et
923 3171 1129 3226 carceri
1151 3171 1396 3228 inclusus
1417 3174 1535 3256 fuit.
1558 3174 1754 3232 verum
1773 3191 1894 3248 qua:
1915 3179 1968 3234 in

397 3261 536 3317 actis
561 3262 871 3316 tribuuntur
895 3259 1032 3332 patri
1057 3303 1071 3326 ,
1125 3265 1474 3322 ascribuntur
1501 3269 1568 3322 ab
1607 3269 1728 3325 aliis
1757 3268 1888 3335 tilio,
1915 3283 1968 3328 et

398 3369 428 3424 ᾳ
461 3353 814 3408 Constantino
844 3352 1094 3410 Manasse
1131 3356 1184 3410 in
1219 3355 1550 3428 Compendio
1580 3357 1855 3416 Chronico
1893 3360 1968 3418 ita

397 3456 691 3502 narrantur
717 3463 731 3501 :
759 3443 1092 3515 Theophilus
1108 3447 1416 3519 imperator
1438 3451 1611 3505 virum
1633 3454 1972 3531 pmstanlisf

395 3539 592 3592 simum
643 3537 968 3601 Methodium
995 3579 1010 3606 ,
1044 3540 1333 3608 quamdam
1375 3542 1435 3596 in
1479 3542 1710 3612 insulam
1763 3543 1968 3616 relega-
2008 3571 2010 3576 ι

398 3637 533 3694 tum,
567 3629 840 3700 speluncae
892 3631 1178 3686 cadaveris
1228 3633 1396 3686 instar
1433 3633 1674 3702 inclusit,
1707 3632 1964 3706 tanquam

395 3722 650 3775 unionem
685 3721 740 3774 in
764 3721 1056 3784 concham,
1085 3720 1261 3776 rosam
1292 3725 1433 3778 inter
1461 3727 1664 3796 spinas.
1696 3713 1964 3782 Praeterea

397 3811 534 3864 duos
561 3811 612 3864 ei
650 3811 890 3865 latrones
927 3811 1197 3880 adiunxit,
1219 3829 1446 3884 quorum
1471 3800 1642 3872 altero
1669 3818 1962 3884 exstincto,

396 3910 450 3952 et
493 3901 602 3967 jam
648 3899 1037 3958 marcescente
1067 3904 1302 3959 naturali
1336 3904 1569 3974 quadam
1614 3909 1960 3974 necessitate,

396 3991 599 4045 nedum
637 3992 786 4053 illum
819 3994 1048 4049 odorem
1079 4004 1134 4050 et
1172 3995 1492 4066 pestiferum
1515 4013 1696 4054 aerem
1726 3999 1964 4056 toleran-

399 4081 642 4136 tissimus
681 4082 916 4139 athletes
951 4084 1134 4140 animo
1183 4085 1304 4141 tulit
1345 4087 1679 4158 aequissimo,
1709 4104 1868 4160 quem
1899 4107 1965 4149 ne

396 4172 620 4224 adamas
649 4171 869 4242 quidem
903 4174 1176 4229 sustinere
1203 4177 1489 4245 potuisset.
1520 4177 1674 4234 Alter
1693 4179 1963 4238 latronum

397 4261 648 4318 libertate
686 4263 917 4320 donatus
951 4264 1103 4320 exire
1139 4265 1336 4334 noluit,
1361 4268 1455 4324 sed
1481 4269 1621 4324 intra
1649 4271 1963 4340 speluncam

400 4351 546 4405 illam
592 4353 940 4424 caliginosum
984 4371 1232 4424 manens,
1285 4358 1589 4430 divinaeque
1617 4361 1833 4417 vivendi
1872 4379 1964 4417 ra-

395 4442 560 4498 tionis
587 4444 872 4501 mmnlator
901 4445 1102 4513 factus,
1133 4448 1266 4505 solis
1313 4449 1488 4504 instar
1532 4453 1656 4508 vita:
1701 4453 1970 4526 religiosa

395 4532 578 4587 radios
603 4533 825 4602 sparsit.
849 4553 868 4586 ι
902 4533 1026 4590 llarc
1058 4537 1357 4604 Manasses,
1376 4538 1570 4606 quibus
1589 4541 1782 4596 similia
1803 4544 1967 4600 habet

393 4619 656 4692 Zonaras,
690 4641 786 4695 per
813 4627 974 4680 verba
1005 4643 1127 4697 qum
1159 4629 1414 4686 dedimus
1463 4647 1514 4687 νι
1561 4631 1846 4689 Februarii
1897 4635 1965 4690 ad

393 4711 572 4768 Yitam
601 4725 804 4770 sancta:
829 4714 1127 4774 The-odorae
1157 4719 1540 4792 imperatricis,
1570 4724 1762 4780 uxoris
1785 4724 1966 4780 Theo-

395 4805 549 4876 phili,
579 4806 608 4880 ς
637 4823 708 4862 \‘l.
1086 4888 1094 4894 _
1306 4804 1310 4808 ’
1889 4887 1896 4895 ,
1955 4873 1962 4880 .

461 4897 516 4952 ιι.
549 4897 702 4954 Nunc
737 4901 1014 4972 pergimus
1053 4888 1176 4960 cum
1210 4906 1485 4974 Manasse,
1521 4923 1586 4965 ac
1623 4909 1800 4980 primo
1825 4888 1964 4967 rele-

393 5005 407 5042 l
424 4989 565 5042 imus
588 5000 832 5045 mutuum
854 4995 1175 5064 rescriptum
1194 5008 1508 5055 sanctorum
1524 4999 1876 5072 Theophanis
1907 5010 1980 5057 et.

391 5081 664 5136 Theodori
714 5082 946 5140 fratrum
978 5087 997 5158 (
1029 5087 1097 5147 de
1148 5091 1346 5160 quibus
1401 5096 1669 5164 agendum
1729 5093 1835 5150 erit
1890 5091 1962 5147 27

387 5172 730 5246 Decembris)
744 5176 1031 5246 sanctique
1062 5179 1340 5238 lletbodii.
1373 5181 1508 5240 Dum
1535 5183 1736 5250 adhuc,
1761 5185 1958 5257 inquit,

385 5263 694 5322 Mcthodius
747 5266 801 5322 in
867 5267 967 5324 hoc
1027 5287 1251 5327 carcere
1313 5274 1668 5342 detineretur,
1714 5276 1962 5333 homines

384 5353 486 5420 illi,
537 5370 720 5412 rerum
779 5357 1085 5415 divinarum
1123 5363 1304 5432 periti,
1337 5378 1474 5432 quos
1527 5365 1672 5420 notis
1721 5366 1772 5422 in
1809 5367 1956 5435 t'ultu

381 5442 615 5504 ftedatos
665 5447 834 5509 fuisse
883 5451 1146 5518 diximus,
1190 5468 1290 5526 per
1331 5454 1441 5510 vim
1512 5456 1686 5510 solum
1743 5469 1958 5513 vertere

378 5541 578 5607 coacti,
631 5544 930 5613 piscatore.
975 5547 1213 5616 quodam
1275 5558 1510 5620 reperto,
1571 5550 1788 5607 litteras
1841 5553 1956 5607 viro

377 5635 528 5696 gusto
553 5634 840 5700 pcrhrcves
879 5651 1033 5694 versu
1078 5639 1312 5695 iambico
1363 5641 1656 5712 scripsere,
1701 5658 1837 5714 quas
1887 5645 1956 5700 ab

2075 3157 2244 3210 uitam
2276 3159 2492 3224 urbem,
2525 3161 2578 3215 ln
2609 3173 2797 3217 monte
2823 3163 3046 3220 sublimi
3067 3168 3359 3235 collocare,
3388 3186 3456 3226 nc
3493 3179 3656 3229 tanta

2076 3247 2269 3312 virtus,
2297 3247 2462 3304 veluti
2505 3249 2736 3308 iucerna
2763 3253 2866 3309 sub
2900 3259 3109 3324 modio,
3145 3260 3657 3332 tristi'caliginoso-

2071 3351 2178 3407 que
2201 3355 2368 3410 specu
2389 3341 2849 3410 abdita,‘lateret.
2888 3347 3104 3404 Accidit
3121 3352 3266 3407 enim
3291 3363 3350 3408 ut
3369 3353 3655 3429 Theophi-

2070 3427 2160 3484 lus
2186 3431 2502 3501 imperator,
2540 3435 2858 3495 lectitandis
2888 3438 3040 3496 libris
3065 3457 3284 3516 semper
3313 3427 3650 3517 occupatus,

2069 3520 2209 3576 unde
2292 3522 2528 3582 alveolos
2583 3527 2826 3583 scientia
2860 3529 3126 3602 (lugebat,
3176 3521 3646 3606 quemadmodum

2069 3614 2184 3682 apis
2219 3615 2406 3670 sedula
2429 3617 2497 3672 de
2543 3625 2826 3690 pratorum
2857 3621 3102 3692 floribus,
3137 3627 3191 3682 in
3222 3630 3470 3698 qumdam
3506 3647 3650 3703 gry-

2069 3707 2189 3775 pbis
2216 3717 2270 3762 ct
2298 3707 2628 3782 labyrinthis
2655 3713 2959 3770 consimilia
2990 3717 3282 3786 incideret,
3315 3721 3390 3776 ita
3417 3733 3481 3776 ut
3511 3724 3651 3778 dura

2067 3800 2254 3856 isthtec
2277 3804 2433 3872 quasi
2463 3803 2822 3876 deeorticare,
2846 3823 2908 3862 ac
2921 3809 3154 3865 obscura
3172 3811 3454 3869 illustrare
3481 3831 3648 3870 nemo

2067 3901 2217 3947 recte
2255 3902 2460 3962 posset,
2507 3897 2722 3952 tametsi
2752 3897 2837 3954 vel
2891 3902 3135 3957 sexcenti
3170 3908 3313 3973 apud
3346 3905 3528 3976 ipsum
3559 3922 3650 3964 es-

2065 3992 2211 4052 sent,
2252 3984 2514 4042 doctrinae
2545 3985 2688 4044 fama
2723 3991 2990 4048 celebres.
3025 3993 3159 4048 Cum
3187 3995 3352 4066 igitur
3403 3999 3649 4068 impera-

2065 4074 2168 4130 tori
2195 4075 2672 4146 permolestahaee
2701 4095 2787 4136 res
2815 4082 3123 4148 accideret,
3153 4093 3211 4140 et
3250 4086 3494 4142 animum
3529 4089 3649 4158 ejus

2065 4178 2326 4238 augeret;
2391 4167 2609 4240 quidam
2672 4186 2739 4226 ex
2804 4174 3124 4242 proceribus
3175 4187 3230 4233 et
3290 4181 3650 4238 cubiculariis

2063 4258 2354 4326 accedens,
2395 4259 2728 4318 Methodium
2793 4266 3076 4335 praedicat,
3115 4270 3371 4326 indicatis
3424 4271 3648 4330 dotibus

2032 4350 2325 4432 idoctrinae
2362 4355 2763 4424 magnitudine,
2796 4350 3042 4415 scientia:
3075 4363 3228 4430 copia
3257 4365 3538 4432 expedita,
3586 4375 3646 4420 et

2069 4441 2365 4498 abundanti
2415 4445 2702 4514 prudentia
2763 4449 3143 4521 sapientiaque
3200 4455 3402 4508 vertice
3439 4456 3643 4511 caelum

2068 4532 2244 4604 ipsum
2275 4535 2650 4606 attingentcm;
2698 4539 2816 4595 sive
2853 4541 3138 4607 divinitus,
3173 4553 3234 4597 ut
3265 4545 3367 4600 hoc
3407 4545 3643 4613 faceret,

2063 4637 2406 4696 commotus;
2433 4629 2554 4684 sive
2581 4629 2980 4687 clandestinum
3009 4649 3251 4690 antorem
3291 4635 3464 4703 alens,
3508 4653 3644 4710 erga

2024 4782 2034 4788 ι
2067 4718 2242 4790 virum
2273 4730 2454 4803 mente
2505 4721 2812 4792 cmlcstem,
2833 4725 3145 4783 et-numiuc
3170 4727 3351 4783 divino
3392 4729 3642 4798 plenum.

2066 4808 2193 4889 Haec
2237 4811 2534 4880 imperator
2558 4814 2809 4880 audiens,
2836 4813 3180 4878 lethodium
3209 4818 3280 4875 de
3304 4834 3470 4889 specu
3507 4821 3646 4878 edu-

2065 4907 2234 4974 ctum,
2257 4915 2356 4958 ceu
2389 4903 2642 4962 unionem
2678 4920 2712 4976 e
2736 4908 2971 4975 concha,
3010 4908 3168 4967 sidus
3196 4924 3226 4964 e
3267 4909 3430 4977 nube,
3463 4911 3642 4967 ritum

2063 4991 2386 5056 clarissimis
2431 4995 2594 5052 radiis
2643 4997 3021 5068 refulgentem,
3056 5009 3112 5055 et
3171 5003 3426 5059 tenebras
3473 5015 3648 5074 atque

2063 5085 2355 5160 caliginem
2416 5087 2736 5160 ignorantiae
2788 5091 3205 5157 discutientem,
3258 5095 3328 5149 ad
3377 5109 3500 5150 sese
3555 5110 3644 5149 re-

2063 5186 2222 5234 vocat
2265 5187 2320 5233 et
2357 5178 2572 5234 invitat.
2610 5177 2856 5252 Cumque
2891 5193 3112 5254 gustum
3151 5185 3348 5256 linguae
3375 5185 3640 5243 λιθώδειἰί

2062 5266 2428 5340 percepisset,
2461 5271 2670 5328 homini
2701 5276 2976 5345 praeclaro
3022 5277 3076 5332 in
3120 5278 3270 5348 regia
3301 5273 3641 5336 doniicilium

2061 5362 2338 5435 assignat;
2372 5363 2732 5434 eumdemque
2765 5375 3019 5438 tauquam
3061 5371 3249 5446 magni.
3281 5385 3397 5427 rem
3451 5373 3642 5442 pretii.

2059 5470 2440 5526 geminamque
2484 5457 2860 5529 splendidam,
2897 5461 3232 5533 rutilantem,
3280 5464 3542 5531 lucidam,
3583 5469 3643 5523 in

2063 5548 2332 5603 thesauris
2372 5549 2864 5608 innumerabilibus
2892 5563 2948 5609 et
2995 5555 3296 5614 inaccessis
3337 5557 3641 5630 collocatis,

2061 5651 2226 5710 atque
2251 5639 2566 5712 frequenter
2594 5644 2844 5703 assidens
2873 5646 2991 5705 Nilo
3011 5645 3091 5706 illi
3123 5649 3376 5719 auriﬂuo,
3421 5662 3478 5709 et
3512 5653 3638 5710 ω.
