3942 6218
208 342 343 407 Ῑῗέὓξῑ

1719 347 1918 407 νΙΤΑ.

3328 338 3484 409 1266

202 458 444 514 «:iSsitttis
474 448 630 528 aquis
665 457 886 528 largiter
920 457 1232 514 hauriebat.
1271 477 1291 511 ι
1317 457 1454 514 lituo
1476 457 1774 524 iianass‘es,
1811 469 1858 524 Α
1887 461 2048 515 t-ifert
2075 478 2090 526 ;
2119 461 2404 532 additque,
2437 459 2582 516 domi
2613 474 2723 514 sua:
2751 471 2946 513 aurum
2985 453 3278 512 in-saceulo
3311 473 3465 526 rept-

204 548 328 620 qna:
361 547 566 620 Glycas
596 549 816 604 brevius
845 558 1049 604 narrat.

274 641 332 696 6.
363 639 648 694 Gedrenus
689 639 860 702 addit,
891 651 921 692 a
955 637 1256 708 Theophila
1283 639 1446 695 etiam
1478 639 1544 692 ad
1575 636 1791 708 expedi-

205 731 410 787 tionem
457 729 705 784 bellicam
761 729 1023 784 eductum
1064 746 1080 784 :
1119 728 1448 785 «Revocate
1482 728 1786 792 ab’exsilia,

204 819 410 891 inquit,
444 818 662 888 sibique
704 817 964 888 adjuncto
993 831 1184 874 sancto
1215 817 1510 893 Metltadio,
1539 820 1592 873 in
1621 817 1790 874 Sara-

205 909 384 970 cenos
431 922 634 970 movet.
673 911 902 968 Solebat
929 911 1033 966 ltec
1081 911 1134 966 in
1175 911 1330 967 bellis
1357 909 1790 975 factitare..sive

201 1018 320 1077 quo
348 1003 464 1071 ejus
497 1003 764 1074 sapientia
789 1003 844 1058 in
874 1001 1060 1057 multis
1091 1001 1341 1059 obscuris
1372 1009 1536 1072 atque
1559 1003 1796 1056 intrica—

212 1092 288 1150 εἰς
314 1095 481 1149 rebus
502 1093 848 1164 explicandis
873 1099 1162 1159 uteretur,
1207 1092 1341 1149 sive'
1367 1084 1424 1147 id
1449 1107 1670 1159 cavens,
1721 1107 1790 1149 ne

211 1183 566 1240 rebellionem
615 1185 662 1240 is
705 1197 766 1240 se
807 1183 1038 1241 absente
1087 1185 1322 1255 aliquam
1355 1185 1676 1250 concitaret,
1719 1185 1790 1240 ob

213 1286 499 1328 sacrarum
543 1273 840 1342 imaginum
863 1274 1274 1331 amolilinnem.
1305 1275 1446 1330 Nam
1467 1275 1668 1331 civium
1693 1276 1786 1346 qui

213 1363 652 1432 erant'praecipui
685 1373 846 1432 atque
873 1380 1000 1434 erga
1035 1366 1204 1438 Deum
1235 1367 1333 1437 pii,
1359 1379 1554 1436 magno
1593 1367 1646 1421 in
1683 1367 1792 1422 Ita-

217 1467 352 1508 nore
410 1454 684 1510 habebant
735 1454 1070 1526 Methodium
1107 1475 1122 1512 :
1156 1459 1340 1526 itaque
1375 1473 1502 1512 eum
1563 1467 1684 1528 post
1729 1473 1790 1513 se

215 1533 546 1612 relinquere,
584 1542 896 1616 imperatori
938 1549 1248 1606 consultum
1285 1564 1390 1604 non
1423 1549 1725 1605 videbatur.
1763 1567 1794 1600 »ς

286 1632 340 1687 7.
383 1633 510 1714 Haec
545 1636 639 1691 ibi.
669 1635 880 1694 Mortuo
921 1641 1022 1694 sub
1062 1655 1264 1694 annum
1304 1639 1414 1695 842
1441 1635 1786 1711 Theophila,

218 1724 364 1780 ﬁlius
387 1725 506 1796 ejus
534 1725 759 1782 Michael
785 1745 888 1784 una
921 1744 1044 1786 eum
1074 1741 1262 1786 sancta
1295 1731 1577 1790 T-lteodora
1615 1743 1791 1790 matre

216 1817 486 1886 regnavit.
507 1814 658 1874 Tunc
682 1837 706 1872 ο
731 1818 977 1887 Joannes
999 1823 1541 1893 pseudo-patriarcha
1565 1824 1788 1893 ejusque
1821 1804 1862 1860 B

215 1906 376 1972 socii,
417 1906 487 1963 de
542 1924 642 1964 suo
693 1909 966 1981 regimine
1009 1915 1228 1982 deiecti,
1262 1915 1442 1985 inquit
1488 1914 1788 1980 Cedren-us,

217 2013 326 2052 non
354 2011 416 2053 se
458 1999 875 2069 continuerunt,
904 2003 1036 2072 quin
1077 2013 1133 2058 et
1181 2011 1373 2059 contra
1416 2019 1606 2061 sacras
1657 2006 1796 2060 ima-

214 2088 371 2158 gines
423 2088 630 2158 aliquid
677 2091 854 2162 adhuc
907 2093 1250 2159 molirentur,
1307 2103 1362 2150 et
1411 2095 1515 2162 piis
1565 2096 1792 2154 insidias

215 2187 512 2234 struerent.
553 2177 678 2246 Qua
707 2183 873 2236 etiam
930 2185 1092 2238 modo
1135 2183 1545 2257 integerrimqu
1586 2187 1792 2246 Metho-

214 2270 362 2323 dintn
417 2260 686 2326 calumnia
727 2273 1162 2344 circumvenire,
1216 2287 1458 2336 etsvera:
1516 2279 1796 2350 religionis

215 2359 515 2416 cultoribus
558 2361 1030 2444 dolorem’alierre
1059 2371 1238 2427 conati
1273 2377 1436 2443 sunt,
1467 2367 1578 2424 Res
1621 2384 1685 2426 ea
1718 2371 1792 2424 ita

214 2459 356 2504 acta.
401 2449 680 2508 Mulierem
739 2455 1083 2528 qnanulam(
1125 2468 1296 2514 mater
1336 2474 1399 2514 ea
1455 2459 1558 2514 fuit
1592 2459 1792 2516 Metroo

215 2539 454 2607 phanis,
493 2541 582 2610 qui
631 2548 820 2621 postea
873 2545 1126 2617 Smyrna:
1183 2549 1379 2618 pracsul
1446 2550 1620 2606 factus
1669 2550 1788 2622 est)

217 2630 388 2684 multo
419 2645 552 2686 auro
597 2633 1197 2710 pollicitationibusque
1245 2650 1560 2712 corruptam
1601 2643 1794 2696 suber.

228 2731 382 2786 nant,
413 2736 532 2791 qua
556 2725 813 2794 Augustin
850 2737 905 2784 et
944 2729 1294 2799 imperatoris
1329 2734 1598 2808 tutoribus
1643 2733 1798 2787 dice-

218 2821 326 2876 ret,
354 2825 398 2903 Ia
431 2811 733 2903 phlethodia
780 2832 841 2874 se
890 2834 1010 2875 esse
1046 2832 1372 2892 stupratam.
1412 2824 1609 2881 Statim
1665 2808 1820 2903 ergo-

233 2887 478 2993 terribile
502 2903 770 2985 judicium
802 2925 818 2964 :
868 2911 1116 2968 civilibus
1137 2887 1192 2969 et
1223 2915 1456 2993 sacratis
1482 2887 1794 2975 hominibus

217 2990 434 3060 cogitur
469 2995 764 3051 concilium
797 3015 812 3052 :
857 3003 1167 3080 astantpii,
1219 2990 1492 3060 maestitiae
1514 3015 1571 3062 et
1589 3009 1802 3066 doloris

219 3081 370 3152 pleni
399 3101 413 3138 :
448 3100 554 3140 non
601 3085 800 3143 absunt
843 3078 1022 3161 impii,
1054 3078 1313 3151 dedecus
1347 3097 1490 3152 haud
1537 3100 1792 3169 exiguum

217 3187 290 3226 ex
311 3187 373 3227 ea
403 3175 620 3231 actione
649 3178 996 3234 conciliatum
1031 3183 1096 3236 iri
1125 3183 1338 3254 piarunt
1362 3189 1525 3242 coetui
1567 3203 1798 3258 speran-

223 3272 329 3318 tes.
365 3263 636 3336 Prodcunt
687 3268 1104 3329 calumniatores
1151 3275 1352 3331 animis
1412 3277 1619 3345 inﬂati,
1651 3281 1794 3351 quod

217 3356 432 3410 crimen
467 3357 519 3411 id
552 3357 604 3412 in
637 3371 889 3432 promptu
934 3365 1136 3422 habere
1166 3368 1512 3436 probationes
1545 3369 1792 3438 ﬁderent,

217 3447 484 3516 producta
519 3449 572 3504 in
611 3453 846 3506 medium
880 3440 1222 3524 muliercula,
1256 3473 1378 3528 quae
1402 3473 1467 3514 ex
1491 3461 1796 3532 composita

213 3537 490 3608 indicibus
519 3555 633 3596 rem
670 3555 938 3601 narraret.
979 3533 1196 3612 Iudices
1231 3565 1360 3620 ergo
1399 3561 1455 3607 et
1490 3553 1794 3624 praecipuus

218 3629 434 3686 Mannel
475 3631 646 3703 (tutor
674 3648 739 3691 ac
781 3637 1092 3718 moderator
1113 3632 1392 3697 Michaelis
1425 3643 1791 3716 imperatoris)

221 3719 363 3774 tristi
396 3722 544 3776 vultu
571 3725 832 3792 assident,
865 3727 1083 3798 indigne
1113 3729 1348 3788 ferentes
1414 3724 1574 3789 unius
1608 3735 1794 3790 banti-

218 3811 308 3866 nis
341 3812 730 3882 culpa'cmtum
765 3817 975 3886 piorum
1012 3809 1078 3874 in“
1108 3817 1406 3889 periculum
1441 3811 1657 3892 ludibrii
1697 3838 1794 3880 ve-

220 3903 361 3959 nire.
411 3905 541 3971 Qua:
586 3907 769 3987 omnia
797 3910 1042 3966 sentiens
1101 3911 1425 3981 blethodius,
1481 3928 1540 3971 ut
1581 3927 1635 3972 et
1671 3933 1794 3987 spes

218 3993 511 4064 impiorum
547 3987 614 4052 et.
644 3985 857 4068 piorum
885 4002 1289 4081 .mgritutlinetn
1335 4005 1598 4075 aboleret,
1621 3985 1795 4081 tteque

219 4083 475 4142 Ecclesiae
499 4099 642 4142 esset
673 4088 810 4161 lapis
831 4089 1146 4150 offettsioais
1169 4135 1185 4162 ,
1219 4095 1353 4151 nihil
1387 4097 1791 4158 multitudinem

218 4166 468 4234 rev'crius
499 4217 518 4244 ,
553 4181 714 4237 homo
745 4183 892 4238 omni
926 4173 1234 4241 reverentia
1279 4198 1446 4259 atque
1477 4191 1684 4248 honore
1711 4195 1794 4248 di-

216 4268 540 4338 gnissimus,
565 4273 618 4326 itt
655 4284 946 4344 conspectu
970 4271 1209 4344 omnium
1241 4255 1490 4348 pudenda
1523 4283 1788 4340 nudavit:

217 4373 346 4427 quae
382 4375 542 4415 nemo
570 4377 674 4417 non
708 4363 924 4419 tidebat
947 4365 1138 4422 morbo
1169 4369 1402 4437 quodam
1431 4373 1786 4442 emarcuisse,

1892 550 2140 606 riendum
2198 551 2266 607 iri
2319 552 2550 620 quadam
2607 549 2794 604 arcula
2841 548 3100 603 lrtttnenti
3157 548 3362 616 plena:
3410 555 3466 602 et

1893 647 2096 701 missus
2125 659 2190 701 eo
2215 645 2512 701 satellitum
2545 643 2788 714 quidam,
2809 655 3007 696 aurum
3041 639 3224 694 statim
3257 639 3461 702 attulit,

1889 738 2214 807 detectaque
2242 751 2330 792 res
2357 745 2467 792 tota
2493 745 2596 792 est.
2621 735 2903 790 Dedis’se'nt
2935 745 3068 801 ergo
3095 732 3285 802 dignas
3319 729 3465 787 faci-

1891 832 2054 888 noris
2070 831 2156 888 sui
2183 847 2372 901 paruas
2397 831 2842 896 calumniatores,
2867 831 2970 884 nisi
2997 827 3326 893 Methodins,
3355 841 3463 895 qua

1890 928 2009 975 erat
2035 920 2321 990 patientia,
2351 933 2513 976 unam
2552 919 2692 976 hanc
2729 919 2992 974 ultionem
3029 915 3290 988 petisset,
3325 931 3463 985 qna-

1894 1012 2074 1067 tannis
2103 1013 2330 1068 solentni
2355 1011 2782 1076 orthodoxorum
2809 1019 3085 1066 conventu
3120 1008 3222 1065 sibi
3251 1009 3461 1076 liceret,

1893 1119 1924 1158 a
1977 1104 2324 1160 sanctissima
2383 1103 2584 1174 templa
2637 1101 2884 1173 Deiparat
2943 1099 3338 1157 Blachernensi
3396 1099 3464 1153 ad

1895 1194 2112 1250 Sancta:
2141 1193 2362 1266 Sophim
2386 1196 2644 1266 templum
2664 1182 3108 1262 ~pratlucentibus.
3124 1191 3334 1246 facibus
3359 1191 3458 1252 ire,

1891 1291 1944 1340 et
1998 1284 2052 1338 in
2107 1285 2345 1355 ipsormu
2385 1298 2548 1339 aures
2603 1281 3015 1338 detestationem
3071 1279 3394 1334 obnuntiare
3442 1295 3458 1334 :

1892 1377 2034 1446 quod
2060 1385 2113 1430 et
2143 1390 2239 1444 per
2267 1391 2484 1432 omnem
2507 1389 2697 1429 eorum
2729 1374 2891 1428 vitam
2920 1371 3230 1442 factitatum
3261 1380 3364 1426 est.

2513 1485 2744 1542 CAPUT
2777 1485 2842 1542 ll.

1891 1603 1960 1664 Iit
1975 1593 2334 1678 patriarchatu
2346 1609 2620 1678 cicatrices
2639 1618 2877 1662 servnttv.
2897 1605 3108 1662 Festum
3129 1605 3466 1678 Ortltodoria'

1959 1673 2281 1732 ordinatum.
2342 1677 2622 1731 Translata
2675 1693 2896 1740 corpora
2943 1685 3246 1730 sanctorum
3294 1673 3464 1728 Theo--

1965 1749 2085 1803 dari
2116 1747 2346 1804 Studitn:
2383 1758 2431 1800 et
2482 1745 2766 1811 Nicephori
2811 1745 3154 1814 patriarclue.
3201 1745 3467 1814 Constitu-

1958 1820 2124 1900 tiones
2162 1821 2338 1874 educe.
2385 1815 2542 1872 νιιιινι
2567 1819 2767 1886 aliquot
2813 1813 3201 1870 sanctorum.“
3233 1813 3464 1892 Itontrlict

1958 1899 2192 1970 εεημιςε.

1961 1999 2016 2054 9.
2057 1996 2346 2069 Praemissa
2381 1997 2649 2066 superiori
2683 1995 2862 2067 capite
2909 2009 2974 2050 ex
3017 1992 3290 2056 Gedreno,
3337 1991 3465 2048 licet

1891 2101 2009 2146 acta
2057 2091 2168 2146 sint
2215 2099 2499 2160 postquam
2541 2087 2852 2158 patriarcha
2896 2088 2948 2140 in
3004 2085 3178 2141 locum
3232 2085 3463 2154 depositi

1889 2178 2116 2234 Joannis
2145 2177 2254 2247 iam
2283 2187 2430 2234 esset
2461 2179 2748 2232 ordinatus
2777 2175 3102 2240 Methodius,
3138 2174 3467 2244 praemittere

1893 2281 2073 2328 tamen
2119 2270 2450 2326 ordinatiaui
2493 2269 2612 2339 ejus
2657 2268 2849 2334 malm,
2897 2277 2956 2322 ut
3005 2281 3126 2336 qum
3168 2267 3221 2320 in
3249 2279 3466 2320 summa

1893 2364 1993 2422 illo
2021 2364 2192 2434 gradu
2235 2363 2388 2434 egit,-
2435 2361 2490 2416 itt
2537 2361 2769 2416 alterum
2818 2360 2919 2414 hoc
2949 2367 3116 2428 caput
3163 2357 3466 2411 ordinatius

1892 2455 2296 2526 colligerentur.
2331 2453 2488 2510 l‘rius
2511 2468 2639 2522 ergo
2669 2466 2828 2522 quam
2855 2451 2946 2504 illa
2984 2453 3124 2522 apud
3152 2448 3458 2504 Gedrennnt

1894 2528 2162 2618 legantur,
2200 2544 2340 2616 apud
2371 2544 2628 2618 ,ctnndetn
2666 2543 2930 2605 occurrit,
2962 2543 3233 2612 quomoda
3269 2549 3458 2595 sancta

1894 2639 2177 2696 Theodore
2230 2636 2543 2708 iatpet'atrix
2581 2635 2634 2691 in
2688 2634 2869 2692 locum
2905 2632 3334 2708 dejectilannis
3364 2633 3468 2705 (sic

1893 2747 1922 2787 _a
1961 2731 2086 2800 piis-
2116 2709 2314 2798 impius
2357 2729 2672 2797 vocabatur)
2703 2737 2954 2782 sanctum
2982 2735 3036 2781 et
3073 2725 3314 2780 divinum
3344 2723 3457 2776 Me-

1895 2822 2138 2878 thodimn
2167 2821 2495 2887 introduxit,
2525 2819 2627 2892 qui
2660 2821 2836 2895 adhuc
2869 2818 3228 2896 confessionis
3263 2831 3375 2871 suae
3411 2823 3468 2870 et

1893 2911 1963 2984 ab
1987 2927 2108 2967 eam
2143 2911 2354 2980 tolerati
2396 2909 2648 2980 supplicii
2676 2919 2834 2964 natas
2864 2911 2916 2964 in
2950 2924 3116 2964 carne
3157 2922 3252 2964 sua
3282 2916 3488 2982 gestae

1895 3003 1988 3058 bat
2017 3019 2034 3058 :
2065 3005 2317 3060 omnibus
2368 3003 2475 3072 piis
2550 3001 2953 3066 sacerdotibus,
2981 3000 3136 3054 laicis
3167 3015 3232 3054 ac
3279 3012 3468 3052 mona-

1895 3089 2037 3154 chis,
2083 3100 2140 3144 et
2182 3089 2250 3144 iis
2295 3080 2462 3144 etiam
2493 3089 2584 3160 qui
2633 3089 2687 3142 in
2735 3089 3011 3144 montibus
3047 3087 3464 3146 exercebantur.

1897 3193 2112 3234 summa
2143 3194 2265 3234 cum
2301 3179 2500 3248 gaudio
2537 3181 2654 3249 ejus
2689 3179 3118 3249 designationem
3157 3179 3465 3250 approban-

1898 3270 2064 3336 tibus,
2100 3286 2163 3324 ac
2193 3267 2485 3334 confertim
2532 3273 2588 3326 in
2635 3271 2824 3327 urbem
2855 3259 3220 3334 vénionlibns,
3255 3285 3472 3338 unoque

1895 3373 1992 3414 ore
2049 3360 2295 3414 haeresim
2317 3359 2780 3418 lconoclastarunt
2813 3361 2880 3415 da
2893 3361 3210 3422 nutantibus
3235 3382 3240 3389 ·
3263 3371 3470 3414 :eterno

1895 3449 2259 3526 anathemate.
2297 3451 2412 3508 Hoc
2445 3451 2764 3520 praeclarum
2805 3445 3016 3505 facinus
3058 3449 3259 3519 inclyta
3291 3447 3471 3502 'lheo-

1897 3547 2032 3602 dora
2081 3552 2138 3596 et
2187 3541 2330 3598 illius
2373 3543 2530 3598 initio
2563 3543 2774 3613 imperii
2809 3543 2892 3597 sui
2929 3543 3239 3607 ediderunt,
3295 3541 3470 3610 inquit

1895 3635 2198 3714 Cedrenus.
2245 3633 2586 3690 Constitutns
2619 3646 2703 3702 ρει
2748 3649 2880 3704 ergo
2905 3635 3210 3705 patriarcha
3245 3645 3469 3690 sanctus

1896 3723 2200 3781 Methodius
2254 3737 2396 3778 anno
2432 3719 2558 3777 8η.
2603 3721 2752 3788 Quas
2800 3739 2928 3780 vero
2959 3721 3318 3780 confessionis
3358 3738 3470 3778 sua.

1897 3826 2053 3872 notas
2104 3823 2326 3871 sanctus
2377 3812 2684 3872 Methodius
2733 3817 2786 3870 in
2835 3831 3067 3887 corpore
3095 3815 3343 3886 gestavit,
3386 3815 3470 3868 bis

1899 3906 2078 3960 verbis
2118 3901 2372 3976 explanat
2421 3901 2664 3976 Glycas:
2714 3905 2850 3975 Quia
2903 3907 3088 3972 mala},
3129 3917 3352 3978 propter
3378 3919 3467 3959 sa-

1895 4011 2112 4053 crarunt
2162 3989 2457 4069 imaginum
2519 4000 3038 4068 propugnationem,
3086 3997 3470 4054 contundenda

1895 4087 2036 4144 lassat
2061 4088 2360 4160 solutmque‘
2384 4089 2605 4144 fuerunt
2631 4106 2658 4143 a
2685 4089 3009 4162 Theophila,
3039 4100 3162 4160 post
3183 4091 3468 4160 septimam

1895 4177 2160 4250 synodum
2230 4179 2655 4235 sintulacwrunt
2715 4183 3060 4238 eversionem
3131 4190 3466 4245 renovante;

1895 4283 2118 4325 necesse
2143 4269 2394 4335 habebat,
2427 4279 2484 4325 ut
2527 4281 2622 4326 eas
2657 4273 2802 4326 tenui
2849 4273 3080 4342 quadam
3122 4270 3287 4327 fascia
3325 4270 3466 4324 linea

1893 4359 2176 4431 obligaret.
2215 4359 2370 4419 Unde
2394 4402 2420 4439 ,ι
2452 4377 2576 4434 mea
2623 4363 2839 4433 quidem
2895 4363 3187 4440 sententia,
3223 4379 3338 4418 ntos
3388 4363 3470 4418 itt-

215 4449 477 4520 omnique
521 4455 758 4508 naturali
800 4455 852 4510 vi
880 4471 1006 4512 esse
1050 4435 1283 4528 privata.
1320 4459 1534 4518 Pudore
1573 4464 1678 4520 hoc
1715 4435 1793 4520 fa;
1821 4451 2085 4537 Delevit,
2121 4435 2420 4524 ltodicQuc',
2438 4441 2664 4518 durans,
2702 4465 2758 4509 ttt
2787 4453 3066 4525 pontifices
3101 4435 3168 4512 ab
3197 4447 3468 4511 anteriore

214 4553 368 4595 ctum
419 4543 660 4613 applevit
707 4545 1127 4604 caldmniatores
1174 4545 1242 4606 et
1273 4539 1435 4608 malis
1463 4539 1787 4624 gaudentes,

215 4634 340 4704 pias
391 4645 571 4722 autem
609 4636 860 4718 lmtitia':
905 4641 995 4710 qui
1035 4641 1241 4710 ingenti
1291 4659 1414 4699 cunt
1449 4645 1646 4715 gaudio
1683 4645 1792 4702 Me-

217 4723 466 4780 thodium
517 4727 820 4798 cingentes,
855 4732 1168 4788 salutabant
1201 4746 1362 4807 atque
1387 4738 1792 4807 amplecteban-

218 4825 328 4880 tur,
377 4832 550 4888 neque
583 4821 857 4878 habebant
919 4826 1190 4894 quomodo
1246 4827 1512 4900 voluptati
1560 4846 1671 4886 sure
1701 4846 1792 4887 sa-

217 4909 603 4968 tisfacerent...
638 4933 658 4966 ι

291 5000 346 5056 8.
384 4999 614 5060 Michael
659 5003 980 5074 imperator,
1017 5007 1416 5066 intolerabilem
1459 5011 1597 5068 hanc
1639 5012 1790 5070 frau-

216 5091 340 5148 dem
390 5091 668 5162 judicans,
725 5099 918 5152 statuit
973 5099 1344 5156 mulierculam
1397 5105 1793 5174 quaestionibus

213 5183 499 5248 adhibere.
545 5197 624 5252 ut,
658 5203 776 5258 quae
815 5188 1144 5264 inissetdoli
1203 5195 1454 5249 nectendi
1507 5197 1672 5262 ratio,
1705 5197 1790 5252 itt-

214 5276 504 5348 telligeret.
559 5278 756 5336 Statim
801 5291 934 5355 ergo
980 5284 1190 5356 gladius
1247 5285 1559 5358 stringitur,
1623 5288 1792 5360 virga:

214 5369 684 5452 ignbcandentes
757 5374 1096 5454 ail'eruntnr,
1153 5378 1553 5449 carnificesque
1612 5381 1790 5450 parati

214 5470 399 5516 astant
433 5479 448 5517 :
497 5466 698 5532 quibus
722 5465 913 5522 infelix
950 5485 1016 5524 ea
1047 5471 1359 5542 perterrita,
1397 5472 1476 5528 rei
1498 5472 1788 5528 veritatem

213 5551 398 5624 palam
441 5554 682 5626 fatetur;
722 5573 832 5629 quo
871 5571 1032 5632 pacto
1073 5571 1293 5620 structae
1342 5564 1578 5634 insidia,
1627 5573 1792 5636 atque

215 5659 356 5738 aura
381 5657 434 5704 et
458 5649 944 5738 pollicitationibus
969 5663 1223 5726 corrupta
1251 5663 1306 5712 et
1340 5657 1565 5729 decepta
1595 5659 1786 5725 fuerit;

220 5735 314 5805 qui
352 5741 643 5797 commenti
686 5735 975 5812 auctores;
1021 5743 1253 5816 denique
1323 5755 1490 5802 totam
1551 5745 1784 5804 fabulam

1896 4555 2052 4616 parte
2075 4545 2245 4601 lineas
2277 4545 2474 4602 fascias
2499 4545 2748 4618 alligatas
2783 4548 3040 4616 habeant.

1965 4635 2054 4693 10.
2085 4635 2345 4714 Yigehant
2371 4653 2436 4692 eo
2465 4634 2712 4708 tempore
2739 4631 3201 4710 Constantinopoli
3233 4637 3486 4694 illustres

1894 4728 2116 4784 abbates
2135 4737 2188 4801 et
2205 4731 2452 4784 monachi
2479 4731 2789 4786 monasterii
2813 4732 3158 4796 studitarum,
3185 4746 3251 4786 ex
3270 4730 3464 4784 ordine

1893 4821 2295 4878 Actentetarnm
2317 4863 2333 4887 ,
2361 4833 2587 4892 quorum
2613 4821 2830 4892 plurimi
2863 4823 2934 4879 ob
2961 4838 3238 4879 sacrarunt
3277 4823 3468 4893 imagi-

1894 4927 2020 4966 num
2055 4915 2456 4970 venerationem
2492 4916 2545 4970 in
2561 4915 2808 4970 exsiliunt
2834 4917 3005 4980 missi,
3033 4925 3122 4969 aut
3163 4915 3326 4969 vitam
3360 4909 3466 4969 ilii-

1893 5003 2013 5060 detn
2053 5017 2236 5062 sancte
2267 5004 2588 5072 liniverunt,
2621 5008 2695 5061 uti
2723 4992 2945 5063 sanctus
2984 5005 3344 5075 Theodorus;
3375 5018 3470 5062 aut
3566 5021 3570 5024 ·

1894 5097 2016 5153 inde
2045 5099 2276 5169 regressi
2297 5107 2444 5166 smtt,
2466 5099 2542 5153 ttti
2567 5099 2737 5170 sancti
2761 5097 3013 5154 Nicolaus
3037 5109 3092 5156 et
3114 5099 3464 5163 Naueratius,

1893 5191 1960 5245 de
1991 5191 2186 5260 quibus
2215 5190 2281 5244 ad
2305 5189 2445 5246 diem
2475 5191 2509 5246 4
2540 5187 2824 5246 Februarii
2858 5192 2912 5247 in
2951 5191 3069 5248 Vita
3101 5193 3279 5249 sancti
3307 5191 3466 5246 Nico-

1893 5279 1962 5336 lai
1992 5283 2060 5338 ab
2076 5289 2298 5336 auctore
2326 5295 2538 5348 cetera;
2565 5282 2634 5337 ibi
2664 5295 2782 5354 cap.
2809 5295 2884 5338 vtt
2909 5284 3009 5340 ista
3038 5284 3292 5354 leguntur
3314 5299 3464 5336 nunt.-

1893 5375 1984 5433 56.
2021 5372 2155 5430 Cum
2193 5399 2213 5426 ι
2276 5374 2448 5430 Porro
2487 5374 2820 5446 Theophilus
2861 5375 2974 5446 jam
3029 5377 3172 5432 diem
3218 5375 3462 5440 obiissct,

1892 5486 2108 5542 unoque
2135 5469 2342 5525 tumulo
2364 5471 2588 5528 hazresis
2611 5473 2813 5542 pariter
2835 5473 3028 5528 merita
3052 5455 3465 5542 circumscripta

1893 5565 2092 5620 misere
2124 5571 2304 5630 esset;
2329 5577 2393 5620 ac
2423 5563 2624 5622 Christi
2653 5579 2842 5621 amans
2876 5580 3013 5620 uxor
3035 5563 3152 5632 ejus
3178 5561 3462 5620 Tlteodora

1891 5669 2014 5710 cum
2068 5653 2178 5708 lilio
2210 5651 2473 5712 Michaele
2508 5657 2794 5712 admodum
2824 5654 3043 5724 juvene,
3093 5655 3322 5711 Romani
3360 5655 3466 5712 int-

1895 5748 2030 5818 perii
2062 5759 2243 5804 arcem
2275 5749 2638 5820 suscepisset;
2677 5763 3007 5818 magnusque
3034 5745 3336 5838 .ilctbodius
3360 5749 3464 5806 Ec-
