3932 6214
459 305 478 372 i
490 307 590 374 ’367

1487 322 1550 383 S.
1593 321 1970 382 METIIUDII
2017 319 2540 382 PATlilARCILE
2570 321 2680 383 ε’).

3595 327 3754 394 1268

453 423 636 480 clesia
690 426 1058 496 gubernacula
1118 427 1364 498 pontifex
1413 427 1725 496 obtineret;
1777 430 2036 485 divinitus
2067 429 2111 488 Α
2144 430 2327 487 lustris
2353 446 2575 502 quoque
2617 447 2681 486 ac
2727 431 2926 486 lmt’tim
2962 431 3118 502 plena
3166 435 3456 491 translatio
3497 437 3748 508 contigit

451 515 650 572 adlatis
680 515 934 574 Patribus
957 523 1008 573 in
1038 533 1208 574 unum
1228 521 1575 586 coeuntibus,
1607 522 1818 577 initium
1849 523 2037 577 habuit

449 603 800 663 Orthodoxiai
829 607 1142 676 celebritas,
1176 626 1299 667 cum
1334 612 1620 680 orbisjam
1655 613 1790 669 lines
1828 615 2038 669 sereni-

451 705 536 754 tas
567 697 836 764 haberet,
875 701 1192 772 Christique
1234 705 1616 772 confessores,
1673 707 1819 762 velut
1866 707 2037 764 Stella.-

447 789 718 859 quaedam,
742 791 1055 848 universum
1073 793 1330 851 Ecclesiae
1349 797 1748 852 firmamentum
1775 798 2039 856 illustrius

446 891 728 938 ornarent.
759 882 913 940 Tunc
937 885 1098 955 plane
1125 887 1289 942 etiam
1315 889 1623 946 communis
1655 891 1816 946 Pater
1847 899 2038 946 noster

446 987 512 1030 ac
535 973 740 1031 Christi
769 975 1011 1036 famulus
1040 977 1400 1047 Nancratius,
1445 983 1513 1037 ab
1547 984 1739 1038 exsilio
1778 984 1996 1039 rediens
2017 1022 2032 1049 ,

444 1068 594 1124 venit
617 1068 961 1141 Byzantium,
995 1089 1200 1144 proque
1223 1077 1585 1132 certaminum
1618 1079 1835 1146 merito,
1863 1079 2036 1134 multo

446 1175 569 1216 cum
601 1162 808 1220 honore
840 1166 909 1220 ab
939 1165 1286 1238 imperatrice
1319 1170 1542 1240 ipsoque
1572 1171 1880 1239 patriarcha
1915 1187 2033 1228 sns-

445 1262 634 1322 ceptus
662 1255 744 1310 vir
773 1257 1029 1327 inclytus,
1061 1274 1247 1314 eorum
1283 1271 1470 1331 rogatu
1497 1277 1667 1316 sacrm
1688 1262 1917 1317 fratrum
1944 1277 2034 1318 so-

446 1347 708 1414 dalitatis,
739 1351 793 1406 in
839 1367 1005 1407 unum
1039 1363 1166 1408 tunc
1188 1365 1549 1424 congregatur,
1586 1357 1636 1410 in
1675 1355 2032 1411 venerabilis-

446 1435 587 1493 sitno
642 1437 818 1494 Studii
873 1443 1208 1498 monasterio
1278 1444 1656 1513 przefecturatn
1717 1445 1956 1515 suscepit
2015 1463 2029 1500 :

447 1542 611 1596 quam
645 1529 862 1600 quidem
895 1546 1124 1602 magnus
1159 1532 1478 1590 Theodorus
1524 1535 1707 1590 multis
1747 1549 1917 1605 nuper
1950 1533 2032 1588 la-

445 1617 672 1676 boribus
726 1624 1006 1680 enutriens
1065 1625 1482 1696 adaugeusque,
1538 1628 1604 1682 ad
1666 1627 2029 1682 tuillenarium

451 1729 736 1768 numerum
771 1727 1090 1784 provexerat
1129 1732 1145 1771 :
1176 1726 1402 1789 eratque
1447 1735 1636 1775 rursus
1666 1734 1808 1775 novo
1845 1720 2030 1787 vigore

2139 521 2480 578 Confessoris
2507 538 2571 577 ac
2600 523 2771 577 sancti
2804 520 2983 578 Patris
3011 526 3180 580 nostri
3213 525 3512 594 Theodori,
3546 541 3609 578 at.
3645 530 3741 584 i-

2138 615 2255 669 sula
2290 615 2538 686 Principe
2571 613 2638 669 ad
2673 624 2918 669 nostrum
2951 617 3052 671 hoc
3089 621 3503 684 monasterium,
3541 622 3743 690 provi-

2138 707 2300 761 dente
2352 707 2594 780 piissimo
2629 706 2870 776 Augusta
2912 723 2976 762 ac
3023 725 3224 780 magno
3270 712 3564 781 pontifice,
3602 723 3741 768 ante

2141 799 2379 853 indicato
2448 797 2725 854 Methodio
2759 839 2774 862 ,
2836 800 3206 870 universeque
3260 811 3411 856 εωίιι
3472 801 3741 858 Ecclesia

2136 893 2517 948 concurrentis
2563 909 2577 946 :
2611 890 2824 962 fuitque
2849 892 3084 961 gloriose
3114 895 3396 962 depositus
3419 937 3434 956 ,
3466 895 3739 951 vicesimo

2137 994 2290 1040 sexto
2322 981 2586 1050 Januarii,
2611 983 2765 1053 juxta
2793 983 3055 1054 inclytum
3090 991 3253 1054 atque
3284 985 3545 1039 divinitus
3576 985 3740 1040 aliia-

2139 1085 2250 1131 tuin
2297 1075 2415 1146 ejus
2449 1074 2776 1129 avunculum
2839 1073 3144 1139 Platonem,
3175 1085 3229 1132 et
3269 1077 3567 1132 tumulatus
3608 1093 3740 1132 san-

2135 1176 2258 1223 ctus
2294 1181 2399 1222 una
2433 1182 2556 1222 eum
2592 1167 2766 1221 fratre
2795 1181 2860 1221 ac
2885 1167 3140 1236 episcopo
3173 1165 3371 1238 Joscph
3400 1209 3415 1234 ,
3458 1185 3488 1223 a
3521 1171 3739 1226 dextris

2137 1260 2204 1312 ad
2234 1258 2552 1313 orientalem
2585 1267 2792 1327 partem
2819 1260 2994 1314 sancti
3027 1258 3389 1316 Praecursoris
3423 1279 3437 1314 :
3478 1280 3496 1312 ι
3537 1262 3612 1316 ad
3647 1277 3739 1317 cu-

2130 1350 2220 1420 jus
2271 1349 2478 1405 scilicet
2511 1349 2775 1404 honorem
2830 1350 3036 1405 dictum
3084 1351 3261 1406 Studii
3323 1354 3734 1418 monasterium

2135 1442 2410 1496 conditum
2458 1450 2565 1498 est.
2620 1441 2742 1496 Fuit
2795 1453 2974 1494 autem
3018 1439 3216 1510 Joscph
3284 1444 3374 1498 ille
3430 1445 3735 1514 episc0pus

2136 1533 2658 1599 Thessalonicensis,
2685 1541 2740 1586 et
2770 1532 2968 1588 colitur
2989 1550 3018 1587 a
3046 1535 3255 1590 Graecis
3296 1535 3358 1588 l4
3385 1545 3439 1589 et
3472 1535 3538 1590 i5
3565 1535 3730 1591 Julii.

2206 1630 2293 1682 i3.
2330 1626 2434 1682 Sed
2469 1627 2639 1682 multo
2676 1626 2863 1696 majori
2893 1643 3015 1682 cum
3051 1643 3178 1681 cura
3216 1627 3391 1683 sancti
3433 1627 3726 1694 ﬂethmlii,

2137 1720 2276 1774 facta
2310 1731 2394 1776 est
2430 1737 2574 1776 anno
2605 1721 2711 1775 846
2744 1720 3051 1774 Translatio
3081 1721 3257 1774 sancti
3305 1719 3598 1790 Niccpliori
3635 1738 3735 1789 pa-

450 1813 698 1874 vegetum
728 1806 930 1862 Christi
959 1807 1088 1862 illud
1129 1809 1302 1875 ovile,
1329 1811 1494 1866 veluti
1535 1811 1750 1866 cuidam
1777 1812 2030 1882 paradiso
2063 1785 2105 1840 Β
2136 1813 2386 1867 triarclne
2409 1853 2425 1877 ,
2461 1829 2489 1866 a
2524 1813 2690 1868 citato
2726 1827 2888 1881 supra
2924 1811 3260 1882 Theophane
3284 1816 3571 1867 sacerdote
3623 1815 3730 1867 dc-

451 1897 648 1964 similc,
682 1901 880 1954 multas
910 1901 1166 1956 virtutum
1203 1918 1352 1958 rosas
1375 1919 1439 1958 ac
1462 1905 1685 1974 spiritus
1712 1903 2032 1959 suaveolen-

452 1988 582 2042 tiam
631 1999 916 2058 aspectare
972 1991 1276 2047 volentiiius
1314 2004 1602 2063 praestans.
1648 2011 1667 2044 ι
1724 1993 1799 2046 De
1839 2001 2029 2047 sanc'o

449 2074 741 2137 Naucratio
798 2083 1008 2154 egimus
1057 2083 1090 2140 8
1125 2083 1275 2140 Junii
1321 2089 1334 2140 :
1375 2084 1446 2142 de
1495 2095 1687 2141 sancto
1743 2083 2032 2140 Theodoro

449 2171 718 2241 agendum
753 2175 857 2230 erit
885 2175 950 2230 l2
979 2175 1321 2232 Novembris.

523 2263 614 2320 ii.
637 2265 703 2319 At
725 2281 845 2337 qua
872 2282 903 2322 a
941 2287 959 2320 ι
999 2267 1248 2324 Patribns
1275 2269 1535 2326 divinitus
1561 2270 1755 2327 adlatis
1783 2271 1835 2326 in
1865 2287 2030 2326 unum

449 2357 774 2414 coeuntibus
803 2378 822 2411 ι
857 2369 1057 2416 statuta
1084 2376 1247 2431 supra
1281 2362 1602 2431 innituntur,
1629 2365 1832 2434 Optime
1861 2363 2033 2433 expli-

446 2459 646 2507 cantur
673 2450 726 2506 in
744 2450 1004 2508 Oratione
1031 2451 1386 2525 Theophanis
1411 2456 1710 2528 presbyteri
1743 2467 2031 2528 ct'praapo-

450 2541 564 2607 siti,
588 2543 656 2598 de
680 2543 872 2600 exsilio
900 2545 1074 2600 sancti
1100 2544 1392 2618 Nicephori
1420 2547 1748 2618 patriarchae
1771 2555 1822 2603 et
1853 2557 2033 2602 trans-

449 2635 656 2691 latione
689 2637 1043 2710 reliquiarum
1072 2640 1211 2712 ejus,
1239 2657 1270 2697 a
1302 2641 1459 2697 nobis
1485 2640 1768 2697 illustratis
1797 2642 1860 2696 ad
1887 2642 2030 2698 diem

451 2727 522 2783 13
561 2727 762 2796 Martii,
789 2731 878 2788 ubi
911 2732 1237 2789 describitur
1264 2733 1572 2790 sollicitudo
1608 2743 1812 2789 sancire
1844 2731 2029 2789 Theo-

449 2823 596 2877 σιω-ω
623 2821 1006 2892 imperatricis,
1037 2841 1136 2896 pro
1159 2826 1450 2882 concordia
1477 2834 1530 2881 et
1557 2826 1680 2880 fidei
1713 2827 2033 2882 sinceritate

445 2925 650 2971 emtum
683 2913 1127 2972 Ecclesiasticum
1161 2918 1432 2986 cogentis;
1458 2932 1487 2970 a
1513 2933 1621 2988 quo
1647 2931 1769 2972 cum
1792 2915 2032 2972 Joannes

451 3006 844 3064 lcouomacbus
882 3023 914 3064 ο
961 3009 1089 3063 sede
1134 3008 1489 3078 patriarchali
1541 3019 1693 3063 esset
1730 3008 2032 3077 depositus,

2133 1903 2337 1970 scripta
2367 1904 2450 1958 his
2480 1905 2678 1958 verbis.
2708 1923 2726 1956 ι
2761 1905 3132 1974 Quadriennio
3162 1915 3284 1972 post
3309 1904 3722 1958 sacratissinms

2133 1996 2458 2062 Methodius,
2482 1997 2667 2052 divino
2685 1997 2844 2066 plane
2871 1998 3064 2066 spiritu
3097 1997 3383 2066 impulsus,
3407 2008 3720 2065 opportune

2134 2091 2518 2162 sapienterque
2575 2091 2815 2146 divinam
2878 2090 3282 2159 itnperatricem
3365 2088 3714 2142 Theodoram

2133 2184 2446 2250 admonuit,
2485 2198 2594 2238 non
2646 2197 2768 2238 esse
2809 2188 2873 2238 ex
2914 2182 3130 2252 itnperii
3180 2193 3236 2238 et
3267 2182 3602 2252 Reipuiilicx
3639 2183 3714 2234 di-

2133 2281 2340 2351 gnitate
2385 2279 2530 2350 quod
2582 2280 2925 2335 venerandus
2966 2287 3022 2334 et
3068 2279 3210 2333 inter
3263 2279 3610 2348 patriarchas
3656 2280 3722 2330 il-

2134 2375 2318 2431 lustris
2367 2373 2738 2444 Nieephorus,
2793 2373 2887 2444 qui
2933 2387 3036 2444 pro
3079 2374 3331 2442 gloriosae
3384 2373 3722 2440 sinceraeque

2134 2469 2256 2524 ildei
2283 2467 2598 2524 defensione
2627 2482 2656 2520 a
2680 2466 2807 2521 sede
2829 2465 3108 2535 depulsus,
3143 2465 3194 2519 in
3229 2464 3546 2534 longissimo
3577 2465 3723 2517 exsi-

2135 2558 2206 2613 lio
2254 2556 2541 2624 defunctus
2572 2565 2710 2620 erat,
2747 2555 3162 2626 negiigeretur:
3204 2557 3304 2608 sed
3347 2554 3493 2607 omni
3538 2554 3725 2608 studio

2133 2653 2432 2710 curandum
2454 2666 2596 2718 esse,
2627 2659 2685 2706 ut
2718 2650 2956 2705 divinum
2987 2663 3190 2717 corpus
3226 2649 3394 2716 ipsius
3434 2649 3486 2701 in
3520 2648 3724 2703 civita-

2135 2759 2242 2801 tein
2296 2753 2683 2815 reportaretur.
2734 2741 2988 2811 Alioquin
3041 2741 3240 2811 ingrati
3291 2741 3454 2794 animi
3489 2740 3725 2804 vitium.

2137 2835 2329 2906 inquit,
2360 2851 2463 2890 non
2489 2834 2836 2898 evitabimus,
2867 2815 3060 2904 si'post
3085 2844 3308 2887 mortem
3331 2832 3496 2885 etiam
3531 2833 3724 2900 ipsum

2137 2931 2188 2984 in
2224 2929 2450 2992 exsilio,
2491 2936 2744 2997 tanquam
2769 2927 2894 2996 jure
2923 2926 3262 2989 damnatum,
3297 2923 3726 2992 reliquerimus;

2136 3022 2435 3092 praesertim
2467 3036 2592 3076 cum
2644 3036 2749 3075 non
2781 3020 3096 3090 ignoremus
3143 3033 3259 3082 eos,
3291 3016 3380 3088 qui
3413 3031 3480 3070 ex
3519 3031 3726 3085 genere

454 3116 475 3149 ι
510 3097 834 3167 Methodius,
875 3101 958 3156 vir
988 3109 1043 3157 et
1065 3102 1175 3156 vita
1203 3110 1258 3156 et
1296 3101 1540 3157 doctrina
1565 3101 1722 3157 valde
1752 3101 2031 3172 probatus,

2138 3128 2295 3171 crant
2335 3114 2534 3186 Joscph
2561 3155 2576 3180 ,
2615 3114 2668 3169 in
2714 3112 3114 3168 benedictionis
3163 3119 3318 3182 parte
3351 3111 3631 3180 posuisse,
3667 3120 3725 3164 ut

449 3201 506 3246 et
536 3191 626 3261 qui
660 3207 761 3264 pro
793 3193 1022 3249 veritate
1047 3201 1101 3248 et
1133 3193 1393 3265 religione
1419 3207 1516 3264 per
1539 3193 1707 3248 multa
1735 3195 2032 3248 certamina

447 3289 505 3336 et
535 3281 754 3354 longum
792 3284 1042 3339 exsilium
1069 3284 1398 3354 pertulerat,
1426 3293 1585 3356 atque
1629 3285 1751 3340 inde
1783 3284 1952 3354 plagis
1980 3293 2034 3339 et

448 3390 672 3432 carcere
693 3375 782 3431 diu
813 3376 1090 3432 cruciatus
1116 3377 1371 3442 redierat,
1406 3371 1658 3432 omnibus
1685 3377 1736 3431 iit
1769 3376 2033 3446 dignitate

447 3464 756 3522 constitutis
795 3453 1244 3538 approbantibus,
1278 3467 1483 3524 electus
1523 3475 1642 3532 est,
1684 3467 1776 3537 qui
1821 3483 2030 3522 sacram

447 3557 648 3628 regina:
670 3559 883 3614 urbium
908 3560 1094 3616 sedem
1120 3561 1412 3617 obtineret.
1442 3559 1598 3617 Tunc
1623 3560 1814 3616 Nicaeae
1837 3561 2033 3615 divini-

449 3661 538 3706 tus
569 3649 796 3707 edoctus
815 3662 1064 3708 sanctum
1095 3653 1493 3710 meumenicum
1517 3653 1806 3709 concilium
1832 3669 2029 3708 secun-

445 3741 600 3811 dum,
624 3743 767 3813 quod
792 3743 958 3799 irena:
986 3745 1383 3815 iinpcratricis,
1420 3747 1488 3801 ab
1519 3747 1635 3816 ipsa
1675 3762 1806 3816 pace
1841 3760 2030 3800 verum

451 3849 648 3890 nomen
691 3835 943 3892 habentis
964 3876 978 3900 ,
1008 3847 1062 3892 et
1107 3837 1321 3893 Tarasii
1355 3839 1576 3893 maximi
1610 3840 2032 3909 beatissimique

449 3927 772 4000 patriarcha:
821 3931 1002 3985 studio
1052 3930 1386 3986 celebratum
1427 3941 1543 3996 est,
1578 3932 1772 3988 merito
1819 3935 2029 3988 firmant

446 4019 682 4078 obtinuit
733 4021 1110 4078 auctoritatem
1146 4038 1208 4078 ac
1253 4025 1451 4091 robur;
1488 4039 1609 4077 cum
1652 4039 1875 4091 omnes,
1914 4041 2034 4095 qua:

450 4115 561 4171 Deo
587 4117 866 4185 aspirante
911 4117 964 4172 in
1006 4117 1123 4188 ipso
1155 4118 1370 4174 decreta
1417 4117 1653 4182 fuerant,
1701 4121 2030 4196 comproba—

448 4217 589 4264 rent.
622 4207 774 4264 Tunc
808 4224 998 4264 omnes
1031 4209 1288 4266 Ecclesite
1327 4225 1482 4265 suum
1513 4210 1712 4281 ubique
1747 4211 1914 4265 decus
1948 4227 2032 4266 re-

446 4309 728 4371 ceperunt,
764 4311 818 4356 et
852 4301 1238 4358 venerabilium
1267 4302 1560 4373 imaginum
1593 4302 1881 4371 Splendore
1915 4301 2029 4362 fue-

449 4401 578 4449 iunt
614 4393 900 4450 illustratis
936 4392 1279 4466 :ejectisque
1310 4395 1418 4451 illis
1459 4395 1548 4466 qui
1585 4395 1791 4450 nefarie
1826 4410 1919 4450 eas
1945 4395 2030 4450 in-

2138 3207 2308 3278 patris
2336 3222 2459 3262 ossa
2492 3217 2612 3276 post
2641 3204 3002 3276 quadraginta
3040 3202 3155 3258 fere
3177 3217 3348 3256 annos
3379 3217 3444 3256 ex
3478 3201 3727 3271 Egypto

2140 3302 2190 3355 in
2213 3301 2626 3355 Cliananitidem
2649 3309 3027 3368 exportarent.
3051 3282 3207 3365 Quod
3232 3312 3351 3351 eum
3382 3295 3452 3349 ita
3478 3296 3575 3357 sit,
3604 3312 3720 3358 uos,

2136 3396 2225 3465 qui
2259 3409 2450 3449 sumus
2471 3393 2691 3462 pietatis
2719 3391 2833 3454 filii.
2864 3391 3068 3446 diutius
3099 3390 3301 3459 privari
3332 3390 3610 3458 patientur
3633 3387 3722 3441 Pa-

2139 3484 2237 3538 tris
2263 3484 2406 3538 illius
2435 3483 2745 3552 priesentia,
2775 3496 2803 3534 a
2838 3497 2945 3550 quo
2987 3481 3186 3534 divinis
3215 3479 3562 3540 documentis
3587 3494 3722 3530 enu-

2139 3575 2249 3629 triti
2285 3573 2514 3628 sumus?
2555 3572 2679 3627 llaec
2730 3571 2980 3640 quidem,
3019 3569 3266 3624 omnium
3309 3583 3449 3638 quas
3478 3568 3723 3621 intuetur

2135 3665 2213 3720 sol
2241 3664 2452 3719 urbium
2495 3662 2939 3734 prmstanlissima
2965 3699 2980 3723 ,
3014 3667 3070 3712 et
3113 3659 3258 3726 regia
3305 3657 3501 3711 civitas
3525 3698 3541 3722 ,
3581 3659 3721 3710 sacri

2135 3758 2287 3813 ducis
2314 3767 2476 3826 atque
2501 3755 2736 3825 pastoris
2767 3753 2846 3808 sui
2872 3751 3135 3820 reliquias
3167 3758 3387 3805 sanctas
3417 3748 3720 3811 desiderat,

2135 3863 2269 3917 quas
2300 3846 2386 3915 pie
2419 3854 2704 3900 conservet
2737 3854 2791 3896 et
2835 3842 3000 3898 colat.
3045 3840 3245 3912 Sponsi
3295 3839 3380 3893 sui
3427 3842 3722 3908 praesentia

2136 3941 2349 3994 fruatur
2372 3953 2587 3994 rursum
2614 3935 2851 3991 Ecclesia
2877 3935 3050 4000 ipsius
3075 3930 3453 3992 amantissima
3494 3950 3508 3984 :
3537 3939 3591 3984 et
3619 3948 3724 4000 quo

2133 4033 2258 4085 vivo
2305 4028 2666 4098 iniustissima
2712 4025 3065 4096 Imperatoris
3112 4037 3272 4076 manu
3325 4021 3564 4091 spoliata
3600 4021 3722 4083 fuit,

2135 4125 2331 4179 mortui
2363 4136 2580 4190 corpus,
2622 4128 2896 4172 annuente
2927 4116 3169 4171 studiosa
3201 4111 3450 4169 Pastoris
3484 4110 3726 4182 Impera-

2138 4216 2292 4278 tricc,
2327 4212 2743 4281 complectatur.
2770 4209 2984 4272 Cernis,
3011 4206 3478 4278 quemadmodum
3505 4205 3597 4258 hic
3630 4221 3725 4274 pa-

2135 4306 2313 4376 puius,
2362 4304 2454 4371 qui
2499 4319 2596 4374 per
2639 4311 2690 4356 te
2736 4316 2960 4356 securus
3011 4301 3064 4354 in
3112 4315 3238 4354 vera
3274 4296 3546 4367 religione
3596 4313 3726 4350 cou-

2135 4397 2388 4468 quiescit,
2427 4394 2729 4451 incredibili
2760 4392 2940 4448 studio
2972 4393 3135 4447 etiam
3169 4401 3292 4461 post
3332 4401 3598 4454 mortem,
3639 4405 3724 4442 νυο

445 4484 823 4550 sectabantur,
867 4486 1183 4542 sacerdotes
1213 4488 1266 4540 in
1314 4487 1393 4542 eis
1423 4502 1486 4541 ac
1519 4488 1684 4541 duces
1705 4527 1720 4550 ,
1765 4487 1896 4541 recti
1931 4488 2027 4542 do-

2137 4507 2252 4546 cem
2280 4489 2396 4558 eius
2420 4489 2472 4544 in
2505 4489 2698 4558 spiritu
2733 4487 2921 4540 audire
2947 4482 3330 4554 concupiscit?
3367 4481 3532 4550 Quod
3563 4482 3612 4535 si
3648 4494 3720 4533 ta-

445 4578 647 4648 gmatis
667 4580 920 4647 studiosi,
952 4589 1079 4634 sunt
1107 4580 1407 4635 constituti.
1458 4599 1477 4633 ι
1523 4578 1578 4633 lu
1615 4579 1735 4634 Vita
1788 4575 2025 4644 Tara'sii,

442 4673 518 4730 25
546 4672 829 4731 Februarii
858 4673 1148 4740 illustrata,
1172 4673 1240 4729 de
1271 4674 1414 4728 dicto
1444 4672 1686 4750 Concilio
1717 4671 1879 4726 latius
1908 4673 2026 4743 agi-

447 4780 556 4832 tur,
574 4777 628 4823 et
651 4767 912 4824 memoria
937 4777 1138 4824 sanctae
1156 4765 1328 4822 lrenas
1353 4765 1724 4835 imperatricis
1755 4766 2023 4820 recolitur

445 4861 517 4918 i3
541 4860 772 4933 Augusti
802 4879 816 4916 :
855 4861 1079 4916 haeresis
1111 4874 1244 4916 vero
1264 4857 1746 4923 lconoclastarum,
1781 4873 1902 4926 qua:
1931 4857 2030 4912 sub

443 4951 626 5010 Leone
643 4953 832 5008 lsauro
861 4961 1049 5009 exorta
1067 4994 1083 5021 ,
1111 4952 1211 5008 sub
1236 4951 1420 5008 Leone
1440 4951 1681 5006 Armeno
1709 4950 2029 5005 resuscitata

445 5046 652 5110 fuerat,
683 5051 806 5114 post
833 5060 1004 5100 annos
1038 5055 1254 5100 centum
1278 5027 1333 5099 et
1366 5043 1554 5114 viginti
1587 5044 1743 5112 plane
1775 5041 2030 5110 dissipata

449 5137 666 5193 tandem
701 5147 808 5202 est,
858 5145 1021 5201 atque
1061 5136 1367 5191 institntmn
1413 5137 1608 5190 festum
1643 5133 2030 5199 Orthodoxim,

445 5246 556 5308 quo
589 5245 869 5286 sacrarum
906 5227 1201 5298 imaginum
1243 5227 1514 5283 restitutio
1557 5227 1851 5297 quotannis
1885 5225 2028 5278 cele-

446 5327 638 5382 bratur
663 5321 946 5378 Dominica
965 5321 1140 5391 prima
1165 5319 1626 5391 Quadragcsitnaa,
1651 5317 1812 5373 ducta
1845 5316 2032 5386 prmiu-

447 5417 701 5474 centibus
754 5414 964 5470 facibus
995 5412 1344 5482 processione
1397 5412 1464 5466 ab
1510 5411 1752 5466 Ecclesia
1789 5409 2031 5479 Dciparae

447 5508 834 5567 Blacberuensi
894 5506 960 5560 ad
1019 5504 1460 5577 augustissimum
1540 5503 1754 5558 Sanctae
1815 5501 2032 5574 Sophia:

451 5604 731 5674 templum.

521 5696 609 5750 12.
646 5695 750 5752 Per
780 5697 831 5752 id
862 5707 1072 5766 tempus
1111 5695 1388 5767 religionis
1420 5698 1682 5754 restitutae
1704 5739 1718 5761 ,
1747 5705 1800 5748 ut
1833 5693 2031 5763 legitur

453 5785 506 5843 in
535 5788 701 5843 citata
741 5791 913 5848 sancti
947 5789 1154 5848 Nicolai
1193 5791 1420 5850 Studitzc
1449 5788 1571 5850 Vita
1601 5807 1749 5848 num.
1784 5789 1874 5858 37,
1919 5809 1935 5841 ι
1968 5785 2029 5843 il-

2134 4583 2484 4639 bernaculum
2526 4581 2641 4650 ejus
2673 4589 2881 4634 tantum
2910 4579 2975 4633 ad
3013 4593 3071 4633 se
3123 4577 3352 4632 relatum
3399 4577 3716 4644 aspexerit,

2131 4690 2192 4732 se
2218 4675 2364 4730 illum
2403 4675 2580 4744 ipsum
2629 4673 2901 4742 recepisse
2930 4673 3227 4740 Spirantein
3272 4669 3644 4730 existimabit,
3673 4677 3720 4720 et

2133 4776 2393 4838 tanquam
2426 4767 2738 4824 thesaurum
2771 4765 3006 4834 aliquem
3036 4763 3505 4833 pretiOsissimum
3534 4778 3718 4816 recou-

2133 4860 2224 4915 det
2253 4868 2308 4914 et
2338 4858 2674 4914 observabit.
2724 4858 2818 4913 liis
2841 4858 3093 4928 precibus
3113 4899 3128 4923 ,
3165 4865 3219 4910 et
3242 4858 3721 4910 cohortationibus

2132 4952 2418 5007 celerrime
2437 4965 2500 5005 ac
2524 4950 2882 5006 libentissime
2908 4949 3107 5019 inclyta
3135 4949 3333 5003 annuit
3353 4949 3676 5017 imperatrix
3706 4965 3718 5000 :

2134 5043 2484 5113 Perspicuum
2521 5050 2604 5096 est
2643 5043 2820 5106 enim,
2853 5043 3052 5112 inquit,
3084 5043 3186 5096 hoc
3218 5041 3359 5110 apud
3397 5056 3600 5095 omnes
3635 5057 3713 5109 po

2133 5147 2330 5202 Steros,
2353 5144 2408 5189 et
2429 5135 2561 5188 milii
2592 5119 2645 5189 et
2678 5132 2862 5188 liberis
2893 5134 3027 5188 meis
3054 5133 3243 5188 honori
3280 5133 3555 5187 futurum.
3601 5152 3620 5184 ι

2205 5231 2294 5286 Η.
2327 5227 2482 5283 Tunc
2514 5243 2670 5284 sacer
2708 5228 2946 5282 civitatis
2980 5227 3210 5281 antistes
3232 5267 3246 5290 ,
3273 5243 3394 5280 cum
3430 5227 3702 5282 saet‘rxiuli

2132 5323 2233 5378 bus
2257 5332 2309 5378 et
2339 5321 2617 5376 monachis
2637 5320 2995 5388 universeque
3011 5317 3228 5388 populo,
3259 5317 3326 5372 ad
3353 5321 3535 5372 sancti
3565 5318 3716 5370 Timr.-

2133 5417 2248 5470 dori
2299 5416 2557 5482 templum
2611 5413 2871 5468 accedit:
2909 5412 3104 5480 inquo
3152 5411 3322 5481 gratia
3364 5415 3542 5478 plena:
3589 5411 3712 5464 Ιίνιι-

2131 5510 2272 5580 quizc
2296 5507 2551 5578 jacchaut
2574 5548 2589 5574 ,
2619 5521 2819 5576 easque
2848 5522 2973 5560 cum
3006 5507 3354 5561 veneratione
3386 5517 3444 5561 et
3474 5507 3716 5578 iacrymis

2131 5603 2535 5672 coinpleCtens,
2568 5608 2814 5654 sanctum
2851 5610 3111 5667 tanquam
3148 5599 3422 5651 viventem
3475 5600 3560 5653 sic
3604 5599 3714 5652 allo-

2132 5702 2290 5748 cuius
2319 5703 2398 5746 est
2443 5709 2454 5745 :
2488 5691 2533 5745 0
2561 5692 2641 5744 vir
2683 5689 3018 5754 beatissime,
3057 5689 3146 5760 qui
3185 5688 3398 5744 eisdem
3438 5691 3708 5745 laboribus

2133 5797 2185 5844 et
2211 5786 2491 5854 tertnnnis,
2526 5784 2723 5855 quibus
2753 5795 2974 5840 sanctus
2997 5779 3236 5839 Joannes
3267 5781 3696 5843 Clinsncson-ng
