3942 6218
251 313 394 380 126?

1775 327 1969 392 VITA.

3389 333 3527 399 1⁵270

245 429 474 488 affectus
501 444 581 494 es,
612 430 751 487 sicut
782 431 971 487 eodem
1013 431 1288 504 religionis
1324 435 1506 491 studio
1535 444 1589 491 et
1616 435 1828 492 dicendi
1862 449 1906 499 Α
1937 438 2061 496 ldus
2106 439 2321 507 Martii,
2380 455 2487 512 quo
2545 442 2762 512 quidem
2804 442 2890 498 die
2931 442 2984 497 in
3041 445 3297 502 exsilium
3359 449 3521 503 etiam

246 525 499 581 libertate
522 525 854 595 prastabas;
882 526 1083 597 quique
1103 527 1309 595 pariter
1333 537 1386 582 et
1409 529 1537 582 sede
1563 528 1833 598 privatus,

246 629 316 672 er
334 617 593 672 multatus
633 617 828 674 exsilio
852 659 866 683 ,
897 628 949 673 et
975 619 1192 690 triginta
1227 619 1388 675 trium
1421 635 1688 674 annorum
1721 635 1836 689 spa-

250 712 389 766 tium
441 712 677 768 extorris
721 720 832 766 tum
880 712 1053 777 vivus,
1097 722 1207 767 tum
1251 723 1499 768 mortuus
1539 715 1832 783 transegit;

251 818 407 858 nnirc
436 813 488 857 te
517 803 670 858 nobis
699 803 774 856 tui
804 804 1198 860 au'iantissimis
1231 807 1477 872 restitue,
1509 816 1670 876 atque
1711 808 1839 862 hinc

251 896 544 952 discedens
587 897 652 950 ad
687 897 904 966 propria
956 898 1096 961 redi,
1133 907 1190 951 ut
1235 906 1312 954 te"
1336 913 1477 953 nunc
1504 939 1519 964 ,
1556 912 1614 952 ut
1663 899 1838 969 ipsum

252 987 423 1054 olim,
456 986 684 1056 populus
715 993 789 1042 lui
822 990 1256 1046 studiusissimus
1291 1006 1412 1046 cum
1441 992 1640 1062 gaudio
1667 992 1841 1046 susci-

255 1080 390 1150 piat.
425 1078 546 1134 Tibi
583 1095 612 1133 a
645 1081 754 1135 Deo
783 1080 993 1136 alienus
1023 1083 1320 1151 imperator
1345 1084 1547 1139 viventi
1581 1085 1840 1142 adversa-

261 1181 349 1224 tus
383 1179 486 1237 est,
516 1180 569 1225 et
600 1170 1001 1228 inconsiderate
1029 1175 1096 1228 ab
1121 1173 1367 1230 Ecclesia
1393 1185 1444 1230 te
1471 1177 1714 1246 depulit;
1749 1181 1843 1234 sed

261 1263 455 1334 dignas
480 1263 664 1319 furore
688 1279 788 1320 suo
823 1279 1013 1336 poenas
1046 1267 1214 1334 dedit,
1245 1269 1671 1340 miserandaque
1695 1273 1842 1326 exitu

264 1356 492 1426 imperio
515 1356 675 1411 simul
702 1368 758 1413 et
789 1357 897 1413 vita
926 1361 1172 1429 privatus
1202 1369 1306 1424 est,
1348 1361 1699 1435 audaciaeque
1731 1381 1843 1420 suae

262 1449 442 1504 debita
469 1451 690 1518 praemia
715 1451 856 1505 tulit.
888 1452 1060 1508 Hodie
1091 1455 1470 1524 imperatores,
1495 1454 1604 1510 Deo
1621 1466 1842 1526 propter

270 1556 482 1596 morum
515 1542 771 1612 pietatem
804 1544 1128 1611 charissimi,
1156 1557 1370 1602 mortuo
1398 1547 1694 1604 Ecclesiam
1722 1547 1846 1604 red-

266 1633 430 1697 dunt;
455 1649 637 1703 quam,
663 1623 738 1689 uti
769 1634 864 1689 ﬁlii
896 1651 992 1706 per
1016 1637 1370 1708 Evangelium
1395 1637 1598 1706 eﬂ'ecti,
1629 1653 1841 1696 mecum

267 1729 627 1795 constituunt;
659 1730 1090 1786 nonh‘abentem
1117 1733 1383 1788 maculam
1421 1749 1598 1805 neque
1625 1750 1842 1805 rugam,

269 1821 483 1890 qualem
550 1821 660 1874 tuis
720 1831 968 1876 ornatam
1023 1832 1077 1877 et
1133 1824 1512 1880 conﬁrmatam
1577 1825 1844 1880 institutis

270 1912 562 1980 reliquisti.
597 1913 798 1982 ASpice
829 1922 883 1967 et
906 1912 1028 1968 vide
1053 1926 1410 1985 congregatos
1439 1916 1603 1979 ﬁlios,
1644 1915 1734 1986 qui
1778 1932 1843 1972 ev

268 2005 576 2076 propinquo
612 2015 898 2071 venerunt,
940 2021 1064 2061 cum
1116 2008 1306 2078 reliqui
1356 2009 1542 2078 procul
1593 2019 1742 2063 tuum
1777 2009 1845 2063 ad

271 2111 332 2153 se
389 2097 625 2152 reditum
678 2107 1028 2169 exspectent;
1070 2115 1208 2170 quos
1252 2109 1340 2166 tu,
1382 2100 1523 2156 velut
1553 2101 1848 2171 orphanos,

269 2187 378 2242 noli
439 2197 527 2242 tua
581 2201 874 2245 maerentes
929 2191 1176 2245 absentia
1250 2192 1582 2261 relinquere.
1641 2190 1850 2248 Habeat

268 2281 464 2336 civitas
541 2289 652 2345 tua,
711 2282 829 2337 loco
891 2283 1134 2338 muneris
1215 2284 1634 2354 pretiosissimi,
1698 2296 1850 2340 tuum

268 2373 646 2428 beatissimum
705 2374 1123 2430 tabernaculum
1148 2414 1164 2441 ,
1208 2391 1313 2444 quo
1345 2376 1514 2447 magis
1550 2392 1714 2448 quam
1750 2377 1852 2431 im-

269 2467 404 2537 perii
447 2467 1043 2537 amplitmlineornata,
1075 2469 1338 2538 glorietur
1370 2479 1424 2525 et
1453 2472 1708 2541 gaudeat.

343 2557 432 2612 15.
483 2557 609 2612 Ιίιεο
653 2573 784 2612 voce
846 2556 1008 2613 flebili
1088 2560 1397 2629 supplicans
1448 2561 1853 2615 sacratissimus

272 2650 582 2720 patriarcha
612 2650 936 2714 Methodius,
973 2661 1298 2706 nocturnum
1335 2651 1693 2708 Psalmorum
1723 2668 1854 2707 can-

273 2753 387 2797 tum
435 2750 490 2798 et
547 2745 835 2814 mysticum
887 2743 1221 2799 sacriﬁcium
1272 2760 1399 2800 cum
1455 2746 1651 2814 populo
1707 2745 1850 2800 ﬁdeli

271 2834 582 2904 perﬁciens,
637 2835 957 2902 praclarum
1007 2849 1040 2890 e
1097 2835 1303 2891 tumulo
1357 2851 1560 2906 corpus
1622 2837 1851 2900 retexit,

273 2926 418 2996 quod
452 2927 782 2994 undeviginti
813 2942 1084 2982 annorum
1109 2929 1286 2998 spatio
1329 2929 1599 2998 integrum
1629 2930 1854 2986 omnino

274 3032 582 3088 purumque
621 3029 934 3086 manserat;
966 3027 1021 3074 et
1050 3020 1102 3074 iu
1144 3035 1270 3075 arca
1313 3021 1382 3076 ab
1417 3023 1534 3092 ipso
1585 3024 1858 3092 composi-

1937 532 2142 600 ejectus
2174 531 2371 599 fuerat,
2409 544 2468 588 ut
2502 542 2730 604 utraque
2763 549 2820 590 re
2848 535 2918 590 sit
2943 539 3332 594 memorabilis.

2014 624 2100 678 i7.
2150 623 2296 679 lnter
2334 625 2470 681 alios
2527 624 2767 694 ejusdem
2837 629 3093 698 temporis
3143 631 3377 687 athletas
3423 630 3528 688 fuit

1941 727 2161 773 sanctus
2210 717 2528 773 Joaunicius
2566 720 2738 775 abbas
2777 719 2828 774 in
2862 718 3143 792 Bithynia,
3195 722 3348 789 cujus
3400 725 3525 779 illu-

1942 810 2073 865 stria
2128 820 2247 865 acta
2295 820 2350 864 et
2416 813 2720 866 certamina
2773 812 3182 883 descripserunt
3236 815 3414 870 Sabas
3472 827 3529 872 et

1945 901 2132 957 Petrus
2168 903 2442 968 monachi,
2466 918 2586 972 qua:
2616 902 2804 960 Graeca
2842 905 3104 962 habemus
3128 907 3170 962 si
3186 908 3344 977 ugula
3369 909 3527 963 valde

1942 991 2121 1060 longa,
2162 993 2345 1048 Retine
2384 1003 2436 1048 et
2471 992 2698 1052 Parisiis
2756 996 3046 1065 acquisita,
3108 1006 3161 1052 et
3193 1000 3259 1053 ad
3318 999 3461 1054 diem
3495 1001 3529 1054 4

1943 1085 2269 1141 Novembris
2311 1086 2652 1142 elucidanda.
2697 1087 2810 1141 Alia
2849 1089 2977 1143 item
3031 1089 3314 1155 habemus,
3354 1091 3530 1145 Meta-

1947 1178 2180 1248 phrastae
2230 1179 2428 1233 trilmta
2451 1219 2466 1241 ,
2525 1194 2642 1248 quae
2676 1194 2707 1234 a
2742 1179 3008 1235 Gentiano
3075 1181 3306 1237 llerveto
3339 1182 3530 1238 Latine

1947 1271 2158 1325 reddita
2207 1270 2376 1326 edidit
2424 1270 2756 1339 Lipomanus
2817 1282 2963 1327 tomo
3008 1271 3071 1338 V,
3120 1281 3176 1328 et
3237 1274 3428 1328 Surius
3461 1276 3528 1330 ad

1949 1358 2152 1415 dictum
2185 1361 2218 1415 4
2269 1360 2608 1427 Novembris,
2643 1363 2787 1417 unde
2826 1380 2893 1417 ex
2946 1379 3175 1418 numero
3226 1365 3285 1420 5i
3353 1365 3537 1435 placet

1949 1450 2239 1519 decerpere
2287 1453 2588 1522 sequentia.
2645 1472 2666 1506 ‹
2741 1453 3083 1524 Theophilus
3131 1471 3197 1510 ex
3261 1457 3362 1511 hac
3417 1458 3532 1512 vita

1950 1543 2202 1608 excedit;
2231 1542 2460 1598 Michael
2488 1559 2618 1600 vero
2642 1555 2695 1600 et
2729 1543 3018 1600 Tlieodora
3044 1547 3332 1617 imperium
3361 1550 3536 1604 susci-

1951 1635 2123 1704 piunt.
2157 1633 2462 1689 Methodius
2497 1645 2698 1700 autem,
2728 1637 2806 1690 vir
2836 1652 3024 1692 revera
3051 1649 3435 1695 sacrosanctus
3469 1649 3526 1694 et

1952 1727 2116 1781 homo
2145 1726 2261 1792 Dei,
2293 1726 2345 1781 in
2397 1727 2571 1782 sacris
2623 1727 2923 1783 collocatur
2977 1730 3240 1786 sedibus-
3277 1731 3384 1786 Sed
3446 1731 3533 1803 (ut

1950 1818 2348 1891 semcl‘dieam)
2396 1835 2517 1874 cum
2566 1822 2749 1876 omnia
2799 1823 2864 1877 ab
2897 1837 2961 1878 eo
3001 1821 3229 1879 fuissent
3286 1827 3537 1880 traducta

1951 1910 2401 1967 ad‘orthodoxam
2438 1911 2624 1979 ﬁdem,
2666 1915 2985 1985 scpitusque
3034 1925 3182 1972 esset
3215 1916 3392 1972 omnis
3434 1915 3539 1970 flu-

1951 2013 2092 2070 ctus,
2131 2018 2194 2060 ac
2231 2007 2418 2058 sedata
2457 2015 2768 2076 tempestas,
2801 2018 2855 2062 et
2895 2023 2983 2064 res
3011 2010 3248 2079 quietae;
3280 1987 3531 2079 qutiedam

1952 2091 2056 2148 alia
2094 2094 2289 2150 seditio
2322 2096 2599 2150 excitatur
2627 2113 2654 2150 a
2685 2098 2812 2168 piis,
2843 2107 2898 2154 et
2929 2115 3016 2154 res
3047 2099 3306 2156 Ecclesiae
3333 2102 3532 2156 iterum

1953 2193 2111 2240 erant
2134 2184 2343 2250 divisae,
2371 2196 2531 2257 atque
2555 2188 2788 2244 redactze
2823 2190 2875 2244 in
2900 2191 3035 2246 duas
3061 2191 3370 2260 opiniones.
3397 2191 3537 2246 Nam

1955 2275 2046 2331 alii
2093 2278 2312 2347 quidem
2358 2279 2616 2335 volebant
2668 2282 2903 2336 retinere
2962 2282 3015 2336 in
3059 2283 3366 2338 ministerio
3419 2299 3534 2350 eos,

1953 2370 2044 2440 qui
2079 2369 2398 2442 dignitatem
2437 2372 2731 2428 sacerdotii
2766 2385 3094 2442 acceperant
3140 2375 3207 2429 ab
3250 2372 3540 2432 lconoma-

1954 2465 2092 2523 chis,
2132 2470 2316 2533 utpote
2364 2464 2508 2534 quod
2544 2465 2646 2520 hoc
2704 2465 2838 2520 nihil
2883 2465 3069 2535 pietati
3115 2463 3394 2521 ofﬁceret:
3445 2466 3538 2520 alii

1955 2564 2132 2611 autem
2173 2555 2412 2626 profanis
2447 2570 2634 2612 sancta
2681 2557 2896 2612 tradere
2947 2557 3232 2622 manibus,
3277 2555 3543 2626 putabant

1955 2649 2176 2704 omnino
2207 2663 2326 2703 esse
2383 2649 2628 2717 impium,
2679 2657 2734 2704 et
2769 2649 2992 2704 minime
3030 2647 3140 2704 Deo
3192 2659 3403 2718 gratum
3441 2661 3548 2704 nec

1956 2742 2372 2798 admittendum.
2409 2742 2646 2798 Ferebat
2678 2743 2729 2797 id
2765 2758 2930 2814 agre,
2958 2741 3048 2811 qui
3091 2743 3201 2797 Deo
3227 2757 3352 2798 vere
3383 2743 3537 2797 vive.-

1956 2831 2048 2887 bat
2074 2832 2397 2898 Methodius,
2433 2833 2844 2903 angebaturque
2876 2842 2930 2887 et
2955 2821 3301 2888 lacerabatur
3332 2832 3497 2886 corde
3521 2850 3548 2900 ι

1959 2927 2339 2994 putabatenim
2371 2941 2623 2996 magnum
2649 2925 2873 2982 Paulum
2908 2940 3170 2982 resonare
3205 2925 3260 2980 in
3292 2925 3553 2990 auribus,

1921 3012 1924 3014 ’
1961 3016 2074 3084 ιιῳο
2115 3018 2501 3088 propemodum
2533 3017 2842 3087 loquentem
2878 3037 2890 3072 :
2938 3014 3156 3072 Utinam
3189 3018 3292 3073 sim
3319 3033 3348 3070 a
3384 3016 3551 3072 (Σιιιίοι

276 3120 496 3175 ιιιιιι,,θι
527 3111 872 3168 sacerdotum
914 3113 1164 3168 manibus
1195 3113 1490 3180 sublatum,
1521 3130 1644 3170 cum
1685 3115 1852 3169 lumi-

1960 3119 2044 3164 sto
2072 3111 2358 3165 anathema
2389 3125 2486 3179 pro
2514 3109 2775 3166 fratribus
2805 3109 2941 3166 meis
2964 3111 3262 3166 secundum
3291 3124 3540 3172 carnem,

275 3203 444 3258 nibus
479 3211 534 3258 et.
575 3203 842 3274 frequenti
883 3204 1220 3260 Psalmorum
1257 3217 1442 3272 cantu,
1482 3208 1534 3262 in
1569 3210 1748 3263 navim
1789 3210 1860 3265 ad

275 3295 384 3350 hoc
412 3305 656 3365 paratam
693 3297 899 3351 illatum
929 3307 1034 3353 est.
1070 3297 1176 3352 Sed
1216 3313 1338 3353 cum
1373 3299 1572 3352 fretum
1602 3299 1854 3370 trajeeis-

276 3397 384 3451 set,
424 3397 480 3444 et
510 3390 575 3442 ad
613 3389 761 3444 urbis
804 3389 957 3444 littus
1005 3390 1512 3460 appropinquasset,
1573 3389 1668 3446 Dei
1725 3407 1856 3447 cura

275 3477 832 3551 Michaelimperator
873 3480 1114 3551 juvenis,
1147 3490 1202 3535 et
1230 3471 1582 3550 amplissimis
1619 3483 1860 3552 dignita-

280 3573 435 3628 tibus
460 3581 781 3642 praestantes
813 3573 934 3637 viri,
970 3581 1026 3638 et
1064 3572 1299 3642 patricii,
1352 3581 1408 3628 et
1461 3573 1652 3644 reliqui
1683 3574 1857 3640 cives,

282 3662 391 3718 lati
443 3663 693 3732 facesque
728 3662 978 3716 manibus
1015 3671 1286 3728 tenentes,
1323 3662 1540 3716 obviam
1569 3678 1858 3734 processe-

281 3765 412 3812 runt
443 3765 544 3811 :-et
567 3770 750 3809 arcam
787 3755 933 3810 illam
962 3756 1278 3825 pretiosam,
1314 3771 1435 3811 cum
1463 3757 1566 3812 ﬁde
1595 3773 1661 3813 ac
1699 3773 1861 3813 vene-

282 3847 518 3912 ratione,
541 3847 781 3902 bumeris
810 3848 924 3902 suis
947 3847 1262 3914 subeuntes,
1289 3849 1353 3902 ad
1399 3866 1649 3920 magnam
1687 3865 1860 3922 usque

278 3948 565 4008 gestarent
621 3940 946 4005 ecclesiam,
987 3955 1052 3995 ex
1097 3955 1236 4010 qua,
1275 3941 1550 4012 pontiﬁcis
1595 3941 1860 4015 dignitate

277 4030 566 4101 spoliatus,
599 4032 804 4101 ejectus
836 4031 1030 4087 fuerat.

353 4123 446 4179 16.
490 4123 615 4178 lude
652 4124 890 4190 rursum,
922 4125 1156 4180 assiduis
1187 4126 1279 4182 diu
1317 4136 1589 4197 noctuque
1620 4127 1862 4182 Psalmo-

282 4229 404 4271 rum
442 4213 758 4270 feslivorum
809 4216 1060 4270 cautibus
1092 4215 1332 4271 vicissim
1373 4226 1606 4281 utentes,
1653 4227 1704 4270 et
1736 4233 1859 4270 cum

279 4307 433 4364 omni
465 4307 726 4362 luminum
773 4322 971 4377 genere
1024 4323 1119 4380 per
1151 4310 1381 4363 mediam
1440 4311 1628 4364 urbem
1685 4311 1858 4378 ipsum

281 4408 578 4468 gestantes,
615 4400 668 4454 in
707 4401 1036 4455 Sanctorum
1081 4397 1462 4470 Apostolorum
1516 4401 1711 4470 templo
1746 4401 1860 4456 (τοι.

281 4493 552 4548 locarunt.
607 4493 778 4546 Tanta
824 4502 1006 4546 autem
1067 4499 1187 4546 erat
1241 4485 1621 4548 concurrentis
1677 4495 1857 4565 populi
1896 4481 1936 4535 ι)

282 4585 528 4639 virorum
569 4594 623 4640 et
681 4580 1046 4647 feminarum,
1111 4595 1273 4653 atque
1341 4592 1559 4640 {elatum
1615 4587 1855 4641 omnium

281 4675 593 4740 multitudo,
625 4684 683 4729 ut
717 4675 990 4730 numerari
1022 4690 1125 4728 non
1177 4684 1380 4744 posset.
1427 4675 1483 4730 In
1517 4675 1675 4730 biviis
1714 4677 1860 4732 enim

281 4778 331 4822 et
363 4770 659 4837 porticibus
693 4768 1111 4837 premebantur;
1144 4777 1199 4822 et
1234 4769 1435 4838 ubique
1472 4783 1568 4837 per
1605 4768 1710 4822 vim
1758 4768 1861 4824 sibi

280 4861 489 4914 exitum
519 4861 807 4929 parabant,
850 4861 988 4914 adeo
1015 4870 1092 4928 ut,
1123 4863 1372 4930 quamvis
1401 4861 1608 4923 multm,
1643 4870 1864 4930 propter

285 4955 644 5024 imperatores
687 4963 741 5006 et
773 4953 1104 5017 sacerdotes,
1155 4953 1321 5008 variis
1367 4955 1701 5023 temporibus
1726 4953 1864 5007 cele-

282 5045 513 5100 britates
542 5044 874 5109 exstiterint,
909 5044 1055 5098 nulla
1105 5055 1282 5100 tamen
1311 5060 1430 5099 cum
1489 5046 1591 5100 hac
1625 5045 1861 5100 conferri

284 5143 466 5204 queat.
513 5132 768 5188 Nonnulli
803 5134 968 5186 etiam
1019 5133 1073 5186 in
1109 5134 1190 5186 via
1231 5132 1512 5201 spiritibus
1568 5135 1865 5189 immundis

284 5225 490 5288 vexati,
533 5227 658 5279 dum
708 5226 776 5280 ab
807 5225 928 5279 aliis
962 5226 1485 5295 comprimerentur,
1523 5226 1864 5281 miserandas

282 5327 452 5388 atque
491 5317 786 5372 maledicas
830 5333 991 5372 voces
1021 5317 1378 5383 emittebant;
1412 5333 1640 5388 quorum
1685 5333 1716 5372 e
1763 5333 1866 5370 nu-

282 5423 440 5466 mero
488 5410 707 5481 quidam
745 5411 814 5466 ab
863 5411 979 5480 ipso
1031 5410 1203 5466 curati
1255 5419 1398 5464 sunt.
1461 5408 1647 5478 Pupuli
1703 5409 1868 5479 igitur

284 5501 613 5571 impctu‘vix
646 5502 872 5568 evitato,
901 5512 1151 5558 sanctum
1181 5502 1368 5556 eximii
1399 5501 1724 5570 patriarchae
1753 5516 1868 5554 cor-

284 5607 390 5665 pus
435 5594 488 5648 in
541 5595 900 5652 celeberrimo
951 5594 1334 5664 Apostolorum
1389 5593 1624 5664 templo,
1695 5593 1867 5648 sacris

285 5686 567 5758 mysteriis
600 5685 710 5742 Deo
739 5687 994 5759 peractis,
1026 5687 1077 5742 in
1108 5685 1362 5757 sepulcro
1391 5698 1584 5740 recens
1609 5694 1867 5740 constru-

293 5790 400 5847 cto,
441 5777 692 5835 manibus
745 5778 912 5852 ipsius
966 5775 1223 5834 Methodii
1265 5773 1624 5848 compositum
1668 5781 1768 5844 est,
1804 5788 1863 5830 ιιι

1963 3201 2005 3255 si
2041 3203 2200 3255 modo
2229 3202 2490 3257 stetcritis
2509 3202 2814 3268 nobiscum,
2843 3210 2897 3256 et
2924 3201 3288 3256 communiter
3319 3201 3547 3272 quidem

1966 3291 2296 3350 Trinitatem
2345 3292 2858 3363 gloriﬁcaverimus.
2888 3292 2956 3348 Et
2996 3293 3085 3347 ille
3129 3295 3344 3363 quidem
3377 3295 3456 3348 sic
3480 3307 3554 3348 se:

1963 3366 2231 3452 habebat;
2275 3384 2368 3441 Dei
2403 3395 2584 3440 autem
2627 3385 2834 3439 amicus
2896 3383 3241 3448 Joannicius,
3293 3383 3542 3440 incidens

1965 3477 2018 3532 in
2045 3493 2131 3534 res
2165 3479 2301 3534 adeo
2337 3474 2666 3533 turbatas...
2687 3477 3095 3547 archiepiscopi
3117 3475 3389 3536 .Methodii
3430 3475 3551 3545 jam

1963 3570 2236 3626 labantem
2293 3570 2574 3626 recreabat
2638 3570 2952 3626 animum...
3007 3568 3298 3626 Scribebat
3362 3577 3544 3623 autem

1965 3663 2358 3732 Methodio,_ut
2408 3663 2531 3718 illos
2589 3663 2772 3733 potius
2819 3663 3046 3718 haberet
3100 3662 3246 3717 circa
3300 3660 3558 3717 dixinuns

1964 3756 2318 3822 sacriﬁcium,
2347 3770 2484 3827 quos
2515 3765 2698 3810 nosset
2722 3770 2846 3811 cum
2881 3769 2946 3811 eo
2977 3755 3184 3810 sentire
3214 3753 3265 3808 in
3293 3754 3545 3822 dogmate

1964 3847 2378 3905 Ortbodoxize...
2424 3847 2561 3903 Cum
2604 3847 2688 3903 ὴιε
2740 3847 3021 3903 venissent
3073 3847 3291 3911 litterze,
3326 3844 3562 3902 divinus-

1963 3940 2181 4012 qnidem
2247 3940 2552 3997 Methodius
2629 3939 2902 3995 memoriae
2967 3939 3252 3995 mandavit
3311 3953 3371 3993 ea
3427 3954 3550 4008 qum

1963 4033 2161 4104 scripta
2196 4033 2426 4089 fuerant.
2470 4053 2488 4086 ›
2523 4031 2647 4088 Ηωο
2674 4032 2772 4098 ibi,
2800 4031 3054 4086 dicuntur
3081 4041 3263 4086 autem
3293 4047 3320 4084 a
3349 4042 3548 4085 sancto

1963 4123 2247 4181 Joanuicio
2283 4127 2500 4197 plurimi
2541 4127 2776 4182 haeretici
2805 4125 3052 4181 conversi
3080 4141 3094 4187 ;
3126 4125 3248 4179 dein
3299 4139 3450 4179 num.
3479 4124 3556 4179 5T

1965 4220 2078 4274 ista.
2099 4219 2164 4274 de
2185 4229 2376 4272 sancto
2408 4217 2678 4273 Methodio
2721 4217 3008 4271 habentur.

2037 4310 2125 4365 18.
2149 4309 2350 4376 Quinto
2382 4323 2533 4362 auuo-
2553 4308 2764 4376 imperii
2791 4306 3088 4372 Michaelis,
3118 4308 3206 4376 qui
3241 4305 3545 4361 Ecclesiam

1968 4402 2185 4472 regebat
2217 4399 2543 4461 Methodins,
2573 4413 2695 4452 cum
2734 4398 2912 4466 magni
2941 4397 3208 4450 Joanuicii
3251 4397 3316 4449 ad
3359 4395 3544 4450 Domi-

1969 4511 2094 4548 num
2123 4493 2404 4547 decessum
2440 4489 2803 4562 prurscivisset
2826 4489 3295 4560 appropinquare,
3323 4487 3388 4543 ad
3419 4503 3547 4544 eum

1969 4587 2136 4650 venit,
2173 4593 2229 4640 et
2282 4584 2502 4638 ultimas
2556 4597 2745 4653 preces
2790 4582 2858 4636 ab
2899 4597 2965 4637 eo
3006 4581 3180 4651 petiit.
3213 4579 3308 4636 llle
3355 4590 3546 4637 autem

1967 4677 2189 4732 maximi
2224 4675 2429 4732 faciens
2463 4675 2740 4731 conveniri
2779 4690 2808 4728 a
2840 4672 3135 4739 Methodio,
3172 4685 3457 4744 postquam
3492 4682 3550 4728 et

1967 4772 2018 4824 in
2049 4771 2265 4840 longum
2295 4781 2510 4841 tempus
2549 4787 2674 4826 cum
2721 4785 2785 4824 eo
2820 4767 3164 4839 produxisset
3211 4781 3549 4829 sermonem,

1965 4869 2019 4913 et
2049 4860 2243 4916 deinde
2270 4876 2430 4915 sacro
2449 4860 2614 4916 cmtni
2641 4869 2802 4928 atque
2837 4873 3027 4913 recens
3049 4857 3222 4912 electo
3249 4857 3398 4926 gregi
3427 4873 3549 4926 quae

1967 4952 2186 5018 pietatis
2239 4959 2396 5005 erant
2450 4952 2748 5015 suasisset,
2812 4950 3020 5016 dicens,
3076 4959 3137 5005 ut
3191 4949 3549 5006 immobiliter

1968 5052 2350 5113 permanerent
2387 5041 2438 5095 in
2465 5043 2566 5097 ﬁde
2597 5041 2926 5104 orthodoxa,
2958 5057 3134 5112 neque
3165 5052 3543 5098 everterentur

1967 5151 1995 5188 a
2026 5135 2268 5202 profanis
2299 5135 2522 5190 vocibus
2559 5136 2960 5198 luereticorunt,
2987 5145 3041 5190 et
3066 5135 3210 5190 inter
3235 5149 3294 5190 se
3323 5148 3550 5189 consere

1966 5237 2158 5281 varcnt
2190 5228 2561 5290 concordiam,
2597 5243 2770 5298 neque
2803 5228 3196 5297 blasphemiam
3230 5235 3284 5281 ct
3320 5224 3548 5279 maledi-

1967 5331 2086 5370 Cam
2127 5327 2407 5372 moverent
2455 5320 2506 5371 in
2549 5321 2900 5388 pontiﬁcem;
2933 5319 3213 5388 subiunxit
3251 5313 3396 5386 quod
3423 5319 3542 5368 hort

1969 5409 2200 5462 multum
2229 5419 2440 5480 tempus
2466 5421 2586 5480 post
2607 5426 2762 5467 suum
2783 5410 3070 5466 decessum
3097 5410 3311 5464 viveret
3341 5405 3552 5462 Metire-

1969 5501 2110 5555 dius.
2155 5500 2269 5566 Qua
2317 5501 2370 5556 in
2419 5517 2477 5558 re
2509 5518 2614 5564 non
2668 5503 2769 5559 fuit
2810 5503 3016 5570 falsus;
3069 5499 3234 5555 tertio
3271 5501 3414 5554 enim
3461 5500 3566 5555 die-

1968 5603 2254 5662 postquam
2291 5594 2406 5649 haec
2433 5594 2700 5661 dixisset,
2728 5594 3061 5659 Joannicius,
3097 5591 3291 5663 spiritu
3317 5591 3538 5662 quidem

1970 5682 2168 5752 ming
2205 5683 2269 5738 ad
2303 5699 2365 5740 ea
2396 5700 2516 5755 qua:
2555 5683 2835 5756 diligebat,
2869 5683 3128 5738 deductus
3166 5697 3197 5736 a
3232 5680 3401 5736 choro
3435 5693 3566 5734 arm

1971 5776 2236 5846 galerum.
2271 5817 2285 5834 .
2325 5817 2338 5835 .
2383 5815 2396 5833 .
2439 5775 2743 5836 Methodius
2771 5786 2972 5847 autem,
3013 5775 3106 5848 qui
3140 5775 3281 5833 inter
3310 5772 3548 5846 patriar-
