3932 6214
373 257 510 330 I‘Z‘il

1395 265 1458 327 S.
1497 265 1876 326 METHODII
1913 261 2419 326 PATRIARCHJE
2455 259 2572 322 CP.

3472 242 3624 314 1272

371 385 502 440 chas
529 382 830 442 clarissime
859 381 1046 452 fulsit,
1077 382 1192 452 ipse
1225 393 1476 451 quoque,
1525 389 1723 436 octavo
1753 393 1937 436 mense
1964 381 2014 439 Δ
2039 377 2339 444 Methodio,
2362 376 2414 430 in
2441 389 2508 430 ea
2544 367 2862 443 scriptione.
2889 381 3050 439 quam
3078 369 3146 426 de
3185 367 3304 439 ipsa
3342 366 3626 436 beataque

371 483 496 546 post
543 469 687 532 illius
717 475 998 532 decessum
1021 513 1038 541 ,
1078 472 1313 530 excessit
1343 487 1410 529 ex
1451 473 1566 538 hac
1593 473 1704 528 vita
1747 481 1942 542 quarto

372 565 586 624 decimo
613 563 778 621 Junii.
1503 609 1513 618 .

445 653 826 714 l9..Baronius
853 669 997 710 anno
1023 653 1151 720 842,
1183 670 1333 710 num.
1357 654 1492 710 20::
1520 653 1621 721 Qui
1643 653 1829 726 igitur,
1858 653 1943 709 in-

375 748 514 823 quit,
545 756 668 816 post
697 755 774 802 tot
803 745 1060 802 Ecclesia:
1086 745 1703 815 Constantinopolitanae
1729 745 1947 820 naufra-

375 839 482 908 gia,
513 837 632 908 ejus
657 837 890 920 clavum,
917 851 950 892 e
978 839 1232 892 manibus
1265 838 1644 893 hzereticorum
1674 837 1943 901 evulsum,

379 929 766 984 moderandum
809 930 1047 999 suscepit
1073 929 1383 998 patriarcha
1421 925 1767 997 Methodius;
1804 943 1943 1000 quo-

382 1035 488 1092 que
554 1020 870 1076 revocandis
933 1021 1002 1075 ad
1049 1019 1346 1076 Ecclesiam
1399 1021 1563 1090 lapsis
1603 1019 1944 1076 allahoravit.

383 1111 536 1179 Quod
565 1125 694 1168 vero
724 1111 780 1167 hi
813 1105 1180 1182 reperirentur
1208 1114 1370 1166 varia:
1401 1110 1577 1166 aetatis
1611 1111 1948 1180 diversaeque

384 1203 708 1260 conditionis
733 1243 750 1270 ,
785 1217 856 1259 ne
887 1205 1186 1260 vilesceret-
1221 1205 1590 1262 ecclesiastica
1625 1187 1949 1274 disciplina,

385 1295 601 1351 eosdem
631 1310 819 1351 omnes
841 1295 1060 1350 diverso
1098 1298 1259 1352 modo
1285 1309 1527 1352 censura
1567 1295 1949 1374 ecclesiastica:

383 1385 552 1440 voluit
580 1400 700 1443 esse
731 1386 1026 1457 subjectos.
1061 1408 1081 1442 ι
1118 1387 1192 1445 Ea
1216 1389 1565 1455 constitutio,
1595 1403 1715 1442 cum
1743 1389 1951 1444 oratio-

384 1476 546 1532 nibus
568 1477 734 1534 variis
759 1487 814 1533 et
847 1473 1062 1546 ritibus,
1094 1489 1272 1536 exstat
1300 1480 1486 1546 Graece
1513 1489 1567 1535 et
1589 1472 1781 1535 Latine
1804 1479 1955 1534 edita

385 1581 416 1619 a
451 1563 721 1623 Ludovico
753 1567 894 1622 Guar
935 1569 988 1623 in
1037 1567 1365 1639 Euchologio
1404 1569 1521 1625 sive
1553 1569 1758 1626 Rituali
1782 1567 1950 1638 Eras-

385 1671 570 1713 corum
613 1674 734 1728 pag.
767 1659 872 1714 676
905 1668 959 1714 et
988 1660 1176 1714 decem
1195 1661 1544 1736 sequentibus
1565 1701 1582 1728 ,
1615 1661 1716 1716 sub
1748 1661 1849 1718 hoc
1877 1661 1950 1715 ti-

386 1751 516 1803 tulo.
573 1764 596 1800 ι
650 1747 908 1805 Methodii
959 1751 1285 1820 patriarchae
1315 1751 1844 1821 Constantinopolis,
1881 1753 1950 1808 de

385 1837 454 1893 iis
490 1839 581 1908 qui
616 1840 974 1908 abnegarunt,
1014 1841 1310 1896 secundum
1337 1835 1580 1898 diversas
1605 1857 1864 1911 personas
1893 1851 1951 1898 et

383 1940 602 1996 aetates,
635 1940 690 1986 et
723 1931 790 1986 ad
831 1931 1188 1987 orthodoxam
1223 1947 1517 2004 veramque
1555 1933 1715 1988 ﬁdem
1766 1949 1951 1990 rever-

387 2029 591 2076 tuntur.
625 2039 644 2074 ι
683 2019 852 2092 Hujus
871 2037 998 2092 pars
1020 2023 1196 2091 aliqua
1217 2032 1394 2084 exstat
1421 2024 1583 2097 etiam
1611 2026 1750 2093 apud
1769 2023 1950 2079 Theo-

384 2111 574 2167 dorum
605 2111 981 2168 Balsatnonem
999 2152 1020 2180 ,
1051 2123 1104 2169 et
1135 2127 1201 2169 ex
1231 2128 1299 2169 eo
1326 2113 1466 2186 apud
1495 2115 1788 2170 Baronium
1829 2111 1950 2171 loco

383 2217 547 2272 supra
577 2203 768 2260 relato.
1510 2257 1516 2263 ,

450 2293 544 2351 20.
581 2293 864 2352 Edidimus
915 2311 1014 2354 nos
1060 2297 1128 2352 ad
1172 2297 1314 2354 diem
1367 2299 1612 2368 quintum
1668 2298 1950 2371 Februarii

383 2383 622 2454 ejusdem
675 2387 849 2442 sancti
909 2387 1166 2445 Methodii
1216 2387 1530 2444 Orationem
1584 2389 1638 2444 in
1699 2398 1948 2445 sanctum

381 2475 680 2542 Agatham,
720 2475 959 2547 quinque
991 2477 1260 2546 capitibus
1309 2493 1338 2532 a
1383 2479 1541 2534 nobis
1570 2478 1883 2534 distinctam
1931 2495 1954 2533 :.

383 2564 650 2620 edidimus
677 2567 846 2622 etiam
875 2568 942 2622 ad
971 2568 1114 2624 diem
1153 2568 1222 2624 IS
1255 2556 1434 2624 Martii
1463 2566 1731 2639 duplicem
1776 2567 1948 2638 Vitam

387 2657 561 2710 sancti
596 2655 974 2728 Theophanis,
1007 2660 1294 2731 hegumeni
1328 2673 1381 2716 et
1412 2651 1743 2718 confessoris
1763 2701 1780 2728 ,
1807 2662 1956 2733 prio-

389 2761 502 2801 rem
534 2759 753 2805 auctore
781 2762 970 2806 sancto
1014 2750 1300 2807 Theodoro
1335 2750 1547 2808 Studita
1583 2763 1673 2808 aut
1698 2752 1804 2808 alio
1841 2766 1954 2806 mo-

386 2841 560 2894 nacho
598 2855 814 2907 coavo;
857 2843 1081 2898 alteram
1118 2841 1374 2908 auctore,
1418 2854 1478 2899 ut
1506 2845 1737 2912 videtur,
1785 2844 1952 2900 Meta-

385 2931 606 3000 phrasto
665 2952 680 2988 :
733 2936 824 3004 qui
871 2951 1019 2989 num.
1057 2936 1117 2990 Il
1171 2939 1408 2990 excusat"
1441 2951 1525 3002 se,
1584 2937 1726 3005 quod
1767 2939 1954 2992 uxoris

2040 470 2210 540 ipsius
2238 469 2348 522 vita
2376 464 2702 536 composuit.
2735 483 2755 516 ι
2786 463 2937 520 Ilanc
2967 460 3321 532 scriptionem
3345 459 3622 524 hactean

2041 578 2149 618 non
2180 561 2332 616 licuit
2359 559 2570 614 videre.
2598 556 2790 612 Exstat
2825 554 2990 618 etiam
3029 554 3174 609 inter
3215 567 3380 620 opera
3422 559 3618 608 sancto

2045 652 2295 724 Dionysio
2321 649 2661 720 Areopagitae
2689 647 2977 712 attributa,
3003 643 3144 716 apud
3169 643 3390 700 Petrum
3415 641 3624 698 Lause-

2042 745 2172 801 lium
2207 739 2680 807 et‘Balthasaretu
2711 727 3057 800 corderium,
3099 735 3239 791 illius
3267 733 3620 806 Martyrium,

2045 847 2268 892 auctore
2321 831 2613 898 Methodio,
2656 831 2740 885 vel
2787 830 2884 902 (ut
2912 827 3046 895 alii)
3097 827 3428 882 Metrodoro.
3478 825 3624 880 Illud

2045 937 2236 984 sancto
2269 924 2546 985 Methodio
2593 918 2916 993 patriarchae
2967 919 3248 974 ascribunt
3289 917 3630 972 Anastasius

2044 1017 2508 1080 bibliothecarius,
2535 1014 2588 1068 in
2617 1011 2846 1081 epistola
2877 1010 2942 1066 ad
2977 1008 3232 1070 Carolum
3263 1007 3534 1071 Caluum;
3567 1014 3628 1059 es

2047 1091 2411 1172 Flodoardus,
2442 1107 2540 1173 lib.
2575 1119 2636 1159 ιιι
2672 1103 2923 1158 Historia:
2954 1097 3246 1154 Remensis
3281 1113 3407 1168 cap.
3447 1111 3624 1162 xvttt;

2041 1193 2479 1258 ubi‘recensens
2519 1195 2794 1251 llincmari
2851 1189 3090 1262 episcopi
3143 1179 3396 1261 scripta,
3427 1186 3626 1266 addit;

2054 1312 2080 1347 ο
2105 1294 2179 1348 De
2197 1291 2448 1360 passione
2468 1287 2641 1344 sancti
2670 1283 2934 1356 Dionysii,
2953 1297 2982 1336 a
3009 1279 3281 1337 Methodio
3305 1278 3633 1354 Constanti-

2049 1384 2363 1455 nopolitano
2399 1378 2589 1436 Graece
2615 1379 2836 1444 dictata,
2871 1373 3016 1430 etab
3044 1371 3334 1428 Anastasio
3357 1369 3631 1426 Romane

2049 1477 2194 1534 sedis
2220 1473 2413 1528 Latine
2436 1472 2661 1540 scripta.
2700 1488 2722 1520 ι
2753 1466 2860 1522 Sed
2889 1466 3004 1530 haec
3029 1463 3096 1520 ad
3132 1463 3272 1518 diem
3305 1461 3339 1516 9
3369 1457 3632 1542 Octobris

2049 1577 2209 1623 erunt
2229 1561 2612 1622 examinanda.
2632 1559 2871 1628 Denique
2885 1553 3123 1611 Iacobus
3139 1550 3452 1615 Gretserus,
3475 1557 3634 1604 tomo

2051 1651 2288 1714 secundo
2322 1657 2388 1710 de
2414 1653 2586 1710 Cruce
2605 1693 2622 1718 ,
2665 1651 2807 1704 inter
2837 1643 3106 1702 liomelias
3131 1645 3197 1696 de
3226 1651 3417 1698 sancta
3442 1637 3630 1695 Cruce

2049 1749 2221 1805 edidit
2247 1747 2480 1815 aliquam
2503 1740 2756 1797 Methodii
2779 1735 3040 1809 episcopi,
3069 1734 3136 1790 ad
3162 1747 3258 1788 eos
3287 1729 3376 1800 qui
3407 1730 3628 1793 dicunt.

2055 1859 2076 1894 ι
2115 1827 2252 1906 Quid
2286 1836 2489 1908 profuit
2519 1832 2674 1888 nobis
2708 1827 2878 1884 Filius
2911 1823 3332 1882 Dei.crucilixus
3361 1819 3415 1875 iu
3443 1827 3624 1882 terra,

2049 1941 2105 1989 et
2127 1931 2286 1986 homo
2309 1925 2588 1982 factus‘let
2614 1935 2786 1994 quare
2809 1919 2988 1976 crucis
3014 1917 3183 1986 ﬁgura
3207 1916 3321 1984 pati
3340 1912 3625 1974 sustinuit,

2049 2011 2244 2077 et‘non
2292 2015 2508 2088 aliquod
2550 2013 2694 2068 aliud
2734 2007 3220 2080 'supplicium'i'_et-
3247 2019 3367 2074 quae
3416 2003 3631 2058 utilitas

2051 2112 2266 2170 erucis?
2298 2129 2318 2163 ι
2348 2109 2480 2163 Item
2508 2105 2666 2160 aliam
2693 2102 2932 2170 ejusdem
2956 2097 3240 2161 Methodii,
3271 2097 3342 2151 ad
3367 2109 3462 2150 eos
3488 2109 3634 2164 quos

2050 2203 2212 2273 pudet
2246 2197 2424 2255 crucis
2451 2193 2654 2250 Christi
2679 2193 2778 2263 (I).
2803 2209 2822 2243 ι
2843 2189 3036 2246 Exstat
3057 2186 3221 2242 etiam
3244 2185 3383 2251 apud
3398 2185 3632 2238 citatum

2050 2295 2424 2350 Balsamonem
2445 2288 2632 2343 Canon
2659 2285 2725 2340 de
2751 2279 3240 2354 segregationihus,
3265 2276 3382 2330 sive
3399 2289 3634 2349 excom-

2051 2368 2508 2440 municationibus
2529 2417 2544 2442 ,
2577 2385 2632 2432 et
2660 2375 2879 2446 quidem
2915 2369 3234 2427 monasticis
3255 2408 3270 2432 ,
3301 2367 3382 2422 uti
3413 2367 3638 2420 videtur

2051 2492 2120 2532 ex
2175 2473 2326 2528 titulo
2373 2469 2572 2538 colligi.
2621 2465 2734 2522 Nec
2781 2463 3093 2519 dubitamus
3138 2459 3268 2530 quin
3304 2457 3461 2511 varia
3511 2455 3634 2525 ejus

2051 2573 2404 2625 monumenta
2452 2559 2631 2618 adhuc
2671 2559 2879 2613 lateant
2923 2553 2976 2610 in
3027 2551 3194 2607 variis
3223 2548 3574 2605 bibliothecis
3609 2563 3627 2600 :

2051 2659 2297 2732 quaedam
2323 2657 2488 2713 etiam
2513 2652 2816 2722 prodierint
2838 2647 2939 2704 sub
2971 2646 3192 2700 nomine
3221 2643 3397 2698 sancti
3428 2639 3635 2694 Metho-

2053 2751 2148 2816 dii,
2173 2749 2406 2821 episcopi
2433 2761 2498 2800 ac
2519 2742 2772 2814 martyris
2789 2741 2840 2795 in
2857 2737 3040 2810 Lycia,
3065 2751 3127 2790 ιιι
3147 2749 3271 2789 διες.
3299 2747 3416 2802 quae
3437 2743 3644 2786 revera.

2056 2820 2640 2907 Constantinopolitani
2673 2831 2830 2900 hujus
2859 2831 2998 2894 sint;
3033 2837 3199 2897 atque
3230 2820 3491 2894 imprimis
3519 2835 3590 2879 ea
3618 2858 3641 2883 ,

2056 2945 2215 3000 quam
2257 2927 2294 2981 Ξ
2323 2923 2607 2981 Februarii
2645 2919 2874 2992 allegnvi
2913 2933 2982 2973 ex
3025 2912 3369 3000 Combelisio,
3415 2911 3482 2964 de
3508 2907 3650 3000 si-

385 2996 558 3075 sancti
591 2996 960 3094 Theophanis,
1005 3025 1114 3095 jam
1153 3024 1476 3080 monacham
1511 2996 1734 3094 ind-utar,
1767 3037 1949 3082 certa-
1979 3043 2022 3102 α
2055 2996 2247 3076 meone
2274 3025 2330 3072 et
2358 3016 2511 3070 Anna
2543 3009 2658 3083 (2);
2692 3023 2967 3083 quamque
2985 2996 3285 3064 Casimirus
3315 2997 3545 3064 Oudiui,
3582 2997 3638 3052 in

387 3107 531 3163 mina
567 3118 623 3164 et
663 3111 920 3166 miracula
963 3113 1202 3168 scribere
1237 3115 1668 3184 praetermiserit,
1701 3128 1767 3169 eo
1812 3117 1955 3184 quod
1989 3097 2021 3102 ᾧ
2057 3110 2440 3182 Supplemento
2487 3103 2986 3161 Ecclesiasticorum
3040 3097 3395 3167 scriptorum,
3437 3097 3653 3152 merito.

393 3213 414 3250 ι
441 3197 710 3257 Praeclare
741 3203 809 3256 ab
833 3203 946 3272 ipsa
977 3201 1242 3258 factorum
1277 3220 1423 3274 pars,
1450 3205 1517 3259 ad
1544 3204 1828 3276 legentium
1854 3207 1958 3260 uti-

388 3285 598 3345 litatem
637 3292 850 3362 vulgata
890 3305 1148 3349 noscatur
1177 3287 1208 3348 a
1247 3294 1590 3350 sanctissimo
1638 3294 1952 3364 patriarcha

458 3405 538 3475 (l)
567 3405 792 3462 Exstant
823 3408 983 3479 hujus
1016 3406 1356 3480 Patrologim,
1391 3381 1438 3463 ι..
1459 3407 1644 3477 XVIII,
1671 3409 1774 3466 col.
1803 3409 1930 3464 398.

2059 3203 2260 3260 seniori
2294 3201 2384 3256 isti
2401 3249 2406 3255 .
2423 3196 2722 3268 abjudicat.

2143 3405 2220 3479 (‘2)
2254 3405 2439 3460 Exstat
2465 3399 2594 3464 ibid.
2625 3395 2727 3453 col.
2756 3392 2882 3451 547.

1287 3495 1294 3500 .
2307 3496 2316 3502 .

1343 3680 1861 3808 SANCTI
1965 3653 2679 3840 METHOD-ll
2761 3763 2787 3778 ..

674 3861 1206 4024 uomitum
1276 3861 1460 4020 ne
1497 3930 1875 4023 cauae
1947 3930 1979 4019 ι

2049 3931 2096 4022 Γ
2167 3912 2742 4016 ΡᾹΞΞῙΟΝΕ
2813 3913 3338 4010 CHRISTI.

1341 4119 1686 4188 (Gnnsemde
1705 4123 1872 4173 sancta
1895 4125 2059 4181 cruce,
2085 4121 2126 4168 t.‘
2146 4117 2210 4178 ll,
2235 4118 2317 4167 ed.
2344 4127 2459 4165 nov.
2486 4127 2536 4177 ρ.
2561 4109 2694 4174 401.)

673 4271 893 4344 (Exstat
919 4273 1054 4327 inter
1079 4273 1252 4341 Opera
1281 4267 1344 4326 S.
1381 4266 1637 4324 Methodii
1665 4267 1938 4336 martyris,
1963 4263 2123 4328 huius
2153 4259 2475 4331 Patrologia:
2538 4266 2668 4316 tom.
2700 4251 2883 4320 XVIII,
2917 4252 3020 4309 col.
3052 4251 3157 4307 597
3191 4245 3338 4318 seq.)

397 4410 3636 4475 Μ

1355 4607 1872 4725 SANCTI
1971 4551 2686 4760 METHODll

1224 4832 1754 4902 PATBIABCHJE
1815 4815 2814 4896 CONSTANTINOPOLITANI,

986 5015 1446 5118 ORATIO
1516 5015 1644 5108 IN
1738 5003 2271 5101 SANCTAM
2347 4995 2900 5091 AGATHAM
2971 5017 3051 5114 ’4‘,

1627 5209 1908 5274 (Leonum
1930 5201 2062 5253 Pan
2084 5197 2414 5262 lutet-prem.)

465 5389 518 5446 1.
563 5383 829 5454 Quoniam
859 5381 1088 5452 ipsumet
1121 5370 1408 5430 admiratio
1434 5383 1520 5424 me
1560 5366 1625 5422 ad
1669 5364 1958 5421 dicendum
1991 5357 2037 5415 D
2065 5353 2192 5409 dum
2222 5365 2310 5406 me
2333 5345 2592 5454 impellit;
2629 5355 2821 5402 contra
2837 5359 2980 5449 'vero
3009 5339 3662 5454 ipallium?-desiderium

393 5473 965 5546 excitavit;quouiam
997 5465 1387 5525 voluntasitem
1414 5461 1532 5531 ipsa
1557 5458 1623 5515 ad
1653 5454 1964 5512 desideran-

2073 5446 2204 5502 mihi
2263 5441 2551 5516 persuadet
2601 5449 2662 5494 ut
2709 5437 2945 5494 maxime
2980 5437 3138 5491 velim
3194 5435 3346 5490 vobis
3392 5434 3662 5500 οιιιιιίὶιιη

470 5593 487 5612 ⁸
515 5590 756 5646 Couacr.
806 5586 1066 5646 Biblioth.
1117 5579 1367 5640 conciou.
1429 5585 1466 5632 ι.
1505 5574 1592 5643 V’l,
1623 5589 1676 5646 p.
1723 5573 1852 5628 ηδ.
1889 5567 1969 5628 Ex
1997 5579 2104 5625 ms.
2143 5561 2250 5617 PP.
2297 5556 2536 5620 Oratorii
2581 5555 2788 5622 Romae,
2823 5553 3177 5626 producente.
3235 5549 3396 5606 .luau.
3445 5547 3663 5603 Bonan.

401 5659 472 5715 Id
496 5658 530 5713 5
557 5659 716 5715 Febr.
768 5680 782 5695 ε
