3932 6214
267 237 390 304 I273
651 237 662 246 ’
1423 241 1710 306 ORATIO
1748 244 1820 305 IN

1986 245 2370 308 AGATHAM.
2516 292 2528 306 κ
3390 242 3539 311 1278

263 350 466 418 (Patres
509 343 816 418 fratresque
847 355 1112 421 quotquot
1171 348 1333 406 simul
1373 350 1462 408 bic
1505 351 1742 417 adestis,
1774 365 1838 408 ac
1865 356 1922 415 Α.
2015 352 2116 422 (3).
2147 349 2214 409 Et
2247 351 2504 424 quoniam
2546 351 2612 407 de
2638 349 2726 417 iis,
2753 363 2874 420 qua
2902 349 2972 406 ad
3001 347 3202 408 liberos
3229 350 3528 422 gignendos

261 454 418 511 prope
459 454 544 495 me
573 440 815 511 astatis),
845 448 903 495 ut
938 456 1006 497 ex
1029 457 1147 497 mea
1185 443 1566 500 taciturnitate
1595 446 1648 498 in
1671 445 1834 500 verba
1934 444 2686 519 pertinent,mernini,deque
2702 442 2850 512 regio
2868 442 3175 498 diademate
3192 445 3550 518 mentionem

261 545 596 602 prorumpam
629 530 996 586 admiratione
1021 539 1323 600 permotus,
1359 543 1416 589 et
1453 534 1712 590 desiderii
1755 535 1833 589 si-
1936 534 2062 604 feci,
2123 536 2310 592 dicere
2357 534 2472 605 iam
2509 533 2790 604 incipiam.
2828 531 3020 588 Mulier
3050 533 3269 602 quidem
3298 543 3386 589 est
3427 548 3527 604 per

260 623 514 692 lentiique
571 623 673 679 mei
708 623 936 680 vinculis
993 624 1319 680 solutionem
1355 609 1632 685 inveniam
1657 669 1673 694 ,
1732 629 1836 683 bac
1935 626 2106 682 solam
2142 637 2427 693 naturam,
2465 641 2574 684 non
2615 625 2835 696 quidem
2873 639 2973 695 per
3009 623 3357 698 electionem,
3386 624 3529 682 sicut

259 715 599 771 memoranda
635 714 722 770 die
746 723 948 770 sanctae
975 717 1232 788 martyris
1251 715 1476 787 Agallta:
1502 718 1836 774 cruciatibus
1943 719 2212 788 reliquum
2241 719 2568 774 feminarum
2611 716 2773 788 273
2831 731 3031 790 genus;
3073 731 3327 786 quarum,
3365 714 3526 784 quasi

257 815 613 873 consecrata;
668 806 925 875 quodque
983 820 1080 862 vos
1129 807 1397 863 attonitos
1450 808 1664 873 reddit,
1734 809 1866 874 hoc.
1935 811 2378 883 praesagientium
2415 811 2621 878 futura,
2654 809 2992 866 consuetudo
3014 809 3177 864 etiam
3213 807 3270 863 in
3299 805 3526 864 ludicris

257 897 498 967 equidem
547 911 615 950 ex
655 911 773 950 mea
813 893 902 950 vel
951 895 1202 966 loquendi
1250 896 1569 969 impotentia
1587 899 1834 954 -admira-
1935 903 2270 975 puellaribus
2305 918 2530 976 operam
2566 912 2734 958 navat
2765 901 2958 958 liberis
2983 901 3284 958 educandis
3313 915 3378 956 ac
3427 916 3528 956 nu-

257 988 462 1056 bundus
517 987 765 1057 eloquar.
821 984 962 1042 Sunt
1010 988 1236 1054 etenim,
1275 999 1402 1058 sunt
1438 991 1710 1050 nonnullis
1745 1006 1834 1048 res
1938 993 2168 1051 triendis
2199 1011 2215 1050 :
2247 995 2342 1050 sed
2367 994 2549 1062 virgo,
2575 1007 2702 1064 quae
2730 1008 2798 1048 ne
2830 992 3077 1048 ludeudo-
3099 991 3318 1062 quidem
3367 991 3524 1062 puel-

258 1077 472 1132 omnino
508 1087 706 1148 praeter
758 1075 1070 1147 opinionem
1107 1079 1478 1148 admirabiles,
1525 1097 1648 1152 quae
1693 1082 1835 1138 sicut
1937 1084 2080 1140 lares
2110 1085 2342 1156 ineptias
2394 1086 2691 1156 aliquando
2731 1083 2984 1158 effingere
3024 1084 3138 1138 visa
3171 1091 3276 1138 est.
3310 1081 3524 1148 Mulier,

259 1169 540 1240 aliquando
578 1169 859 1225 silentium
906 1169 1163 1240 pariunt,
1208 1172 1282 1226 ita
1333 1173 1500 1228 etiam
1539 1174 1836 1243 aliquando
1883 1227 1887 1232 .
1934 1174 2078 1243 dixi,
2101 1175 2197 1234 sed
2237 1175 2442 1240 addidi,
2475 1175 2648 1242 virgo.
2694 1172 3153 1244 Mulierquidem
3182 1215 3198 1240 ,
3231 1179 3524 1243 propterea

259 1269 549 1330 suggerunt
576 1258 886 1316 facundiam
914 1277 934 1315 :
961 1261 1106 1331 quod
1136 1272 1426 1334 utrumque
1455 1265 1600 1334 parit
1626 1267 1835 1336 magni-
1937 1268 2080 1339 quod
2107 1282 2137 1321 λ
2166 1267 2434 1339 principio
2469 1269 2537 1324 ab
2568 1271 2816 1340 sapiente
2842 1267 3014 1321 Adam
3053 1267 3196 1338 (erat
3221 1265 3366 1319 enim
3397 1275 3526 1320 tunc

259 1352 381 1408 tudo
418 1351 700 1416 miraculi,
733 1361 899 1423 atque
939 1351 1074 1423 ipsa
1098 1354 1259 1424 plane
1297 1358 1600 1426 argumenti
1637 1358 1836 1434 ampli.
1938 1374 2064 1416 vere
2084 1363 2336 1431 sapiens,
2381 1361 2582 1432 quippe
2626 1360 2868 1416 nondum
2904 1361 2955 1414 in
3003 1367 3286 1430 peccatum
3315 1357 3523 1428 lapsus)

258 1441 400 1496 tudo.
433 1441 548 1498 Hoc
597 1451 778 1498 autem
825 1443 1104 1516 publicum
1132 1454 1296 1514 atque
1341 1436 1662 1504 inusitatum
1707 1464 1864 1518 spe-.
1936 1451 2246 1524 impositum
2304 1454 2407 1510 hoc
2445 1466 2647 1510 nomen
2671 1453 2790 1512 fuit.
2821 1453 3084 1509 Scribens
3114 1451 3258 1507 enim
3287 1449 3523 1521 Moyses,

259 1537 522 1589 etacnlmn
549 1575 564 1600 ,
597 1535 684 1590 cui
732 1536 818 1592 vel
855 1539 955 1610 ipsi
994 1537 1139 1594 oculi
1180 1537 1384 1594 faciunt
1415 1539 1575 1595 fidem
1612 1540 1834 1612 (quippe
1938 1544 2174 1614 ingenue
2231 1543 2402 1605 etiam
2475 1542 2711 1598 nominis
2767 1541 3312 1609 interpretationem,
3358 1553 3524 1609 qttazn

257 1625 407 1679 valde
441 1635 638 1695 prmter
669 1627 980 1696 opinionem
1011 1628 1125 1698 iam
1158 1630 1368 1700 pridem
1405 1629 1531 1694 fuit)
1582 1632 1833 1690 adductis
1865 1698 1898 1703 _
1936 1633 2182 1690 Adamus
2202 1633 2436 1698 addidit,
2465 1633 2762 1703 indicavit,
2783 1633 2966 1687 dicens
2993 1649 3008 1686 :
3047 1630 3174 1684 "me
3203 1639 3424 1685 vocatur
3447 1629 3526 1684 oi-

259 1712 314 1768 in
368 1713 608 1786 medium
667 1715 970 1773 rationibus
1017 1698 1294 1790 explicare
1337 1721 1687 1778 contendam.
1736 1721 1834 1779 Est
1865 1698 1912 1753 Β
1937 1737 2086 1791 rogo,
2120 1722 2374 1792 quoniam
2405 1737 2470 1776 ea:
2511 1721 2622 1775 uiro
2653 1698 2864 1789 inrupta
2907 1728 2982 1774 est
3029 1718 3086 1785 ις
3124 1718 3289 1787 Virgo
3317 1726 3527 1782 autem,

257 1806 420 1871 enim,
455 1816 539 1865 est
589 1808 732 1863 sicut
763 1807 816 1862 in
854 1797 1172 1880 compositis
1223 1795 1590 1880 sermonibus,
1646 1821 1832 1870 semen
1881 1799 1886 1804 ’
1937 1814 2082 1884 quod
2111 1828 2180 1868 ex
2207 1813 2534 1868 immortalis
2583 1813 2674 1866 Dei
2709 1809 2865 1866 Verbi
2895 1809 3060 1882 (quod
3093 1809 3256 1864 etiam
3301 1815 3522 1877 propter

259 1896 497 1952 fecnmlm
547 1900 832 1970 sapientiae
877 1900 993 1970 ipsa
1043 1887 1440 1972 praeceptorum
1484 1905 1832 1975 observatio,
1939 1919 2026 1960 me
2061 1905 2113 1959 in
2141 1919 2307 1960 carne
2339 1919 2434 1959 sua
2471 1911 2699 1958 mortem
2732 1901 2994 1973 gustavit)
3031 1896 3374 1970 indivisoqne
3427 1897 3523 1953 Ι)έί

256 1991 328 2045 ita
361 1991 744 2062 miraculorum
777 1993 1048 2060 exhibitio
1065 2004 1285 2049 emanat
1314 2009 1382 2050 ex
1427 1997 1690 2068 martyrio
1711 2013 1834 2068 pro-
1937 1995 2077 2051 Filio
2099 2004 2222 2050 nata
2247 2004 2442 2061 esthut
2469 1995 2714 2065 loquitur
2729 1993 3036 2064 Tlteologus
3063 1993 3322 2056 Joannes,
3352 1989 3522 2056 Quot-

255 2093 374 2153 pter
407 2083 595 2150 Deum,
627 2095 791 2154 atque
811 2100 880 2140 ex
909 2087 1224 2157 virginitate
1253 2088 1574 2157 et~puritate
1607 2089 1834 2157 mentis,
1863 2082 1876 2130 ι’
1936 2090 2063 2160 quo‘t
2121 2099 2302 2142 autem
2356 2097 2658 2157 receperunt
2710 2102 2852 2163 eum,
2893 2085 3040 2140 dedit
3095 2085 3170 2142 eis
3211 2091 3525 2151 potestatem

254 2189 372 2243 quae
431 2182 558 2230 sunt
604 2189 731 2230 vera
785 2173 1098 2242 divinarum
1147 2178 1409 2240 virtutum
1469 2179 1832 2238 imitamenta.
1937 2183 2092 2250 ﬁlios.
2119 2179 2215 2234 Dei
2259 2178 2445 2249 ﬁeri',
2475 2188 2584 2232 etc.
2623 2175 2817 2230 Mulier
2842 2174 3008 2246 igitur
3039 2173 3220 2244 virgo,
3253 2187 3375 2242 qua:
3430 2186 3526 2225 vos
3566 2234 3586 2243 ο

255 2263 407 2346 οη,οό
441 2263 720 2333 igitur-ad
771 2267 1163 2324 miraculorum
1214 2265 1554 2323 eerctionem
1601 2279 1836 2338 spectat,
1938 2272 2194 2329 invitavit
2228 2272 2295 2332 ad
2348 2279 2595 2326 nostrum
2653 2267 2966 2339 religiosum
3015 2265 3270 2336 epulum,
3305 2263 3398 2318 illa
3439 2272 3528 2318 est

254 2354 352 2406 sub
389 2355 551 2409 finem
610 2355 765 2411 vobis
817 2356 1139 2418 edisseram.
1169 2355 1324 2414 Nunc
1367 2375 1519 2428 vero,
1549 2371 1604 2414 nt
1629 2362 1834 2431 princi-
1858 2357 1870 2368 ’
1939 2365 2131 2421 mulier
2162 2366 2300 2420 bene
2359 2363 2626 2432 desponsa
2661 2363 2752 2416 nni
2785 2360 2904 2415 viro
2937 2358 3158 2415 Christo
3189 2359 3231 2422 ⁸,
3258 2366 3314 2412 ιιι
3345 2357 3526 2410 verbis

254 2445 402 2514 pium
438 2445 694 2499 narrandi
737 2443 958 2512 faciam,
991 2447 1167 2518 ipsam
1221 2459 1516 2520 martyrem
1553 2467 1834 2508 commen-
1939 2465 2060 2511 utar
2105 2455 2334 2524 apostoli
2373 2453 2521 2509 Pauli
2553 2451 2860 2510 detltalatui
2894 2449 3278 2520 conjunctione
3301 2467 3317 2518 ;
3340 2449 3523 2518 γίιειι.

257 2536 422 2601 dabo;
481 2552 605 2606 quae
657 2539 900 2606 quidem,
953 2541 1030 2595 uti
1064 2539 1338 2608 dicebam,
1395 2543 1518 2599 fons
1557 2555 1640 2600 est
1673 2555 1838 2618 atque
1938 2548 2025 2602 cui
2059 2548 2225 2602 etiam
2271 2547 2383 2616 ipse
2415 2545 2652 2616 coniugii
2687 2559 2894 2614 auspex
2941 2559 3048 2598 non
3088 2543 3317 2598 incussit
3369 2541 3528 2596 timo-

256 2627 408 2698 origo
436 2629 822 2684 miraculorum
846 2646 862 2697 ;
893 2640 948 2686 et
978 2632 1212 2702 primum
1239 2635 1460 2704 quidem
1503 2638 1749 2704 ubinam,
1783 2648 1840 2695 et
1941 2655 2078 2705 rem,
2112 2648 2295 2694 utrum
2318 2637 2680 2705 deciperetur,
2709 2634 2994 2692 sicutolim
3019 2634 3154 2688 aviae
3178 2640 3377 2688 nostra:
3403 2631 3530 2686 Eva:

257 2735 419 2790 quam
449 2720 518 2774 ob
535 2736 750 2776 causam
776 2727 1150 2790 convenimus,
1183 2726 1340 2795 plane
1371 2729 1690 2784 edisseram.
1939 2731 2176 2796 Satanas
2206 2744 2302 2799 per
2330 2729 2656 2784 insidiosum
2687 2735 3028 2798 serpentem.
3062 2723 3276 2792 Mulier,
3302 2737 3423 2792 qua:
3451 2737 3520 2774 ne

326 2813 381 2870 2.
414 2813 808 2870 Annivcrsaria
855 2825 1058 2880 sanctzc
1087 2821 1348 2891 martyris
1389 2823 1838 2879 commemoratio
1937 2834 2122 2878 notam
2145 2822 2364 2893 qnident
2400 2820 2618 2876 inflicta:
2637 2819 2739 2877 sibi
2773 2835 2803 2874 a
2838 2818 3002 2875 Decio
3029 2817 3201 2871 refert
3231 2813 3526 2882 laceratio-

259 2905 312 2960 in
337 2921 503 2960 unum
535 2906 682 2965 hunc
709 2907 889 2963 locum
916 2924 1017 2966 nos
1035 2926 1226 2968 omnes
1245 2913 1484 2986 collegit,
1517 2917 1839 2984 utnostis,o
1937 2919 2024 2973 nis
2061 2935 2075 2972 :
2111 2917 2300 2988 Virgo,
2349 2931 2472 2985 qua:
2503 2914 2827 2970 vulneribus
2873 2928 2904 2968 a
2945 2911 3248 2978 Quintiano
3301 2906 3524 2969 affecta,

258 2998 362 3052 mei
393 2999 690 3068 auditores,
723 3001 962 3070 antiqua:
991 3002 1210 3090 quidem
1243 3008 1500 3078 martyris
1525 3017 1579 3062 et
1627 3009 1836 3079 prima-
1863 3051 1905 3108 ο
1939 3009 2263 3064 dissimulat.
2293 3007 2512 3074 Mulier,
2541 3021 2664 3078 quae
2696 3005 3105 3077 tyrannicarum
3158 2997 3382 3072 ponderi
3405 2996 3538 3056 edi-,

258 3094 355 3148 rite
402 3105 621 3165 propter
667 3077 1218 3166 insignecertamen,
1277 3101 1373 3156 sed
1409 3117 1538 3158 vero
1580 3077 1833 3170 recentis,
1863 3077 1905 3108 υ
1938 3110 2147 3171 ctorum
2197 3115 2304 3154 non
2361 3113 2422 3156 se
2477 3096 2763 3162 submisit;
2817 3095 2988 3166 virgo,
3036 3108 3157 3166 qua:
3208 3091 3519 3163 principum

257 3201 376 3256 qttae
405 3186 562 3256 quasi
623 3201 768 3241 nune
803 3188 1134 3244 decertando
1164 3190 1346 3247 vincat
1378 3201 1602 3262 propter
1655 3195 1834 3248 divina
1942 3203 2134 3246 (Bstro.
2177 3191 2509 3262 percitorum
2541 3189 2730 3246 rabido
2759 3188 2927 3243 furori
2970 3201 3076 3242 non
3109 3184 3294 3240 cessit.
3315 3180 3532 3246 Mulier,

256 3279 540 3342 miracula,
590 3279 787 3347 quibus
829 3279 1075 3349 qu0tidie
1132 3292 1451 3349 coronatur,
1501 3283 1838 3354 pulchreque
1939 3297 2061 3350 qua:
2093 3282 2146 3335 in
2180 3288 2503 3350 tempestate
2551 3280 2988 3349 imperiosiorum
3041 3278 3302 3333 fluctuum
3353 3275 3532 3330 haud-

257 3373 570 3430 decoratur.
600 3370 874 3441 Martyris,
900 3387 1020 3442 qua:
1047 3382 1354 3442 opportuno
1382 3373 1604 3445 quidem
1635 3385 1840 3446 tempo.
1941 3385 2216 3440 quaquam
2238 3369 2576 3439 naufragium
2613 3369 2776 3436 fecit;
2807 3369 2984 3438 virgo,
3011 3384 3130 3437 quae
3165 3369 3218 3422 in
3254 3367 3387 3422 retia
3430 3381 3528 3437 ge-

258 3480 316 3518 re
340 3463 592 3536 Ostendit
614 3453 819 3518 amoris
850 3463 1104 3518 ardorem
1140 3463 1225 3519 sui
1256 3481 1384 3532 erga
1420 3467 1610 3532 Deum,
1663 3468 1838 3522 conti-
1940 3462 2180 3518 remium
2213 3461 2578 3532 principatum
2611 3477 2718 3516 non
2750 3461 2968 3516 incidit.
3003 3453 3216 3524 Mulier,
3253 3475 3376 3528 qua:
3423 3459 3530 3515 fert

257 3553 382 3609 nuis
403 3567 532 3607 vero
563 3551 976 3622 tempestatibus
1009 3552 1064 3608 in
1102 3568 1266 3607 manu
1317 3553 1482 3609 liabet
1546 3555 1839 3612 miraculo-
1936 3555 2164 3626 iustitia:
2208 3554 2389 3624 leges;
2451 3555 2626 3625 virgo,
2656 3568 2774 3624 qua:
2811 3553 3028 3623 propria
3073 3552 3316 3607 scribere
3355 3565 3519 3604 manu

258 3661 377 3699 rum
403 3643 480 3716 (Ι)
511 3653 832 3715 potestatem
859 3654 916 3699 et
939 3642 1282 3700 efﬁcientiam
1301 3661 1398 3716 pro
1421 3645 1570 3716 insta
1591 3662 1841 3703 remune-
1941 3659 2096 3702 suum
2128 3662 2234 3701 non
2262 3655 2478 3702 veretur
2507 3646 2838 3702 institutum.
2871 3643 3081 3708 Mulier,
3115 3658 3237 3714 quae
3264 3641 3530 3698 tumidttm

261 3729 970 3804 ratione;quandoquidem
992 3744 1046 3791 et
1071 3734 1228 3795 fortis
1253 3737 1422 3802 animi
1449 3738 1840 3808 promptitudo,
1939 3738 2212 3807 superbia:
2265 3738 2472 3806 fastum
2525 3737 2872 3808 subiugavit;
2919 3737 3092 3806 virgo,
3129 3750 3250 3806 quae
3277 3733 3537 3802 martyris

258 3847 364 3900 qua
397 3829 618 3899 prmdita
649 3833 794 3894 erat;
818 3837 874 3885 et
910 3843 1137 3898 corpore
1166 3837 1389 3898 propter
1422 3828 1592 3884 Deum
1627 3831 1842 3900 penitus
1941 3846 2159 3886 cursum
2193 3829 2682 3900 strenuepercgit.
2719 3828 2930 3896 Mulier,
2959 3845 3080 3899 quae
3133 3843 3238 3882 non
3291 3840 3536 3898 purpura

257 3925 518 3979 dilectum
573 3921 906 3986 declaratur,
947 3930 1006 3974 ιιι
1039 3935 1375 3990 quacunque
1405 3921 1713 3991 acciperet,
1753 3937 1841 3979 re-
1941 3922 2043 3996 (‘2),
2079 3924 2383 3992 fucatisque
2407 3922 2640 3989 umbris,
2663 3931 2720 3978 et
2744 3923 3064 3977 velamentis
3095 3920 3270 3976 vultus
3296 3917 3529 3974 formant

260 4013 548 4067 tribueret.
585 4009 685 4064 Dat
717 4011 934 4080 quidem
959 4009 1051 4064 illa
1083 4025 1304 4080 corpus.
1333 4020 1388 4065 et
1413 4011 1626 4066 firmum
1660 4011 1843 4069 liberte
1942 4014 2161 4070 mentiri
2186 4029 2340 4069 suam
2374 4029 2530 4084 passa
2557 4024 2664 4082 est,
2697 4029 2881 4084 neque
2913 4012 3346 4076 medicamentis,
3374 4019 3436 4066 et'
3458 4024 3530 4066 ex

257 4103 550 4158 voluntatis
575 4094 933 4172 propositum,
966 4111 1132 4171 atque
1174 4102 1310 4157 lucc.
1332 4117 1361 4156 a
1397 4101 1840 4170 Deo_obfirmata
1941 4105 2066 4160 vivo
2091 4116 2317 4176 argento
2371 4106 2657 4171 confectis,
2689 4117 2906 4174 vestes,
2945 4119 3312 4174 manuumque
3331 4103 3522 4169 ,linea-

252 4195 408 4267 iuxta
451 4193 691 4255 divinam
746 4192 1089 4258 electionem,
1141 4194 1336 4265 recipit
1381 4205 1562 4250 autem
1606 4197 1842 4254 nominis
1913 4179 2126 4250 'menta
2169 4197 2424 4264 inficere;
2474 4197 2570 4252 sed
2633 4198 2810 4264 virgo,
2846 4211 2970 4264 qua
2999 4193 3348 4250 conscientiae
3383 4208 3412 4246 a
3445 4191 3528 4246 lu-
3603 4190 3611 4198 '

255 4287 583 4348 claritatem,
625 4293 681 4339 et
731 4283 935 4355 regium
964 4285 1237 4352 diadema,
1298 4285 1562 4341 illustrior
1617 4271 1848 4352 effecta,
1945 4290 2113 4354 mine,
2149 4289 2456 4358 coloreque
2503 4289 2786 4359 sanguinis
2820 4287 2935 4342 veri
2973 4285 3258 4356 divinique
3296 4284 3435 4356 Agni
3473 4293 3532 4338 et

255 4391 422 4447 quam
473 4375 521 4431 si
570 4373 710 4430 filios
753 4383 846 4428 aut
897 4373 1036 4429 filias
1089 4385 1453 4445 procreasset,
1488 4382 1654 4446 atque
1691 4375 1830 4432 adeo
1871 4387 1910 4442 ι)
1941 4377 2082 4432 labia
2113 4391 2210 4432 sua
2246 4387 2301 4433 et
2330 4393 2500 4448 genas
2540 4387 2594 4432 et
2629 4377 2868 4441 linguam
2898 4368 3317 4446 pnrpurissabat
3363 4389 3529 4430 exor-

254 4467 406 4524 omni
441 4468 606 4539 prolis
641 4465 786 4523 foeda
823 4466 1102 4536 voluptate
1137 4467 1395 4537 despecta
1424 4467 1738 4523 sublimior.
1948 4471 2265 4540 nabatque:
2301 4485 2513 4526 necnon
2559 4469 2724 4525 etiam
2773 4471 3029 4526 continua
3071 4467 3268 4523 mentis
3293 4483 3405 4522 sua:
3444 4481 3533 4522 co-

329 4629 346 4661 ⁸
387 4627 524 4683 Gen.
559 4641 622 4690 tt,
657 4624 750 4681 25.
847 4621 1048 4680 ’Joan.
1093 4640 1132 4692 t,
1173 4613 1261 4680 12.
1351 4626 1372 4658 ³
1412 4625 1450 4679 ll
1490 4623 1614 4681 Cor.
1652 4642 1730 4694 tu,
1767 4625 1838 4679 Ξῖ

333 4765 409 4835 (f)
449 4763 588 4818 llinc
613 4772 762 4830 patet
783 4763 954 4817 multa
980 4762 1110 4817 olim
1141 4772 1348 4835 sanctae
1368 4761 1594 4835 Agarbae
1617 4763 1830 4818 meritis
1943 4776 2135 4818 sancta
2165 4764 2374 4835 Agatba
2404 4781 2418 4818 :
2456 4781 2476 4814 ι
2522 4760 2756 4818 Mortuis
2788 4757 3130 4835 parentibus,
3159 4759 3385 4835 _inqt_tit,
3439 4771 3528 4811 re-

255 4830 525 4890 accid'sse
552 4835 834 4899 miracula,
865 4849 990 4888 cum
1013 4841 1212 4900 praeter
1239 4834 1290 4886 id
1331 4835 1474 4901 quod
1510 4833 1562 4885 in
1607 4848 1828 4898 ωριτε·
1943 4835 2147 4889 mansit
2176 4830 2350 4889 hferes
2387 4835 2532 4888 illius
2571 4835 2752 4902 magni
2794 4830 2979 4902 palatii
3029 4830 3203 4902 patris
3230 4831 3314 4884 sui
3347 4848 3362 4884 ε
3406 4843 3544 4902 quae,

255 4909 338 4963 sis
372 4905 600 4974 Amineis
633 4905 846 4974 ignibus
879 4899 1484 4974 eluxit,nullummudo
1513 4911 1837 4958 cxstetante
1941 4905 2191 4974 excntplo
2251 4903 2459 4959 Christi
2503 4899 2714 4958 dimisit
2744 4899 3006 4972 palatium
3060 4901 3233 4968 patris
3273 4912 3329 4974 e_t
3367 4913 3530 4974 ortia-

259 4968 480 5030 relatas
503 4968 968 5043 Constantirwpoli
1005 4973 1265 5041 reliquias
1297 4972 1520 5043 factum.
1573 5042 1578 5043 γ
1703 5042 1706 5043 ν
1944 4968 2126 5028 nit-uta
2160 4983 2215 5028 ct
2255 4987 2382 5027 vasa
2423 4987 2590 5026 aurea
2631 4981 2688 5026 et
2733 4968 3016 5043 argentea,
3067 4979 3121 5024 ct
3157 4968 3440 5026 restrinxit
3471 4983 3536 5024 se

333 5046 411 5114 (ἒ)
435 5039 707 5111 Coniicias
745 5039 892 5107 hinc,
933 5056 1098 5111 atque
1127 5039 1195 5114 es
1235 5043 1385 5097 Actis
1405 5039 1638 5106 Latinis,
1664 5042 1750 5114 ubi
1784 5043 1833 5098 ei
1943 5043 1998 5096 in
2032 5045 2266 5114 quadam
2299 5058 2463 5114 parva
2497 5044 2680 5114 ιιοιιιιιΞ
2724 5039 3060 5114 ut'si‘mplex
3094 5055 3327 5114 persona
3371 5058 3385 5096 :
3423 5059 3443 5094 ι
3475 5049 3531 5094 et

255 5111 840 5185 exprobrattyranntts
861 5114 1004 5183 quod
1037 5112 1290 5167 servilem
1325 5128 1614 5182 personam
1644 5113 1833 5168 indne-
1941 5111 2134 5185 paucis
2184 5111 2534 5180 interiectis:
2575 5130 2594 5164 ι
2639 5111 2824 5185 voluit
2876 5111 3027 5166 indui
3069 5113 3421 5185 pauperrime
3459 5121 3519 5164 ut

260 5183 358 5246 rit,
382 5200 524 5250 eam,
553 5183 658 5238 non
700 5185 942 5254 quidem,
975 5193 1031 5236 ιιι
1063 5197 1185 5252 qua:
1217 5200 1362 5254 nunc
1390 5194 1594 5238 sanctae
1624 5185 1834 5254 omnia-
1943 5183 2210 5253 Beguina.
2251 5195 2304 5238 et
2333 5185 2497 5238 dabat
2534 5183 2924 5254 patrimonium
2973 5183 3308 5254 pauperibus
3339 5195 3530 5254 amore

260 5257 372 5311 Iern
402 5256 567 5317 vitam
599 5252 922 5322 profitentur
947 5254 1207 5322 virgines,
1245 5253 1334 5308 vili
1361 5253 1834 5309 indunnturlmbi-
1942 5252 2061 5316 Dei,
2102 5265 2158 5309 et
2208 5256 2424 5309 vivebat
2471 5255 2708 5324 propriis
2755 5252 3028 5317 manibus,
3086 5253 3273 5317 lilavit,
3308 5252 3438 5324 sttit,
3473 5258 3530 5302 ct.

262 5334 345 5390 tu,
373 5318 679 5396 quiitam'en
707 5327 846 5395 apud
884 5318 1108 5396 virtut—is
1139 5339 1297 5380 veros
1323 5325 1670 5396 estimatores
1709 5339 1840 5394 per-
1942 5326 2138 5396 texuit,
2163 5327 2291 5396 quia
2316 5318 2498 5396 nulla};
2523 5318 2704 5396 potest
2738 5323 2997 5396 continue
3036 5336 3218 5396 orare.
3257 5341 3276 5373 ι
3305 5318 3528 5396 _ffroba_-

263 5387 600 5452 honorificus
628 5387 850 5460 est,'ita
879 5404 988 5448 tum
1029 5395 1204 5464 palam
1257 5409 1440 5448 rerum
1471 5387 1840 5448 humanarum
1941 5387 2276 5450 bilitts'fo'rte
2312 5387 2789 5450 Paulus'zEmilins
2831 5391 3195 5464 sanctoritts:
3237 5409 3256 5464 ι
3299 5387 3524 5464 Nausi-

258 5475 632 5536 contetnptum
677 5466 810 5530 ipsis
857 5460 1194 5536 vestimentis
1224 5474 1601 5532 ostentantes;
1650 5466 1838 5518 luxum
1941 5466 2126 5521 nuosis
2158 5466 2234 5520 nti
2285 5467 2547 5532 vestibus,
2580 5482 2687 5536 non
2719 5460 2930 5536 gemina
2954 5461 3209 5536 capillum
3242 5460 3528 5536 insignire,

264 5545 450 5593 tamen
482 5530 852 5604 mundumque
885 5535 1204 5605 muliebrem
1246 5530 1594 5600 aversatam,
1620 5552 1687 5591 ac
1725 5551 1841 5589 tno-
1939 5545 2034 5589 aut
2062 5547 2340 5605 unguento
2366 5530 2548 5602 linire,
2594 5535 2689 5591 sed
2723 5530 2905 5605 serico
2940 5548 2954 5584 :
2985 5531 3194 5605 antltini
3227 5530 3343 5584 velo
3373 5531 3523 5588 colu-

261 5605 422 5678 dcsto
467 5621 618 5662 usam
669 5599 894 5678 amictu.
949 5604 1374 5678 Conciogtatorie
1425 5605 1485 5678 id,
1515 5599 1842 5678 csagerasse
1941 5605 2016 5661 ris
2069 5599 2233 5678 (quod
2289 5608 2466 5662 adhuc
2522 5599 2817 5678 aspicimus
2853 5599 3096 5678 Catantc)
3144 5601 3450 5678 obtegere:
3497 5618 3516 5653 ι

259 5677 480 5734 videtur
518 5687 736 5734 sanctus
779 5676 1090 5733 Vincentius
1138 5675 1424 5732 Fcrrerius
1475 5675 1528 5732 in
1582 5672 1746 5734 scrin.
1773 5676 1838 5732 de
1940 5677 2029 5731 ubi
2075 5672 2256 5732 luxum
2308 5672 2942 5748 removet,'modcratmn
2979 5674 3211 5726 nitorem
3266 5672 3530 5730 admittit.
