3932 6214
429 264 567 330 1275
1452 267 1511 327 S.
1552 266 1933 327 ΜΕΤΗΟΒῘΙ
1972 265 1982 325 1

2164 261 2483 324 ΣΙΑΒΟΗᾹΞ
2512 260 2621 322 CP.
3560 243 3717 311 Im

404 358 674 444 'gnitiotte
713 386 903 427 necem
943 372 1029 427 sui
1062 371 1297 426 studiosi
1333 373 1618 436 amatoris,
1644 373 1797 441 quasi
1835 387 2008 442 nuper
2033 374 2079 429 Α
2107 388 2234 427 num
2269 372 2611 438 liberumque
2633 362 2972 435 propositum
2991 363 3317 431 praeparata,
3339 357 3725 427 quemadmo-

428 466 694 533 sanguine
728 463 1024 528 madentis,
1059 460 1392 528 revolvebat,
1437 463 1693 532 intusque
1720 461 2011 517 circumfe-
2111 460 2241 515 dum
2264 458 2425 529 Virgo
2452 466 2636 513 nostra
2690 453 2916 509 Domina
2956 446 3328 506 habitaculum
3376 444 3475 501 Dei
3502 445 3731 503 effecta

428 560 622 625 rebat;
653 566 711 610 ut
759 556 876 610 haec
909 554 1045 610 stola
1080 553 1203 625 ejus
1253 553 1614 609 confessionis
1663 568 1770 608 non
1832 552 2008 607 solum
2109 551 2231 606 fuit.
2262 550 2344 605 Ab
2378 551 2478 605 hac
2505 548 2649 603 enim
2680 547 2793 615 ipsa
2828 552 2884 599 et
2931 541 3105 597 ttnica-
3134 538 3366 594 Domina
3422 548 3479 593 et
3518 539 3732 608 πίε-εἰο-

429 646 772 703 indelebilem
801 644 970 701 ferret
1000 643 1202 700 Christi
1228 655 1414 700 notam
1443 644 1701 714 purpurei
1725 643 2011 715 sanguinis
2112 659 2240 698 num
2259 641 2428 696 Matre
2458 640 2711 708 Deipara,
2737 646 2793 692 et
2822 634 2994 690 Matre
3020 631 3250 702 Virgine
3278 630 3394 685 hac
3432 629 3727 700 discipula~

429 739 537 794 alte
588 737 699 805 iam
749 736 1008 803 imbibiti,
1058 736 1152 792 sed
1178 737 1344 791 etiam
1368 736 1644 806 virginalis
1685 733 2014 806 eloquentiae
2113 733 2372 791 etancilla
2399 731 2481 804 (ut
2507 732 2580 787 ita
2622 727 2823 797 dicam)
2856 725 3100 795 Deiparae
3138 724 3273 790 tilia,
3327 721 3562 779 Domino
3600 735 3708 778 suo

430 831 717 885 thesauros
740 829 816 901 (3)
840 829 1252 886 advenientibus
1274 829 1512 898 posteris
1558 828 1834 898 elegantes
1863 828 2011 898 ejus-
2110 828 2167 882 et
2194 826 2327 893 Deo,
2360 833 2414 881 et
2438 839 2617 879 rerum
2637 821 2880 878 omnium
2898 817 3099 890 Dpiﬁci
3132 831 3255 873 sese
3295 828 3556 885 sponsam
3591 822 3713 868 tra-

431 922 574 976 modi
604 921 816 976 colores
839 935 943 975 una
971 934 1097 976 cum
1118 934 1224 975 non
1250 918 1537 974 deficiente
1557 922 1851 975 verborum
1882 931 2010 974 sca-
2030 922 2045 931 “
2111 918 2249 973 dere
2278 915 2482 973 didicit.

432 1012 666 1081 turigine
700 1010 1025 1081 impertiret.
2182 1007 2238 1065 6‘.
2297 1006 2515 1077 Agathe
2567 1002 2733 1074 igitur
2790 1013 2981 1056 revera
3035 1000 3202 1064 bona,
3252 997 3455 1067 etiure
3486 997 3707 1068 optimo

499 1101 555 1155 4.
607 1100 733 1156 Haec
765 1101 948 1170 itaque
992 1114 1120 1155 vere
1150 1099 1315 1165 bona,
1340 1098 1538 1169 quippe
1572 1096 1669 1153 Dei
1703 1111 1833 1168 pars
1871 1096 2017 1152 essi-
2116 1099 2224 1155 Deo
2256 1095 2565 1169 gratissima
2597 1093 2798 1156 amica,
2841 1092 2957 1146 haec
2995 1089 3220 1159 pertulit
3246 1087 3467 1158 quidem
3492 1094 3558 1151 ιιι
3585 1100 3707 1140 mu-

429 1201 601 1258 steus,
624 1194 800 1247 eidem
828 1206 1029 1261 sponso
1068 1205 1191 1257 suo,
1221 1199 1277 1246 et
1306 1205 1495 1245 rursus
1525 1189 1682 1244 nobis
1712 1187 1838 1243 boni
1869 1202 2013 1243 com-
2110 1190 2212 1245 lier
2241 1197 2408 1253 esset,
2443 1195 2498 1242 et
2529 1186 2595 1240 ad
2626 1183 2922 1239 liberon
2965 1180 3396 1252 procreationem
3438 1194 3547 1257 non
3589 1178 3707 1233 ine-

429 1280 707 1345 munione,
738 1295 845 1349 qua
880 1278 1121 1333 nominis
1154 1279 1239 1332 sui
1280 1277 1399 1331 vim
1451 1276 2019 1347 significationemque
2115 1293 2240 1353 pta;
2291 1294 2481 1335 verum
2519 1286 2579 1332 ut
2633 1273 3003 1346 virginitatem
3055 1286 3213 1327 suam
3264 1269 3593 1332 custodiret,
3650 1277 3708 1323 et

428 1371 619 1439 refert,
650 1371 858 1441 Agathe
889 1369 992 1442 (4').
1029 1370 1098 1424 ab
1138 1370 1254 1438 ipso
1278 1367 1538 1424 bonitatis
1562 1368 1712 1422 Fonte
1734 1366 1842 1421 Deo
1881 1381 2014 1422 con-
2090 1371 2339 1428 summis
2392 1367 2534 1423 votis
2591 1364 2890 1435 exoptavit,
2919 1371 2975 1417 et
3008 1361 3237 1416 omnino
3262 1359 3530 1415 decrevit.
3563 1356 3703 1412 Cum

427 1476 607 1526 cessa,
629 1463 889 1539 donoque
904 1460 1053 1516 data.
1087 1459 1226 1527 Quid
1254 1468 1433 1514 autem
1471 1457 1645 1528 magis
1683 1456 2009 1523 beneﬁcum,
2113 1465 2277 1535 igitur
2308 1461 2520 1515 audiret
2550 1458 2809 1527 scriptum
2857 1451 3315 1525 quoddam‘Decii
3346 1448 3707 1519 imperatoris

428 1568 598 1623 quam
625 1538 894 1607 summum
940 1550 1178 1605 bonum?
1214 1558 1269 1604 et
1296 1549 1608 1619 quidtnagis
1626 1547 2010 1603 celebrandum
2110 1572 2209 1627 per
2242 1565 2411 1610 totam
2445 1552 2743 1606 Romanam
2772 1546 3033 1603 ditionem
3072 1545 3275 1615 passim
3304 1541 3540 1613 vulgari,
3570 1538 3704 1595 illud

427 1640 648 1696 Ῐθυάυίη
703 1642 991 1710 l’l‘iiﬁiioniis
1031 1640 1307 1711 (ιιιῑερῑαηι
1350 1640 1624 1704 ίηνθίιῖθίν
1652 1654 1812 1708 fl“am
1862 1639 2009 1709 Αεςτδ·
2112 1647 2321 1717 Agathe
2351 1645 2576 1701 derisit:
2625 1655 2860 1711 cumque
2908 1637 3058 1709 velut
3104 1637 3306 1692 ostium
3359 1635 3541 1689 ventis
3572 1646 3713 1703 per-

431 1724 621 1784 "iam?
648 1730 883 1801 Αεαιιην
915 1731 1069 1800 cuius
1101 1730 1316 1783 ὺοηῖιθε
1353 1729 1419 1782 ad
1450 1743 1669 1795 nomen.
1704 1729 1770 1782 ad
1803 1728 2007 1798 ίρδδηιο
2039 1724 2082 1780 Β
2115 1739 2372 1794 nantibus
2424 1734 2649 1792 humani
2703 1746 3005 1789 consensus
3042 1730 3375 1793 obserasset,
3435 1725 3538 1795 ipsi
3590 1739 3695 1779 na-

429 1837 537 1892 que
565 1837 681 1877 rem
710 1824 982 1892 quadrat;
1015 1822 1250 1893 Agathe,
1281 1836 1400 1890 qua:
1440 1822 1602 1876 rebus
1630 1821 1890 1890 praeclare
1919 1836 1982 1892 ge

2150 1844 2251 1887 une
2283 1837 2466 1899 postes
2507 1824 2757 1897 Opposuit
2784 1839 2817 1890 ;‘
2842 1831 2899 1878 et
2934 1820 3340 1876 interminatam
3379 1816 3703 1887 propensio-

430 1915 529 1968 stis
557 1914 757 1969 bonum
798 1930 992 1970 nomen
1019 1930 1129 1984 pra:
1173 1924 1234 1970 se
1270 1914 1399 1979 fert,
1432 1922 1490 1969 et
1540 1915 1593 1969 in
1634 1916 1753 1984 ipso
1790 1915 2011 1970 nomine
2115 1936 2236 1978 nem
2270 1921 2489 1983 animae,
2522 1927 2588 1975 et
2614 1930 2833 1984 corpus;
2871 1913 3019 1977 velut
3050 1910 3104 1967 in
3133 1908 3318 1964 medio
3342 1907 3533 1976 templi
3568 1906 3725 1963 Βία-ν

428 2003 691 2073 praeclare
710 2005 808 2059 abs
838 2019 897 2058 se
931 2012 1085 2067 uesta
1115 2004 1480 2072 demonstrat;
1504 2005 1737 2073 A‘gatba.
1770 2019 1894 2074 quae
1924 2003 2009 2060 vel
2116 2010 2491 2082 rosolymitani
2525 2007 2701 2062 velum
2730 2007 2965 2063 conlatae
2996 2004 3196 2059 mentis
3231 2001 3528 2071 interiecit,
3558 1999 3725 2069 quot

431 2107 534 2148 suo
580 2093 802 2148 nomine
836 2094 1026 2158 allicit,
1067 2104 1127 2149 ut
1159 2096 1225 2149 ad
1255 2109 1377 2150 sese
1414 2108 1607 2149 omnes
1643 2095 1984 2164 maximopert

2173 2115 2437 2157 ιηδειιειιιιι
2469 2098 2973 2166 arceret;ipsaque-
2994 2092 3194 2148 mentis
3239 2090 3726 2161 contemplatione-

428 2193 767 2240 occurrant:
811 2199 933 2254 qua:
978 2185 1146 2239 etiam
1187 2199 1288 2240 suo
1343 2185 1597 2254 exemplo
1636 2168 1917 2253 docet,’ut
1943 2200 1981 2240 ω

2157 2192 2430 2263 eraphicis
2462 2190 2717 2260 adjuncta
2744 2186 3054 2258 spiritibus,
3075 2193 3160 2238 ter
3192 2196 3445 2239 sanctum
3478 2182 3570 2236 sui
3606 2196 3707 2235 nu-

428 2288 620 2330 Verum
672 2277 873 2331 bonum
903 2316 920 2343 ,
959 2277 1052 2347 qui
1090 2275 1240 2332 solus
1286 2278 1429 2333 Deus
1479 2285 1596 2343 est.
1645 2290 1838 2333 omnes
1892 2276 2015 2332 Sine
2115 2302 2240 2341 men
2264 2285 2439 2339 solum
2467 2281 2536 2337 ad
2556 2277 2982 2336 misericordiam
3002 2271 3709 2346 impetrandamsupplica-

378 2394 385 2403 ο
430 2380 588 2423 mora
636 2383 821 2424 secum
891 2369 1241 2425 contendant:
1295 2370 1543 2440 Agatha,
1607 2384 1727 2439 qua
1791 2369 2012 2441 signum
2115 2375 2207 2431 bat
2236 2371 2608 2441 hujuscemodi
2638 2383 2909 2440 usurpans
2929 2368 3097 2423 verba
3127 2366 3317 2422 libera:
3344 2365 3713 2434 ingenuaque

430 2458 625 2521 erexit.
657 2457 785 2527 quid
810 2457 877 2513 de
910 2472 972 2514 se
994 2461 1274 2515 decretum
1306 2457 1515 2526 fuerat,
1547 2468 1608 2513 ut
1642 2459 1819 2535 fieret,
1849 2470 2014 2530 atque
2115 2463 2414 2539 gratiarum
2467 2461 2698 2516 actionis
2741 2459 2882 2529 apud
2914 2457 3105 2514 Deum.
3143 2454 3227 2510 'l'u
3257 2455 3503 2526 quidem,
3536 2469 3573 2510 o
3600 2454 3727 2509 οο--

431 2545 678 2603 inlucem
716 2546 883 2612 edita,
932 2548 1078 2618 quod
1129 2563 1228 2620 per
1275 2549 1509 2617 gratiam
1563 2549 1842 2606 decretum
1870 2559 1984 2606 erat

2158 2560 2281 2623 line,
2305 2556 2630 2628 jampridem
2667 2552 2883 2608 hostem
2916 2549 3173 2620 corporis
3222 2548 3326 2604 mei
3360 2562 3528 2603 causa
3584 2546 3711 2603 bel-

430 2638 672 2708 peregit;
692 2639 922 2709 Agathe,
952 2655 1049 2710 per
1075 2641 1389 2696 vaticinium
1419 2641 1737 2713 parentibus
1765 2641 2015 2714 (5)-pra:-
2116 2649 2228 2704 lum
2260 2645 2608 2709 inferentem,
2641 2652 2694 2699 et
2713 2641 2858 2697 velut
2878 2653 3077 2709 equum
3107 2638 3221 2708 ipsa
3250 2638 3501 2708 corporis
3529 2652 3721 2692 mem-

429 2731 701 2799 nuntiata,
723 2741 888 2801 atque
915 2747 955 2786 ar
972 2730 1080 2787 Deo
1102 2732 1389 2788 abmterno
1412 2724 1760 2805 praecognita.
1779 2734 1982 2805 Agatha

2175 2758 2213 2795 ἰι
2243 2738 2616 2801 adhibentem,
2648 2743 2812 2806 atque
2842 2741 3084 2788 utentem
3130 2732 3250 2801 ipsa
3282 2740 3472 2786 natura
3508 2738 3728 2786 contra-

430 2836 553 2892 que
576 2822 743 2878 etiam
770 2818 888 2878 illius
916 2838 1022 2880 non
1050 2823 1263 2892 refellit,
1299 2827 1388 2895 qui
1425 2827 1526 2881 hoc
1564 2827 1612 2880 ei
1671 2841 1866 2880 nomen
1910 2827 2017 2882 im-
2118 2840 2394 2895 naturam,
2427 2828 2683 2898 dignatus
2729 2840 2791 2880 es
2813 2838 2921 2885 .me
2947 2833 3009 2877 ut
3035 2820 3367 2892 subjugarim
3389 2828 3445 2874 et
3478 2818 3725 2874 concul-

428 2927 699 2984 posuerer:
732 2928 789 2970 et
816 2915 1192 2973 invocantibus
1221 2932 1421 2972 nomen
1453 2918 1556 2974 hoc
1578 2931 1774 2989 praesto
1795 2928 1901 2987 est,
1925 2919 2015 2974 fa-
2116 2920 2323 2983 carim;
2366 2916 2435 2972 tu'
2476 2916 2603 2971 item
2642 2915 2817 2983 etiam
2873 2924 3037 2976 nunc,
3079 2925 3115 2966 o
3150 2919 3354 2964 amator
3386 2907 3719 2974 hominum,

428 3006 645 3074 οίῒθιιιιθ
673 3008 985 3076 respondet
1131 3064 1139 3071 .
2118 3013 2209 3083 qui
2240 3010 2638 3068 indelicientem
2671 3020 2850 3063 meum
2885 3019 3013 3072 erga
3044 3012 3099 3058 te
3129 3016 3366 3056 amorem
3390 3000 3567 3070 probe
3608 3014 3715 3054 no-

499 3096 556 3153 5.
593 3096 810 3152 Etenim
838 3099 961 3154 Deo
987 3100 1184 3169 singuli
1217 3100 1493 3156 manifesti
1519 3109 1687 3170 sunt,
1732 3111 1794 3164 ut
1830 3103 2012 3174 loqui-
2037 3089 2081 3149 (ἶ
2114 3103 2207 3170 sli,
2238 3103 2312 3157 sis
2336 3099 2475 3155 mihi
2502 3100 2554 3155 in
2574 3100 2693 3154 hoc
2723 3095 3025 3155 certamine
3067 3094 3476 3164 opitulator;et
3507 3092 3609 3162 qui
3646 3107 3721 3144 ex.

430 3194 525 3245 tur
549 3203 703 3246 sacra
731 3190 1043 3259 Scriptura:
1068 3191 1259 3246 Omnia
1282 3194 1446 3258 nuda,
1470 3204 1516 3248 et
1534 3204 1717 3262 aperta
1739 3206 1860 3249 sum
1885 3212 2013 3251 ocu-
2115 3193 2325 3250 intimis
2354 3191 2588 3261 erumpit
2612 3187 2949 3260 praecordiis,
2975 3185 3179 3242 fontem
3212 3184 3403 3252 excipe
3425 3183 3712 3255 lacryma-

427 3278 496 3335 lis
521 3278 659 3349 ejus,
686 3280 755 3333 ad
769 3295 921 3350 quem
946 3298 1114 3336 sermo
1147 3292 1323 3337 noster
1352 3283 1653 3351 collimat‘:
1677 3300 1865 3340 verum
1896 3300 2016 3341 om-
2116 3302 2259 3353 rum,
2299 3300 2365 3340 ac
2393 3284 2573 3340 tribue
2604 3283 2670 3337 de
2696 3282 2815 3351 ipso
2844 3283 3003 3335 hoste
3034 3277 3165 3333 mihi
3202 3277 3498 3352 gloriosam
3539 3278 3718 3329 victo-

430 3371 521 3428 nia
570 3372 904 3443 praedeliuita
961 3384 1088 3430 sunt
1145 3390 1174 3429 a
1214 3384 1607 3446 cognoscente:
1650 3377 1765 3448 ipsa
1811 3377 2013 3434 etenim
2114 3378 2275 3442 riam,
2302 3391 2335 3432 o
2365 3376 2670 3430 animarum
2714 3372 3048 3442 humanique
3087 3370 3306 3442 generis
3335 3377 3593 3435 amator;
3622 3369 3729 3438 qui

430 3466 781 3536 pnecognitio
826 3467 1197 3536 procreatoris
1227 3466 1319 3522 Dei
1346 3468 1492 3523 circa
1519 3483 1608 3523 res
1644 3469 1885 3539 singulas
1915 3484 2012 3533 00-
2114 3470 2303 3533 eliam,
2330 3468 2475 3539 quod
2515 3467 2731 3537 propria
2783 3479 2944 3519 manu
2986 3463 3498 3519 victoriosissitnum
3536 3474 3718 3517 certa-

428 3557 917 3629 gnitionetn,quod
957 3559 1177 3629 quidem
1221 3567 1280 3613 et
1330 3559 1596 3615 rationem
1635 3559 1798 3637 habet
1844 3559 2025 3615 divini
2117 3575 2237 3615 men
2267 3575 2390 3614 cum
2428 3570 2635 3613 nostro-
2665 3556 2867 3612 eodem
2911 3555 3069 3611 hoste
3109 3554 3302 3618 iniisti,
3333 3552 3490 3607 nobis
3549 3553 3726 3608 ascri-

428 3646 667 3712 consilii,
690 3655 744 3701 et
772 3656 1166 3713 concursus,et
1192 3657 1461 3717 praeterea
1479 3647 1693 3704 modum
1713 3649 1896 3703 libera:
1918 3665 2014 3704 νο·
2113 3649 2245 3705 here
2287 3664 2352 3705 ac
2399 3649 2640 3705 tribuere
2683 3646 3072 3717 benignissime
3112 3660 3173 3701 es
3206 3646 3461 3715 dignatus
3495 3661 3513 3698 :
3543 3660 3713 3715 quam

429 3736 657 3792 luotatis
685 3751 871 3791 eorum
895 3776 913 3804 ,
946 3738 1037 3806 qui
1069 3738 1255 3792 divino
1307 3738 1482 3792 solum
1524 3738 1865 3807 beneplacito
1889 3754 2023 3810 pro-
2115 3743 2278 3797 etiam
2309 3742 2645 3806 obcausam,
2674 3755 2709 3796 o
2734 3739 2941 3810 peccati
2978 3751 3175 3807 expers
3204 3737 3455 3802 Domine,
3502 3737 3574 3791 de
3623 3752 3721 3792 no-

430 3828 625 3893 creoti,
653 3827 822 3884 libere
848 3828 1057 3897 inopus
1088 3830 1377 3897 prodeunt.
1405 3828 1814 3884 Praedestinatio
1846 3845 1973 3885 vero
1998 3869 2014 3897 ,
2116 3842 2229 3889 stra
2250 3844 2657 3903 sumptam-pro
2690 3831 2849 3887 nobis
2880 3844 3103 3885 carnem
3138 3827 3394 3883 induisti.
3455 3833 3467 3841 '

430 3929 735 3975 extremum
763 3935 953 3975 eorum
975 3921 1185 3991 lapsum
1218 3936 1324 3976 non
1360 3920 1648 3991 permittit,
1678 3921 1773 3976 sed
1808 3920 2021 3976 confert
2185 3924 2240 3980 7.
2265 3922 2360 3979 Illa
2389 3939 2518 3979 vero
2551 3924 2665 3979 haec
2682 3923 2958 3977 Christum
2986 3919 3338 3990 precabatur.
3369 3934 3478 3973 non
3506 3928 3568 3974 ut
3590 3933 3716 3973 cer.

432 4010 499 4065 ad
528 4026 676 4078 eum,
723 4013 816 4082 qui
862 4014 1298 4082 praedestinatur,
1348 4013 1543 4067 bonam
1597 4025 1651 4068 et
1692 4027 2016 4083 propensam
2116 4023 2296 4070 tamen
2329 4015 2591 4080 evitarei,
2622 4014 2718 4069 sed
2764 4024 2825 4069 ut
2872 4014 3019 4068 vires
3063 4012 3168 4066 sihl
3204 4009 3605 4065 'sulliccrentur
3649 4010 3719 4062 ad

362 4176 369 4181 _
429 4101 763 4160 voluntatem
810 4103 1021 4174 Opillcis
1051 4105 1143 4160 Dei
1183 4120 1305 4160 cum
1356 4106 1541 4160 libero
1568 4106 1808 4160 humano
1864 4106 2019 4160 arbi-
2118 4109 2463 4179 martyrium.
2525 4105 2852 4161 Exaudierat
2885 4103 3029 4158 enim
3079 4102 3291 4170 Agatha
3328 4100 3718 4179 mulierculam

434 4198 583 4252 trio:
624 4206 681 4253 et
712 4205 769 4250 ut
816 4197 965 4252 omni
1009 4197 1222 4253 ratione
1273 4186 1586 4252 beatissima
1630 4199 1773 4252 inter
1803 4212 2015 4263 omnes,
2118 4178 2410 4270 quamdam
2448 4196 2702 4269 pessimis
2732 4195 2945 4249 artibus
2970 4193 3217 4268 deditam
3251 4204 3375 4246 cum
3410 4178 3719 4256 Quintiane

430 4295 486 4341 et
509 4286 859 4342 sanctissima
901 4287 1126 4343 Domina
1165 4298 1347 4343 nostra
1396 4290 1579 4358 regina
1613 4287 1774 4358 Virgo
1810 4288 2017 4358 Deique
2119 4292 2185 4347 de
2215 4306 2273 4345 se
2302 4289 2833 4353 communicantem‘,
2890 4295 2946 4341 et
2990 4286 3198 4341 idcirco
3240 4296 3507 4354 perquam
3558 4295 3721 4350 para-

431 4390 649 4448 parens,
676 4393 705 4432 a
733 4379 913 4433 divino
949 4378 1150 4444 Verbo,
1182 4381 1325 4450 quod
1364 4381 1417 4437 itt‘
1447 4396 1515 4435 ea
1544 4380 1830 4447 habitavit,
1869 4394 2014 4436 eatn-
2048 4435 2090 4451 λ
2124 4383 2333 4438 tissima
2368 4380 2564 4451 prono
2613 4382 2666 4435 in
2703 4389 2902 4433 terram
2970 4376 3205 4449 procidit
3245 4374 3430 4438 vultu,
3477 4373 3722 4441 odioque

429 4482 539 4538 que
580 4468 819 4536 eﬂiuxit,
857 4485 924 4525 ex
959 4472 1212 4526 otnuibus
1249 4472 1500 4542 gentibus
1538 4472 1741 4528 delecta
1765 4472 2021 4539 fuit;-ita
2046 4456 2094 4495 υ
2120 4482 2309 4527 ctmtra
2356 4480 2799 4542 persecutorem,
2828 4476 3148 4537 contraque
3195 4456 3370 4536 ipsum
3404 4474 3720 4533 peccatum,

428 4562 597 4616 etiam
643 4564 756 4618 haec
791 4564 1035 4632 ejusdem
1091 4564 1332 4633 Deiparm
1381 4564 1487 4617 lilia
1539 4575 1593 4618 et
1629 4564 1822 4619 ancilla
1866 4563 2011 4636 (quae
2120 4563 2334 4619 ardenti
2362 4562 2525 4618 etiam
2554 4562 2761 4623 amoris
2782 4575 2910 4631 erga
2944 4559 3111 4614 Deum
3142 4558 3378 4614 excitato
3417 4556 3717 4619 desiderio,

432 4669 575 4710 nunc
625 4652 829 4710 faustis
875 4654 1364 4710 acclamationibus
1410 4655 1700 4709 decoratur
1747 4672 1775 4708 ιι
1831 4658 2011 4721 nobis,
2121 4656 2187 4711 ad
2214 4656 2447 4710 intactos
2494 4652 2721 4708 Domini
2756 4656 2922 4725 pedes
2961 4652 3292 4713 adVolvitur.
3325 4650 3471 4704 sicut
3499 4650 3568 4704 ad
3598 4648 3723 4717 ejus

430 4750 866 4817 qumque'nostra
893 4749 1190 4817 praeconia,
1223 4757 1551 4818 nostrasque
1598 4748 2017 4816 gratiarumac-
2124 4748 2298 4803 vestis
2347 4745 2614 4816 laciniam.
2647 4745 2737 4801 illa
2781 4746 2912 4801 olim
2949 4743 3411 4800 haemorrhoissa'
3439 4760 3453 4797 :
3484 4752 3543 4795 et
3594 4754 3721 4809 pro-

434 4839 607 4895 tiones
640 4840 748 4895 Deo
791 4856 887 4910 per
935 4839 1209 4908 Virginem
1242 4832 1543 4908 Deiparant‘
1574 4838 1750 4909 offert)
1804 4841 2016 4907 prmde-
2127 4840 2346 4895 ﬂuvium
2364 4838 2582 4908 quidem
2612 4852 2719 4892 non
2752 4836 2987 4892 inhibuit
3010 4837 3137 4895 (hoc
3155 4835 3302 4889 enim
3332 4851 3440 4890 non
3467 4830 3720 4901 patieba-

432 4929 634 4986 Stinata
664 4932 840 4988 fuerat
864 4942 920 4988 ut
952 4944 1156 5004 martyr
1178 4942 1322 4989 esset
1352 4936 1598 4987 etelecta
1624 4970 1640 4998 ,
1681 4943 1735 4987 et
1755 4946 1849 5002 per
1883 4931 2019 4987 divi-
2127 4944 2248 4999 tur;
2274 4932 2450 5002 potius
2474 4945 2602 4986 vero
2628 4929 2790 5000 (sicut
2809 4926 3046 4985 Ioannes
3080 4928 3232 4999 virgo
3262 4925 3530 4981 ﬂuentum
3564 4925 3725 4979 theon

503 5106 526 5138 ⁵
561 5106 727 5163 llebr.
764 5123 837 5164 tv.
884 5111 972 5165 l3.
1049 5114 1071 5145 ⁸
1112 5111 1305 5167 Matth.
1342 5127 1419 5177 ts,
1457 5110 1549 5167 20.

516 5257 942 5333 (3)ADeAsancta:
991 5259 1216 5333 Atratino
1262 5263 1569 5332 eloquentia
1599 5263 1727 5317 illud
1755 5270 1933 5317 exstat
1969 5264 2020 5316 in
2208 5262 2285 5333 (5)
2328 5259 2555 5331 l’uttcges
2597 5268 2775 5333 negat;
2812 5259 2940 5315 hinc
2984 5255 3163 5328 sequi,
3205 5262 3459 5325 parentes
3509 5265 3721 5333 sancta:

431 5326 653 5403 Menaeis
685 5331 960 5403 elogium:
995 5330 1197 5387 Dill‘usa
1227 5346 1313 5387 est
1353 5326 1526 5399 gratia
1561 5334 1612 5386 in
1639 5334 1796 5387 labiis
1822 5333 1948 5397 tuis,
1980 5347 2012 5387 ο
2127 5326 2350 5403 Agatltm
2378 5326 2550 5386 fuisse
2587 5326 2969 5403 christianos:
2991 5326 3353 5403 praeterquam
3374 5328 3530 5395 quod
3557 5326 3717 5403 iden-

435 5401 638 5472 blartyr
675 5416 704 5454 a
757 5395 1001 5457 bonitate
1066 5418 1262 5456 nomen
1307 5395 1545 5472 indepta.
1602 5403 1815 5458 Diserte
1860 5395 2007 5457 enim
2119 5395 2282 5457 tidem
2328 5403 2631 5456 orationem
2685 5403 2847 5467 hanc,
2893 5395 3165 5472 principio
3205 5395 3720 5472 e_xcet_ttu,_procla-

435 5466 729 5544 confutasli
783 5482 973 5544 aperte
1034 5466 1448 5543 impudentem;
1481 5475 1699 5544 eloquio
1753 5474 2013 5529 divinitus
2120 5484 2225 5544 met
2281 5472 2532 5528 Methodii
2579 5487 2686 5544 non
2746 5466 2908 5544 esse;
2943 5469 3037 5544 sed
3074 5466 3367 5544 '_tttodertti
3409 5466 3720 5544 cuiuspiam

437 5542 642 5613 "3.43"!
673 5537 1021 5613 ιοοιριὶιειιιιει.
1112 5537 1129 5543 ’
1414 5537 1421 5539 -
1589 5537 1604 5544 ’
2060 5601 2068 5609 ,
2122 5543 2431 5613 scriptoris,
2454 5557 2555 5597 nec
2575 5542 2791 5613 dignam
2825 5540 2950 5613 fide.
2973 5538 3337 5613 Prmferlipse
3361 5537 3717 5613 vaticinium.

509 5609 588 5732 (ὦ)
629 5607 857 5681 Ἀγαθὸς
890 5616 1088 5688 quippe
1125 5615 1321 5673 bonum
1379 5614 1670 5686 signiticet,
1708 5613 1888 5686 mea
1920 5614 2015 5670 bo—
2061 5607 2065 5609 ν
2123 5607 2266 5756 qugd
2324 5629 2491 5739 Ngga
2536 5628 2602 5669 ex
2634 5607 2823 5669 Eodicc
2876 5610 3270 5668 Panormitano
3324 5607 3565 5663 relatum
3634 5617 3720 5664 est

509 5718 513 5730 .
574 5717 591 5733 .
2227 5726 2238 5751 ,
2287 5701 2341 5741 ιι.
2454 5724 2466 5737 .

442 5692 591 5734 nam.
912 5684 923 5686 Ὗ
985 5684 1001 5687 ⁷
1022 5684 1038 5688 ⁷
1436 5684 1453 5686 “
1760 5684 1765 5685 ⁷
1876 5684 1887 5686 “

912 5684 1038 5688 vn
1436 5684 1453 5686 “
1760 5684 1765 5685 ⁷
1876 5684 1887 5686 ’
2129 5684 2238 5751 §3,
2287 5684 2465 5741 n.56.
