3942 6218
298 290 439 360 ηπ

1467 306 1757 368 ORATIO
1796 307 1879 368 IN
1910 308 1986 370 Β.
2023 310 2415 370 AGATHAM.

3422 306 3565 371 1278

295 401 452 470 logie
485 418 552 458 ex
582 403 841 461 accubitu
877 421 1045 477 super
1073 408 1286 466 Domini
1341 412 1744 469 innuaculatum
1776 428 1874 485 pe»-
1903 419 1954 477 Α
1978 426 2056 483 et,
2087 427 2148 472 ut
2188 418 2368 483 decet,
2411 414 2843 471 collzetantium?
2874 413 2957 471 Ile
2990 422 3171 469 autem
3209 413 3383 483 ipsam
3421 419 3561 475 inte»

292 503 416 548 etus
445 492 490 564 ')
520 493 608 549 illa
650 495 1015 568 lacrymarum
1069 500 1241 568 rivos,
1284 517 1393 572 quo
1439 505 1662 560 uberius
1701 506 1876 561 dima-

293 596 514 649 narent,
551 588 782 657 accepit.
818 587 1009 658 Surgit
1047 591 1213 662 igitur
1243 602 1364 663 post
1388 610 1612 664 precum
1648 596 1876 651 satieta-

294 683 429 743 tem,
462 675 689 746 perinde
713 694 777 734 ac
805 681 850 736 si
881 684 1366 752 accepissetdivini
1392 687 1576 742 auxilii
1594 697 1878 756 tesseram,

296 767 477 821 corde‘
495 767 735 836 quidem,
753 780 1012 842 certaque
1040 788 1135 843 spe
1159 775 1262 829 sibi
1289 775 1568 832 victoriam
1592 793 1690 849 per
1720 778 1877 834 iidem

303 855 626 926 pollicetur;
660 858 892 930 ideoque
922 861 1002 918 sic
1031 863 1309 931 loquitur:
1347 865 1483 922 Ecce
1519 866 1635 935 iam
1668 865 1877 923 Christi

295 948 499 1005 virtute
552 949 765 1007 hostilis
812 954 1055 1024 potentia
1088 956 1140 1010 in
1203 955 1441 1011 favillam
1474 958 1714 1025 redacta,
1743 972 1880 1014 con-

297 1038 535 1106 culcata,
560 1049 615 1096 et
634 1042 903 1100 exstincta
942 1054 1029 1101 est
1056 1062 1085 1102 a
1122 1062 1240 1104 mea
1274 1049 1528 1119 pudicitia
1562 1067 1577 1104 :
1618 1052 1762 1119 quod
1795 1066 1882 1109 re-

299 1129 504 1203 liquum
524 1142 632 1200 est,
661 1135 945 1195 conlidens
965 1138 1136 1195 alacri
1159 1141 1345 1198 animo
1377 1141 1444 1197 ad
1478 1142 1713 1199 stadium
1750 1160 1880 1216 pro-

302 1237 543 1281 curram.

370 1335 427 1391 8.
463 1333 654 1408 Itaque
688 1352 900 1396 summa
934 1342 1131 1398 mentis
1165 1345 1468 1401 constantia
1499 1346 1566 1402 ad
1589 1354 1877 1419 tyrannum

300 1429 476 1499 pergit
503 1429 646 1485 inter
675 1431 893 1488 lictores
924 1434 1226 1491 laetabunda
1246 1475 1261 1500 ,
1296 1451 1418 1491 cum
1451 1440 1519 1493 de
1556 1440 1639 1494 sui
1664 1439 1880 1508 generis

302 1520 606 1588 nobilitate,
636 1524 956 1595 magnisque
990 1536 1044 1580 et
1071 1527 1261 1583 multis
1301 1543 1484 1585 rerum
1525 1530 1760 1588 fortunis
1800 1532 1879 1587 ni-

303 1610 377 1665 ιλιι
400 1610 561 1681 plane
574 1614 937 1683 meminisset,
976 1632 1041 1671 ac
1069 1633 1135 1674 ne
1163 1619 1333 1675 verbo
1361 1621 1604 1690 quidem,
1637 1621 1780 1691 quod
1809 1621 1878 1678 ad

304 1711 391 1752 res
414 1714 540 1755 suas
561 1703 881 1771 pertineret,
930 1706 1161 1775 prolato,
1206 1710 1301 1765 sed
1341 1712 1573 1780 simplici
1601 1712 1879 1783 expedito-

304 1804 409 1859 que
444 1806 637 1863 gressu
684 1798 1207 1864 przecurrebateos,
1236 1800 1330 1870 qui
1382 1814 1503 1856 eam
1552 1803 1824 1859 ducebant
1858 1821 1874 1859 :

304 1880 377 1933 ita
418 1891 474 1935 ut
528 1883 627 1938 bos
672 1885 891 1953 quidem
944 1889 1084 1944 trahi
1125 1889 1303 1958 potius
1335 1891 1404 1946 ab
1433 1891 1680 1960 Agathe,
1713 1908 1878 1964 quam

304 1971 570 2040 Agatbam
621 1974 691 2029 ab
729 1976 863 2045 ipsis
896 1979 1037 2034 trahi
1084 1980 1332 2037 viderent
1379 1993 1742 2052 spectatores,
1782 1987 1876 2057 qui

305 2063 390 2118 vel
430 2063 557 2132 ipsa
579 2066 864 2123 oculorum
913 2071 1033 2126 acie
1078 2071 1222 2129 illius
1257 2074 1592 2131 celeritatem
1624 2078 1878 2146 prosequi

305 2156 615 2227 nequirent.
647 2158 827 2229 Atque
867 2162 943 2227 bi,
968 2163 1061 2234 qui
1096 2164 1380 2233 virginalis
1414 2165 1582 2221 animi
1616 2168 1881 2238 prompti-

305 2248 495 2303 tudiue
523 2250 762 2318 erudiri,
791 2260 847 2307 et
878 2254 946 2310 ad
979 2255 1300 2324 prudentem
1337 2256 1621 2312 audaciam
1662 2258 1881 2314 incitari

307 2335 705 2393 debuissentad
739 2349 966 2396 mortem
1000 2356 1098 2412 pro
1148 2342 1346 2398 virtute
1395 2344 1776 2415 oppetendam,
1811 2354 1886 2401 ta-

309 2441 436 2482 men
473 2442 505 2483 e
528 2431 829 2497 contrario,
856 2446 953 2500 per
999 2433 1239 2489 innatam
1273 2435 1733 2501 inconstantiam,
1764 2451 1886 2492 cer-

294 2528 504 2572 vorum
538 2517 712 2575 instar
736 2522 919 2577 cordis
957 2523 1373 2593 trepidationem
1400 2527 1618 2597 penitus
1658 2527 1886 2598 impres-

310 2623 428 2664 sam
466 2608 747 2678 foventes,
792 2612 963 2669 veloci
1014 2614 1324 2672 reversione
1366 2616 1579 2673 beatam
1618 2619 1885 2686 virginem

312 2699 499 2757 miseri
535 2700 890 2771 reliquerunt.
917 2703 989 2759 At
1016 2704 1109 2759 illa
1138 2705 1267 2761 dum
1297 2707 1594 2774 incederet,
1617 2709 1887 2782 lacrymas

311 2792 550 2848 ubertim
579 2793 936 2869 profundens,
969 2798 1043 2851 ita
1071 2812 1255 2854 secum
1300 2800 1368 2854 ad
1407 2814 1600 2871 preces
1623 2816 1887 2858 conversa

314 2879 652 2952 loquebatur,
695 2900 923 2957 seseque
952 2887 1020 2942 ad
1069 2888 1328 2958 majorem
1379 2892 1746 2947 constantiam
1800 2892 1887 2947 in-

316 2972 629 3032 ﬂammabat
657 2996 672 3033 :
704 2978 943 3035 Primum
969 2981 1182 3051 quidem
1214 2996 1312 3052 pro
1351 2982 1601 3054 virginali
1630 2984 1887 3054 pudicitia

1980 508 2082 562 rint
2111 508 2659 570 nonanimadvertis,
2713 521 2747 561 o
2791 514 3104 573 veterator,
3152 508 3255 561 sub
3299 510 3563 564 amatoris

1980 600 2086 654 mei
2109 600 2307 653 umbra
2324 599 2713 663 dormientem,
2738 608 2793 652 et
2825 598 2930 652 sub
2966 604 3284 652 certaminis
3309 600 3563 667 praemio-

1979 704 2211 759 rumque
2245 689 2460 746 arbitro
2475 689 2693 745 Christo
2719 688 2951 745 viriliter
2975 690 3378 754 decertantem,
3414 690 3563 745 ideo-

1976 793 2084 848 que
2107 796 2228 851 quae
2254 772 2512 851 Magister
2550 794 2704 836 meus
2728 778 2913 836 docuit
2954 789 3322 845 exercentem,
3367 764 3419 833 et
3461 795 3561 850 pro

1977 868 2184 927 viribus
2213 870 2557 940 expleturam
2605 870 2786 939 reipsa
2830 880 3168 939 sperantem.
3208 869 3560 925 Providebam

1979 960 2125 1016 enim
2169 961 2454 1018 Dominum
2505 979 2675 1018 meum
2729 964 2786 1018 in
2837 971 3119 1032 conspectu
3179 978 3292 1017 meo
3330 980 3556 1034 semper,

1978 1053 2228 1123 quoniam
2255 1070 2289 1107 α
2311 1054 2512 1108 dextris
2535 1054 2665 1108 mihi
2683 1064 2757 1108 est
2787 1070 2851 1109 ne
2871 1070 3201 1109 comnrorear
3233 1055 3275 1109 ".

2052 1160 2141 1215 10.
2177 1160 2327 1217 Talia
2369 1162 2603 1218 dicentis
2630 1162 2862 1232 contigit
2896 1170 2953 1215 ut
2988 1163 3041 1216 iu
3080 1162 3195 1229 ipsa
3244 1176 3437 1217 cursus
3463 1175 3557 1216 ce-

1978 1249 2195 1306 leritate
2229 1251 2585 1307 calceamenti
2626 1252 2865 1321 corrigia
2904 1250 3231 1307 solveretur.
3286 1249 3562 1305 Sedulita—

1980 1349 2089 1395 tem
2128 1349 2309 1394 autem
2345 1340 2510 1396 etiam
2547 1356 2667 1395 cum
2714 1340 2862 1395 illam
2895 1338 3155 1411 colligare
3197 1339 3377 1404 vellet,
3439 1354 3558 1393 ma-

1981 1431 2126 1485 xime
2146 1431 2386 1485 osteudit
2414 1431 2791 1495 masculinam,
2822 1439 2876 1485 et
2911 1445 3198 1495 conversa,
3218 1440 3272 1485 et
3296 1429 3561 1484 comitan-

1982 1522 2115 1576 tium
2151 1521 2375 1576 omnino
2399 1521 2673 1577 neminem
2711 1522 2927 1588 intuita,
2966 1535 3155 1591 preces
3176 1522 3392 1591 quidem
3421 1519 3560 1574 fudit

1979 1612 2269 1681 epitulanti
2300 1614 2410 1668 Deo
2442 1631 2456 1668 :
2493 1613 2718 1669 Domine
2750 1613 3116 1682 omnipotens,
3150 1613 3241 1683 qui
3268 1626 3372 1666 non
3401 1612 3560 1666 dese-

1982 1706 2058 1760 ris
2081 1715 2134 1759 te
2162 1714 2431 1769 amantes,
2460 1715 2518 1761 et
2548 1706 2603 1760 in
2637 1715 2689 1761 te
2722 1719 2848 1774 spes
2882 1719 3009 1760 suas
3037 1705 3392 1767 collocantes,
3436 1712 3558 1758 esto

1980 1796 2197 1865 adiutor
2219 1810 2375 1853 meus
2410 1796 2465 1852 in
2488 1796 2660 1851 altero
2684 1797 3007 1861 certamine,
3044 1796 3187 1865 quod
3217 1795 3346 1849 mihi
3373 1794 3560 1864 parari

1973 1889 2084 1960 jam
2124 1889 2298 1953 video,
2329 1901 2384 1945 et
2412 1890 2480 1943 ad
2505 1889 2649 1959 quod
2684 1889 2964 1959 accingor,
3022 1889 3199 1959 gratia
3241 1896 3329 1941 tua
3373 1887 3561 1954 opitu-

1980 1981 2129 2036 lante
2156 1999 2170 2035 :
2195 1982 2349 2037 bisce
2388 1990 2591 2046 autem,
2644 1981 2737 2051 qui
2780 1995 2867 2035 me
2903 1981 3166 2049 tantisper
3203 1986 3561 2048 exceperunt,

1981 2074 2109 2131 dum
2144 2073 2233 2128 bic
2257 2073 2612 2145 licuitquiete
2649 2088 2834 2142 agere,
2869 2087 3063 2142 meque
3090 2072 3373 2127 continere
3406 2071 3564 2137 longe

1981 2178 2013 2217 a
2044 2162 2216 2233 patria
2249 2163 2326 2234 (6)
2349 2178 2412 2217 ac
2444 2172 2664 2232 paterna
2695 2163 2857 2217 domo
2889 2166 2971 2216 ut‘
2992 2178 3063 2217 ne
3090 2163 3311 2216 auribus
3344 2161 3559 2230 quidem

1982 2253 2292 2323 acciperem
2315 2253 2573 2324 nuptialia
2597 2242 2877 2320 Quintiani
2906 2253 3113 2317 nuntia,
3136 2251 3456 2321 condignam
3482 2251 3563 2303 vi-

1983 2358 2100 2400 cem
2141 2344 2358 2408 reddas,
2396 2353 2449 2399 et
2470 2342 2620 2399 eliice
2663 2354 2722 2397 ut
2746 2358 3027 2399 sermones
3063 2343 3190 2406 mei,
3221 2357 3357 2412 quos
3383 2341 3562 2409 priva-

1986 2432 2080 2487 tim
2111 2433 2177 2489 de
2225 2442 2278 2487 te
2331 2433 2523 2498 babui,
2568 2448 2699 2489 vero
2733 2433 2864 2498 Deo,
2910 2434 3085 2501 deque
3117 2430 3396 2501 unigenito
3424 2430 3564 2485 Filio

1986 2531 2106 2588 tuo,
2125 2531 2179 2579 et
2206 2522 2276 2579 de
2293 2524 2569 2591 castitate,
2602 2532 2658 2579 et
2704 2524 2771 2580 de
2796 2522 3029 2594 judicio,
3068 2525 3120 2577 in
3151 2537 3340 2577 eorum
3378 2522 3560 2578 cordi-

1986 2616 2091 2672 bus
2117 2625 2484 2686 perseverent.
2547 2614 2653 2672 Sed
2695 2618 2956 2688 quoniam
3019 2630 3213 2672 vereor
3258 2631 3326 2669 ne
3370 2629 3561 2669 eorum

1990 2708 2249 2762 memoria
2294 2706 2532 2775 dililuatf
2566 2724 2694 2766 ecce
2742 2709 2888 2764 enim
2942 2721 3028 2762 me
3061 2709 3274 2762 oeculte
3324 2706 3561 2774 relique—

1990 2810 2119 2853 runt
2147 2800 2384 2870 omnes),
2410 2801 2659 2866 ostende,
2686 2814 2893 2870 quaeso,
2930 2800 3015 2854 bis
3041 2800 3193 2853 urbis
3218 2796 3409 2851 incolis
3447 2810 3564 2847 ma-

1988 2905 2153 2959 gnum
2193 2889 2419 2960 aliquod
2444 2888 2784 2944 miraculum.
2819 2888 3021 2945 Etcum
3054 2889 3168 2942 bsic
3189 2887 3341 2956 virgo
3373 2886 3565 2938 fuisset

1989 2992 2231 3050 precata,
2271 2981 2416 3038 illico
2452 2981 2655 3038 sterilis
2684 2981 2804 3037 olea
2844 2989 3035 3036 exorta
3068 2988 3175 3041 est,
3202 2995 3327 3046 qua:
3349 2976 3561 3047 publica

311 3076 538 3162 propter
556 3069 834 3126 Christum
866 3087 1124 3142 sponsum
1177 3088 1353 3128 meum
1403 3072 1704 3140 decertavi,
1748 3077 1885 3132 deli-
1913 3102 1957 3162 ο
1993 3072 2283 3143 ignominia
2324 3074 2554 3137 notabat
2604 3088 2736 3140 eos,
2781 3072 2872 3143 qui
2910 3087 3007 3143 per
3050 3070 3290 3141 speciem
3342 3066 3567 3123 honoris

315 3154 430 3210 cias
453 3162 514 3210 ut
535 3171 648 3212 rem
670 3159 1083 3215 abominandam
1113 3160 1421 3216 abominata
1442 3204 1459 3227 ,
1491 3173 1550 3217 ut
1576 3178 1645 3219 ne
1670 3165 1739 3219 de
1785 3164 1886 3219 im.

315 3247 535 3318 proviso
572 3266 665 3319 per
717 3251 1000 3311 illecebras
1044 3268 1408 3324 expugnarer.
1477 3256 1671 3325 Agesis
1720 3257 1885 3312 etiam

315 3356 487 3405 nunc,
508 3343 697 3399 adesto
724 3342 988 3400 alacritati
1034 3346 1201 3401 animi
1244 3346 1371 3413 mei,
1398 3360 1431 3401 o
1458 3346 1773 3404 dulcissime
1813 3350 1884 3404 mi

318 3429 613 3503 canditate,
638 3437 729 3507 qui
769 3438 915 3494 solus
954 3437 1130 3495 eliicis
1156 3447 1377 3508 etpotes
1408 3439 1590 3494 omnia
1621 3457 1637 3494 :
1665 3444 1889 3497 ostende

320 3541 496 3581 meam
531 3527 672 3583 banc
698 3529 956 3585 humilem
998 3540 1231 3584 mentem
1260 3529 1476 3585 cunctis
1526 3532 1686 3587 rebus
1730 3533 1891 3587 terri-

321 3615 522 3673 bilibus
546 3620 919 3677 sublimiorem
943 3639 957 3688 ;
981 3622 1053 3676 ita
1085 3622 1332 3677 utetiam
1353 3625 1536 3677 animo
1566 3638 1658 3678 eas
1689 3639 1786 3692 pro
1810 3624 1891 3678 ui-

326 3708 438 3764 bilo
467 3711 658 3765 ducam
682 3753 696 3777 ,
730 3728 904 3783 neque
937 3714 1229 3784 quidquam
1261 3714 1573 3770 existimem
1617 3715 1790 3769 instar
1817 3716 1893 3771 le-

324 3800 408 3854 vis
444 3800 732 3857 cantilenae
797 3818 863 3857 ac
918 3804 1212 3873 strepitus,
1257 3803 1470 3860 etiamsi
1517 3806 1696 3861 decies
1744 3807 1893 3862 mille

324 3890 454 3956 sint,
485 3893 576 3960 qui
599 3908 785 3949 necem
811 3894 940 3948 tuibi
974 3895 1255 3953 intentent.

396 3981 451 4036 9.
502 3979 613 4037 Sub
638 3984 753 4039 hate
786 3987 940 4055 quasi
971 4002 1098 4042 vero
1148 3989 1320 4044 oculis
1366 3990 1658 4059 inspiceret
1687 3989 1895 4059 (mente

328 4072 473 4126 enim
508 4085 659 4128 certe
692 4075 1037 4147 intuebatur)
1085 4079 1293 4134 hostem
1340 4094 1520 4143 suum,
1556 4079 1733 4136 eidem
1767 4087 1892 4132 tan-

329 4178 491 4234 quam
519 4167 775 4231 prmsenti
823 4172 1170 4239 exprobravit
1202 4190 1216 4225 :
1249 4169 1366 4227 Non
1409 4173 1582 4237 vides,
1617 4172 1892 4240 inquiens,

331 4270 512 4311 meum
569 4259 829 4325 studium,
868 4276 901 4315 o
948 4264 1197 4318 veritatis
1226 4264 1417 4326 hostis,
1451 4264 1652 4333 quique
1708 4266 1777 4318 ab
1833 4277 1895 4316 ea

334 4345 543 4403 alienus
580 4365 662 4416 es,
689 4352 755 4406 ad
771 4354 912 4423 quod
942 4356 1417 4425 contemplandum
1451 4356 1701 4409 universa
1735 4371 1899 4424 ange-

1988 3181 2109 3222 eam
2132 3164 2503 3230 deduxerant,
2534 3164 2829 3233 timideque
2860 3162 3205 3229 aufugeraut.

2061 3256 2147 3309 il.
2179 3253 2411 3308 Streuua
2440 3263 2623 3309 autem
2674 3255 2826 3322 virgo
2866 3269 2931 3307 ex
2977 3268 3043 3307 eo
3089 3249 3350 3305 miraculo
3395 3246 3569 3317 magis

1988 3345 2226 3399 animata
2261 3343 2485 3413 (quippe
2530 3343 2642 3413 jam
2691 3353 2940 3397 senserat
2990 3342 3261 3396 exauditis
3316 3340 3568 3408 precibus

1990 3438 2231 3492 divinum
2262 3435 2366 3491 sibi
2417 3436 2609 3489 adesse
2651 3433 2898 3498 Numen,
2927 3433 3155 3503 ejusque
3194 3432 3416 3499 angelos
3473 3429 3565 3499 qui

1990 3544 2051 3584 se
2082 3538 2365 3583 tuerentur
2409 3529 2477 3582 ab
2508 3528 2758 3580 lictorum
2808 3526 3044 3594 injuriis)
3082 3525 3244 3578 corde
3293 3523 3567 3588 intrepido

1993 3638 2054 3679 se
2102 3624 2153 3676 in
2187 3621 2325 3674 viam
2374 3620 2539 3674 dedit.
2572 3618 2672 3674 Ubi
2713 3633 2840 3671 vero
2873 3616 3135 3672 Catauam
3172 3613 3571 3682 appropinqua-

1996 3717 2105 3776 bat,
2132 3728 2362 3783 magnus
2398 3711 2595 3765 civium
2655 3725 2874 3765 suorum
2915 3724 3176 3764 numerus
3236 3707 3308 3759 illi
3351 3706 3568 3757 obviam

1994 3805 2227 3875 prodiit;
2257 3815 2310 3857 et
2341 3803 2595 3856 mulieres
2627 3802 2843 3873 quidem
2879 3800 3089 3869 aliquot
3126 3799 3243 3868 ejus
3275 3798 3445 3850 vicem
3474 3795 3571 3848 do-

1997 3898 2198 3959 lebant,
2243 3896 2451 3964 aliquot
2482 3896 2689 3955 etiam,
2734 3892 2935 3962 quibus
2980 3892 3347 3946 Christianum
3382 3898 3572 3958 pectus

1997 3988 2170 4058 magis
2209 3987 2486 4054 sapiebat,
2532 3986 2677 4039 inter
2707 4000 2767 4039 se
2817 3984 2996 4039 tacitis
3028 3983 3279 4036 laudiilus
3314 3990 3573 4035 constan-

2000 4080 2127 4134 tiam
2166 4078 2391 4148 virginis
2416 4077 2765 4141 extollebaul,
2796 4075 2937 4145 quod
2969 4074 3162 4141 impi..s
3186 4071 3261 4140 (7)
3281 4084 3574 4138 proconsu-

2000 4168 2064 4223 lis
2108 4167 2318 4224 oblatas
2359 4170 2575 4238 nuptias
2616 4185 2681 4222 ne
2725 4169 2908 4221 auditu
2971 4166 3187 4235 quidem
3239 4164 3452 4233 dignata
3485 4176 3595 4231 es-g

2000 4270 2115 4326 set;
2153 4263 2383 4331 ideoque
2424 4263 2599 4315 solum
2637 4272 2848 4313 vertere
2896 4258 3170 4327 sapit-nter
3222 4255 3571 4308 decrevisset.

2001 4354 2261 4409 Matrona:
2316 4369 2448 4408 vero
2481 4354 2753 4422 primariae
2793 4350 3065 4412 civitatis,
3104 4348 3300 4415 quibus
3357 4352 3577 4414 propter

334 4439 508 4496 lorum
534 4456 595 4497 ac
618 4441 888 4511 iustorum
913 4447 1151 4502 occurrit
1172 4447 1462 4503 multitudo
1485 4447 1893 4513 exsultantium,
1929 4446 1973 4501 ι)
2004 4447 2322 4513 nobilitatis,
2357 4460 2517 4515 apum
2573 4460 2637 4497 ac
2669 4443 2982 4498 divitiarum
3020 4440 3252 4499 fatuam,
3292 4436 3440 4489 locus
3479 4436 3576 4487 da.

406 4616 607 4678 ‘Joan.
641 4618 877 4686 xut,25.
950 4620 972 4652 '
1012 4618 1155 4675 Psal.
1176 4634 1266 4687 xv,
1297 4620 1350 4675 8.

412 4795 489 4871 (6)
513 4793 780 4871 Videntur
806 4794 1181 4871 Panormitam
1205 4811 1472 4871 asserere,
1511 4797 1904 4871 migrassepri-

339 4867 489 4924 mutu
528 4867 815 4937 Agathatu,
844 4868 1019 4937 adhuc
1047 4867 1391 4933 infantulam,
1423 4883 1543 4921 cum
1588 4867 1902 4935 parentibus

340 4936 609 4993 Pauormo
635 4937 927 5003 (Satanam;
965 4936 1145 5006 ibique
1178 4938 1478 4990 adolevisse
1510 4957 1521 4989 :
1550 4941 1566 5007 (
1594 4938 1906 5007 uudeialioc

340 5010 471 5077 quin
500 5008 896 5077 Catanensibtzs
941 5007 1013 5058 ita
1062 5010 1251 5062 luisset
1287 5019 1432 5068 nota,
1468 5017 1528 5061 ut
1574 5008 1712 5075 apud
1738 5006 1908 5072 Quin-

342 5076 687 5143 tianuutejus
726 5076 1064 5146 nobilitatem
1104 5093 1167 5131 ac
1214 5078 1669 5146 pulebritmliuem
1699 5078 1905 5144 deprae-

338 5148 662 5217 dicarem?)
697 5160 762 5201 ac
786 5146 983 5202 deinde
1016 5144 1345 5203 Panormum
1385 5147 1450 5201 ad
1477 5148 1621 5200 lares
1653 5156 1908 5216 paternos

339 5233 640 5272 reversam.
1600 5226 1613 5234 “

296 5344 303 5349 ,
415 5286 495 5357 (7)
527 5287 804 5357 Nusquam
836 5290 890 5345 in
927 5288 1073 5344 Actis
1101 5287 1328 5352 Latinis,
1363 5298 1421 5341 ut
1450 5287 1707 5349 diximus,
1746 5300 1901 5339 meu-

343 5358 421 5410 tin
464 5372 716 5428 expressa
752 5362 810 5412 lit
854 5359 1026 5428 lugzez
1080 5374 1255 5427 neque
1289 5359 1354 5411 ad
1399 5358 1613 5426 nuptias
1662 5357 1901 5425 expetita

342 5428 541 5480 dicitur
571 5444 599 5479 a
630 5427 945 5495 Quintiano,
978 5430 1068 5496 qui
1105 5443 1326 5481 ruerent
1365 5429 1617 5487 habebat,
1672 5429 1762 5481 sed
1809 5441 1904 5494 po-

343 5496 451 5550 tius
482 5496 550 5550 ad
584 5510 856 5568 stuprum,
895 5517 915 5550 ι
972 5512 1028 5551 ιιι
1060 5499 1148 5567 qui
1186 5507 1305 5553 erat
1348 5500 1414 5552 de
1450 5514 1644 5566 genere
1687 5496 1905 5565 ignobili

346 5575 527 5628 ηειιυει
583 5583 680 5638 per
731 5572 831 5625 boc
866 5578 1185 5637 personaret
1246 5571 1312 5622 ad
1373 5585 1533 5620 aures
1570 5568 1906 5638 "Uigh‘qillit'

348 5643 536 5708 tantus
562 5635 707 5695 esset
731 5658 792 5694 ac
828 5635 969 5705 talis,
1007 5640 1096 5708 qui
1124 5648 1304 5707 posset
1337 5640 1498 5689 etiam
1532 5635 1906 5701 spectabiliuut

359 5706 647 5780 Subjugarc
692 5725 970 5781 personas.
1026 5706 1045 5761 ξ
1091 5706 1315 5763 Exstant
1352 5722 1550 5778 passm:
1598 5710 1735 5776 apud
1771 5710 1908 5760 scri-

1999 4807 2186 4865 plores
2214 4796 2460 4866 exempla
2487 4794 2974 4865 itupnrtunissitnm
3006 4790 3252 4846 libidinis
3285 4797 3576 4866 prmlorttut

2000 4862 2389 4920 Romanorum
2419 4870 2470 4920 in
2520 4862 2933 4933 provincialimu
2987 4866 3120 4916 tilias
3175 4877 3239 4915 ac
3296 4862 3576 4933 conju‘gcs.

2000 4937 2143 5005 Lege
2169 4942 2260 5003 qui
2284 4953 2345 4991 ea
2372 4929 2607 5006 requiris
2632 4974 2649 4997 ,
2673 4937 2814 5003 apud
2844 4934 3173 5006 Ciceronem
3202 4948 3320 5002 qua:
3350 4930 3410 4984 Ο.
3452 4929 3581 5006 Ver-

2006 5002 2105 5060 res
2149 5002 2354 5060 Prmtor
2389 5002 2463 5057 ιη’
2496 5007 2683 5058 eadem
2712 5002 2920 5056 Sicilia
2971 5004 3220 5072 gesserit,
3275 5012 3327 5052 et
3382 5010 3487 5054 act.
3525 5002 3579 5066 5,

2014 5092 2134 5144 qua:
2183 5085 2339 5128 antea
2388 5073 2698 5143 Lampswi,
2752 5073 3071 5127 Sauetmins
3097 5072 3580 5144 existimatQuiuo

2018 5142 2221 5198 tinuum
2254 5142 2606 5212 sibijuugere
2640 5147 2986 5198 matrimonio
3019 5146 3281 5211 Agatbam
3318 5142 3574 5212 Voluisse.

2016 5215 2117 5282 Qui
2151 5214 2314 5282 igitur
2344 5209 2517 5282 putuit
2570 5215 2994 5281 prudentissima
3034 5209 3189 5280 virgo
3216 5227 3308 5281 qu.
3349 5228 3386 5264 ι.
3444 5227 3496 5262 u.
3524 5209 3581 5273 5,

2008 5296 2220 5356 innare,
2257 5294 2314 5356 ut
2341 5284 2462 5356 talis
2499 5296 2644 5338 esset
2676 5300 2811 5337 uxor
2834 5285 3113 5351 Quintiani
3146 5283 3321 5351 qualis
3354 5284 3581 5356 dearsna

2010 5352 2213 5418 Venus,
2246 5355 2290 5407 si
2340 5355 2545 5426 sciebat
2570 5368 2692 5408 eum
2717 5348 2887 5426 virore
2908 5370 3117 5416 carere,
3149 5348 3313 5426 seque
3350 5348 3588 5426 adlegi-

2014 5427 2204 5477 timum
2239 5425 2545 5493 coniugium
2577 5425 2795 5491 exlieti?
2818 5426 2972 5493 Quod
3010 5435 3194 5493 votum
3235 5419 3472 5493 Vtrg'nis
3506 5419 3578 5469 ita

2013 5495 2153 5547 idem
2185 5489 2505 5548 Sattetorius
2537 5489 2759 5562 etpostit
2792 5512 2805 5546 :
2847 5492 2892 5546 Β
2914 5496 3067 5562 δεξιυο
3085 5490 3266 5562 .Iesuut
3303 5489 3583 5542 Christqu

2014 5566 2302 5619 Dominum
2336 5580 2535 5625 meum,
2572 5560 2629 5617 ut
2686 5580 2825 5617 uxor
2876 5560 2963 5614 tua
2998 5560 3017 5627 (
3048 5562 3096 5612 si
3132 5560 3289 5613 lltnro
3352 5564 3589 5613 fortasse

2018 5652 2076 5687 es
2108 5634 2176 5684 all
2206 5634 2383 5703 gntus)
2424 5635 2558 5703 talis,
2579 5633 2819 5687 moribus
2862 5642 2916 5688 et
2954 5630 3121 5701 gloria
3154 5630 3349 5686 evadat
3406 5629 3589 5700 qualis

2018 5701 2264 5759 amorum
2299 5701 2480 5775 regina
2522 5701 2725 5757 Venus.
2766 5719 2787 5753 ι
