3932 6214
346 208 487 277 1279

1374 219 1439 283 S.
1475 216 1857 283 ΜΕΤΗΟΒΙΙ
1897 222 2407 285 PATRIARCHE
2440 224 2553 286 ΟΡ.

3056 162 3080 191 Ι

3488 224 3667 291 1281)

349 332 437 381 tus
472 322 651 379 fuerat
690 338 718 378 a
770 326 1137 393 satellitibus,
1168 328 1233 383 ad
1266 329 1534 401 Agatham
1582 332 1923 390 salutandam
1957 341 2002 399 Α
2033 335 2524 409 Hierosolymitano
2559 338 2758 407 templo
2786 351 2940 404 usus.
2976 336 3164 398 laudes
3211 340 3323 398 Deo
3365 340 3653 400 fundebat

346 415 697 484 accedentes,
724 415 774 470 in
802 418 989 473 osculo
1024 426 1217 474 sancto
1256 434 1374 475 eam
1406 435 1800 493 susceperunt;
1831 428 1927 481 de-

347 518 455 573 que
483 505 658 560 rcditu
695 506 995 575 gratulata‘.‘
1029 507 1272 563 animum
1317 509 1550 579 faciunt,
1584 523 1646 569 ut
1691 516 1928 571 stadium

347 609 506 651 suum
541 595 793 651 conﬁciat
832 597 1034 653 virtute
1085 598 1310 670 dignum
1362 619 1385 657 τ
1413 611 1470 657 et
1502 617 1623 673 qua:
1664 614 1770 659 tam
1809 620 1932 662 con-

348 696 559 745 stanter
577 688 756 755 primo
784 689 1085 745 certamine
1119 693 1399 749 servanda:
1437 693 1648 767 Sponsa
1692 711 1793 753 suo
1824 700 1932 752 vir-

348 780 595 850 ginitatis
616 779 791 836 solum
830 782 1113 854 migrando
1134 787 1401 853 cucurrit,
1431 802 1497 845 ac
1525 788 1779 861 fugiendo
1807 806 1934 862 per-

348 871 478 929 vicit
524 871 773 939 hostem;
807 888 953 929 nunc
1000 876 1054 929 in
1086 876 1263 933 altero
1296 891 1471 949 agone
1502 893 1603 950 pro
1635 883 1755 936 fidei
1806 896 1936 953 pro-

347 961 586 1019 fessione
603 979 776 1034 usque
811 968 877 1022 ad
903 977 1132 1023 mortem
1167 969 1384 1027 fortiter
1405 972 1740 1041 dimicando,
1767 974 1938 1044 Quin-

349 1052 555 1108 tianum
618 1055 890 1121 debellet,
934 1072 998 1113 ac
1062 1059 1343 1117 moriendo
1413 1062 1649 1134 gloriose
1702 1066 1931 1122 'tandem

348 1149 667 1219 triumphet.
697 1150 786 1213 Ilia
816 1163 965 1218 vere,
986 1150 1131 1209 Meas
1153 1153 1382 1225 ,inquit,
1400 1171 1525 1225 spes
1544 1158 1598 1212 in
1625 1158 1744 1213 Deo-
1771 1159 1943 1215 collo-

349 1243 513 1297 cavi:
566 1241 684 1310 ejus
729 1242 859 1297 mihi
923 1241 1095 1299 Filius
1124 1246 1271 1301 vires
1323 1246 1576 1303 sufﬁciet.
1627 1247 1756 1317 Ejus
1794 1250 1937 1306 freta

349 1332 586 1399 auxiliis,
640 1335 855 1406 tyranni
914 1336 1113 1401 minas,
1149 1337 1415 1403 verbera,
1471 1348 1766 1406 tormenta,
1810 1358 1938 1396 cru-

350 1424 544 1488 ciatus,
587 1436 816 1481 mortem
845 1428 1078 1497 denique
1125 1430 1296 1499 ipsam
1349 1428 1742 1487 devincendam
1776 1445 1940 1502 spero

347 1526 511 1588 atque
538 1525 685 1586 opto.

422 1609 511 1664 12.
542 1608 748 1665 Praeses
781 1625 935 1676 vero,
966 1611 1056 1665 ubi
1087 1612 1299 1682 accepit
1328 1612 1607 1683 Agatbam
1640 1613 1708 1668 ad
1742 1613 1936 1670 urbem

2031 442 2095 485 ac
2120 440 2348 501 preces;
2378 429 2577 499 quibus
2603 442 2634 485 a
2669 431 2777 486 Deo
2807 432 3034 495 auditis,
3063 447 3130 489 ex
3153 448 3252 489 ore
3270 436 3438 504 piscis
3468 438 3648 491 vivus

2031 518 2239 589 ejectus
2268 518 2320 572 iu
2369 525 2573 572 terram
2618 518 2832 589 publice
2869 521 3357 578 conciouabumlus
3402 540 3626 594 magna:

2032 609 2271 664 civitatis
2295 608 2459 663 saluti
2481 608 2777 663 consuluit.
2805 607 2885 664 Tu
2913 622 3066 675 vero,
3097 610 3329 677 Agatho,
3363 628 3491 667 vere
3526 611 3653 667 tibi

2035 700 2188 770 virgo
2230 700 2406 766 bona,
2439 700 2576 755 bona
2619 700 2818 770 quippe
2851 702 3054 772 quibus
3087 690 3232 757 tuam
3279 704 3334 759 in
3377 708 3651 763 maximis

2034 792 2295 848 arumnis
2318 794 2679 847 constantiam
2706 794 3079 860 intuentibus,
3109 781 3273 875 atque
3305 799 3647 852 admiranti-

2035 882 2138 938 bus
2184 881 2463 952 specimen
2495 881 2925 937 Christianarum
2971 884 3235 939 virtutum
3288 886 3527 953 dedisti;
3560 889 3642 959 ita

2036 981 2095 1027 ut
2127 986 2304 1041 neque
2334 971 2651 1026 divitiarum
2708 970 3225 1042 pollicitationibus,
3274 989 3456 1045 neque
3504 991 3641 1043 pro—

2035 1063 2232 1133 positis
2260 1062 2585 1118 deliciarum
2616 1061 3075 1127 oblectamentis,
3128 1078 3306 1133 neque
3350 1067 3493 1121 adeo
3527 1078 3643 1121 tor-

2039 1165 2357 1212 mentorum.
2380 1154 2544 1210 minis
2571 1168 2634 1209 ac
2672 1153 2959 1224 periculis,
2980 1170 3157 1225 neque
3175 1172 3304 1212 vero
3330 1158 3643 1227 imperato-

2041 1248 2118 1304 ris
2149 1246 2295 1302 Decii
2333 1245 2556 1301 decreto
2577 1246 2646 1302 de
2692 1245 2993 1304 subeundis
3019 1242 3231 1303 ultimis
3268 1251 3638 1317 cruciatibus,

2041 1337 2301 1395 dimoveri
2332 1337 2575 1407 potueris
2611 1353 2640 1391 a
2702 1337 2987 1408 proposito
3023 1337 3311 1393 servanda:
3340 1339 3642 1410 virginita-

2043 1433 2133 1500 tis,
2162 1432 2395 1503 lldeique
2441 1429 2768 1485 Christiana:
2820 1428 3189 1500 professione.
3237 1431 3373 1487 Eras
3425 1436 3645 1505 quippe

2044 1522 2495 1595 quasi-ﬁrmusin
2525 1521 2714 1592 pelago
2754 1521 3045 1592 scopulus,
3078 1523 3169 1593 qui
3215 1535 3501 1579 ventorum
3534 1525 3641 1579 ﬁa-

2046 1627 2153 1683 tus,
2186 1616 2547 1687 ingruentium
2580 1614 2883 1685 pluviarum
2915 1613 3120 1685 lapsus,
3152 1616 3497 1672 frementium
3526 1635 3641 1674 un-

351 1703 669 1769 adventare,
703 1711 762 1756 ut
795 1702 1483 1773 aliquantisperturbatam
1520 1706 1797 1763 civitatem
1821 1748 1837 1775 ,
1869 1723 1934 1763 ac
1965 1701 2008 1758 Β
2036 1712 2226 1787 durum
2271 1708 2505 1778 impetus
2532 1705 2832 1761 contemnit
2878 1705 3062 1775 potius
3116 1720 3282 1777 quam
3320 1710 3499 1776 timet,
3546 1710 3636 1764 di-

351 1792 655 1862 praesertim
695 1793 909 1850 animos
958 1796 1487 1865 consanguineorum
1536 1800 1823 1865 mulceret,
1880 1801 1934 1856 in

350 1882 691 1950 Aphrodisia:
730 1883 928 1938 nobilis
956 1883 1206 1951 feminae,
1259 1888 1353 1941 sed
1408 1886 1674 1953 famosae,
1713 1887 1937 1943 domum

352 1973 627 2029 divertere
654 1973 827 2041 illam,
853 1983 1016 2045 atque
1047 1976 1605 2033 honoriﬁcentissime
1637 1962 1814 2049 excipi
1844 1979 1938 2049 ju-

350 2062 463 2128 bet,
492 2076 690 2117 cavens
739 2077 806 2117 ne
831 2063 1080 2132 aliquem
1103 2079 1172 2137 ex
1201 2065 1519 2140 propinquis
1539 2066 1656 2135 ejus
1687 2067 1814 2123 illuc
1855 2068 1940 2123 in-

353 2155 563 2211 troduci
594 2165 889 2225 pateretur.
924 2156 1056 2224 Quae
1073 2158 1168 2213 tibi
1195 2172 1348 2214 mens
1374 2159 1541 2215 animi
1572 2171 1702 2217 tunc
1735 2162 1936 2228 inerat,

353 2246 522 2316 Virgo
569 2249 915 2318 integerrima
938 2288 954 2314 ,
996 2265 1123 2305 cum
1158 2258 1210 2306 te
1259 2251 1527 2307 inclusam
1563 2253 1854 2324 spectabas
1885 2255 1940 2310 in

355 2339 449 2394 illo
492 2339 873 2408 Aphrodisias,
916 2354 1220 2409 novemque
1279 2341 1723 2398 muliercularum
1781 2345 1940 2399 matri

355 2446 456 2501 per
482 2447 644 2501 quam
680 2431 981 2497 similium,
1008 2432 1314 2502 prostibqu
1347 2435 1551 2503 potius,
1582 2450 1745 2505 quam
1782 2437 1949 2492 nobi~

357 2523 487 2578 lium
519 2523 746 2580 honesta
770 2523 970 2578 domo?
1021 2523 1289 2592 Quidnam
1323 2526 1793 2597 auimovirginali
1830 2542 1944 2583 me-

358 2615 619 2671 ditabaris
650 2616 702 2669 in
743 2615 965 2671 sordido
990 2616 1081 2671 illo
1107 2615 1682 2672 infamium.Sirenum
1717 2632 1942 2675 caenoso

358 2708 604 2779 lupanari
655 2709 857 2775 verius,
884 2725 1059 2780 quam
1094 2717 1326 2777 remoto,
1365 2710 1635 2782 dignoque
1674 2711 1941 2782 virginum

359 2801 652 2873 gynaeceo?
678 2800 795 2857 Non
832 2817 1028 2858 vereor
1051 2841 1067 2868 ,
1101 2817 1170 2857 ne
1226 2816 1336 2856 non
1395 2811 1451 2857 tu
1488 2804 1747 2860 honestas
1783 2818 1944 2860 aures

359 2892 608 2965 profanis
662 2894 878 2949 illarum
937 2894 1361 2950 incantamentis
1409 2896 1787 2965 obturaveris,
1847 2898 1944 2953 sed

359 2987 504 3041 scire
531 3000 664 3040 sane
685 2970 880 3055 gestio,
912 2986 958 3040 si
995 2986 1079 3040 fas
1108 2993 1291 3051 esset,
1344 2985 1397 3040 in
1445 2998 1707 3055 quasnam
1761 3002 1941 3043 rerum

2037 1801 2363 1872 stringitque
2390 1797 2605 1862 fortius,
2636 1811 2797 1867 quam
2825 1794 2933 1851 illis
2963 1798 3128 1852 cedit.
3226 1826 3233 1831 ι

2111 1892 2200 1949 η.
2237 1892 2382 1959 Quas
2403 1889 2622 1959 quidem
2665 1887 2892 1960 Agatha:
2923 1886 3155 1944 virtutes
3188 1903 3314 1945 cum
3348 1898 3496 1944 esset
3533 1889 3635 1944 ad-

2041 1985 2247 2040 mirata.
2287 1982 2464 2037 omnis
2522 1980 2612 2034 illa
2678 1978 3120 2035 muliercularum
3187 1979 3496 2047 colluvies,
3556 1981 3647 2035 ad;

2040 2074 2390 2143 Quintianum
2428 2070 2606 2141 pergit
2638 2060 2984 2141 Aphrodisia,
3043 2071 3366 2140 nuntiatque
3408 2086 3535 2127 sese
3565 2086 3634 2127 ac

2042 2167 2181 2223 ﬁlias
2212 2179 2432 2235 operam
2457 2162 2790 2233 perdidisse;
2828 2161 3151 2233 faciliusque
3169 2160 3367 2217 Etnea
3404 2178 3538 2218 saxa
3575 2164 3635 2219 in

2042 2272 2219 2314 ceram
2251 2254 2532 2318 converti,
2561 2267 2723 2322 quam
2753 2253 2979 2322 Agathte
3026 2268 3123 2308 cor
3169 2254 3222 2307 in
3259 2253 3638 2309 obstinatione

2042 2348 2441 2406 conservanda
2464 2344 2684 2401 Christo
2718 2344 3048 2413 virginitatis
3088 2344 3420 2399 obduratum
3456 2345 3638 2399 cuto!-

2042 2441 2130 2496 liri
2159 2437 2555 2510 aliquantulum
2599 2450 2779 2514 posse.
2825 2434 2962 2490 Tum
3023 2434 3114 2490 ille
3162 2436 3230 2493 ad
3277 2451 3436 2491 suum
3473 2436 3637 2492 citari

2044 2534 2314 2604 virginem
2358 2530 2596 2586 tribunal
2627 2529 2814 2600 jubet;
2840 2529 2933 2599 qui
2992 2539 3344 2585 renascentes
3389 2530 3642 2599 pristina:

2042 2624 2356 2697 cupiditatis
2384 2623 2587 2692 iraeque
2610 2621 2855 2676 flammas
2888 2636 3013 2676 cum
3044 2619 3134 2675 diu
3173 2635 3271 2691 per
3300 2630 3479 2677 astum
3512 2636 3645 2692 sup-

2044 2715 2353 2787 pressisset,
2394 2713 2575 2767 Atjtnae
2608 2711 2824 2775 similis,
2864 2725 3027 2780 quem
3064 2725 3171 2765 non
3207 2725 3419 2781 semper
3440 2712 3637 2780 ignem

2043 2811 2111 2865 ab
2136 2806 2420 2864 horrendis
2453 2804 2694 2859 faucibus
2728 2803 2992 2872 ‘ejaculari
3036 2801 3237 2869 ferunt,
3260 2802 3353 2858 sed
3388 2804 3641 2873 quibus-

2044 2900 2169 2955 dam
2219 2895 2519 2966 interjectis
2577 2905 2883 2963 temporum
2940 2891 3243 2947 intervallis
3309 2892 3649 2949 ebullientcs

2048 2992 2192 3046 intus
2220 2988 2473 3044 ﬂammas
2503 2987 2596 3042 ubi
2628 2986 2925 3050 continuit,
2958 2985 3213 3054 protinus
3247 2984 3482 3053 majores
3509 2982 3645 3041 evel

361 3077 663 3132 divinarum
698 3076 1079 3133 meditationes
1111 3078 1256 3147 ipsos
1302 3079 1527 3149 triginta
1570 3078 1688 3134 dies
1714 3088 1932 3133 noctes-
1973 3071 2017 3130 ϐ
2050 3080 2372 3150 mitignitos
2413 3077 2627 3143 fluvios,
2664 3072 2962 3147 globosque
3010 3076 3332 3146 ejaculatur.
3379 3075 3468 3141 Et,
3509 3077 3650 3132 Scio

361 3181 471 3238 quo
532 3165 935 3222 sanctissimam
1005 3177 1244 3224 mentem
1299 3178 1445 3224 tuam
1507 3167 1785 3225 deﬁxeris.
1839 3166 1949 3223 Sed

360 3260 617 3331 quoniam
644 3261 780 3328 haec,
799 3259 1003 3329 quibus
1038 3260 1175 3315 nihil
1204 3260 1460 3316 arcanius
1493 3271 1618 3313 esse
1640 3260 1822 3326 debet,
1852 3270 1952 3314 nos

362 3353 623 3410 mortales
648 3354 716 3407 de
749 3361 801 3408 te
838 3353 894 3407 in
918 3353 1058 3408 ccelo
1082 3352 1314 3423 degente
1349 3353 1540 3409 audire
1566 3362 1683 3407 ‘non
1716 3352 1865 3416 licet,
1886 3351 1954 3405 li-

363 3454 483 3501 ceat
513 3446 644 3500 mihi
692 3452 841 3501 certe
890 3461 1056 3513 nunc,
1097 3445 1306 3501 sanctis
1352 3445 1488 3501 viris
1520 3444 1613 3515 qui
1660 3445 1715 3499 in
1763 3442 1953 3515 hujus-
1992 3476 1995 3477 ν

365 3539 509 3593 modi
549 3538 890 3594 calamitates
920 3538 1250 3598 inciderunt.
1307 3545 1358 3594 te
1407 3552 1751 3609 comparare.

436 3651 525 3705 15.
579 3649 717 3717 Quid
761 3650 961 3705 etenim
999 3659 1048 3706 te
1075 3650 1351 3721 Virginem
1401 3649 1801 3705 sanctissimam
1850 3648 1954 3702 Da-

364 3741 474 3795 vidi
499 3755 660 3810 quam
689 3740 1305 3810 simillimamjudicem,
1337 3740 1430 3810 qui
1458 3740 1641 3797 Saulis
1673 3741 1820 3810 regis
1869 3739 1954 3795 fu-

366 3846 545 3888 rorem
578 3830 857 3886 decliuans
892 3833 944 3886 in
979 3829 1217 3886 ferarum
1251 3833 1524 3901 speluncis
1554 3818 1806 3894 latitabat
1838 3832 1955 3902 qui-

367 3924 490 3979 dem
519 3964 534 3988 ,
573 3923 666 3977 sed
696 3922 893 3978 ibidem
925 3937 1049 3978 cum
1081 3922 1190 3977 Deo
1215 3923 1535 3992 colloquens
1557 3963 1572 3989 ,
1607 3918 1748 3979 sicut
1776 3924 1829 3977 in
1860 3938 1959 3977 au-

367 4025 525 4086 gusto
557 4023 611 4069 et
648 4014 900 4084 religioso
942 4014 1143 4085 templo
1183 4004 1310 4072 ante
1339 4015 1576 4071 divinam
1628 4031 1777 4070 aram
1824 4030 1950 4086 pro-

368 4116 571 4163 stratus
601 4107 704 4162 sibi
722 4121 844 4163 esse
867 4107 1150 4162 videbatur
1177 4125 1192 4170 ;
1225 4100 1313 4163 ubi
1342 4122 1533 4177 preces
1564 4106 1946 4178 lacrymasque

367 4202 648 4266 fundebat,
679 4200 768 4257 ubi
797 4200 1039 4257 divinum
1087 4201 1418 4270 implorabat
1450 4201 1735 4265 auxilium,
1768 4200 1856 4255 ubi
1891 4213 1952 4255 se

367 4308 433 4350 ac
453 4294 626 4348 vitam
659 4309 813 4348 suam
847 4309 944 4363 pro
972 4294 1189 4347 victima
1225 4295 1334 4348 Deo
1377 4291 1661 4349 offerebat.
1711 4293 1789 4347 Tu
1821 4306 1951 4348 vero

366 4388 420 4443 in
451 4387 861 4459 Aphrodisize...
893 4388 1010 4444 haec
1047 4388 1262 4459 aliaque
1296 4389 1466 4444 multo
1489 4387 1679 4457 majori
1710 4404 1829 4443 cum
1857 4403 1949 4443 ar-
1980 4421 2031 4481 υ

365 4479 500 4534 dore
533 4479 751 4535 Christo
780 4479 1048 4542 obtulisti,
1079 4484 1170 4550 qui
1204 4488 1259 4534 te
1301 4494 1330 4533 a
1368 4480 1475 4534 tuis
1505 4479 1795 4536 desideriis
1833 4494 1941 4535 non

366 4570 657 4626 fraudavit.
688 4571 830 4638 Quin
857 4572 1020 4627 etiam
1055 4571 1252 4627 ibidem
1309 4571 1638 4639 mancipata,
1674 4571 1850 4624 virum
1888 4570 1953 4624 il-

367 4665 476 4719 lum
494 4664 882 4720 desideriorum
914 4663 1188 4720 Danielem
1214 4663 1543 4730 imitabaris,
1568 4663 1664 4733 qui
1695 4662 1748 4717 in
1779 4661 1955 4719 fetido

366 4757 583 4813 leonum
611 4757 730 4813 lacu
761 4747 1091 4815 odoriferum
1126 4756 1394 4832 orationis
1416 4755 1712 4828 thymiama
1736 4770 1953 4811 summo

367 4849 585 4904 Numini
619 4850 977 4917 incendebat;
1009 4849 1314 4921 meruitque
1350 4849 1568 4904 tandem
1601 4848 1833 4918 septimo
1862 4847 1950 4902 die

367 4958 398 4996 a
432 4940 632 5013 jejunis
683 4950 890 5011 septem
945 4942 1159 4998 leonum
1200 4941 1450 4998 faucibus
1496 4939 1786 5005 incolumis
1826 4953 1955 4994 eva-

370 5037 519 5091 dere.
551 5028 630 5088 Tu
658 5047 787 5088 vero
811 5049 933 5088 cum
976 5033 1121 5103 ipsos
1152 5033 1374 5104 triginta
1402 5033 1544 5097 dies,
1580 5033 1734 5103 virgo
1766 5031 1954 5100 puris-

370 5127 529 5190 sima,
572 5126 835 5182 adversus
868 5125 1057 5181 decem
1082 5126 1280 5182 leaenas
1309 5128 1362 5181 iu
1393 5127 1696 5182 domestico
1740 5125 1860 5179 lacu
1901 5124 1955 5177 in

370 5217 786 5291 servanda'.l)eo
814 5217 1124 5287 virginitate
1179 5220 1552 5283 decertasses,
1611 5218 1780 5272 multo
1819 5217 1960 5273 inte-

370 5314 776 5386 griorcvadere
829 5312 1096 5368 meruisti.
1140 5308 1323 5381 Neque
1361 5310 1775 5373 obliviscebaris
1806 5307 1958 5364 Iona:

371 5408 462 5477 qui
489 5408 540 5462 in
568 5410 827 5479 abyssum
862 5405 1123 5476 dejectus,
1160 5405 1276 5476 ipso
1305 5403 1468 5476 piscis
1487 5414 1675 5459 ventre
1701 5413 1957 5473 tanquam

445 5581 519 5647 (8)
703 5586 958 5641 nimirum
991 5584 1131 5653 apud
1162 5560 1373 5638 Annam
1433 5578 1755 5637 Pontiﬁccm
1791 5597 1809 5630 ‹
1851 5592 1992 5631 unus

455 5665 540 5702 ιιι.
648 5692 660 5702 .

380 5665 540 5720 mn,
571 5665 660 5705 az.

2053 3172 2325 3243 equidem,
2370 3170 2578 3239 inquit,
2626 3177 2679 3222 te
2708 3182 2776 3222 ex
2833 3167 3001 3221 nobili
3039 3167 3403 3237 Opulentoqne
3438 3183 3649 3240 genere

2051 3276 2226 3320 ortam
2257 3277 2409 3330 esse;
2468 3254 2653 3330 tuique
2685 3260 2971 3328 sanguinis
3026 3259 3378 3329 splendorem
3420 3262 3647 3331 cognati

2052 3358 2156 3421 tui,
2181 3371 2411 3426 quorum
2436 3368 2597 3425 opera
2628 3353 2923 3422 iit-magnis
2954 3352 3166 3421 imperii
3204 3352 3364 3408 rebus
3408 3369 3519 3407 non
3554 3369 3648 3407 se-

2052 3450 2159 3504 mel
2200 3437 2329 3503 usus
2360 3444 2501 3509 sum,
2529 3453 2793 3500 testantur
2821 3460 2834 3497 :
2866 3443 2995 3512 quid
3029 3443 3192 3514 igitur
3218 3460 3397 3499 causa:
3425 3453 3547 3509 est,
3588 3455 3648 3499 ut

2052 3532 2375 3612 posthabitis
2427 3536 2627 3593 nostris
2653 3536 2755 3590 diis
2787 3534 3047 3589 humilem
3079 3534 3525 3589 Christianorum
3560 3539 3643 3586 vi-

2053 3644 2162 3688 tam
2213 3630 2527 3685 ancillarum
2589 3628 2642 3682 in
2694 3642 2921 3692 morem,
2971 3628 3025 3681 in
3072 3627 3307 3683 obscuro
3367 3628 3544 3696 agas?
3578 3627 3648 3682 Et

2051 3723 2141 3779 illa
2167 3741 2181 3778 :
2213 3721 2378 3777 Recte
2396 3735 2481 3775 me
2510 3717 2764 3773 ancillam
2787 3726 3036 3771 autumas
3061 3733 3077 3782 ;
3106 3732 3227 3771 sum
3253 3720 3400 3772 cnim
3432 3717 3647 3774 Christi

2052 3813 2147 3869 Dei
2184 3812 2285 3866 mei
2316 3810 2531 3872 ancilla,
2554 3808 2641 3863 cui
2671 3822 2859 3863 omnes
2879 3815 3077 3862 creata:
3114 3821 3221 3871 res,
3245 3809 3417 3862 velint
3447 3809 3645 3871 nolint,

2053 3903 2402 3959 famulantur.
2446 3901 2642 3956 Verum
2678 3902 2791 3953 haec
2810 3899 3054 3953 conditio
3089 3913 3195 3953 nou
3230 3899 3529 3969 ingenitam
3566 3900 3651 3954 fa-

2054 3995 2219 4050 milia:
2251 4008 2384 4047 metu
2419 3991 2758 4046 nobilitatem
2790 3988 3073 4053 obscurat,
3134 3990 3230 4045 sed
3270 3990 3651 4051 illustratma-

2052 4088 2136 4159 gis
2165 4104 2182 4141 :
2220 4099 2398 4155 neque
2422 4098 2521 4153 ego
2562 4097 2647 4137 me
2701 4080 2933 4136 nobilem
2968 4092 3132 4150 atque
3177 4081 3471 4152 ingenuam
3505 4097 3650 4153 pra:-

2053 4181 2318 4243 dicarem,
2349 4178 2393 4232 si
2424 4192 2540 4231 non
2580 4175 2743 4231 unico
2769 4188 3011 4243 veroque
3035 4168 3170 4243 Deo,
3196 4172 3424 4242 ejusque
3454 4175 3654 4243 unige-

2050 4273 2168 4328 nito
2201 4271 2359 4335 Filio,
2402 4277 2551 4324 caste
2586 4266 2783 4338 pieque
2809 4267 3112 4325 servirem;
3151 4265 3246 4319 sed
3278 4266 3428 4319 vitiis
3463 4281 3528 4321 ac
3555 4282 3653 4321 vo-

2055 4362 2351 4433 luptatibus
2377 4361 2520 4426 vita},
2542 4359 2754 4429 diisque
2778 4358 2999 4423 vestris,
3032 4370 3136 4411 non
3164 4368 3292 4411 vere
3320 4354 3447 4423 diis,
3468 4371 3655 4413 essent

2056 4455 2316 4512 obnoxia.

2133 4567 2220 4621 f5.
2258 4566 2384 4621 Haec
2417 4564 2553 4620 satis
2599 4562 2868 4634 intrepide
2899 4563 3042 4634 apud
3095 4548 3385 4634 prtesidem
3417 4562 3657 4633 Agatba:

2062 4659 2379 4730 alloqucnti,
2415 4658 2663 4727 protinus
2708 4656 2928 4713 satelles
2958 4671 3121 4710 manu
3161 4655 3429 4724 sacrilega
3482 4655 3541 4709 in
3572 4653 3654 4708 fa.

2062 4754 2202 4809 ciem
2238 4752 2525 4820 colaphum
2561 4750 2833 4821 impingit,
2852 4758 2914 4804 ut
2940 4749 3093 4820 virgo
3121 4748 3326 4804 Christi
3349 4761 3483 4805 vere
3511 4749 3650 4802 bona

2056 4845 2321 4915 discipula
2356 4844 2482 4899 boni
2507 4842 2787 4914 Magistri,
2807 4841 3081 4899 similibus
3110 4841 3281 4896 initiis
3314 4839 3647 4912 martyrium

2054 4936 2706 5009 imitaretur,sponsoque
2730 4949 2834 4991 suo
2865 4948 3068 5005 sponsa
3096 4933 3174 5004 (8)
3200 4931 3396 5005 similis
3424 4942 3655 5002 appare-

2053 5042 2158 5086 ret.
2195 5030 2241 5086 0
2271 5045 2431 5107 quam
2462 5029 2602 5085 belle
2630 5029 3037 5098 purpurissatas
3087 5037 3216 5081 tunc
3261 5024 3459 5079 dilecta
3498 5025 3659 5091 virgo

2065 5140 2232 5196 genas
2279 5123 2479 5179 dilecto
2513 5137 2614 5178 suo
2646 5119 2990 5177 ostentabat!
3029 5132 3193 5188 quam
3241 5116 3330 5187 pie
3399 5115 3658 5185 virginali

2066 5217 2264 5271 rubore
2297 5230 2360 5269 ac
2379 5215 2575 5270 decoro
2607 5212 2776 5267 livore
2815 5221 3069 5267 ornatum
3101 5207 3307 5263 vultmn
3346 5208 3401 5262 in
3452 5208 3661 5263 cmlum

2065 5307 2380 5375 extollebat,
2413 5306 2712 5375 oculosque
2740 5302 2995 5375 lat-rymis
3025 5316 3330 5372 crooreque
3367 5314 3658 5370 respersos

2068 5402 2131 5456 ad
2156 5400 2432 5456 Christum
2459 5398 2745 5470 dirigebat,
2777 5406 2837 5452 ut
2880 5395 3074 5452 iisdem
3108 5394 3242 5465 ipsis
3275 5404 3507 5465 pr0pter
3539 5392 3663 5461 ejus

2068 5568 2333 5631 aSsistens
2404 5574 2780 5631 ministrorum
2863 5572 3012 5628 dedit
3094 5570 3433 5641 alapam”)
3499 5565 3663 5624 Joan.
