3932 6214
287 283 420 349 ῙΞΒΙ

1429 269 1711 351 ORATIO
1749 289 1832 352 IN
1872 291 1932 352 s.
1973 291 2360 352 AGATHAM.

3399 294 3536 362 1282

287 411 532 454 amorem
551 399 848 461 vulneratis
867 402 1104 460 divinum
1133 408 1317 472 pectus
1338 397 1871 468 vulneraret,Spon-
1899 405 1944 460 Α
1975 399 2184 454 laudem
2215 411 2267 456 et
2293 404 2550 457 honorem
2581 400 2814 458 nominis
2853 401 2954 468 tui,
2995 411 3049 458 et
3092 402 3144 458 in
3175 401 3400 472 gloriam
3427 405 3532 462 Ec-

285 488 443 558 sique
466 503 563 546 cor
591 493 910 550 transfixum
941 493 1009 548 ad
1031 491 1296 562 majorem‘
1321 489 1404 546 sui
1433 502 1673 545 amorem
1698 489 1864 544 illice-

283 590 372 636 ret
399 593 566 652 atque
585 584 962 641 inflammaret.

359 672 449 728 16.
485 671 615 729 Post
647 676 812 747 igitur
829 674 1160 744 multiplices
1190 672 1490 727 intentatas
1519 669 1744 741 Agatha:
1764 667 1864 724 mi-

291 776 410 830 nas,
437 763 506 818 ad
559 765 907 820 tenebrosum
961 764 1175 820 detrudi
1220 775 1500 818 carcerem
1550 775 1670 816 eam
1713 757 1867 830 jubet

291 851 638 918 Quintianus.
661 853 930 924 Pergebat
952 868 1079 909 vero
1107 853 1194 907 illa
1227 865 1422 924 magno
1447 851 1612 906 animi
1645 849 1862 921 gaudio,

289 941 780 1013 vultusquelintitia
807 959 824 1010 ;
847 952 903 999 et
938 942 1089 1013 quasi
1121 943 1188 997 ad
1213 941 1450 1013 nuptiale
1475 939 1691 1011 epulum
1721 938 1863 993 invi-

301 1041 436 1096 tata,
470 1011 537 1087 ad
581 1031 916 1102 ergastulum
956 1011 1116 1086 humi
1167 1011 1481 1100 depressum
1531 1029 1858 1087 maturabat.

291 1123 412 1189 Quo
455 1115 581 1177 dum
610 1123 756 1181 illam
801 1122 1066 1179 satellites
1107 1137 1302 1192 magno
1331 1121 1532 1191 impetu
1577 1121 1863 1178 detrudere

288 1213 648 1280 conabantur,
712 1215 972 1270 divinitus
1022 1211 1224 1270 factum
1255 1221 1370 1278 est,
1406 1221 1466 1266 ut
1505 1211 1672 1268 durus
1725 1212 1863 1283 lapis

289 1303 516 1372 virginis
574 1304 804 1374 pedibus
849 1303 1003 1374 quasi
1053 1303 1469 1358 venerabundus
1510 1303 1748 1368 cederet,
1798 1318 1861 1358 ac

281 1394 618 1454 immobilem
665 1403 908 1461 servaret
947 1394 1256 1465 Agatham:
1302 1393 1453 1461 cujus
1487 1393 1708 1464 vestigia
1759 1393 1862 1463 ibi-

285 1487 732 1554 demimpressa
781 1499 981 1555 magna
1033 1499 1156 1539 cum
1210 1483 1486 1554 religionis
1513 1475 1858 1539 observantia

285 1589 476 1630 omnes
509 1574 766 1630 murtales
797 1579 1161 1638 venerantur;
1214 1582 1272 1628 ut
1300 1587 1396 1642 per
1423 1573 1530 1628 hoc
1558 1573 1721 1628 etiam
1757 1575 1858 1628 inl-

281 1665 527 1720 muium
559 1665 808 1720 Christus
855 1663 956 1720 sibi
984 1665 1060 1735 (9)
1095 1649 1148 1718 in
1180 1663 1375 1718 caelum
1403 1662 1645 1718 hilariter
1669 1677 1858 1718 ascen-

287 1759 454 1824 denti,
482 1771 592 1812 aca
621 1757 781 1812 terris
805 1755 1464 1827 triumphauti,Agatham
1498 1753 1728 1810 similem
1764 1741 1930 1816 (ιθ-,Β

280 1848 558 1914 clararet,
607 1847 824 1904 etiamsi
868 1849 924 1904 in
976 1861 1252 1903 carcerem
1281 1895 1286 1898 .
1313 1845 1408 1901 illa
1469 1845 1850 1901 descenderet:

275 1942 486 2010 quippe
510 1955 630 2008 qua:
661 1939 784 1994 illuc
811 1937 1044 2008 gloriose
1075 1937 1390 2000 incedendo,
1424 1936 1490 1992 de
1531 1936 1854 2005 Aphrodisia

278 2033 498 2087 devicta
533 2031 877 2086 laetissimum
926 2029 1254 2099 triumphum
1291 2026 1499 2098 angelis
1532 2036 1589 2082 et
1629 2026 1858 2082 homini-

284 2130 386 2180 bIIs
423 2139 586 2195 agere
607 2125 906 2180 videbatur.

359 2217 448 2270 l7.
478 2217 640 2288 Virgo
663 2217 826 2286 igitur
845 2213 1030 2270 volens
1057 2227 1122 2268 ac
1163 2212 1353 2268 lubens
1383 2211 1439 2266 in
1461 2225 1740 2268 carcerem
1773 2211 1855 2266 in-

275 2308 562 2362 cluditur:
601 2306 688 2360 ubi
725 2313 935 2359 noctem
981 2303 1278 2358 insomnem
1307 2314 1495 2370 agens,
1549 2299 1856 2354 divinarum

281 2415 464 2454 rerum
497 2395 938 2468 contemplationi
971 2409 1094 2450 cum
1125 2392 1379 2464 lacrymis
1409 2405 1628 2462 operam
1660 2398 1854 2459 navat;

285 2505 452 2559 utque
507 2489 612 2544 sibi
675 2487 924 2543 caelestes
977 2486 1032 2540 in
1089 2499 1263 2555 agone
1313 2485 1652 2540 cruciatuum
1712 2483 1856 2539 vires

278 2578 537 2632 Christus
597 2575 856 2642 sufficiat,
910 2583 1183 2645 precatur.
1236 2569 1336 2628 Vix
1395 2572 1858 2640 illuxerat,'cum

280 2669 484 2722 iterum
541 2667 606 2722 ad
657 2664 892 2721 tribunal
934 2664 1212 2732 Quintiani
1270 2667 1426 2736 virgo
1469 2665 1724 2720 sistitur':
1763 2663 1855 2720 ubi

281 2778 408 2818 cum
441 2759 702 2816 audacter
723 2775 820 2830 pro
845 2758 1049 2814 Christi
1085 2759 1190 2815 fide
1217 2773 1284 2815 ac
1316 2757 1626 2830 virginitate
1657 2759 1852 2812 tuenda

287 2869 348 2909 se
369 2854 504 2908 mori
535 2851 693 2906 malle
725 2849 971 2922 professa
999 2861 1165 2916 esset,
1189 2849 1450 2906 continuo
1477 2849 1725 2904 manibus
1757 2861 1852 2919 pe.

275 2943 552 3012 'dibusq'uc
589 2940 892 3012 colligatis,
911 2941 964 2995 in
997 2934 1298 3010 praeparato
1325 2941 1650 2996 distenditur
1679 2953 1852 3010 equus-

288 3035 375 3090 leo
409 3051 425 3089 :
459 3034 820 3103 expediuntur
869 3032 1043 3098 faces,
1079 3031 1308 3102 flagellis
1348 3032 1610 3102 virginale
1656 3046 1854 3102 corpus

285 3127 609 3182 obttinditur
631 3142 648 3191 ;
669 3123 864 3179 deinde
893 3123 1086 3180 ferreis
1109 3124 1324 3192 ungulis
1340 3137 1405 3178 ac
1429 3123 1665 3179 tldiculis
1687 3123 1853 3179 latera

288 3201 616 3276 sulcantur:
668 3225 782 3271 tum
831 3214 1193 3271 candentibus
1251 3216 1553 3270 aduruntur
1601 3216 1853 3282 laminis';

286 3310 504 3366 demum
523 3309 612 3362 vix
637 3318 810 3364 enata:
841 3313 1162 3376 torquentur
1190 3319 1458 3372 mammae,
1491 3313 1546 3360 et
1567 3305 1858 3361 crudeliter

287 3400 640 3458 denticulatis
676 3399 968 3469 forcipibus
1019 3397 1406 3467 discerpuntur
1442 3412 1457 3452 :
1494 3397 1550 3452 in
1580 3411 1688 3468 quo
1733 3412 1856 3453 cru-

283 3491 435 3548 ciatu
461 3490 802 3564 magnanima
838 3489 994 3560 virgo
1017 3487 1338 3545 insolentem
1377 3488 1636 3544 saevitiam
1663 3501 1858 3557 expro-

284 3583 410 3640 brat
441 3583 778 3650 Quintiano:
838 3580 1164 3646 Enimvero,
1215 3580 1502 3650 inquiens,
1561 3580 1759 3656 impius
1802 3590 1859 3636 et

283 3675 521 3730 crudelis
571 3689 653 3740 es,
706 3683 914 3728 natura:
945 3673 1120 3730 hostis
1171 3673 1448 3740 humanae;
1501 3673 1698 3744 quippe
1745 3688 1854 3730 non

281 3766 562 3822 erubescis
597 3765 866 3820 mamillas
916 3765 1131 3822 saeviter
1179 3765 1444 3834 amputari
1483 3765 1538 3819 in
1601 3765 1808 3834 virgine
1839 3805 1855 3832 ,

279 3871 421 3927 quas
444 3855 626 3910 infans
653 3854 848 3910 blande
877 3853 929 3908 in
963 3852 1136 3909 matre
1161 3853 1376 3908 suxisti.
1409 3853 1516 3908 Sed
1546 3867 1856 3924 quanquam

285 3948 454 4002 hasce
488 3949 722 4002 caducas
781 3945 1110 4015 praeidisti,
1171 3945 1586 4014 haudquaquam
1634 3945 1856 4011 alteras,

283 4051 424 4106 quas
449 4037 756 4092 reconditas
789 4037 842 4091 in
875 4035 1088 4104 anima,
1129 4035 1196 4091 ab
1224 4035 1454 4090 infantia
1483 4035 1701 4100 Christo,
1735 4051 1857 4094 meo

283 4135 630 4184 consecratas
650 4139 827 4194 servo,
863 4127 1065 4197 poteris
1081 4127 1333 4183 avellere.

357 4217 447 4274 18.
507 4218 810 4273 Excanduit
838 4217 1184 4287 Quintianus,
1218 4218 1312 4274 ubi
1367 4232 1475 4276 non
1510 4220 1687 4278 adhuc
1721 4235 1856 4279 con-

283 4319 538 4368 stet-natae
575 4310 766 4380 puellae
821 4309 1138 4380 intrepidus.
1160 4320 1324 4366 voces
1354 4325 1422 4367 ex
1443 4310 1586 4367 virili
1639 4323 1856 4382 pectore

1964 488 2146 543 clesiie
2191 499 2316 544 tuae.
2364 489 2429 544 Et
2461 505 2590 546 ecce
2621 491 2722 546 sub
2776 490 2966 547 media:
2999 491 3176 547 nouis
3203 537 3205 541 .
3233 491 3532 560 silentium,

1963 575 2108 631 inter
2155 577 2274 633 illas
2315 577 2532 634 obscuri
2587 579 2828 636 carceris
2884 581 3173 646 tenebras,
3226 582 3533 636 veneranda

1963 666 2146 736 specie
2169 669 2384 737 quidam
2417 683 2584 725 senex
2610 670 2790 741 (quem
2822 685 2956 740 puer
2973 671 3217 742 praeibat,
3249 670 3533 743 lucemque

1963 755 2314 828 prafercbat)
2342 758 2540 830 illeque
2559 775 2619 816 se
2639 761 2966 831 chirurgiam
2989 760 3189 816 callere
3209 760 3531 827 affirmabat,

1963 858 2026 901 ac
2076 847 2429 916 pollicebatur
2497 848 2714 905 avulsas
2779 849 3046 904 mamillas
3111 850 3290 905 curari
3353 863 3529 919 posse.

1963 935 2098 990 Tum
2131 938 2256 992 illa:
2291 939 2682 1000 Medicamenta
2713 940 3312 1009 equidem,venerande
3341 952 3528 1008 senex,

1961 1028 2173 1096 corpori
2207 1043 2326 1084 meo
2353 1043 2624 1099 nunquam
2649 1029 2867 1085 exhibui
2889 1047 2905 1098 ;
2929 1031 3026 1086 sed
3052 1030 3222 1084 habeo
3245 1028 3528 1084 Dominum

1963 1132 2139 1172 meum
2165 1117 2348 1174 Jesum
2385 1119 2682 1187 Christum,
2716 1121 2806 1191 qui
2830 1123 2988 1177 nnieo
3019 1133 3178 1189 nutu,
3206 1122 3252 1175 si
3280 1121 3526 1186 voluerit,

1961 1222 2048 1262 me
2094 1210 2332 1266 curabit.
2392 1211 2460 1266 Et
2511 1225 2632 1282 ego,
2669 1213 2840 1283 inquit
2881 1227 3068 1278 senex,
3110 1212 3384 1286 apostolus
3413 1212 3529 1282 ejus

1961 1313 2079 1354 sum
2107 1311 2197 1367 ;et
2223 1300 2277 1355 in
2295 1303 2516 1356 nomine
2540 1301 2656 1370 ejus
2692 1306 2812 1358 veni
2838 1313 2894 1358 ut
2923 1315 3107 1360 curata
3141 1301 3252 1360 sis.’
3507 1300 3512 1306 ’

2037 1389 2124 1445 l9.
2157 1390 2266 1447 Sed
2297 1392 2426 1461 quid
2444 1408 2546 1464 ego
2575 1395 2629 1450 in
2665 1395 2767 1466 hoc
2795 1395 3072 1465 ergastulo
3094 1409 3300 1450 moram
3333 1393 3536 1450 traho?

1957 1479 2176 1536 Jamdiu
2227 1482 2358 1538 illud
2395 1484 2698 1542 Catanense
2732 1488 3006 1541 theatrum
3041 1487 3154 1542 suis
3187 1485 3342 1540 elatis
3369 1485 3524 1540 llam-

1960 1571 2064 1626 mis
2097 1585 2203 1637 me,
2225 1586 2428 1642 vosque
2454 1589 2644 1631 omnes
2687 1575 2934 1644 advocat,
2959 1578 3257 1646 animisque
3287 1587 3526 1646 prasen~

1961 1661 2104 1718 tibus
2129 1664 2438 1733 spectaculo
2465 1665 2662 1720 ibidem
2683 1666 2990 1722 exhibendo
3012 1682 3111 1722 nos
3139 1677 3318 1723 astare
3349 1667 3524 1736 jubet,

1957 1754 2046 1809 ubi
2075 1769 2238 1826 super
2261 1755 2598 1813 fiammautes
2623 1757 2906 1824 carbones,
2955 1757 3230 1828 ignitaque
3263 1769 3532 1814 testarum

1956 1845 2258 1916 fragmenta
2299 1850 2652 1928 tenerrimam
2685 1849 2913 1920 virginis
2963 1865 3160 1918 corpus
3205 1850 3522 1906 collocatur.

1955 1936 2130 2008 Atque
2152 1952 2297 1992 nunc
2322 1940 2438 1994 haec
2454 1940 2635 1996 lectuli
2666 1943 2875 2012 species
2901 1937 2990 1998 illa
3009 1943 3140 1998 mihi
3156 1943 3368 1998 videtur
3383 1957 3526 2008 esse,

1955 2039 2117 2096 quam
2141 2025 2384 2096 Sponsus
2403 2029 2425 2061 ⁸
2445 2029 2820 2090 describensa
2849 2031 3074 2088 ﬂoribus
3103 2034 3529 2102 commendavit,

1955 2116 2044 2170 cui
2071 2130 2175 2172 nec
2202 2117 2481 2187 purpurea:
2509 2132 2645 2173 rosa:
2681 2119 2876 2174 desunt
2907 2121 3192 2176 candentis
3225 2121 3389 2192 ignis,
3425 2136 3525 2177 nec

1956 2195 2399 2296 lilia‘corporis‘
2456 2212 2757 2280 virginalis.
2842 2210 3290 2282 Complectantur
3358 2213 3524 2283 igitur

1957 2297 2109 2369 ignes
2143 2301 2306 2364 rosei,
2327 2309 2488 2370 atque
2519 2301 2760 2357 lambant
2785 2302 2984 2372 potius,
3007 2318 3172 2372 quam
3199 2305 3429 2359 adurant
3453 2305 3525 2358 li-

1956 2390 2086 2444 lium
2113 2390 2372 2460 virginale
2398 2408 2414 2454 ;
2449 2393 2901 2464 complectantur,
2937 2395 3178 2464 inquam,
3209 2411 3386 2466 neque
3414 2396 3526 2468 spi-

1957 2480 2040 2534 nis
2074 2481 2187 2536 suis
2239 2483 2534 2538 dilacerent
2565 2501 2580 2538 :
2621 2483 2830 2550 ardeat,
2865 2493 2923 2539 ut
2957 2484 3128 2552 lubet,
3163 2486 3304 2558 ignis
3329 2487 3381 2541 in
3415 2487 3527 2554 spi-

1957 2573 2062 2636 nis,
2081 2573 2225 2628 sicut
2244 2574 2297 2628 in
2322 2575 2523 2630 rubo“
2557 2573 2827 2642 Mosaico;
2855 2586 2910 2632 et
2931 2577 2979 2632 si
3011 2579 3334 2635 comburere
3355 2592 3525 2645 autat,

1955 2677 2082 2719 suas
2103 2666 2385 2720 comburat
2412 2667 2620 2736 spinas,
2640 2669 2732 2724 sed
2771 2669 2888 2724 lilio
2915 2679 3104 2739 parcat
3127 2671 3524 2728 candidissima:

1957 2754 2302 2824 virginitatis.
2339 2755 2492 2812 Jacet
2519 2759 2666 2813 enim
2699 2761 2948 2829 Agatha,
2978 2776 3044 2816 ac
3076 2761 3312 2816 vallatur
3364 2762 3524 2816 ﬂam-

1956 2845 2082 2908 mis,
2116 2845 2260 2900 sicut
2290 2845 2464 2916 spinis
2487 2847 2678 2903 lilium.
2707 2848 2944 2905 Meretur
2969 2851 3132 2920 hujus
3159 2850 3364 2922 praemii
3389 2867 3526 2922 pra:-

1955 2936 2253 3008 rogativsm
2287 2948 2470 2993 votum
2503 2939 2850 3011 virginitatis,
2883 2942 2949 2996 ab
2980 2942 3206 2998 infantia
3238 2943 3348 3000 Deo
3387 2959 3525 3000 nun-

1955 3037 2228 3094 cnpatnm,
2256 3037 2312 3083 et
2348 3030 2551 3085 illibato
2576 3033 2806 3088 candore
2837 3042 3131 3090 servatum.

2025 3119 2118 3173 20.
2150 3118 2266 3175 Vix.
2306 3121 2467 3194 igitur
2499 3123 2706 3193 Agatha
2756 3124 2906 3196 ignes
2939 3127 3214 3196 tetigerat,
3243 3141 3367 3183 cum
3397 3143 3528 3186 ecce

1954 3210 2130 3278 patria
2166 3211 2356 3278 tellus,
2413 3213 2535 3270 lilia:
2583 3231 2694 3269 suis
2724 3216 2898 3270 vicem
2938 3222 3192 3273 miserata
3217 3257 3234 3282 ,
3286 3201 3526 3278 funditus

1954 3304 2280 3357 contremuit
2314 3313 2410 3372 ;et
2433 3307 2590 3375 quasi
2628 3319 2874 3362 materno
2907 3323 3072 3365 sensu
3103 3313 3330 3381 praadita
3356 3322 3526 3382 esset,

1957 3391 2163 3458 apertis
2218 3408 2326 3447 non
2377 3409 2485 3448 uno
2513 3396 2565 3448 iu
2601 3395 2719 3449 loco
2751 3395 3046 3464 faucibus,
3088 3415 3186 3454 ore
3242 3400 3526 3472 multiplici

1955 3481 2298 3537 exclamabat
2319 3523 2334 3550 ,
2371 3487 2633 3554 clareque
2658 3477 2962 3542 testabatur
2983 3521 3001 3555 ~,
3026 3504 3188 3559 quam
3220 3494 3526 3548 vehemen-

1957 3583 2040 3629 ter
2090 3575 2316 3643 doleret,
2373 3591 2645 3648 quamque
2694 3577 2844 3649 juste
2883 3580 3158 3652 indignum
3199 3584 3528 3657 crudeleque

1955 3665 2086 3721 illud
2122 3669 2493 3736 spectaculum
2528 3669 2931 3740 detestaretur;
2991 3672 3048 3726 in
3077 3688 3196 3730 eam
3231 3676 3390 3746 plane
3438 3694 3528 3732 ra-

1957 3759 2182 3824 tionem,
2205 3773 2308 3828 qua
2337 3773 2517 3814 rerum
2546 3762 2792 3827 omnium
2839 3764 3124 3821 conditore
3175 3765 3287 3822 Deo
3321 3769 3374 3822 in
3400 3784 3526 3823 cru-

1956 3865 2074 3906 cem
2102 3861 2246 3916 acto,
2279 3851 2592 3907 universum
2617 3855 2950 3910 contremuit
2988 3866 3145 3912 terra
3173 3858 3532 3928 elementum,

1957 3939 2192 3995 immane
2237 3937 2542 3995 Judzeorum
2595 3941 2794 4008 scelus,
2827 3943 3160 4014 impiumque
3195 3946 3346 4002 nefas
3381 3947 3526 4003 ferre

1956 4045 2064 4086 non
2099 4017 2327 4088 valens.'
2353 4029 2570 4089 Liceret
2601 4033 2834 4089 fortasse
2867 4033 3138 4090 allirmare
3171 4035 3527 4092 Catanensem

1959 4125 2208 4180 tellurem
2246 4126 2299 4180 id
2331 4128 2590 4198 temporis
2613 4127 2767 4198 quasi
2793 4126 3146 4182 ludibundam
3199 4130 3526 4198 exsultasse,

1958 4218 2296 4289 choreasque
2315 4219 2556 4286 duxisse,
2575 4221 2722 4291 quod
2751 4221 2803 4276 in
2827 4220 3026 4276 lectulo
3057 4217 3150 4276 illo
3178 4221 3345 4291 ignito
3371 4224 3534 4292 quasi

1959 4309 2241 4385 ingeniali
2270 4311 2536 4379 thalamo,
2574 4311 2741 4366 filiam
2762 4327 2916 4368 suam
2951 4313 3215 4384 Agatham
3237 4313 3346 4385 jam
3371 4314 3538 4370 Chri-

284 4399 614 4472 prodeuntes
633 4400 862 4471 accepit.
884 4399 950 4456 Et
981 4415 1048 4456 ne
1081 4415 1142 4458 se
1167 4402 1368 4457 victum
1398 4399 1680 4470 fateretur,
1708 4406 1856 4474 Aga-
1887 4409 1934 4469 ι)
1961 4403 2031 4459 sti
2053 4417 2310 4474 sponsam
2335 4404 2544 4459 videret
2565 4402 2910 4470 collocatam,
2929 4417 3154 4474 sperans
3173 4404 3240 4460 de
3264 4405 3535 4473 sanguine:

287 4495 434 4549 thain
464 4495 516 4548 in
545 4507 820 4549 carcerem
855 4494 1038 4550 reduci
1083 4493 1270 4564 jubet,
1303 4493 1722 4564 custodibusque
1749 4495 1857 4551 edi—
1959 4498 2085 4552 lilia:
2143 4497 2410 4568 martyrio
2462 4495 2678 4553 fortiter
2723 4504 3100 4552 consummato
3123 4535 3139 4562 ,
3197 4495 3535 4552 uberrimam

287 4587 382 4651 cit,
413 4594 473 4639 ut
501 4587 847 4641 continenter
897 4587 1140 4655 vigilant,
1191 4601 1260 4641 ne
1290 4586 1415 4656 quis
1455 4600 1487 4642 ο
1536 4590 1856 4659 propinquis
1960 4597 2217 4656 nepotum
2258 4594 2496 4656 segetem
2553 4588 2619 4644 ad
2675 4586 3040 4658 evangelicam
3077 4585 3250 4642 lucem
3285 4585 3536 4642 nascitu-

285 4678 598 4748 chirurgum
631 4677 934 4745 submittat,
967 4691 1072 4734 neu
1093 4677 1275 4734 cibum
1307 4689 1606 4749 potumque
1635 4677 1854 4736 clancu-
1961 4693 2099 4734 ram.
2128 4677 2268 4735 Vere
2304 4679 2502 4734 etenim
2532 4679 2624 4734 ille
2655 4680 2856 4736 invitus
2884 4677 3179 4746 fatebatur,
3212 4678 3534 4746 sanguinem

285 4769 397 4826 lum
440 4770 638 4825 audeat
687 4769 1022 4826 ministrare.
1061 4767 1140 4824 lbi
1169 4771 1326 4840 virgo
1378 4769 1626 4836 inclusa,
1681 4772 1854 4828 sacris
1959 4779 2254 4841 martyrum
2303 4785 2424 4828 esse
2477 4785 2659 4828 semen
2707 4769 3164 4826 Christianorum.
3203 4767 3309 4824 Sed
3359 4767 3538 4824 multo

287 4861 493 4917 intenta
542 4859 830 4929 precibus,
901 4856 1272 4930 hujuscemodi
1335 4861 1516 4918 verbis
1580 4853 1859 4922 Christum
1955 4864 2160 4919 certius
2189 4863 2442 4934 equidem
2465 4877 2684 4929 censeo,
2717 4863 2964 4917 eamdem
3013 4873 3172 4918 terra:
3212 4859 3524 4918 concussio-

289 4952 698 5022 alloquebatur:
729 4952 775 5010 0
803 4954 894 5024 qui
923 4969 1050 5010 vere
1073 4953 1316 5024 Sponsus
1339 4959 1667 5026 sanguinum
1687 4956 1710 4989 ³
1739 4957 1864 5026 jure
1957 4968 2082 5010 nem
2105 4971 2212 5009 non
2246 4956 2316 5011 ab
2357 4969 2484 5010 aere
2532 4955 2592 5008 in
2621 4954 2738 5026 ejus
2771 4953 3071 5010 visceribus
3091 4947 3356 5009 violenter
3393 4966 3533 5008 con-

288 5061 436 5102 nunc
467 5047 576 5103 dici
603 5059 756 5118 potes
778 5087 795 5114 ,
821 5049 1028 5118 gratias
1069 5047 1168 5104 tibi
1203 5063 1306 5118 ago
1337 5048 1695 5117 immortales,
1716 5049 1862 5120 quod
1957 5045 2131 5115 cluso,
2159 5061 2332 5118 neque
2350 5047 2507 5116 aquis
2534 5048 2602 5102 ab
2623 5047 2816 5102 iisdem
2836 5045 3152 5118 praecordiis
3178 5057 3534 5117 perrumpen-

288 5151 386 5208 per
413 5137 704 5206 potentiam
737 5147 882 5197 tuam
930 5153 1017 5194 me
1045 5139 1382 5210 superiorem
1417 5138 1860 5197 tormentisefl‘e-
1961 5137 2106 5194 tibus
2127 5137 2296 5194 fuisse
2325 5138 2526 5192 factam
2555 5175 2572 5203 ,
2626 5135 2723 5194 sed
2750 5151 2880 5193 vero
2925 5137 2995 5193 ab
3015 5136 3240 5208 angelis
3294 5135 3364 5192 de
3391 5133 3537 5188 coelo

286 5228 706 5301 cisti..Suscipe,
738 5243 942 5300 quaeso,
983 5229 1146 5286 hosce
1173 5231 1414 5302 pectoris
1475 5230 1752 5286 cruciatus
1804 5230 1881 5322 in.
1961 5230 2435 5296 descendentibus,
2481 5229 2679 5300 quibus
2726 5227 2998 5284 familiare
3026 5239 3110 5285 est
3165 5241 3364 5284 terram
3397 5239 3534 5295 qua-

359 5383 380 5416 ⁸
409 5382 581 5440 Exod.
605 5398 678 5452 tv,
711 5363 804 5442 25.
879 5383 899 5414 ’
939 5381 1097 5442 Cant.
1117 5381 1266 5452 1,15.
1343 5381 1388 5414 "
1428 5381 1598 5438 Exod.
1645 5397 1727 5452 in,
1769 5381 1825 5438 2.

361 5534 436 5606 (9)
470 5533 638 5602 Cujus
673 5536 873 5607 quippe
911 5535 1100 5590 ultima
1123 5534 1349 5607 vestigia
1381 5535 1544 5589 humo
1586 5534 1851 5607 impressa

288 5605 340 5657 iu
377 5605 558 5674 monte
607 5605 802 5661 Ulivett
857 5606 1124 5674 hodieque
1153 5605 1544 5668 monstrantur,
1575 5615 1635 5660 ut
1667 5605 1854 5673 pluri-

286 5677 394 5730 bus
422 5673 645 5728 Patrum
671 5689 738 5730 ac
774 5673 1166 5730 llistoricuruin
1202 5675 1529 5730 testimoniis
1561 5680 1852 5730 continuat

1960 5534 2227 5592 Barouius
2252 5544 2292 5596 t.
2325 5536 2344 5592 l
2393 5535 2596 5592 Annal.
2620 5537 2688 5592 ad
2715 5553 2806 5594 an.
2837 5536 2967 5594 Chr.
2999 5535 3089 5606 δι,
3114 5551 3206 5592 nu.
3226 5529 3351 5588 252.
3375 5546 3531 5604 seqq.

1961 5616 2018 5662 et
2045 5609 2250 5679 passim
2295 5607 2387 5664 alii
2418 5608 2744 5678 Scriptores.
