3932 6214
427 300 561 365 1183

1446 288 1508 348 S.
1550 283 1933 347 METHODII
1973 279 2484 342 PATRIARCH/E
2521 279 2622 340 (ΣΡ.

3555 272 3703 343 ιξει

422 423 568 475 tere,
588 417 797 473 suoque
829 403 1064 456 adventu
1090 396 1284 467 impios
1319 409 1348 450 a
1383 394 1542 450 malis
1589 392 1857 450 faciendis
1884 393 2009 447 abs-
2040 396 2084 453 Α
2113 387 2414 455 iisdemque
2449 383 2605 454 quasi
2635 381 2889 450 pretiosis
2917 380 3145 452 pyropis
3169 381 3484 439 concinnari
3517 391 3704 456 pari..-

425 513 654 562 terrere,
688 497 807 567 pias
857 506 989 547 vero
1031 497 1243 545 mentes
1298 488 1354 542 in
1408 485 1667 561 studiosis
1697 483 2007 539 actionibus

423 593 774 648 conﬁrmare.
798 583 854 638 1d
876 582 1021 652 quod
1048 579 1300 635 evenisse
1332 577 1564 648 legimus
1592 576 1658 629 ad
1677 574 1880 630 Christi
1916 587 2005 627 se-

425 683 674 752 pulcrum
702 677 859 745 paulo
911 683 1195 742 postquam
1249 669 1337 724 ille
1397 668 1678 724 redivivus
1717 670 1786 721 ab
1820 664 2007 722 inferis

427 766 784 836 triumphavit
871 781 885 817 ε
924 765 988 817 ad
1019 762 1162 832 quod
1179 760 1544 815 descendente
1561 758 1752 828 angelo
1779 772 2008 826 magnus

429 869 593 915 terrae
622 860 796 912 factus
829 866 913 912 est
935 865 1150 919 motus;
1189 853 1280 922 qui
1311 851 1400 904 ubi
1424 850 1730 919 sepulcrum
1764 849 2006 912 reclusit,

429 951 631 1007 milites
659 948 876 1018 quidem
925 946 1052 1000 illud
1082 943 1446 998 custodientes
1492 949 1637 994 metu
1673 939 2010 994 exanimatos

433 1040 488 1095 in
519 1043 696 1111 fugam
728 1038 1020 1098 convertit,
1044 1050 1073 1088 a
1121 1034 1226 1104 piis
1257 1047 1388 1088 vero
1436 1031 1754 1088 mulieribus
1792 1043 2008 1086 omnem

435 1129 680 1183 timorem
718 1128 958 1184 excussit
975 1129 1038 1182 ¹¹.

507 1218 600 1272 ‘21.
657 1215 827 1286 Opem
887 1218 1052 1287 igitur
1099 1213 1326 1284 Agathte
1383 1213 1435 1266 in
1488 1211 1753 1267 incendiis
1807 1210 2012 1281 jacenti

438 1311 630 1380 ecquis
677 1308 887 1363 dubitet
939 1307 1163 1378 angelos
1204 1306 1484 1370 attulisse,
1531 1318 1765 1374 roreque
1805 1300 2011 1358 caelesti

437 1417 532 1455 eos
565 1400 716 1468 ignes
760 1398 1113 1465 ﬂannnasque
1149 1395 1454 1464 aspersisse
1485 1393 1508 1444 ‘f
1534 1391 1729 1447 Nonne
1765 1393 1879 1447 haec
1918 1405 2016 1445 no-

449 1501 564 1544 stra
594 1491 764 1558 virgo,
794 1488 1049 1542 divinitus
1076 1487 1361 1553 illustrata,
1381 1494 1522 1545 roris
1545 1484 1703 1554 hujus
1725 1483 2014 1539 salutarem

441 1579 683 1648 pluviam
735 1576 836 1630 sibi
875 1575 1272 1644 spoponderat,
1324 1591 1446 1631 cum
1481 1573 1834 1640 Quintianum
1882 1569 2017 1624 allo-

443 1669 752 1739 qnebatur?
787 1667 843 1721 Si
894 1668 1094 1735 ignem,
1134 1667 1408 1736 inquiens,
1445 1664 1659 1733 corpori
1707 1677 1826 1717 meo
1859 1662 2016 1716 adhi-

2112 487 2170 534 et
2225 479 2524 547 gaudeam,
2586 475 2857 545 pretiosos
2908 483 3128 542 torques
3174 488 3239 529 ac
3273 475 3529 540 monilia,
3575 493 3704 536 om-

2117 585 2238 624 nem
2273 568 2540 622 mundum
2586 565 2910 634 nuptialem,
2954 579 3018 620 ac
3059 573 3264 620 vestem
3310 568 3603 639 martyrii,
3637 579 3703 624 ut

2113 659 2265 714 hisce
2309 657 2567 712 decorata
2618 653 2955 710 ornamentis
3001 652 3074 708 ad
3117 652 3370 710 caelestes
3427 655 3700 713 thalamos

2115 748 2384 804 admittat.

2190 839 2282 892 22.
2313 838 2459 891 lnter
2484 837 2597 891 haec
2623 834 2956 902 Quintianus
2976 843 3136 889 teme
3156 844 3331 900 motu,
3354 835 3706 908 duorumque

2116 943 2251 986 nece
2289 929 2589 982 amicorum
2622 938 2748 980 ante
2788 925 2906 993 ejus
2935 926 3126 982 oculos
3165 941 3557 996 oppressorum
3591 929 3706 984 rui-

2118 1023 2206 1077 nis
2256 1021 2545 1090 parietum,
2595 1015 2942 1088 pavefactus,
2994 1018 3337 1086 maximeque
3372 1020 3562 1088 populi
3616 1031 3704 1073 tu-

2119 1113 2290 1168 multu
2338 1112 2732 1175 conturbatus,
2781 1111 3090 1174 obortoque
3148 1108 3390 1167 clamore
3425 1110 3704 1164 Catanen-

2119 1206 2259 1260 sium
2301 1204 2566 1273 virginem
2603 1200 2926 1254 incolumem
2962 1214 3190 1254 servare
3218 1199 3542 1265 volentium,
3577 1215 3708 1254 en-

2120 1297 2381 1359 nimatus,
2413 1294 2554 1347 illico
2579 1291 2847 1361 Agatham
2899 1291 2952 1343 in
2983 1293 3261 1345 carcerem
3293 1290 3476 1344 reduci
3503 1290 3704 1358 jubet:

2122 1403 2241 1458 quae
2279 1387 2489 1441 civium
2529 1383 2829 1438 caelestium
2879 1380 3124 1436 exercitu
3165 1379 3457 1450 populique
3507 1383 3708 1436 turmis

2124 1480 2319 1549 stipata
2344 1515 2360 1545 ,
2395 1478 2461 1530 de
2503 1475 2614 1545 jam
2650 1481 2907 1542 superato
2959 1471 3269 1539 Quintiano,
3308 1485 3370 1524 ac
3415 1471 3707 1526 tormentis

2124 1571 2377 1628 omnibus
2401 1565 2738 1634 triumphum
2770 1564 3004 1633 agitans,
3036 1562 3088 1615 in
3119 1563 3485 1614 venerandum
3518 1562 3706 1631 ingre-

2126 1663 2269 1717 ditur
2297 1671 2647 1714 carcerenme
2691 1656 2907 1720 dicam,
2955 1668 3022 1706 an
3059 1653 3265 1723 regium
3310 1653 3594 1721 palatium,
3631 1669 3701 1708 an

440 1761 569 1817 beas
591 1799 604 1823 ,
652 1775 831 1812 rorem
877 1758 1008 1834 mihi
1043 1758 1385 1814 salutiferum
1415 1759 1482 1813 de
1509 1757 1648 1813 caelo
1669 1745 1869 1825 'angeli
1919 1753 2018 1806 mi-
2048 1749 2091 1805 Β
2121 1771 2247 1812 vero
2279 1756 2456 1822 potius
2491 1750 2732 1807 caelestis
2792 1747 2977 1820 templi
3014 1756 3423 1800 sacrosanctum
3455 1747 3704 1801 vestibu-

441 1850 772 1904 nistrahunt.
807 1851 888 1902 An
923 1864 1051 1903 vero
1080 1849 1278 1919 angeli,
1310 1852 1535 1918 ipseque
1564 1847 1877 1918 angelorutn
1915 1859 2014 1898 rex
2112 1848 2265 1905 lum?
2314 1846 2403 1901 ubi
2461 1845 2611 1914 virgo
2681 1852 2832 1896 stans
2903 1839 3073 1894 oculis
3122 1840 3175 1894 in
3213 1840 3408 1898 emtum
3439 1839 3703 1905 sublatis,

441 1942 693 1997 Christus
726 1940 926 1995 frustra
968 1941 1197 1995 traheret
1239 1942 1465 2011 Agathae
1499 1954 1627 2010 spes
1663 1940 1715 1992 in
1755 1952 1812 1992 se
1847 1936 2013 1990 collo-
2114 1940 2398 2010 passisque
2441 1936 2495 1989 in
2549 1931 2731 1986 crucis
2761 1930 2996 1999 speciem
3045 1928 3286 1984 brachiis
3324 1926 3701 1996 virginalibus,

443 2046 616 2099 catas,
673 2034 748 2086 ita
803 2041 859 2085 ut
908 2031 1145 2101 Virginis
1195 2033 1361 2087 verba
1415 2033 1639 2096 inania,
1692 2030 2017 2098 inﬁrmaque
2115 2044 2280 2084 orans
2331 2029 2386 2082 in
2413 2029 2529 2081 haec
2577 2025 2740 2079 verba
2786 2022 3024 2090 linguam
3060 2022 3264 2076 solvit:
3298 2021 3531 2075 Domine
3579 2017 3704 2074 Jesu

444 2133 696 2180 censeret
744 2123 1114 2190 Quintianus?
1147 2124 1231 2176 An
1279 2122 1442 2191 hujus
1476 2121 1719 2190 Virginis
1764 2121 2013 2183 animus,

443 2220 534 2284 qui
570 2229 786 2284 semper
831 2230 860 2268 a
909 2213 1200 2268 Iethalibus
1245 2212 1492 2267 libidinis
1545 2213 1764 2282 ignibus
1817 2211 2018 2264 abhor-

446 2315 667 2372 ruerat,
714 2320 916 2374 eosque
957 2304 1182 2359 omnino
1221 2303 1652 2371 exstinguendos
1696 2309 2017 2364 curaverat,

442 2400 768 2468 penitusque
816 2399 924 2452 Deo
962 2398 1100 2452 ﬁxus
1143 2395 1468 2459 inhteserat,
1509 2409 1654 2450 nunc
1697 2409 1855 2449 suum
1897 2407 2020 2448 cor-

446 2489 596 2559 poris
621 2503 904 2557 organnm,
937 2487 1080 2556 quod
1109 2500 1208 2555 pro
1244 2485 1527 2540 servanda:
1553 2483 1883 2555 virginitatis
1917 2482 2022 2536 ﬁde

449 2593 613 2648 super
681 2578 879 2646 ignitos
931 2579 1233 2643 carbones,
1298 2583 1599 2646 acutasque
1652 2585 1820 2632 testas
1873 2574 2024 2628 ﬂam-

448 2681 661 2726 mantes
693 2670 841 2738 injici
879 2670 1217 2739 pertulerat,
1257 2671 1324 2723 ab
1360 2670 1553 2723 iisdem
1579 2668 1661 2722 vel
1695 2667 2022 2722 mediocrem

449 2763 706 2833 injnriam
756 2772 956 2832 praeter
986 2772 1304 2832 conceptam
1352 2776 1502 2832 spem
1555 2761 1765 2831 perpeti
1808 2765 2027 2830 specta-

452 2852 579 2908 ret?
611 2855 690 2907 Att
727 2857 891 2908 etiam
926 2854 1014 2909 ille
1046 2854 1212 2910 Filius
1247 2854 1508 2919 hominis,
1541 2853 1696 2922 cujus
1732 2852 1907 2922 gloria
1943 2857 2029 2906 est

449 2948 603 3015 quasi
642 2946 921 3016 Unigeniti
963 2947 1092 3012 Dei,
1137 2948 1229 3015 qui
1272 2947 1444 3002 voluit
1485 2953 1712 3015 quartus
1762 2945 2029 3000 interesse

449 3050 572 3090 cum
611 3036 782 3088 tribus
824 3037 1006 3104 pueris
1039 3036 1092 3089 in
1137 3035 1359 3090 fornace
1387 3033 1713 3105 Babylonica
1739 3073 1754 3097 ,
1787 3033 1923 3087 adeo
1971 3040 2030 3087 ut

2118 2118 2354 2180 Christe,
2383 2115 2640 2185 magister
2683 2114 2842 2180 bone,
2869 2111 3074 2180 gratias
3105 2111 3196 2165 tibi
3239 2109 3458 2186 ago~qui
3487 2123 3579 2162 me
3608 2109 3708 2164 hoc

2118 2214 2325 2268 honore
2345 2209 2596 2279 dignatus
2626 2221 2711 2271 es,
2745 2215 2805 2258 ut
2835 2205 3176 2259 decertarem
3202 2218 3300 2274 pro
3322 2201 3550 2257 nomine
3577 2208 3706 2267 tuo;

2118 2304 2209 2374 qui
2239 2301 2508 2356 abstulisti
2534 2315 2564 2354 a
2597 2314 2682 2354 nte
2707 2296 2952 2352 mortalis
2982 2297 3108 2351 vita:
3141 2309 3383 2349 amorem
3406 2331 3421 2359 ,
3458 2293 3712 2361 mihian

2119 2397 2373 2452 caelestes
2408 2393 2557 2446 vires
2607 2389 2904 2454 suﬂecisti,
2954 2397 3014 2441 ut
3056 2397 3323 2442 tormenta
3362 2385 3709 2455 perferrem;

2124 2497 2200 2552 tn,
2235 2487 2373 2541 idem
2409 2482 2635 2538 Domine
2671 2479 2832 2545 Deus,
2874 2478 3070 2534 exaudi
3103 2491 3291 2547 preces
3328 2491 3505 2540 meas,
3543 2485 3600 2529 et
3633 2475 3715 2528 di~

2125 2592 2294 2649 gnare
2323 2573 2574 2630 ancillam
2617 2581 2786 2637 tuam,
2814 2580 2872 2625 ut
2915 2571 3058 2624 hanc
3094 2578 3291 2623 terram
3321 2567 3588 2629 dimittat,
3625 2575 3714 2620 ut-

2124 2683 2230 2740 que
2267 2676 2457 2722 ornata
2503 2677 2780 2739 purpureo
2830 2659 3172 2730 triumphalis
3224 2659 3472 2729 martyrii
3512 2658 3713 2728 peplo.

2124 2760 2483 2827 ﬂammeoque
2505 2755 2754 2827 virginali
2784 2763 3059 2817 contecta,
3093 2753 3162 2806 ad
3191 2750 3714 2806 immarcescibilem

2127 2861 2348 2907 aeternae
2389 2849 2577 2918 gloria:
2611 2859 2870 2902 coronam
2918 2843 3153 2898 feliciter
3193 2843 3493 2911 perveniat.
3548 2839 3720 2895 Hisce

2127 2944 2366 3014 peractis
2398 2942 2651 3013 precibus
2672 2977 2690 3006 ,
2730 2936 2876 2992 illico
2906 2934 3308 2991 immaculatum
3344 2932 3454 2988 Deo
3478 2933 3718 2988 tradidit

2130 3035 2401 3105 spiritum.

456 3127 590 3182 nihil
619 3141 711 3181 eos
741 3127 882 3196 ignis
910 3128 1112 3181 laeserit
1136 3129 1201 3194 ",
1223 3127 1390 3181 .illein
1412 3128 1566 3195 igneo
1587 3125 1783 3180 lectnlo
1808 3133 2028 3195 propter
2054 3109 2100 3172 (Σ
2197 3127 2289 3182 25.
2330 3124 2484 3194 Quod
2507 3124 2602 3179 ubi
2636 3123 2865 3195 populus
2901 3134 3187 3178 carcerem
3219 3121 3592 3177 circumstans
3624 3134 3716 3177 eoo

452 3233 510 3270 se
545 3215 816 3283 iacentem
856 3218 1123 3288 Agatltam
1146 3257 1161 3281 ,
1201 3218 1413 3288 sibique
1444 3219 1789 3286 desponsam,
1825 3215 2028 3286 quippe

453 3323 572 3378 quae
599 3309 666 3362 ab
698 3309 922 3363 infantia
951 3309 1054 3364 sibi
1082 3309 1404 3372 adhaeserat,
1431 3317 1659 3376 eratque
1681 3322 1860 3363 secum
1886 3306 2026 3361 facta

455 3413 594 3453 unus
639 3400 900 3469 spiritus,
956 3399 1257 3454 dimitteret
1313 3398 1745 3454 amburendam?
1802 3397 2025 3463 Adfuit,

455 3491 633 3546 adfuit
676 3491 902 3562 Agathae
954 3505 1168 3561 sponsae
1223 3489 1500 3558 Sponsus,
1551 3491 1640 3560 qui
1686 3504 1782 3558 per
1811 3488 2030 3559 angelos

456 3597 585 3635 suos
638 3582 865 3649 Spiritus
902 3580 1076 3636 factos
1108 3590 1164 3634 et
1199 3591 1400 3635 terram
1441 3580 1572 3635 fecit
1609 3589 1863 3644 tremere,
1899 3594 2029 3648 pro-

456 3675 632 3727 dnctis
662 3673 838 3726 ventis
865 3674 928 3727 de
957 3687 1156 3726 arcano
1183 3688 1406 3726 suorum
1435 3672 1848 3735 thesaurorum;
1878 3670 2032 3726 fecit-

458 3778 565 3833 qne
597 3763 904 3817 incendium
943 3762 1071 3816 illud
1106 3762 1331 3832 Agathaa
1364 3763 1694 3817 substratum
1727 3761 1880 3831 quasi
1933 3776 2030 3815 au-

463 3871 574 3907 ram
626 3855 766 3909 roris
801 3853 1020 3909 ﬂantem
1043 3895 1060 3922 ,
1107 3855 1180 3908 ita
1222 3863 1280 3907 ιιι
1323 3869 1498 3924 neque
1530 3853 1798 3923 virginale
1833 3867 2032 3921 corpus

461 3953 717 4012 tangere,
767 3959 942 4014 neque
994 3945 1113 4015 ejus
1151 3945 1394 4000 animum
1447 3945 1811 4012 contristare,
1853 3956 2032 4013 neque

463 4037 724 4090 molestia:
754 4036 1050 4106 quidquam
1104 4035 1560 4092 inlerre’auderet
1605 4035 1764 4106 ignis.
1805 4035 2028 4098 Adfuit,

461 4129 714 4198 inquam,
769 4128 1050 4192 Christus,
1122 4141 1419 4199 secumque
1469 4127 1654 4183 nobile
1718 4127 2028 4197 angelorum

457 4236 672 4288 agmen,
716 4229 824 4274 tam
860 4221 1022 4275 nobili
1061 4220 1395 4290 spectaculo,
1435 4220 1705 4290 dignoque
1735 4218 1877 4289 quod
1913 4231 2030 4274 cte-

457 4305 680 4366 l‘estibus
717 4312 884 4366 oculis
908 4322 1248 4378 cerneretur,
1277 4315 1411 4368 adeo
1434 4323 1493 4369 ut
1515 4315 1637 4383 jure
1659 4314 1862 4384 optimo
1891 4314 2032 4384 Aga-

460 4409 548 4460 tha
579 4406 821 4462 clamare
847 4408 1082 4475 potuerit
1114 4424 1128 4460 :
1155 4405 1373 4471 Vidisti,
1406 4406 1659 4474 Domine,
1693 4406 2026 4477 etspectasti

458 4513 685 4566 agonem
719 4514 920 4564 meum,
951 4499 1220 4566 quomodo
1249 4499 1481 4568 pugnavi
1514 4499 1567 4554 in
1595 4499 1793 4566 stadio,
1825 4507 1879 4554 et
1905 4499 2029 4569 quia

459 4587 602 4642 volui
647 4586 804 4642 ﬁdem
842 4588 1168 4658 virginitatis
1211 4591 1487 4646 custodire
1509 4630 1530 4656 ,,
1556 4591 1709 4661 jussa
1756 4605 1875 4647 sum
1923 4605 2028 4645 non

457 4679 629 4735 snlnm
661 4681 915 4750 suspendi
966 4681 1020 4736 in
1045 4681 1295 4751 eqnuleo,
1335 4692 1388 4737 et
1419 4684 1471 4737 in
1508 4684 1763 4739 mamillis
1813 4693 2032 4754 totoque

456 4787 685 4839 corpore
720 4774 1126 4839 excarniﬁcari,
1154 4775 1247 4830 sed
1273 4775 1438 4829 etiam
1473 4777 1528 4831 in
1563 4777 1685 4846 igne
1713 4776 1968 4832 collocari
2011 4795 2025 4830 :

457 4864 551 4916 sed
607 4863 681 4916 tui
723 4864 889 4917 divini
941 4864 1145 4918 amoris
1177 4865 1357 4919 fervor
1389 4865 1519 4920 mihi
1558 4867 1700 4921 vires
1741 4866 1960 4932 sufficit,
1996 4881 2030 4921 o

454 4955 596 5009 bone
622 4953 853 5024 Sponse,
879 4955 1140 5026 fulcitqne
1165 4958 1312 5012 hisce
1335 4955 1591 5023 ﬂammis,
1613 4959 1758 5013 velut
1784 4973 2029 5014 rosarum

455 5043 681 5100 ﬂoribus
718 5049 798 5114 ¹³,
856 5049 1128 5118 stipatque
1185 5049 1462 5105 odorifero
1514 5051 1815 5106 carbonqu
1873 5049 2030 5118 quasi

455 5153 737 5210 pomorum
795 5148 850 5193 et
883 5149 1184 5195 aromatum
1229 5141 1443 5210 snﬂitu;
1490 5146 1562 5196 ita
1603 5151 1662 5196 ut
1710 5141 2026 5197 carniﬁcum

455 5239 725 5297 tormenta
768 5233 882 5286 tunc
911 5234 1148 5288 crudelia
1177 5276 1192 5301 ,
1235 5245 1288 5290 et
1321 5237 1484 5311 hosce
1534 5234 1728 5303 ignitos
1763 5235 2028 5288 carbones

454 5324 698 5379 hilariter
748 5327 1082 5391 sustineam,
1130 5335 1486 5394 amanterqne
1531 5328 1881 5395 complectar,
1918 5339 2024 5378 non

454 5423 706 5484 tanquam
756 5417 908 5486 ignes
961 5417 1311 5481 cruciantes,
1370 5417 1464 5470 sed
1521 5427 1778 5488 tanquam
1831 5430 2026 5471 vernos

354 5495 364 5508 ’
454 5505 648 5573 ﬂores,
682 5517 737 5562 et
778 5523 1077 5580 purpureas
1132 5523 1363 5564 coronas
1403 5508 1532 5563 mihi
1567 5508 2022 5576 adblandientes;

527 5661 565 5692 ¹¹
603 5660 790 5718 Matth.
849 5680 1035 5732 sunt,
1090 5667 1144 5720 ‘2.
1228 5665 1268 5696 "
1316 5664 1449 5718 Dan.
1493 5680 1576 5730 ιιι,
1632 5663 1722 5718 92.

2127 3219 2331 3290 gnovit,
2380 3231 2572 3288 magno
2619 3231 2740 3271 cum
2789 3215 3006 3287 pietatis
3038 3213 3216 3270 studio
3249 3228 3314 3268 ac
3367 3211 3714 3273 reverentia,

2129 3326 2330 3380 corpus
2374 3324 2652 3380 generosa:
2685 3307 2943 3378 martyris
2987 3306 3044 3361 in
3085 3313 3434 3360 monumento
3487 3302 3717 3358 honori-

2130 3403 2232 3459 ﬁce
2253 3402 2580 3472 composuit.
2613 3404 2694 3454 An
2723 3413 2855 3456 vero
2891 3398 3140 3469 Sponsus
3169 3398 3396 3466 Agatha:
3427 3393 3712 3460 Christus,

2129 3496 2221 3566 qui
2253 3494 2522 3562 gloriosus
2549 3502 2633 3548 est
2662 3501 2716 3547 et
2747 3491 3018 3547 mirabilis
3055 3491 3110 3546 in
3147 3490 3352 3544 sanctis
3380 3488 3718 3560 martyribus

2129 3586 2280 3650 suis,
2322 3587 2464 3640 hanc
2509 3583 2799 3639 amabilem
2831 3581 2951 3652 ejus
2993 3597 3282 3654 sponsam,
3311 3591 3369 3636 et
3410 3593 3717 3653 martyrum

2130 3676 2432 3732 Sicularum
2465 3675 2720 3730 eximiam
2757 3675 2999 3744 reginam
3025 3714 3041 3740 ,
3069 3689 3231 3744 quam
3271 3675 3438 3729 etiam
3468 3673 3525 3727 in
3555 3672 3719 3728 terris

2129 3770 2404 3823 viventem
2438 3767 2719 3822 miraculis
2754 3769 3212 3822 cohonestaverat
3233 3801 3248 3832 ,
3282 3780 3410 3820 mox
3469 3765 3527 3820 in
3578 3763 3719 3820 ccio

2131 3876 2316 3917 secum
2357 3861 2786 3928 triumphantem
2843 3875 2948 3913 non
3009 3859 3265 3914 redderet
3312 3857 3480 3928 longe
3519 3857 3720 3912 clario-

2133 3951 2289 4006 rem?
2316 3951 2382 4004 Et
2417 3949 2575 4017 cujus
2605 3949 2836 4020 virginis
2873 3949 3112 4019 linguam
3141 3956 3332 4004 testem
3359 3963 3474 4004 suae
3515 3947 3723 4003 divini-

2133 4044 2258 4099 tatis
2285 4043 2553 4114 disertam
2590 4041 2843 4097 Christus
2877 4040 3120 4106 fecerat,
3167 4055 3474 4110 secumqne
3499 4050 3719 4096 castum

2132 4149 2394 4202 amorem,
2435 4148 2500 4189 ac
2528 4132 2821 4204 nuptialem
2864 4132 3023 4187 ﬁdem
3059 4132 3302 4200 iusserat
3342 4131 3560 4200 publice
3595 4147 3726 4203 pro-

2135 4228 2306 4290 ﬁteri,
2345 4242 2467 4281 mox
2516 4227 2691 4281 eidem
2729 4240 2930 4296 corpus
2963 4226 3031 4280 ils
3073 4227 3141 4281 de
3192 4225 3374 4280 causis
3409 4225 3726 4279 cruciatum

2133 4320 2415 4389 quiescere
2439 4318 2492 4373 in
2520 4318 2754 4373 obscuro
2778 4331 3051 4373 marmore
3079 4326 3360 4387 pateretur
3382 4317 3686 4388 inglorium
3704 4318 3730 4371 2

2134 4411 2287 4467 Fecit
2327 4411 2548 4482 utique,
2600 4407 2732 4465 fecit
2775 4409 3109 4480 dignissima
3144 4406 3306 4476 hujus
3348 4409 3590 4478 Sponsa:
3616 4425 3730 4464 sua

2133 4503 2386 4559 Christus
2414 4501 2718 4571 sepulcrum
2773 4502 3091 4573 gloriosum,
3129 4515 3234 4555 non
3277 4515 3375 4571 per
3412 4515 3588 4555 unum
3633 4510 3728 4555 aut

2135 4595 2272 4652 duos
2338 4593 2559 4663 angelos
2611 4594 2825 4649 coalitus
2881 4593 3076 4648 missos
3144 4593 3333 4663 paucis
3398 4593 3727 4646 mulieribus

2133 4686 2475 4756 conspicuos,
2512 4685 2669 4741 sicuti
2709 4700 2861 4739 suam
2900 4684 3238 4753 speluncam,
3267 4682 3360 4737 ubi
3392 4691 3555 4736 extra
3597 4682 3729 4738 nie-

2134 4779 2461 4851 rosolymam
2498 4779 2616 4850 ipse
2643 4777 2890 4849 Sponsus
2911 4780 3199 4850 iacuerat;
3238 4776 3334 4831 sed
3374 4791 3473 4846 per
3498 4789 3723 4830 centum

2137 4873 2369 4943 spiritus
2399 4873 2650 4929 caelestes
2688 4875 2980 4926 humanam
3017 4873 3214 4927 decore
3249 4871 3564 4941 iuventutis
3608 4871 3727 4927 for-

2132 4980 2275 5019 tnam
2301 4963 2552 5030 indutos;
2585 4965 2676 5034 qui
2708 4964 2836 5019 dum
2875 4963 3141 5034 virginale
3163 4977 3363 5032 corpus
3383 4979 3412 5016 a
3443 4962 3727 5019 Christia-

2134 5056 2220 5110 nis
2253 5056 2465 5111 civibus
2493 5056 2692 5112 decore
2738 5055 3060 5121 collocatur,
3100 5056 3382 5126 conspicui
3419 5057 3723 5121 omnibus,

2134 5147 2409 5204 caelestem
2441 5147 2726 5204 melodiam
2749 5149 3129 5204 decantarunt.
3157 5147 3389 5215 Quidam
3418 5161 3556 5202 vero
3583 5149 3729 5203 inter

2135 5251 2231 5290 eos
2297 5235 2466 5305 longe
2507 5235 2910 5306 pulcherrimus
2939 5237 3257 5292 adolescens
3302 5237 3372 5292 ad
3403 5239 3726 5307 sepulcrum

2135 5326 2370 5380 nondum
2421 5337 2667 5396 opertum
2707 5328 2975 5392 accessit,
3013 5327 3263 5400 caeloque
3297 5328 3537 5383 delatam
3579 5346 3729 5385 mar-

2135 5432 2374 5473 moream
2425 5417 2678 5472 tabellam
2720 5420 2787 5473 ad
2831 5417 3072 5489 Virginis
3120 5429 3285 5490 caput
3322 5421 3629 5490 apposuit,
3677 5423 3726 5475 in

2133 5523 2241 5579 qua
2281 5509 2400 5582 ejus
2450 5511 2696 5568 encomia
2754 5520 2913 5568 erant
2959 5511 3453 5570 breviter‘exarata
3492 5531 3510 5570 :
3575 5511 3729 5570 llas

1803 5664 1845 5696 ¹³
1885 5663 2043 5718 Cant.
2096 5682 2150 5734 tt,
2179 5675 2229 5726 εί,
