3932 6214
252 272 374 348 liii?)

1371 261 1656 324 ORATIO
1693 261 1773 323 IN
1815 262 1876 322 S.
1920 262 2310 324 AGATHAM.
2404 309 2406 312 .

3364 263 3501 331 1286

247 402 421 448 sancta
473 395 758 458 spontanee
783 428 796 452 ,
843 385 1010 439 honor
1061 383 1164 437 Deo
1187 423 1200 448 ,
1231 391 1278 433 et
1327 383 1515 451 patria!
1566 379 1824 433 liberau’o.
1861 381 1902 440 Β
1933 379 2072 432 calo
2106 389 2358 448 terraque
2388 375 2549 431 ﬁebat
2593 373 2885 447 gloriosus,
2921 376 3363 436 animadvertens
3402 399 3501 438 nu-

305 484 394 537 24.
431 479 570 548 Quid
614 481 713 532 hoc
743 493 907 532 unmn
955 491 1132 530 mcum
1175 490 1258 538 os,
1308 486 1534 542 meaque
1567 471 1818 525 mortalis

239 577 420 644 'liugua
471 573 634 627 audet
698 569 930 638 amplius
991 568 1176 622 lamles
1231 567 1456 634 Agatha:
1515 563 1816 627 celebrare,

247 683 371 736 quas
403 681 508 718 non
547 671 764 716 centum
803 660 1122 727 angelorum
1150 674 1267 722 ora,
1304 674 1408 711 non
1447 657 1670 711 totidem
1705 667 1817 709 οω-

239 759 410 813 'lestes
442 757 640 823 linguae
667 753 847 806 verbis
878 752 1185 805 volantibus
1209 751 1474 819 attingere
1499 746 1823 802 valuerunt?

226 853 347 907 'Sed
384 851 500 903 illas
533 849 681 915 ipsas
715 860 910 915 magno
936 844 1153 898 silentio
1183 842 1499 898 cmlestibus
1524 841 1706 908 digitis
1737 839 1824 893 ille

251 941 456 996 caeteris
492 937 668 1007 major
705 935 948 1004 angelus,
980 934 1209 1002 virginis
1266 947 1436 1001 nuper
1493 941 1678 986 custos
1701 972 1715 998 ,
1751 931 1826 984 di-

256 1043 429 1089 ctante
479 1025 766 1099 descripsit
799 1029 944 1088 Deo;
993 1028 1403 1095 admiratusque
1449 1025 1717 1094 angelicas
1762 1038 1826 1078 ac

253 1139 414 1195 prope
470 1122 685 1175 divinas
741 1119 1006 1181 virtutes,
1075 1118 1324 1186 protinus
1379 1116 1502 1170 inde
1551 1114 1823 1168 discessit.

253 1219 404 1268 (terte
437 1223 494 1267 ut
537 1213 651 1281 ipse
681 1224 898 1280 quoque
933 1223 1175 1280 praesens
1216 1216 1380 1271 esset,
1415 1206 1672 1275 fieretque
1705 1220 1826 1274 par-

249 1309 420 1374 ticeps
462 1307 515 1359 in
563 1303 770 1357 deliciis
810 1301 1151 1365 cmlestibus,
1186 1300 1382 1367 quibus
1415 1298 1607 1351 civitas
1651 1296 1828 1350 omnis

246 1397 490 1452 -ςωιρδιίε
543 1393 984 1465 perfundebatur
1047 1392 1112 1444 ad
1183 1390 1514 1457 triumphum
1575 1387 1828 1457 martyris

248 1490 496 1543 omnium
548 1484 930 1554 magnanimae,
969 1497 1176 1549 suoque
1201 1482 1325 1547 jure
1352 1487 1498 1534 esset
1535 1493 1828 1548 paranym-

257 1579 389 1646 phus
418 1576 482 1629 ad
527 1575 834 1644 ingressum
874 1569 1253 1640 pulcherrimae
1287 1569 1494 1626 Christi
1525 1582 1738 1637 sponsa:
1774 1566 1829 1620 in

259 1666 558 1720 thalamum
592 1663 694 1718 sibi
739 1677 770 1716 a
802 1662 979 1715 Matre
1029 1661 1296 1730 virginum
1344 1655 1566 1726 Virgine
1601 1657 1828 1724 Deipara

257 1767 616 1828 praeparatum
674 1771 690 1808 :
763 1737 971 1807 necnon
1026 1763 1086 1805 ut
1147 1752 1289 1806 idem
1336 1763 1521 1807 custos
1565 1749 1824 1819 angelus,

257 1851 345 1920 qui
387 1847 780 1904 certaminibus
841 1844 1266 1913 disputatiomun
1327 1852 1828 1926 tormentorumque

254 1942 476 2009 'Agathaa
514 1953 730 2007 semper
790 1937 1145 2002 interfuerat,
1183 1951 1337 2005 atque
1385 1951 1549 2005 snpra
1590 1931 1832 2005 puellare

259 2035 530 2103 ingenium
565 2047 629 2085 ac
663 2031 827 2096 vires,
858 2029 1013 2099 quasi
1046 2031 1256 2084 auritus
1295 2028 1652 2101 oculatusque
1678 2028 1831 2083 testis

251 2131 595 2196 perceperat,
637 2122 959 2191 singulaque
1006 2120 1432 2175 admirabuudus
1475 2126 1829 2188 spectaverat,

257 2231 379 2270 mox
412 2230 509 2284 per
547 2222 720 2267 totmn
752 2209 1231 2264 coelnm‘victimas
1267 2217 1488 2262 caneret
1517 2208 1831 2278 virginales,

260 2308 624 2375 invitaretque
679 2305 869 2359 beatos
921 2301 1160 2357 ccclesiis
1209 2301 1414 2355 militia:
1447 2302 1721 2355 exercitus
1764 2299 1833 2354 ad

257 2399 452 2454 Filium
503 2396 597 2452 Dei
654 2411 718 2452 ac
774 2395 1020 2462 Deipara:
1079 2392 1319 2464 Virginis
1379 2391 1830 2459 collaudandum,

258 2491 397 2561 quod
435 2489 596 2544 talem
633 2485 849 2541 fecisset
881 2473 936 2540 in
967 2484 1171 2540 imbelli
1205 2483 1418 2554 virgine
1451 2485 1758 2538 victoriam.

325 2577 419 2632 25.
470 2575 576 2630 Sed
617 2574 850 2629 fortasse
891 2575 1077 2628 verius
1121 2574 1246 2628 inde
1295 2572 1521 2642 angelus
1563 2573 1833 2638 discessit,

251 2654 381 2739 quia
413 2682 535 2722 cum
559 2665 841 2735 virginalis
867 2665 1066 2720 mentis
1091 2665 1441 2735 purissima-tn
1467 2665 1832 2730 sanctitatem,

251 2761 710 2817 ardentissimum
744 2768 1060 2828 spontanea:
1095 2758 1348 2829 martyris
1381 2773 1622 2812 amorem
1651 2773 1715 2813 ac
1744 2759 1839 2813 de-

262 2853 544 2917 siderium,
578 2852 838 2906 eximium
873 2850 928 2905 in
955 2850 1206 2905 maximis
1238 2850 1419 2905 tenelli
1440 2852 1685 2920 corporis
1709 2866 1837 2906 cru-

261 2945 494 3001 ciatibus
550 2942 769 2998 Christo
831 2941 1044 3010 Sponso
1095 2942 1397 2998 exbibitum
1455 2943 1717 3000 honorem
1768 2942 1836 2997 ab

1922 485 2047 524 vum
2075 485 2133 525 se
2161 469 2469 540 Trisagium
2494 469 2781 534 cecinisse,
2811 469 3054 539 adeoque
3085 471 3332 526 mirificis
3353 471 3502 542 Aga-

1925 563 2028 615 tlue
2092 562 2403 616 sanctitatis
2461 559 2842 630 splendorihus
2912 560 3212 629 angelicam
3273 562 3501 617 obtundi

1923 662 2181 716 mentem,
2219 651 2582 708 invisibilihus
2631 651 2732 706 alis
2783 651 2885 706 sibi
2932 651 3320 708 consulendum
3370 668 3503 708 cen-

1921 747 2050 809 suit,
2078 745 2258 814 itaque
2285 744 2530 799 sublimis
2556 742 2795 798 evanuit.

1992 836 2083 891 26.
2112 836 2216 890 Sed
2243 851 2427 904 qumso
2452 845 2524 900 te,
2551 848 2583 888 ο
2612 833 2849 888 cmlestis
2879 833 3195 903 angelorum
3226 836 3501 899 centuria,

1926 945 2086 982 unam
2124 927 2312 982 saltem
2358 927 2489 980 mihi
2543 925 2843 995 angelicam
2896 925 3135 995 linguam
3170 941 3232 980 ac
3283 942 3502 979 manum

1925 1017 1992 1072 ad
2027 1020 2192 1072 breve
2224 1018 2485 1086 temporis
2520 1015 2753 1085 spatium
2785 1015 3160 1083 accommoda,
3191 1026 3252 1070 ut
3281 1017 3505 1071 cmleste

1936 1110 2383 1178 epithalamium,
2421 1111 2563 1178 quod
2605 1123 2700 1161 vos
2745 1123 2871 1162 cum
2917 1108 3142 1177 Agatha:
3184 1109 3505 1178 corpusculo

1929 1202 1980 1256 in
2034 1205 2266 1258 obscuro
2323 1201 2647 1272 sepulcralis
2689 1201 2976 1256 marmoris
3038 1203 3394 1269 condidistis,
3452 1202 3504 1256 in

1928 1293 2100 1348 lucem
2151 1292 2454 1362 proferam;
2515 1306 2795 1360 paucaque
2878 1299 3057 1345 vestra
3114 1291 3217 1362 ('ut
3275 1291 3502 1362 soletis)

1928 1387 2091 1440 verba
2117 1386 2168 1438 in
2194 1400 2259 1440 eo
2291 1385 2586 1454 descripta,
2619 1399 2682 1438 ac
2722 1383 3016 1438 reconditis
3040 1384 3314 1455 mysteriis
3339 1384 3508 1439 obvo-

1931 1478 2064 1545 luta,
2101 1477 2182 1532 fas
2227 1478 2357 1530 mihi
2391 1477 2460 1530 sit
2492 1477 2818 1531 cdisserere.
2859 1475 2926 1529 Et
2965 1477 3184 1544 quidem
3238 1491 3333 1530 vos
3365 1479 3418 1529 in
3449 1491 3510 1532 re

1929 1571 2134 1640 optima
2158 1571 2224 1625 ab
2261 1569 2544 1638 virginalis
2583 1569 2781 1623 mentis
2831 1568 3120 1623 sanctitate
3150 1568 3334 1624 laudes
3362 1570 3510 1640 Agao

1934 1663 2037 1717 thas
2089 1662 2367 1717 celebrare
2405 1661 2717 1730 occepistis.
2757 1659 2921 1728 Virgo
2958 1659 3162 1713 etenim
3207 1661 3345 1723 haec,
3383 1675 3505 1714 cum

1936 1751 2111 1806 adlmc
2168 1750 2347 1823 infans
2394 1758 2574 1814 esset,
2609 1749 2760 1804 nullo
2811 1749 3024 1802 mortali
3078 1749 3336 1818 magistro
3383 1750 3508 1804 edo.

1934 1854 2114 1908 cente,
2168 1844 2263 1898 sed
2332 1841 2534 1912 Spiritu
2591 1851 2782 1896 sancto
2836 1841 3166 1896 intrinsecus
3218 1842 3506 1910 suadente,

1930 1939 2296 2009 virginitatem
2345 1938 2456 1992 Deo
2495 1937 2872 2004 consecravit,
2929 1937 3174 2007 adeoque
3231 1946 3344 1992 toto
3392 1939 3514 1994 vita)

1933 2031 2165 2085 decursu
2203 2028 2450 2084 excolere
2483 2031 2802 2097 satagebat,
2849 2037 2907 2081 ut
2939 2029 3101 2082 nullis
3129 2044 3250 2082 eam
3283 2030 3514 2084 szecula-

1934 2123 2085 2178 ribus
2134 2122 2312 2186 curis,
2362 2131 2455 2174 aut
2487 2120 2816 2191 nuptialibus
2857 2121 3146 2190 colloquiis
3187 2123 3509 2188 macularit;

1934 2214 2181 2283 quinimo
2257 2228 2438 2267 rerum
2509 2212 2749 2265 omnium
2828 2219 3133 2266 creatarum
3207 2213 3514 2283 immemor,

1933 2307 2129 2361 divinae
2164 2320 2366 2360 vacans
2403 2304 2874 2374 contemplationi,
2908 2321 3028 2360 eam
3070 2307 3369 2360 reddiderit
3413 2322 3515 2375 pu-

1935 2399 2174 2466 riorem;
2211 2397 2436 2465 ideoque
2476 2397 2542 2449 ad
2582 2396 2840 2450 eximium
2877 2396 3046 2451 divini
3095 2398 3298 2452 amoris
3326 2413 3512 2453 exces-

1935 2505 2053 2545 sum
2099 2489 2433 2556 subvolarit;
2468 2499 2522 2543 et
2567 2504 2664 2558 pro
2714 2489 2907 2557 Sponsi
2944 2490 3028 2544 sui
3067 2492 3263 2544 tuenda
3309 2491 3414 2546 ﬁde
3448 2490 3515 2545 ad

1934 2581 2275 2634 cruciatuum
2330 2595 2555 2650 agonem
2613 2581 2913 2649 pervenire,
2945 2582 3180 2634 maxime
3216 2581 3512 2648 exoptarit.

1936 2670 2081 2737 Quas
2126 2672 2196 2726 ob
2229 2687 2317 2726 res
2359 2670 2565 2725 factum
2599 2680 2700 2735 est,
2746 2681 2802 2724 ut
2839 2671 2956 2742 ejus
3009 2671 3328 2726 ardentibus
3373 2672 3516 2726 desi-

1935 2762 2106 2818 deriis
2136 2779 2201 2818 ex
2241 2779 2376 2833 pura
2430 2764 2698 2831 avidaque
2724 2771 2904 2818 mente
2944 2762 3388 2827 scintillantibus,
3423 2762 3517 2815 oh-

1938 2851 2252 2907 secundarit
2287 2851 2463 2916 Deus;
2501 2852 2716 2922 sibique
2744 2852 2918 2906 honor
2941 2860 3194 2916 retentus,
3221 2852 3514 2920 gloriosus,

1940 2942 2264 2997 immortalis
2290 2942 2669 3013 pullulaverit;
2696 2944 2919 3012 ipsaque
2949 2942 3184 2998 Ecclesia
3211 2953 3264 2997 et
3286 2943 3516 2998 candida

259 3035 469 3105 Agatha
523 3035 737 3103 publice
781 3041 1009 3088 testatus
1058 3041 1235 3113 esset,
1270 3034 1488 3088 erubuit
1529 3049 1694 3104 prope
1723 3043 1832 3095 tam
1863 3053 1908 3114 α
1939 3045 1995 3090 et
2037 3036 2338 3091 rubicunda
2386 3035 2710 3092 mortalibus
2760 3052 2822 3092 ac
2860 3035 3174 3092 cmlestibus
3203 3036 3374 3092 oculis
3403 3049 3519 3092 cm-

264 3125 442 3180 nohile
468 3140 667 3194 corpus
695 3125 1016 3188 consistere,
1047 3139 1112 3178 eo
1145 3125 1272 3192 quia
1302 3124 1457 3194 longe
1483 3126 1712 3181 clariora
1744 3142 1842 3196 per

263 3217 392 3272 illud
442 3215 683 3270 facinora
735 3215 790 3268 in
840 3213 1003 3268 terris
1043 3213 1280 3270 edidisse
1321 3216 1588 3285 Agatham
1636 3231 1840 3287 cogno-

262 3308 475 3372 scebat,
510 3323 670 3377 quam
701 3307 929 3377 ipsemet
965 3322 1137 3377 purus
1162 3319 1325 3378 putus
1355 3309 1577 3377 spiritus
1608 3309 1662 3363 in
1696 3310 1840 3365 ctelo

256 3407 466 3476 contra
497 3397 792 3451 draconem
823 3404 1167 3465 patraverat;
1215 3397 1444 3466 ideoque
1488 3398 1690 3454 aeriam
1735 3401 1839 3455 hu-

266 3490 414 3544 mani
468 3489 716 3558 corporis
765 3488 999 3556 speciem
1041 3502 1244 3544 exuere
1280 3491 1605 3556 maturavit,
1652 3506 1844 3561 nempe

256 3578 448 3634 fassus
473 3592 536 3654 se
563 3593 594 3632 a
623 3577 839 3632 mortali
869 3575 1269 3632 adulescentula
1303 3577 1460 3648 longe
1494 3591 1849 3651 superatum;

265 3681 325 3728 et
355 3674 407 3726 in
450 3686 612 3727 auras
657 3671 887 3726 evanuit
915 3671 982 3724 ad
1016 3684 1138 3725 eum
1174 3673 1333 3742 plane
1370 3674 1610 3740 modum,
1642 3687 1748 3742 quo
1777 3673 1846 3728 ab

265 3761 436 3817 Jacob
473 3751 783 3831 patriarcha
812 3761 908 3830 ιιι,
949 3777 1178 3830 quocum
1210 3763 1401 3818 similis
1428 3764 1650 3835 angelus
1674 3764 1848 3820 lucta-

257 3853 452 3917 batur,
511 3867 609 3908 nec
660 3841 809 3907 illum
857 3868 1116 3924 superare
1169 3866 1418 3925 poterat,
1469 3857 1846 3912 dimissionem

263 3942 427 4011 petiit
461 3949 667 3997 aurora
714 3947 1068 4002 ascendente.
1123 3945 1189 4000 Et
1227 3947 1350 4015 quia
1393 3945 1506 4014 jam
1557 3946 1849 4003 laetissima:

265 4033 496 4103 Agathre
531 4034 715 4088 anima
759 4037 914 4106 quasi
969 4037 1212 4092 caelestis
1249 4052 1314 4096 ac
1365 4053 1520 4094 rosea
1550 4055 1750 4096 aurora
1781 4040 1849 4096 ad

267 4125 492 4180 caeleste
519 4125 793 4196 fastigimn
817 4127 1122 4199 soliumque
1143 4127 1328 4196 gloriae
1363 4121 1611 4186 sublimis
1660 4148 1850 4188 ascen-

267 4218 456 4282 debat,
485 4229 818 4289 exueratque
858 4220 968 4289 jam
1007 4223 1240 4278 mortale
1275 4238 1493 4294 corpus,
1535 4226 1848 4284 indecorum

269 4308 467 4378 angelo
496 4310 782 4365 videbatur
815 4313 868 4367 in
907 4315 1070 4370 terris
1109 4330 1318 4371 moram
1365 4316 1567 4386 facere,
1605 4331 1662 4374 et
1701 4336 1850 4375 mor-

1943 3129 2083 3199 perit
2121 3143 2401 3199 apparere.

2012 3220 2104 3272 27.
2139 3219 2310 3274 Hodie
2333 3220 2500 3288 igitur
2524 3220 2828 3274 Christiana
2855 3221 3095 3276 Ecclesna
3125 3236 3245 3276 sese
3272 3229 3521 3286 exornet,

1944 3323 2064 3363 cum
2088 3309 2198 3377 jam
2232 3324 2384 3364 suam
2419 3311 2711 3379 gloriosam
2766 3311 3050 3365 intinxcrit
3079 3327 3372 3382 purpuram
3421 3328 3520 3381 pu-

1945 3401 2181 3455 rissimis
2230 3402 2488 3470 martyris
2539 3402 2763 3470 Agmine
2794 3403 3125 3467 cruoribus;
3175 3411 3338 3470 atque
3387 3405 3520 3458 adeo

1946 3493 2174 3565 gaudeat
2225 3502 2282 3548 et
2330 3491 2599 3557 exsultet,
2654 3507 2924 3562 canatque
2979 3493 3098 3564 ejus
3139 3493 3396 3548 victorias
3459 3506 3521 3550 ac

1890 3611 1910 3616 ν
1948 3585 2280 3654 triumphos,
2331 3586 2630 3655 patriaeque
2674 3587 2895 3642 Cataua:
2947 3585 3164 3656 dignam
3201 3585 3521 3654 gloriatione

1947 3677 2232 3746 praedicet;
2294 3679 2592 3748 orbemque
2665 3687 2935 3732 terrarum
3014 3679 3233 3748 impleat
3299 3678 3521 3747 Agathte

1947 3767 2262 3839 Christique
2295 3770 2531 3825 nominis
2574 3770 2912 3826 celebritate.
2947 3770 3236 3826 Enimvero
3269 3786 3517 3839 quaenam

1947 3870 2128 3917 creata
2159 3878 2244 3917 res
2279 3863 2452 3933 magis
2480 3861 2854 3916 admirabilem
2894 3863 2985 3918 Dei
3021 3862 3315 3931 potentiam
3337 3900 3352 3925 ,
3391 3861 3520 3930 quid

1950 3953 2124 4023 magis
2171 3953 2572 4022 praedicabilem
2623 3951 2742 4022 ejus
2785 3951 3128 4020 sapientiam,
3177 3951 3306 4021 quid
3352 3951 3524 4020 magis

1953 4045 2242 4101 amabilem
2273 4045 2390 4116 ejus
2421 4045 2718 4100 bonitatem
2751 4045 3021 4109 ostendat,
3052 4058 3216 4112 quam
3262 4042 3312 4095 in
3347 4041 3522 4111 fragili

1952 4135 2283 4190 feminarum
2347 4132 2672 4203 corpusculo
2719 4132 2906 4186 viriles
2957 4116 3166 4185 animos
3223 4139 3385 4198 atque
3432 4131 3526 4186 he-

1952 4223 2130 4278 roicas
2173 4223 2402 4277 virtutes
2450 4220 2688 4276 intueri?
2728 4218 2876 4273 inter
2919 4219 3148 4273 feminas
3182 4227 3360 4272 autem
3393 4219 3522 4290 quid

1953 4315 2217 4374 illustrius
2250 4315 2516 4379 invenias,
2549 4328 2710 4382 quam
2749 4312 2978 4367 teuellas
3011 4311 3252 4382 virgines
3287 4309 3395 4364 Deo
3428 4323 3519 4379 per

269 4399 474 4478 talibus
527 4401 703 4457 oculis
761 4403 942 4460 adhuc
1005 4421 1128 4462 sese
1169 4408 1522 4479 conspicuum
1570 4411 1847 4467 exhibere.
1877 4389 1930 4450 Ῑ)
1955 4418 2139 4463 votum
2171 4406 2498 4478 integritatis
2521 4411 2869 4461 consecratas
2895 4404 2919 4457 ?
2957 4403 3104 4458 lntcr
3131 4402 3370 4474 virgines
3396 4417 3526 4461 vero

263 4491 369 4546 Vel
402 4502 551 4547 certe
603 4495 728 4550 huic
777 4497 970 4565 angelo
991 4537 1006 4562 ,
1038 4497 1266 4569 ejusque
1308 4501 1566 4556 centuriae
1597 4502 1807 4559 caelesti
1832 4545 1848 4571 ,

269 4584 403 4638 illud
441 4599 537 4642 usu
582 4587 728 4640 venit
775 4587 842 4640 ad
887 4588 1116 4657 Agatha:
1156 4591 1490 4659 sepulcrum,
1531 4594 1674 4664 quod
1707 4595 1852 4652 binis

263 4672 402 4727 olim
453 4673 736 4743 Seraphim
765 4716 779 4740 ,
812 4675 904 4744 qui
952 4677 1081 4730 dum
1115 4679 1300 4736 divino
1343 4681 1522 4736 Verbo
1563 4683 1848 4738 mortalem

264 4777 499 4816 carnem
571 4773 922 4832 assumpturo
988 4765 1290 4834 angelicum
1352 4757 1484 4824 illud
1542 4769 1848 4841 Trisagium

265 4856 656 4920 concinerent,
715 4856 1064 4927 divinamque
1124 4861 1472 4916 sanctitatem
1534 4862 1581 4918 ei
1641 4864 1848 4934 optime

265 4961 579 5014 congruere
613 4948 1029 5004 conclamarent
1056 4989 1072 5015 ,
1104 4966 1226 5006 sese
1252 4960 1393 5008 totos
1428 4955 1527 5010 alis
1560 4955 1843 5021 vetabant,

264 5038 530 5093 sedentis.
562 5040 901 5106 maiestatem
952 5048 1006 5096 et
1059 5041 1285 5111 gloriam
1342 5046 1698 5116 contemplari
1746 5062 1846 5102 ne-

262 5138 541 5198 queuntes
563 5131 628 5183 ".
681 5119 850 5198 Hujus
879 5133 1025 5187 enim
1072 5135 1300 5206 virginis
1334 5147 1534 5193 nostrae
1571 5139 1797 5210 angelus
1821 5179 1838 5206 ,

258 5236 394 5274 cum
462 5230 681 5290 propter
736 5223 1140 5294 integerrimam
1196 5226 1566 5295 virginitatem
1614 5227 1842 5300 'Agathte

260 5321 509 5367 mentem
559 5322 800 5368 sanctam
855 5315 1222 5384 declarasset,
1259 5329 1499 5375 sanctam
1547 5323 1675 5374 item
1725 5324 1842 5392 ejus

260 5406 633 5468 voluntatem,
667 5415 890 5474 propter
939 5409 1322 5463 acerbissimos
1377 5412 1651 5465 cruciatus
1705 5412 1840 5470 hila-

260 5509 406 5552 riter
439 5511 743 5566 perpessos,
786 5497 981 5568 quibus
1020 5499 1247 5556 mirifice
1279 5500 1528 5559 Christus
1558 5503 1697 5559 Deus
1727 5513 1839 5562 toto

339 5659 385 5690 "
431 5659 564 5713 Gen.
611 5671 782 5718 xxx",
814 5654 904 5710 26.
984 5655 1025 5688 ¹⁸
1073 5655 1173 5712 lsa.
1209 5673 1278 5720 γι,
1317 5659 1446 5716 2.5.

1954 4508 2079 4570 post
2104 4500 2392 4569 Deiparam
2430 4498 2703 4570 Virginem
2746 4497 2877 4568 quid
2913 4496 3286 4552 delectabilius
3317 4496 3427 4564 agit
3469 4496 3522 4550 in

1955 4597 2254 4658 stuporem,
2303 4589 2502 4658 quidve
2539 4588 2912 4644 admirabilius
2969 4587 3267 4642 Eeclesiam
3316 4584 3523 4644 Christi

1955 4681 2208 4747 delectat,
2251 4698 2412 4750 quam
2452 4683 2568 4737 inec
2604 4683 2760 4752 virgo
2790 4681 3085 4750 singularis
3127 4678 3371 4747 Agatha?
3405 4693 3527 4747 quae

1958 4770 2177 4840 quidem
2217 4771 2482 4842 sapientis
2513 4773 2674 4842 Regis
2703 4773 2930 4826 consilio
2973 4772 3264 4833 obsecuta,
3295 4783 3402 4822 non
3436 4783 3526 4822 so-

1954 4861 2064 4917 lum
2088 4863 2155 4916 de
2181 4863 2440 4932 primitiis
2466 4864 2712 4933 corporis
2737 4862 2846 4927 sui,
2875 4863 2967 4916 sed
2992 4863 3155 4916 etiam
3189 4861 3256 4916 de
3284 4871 3392 4915 tota
3425 4876 3522 4916 sua

1955 4955 2256 5023 substantia
2309 4957 2682 5009 honorandum
2723 4956 2824 5009 sibi
2868 4954 3106 5009 decrevit
3157 4953 3350 5008 Deum.
3388 4953 3522 5009 Cum

1953 5046 2098 5102 enim
2127 5044 2482 5100 nobilissimis
2503 5053 2648 5099 esset
2668 5053 2787 5099 orta
2815 5045 3084 5100 natalibus
3116 5045 3169 5099 in
3205 5047 3336 5100 urbe
3366 5043 3526 5100 Cata-

1955 5135 2244 5201 nensium,
2278 5150 2504 5204 corpore
2546 5135 2944 5204 pulcherrima,
2987 5136 3194 5190 divitiis
3233 5135 3522 5204 opulenta,

1932 5229 2260 5297 eloquentia
2297 5228 2676 5307 sermonisque
2709 5227 2888 5297 lepore
2921 5228 3291 5293 admirabilis,
3328 5226 3525 5282 virtute

1952 5320 2253 5390 prudentia:
2283 5318 2571 5389 conspicua
2593 5360 2608 5386 ,
2643 5319 2918 5390 animique
2954 5319 3271 5374 fortitudine
3302 5314 3522 5385 praedita

1946 5410 2247 5480 singulari,
2301 5411 2416 5466 haec
2469 5411 2682 5482 aliaque
2733 5410 2980 5481 corporis
3040 5408 3319 5474 animique
3362 5419 3526 5459 orna-

1947 5512 2129 5559 menta
2176 5502 2384 5572 singula
2417 5503 2637 5559 Christo
2671 5503 2809 5567 Deo,
2843 5501 3068 5570 ejusque
3105 5497 3296 5552 honori
3325 5505 3379 5552 ct
3409 5495 3528 5566 gio-
3596 5525 3600 5530 -
