3942 6218
283 243 414 309 I289

1441 235 1723 296 ORATIO
1760 235 1842 294 IN
1883 237 1940 295 S-
1985 229 2374 296 AGATHAM.

3384 231 3542 297 ’1200

278 373 551 433 agrorum,
588 356 873 420 silvarum,
903 367 968 408 ac
993 349 1260 423 pecudum
1297 349 1649 406 detrimento.
1703 347 1850 406 Con-
1881 357 1925 412 Α
1953 349 2252 404 funiculum
2273 348 2592 404 coccineum
2614 361 2678 401 ex
2707 346 2949 402 fertestra
2977 345 3171 401 Baltah
3197 363 3520 417 appensntn,

281 455 396 525 tigit
421 465 574 516 vero,
613 445 873 510 Kalendis
901 443 1033 515 ipsis
1059 441 1340 499 Februarii
1371 442 1502 497 anni
1537 442 1842 512 insequen-

281 547 348 601 tis
369 545 540 600 beatae
565 539 795 612 Agathe:
819 536 1166 608 martyrium,
1189 543 1250 588 ut
1276 531 1544 589 dill'ractis
1573 533 1752 589 IEtnte
1774 531 1853 585 la-

281 637 485 690 teribus
517 631 818 687 Tartareus
842 643 908 683 ac
933 625 1259 684 faeculentus
1281 624 1442 696 ignis,
1467 623 1844 678 vehementius

279 727 436 782 solito
469 723 851 790 effervescens,
894 717 1165 790 eruperit,
1196 730 1262 772 ac
1311 715 1610 786 praecipitis
1635 715 1847 786 spatio-

281 819 429 886 sique
463 813 720 868 torrentis
767 812 942 866 instar
992 805 1408 872 debacchando,
1436 804 1594 860 obvia
1622 817 1852 874 quasque

281 905 604 969 devastarit,
643 913 945 969 cursusque
985 897 1250 954 adversus
1289 893 1624 951 Catanenses
1661 909 1851 966 pagos,

281 997 576 1064 urbemque
608 993 784 1063 ipsam
814 988 1102 1045 direxerit.

248 1086 260 1097 '
347 1087 434 1142 3i.
471 1083 610 1152 Quid
642 1081 855 1138 consilii
886 1096 1155 1152 paganam
1213 1093 1434 1157 gentem
1466 1081 1613 1136 illam
1644 1080 1853 1135 crebris

281 1187 434 1234 terrae
457 1173 902 1232 succussionibus
933 1183 988 1230 et
1011 1174 1226 1234 bombis
1261 1175 1735 1248 perterrefactam,
1773 1174 1855 1226 in-

277 1271 563 1338 cendiiqtte
611 1258 1210 1338 profluentis'horrore
1267 1267 1566 1338 stupidum,
1616 1280 1681 1321 ac
1717 1279 1854 1335 pene

278 1361 643 1419 exanimatam
686 1361 896 1429 cepisse
926 1361 1188 1431 'putatis?
1217 1359 1277 1416 In
1316 1358 1376 1416 re
1424 1361 1564 1416 adeo
1617 1357 1851 1428 trepida,

279 1457 354 1512 sic
391 1455 605 1509 volente
638 1452 892 1520 Numine,
929 1454 984 1508 in
1027 1463 1267 1509 mentem
1298 1451 1406 1508 illis
1451 1451 1601 1507 venit
1647 1449 1856 1520 angeli-

280 1569 396 1609 cum
418 1550 698 1608 oraculum
724 1551 791 1604 ad
824 1539 1048 1620 Agathae
1071 1559 1236 1621 caput
1261 1549 1590 1621 depositum,
1620 1547 1689 1603 de
1721 1546 1859 1604 libe-

279 1645 488 1700 ratione
533 1643 721 1714 patria:
780 1643 883 1698 sibi
936 1642 1228 1714 promissa.
1289 1643 1514 1697 Animos
1553 1641 1718 1711 igitur
1747 1629 1850 1694 sibi

282 1735 581 1790 facientes:
621 1734 987 1802 Festinemus,
1029 1734 1301 1804 inquiunt,
1331 1733 1398 1788 ad
1432 1743 1632 1789 nostrae
1667 1731 1844 1802 Virgi-

281 1827 363 1881 nis
397 1825 712 1896 scpulcrum
747 1843 760 1879 :
795 1823 951 1893 cujus
981 1840 1138 1895 opem
1174 1840 1318 1881 nunc
1370 1825 1604 1894 primum
1637 1823 1850 1894 publice

279 1916 651 1986 imploramus.
680 1916 840 1973 Certa
864 1917 1008 1972 enim
1053 1925 1139 1980 est
1186 1917 1240 1973 in
1274 1917 1486 1975 caelesti
1517 1915 1640 1986 ejus
1677 1917 1853 1987 epita-

277 2007 408 2076 phio
459 2007 725 2079 descripta
799 2009 1083 2079 promissio
1118 2009 1186 2064 de
1249 2008 1440 2079 patriae
1489 2008 1852 2076 liberatione,

279 2113 458 2170 neque
489 2101 555 2154 de
583 2109 693 2154 tam
741 2115 948 2171 magna:
971 2101 1229 2173 martyris
1251 2100 1492 2156 eliicacia
1525 2100 1850 2156 meritorum

279 2192 419 2262 apud
449 2191 638 2258 Deum,
668 2207 846 2264 neque
871 2193 938 2248 de
961 2207 1230 2263 propensa
1268 2202 1471 2248 nostra:
1511 2193 1737 2262 virginis
1797 2194 1852 2247 itt

281 2283 506 2355 patriam
537 2285 834 2348 voluntate,
855 2283 1260 2354 ambigendum.
1286 2285 1440 2350 Quod
1479 2283 1524 2337 si
1555 2285 1682 2338 olim
1724 2283 1853 2337 duo-

280 2391 396 2431 rum
422 2375 788 2447 fratrum;(l2)
813 2375 1016 2430 civium
1047 2383 1356 2429 nostrorum
1391 2374 1654 2428 naturalis
1682 2374 1858 2442 pietas

278 2481 402 2538 erga
427 2474 678 2537 parentes
709 2466 880 2522 valuit
907 2463 1122 2520 Etnma
1163 2464 1414 2521 incendia
1465 2465 1754 2532 remorari,
1788 2479 1857 2519 ne

277 2573 338 2614 se
361 2560 706 2625 devorarent,
747 2568 802 2613 et
847 2559 973 2628 quia
1009 2558 1113 2626 piis
1155 2557 1394 2612 lmmeris
1423 2557 1709 2626 impositos
1735 2556 1856 2611 illos

281 2650 580 2718 auferrent,
615 2651 666 2704 in
703 2651 856 2720 cujus
874 2650 947 2718 pii
975 2649 1238 2704 facinoris
1262 2649 1580 2704 memoriam
1617 2645 1852 2716 majores

281 2744 452 2810 nostri
494 2742 728 2814 illis(l$)
759 2757 947 2797 sacros
986 2743 1225 2797 honores
1270 2741 1696 2812 impenderunt;
1728 2739 1858 2810 quid

281 2835 461 2890 facere
494 2849 593 2904 par
631 2841 715 2888 est
764 2842 1006 2890 nostram
1043 2835 1168 2888 item
1203 2835 1376 2890 civem
1407 2834 1696 2906 Agatham,
1735 2849 1857 2906 qua

283 2943 353 2983 ne
384 2927 550 2982 Deum
603 2936 868 2989 nostrum.
915 2942 980 2982 ac
1037 2943 1220 2982 rerum
1272 2927 1518 2982 omnium
1571 2938 1853 2998 parentem

1955 442 2045 510 qui
2086 444 2153 496 ad
2190 441 2274 496 sui
2305 449 2678 510 conspectum,
2724 449 2944 518 propter
2963 441 3128 495 vitam
3165 441 3376 496 duobus
3409 455 3533 496 tan-

1959 544 2066 586 tum
2115 531 2377 588 Israelitis
2417 539 2688 587 servatam
2733 531 2934 586 meruit
2967 541 3131 586 totam
3161 531 3278 600 ejus
3311 535 3530 588 domum

1958 627 2283 682 incolumem
2316 626 2578 681 servare?
2605 624 2791 694 Turpe
2813 624 2957 678 enim
2980 625 3149 679 fuerit
3191 626 3350 693 hujus
3377 628 3533 681 malm

1956 718 2084 772 olim
2119 718 2451 772 muliercula:
2481 717 2672 770 vittam
2726 731 2849 771 cum
2906 718 3216 771 venerando
3251 717 3534 786 virginalis

1957 814 2152 884 capitis
2181 813 2432 866 conferre
2475 809 2763 864 velamine.
2801 807 3124 864 indecorum
3167 811 3331 864 etiam
3377 808 3535 864 fuerit

1959 917 2042 960 ter
2071 905 2332 974 optimam
2362 903 2630 974 Agatham
2660 901 2853 956 alienis
2881 901 3242 968 ornamentis,
3268 911 3322 956 et
3343 918 3536 956 emen-
3567 921 3590 932 ~

1956 995 2156 1049 dicatis
2206 993 2346 1048 fucis
2404 1006 2697 1057 exornare,
2725 999 2856 1046 ‘cum
2909 991 3026 1060 ipsa
3071 988 3235 1046 satis'
3264 1006 3538 1062 superque

1958 1086 2194 1156 propriis
2222 1085 2472 1140 laudibus
2520 1083 2840 1153 meritisque
2887 1081 3185 1152 praecellat.
3238 1081 3424 1137 Liceat
3456 1091 3538 1136 ta-

1959 1195 2080 1232 men
2115 1178 2219 1233 hoc
2242 1175 2483 1246 Virginis
2514 1177 2760 1232 velamen
2799 1187 2960 1230 sacro
2992 1176 3268 1244 pontillcis
3297 1175 3534 1228 Aaronis

1960 1270 2236 1325 thuribulo
2269 1283 2610 1338 comparare,
2641 1269 2786 1340 quod
2813 1284 2935 1324 cunt
2968 1269 3056 1322 ille
3101 1269 3225 1338 igne
3269 1267 3538 1336 tltureque

1960 1361 2242 1430 replesset,
2269 1372 2570 1430 contraque
2593 1361 2905 1416 incendium
2928 1359 3241 1431 objecisset,
3265 1359 3534 1413 Stetisset-

1958 1470 2067 1525 que
2095 1456 2237 1510 inter
2270 1463 2518 1510 mortuos
2555 1468 2618 1509 ac
2673 1453 2942 1520 viventes,
2997 1453 3262 1508 continuo
3294 1451 3542 1507 cessavit

1959 1547 2136 1617 plaga.
2175 1546 2286 1602 Hoc
2320 1547 2466 1601 enim
2504 1546 2749 1600 velamen
2786 1561 2910 1601 cum
2944 1561 3008 1600 ex
3043 1547 3272 1614 Agathze
3330 1555 3537 1599 attactu

1958 1651 2148 1692 sacros
2171 1638 2433 1706 quosdam
2467 1638 2571 1694 sibi
2604 1637 2805 1692 odores
2837 1637 3179 1701 imhihissct,
3215 1651 3446 1707 cumque
3477 1653 3539 1691 se

1958 1747 2022 1787 ac
2055 1732 2332 1786 dominam
2363 1732 2580 1803 ignibus
2601 1731 2872 1800 iacentem
2900 1742 3172 1786 servasset
3209 1731 3535 1786 incultum-nt

1961 1839 2026 1879 ac
2074 1825 2320 1890 illaesum,
2361 1823 2677 1895 hujusntodi
2720 1823 3030 1896 promeruit
3073 1824 3339 1880 adversus
3390 1825 3543 1896 ignes

1960 1918 2220 1988 potentiae
2270 1919 2710 1986 praerogativam,
2772 1928 2832 1972 ut
2895 1919 2964 1972 ad
3001 1919 3083 1972 sui
3125 1919 3380 1974 intuitum
3406 1923 3538 1974 ode.-

1959 2017 2184 2077 remque
2207 2007 2460 2062 incendia
2490 2007 2672 2062 omnia
2705 2008 3162 2074 contremiscunt,
3195 2019 3360 2079 atque
3393 2012 3539 2066 illico

1957 2100 2264 2167 sopiantttr,
2294 2099 2414 2153 sine
2447 2098 2610 2153 ullius
2642 2097 2887 2152 mortalis
2923 2100 3320 2154 internecione.
3487 2163 3492 2166 _

2027 2189 2118 2244 55.
2153 2187 2342 2243 Liceat
2379 2188 2544 2244 etiam
2572 2188 2664 2243 hic
2695 2187 2991 2244 Mosaicam
3021 2205 3206 2244 arcam
3245 2201 3372 2246 ante
3403 2207 3538 2248 ocu-

1958 2281 2040 2338 los
2065 2290 2279 2337 vestros
2326 2295 2653 2351 proponere,
2704 2295 2828 2350 quae
2870 2281 2960 2336 ubi
3017 2275 3270 2338 Jordfnis
3323 2283 3536 2341 alteum

1959 2373 2307 2430 sacerdotum
2329 2373 2542 2428 invecta
2575 2373 2819 2428 humeris
2847 2373 3091 2438 intravit,
3125 2374 3537 2431 admirabunda:

1959 2471 2230 2518 steterunt
2281 2478 2456 2533 aquai,
2492 2473 2547 2518 et
2585 2465 2786 2519 montis
2843 2463 3020 2520 instar
3075 2465 3534 2532 intumesceham,

1961 2571 2137 2625 neque
2170 2540 2255 2609 ad-
2288 2571 2410 2610 eam
2446 2556 2724 2611 audebant
2770 2557 3058 2620 accedere,
3113 2573 3308 2627 nempe
3366 2560 3538 2615 divini

1957 2643 2210 2703 Numinis
2250 2647 2596 2717 praesentiam
2623 2655 2684 2702 et
2731 2649 3101 2717 tuajestatem,
3145 2667 3210 2704 eo
3241 2665 3348 2720 quo
3380 2661 3539 2720 pote-

1959 2750 2086 2805 rant
2126 2742 2304 2806 modo,
2361 2743 2628 2797 reveritte.
2675 2742 2982 2810 Spectastis
3035 2743 3232 2796 Arcam
3274 2742 3536 2798 Jordanis

1959 2851 2129 2906 aquas
2157 2835 2510 2899 dividentem,
2546 2847 2850 2903 earumque
2879 2851 3072 2890 cursus
3108 2851 3478 2892 remnrantem
3507 2839 3530 2892 ?

1961 2928 2156 2994 Quaeso
2188 2943 2350 2992 nunc,
2373 2927 2573 2983 mentis
2594 2929 2768 2982 oculis
2788 2929 3081 2998 perspicite
3109 2929 3321 2985 {Etttma
3357 2932 3540 2986 incert-

283 3019 578 3082 desereret,
617 3019 668 3071 in
705 3017 854 3072 vivos
902 3019 1058 3087 ignes
1100 3025 1377 3088 testasque
1407 3019 1706 3073 candentes
1731 3017 1856 3088 inji-
1882 3044 1925 3101 ο
1961 3021 2072 3085 dia,
2124 3019 2277 3089 quasi
2331 3019 2629 3089 liquefacta
2677 3022 2890 3076 metalla
2935 3024 3197 3078 torrentis
3232 3025 3408 3078 instar
3441 3027 3570 3081 de-'

280 3109 327 3161 ci
361 3123 512 3178 passa
539 3117 622 3164 est
642 3149 658 3174 ,
683 3117 738 3163 ct
777 3124 898 3178 qua:
923 3125 990 3163 ne
1025 3109 1185 3164 fidem
1215 3111 1485 3166 castitatis
1513 3109 1736 3166 Christo
1764 3125 1854 3166 se-

282 3199 387 3252 mel
435 3199 615 3254 datam
681 3200 990 3271 frangeret,
1056 3203 1339 3258 mortalem
1393 3204 1561 3258 vitam
1625 3204 1860 3259 libenter
1907 3225 1914 3230 ’

277 3289 453 3344 voluit
505 3291 878 3358 profundere?
907 3292 1059 3357 Quod
1113 3294 1157 3346 si
1195 3294 1464 3362 Agatham
1501 3295 1678 3348 adhuc
1709 3311 1859 3348 mor-

279 3380 462 3442 talem,
495 3395 592 3448 pro
615 3378 833 3437 Christo
861 3383 1104 3436 (‘Ultlltlll‘i
1135 3393 1506 3452 exoptantem,
1541 3385 1856 3438 carniﬁcum

279 3472 528 3526 incendia
558 3474 828 3545 attingere
853 3491 958 3529 non
988 3475 1284 3541 audebant,
1333 3475 1580 3546 nunquid
1611 3477 1855 3546 ejusdem

279 3565 543 3632 nolentis,
581 3583 704 3638 quae
733 3569 844 3634 jam
882 3582 1048 3638 prope
1078 3567 1357 3622 Christum
1394 3567 1602 3622 assistit
1636 3569 1858 3622 immor-

277 3659 487 3714 talitale
527 3659 750 3724 donata,
801 3660 1036 3730 patrium
1068 3659 1266 3723 solum,
1335 3659 1525 3715 urbem
1575 3661 1852 3728 civesque,

275 3766 496 3821 suaeque
532 3752 832 3806 nativitatis
863 3751 1152 3819 palatium,
1204 3766 1266 3806 ac
1306 3763 1660 3806 sacrosancta
1711 3768 1854 3804 mar-

279 3843 414 3912 tyris
469 3853 816 3899 monumenta
877 3842 1148 3897 audebunt
1193 3839 1272 3896 hi'
1316 3840 1646 3911 proﬂuentes
1703 3843 1856 3910 ignes

272 3935 550 3989 obruere?
593 3933 816 3988 Minime
885 3935 1168 3990 enimvero
1240 3935 1330 3989 hic
1387 3933 1578 4006 igneus
1643 3943 1856 3989 torrens

270 4025 634 4082 Catancnsezn
657 4026 902 4081 tellurem
938 4027 1194 4096 attinget,
1245 4041 1365 4094 quae
1391 4027 1620 4096 virginis
1653 4027 1856 4080 recenti

275 4117 460 4172 adhuc
481 4133 675 4174 cruore
700 4133 968 4188 respersa,
999 4119 1231 4172 validius
1253 4119 1396 4188 apud
1431 4119 1596 4172 Deum
1629 4119 1852 4184 clamat,

271 4225 438 4279 quam
465 4211 647 4266 Abelis
672 4213 928 4282 sanguis:
959 4211 1190 4280 ideoque
1223 4211 1357 4264 nihil
1379 4211 1538 4265 nobis
1557 4211 1855 4280 desperan-

271 4303 403 4354 dum
435 4309 541 4367 est,
581 4304 890 4356 recentibus
918 4311 1024 4356 tam
1050 4302 1202 4356 bona:
1233 4301 1370 4372 civis
1397 4301 1624 4371 Agatho:
1649 4304 1858 4358 meritis
1887 4328 1896 4336 -

1887 4399 1932 4455 D
1961 4409 2096 4450 sane
2121 4395 2347 4466 virginis
2387 4397 2610 4465 Agntlne
2637 4395 2881 4450 velamen
2914 4413 2940 4450 a
2973 4399 3183 4455 civibus
3217 4403 3332 4458 suis
3361 4395 3414 4456 in
3454 4419 3546 4458 su-

271 4394 766 4461 patrocinantibus.
1047 4437 1056 4446 .
1131 4466 1133 4468 η
1638 4460 1647 4468 κ

347 4484 438 4540 52.
495 4484 619 4540 [iam
675 4485 750 4540 illi
807 4487 1178 4558 colloquentes
1227 4487 1293 4542 ad
1345 4497 1550 4557 sancta:
1599 4489 1854 4559 martyris

269 4577 591 4646 sepulcrum
667 4576 998 4632 festinantes
1044 4588 1362 4640 accurrunt,
1402 4593 1591 4647 preces
1627 4579 1858 4633 fundunt

269 4681 326 4724 et
363 4670 658 4740 Iacrymas,
688 4670 888 4734 velum,
922 4671 1067 4740 quod
1099 4671 1360 4741 virginale
1391 4687 1590 4743 corpus
1623 4674 1856 4741 tegebat,

267 4763 598 4827 extrahunt,
625 4762 818 4818 bacillo
835 4765 888 4818 in
906 4771 1088 4819 aerem
1112 4764 1380 4819 extollunt
1408 4783 1421 4819 :
1445 4765 1628 4832 itaque
1653 4767 1852 4819 armati
1893 4777 1899 4782 '

269 4854 618 4923 “dentesque
638 4856 1019 4924 grassantibus
1039 4855 1309 4910 incendiis
1331 4857 1547 4910 obviam
1571 4857 1855 4926 prodeunt.

261 4943 469 5000 Mirum
505 4938 662 5001 vis'u:
712 4946 858 5001 illico
904 4947 1220 5016 praecipites
1255 4947 1328 5001 illi
1385 4956 1662 5002 torrentes
1687 4947 1851 5013 ignei,

261 5038 429 5106 quasi
483 5037 774 5108 praesentis
819 5037 1062 5107 Virginis
1115 5041 1436 5106 potentiam,
1481 5055 1545 5093 ac
1603 5041 1856 5108 martyris

263 5125 615 5192 majestatem
664 5127 907 5192 reveriti,
944 5144 1166 5194 cursum
1204 5131 1426 5192 sistunt,
1493 5131 1698 5182 rabiem
1759 5145 1854 5198 po-

270 5229 437 5286 nunt,
497 5220 736 5276 calorem
773 5221 1150 5294 exstittguunt.
1209 5221 1348 5289 Quid
1410 5223 1495 5277 hic
1567 5224 1852 5292 praedicem

341 5380 464 5454 (12)
489 5380 712 5452 Egimus
749 5383 931 5454 deliis
965 5383 1227 5440 fratribus
1267 5385 1360 5442 31.
1400 5385 1524 5440 Jan.
1564 5385 1632 5440 ad
1673 5385 1850 5438 Vitam

255 5453 444 5510 sancti
470 5454 768 5526 _A_thattasii
795 5453 1165 5510 Methonensis
1213 5457 1448 5526 episcopi
1469 5472 1516 5511 c.
1531 5457 1586 5516 2.
1607 5473 1660 5511 n.
1680 5457 1732 5510 ’5.
1753 5455 1851 5512 Ubi

265 5541 287 5595 ς
323 5523 725 5595 Amphittmnus
741 5535 793 5579 et
827 5526 1068 5592 Anapias
1110 5545 1127 5576 i
1151 5523 1527 5595 appellantur,
1561 5527 1649 5582 hic
1681 5544 1707 5579 a
1744 5527 1844 5580 Va-

255 5593 405 5667 lerio
434 5594 668 5667 Maximo
707 5595 1008 5667 «Anapus,i
1050 5599 1117 5650 ah
1147 5593 1268 5650 aliis
1303 5617 1322 5648 ε
1345 5599 1588 5667 Anapius
1619 5609 1674 5667 et
1703 5601 1844 5650 Ana-

252 5663 374 5732 pis.
419 5682 438 5715 ι
478 5661 806 5734 Syracusani
844 5661 991 5720 cives
1020 5682 1148 5722 suos
1175 5668 1342 5738 fuisse
1379 5661 1553 5735 aiunt,
1593 5686 1609 5718 ι
1641 5666 1840 5724 Emon-

549 5758 821 5823 PATROL.
871 5761 986 5824 Gn.
1036 5761 1108 5824 C.

1963 3113 2260 3180 currentia,
2331 3125 2495 3182 atque
2547 3113 2710 3169 obvia
2767 3129 3020 3184 quaeque,
3057 3115 3240 3170 .etiam
3299 3117 3542 3187 lapideo.

1964 3216 2200 3268 montes,
2230 3205 2378 3260 velut
2411 3221 2594 3260 ceram
2625 3206 2980 3262 dissolventia
3012 3224 3027 3262 :
3055 3223 3285 3278 quorum
3317 3213 3540 3267 ardores

1961 3310 2285 3364 cursusque,
2313 3311 2490 3364 neque
2539 3296 2788 3367 ingentes
2831 3296 3031 3364 fontes,
3080 3315 3258 3370 neque
3290 3301 3440 3357 ﬂuvii
3474 3321 3541 3359 ex

1961 3385 2269 3454 liquefactis
2340 3386 2556 3440 nivibus
2615 3399 2992 3452 occurrentes,
3039 3391 3390 3462 exstinguere
3461 3399 3540 3447 ιιι-Ι

1966 3487 2114 3531 certe
2141 3477 2392 3547 mitigare
2415 3487 2731 3548 potuerunt.
2761 3478 2870 3534 Sed
2909 3479 3036 3549 quid
3069 3478 3252 3535 fontes
3283 3482 3540 3551 ﬂuviique

1960 3567 2180 3622 valeant
2210 3566 2475 3623 adversus
2506 3577 2614 3622 tam
2645 3583 2900 3640 magnum
2928 3571 3145 3640 igneum
3195 3572 3538 3642 proﬂuvium,

1961 3675 2083 3714 cum
2117 3662 2245 3714 illud
2285 3661 2458 3731 ipsum
2488 3660 2696 3716 Ionium
2745 3678 2897 3718 mare
2927 3680 3054 3719 snas
3090 3671 3334 3722 comburi
3367 3687 3540 3733 aquas

1961 3751 2063 3804 olei
2105 3752 2276 3806 instar
2323 3753 2632 3822 pertulerit,
2673 3754 2902 3825 ideoque
2954 3758 3096 3812 intra
3135 3761 3386 3816 humidus
3417 3779 3543 3831 pro.

1961 3843 2265 3913 fundosque
2291 3847 2448 3899 sinus
2470 3861 2596 3900 suos
2616 3845 2794 3901 locum
2818 3846 2894 3902 illi
2927 3851 3212 3916 concedat,
3239 3870 3302 3907 :tc
3331 3854 3542 3922 fugiens

1961 3938 2184 4007 antiqua
2247 3938 2431 3994 littora
2482 3950 2716 4004 mutare,
2773 3941 3041 4010 longeque
3096 3959 3155 3998 se
3212 3949 3541 4000 contrahere
3608 3985 3616 4014 ε

1959 4027 2314 4094 oportuerit?
2365 4027 2498 4081 Cum
2561 4029 2723 4097 igitur
2787 4031 2922 4085 nihil
2978 4032 3073 4084 alti
3116 4015 3538 4090 durissimorum

1959 4117 2197 4186 lapidum
2263 4128 2494 4182 montes,
2549 4131 2821 4188 rupesque
2875 4122 3146 4191 ingentes,
3195 4122 3325 4176 nihil
3373 4125 3539 4177 etiam
3608 4117 3616 4148 '-

1960 4209 2240 4263 initnicum
2278 4209 2442 4263 maris
2473 4209 2828 4272 elenteutum,
2883 4221 3090 4285 contra
3113 4213 3268 4282 ignes
3295 4214 3540 4269 Aﬂtnaeos

1961 4301 2147 4356 conari
2181 4311 2425 4367 possent,
2461 4305 2691 4372 ejusque
2742 4303 2887 4357 vires
2915 4305 3234 4371 retundere;
3283 4307 3534 4377 exiguum

1961 4487 2129 4542 blime
2163 4489 2390 4552 elatum,
2431 4488 2721 4558 ventisque
2745 4491 3056 4560 expositum
3090 4492 3310 4556 (mirum
3345 4495 3541 4566 dictu),

1967 4579 2214 4646 protinus
2241 4589 2292 4631 et
2346 4578 2594 4632 incendia
2629 4579 2898 4634 eXstinsit
2928 4589 2981 4634 et
3013 4582 3261 4650 rapidum
3319 4601 3540 4636 νηνεμίη

1973 4673 2250 4740 repressit.
2275 4671 2332 4724 ltt
2365 4671 2521 4740 cujus
2547 4671 2796 4740 praeclari
2840 4656 3107 4728 facinoris
3135 4687 3546 4730 monutttetttuttt

1968 4763 2254 4835 [ABC'UICIHR
2297 4762 2384 4816 illa
2436 4761 2685 4816 incendia
2725 4765 2777 4815 itt
2815 4765 3016 4818 arduos
3065 4776 3278 4821 montes
3317 4769 3548 4824 horren-

1969 4856 2100 4910 tium
2156 4869 2440 4921 saxorum,
2520 4864 2953 4924 exttslat'umque
2985 4856 3196 4926 rupium
3255 4873 3546 4923 conversa,

1965 4960 2064 5014 pro
2123 4957 2330 5000 aeterno
2403 4945 2690 5015 virginalis
2749 4945 2993 5000 victoriae
3065 4948 3309 5018 trephzeo
3362 4963 3550 5005 erecta

1964 5036 2297 5100 subsistunt,
2355 5037 2820 5105 comprobantquc
2876 5040 3084 5093 oraculi
3133 5042 3422 5098 veritatem
3471 5044 3538 5095 de

1963 5130 2154 5198 patria:
2207 5125 2546 5189 liberatione,
2601 5127 2670 5182 de
2725 5133 2866 5183 curto
2923 5146 3018 5198 per
3081 5109 3300 5204 θηερεοῖ
3351 5133 3538 5188 delati.

1963 5217 2134 5284 Quam
2173 5217 2339 5270 etiam
2379 5219 2448 5272 ob
2475 5233 2700 5272 causam
2727 5220 2970 5276 velamen
3026 5223 3154 5277 illud
3207 5227 3361 5294 quasi
3394 5224 3540 5293 Aga-

1965 5385 2093 5438 tiam
2133 5392 2190 5438 et
2227 5383 2506 5440 Critonem
2546 5404 2564 5437 ι
2604 5386 2938 5444 nominatos.
2985 5387 3091 5443 Sed
3151 5389 3203 5441 in
3255 5387 3552 5444 Catancnsl

1963 5455 2212 5510 districti]
2246 5466 2398 5524 gesta
2432 5471 2518 5511 res
2551 5467 2650 5512 est.

2027 5528 2138 5595 (15)
2170 5525 2368 5582 Strabo
2397 5528 2432 5583 l.
2463 5528 2516 5582 6.
2560 5548 2578 5580 r
2614 5528 2817 5584 Horum
2850 5529 3075 5583 memori
3099 5545 3168 5580 ιιιι
3203 5527 3275 5584 ita
3316 5531 3554 5596 posteri-

1957 5609 2039 5669 tas
2105 5608 2385 5652 munerata
2437 5610 2541 5660 est,
2579 5609 2635 5656 ut
2687 5599 2921 5669 sepulcri
2974 5601 3126 5654 locus
3169 5600 3554 5658 nominaretur

1955 5668 1995 5722 C
2020 5687 2184 5736 napus
2211 5671 2444 5739 piarunt.
2495 5689 2513 5720 ι

3155 5764 3300 5825 Μ·
