3932 6214
359 235 512 304 ’1291

1399 233 1458 292 S.
1497 229 1876 292 METHODII
1915 229 2422 292 PATRIARCHE
2455 229 2564 290 (ΞΡ.

3519 229 3663 294 121γέ

383 355 489 408 tua:
522 349 778 406 vexillum
801 347 869 405 de
899 347 1026 419 igne
1052 344 1451 416 triumphantis
1475 345 1598 400 lauto
1635 345 1956 416 populorum
1989 352 2032 408 Α
2064 345 2263 400 ibidem
2295 341 2632 398 olferendum
2684 347 2957 406 curasset,
3012 354 3252 410 suasque
3284 357 3481 409 preces
3523 361 3660 400 cum

383 444 576 515 plausu
615 440 1041 503 circumfusum,
1105 438 1160 492 iu
1199 443 1408 500 arcam,
1463 437 1514 490 iu
1546 453 1649 506 qua
1689 439 1794 490 dux
1843 438 1955 506 ipsa

375 535 622 592 victoria!
647 533 982 604 quiescebat,
1033 529 1298 586 inclusqu
1348 527 1470 597 fuit,
1511 539 1570 583 ut
1613 529 1802 597 majori
1834 545 1957 583 cum

381 625 730 682 veneratione
783 637 848 678 ac
887 622 1092 694 pietate
1128 623 1181 676 in
1229 622 1479 677 adversis
1529 622 1720 690 patriae
1799 624 1960 678 rebus

383 724 714 773 servaretur.

454 807 547 862 54.
583 805 627 862 ο
671 805 904 869 centies,
957 812 1012 860 et
1069 803 1270 860 millies
1331 817 1457 859 vere
1502 805 1643 861 bona
1699 805 1870 874 virgo,
1905 813 1960 858 et

381 898 615 969 martyri
678 897 858 960 bona.
909 895 1158 967 inquam,
1193 895 1288 951 tibi
1315 910 1382 952 ac
1425 911 1623 966 sponso
1659 907 1752 953 tuo
1805 897 1963 952 Chri-

383 999 506 1057 sto;
538 989 679 1046 bona
719 989 884 1045 etiam
915 987 1126 1058 patriae,
1165 988 1380 1059 tuisque
1409 990 1642 1058 civibus,
1671 1006 1810 1061 quos
1845 1000 1956 1044 tam

385 1079 622 1135 evidenti
683 1078 947 1135 miraculo
989 1079 1286 1134 incolumes
1323 1081 1600 1135 servasti!
1665 1081 1805 1136 Vere
1855 1095 1962 1135 non

385 1179 468 1225 cst
499 1169 605 1225 alia
641 1169 857 1236 civitas,
905 1186 1028 1242 qua:
1057 1181 1280 1241 experta
1312 1171 1386 1228 sit
1408 1183 1624 1228 sanctos
1664 1174 1813 1228 cives
1837 1187 1964 1229 suos

395 1263 468 1316 ita
501 1262 606 1317 sibi
639 1263 930 1334 propitios.
967 1263 1112 1319 sicut
1142 1265 1410 1335 Agatbam
1445 1265 1594 1334 regio
1615 1263 1960 1320 Catanensis.

394 1352 583 1424 Neque
613 1369 742 1410 vero
779 1365 888 1410 tam
917 1354 1056 1410 bona
1086 1355 1242 1428 virgo
1277 1370 1406 1427 erga
1437 1371 1567 1413 suos
1598 1366 1808 1412 tantum
1837 1371 1965 1426 pro-

389 1460 610 1515 pensam
645 1445 836 1501 habuit
869 1446 1228 1513 voluntatem,
1266 1449 1361 1504 sed
1405 1449 1460 1504 in
1501 1457 1760 1504 externos
1797 1449 1964 1504 etiam

386 1550 482 1589 sua
511 1535 774 1592 beneﬁcia
801 1537 978 1608 plenis
1001 1540 1260 1613 manibus
1287 1538 1523 1596 dill’udit.
1552 1539 1794 1608 Quorum
1820 1539 1965 1594 fama

2062 435 2316 507 laciymis
2360 431 2696 496 miscuisset,
2757 430 2982 502 Agatltte
3031 433 3342 502 sepulcrum
3401 449 3663 507 compte-

2061 529 2282 590 ctendo.
2319 529 2514 599 pieque
2539 527 2935 593 exosculando,
2982 528 3035 583 in
3068 527 3240 584 levem
3276 545 3535 588 somnum
3571 534 3661 588 i2;-

2061 622 2213 677 cidit.
2265 621 2444 689 Atque
2479 619 2583 674 sibi
2617 619 2802 676 videre
2836 619 2952 674 visa
2987 629 3076 675 est
3126 621 3338 676 beatam
3375 624 3660 696 Agatbam

2065 713 2118 766 in
2145 711 2286 767 cmlo
2318 713 2464 766 inter
2504 710 2824 782 angelorum
2855 725 2921 766 ac
2963 711 3238 783 virginum
3269 715 3474 771 choros
3505 717 3664 772 clare

2063 806 2385 875 fulgentem,
2418 804 2598 874 specie
2645 817 2811 871 super
2841 817 3035 892 omnes
3075 804 3414 874 augustiore,
3447 808 3665 861 verba-

2064 913 2168 968 que
2235 896 2352 951 hzec
2401 895 2505 950 sibi
2559 903 2899 964 promentem
2919 896 3151 956 ,audire
3192 894 3402 952 :Lucia
3473 899 3660 968 virgo,

2065 988 2224 1056 cujus
2271 989 2558 1056 integritas
2595 1001 2680 1041 me
2709 987 2932 1053 invitat,
2979 997 3037 1040 ut
3074 997 3127 1042 te
3179 1004 3424 1044 sororem
3460 992 3634 1060 appel

2067 1080 2194 1145 lem,
2250 1080 2378 1150 quid
2423 1095 2524 1150 per
2573 1092 2662 1134 me
2695 1095 2725 1132 a
2779 1078 3022 1142 Clu-isto,
3069 1081 3362 1151 utriusque
3400 1093 3662 1136 nostrum

2065 1187 2306 1242 sponso,
2350 1169 2714 1226 valetudinem
2768 1171 2931 1225 matri
2973 1180 3080 1226 tum
3124 1172 3484 1242 dcprecaris?
3513 1171 3662 1227 Tute

2053 1265 2186 1336 'ipsa
2222 1275 2444 1336 propter
2469 1263 2800 1336 virginitatis
2833 1273 2938 1318 tua:
2962 1263 3150 1319 liorem
3194 1264 3467 1320 illibatum
3503 1265 3662 1319 illam

2069 1357 2398 1428 impetrasti,
2425 1367 2481 1412 et
2512 1371 2642 1412 ecce
2665 1356 2780 1426 jam
2817 1356 3124 1412 convaluit.
3161 1355 3271 1411 Sed
3319 1368 3376 1411 et
3402 1373 3526 1428 qua:
3559 1359 3661 1412 tibi

2067 1454 2303 1504 ventura
2331 1446 2462 1511 sint,
2485 1446 2749 1510 enuntio;
2775 1459 2899 1502 nam
2929 1453 3054 1515 post
3089 1445 3336 1518 martyrii
3367 1462 3662 1512 coronam,

2068 1555 2234 1611 quam
2272 1539 2424 1596 brevi
2453 1539 2670 1605 indues,
2706 1539 2912 1595 Christi
2949 1553 3148 1610 sponsa
3193 1554 3406 1595 mecum
3441 1539 3498 1594 in
3539 1554 3662 1594 ca:-

387 1640 629 1696 permota
676 1629 841 1686 Lucia
881 1631 1017 1701 (l4),
1069 1633 1223 1701 virgo
1274 1631 1416 1687 inter
1465 1629 1840 1704 Syracusanas
1873 1647 1969 1687 no-
2069 1632 2260 1688 lestem
2292 1631 2588 1687 thalamum
2643 1629 3006 1701 ingrediaris;
3045 1641 3102 1686 et
3131 1630 3278 1694 sicut
3307 1644 3403 1700 per
3435 1645 3526 1686 me
3555 1631 3660 1686 Ca-

389 1721 698 1787 bilissima,
750 1721 1034 1794 Eutychiat
1091 1725 1303 1796 parenti
1360 1725 1655 1796 sanguinis
1726 1723 1966 1808 ﬂuxioue
2002 1755 2042 1810 Β
2070 1726 2381 1781 tsncnsium
2433 1724 2628 1781 civitas
2680 1724 2990 1781 illustratur
3019 1738 3050 1778 a
3089 1723 3333 1789 Christo,
3365 1723 3440 1778 ita
3477 1739 3577 1793 per
3605 1733 3660 1777 te

382 1814 656 1870 laboranti
677 1815 974 1884 persuasit,
999 1825 1060 1871 ut
1090 1816 1355 1872 Catanam
1381 1818 1448 1872 ad
1491 1823 1698 1872 sancta:
1739 1815 1969 1886 virginis
2073 1815 2417 1888 Syracusana
2467 1826 2786 1874 exornatur.
2853 1817 3033 1888 Atque
3083 1817 3201 1873 haec
3257 1817 3434 1872 locuta
3487 1818 3661 1872 subli-

391 1908 619 1978 Agatbm
667 1909 926 1978 templum
976 1910 1400 1980 sepulcrumque
1458 1910 1621 1965 simul
1659 1919 1964 1981 pergerent.

389 1996 632 2068 Cumque
655 1997 770 2069 jam
798 1999 886 2054 illa
916 2001 1261 2056 incruentum
1297 2002 1628 2058 sacriﬁciqu
1653 2017 1752 2072 pro
1788 2012 1962 2059 matre

469 2175 578 2246 (l4)
615 2174 690 2230 De
740 2185 929 2251 sancta
977 2176 1162 2251 Luci_a_
1193 2177 1490 2251 matrisque
1524 2179 1644 2251 ejus
1677 2181 1962 2238 curatione

392 2260 636 2315 agemus,
659 2255 713 2302 et
742 2246 976 2322 plenius,
1006 2247 1072 2302 ad
1097 2248 1164 2303 15
1197 2246 1448 2305 Decemb.
1473 2246 1582 2320 quo
1610 2251 1828 2306 colitur.

2075 1911 2180 1965 mis
2208 1909 2363 1975 abiit,
2422 1918 2480 1966 et
2519 1909 2684 1967 Lucia
2722 1911 3104 1982 expergefacta
3151 1919 3432 1981 parentem
3465 1924 3662 1964 sanam

2075 2005 2282 2074 reperit
2306 2002 2442 2074 (l5).

2145 2181 2258 2252 (15)
2308 2179 2573 2237 Videntur
2609 2182 2788 2238 adhuc
2830 2180 3011 2252 aliqua
3051 2181 3259 2237 deesse.
3287 2180 3476 2252 Neque
3510 2208 3524 2234 ι
3547 2182 3666 2236 nim

2079 2251 2152 2306 ita
2187 2251 2424 2324 abrupte
2446 2252 2702 2310 desinere
2723 2251 2899 2322 potuit
2923 2251 3108 2307 tantus
3128 2261 3336 2307 orator.

724 2789 730 2794 τ
834 2631 845 2638 ε
1199 2621 1832 2736 EJUSDEM
1924 2623 2043 2736 s.
2142 2577 2856 2738 METHODII

653 2857 1389 2972 MARTYBIUM
1484 2859 1831 2947 BEATI
1920 2858 2476 2952 DIONYSII
2556 2860 3398 2954 AREOPAGITIE.

399 3027 537 3123 (Hoc
559 3049 869 3117 opusculum
897 3049 1034 3120 leges
1065 3049 1120 3102 in
1140 3050 1431 3118 appendice
1459 3047 1530 3103 ad
1563 3047 1740 3121 Opera
1771 3047 1830 3108 S.
1852 3049 2093 3122 Dionysii
2123 3051 2480 3124 Areopagitae,
2501 3051 2663 3124 hujus
2687 3050 3035 3125 Patrologic,
3061 3061 3102 3110 ι.
3133 3053 3225 3120 IV,
3253 3054 3359 3110 col.
3387 3054 3493 3115 669
3521 3059 3674 3130 686.)

3477 3253 3662 3274 _

1049 3410 1584 3501 EJUSDEM
1689 3409 2302 3502 METHODII
2387 3411 3041 3521 EPISTOLA.-

1447 3603 1598 3668 (suo.
1629 3603 1745 3662 ΜΑΙ,
1772 3601 1897 3653 Bibl.
1929 3614 2036 3654 nou.
2075 3607 2108 3652 t.
2136 3602 2194 3660 ν,
2223 3615 2272 3665 p.
2315 3601 2422 3663 ut,
2453 3602 2587 3664 267.)

407 3762 590 3818 Sancti
620 3757 873 3814 Methodii
902 3755 1222 3826 patriar-clue
1265 3751 1832 3826 Constantinopolitqni
1869 3751 1981 3826 cpi-
2012 3755 2056 3818 (ζ

475 3831 612 3886 stola
650 3831 812 3883 missa
863 3821 933 3880 ad
977 3824 1466 3896 Hierosolymorum
1508 3821 1867 3893 patriarcham
1920 3821 1985 3874 de

473 3899 796 3970 depositione
825 3904 1186 3966 apostatarum
1214 3895 1572 3949 sacerdotum.

475 4106 768 4162 Extensam
807 4119 837 4158 a
866 4111 957 4158 tua
1003 4094 1299 4156 venerabili
1333 4094 1668 4152 sublimitate
1708 4091 1982 4148 sermonis

406 4214 650 4265 manum,
680 4197 836 4254 nobis
889 4208 984 4264 per
1031 4189 1501 4262 religiosissimum
1548 4185 1772 4241 fratrem
1806 4183 1982 4238 Silva-

321 4289 328 4324 ³
405 4307 559 4359 num,
597 4289 974 4362 presbyterum
1012 4299 1077 4340 ac
1109 4281 1460 4348 monacbum,
1499 4278 1838 4348 superiorum
1869 4288 1986 4328 om-

407 4389 557 4444 nium
591 4397 766 4452 usque
810 4379 878 4436 ad
915 4393 1014 4435 nos
1049 4375 1404 4448 synodorum,
1451 4381 1664 4444 gratam
1696 4367 1984 4424 admodum

406 4491 463 4534 et
490 4475 848 4532 orthodoxam
886 4469 1120 4526 delatam
1175 4465 1487 4536 accepimus
1540 4483 1554 4518 :
1603 4472 1981 4528 vestramque,

406 4571 474 4626 de
505 4583 613 4640 qua
647 4564 978 4622 admonitam
1009 4560 1277 4616 voluimus
1309 4556 1610 4612 fraternam
1646 4563 1794 4609 tuam
1822 4552 1986 4623 pieta-

411 4674 540 4730 tem,
575 4666 722 4715 rccte
748 4665 803 4712 et
840 4651 1297 4711 indeclinabiliter
1339 4647 1589 4702 libratam
1621 4644 1982 4730 sententiam,

409 4751 640 4805 libenter
666 4743 1069 4809 intelleximus;
1105 4751 1300 4808 nempe
1346 4735 1490 4807 quod
1528 4732 1621 4788 Dei
1653 4732 1856 4787 auxilio
1901 4729 1984 4786 usi

409 4843 674 4897 fuerimus
700 4838 769 4895 ad
796 4831 1240 4906 consequendam
1272 4845 1456 4884 veram
1490 4842 1609 4898 quat
1633 4825 1828 4896 obtigit
1853 4838 1986 4878 con-

405 4933 650 4989 cordiam
685 4941 967 4997 nostram;
1003 4922 1459 4998 quemadmodum
1497 4919 1705 4976 scilicet
1739 4931 1841 4973 nos
1871 4930 1986 4970 am-

408 5025 551 5097 bigui
605 5039 706 5078 vos
753 5022 1252 5091 iuterrogavimus,
1289 5015 1558 5088 plenoque
1609 5024 1838 5068 assensu
1893 5023 1987 5063 vos

2095 3748 2201 3802 Τυῦ
2238 3747 2412 3817 ἁγίου
2456 3746 2750 3802 Μεθοδιόυ
2787 3749 3157 3818 πατριάρχου
3187 3756 3674 3814 Κωνσταντινου-

2121 3843 2132 3851 ·
2158 3819 2392 3891 πόλεως
2440 3819 2739 3891 sacratam
2789 3822 3130 3889 πεμφθεῖσα
3193 3825 3345 3891 πρθις
3401 3827 3512 3879 τὸν
3559 3844 3676 3881 πα-

2157 3887 2446 3964 ⁶ςριιίηρχην·
2501 3887 2937 3964 Ἰεροσολύμῲύ
2957 3930 2971 3954 ,
3020 3892 3120 3945 ἐπὶ
3165 3887 3512 3964 κάθαὶρέσει
3554 3898 3678 3951 τῶν

2157 3958 2715 4024 ἀποστατησάντων
2747 3959 2969 4028 ἱερέων.

2158 4092 2270 4164 Τὴν
2320 4091 2644 4147 ὲκταθεϊσαν
2698 4094 2799 4164 τῆς
2846 4095 3036 4166 τιμίας
3088 4099 3526 4168 κορυφαιότητὸς
3579 4119 3676 4155 σου

2086 4184 2182 4236 τοῦ
2214 4181 2376 4252 λόγου
2421 4185 2580 4256 χεῖρα
2623 4184 2786 4255 ἡμῖν,
2825 4185 2915 4240 διὰ
2951 4186 3047 4240 τοῦ
3078 4187 3479 4245 εὐλαϐεστάτου
3517 4194 3675 4248 ἀδελ-

2089 4271 2192 4343 φοῦ
2255 4273 2578 4340 Σιλουανοῦ,
2636 4276 2732 4329 καὶ
2763 4276 3176 4350 ,πρεσϐυτέρου
3237 4283 3334 4334 καὶ
3399 4283 3675 4354 μοναχοῦ,

2089 4365 2279 4419 πασῶν
2312 4365 2418 4424 τῶν
2458 4365 2727 4421 ἀνέκαθεν
2765 4367 2960 4439 μέχρις
2991 4370 3150 4441 ἡμῶν
3184 4372 3438 4440 συνόδων,
3471 4375 3676 4428 εὐαπό-

2086 4459 2276 4514 δεκτον
2314 4459 2407 4513 καὶ
2437 4458 2690 4542 ίθύτομον
2729 4461 3066 4531 ἀπαγγέλλει
3103 4464 3382 4534 φέρουσαν
3402 4485 3414 4496 ο
3449 4468 3546 4520 καὶ
3578 4468 3677 4538 τὴν

2089 4555 2212 4607 καθ’
2238 4554 2387 4626 ἡμᾶς
2421 4552 2586 4607 αὑτοῦ
2618 4554 2748 4625 παρ’
2779 4549 2846 4627 ἦς
2872 4557 3212 4628 κεκινήμεθα
3233 4557 3554 4628 ὑπομνῆσαι
3577 4561 3676 4630 τὴν

2089 4645 2364 4717 ὑμετέραν
2395 4645 2695 4718 ἀδελφικὴν
2717 4647 3032 4703 θεοσέϐειαν
3053 4689 3068 4713 ,
3111 4648 3288 4720 ὀρθῶς
3325 4651 3422 4704 καὶ
3456 4653 3676 4722 ἀπροσ-

2089 4737 2286 4802 κλινῶς
2344 4738 2632 4812 κριθεῖσαν
2676 4739 3064 4810 ἀπεδεξάμεθα
3121 4740 3216 4796 καὶ
3261 4742 3674 4812 ἠγαπήσαμεν·

2087 4828 2162 4892 ὠς
2197 4828 2349 4900 παρά
2377 4829 2586 4901 Κυρίου
2610 4831 3059 4897 είσακουσθέντες
3091 4834 3148 4886 ὲν
3178 4836 3245 4905 τῇ
3275 4835 3550 4906 συμπνοίᾳ
3579 4836 3678 4905 τῆς

2088 4920 2324 4992 ἀληθοῦς
2355 4921 2488 4992 ἡμῖν
2522 4923 2900 5000 γεγενημένης
2927 4924 3186 4994 ὁμονοίας
3207 4941 3220 4956 ·
3256 4926 3449 4982 καθότι
3475 4928 3582 4982 οὐκ
3611 4924 3678 4998 ἦν

2089 5011 2294 5084 ἑτέρως
2327 5012 2450 5066 οὐδὲ
2483 5013 2743 5084 ἠλπίζετο
2776 5013 2954 5079 ἄλλως
2981 5016 3172 5088 φέρειν
3201 5017 3294 5070 καὶ
3332 5017 3496 5089 ἔχειν,
3533 5019 3569 5089 ἦ
3604 5019 3681 5082 ὡς

407 5113 769 5188 respondistis
816 5131 829 5166 :
871 5111 1154 5176 videlicet,
1205 5108 1532 5166 constitutos
1581 5120 1610 5160 a
1659 5102 1890 5187 Tarasio
1937 5116 1965 5155 e

2093 5105 2257 5175 ἡμεῖς
2297 5119 2362 5156 τε
2417 5103 2877 5175 περιτρεπόμενοὶ
2927 5105 3077 5174 ὑμᾶς
3121 5106 3530 5178 ὴρωτήσαμεν,
3587 5109 3682 5160 καὶ

406 5209 738 5282 Nicephoro,
761 5205 939 5263 beatis
970 5214 1026 5262 et
1051 5202 1376 5260 orthodoxis
1409 5198 1662 5256 Patribus
1692 5195 1986 5252 fratribus-

405 5318 514 5374 que
553 5300 757 5358 nostris
805 5297 1222 5364 sacerdotibus,
1269 5303 1456 5367 postea
1502 5307 1532 5347 a
1578 5290 1805 5347 veritate
1841 5287 1988 5344 deci-

405 5397 561 5461 duos,
611 5403 668 5450 et
706 5404 854 5449 reeta
899 5391 986 5446 via
1019 5396 1364 5452 exerrantes,
1399 5386 1448 5441 si
1483 5384 1520 5440 ii
1551 5399 1619 5440 ex
1649 5390 1765 5439 tota
1806 5381 1987 5438 anima

404 5501 498 5542 eos
532 5484 867 5557 paenituerit,
898 5491 954 5540 et
977 5477 1503 5560 inconsiderantiam
1565 5489 1718 5532 suam
1763 5473 1988 5530 damna-

403 5576 610 5642 verint,
631 5572 1198 5646 vitaequomutatione
1220 5569 1439 5642 dignam
1469 5566 1847 5640 pmnitentiattt
1876 5572 1985 5620 tota

406 5675 588 5725 mente
647 5676 954 5729 susceptam
1007 5663 1538 5730 demoustraverint,
1598 5668 1654 5717 et
1707 5658 1985 5714 baereseon

2095 5195 2470 5266 συντιθέμενοι
2498 5195 2658 5265 ὑμεῖς
2681 5196 3055 5266 ἀπεκρίνασθε
3075 5213 3090 5229 ·
3117 5196 3358 5269 λέγομεν
3377 5197 3442 5268 δὴ
3468 5197 3534 5250 τὸ
3551 5199 3684 5261 τοὺς

2099 5287 2198 5358 μὲν
2256 5285 2366 5340 ἀπὸ
2421 5285 2699 5357 Ταρασίου
2757 5288 2851 5339 καὶ
2879 5285 3200 5359 Νικηφόρου
3241 5287 3351 5340 τῶν
3389 5288 3683 5358 μακαρίων

2096 5378 2191 5432 καὶ
2231 5376 2528 5450 ὀρθοδόξων
2560 5377 2819 5449 Πατέρων
2863 5379 2958 5432 καὶ
3005 5377 3251 5448 ἀδελφῶν
3285 5377 3480 5450 ἡμῶν,
3514 5380 3686 5450 ἱερεῖς

2095 5447 2555 5540 καθισλιαμένους,
2586 5447 3044 5540 παρασφαλέντας
3065 5469 3126 5524 δὲ
3149 5447 3253 5540 σῆς
3275 5447 3687 5539 ἀληθείαςίκαὶ

2093 5561 2467 5634 ὠλισθηκότας
2503 5560 2611 5614 ἀπὸ
2643 5562 2742 5634 τῆς
2773 5562 2992 5627 εὐθείας
3027 5561 3150 5617 ὁδοῦ
3186 5561 3470 5633 όλοψύχως
3521 5577 3688 5633 μετα-

2094 5656 2421 5726 νοήσαντας,
2461 5653 2555 5706 καὶ
2598 5654 2696 5726 τῆς
2741 5654 2999 5720 ἀϐουλίας
3043 5653 3273 5721 ἑαυτοὺς
3315 5669 3684 5727 καταμεμφο-
