3942 6218
350 230 488 296 ῙΞΞΒ

1420 213 1785 281 EPISTOLA
1816 207 2115 271 CONTRA
2148 202 2540 267 STUDITAS.
2607 246 2616 254 .

3470 199 3606 266 1294

351 342 548 417 μένους
573 379 588 406 ν
620 341 689 411 τῇ
719 337 777 392 δὲ
806 335 1149 417 μεταμελςᾳ
1185 333 1285 403 τὴν
1314 330 1473 402 ἀξίαν
1511 328 1819 417 μετάνοιαν
1842 319 1939 392 ὅλῃ

2043 325 2314 379 auctores,
2343 328 2468 367 cum
2496 313 2689 366 horum
2722 309 3084 365 abominanda
3117 309 3416 392 cacodoxia.
3439 316 3617 369 abne~

346 401 545 505 ’γνώμη
574 401 1044 500 ἐνδεικνύμένους,
1069 401 1168 481 ida
1190 401 1320 488 τοὺς
1344 422 1453 477 τῶν
1479 420 1746 492 αἱρέσεων
1777 416 1935 486 ὲξάρ⁴

2043 409 2289 479 gaverint
2320 415 2375 461 et
2400 402 3008 466 auathctnatizaverint,
3048 418 3186 459 vera:
3221 403 3498 475 religionis
3527 407 3620 458 de-

346 543 477 599 χους
500 525 569 595 τῇ
617 522 851 594 βδελυρᾷ
878 518 1086 575 τούτων
1115 514 1410 588 κακοδοξίᾳ
1434 506 1938 583 ἀποπεμπομένους

346 617 441 671 καὶ
490 613 1032 686 ἀναθεματίζοντας,
1085 611 1215 676 τοὺς
1264 609 1367 680 τῆς
1434 604 1722 667 εύσεὸείας
1779 602 1938 673 ὅρους

344 705 749 778 όμολογοῦνας
780 702 1068 775 ἐμμένειν,
1099 703 1196 756 καὶ
1223 700 1326 772 τὴν
1359 695 1672 771 όρθοδοξὶαν
1696 685 1939 747 ἁναεοω-

351 798 573 867 μένους,
612 796 688 856 ὡς
739 793 1041 865 φυλάξαιεν
1086 793 1251 864 μέχρι
1304 790 1536 844 θανάτου
1568 787 1650 849 εἰς
1696 783 1765 837 τὰ
1810 779 1940 851 ἑξῆς

328 889 589 962 .ταύτην,
622 888 718 942 καὶ
767 885 1133 960 ὑπερθάνοιεν
1174 883 1255 946 είς
1288 881 1369 935 ἔτι
1397 879 1499 949 τῆς
1529 874 1792 949 ἀληθείας
1812 911 1827 937 9
1859 873 1941 936 εἰς

349 981 618 1052 καύχημα
644 980 829 1042 αὐτοῖς
848 1019 863 1043 ,
894 978 989 1033 καί
1010 979 1088 1040 είς
1107 970 1594 1049 ἠμέρανΧριστοῦ,
1612 968 1748 1042 πρὸς
1758 966 1819 1020 τὸ
1849 964 1943 1036 ζῆ-

352 1091 444 1126 σαι
459 1070 757 1143 ἀμηρύτως
780 1070 878 1124 καὶ
896 1069 1286 1137 ἁτελευτήτως,
1309 1066 1535 1130 τούτους
1558 1061 1938 1130 ἀποδέξασθαι,

352 1163 451 1216 καὶ
497 1165 580 1224 εἰς
630 1162 758 1223 τοὺς
802 1159 1039 1221 οἰκείους
1074 1156 1315 1227 βαθμοὺς
1344 1155 1675 1225 ἐπανάγειν,
1723 1153 1819 1207 καὶ
1865 1152 1943 1215 ὡς

352 1252 535 1304 οἰκεῖα
568 1248 704 1318 μέλη
732 1249 799 1318 τῇ
835 1245 943 1318 ἰδίᾳ
975 1246 1219 1319 ἁρμονίᾳ
1250 1244 1531 1311 συντάξαι,
1570 1243 1666 1297 καὶ
1700 1240 1942 1312 συγκλη-

356 1339 641 1412 ρὼσασθαι
686 1342 803 1404 τοῖς
845 1356 906 1393 τε
953 1339 1137 1403 ἄλλοις
1177 1339 1351 1393 ἅπασι
1400 1338 1540 1409 μετὰ
1568 1336 1730 1392 τοῦτο
1769 1336 1846 1399 ὡς
1884 1338 1942 1389 ἐν

355 1434 589 1503 δευτέρᾳ
636 1432 824 1497 τάξει,
859 1434 907 1485 εί
939 1431 1258 1503 συνορῶμεν
1309 1430 1473 1485 πάλιν
1503 1429 1622 1484 καθ’
1655 1430 1715 1483 ὃν
1750 1429 1817 1483 ἂν
1850 1430 1943 1483 καὶ

356 1525 463 1578 δέοι
506 1525 691 1596 τρόπῳ
720 1524 1070 1595 χρήσασθαι·
1113 1523 1247 1595 ἄτερ
1281 1523 1440 1594 μόνον
1476 1521 1574 1577 τοῦ
1605 1522 1940 1586 τελευταίου,

357 1617 638 1670 τουτέστιν
667 1616 895 1687 ἐσχάτου
921 1616 1016 1670 καὶ
1038 1614 1256 1685 πρώτου
1282 1613 1540 1687 ἐχθίστου
1562 1614 1662 1684 τῆς
1684 1613 1944 1686 ἀληθείας

372 1706 647 1773 Ἰωάννου,
683 1707 808 1778 μηδ’
849 1706 987 1771 ὅλως
1019 1707 1242 1760 πώποτε
1285 1704 1547 1775 φανέντος
1579 1704 1938 1776 Χριστιανοῦ,

361 1798 455 1850 καὶ
483 1798 689 1871 κλήρου
729 1798 886 1867 λόγον
914 1799 1013 1853 οὐκ
1050 1798 1353 1870 ἐσχηκότος
1384 1797 1497 1852 οὐδ’
1527 1798 1943 1861 ὲπεκτείναντος

363 1888 622 1945 ἁπάντων
656 1890 784 1944 τινί.
818 1889 1006 1945 Ταῦτα
1037 1889 1216 1962 ὀρθῶς
1240 1894 1340 1945 καὶ
1368 1890 1489 1945 λίαν
1519 1890 1702 1955 καλῶς
1743 1889 1812 1944 δι’
1839 1889 1945 1943 ὀλίο

2040 499 2380 556 iinitiouibus
2441 504 2682 552 staturos
2749 508 2810 551 se
2860 494 3283 565 promittentes,
3336 503 3390 549 et
3431 496 3618 549 ortho-

2039 592 2253 648 doxiam
2278 588 2490 660 publice
2515 586 2855 669 profitentes,
2882 595 2937 641 et
2963 587 3104 641 hanc
3126 601 3296 656 usque
3320 586 3387 641 ad
3407 572 3618 642 obitum

2042 686 2277 741 retinere
2306 683 2564 752 deinceps
2607 680 2988 751 promittentes
3020 680 3153 752 (imo
3183 690 3237 734 et
3263 696 3386 735 cum
3424 681 3620 751 gaud‘o

2042 789 2272 833 mortem
2320 791 2419 846 pro
2472 776 2703 830 veritate
2758 773 3071 842 subituros)
3126 787 3297 842 usque
3355 773 3412 827 in
3472 772 3618 827 diem

2040 871 2268 936 Christi,
2306 879 2366 924 ut
2412 880 2672 925 aeternam
2705 867 3191 937 inccssabilemque
3234 867 3395 921 vitam
3432 881 3622 921 conse-

2042 973 2315 1036 quantur;
2351 964 2472 1029 bos,
2503 964 2754 1033 inquam,
2802 972 3055 1031 oportere
3092 958 3279 1028 recipi,
3321 969 3377 1012 et
3410 958 3461 1012 in
3495 972 3622 1011 suas

2043 1060 2199 1114 sedes
2253 1056 2438 1127 reponi
2466 1096 2481 1119 ,
2537 1070 2601 1110 ac
2639 1053 2803 1110 veluti
2861 1052 3081 1123 propria
3126 1051 3367 1106 membra
3406 1049 3623 1119 corpori

2043 1152 2241 1221 aptari,
2267 1159 2322 1205 et
2349 1164 2473 1205 cum
2497 1148 2642 1204 omni
2670 1147 2878 1218 reliquo
2900 1146 3046 1201 clero
3074 1145 3352 1209 collocari,
3383 1143 3621 1199 secundo

2044 1258 2225 1303 tamen
2275 1246 2444 1310 loco,
2496 1252 2559 1298 ut
2597 1243 2857 1297 nimirum
2909 1240 3071 1297 simul
3115 1239 3498 1305 observemus,
3551 1254 3622 1292 an

2044 1338 2435 1395 convenienter
2465 1351 2523 1392 80
2564 1344 2757 1406 gerant
2783 1352 2798 1391 ζ
2830 1343 3054 1405 excepto
3084 1339 3293 1387 tantum
3321 1339 3622 1402 postremo,

2045 1446 2139 1487 seu
2175 1430 2365 1486 ultimo
2396 1443 2459 1484 ac
2486 1430 2667 1499 primo
2698 1427 2952 1483 veritatis
2976 1424 3354 1481 inimicissimo
3382 1423 3624 1485 Joanne,

2045 1523 2137 1594 qui
2172 1536 2447 1592 nunquam
2487 1535 2715 1591 prorsus
2754 1518 3102 1574 Christianus
3132 1515 3413 1586 apparuit,
3449 1529 3628 1584 neque

2051 1614 2104 1667 iu
2134 1612 2282 1667 clero
2314 1611 2495 1666 locum
2526 1607 2736 1672 habuit,
2768 1620 2948 1677 neque
2977 1618 3176 1660 munus
3192 1601 3477 1673 quodlibet
3508 1615 3629 1671 ges~

2045 1706 2138 1760 sit.
2173 1702 2270 1759 liis
2304 1712 2451 1759 recte
2486 1711 2543 1756 et
2580 1698 2968 1770 pulcherrime,
3011 1697 3076 1751 ad
3124 1695 3289 1750 breve
3342 1703 3551 1761 tempus
3596 1706 3627 1744 a

2046 1806 2226 1853 vestra
2287 1794 2530 1850 fraterna
2582 1793 2940 1864 religiositate
2992 1788 3341 1868 constitutis,
3396 1802 3466 1843 en
3521 1796 3629 1841 tcr-

2046 1889 2157 1944 tius
2182 1889 2295 1958 jam
2336 1901 2513 1942 annus
2566 1885 2791 1955 elapsus
2833 1892 2936 1949 est,
2970 1892 3303 1952 quartusque
3342 1881 3623 1948 inceptus;

361 2000 463 2054 του
489 1984 795 2056 ἐπιθεμένης
843 1985 943 2056 τῆς
990 1986 1268 2059 ὑμετέρας
1308 1985 1611 2059 ἁδελφικῇς
1649 1984 1941 2054 σεϐασμιό-

2050 1995 2225 2050 neque
2263 1979 2332 2034 ab
2378 1992 2443 2033 eo
2466 1975 2636 2032 ullum
2679 1972 3016 2046 pmnitentim
3057 1973 3327 2035 fructum,
3371 1970 3485 2025 sive
3533 1983 3629 2038 per

362 2092 546 2147 τητος,
585 2075 698 2130 ίδοὺ
731 2055 972 2150 σήμερον
1012 2055 1261 2150 τριετοῦς
1303 2055 1688 2148 πληρωθέντος
1713 2076 1941 2149 χρόνου,

2051 2072 2311 2129 humilem
2370 2082 2716 2135 sermonem,
2764 2067 2880 2122 sive
2927 2072 3023 2137 per
3059 2064 3184 2118 vita:
3237 2062 3627 2131 asperitatem,

364 2169 461 2223 καὶ
506 2170 603 2224 τοῦ
642 2170 906 2241 τετάρτου
957 2170 1311 2241 ἀρξαμένου,
1345 2168 1542 2223 οὐδένα
1596 2168 1809 2240 καρπὸν
1851 2184 1941 2238 p.5-

2047 2174 2141 2220 ant
2199 2160 2565 2219 voluntariam
2632 2157 3048 2222 solitudinem,
3092 2154 3457 2224 signiﬁcatum
3519 2151 3630 2205 ullo

365 2259 586 2324 τανοίας
643 2258 736 2314 τὸν
788 2259 882 2314 διά
922 2277 1085 2336 ,τινος
1139 2259 1573 2330 ταπεινόφρονος
1626 2257 1789 2327 λόγου
1854 2261 1941 2314 καὶ

2051 2257 2209 2312 modo
2242 2255 2620 2325 cognovimus,
2656 2261 2762 2306 etc.

368 2350 792 2422 σκληραγωγίας
841 2332 956 2422 βίου
1002 2351 1036 2421 ἢ
1085 2350 1321 2423 ἠρεμίας
1372 2348 1683 2404 έθελουσίου
1760 2347 2115 2415 δεικνύμενον
2155 2346 2310 2419 παρὰ
2390 2361 2497 2398 τινι
2545 2340 2656 2395 τῶν
2715 2340 2852 2394 ὅλων
2921 2335 3070 2408 αὐτῷ
3112 2335 3335 2391 πώποτε
3358 2332 3627 2406 εγνωμεν,

368 2458 424 2498 κ.
463 2457 517 2493 τ.
560 2439 639 2494 λ.”

472 2529 654 2602 Pergit
698 2530 999 2588 Methodius
1037 2531 1335 2602 declamare
1382 2544 1567 2591 contra
1617 2535 1908 2599 hatreticos,
1940 2534 2301 2602 prmipueque
2332 2525 2947 2602 prwdicturnjoanneui
2989 2524 3437 2590 Iuconoclastam,
3471 2526 3526 2578 in

879 2618 1031 2673 quem
1070 2601 1404 2673 Nicephorus
1446 2603 1503 2660 in
1531 2598 1900 2659 Anterrltctico
1925 2598 2015 2670 ill,
2058 2598 2175 2669 cap.
2216 2601 2251 2656 9
2281 2616 2442 2670 supra
2470 2599 2573 2655 col.
2609 2599 2738 2665 551,
2773 2598 3055 2654 invehitur.

381 2787 3623 2822 ______________________________________________________.

1280 2961 1919 3123 EJUSDEM
2005 2959 2723 3073 METHODII

1089 3197 1676 3295 EPISTOLA
1745 3195 2215 3289 CONTRA
2288 3194 2908 3285 STUDITAS.

1360 3388 1511 3441 ΙΔιισ.
1535 3350 1652 3450 nisi,
1682 3384 1919 3454 Spicileg.
1944 3388 2084 3438 Rom.
2116 3389 2154 3435 t.
2190 3383 2273 3445 Vl,
2308 3398 2358 3447 p.
2388 3384 2637 3449 uitaeq.)

1966 3559 2039 3575 ὼ

453 3696 713 3765 Sequitur
745 3694 798 3750 in
820 3694 1007 3752 codice
1034 3693 1164 3761 225,
1194 3695 1234 3750 f.
1266 3694 1361 3763 45,
1396 3703 1606 3751 tractus
1638 3710 1745 3749 non
1775 3695 1847 3749 ita
1872 3710 1937 3748 ex

2043 3708 2103 3748 ns
2124 3691 2394 3762 διαθήκης
2415 3688 2809 3758 ἐπιτελευτίου,
2844 3692 3154 3748 testamenti
3189 3708 3301 3765 quo
3333 3693 3638 3752 Methoditts

383 3783 473 3839 ille
507 3783 812 3849 confessor,
844 3784 1163 3854 patriarcha
1198 3782 1865 3854 Constan’tinopolitsnus,
1899 3783 2048 3838 circa
2085 3796 2287 3836 annum
2317 3780 2425 3835 842
2453 3778 2727 3836 catholico
2749 3779 2947 3836 robore
2973 3780 3178 3845 clarus,
3215 3793 3407 3839 contra
3446 3797 3636 3852 parum

382 3881 699 3927 reverentes
731 3870 1117 3941 patriarcbalis
1151 3871 1438 3940 dignitatis
1463 3871 1713 3927 Studitas
1744 3872 2044 3926 monachos
2075 3869 2328 3937 scripsit;
2355 3884 2516 3937 quam
2547 3868 2869 3924 sententiam
2898 3871 2953 3922 in
2978 3868 3200 3925 bomilia
3229 3885 3468 3940 quoque,
3496 3872 3639 3941 jam-

383 3959 473 4013 diu
496 3959 801 4026 deperdita,
825 3958 962 4013 dixit
995 3976 1009 4014 :
1050 3957 1214 4013 Ἀλλά
1245 3974 1310 4027 γε
1346 3958 1442 4013 καὶ
1465 3956 1524 4013 έν
1560 3957 1725 4030 ἑτέρᾳ
1749 3957 1939 4030 ὁμιλίᾳ

2043 3956 2129 4010 λιν
2169 3956 2300 4027 περὶ
2335 3955 2444 4010 τῶν
2469 3954 2654 4011 αὐτῶν
2683 3972 2855 4026 φησι·
2885 3955 2978 4028 Μὴ
3008 3956 3361 4012 συνεσθιᾶσθε
3404 3959 3638 4027 τούτοις,

391 4046 528 4116 μηδὲ
553 4045 742 4114 λέγετε
773 4045 1012 4118 χαίρειν,
1049 4046 1172 4100 ἐπεὶ
1201 4047 1251 4099 εί
1277 4048 1592 4100 κοινωνεῖτε
1626 4049 1737 4110 τοῖς
1765 4046 1952 4116 ἔργοις
1982 4043 2186 4107 αὐτῶν,
2212 4045 2272 4111 ἐξ
2302 4044 2607 4111 ἀναγκαίου
2636 4044 2695 4098 δὲ
2725 4044 2820 4096 καὶ
2859 4043 2937 4115 τῷ
2978 4045 3285 4115 άναθέματι
3311 4061 3325 4076 °
3357 4047 3453 4099 καὶ
3484 4047 3643 4103 τοῦτο

382 4133 437 4188 δὲ
466 4134 876 4204 ὑπομνήσομεν,
898 4133 975 4197 ὼς
1003 4132 1058 4186 ετ
1083 4149 1216 4187 ποτε
1236 4132 1641 4203 ἐπιστρέψειεν,
1678 4133 1913 4186 κάκεῖνα
1939 4131 2009 4184 τὰ
2033 4132 2223 4195 κακῶς
2248 4132 2531 4213 γραφέντα
2551 4131 2612 4184 οὐ
2642 4131 2898 4184 τοσούτον
2933 4133 3078 4185 κατὰ
3109 4132 3219 4185 τῶν
3256 4136 3637 4206 πατριαρχῶν,

382 4218 507 4273 ὅσον
534 4218 678 4273 κατὰ
710 4220 807 4289 τῆς
846 4218 1200 4289 Ἑκκλησίας,
1236 4219 1439 4274 ἐκεῖνοι
1478 4217 1589 4289 γὰρ
1643 4214 1844 4291 ἦσανή
1898 4219 2194 4287 Ἐκκλησία
2214 4221 2262 4272 ot
2310 4220 2401 4273 καὶ
2431 4218 2639 4288 ταύτην
2696 4216 3070 4291 στηρίξαντες,
3125 4220 3641 4292 ἀναθεματίσουσιν,

383 4306 595 4375 ἐφεῖται
624 4307 815 4378 καιρὸς
837 4307 1021 4370 αὐτοῖς
1047 4307 1366 4376 μετανοίας,
1396 4306 1511 4362 ἀλλ’
1559 4307 1657 4379 οὐχ
1711 4305 1941 4377 ίερωσύν

2086 4304 2153 4362 ιη
2198 4307 2308 4361 alia
2336 4322 2539 4376 quoque
2568 4306 2788 4361 Itomilia
2825 4311 2889 4361 de
2918 4308 3109 4362 iisdem
3138 4306 3364 4364 Studitis
3399 4311 3472 4363 ait
3500 4324 3519 4362 :
3557 4310 3641 4366 Ne

384 4406 500 4444 cum
528 4393 592 4446 iis
620 4394 896 4463 quisquam
929 4406 1191 4460 vescatur,
1226 4411 1389 4462 neque
1412 4410 1508 4449 ave
1553 4395 1628 4449 eis
1654 4395 1835 4460 dicat;
1868 4411 1988 4448 nam
2024 4394 2071 4448 si
2103 4395 2342 4466 ipsorum
2372 4393 2577 4448 actibus
2607 4395 3139 4463 communicaveritis,
3164 4399 3458 4451 necessario
3481 4399 3642 4452 etiam

384 4480 735 4535 anathematis
772 4483 1053 4550 participes
1085 4484 1251 4539 eritis.
1286 4482 1659 4538 Verumtamen
1685 4483 1783 4538 hoc
1808 4498 2009 4552 quoque
2032 4482 2497 4553 monemustquod
2523 4482 2570 4536 si
2609 4498 2788 4550 nempe
2819 4482 3152 4551 resipuerint,
3208 4494 3257 4539 et
3311 4487 3501 4556 iniquis
3532 4487 3642 4543 illis

389 4566 761 4621 maledixerint
782 4571 992 4636 scriptis
1020 4587 1125 4625 non
1149 4583 1258 4625 tam
1290 4572 1543 4625 adversus
1569 4572 1926 4639 patriarchas,
1953 4584 2113 4640 quam
2137 4580 2322 4622 contra
2355 4566 2672 4632 Ecclesium,
2702 4567 2755 4621 lii
2777 4570 2913 4623 enim
2935 4572 3227 4625 Ecclesium
3257 4575 3641 4626 constituebant

386 4653 476 4718 qui
509 4668 625 4706 eam
665 4653 979 4723 fulciebant,
1009 4666 1210 4725 tempus
1251 4657 1380 4724 ipsis
1410 4659 1482 4710 ad
1523 4657 1884 4725 pcenitendum
1915 4655 2243 4719 conceditur,
2275 4671 2377 4708 non
2405 4664 2584 4710 tamen
2634 4656 2702 4709 ad
2735 4657 2904 4710 sacris
2957 4656 3302 4728 fungendum.
3350 4659 3466 4713 luto
3514 4676 3642 4712 vero

387 4750 579 4795 contra
611 4738 861 4797 Studitas
877 4738 1110 4813 epistola
1134 4743 1277 4799 beati
1308 4743 1571 4800 Methodii
1600 4742 1877 4814 profertur
1908 4745 2031 4799 cod.
2064 4744 2195 4809 225,
2230 4743 2379 4808 L22,
2413 4760 2578 4813 quam
2613 4760 2717 4816 ego
2765 4746 2986 4800 nonnisi
3017 4747 3316 4801 breviatum
3357 4760 3420 4802 es
3447 4765 3643 4817 inagna

389 4829 477 4882 sui
506 4837 662 4897 parte
697 4829 1037 4886 decurtatam
1072 4845 1141 4886 ex
1180 4830 1369 4887 codice
1390 4831 1498 4888 215
1526 4830 1710 4903 (quem
1742 4833 2170 4887 contractiorem
2191 4832 2363 4886 altero
2386 4830 2499 4899 jam
2528 4846 2691 4900 supra
2739 4832 2850 4886 dixi
2877 4847 2929 4901 p.
2968 4832 3151 4903 ηιμ),
3189 4835 3413 4890 recitavi
3441 4834 3641 4907 Script.

390 4924 494 4971 vet.
534 4927 579 5001 ι.
608 4914 700 4983 Ill,
752 4933 808 4988 p.
847 4917 976 4973 256.
1036 4916 1134 4974 Est
1178 4928 1362 4973 autem
1412 4933 1592 4989 operte
1641 4920 1876 4990 pretium
1928 4935 2048 4973 eam
2084 4935 2231 4974 nunc
2292 4920 2557 4988 integram
2607 4919 2697 4973 hic
2740 4918 3068 4985 describere,
3137 4915 3279 4993 nulla
3320 4930 3501 4980 tamen
3546 4926 3644 4979 ad—

385 5002 533 5075 jecta
564 5005 855 5060 brevitatis
892 5019 1063 5060 causa
1093 5005 1544 5076 interpretatione
1579 5006 1798 5064 Latina.
1834 5006 1988 5074 Quod
2023 5019 2203 5063 autem
2259 5008 2521 5076 praedicto
2568 5006 2622 5061 in
2659 5004 2781 5062 loco
2828 5008 2905 5063 ait
2955 5012 3257 5067 monachus
3311 5012 3642 5080 Methodius,

389 5091 675 5161 epistolam
719 5092 862 5149 hanc
892 5094 1222 5164 patriarchae
1244 5094 1502 5151 Methodii
1531 5094 1825 5166 legendam
1850 5109 1973 5151 esse
2010 5095 2151 5164 apud
2182 5094 2470 5159 Niconem,
2500 5102 2649 5151 recte
2678 5109 2738 5151 se
2757 5094 2955 5165 habet;
2987 5099 3186 5154 etenim
3212 5116 3278 5154 ex
3297 5102 3484 5155 codice
3507 5101 3647 5155 Ara-

390 5179 517 5234 bico
553 5178 675 5235 Vat.
718 5178 845 5249 176,
870 5182 1010 5251 apud
1046 5196 1146 5237 nos
1180 5179 1378 5252 Script.
1403 5191 1503 5238 vet.
1542 5191 1583 5237 t.
1614 5184 1706 5253 IV,
1736 5199 1789 5255 p.
1820 5184 1944 5252 168,
1973 5190 2201 5254 apparet
2224 5196 2346 5237 eam
2371 5181 2423 5236 in
2463 5180 2688 5238 Niconis
2733 5184 2972 5254 typicum
3009 5184 3180 5242 fuisse
3210 5196 3508 5255 receptam.
3565 5186 3644 5242 Eu

389 5277 574 5322 autem
604 5278 663 5324 ut
694 5282 817 5324 eam
849 5270 1046 5327 recitat
1075 5269 1315 5328 Joannes
1349 5271 1636 5342 Ephesius.

461 5362 545 5415 Τὰ
578 5365 947 5436 γεγραμμένα
1003 5365 1150 5420 κατὰ
1182 5366 1276 5420 τοῦ
1334 5366 1652 5440 Νικηφόρον
1695 5367 1789 5423 τοῦ
1823 5384 1941 5422 παν

2139 5364 2253 5421 Nisi
2284 5380 2346 5420 ea
2371 5381 2492 5437 quae
2524 5377 2713 5424 contra
2750 5378 3001 5425 sanctum
3036 5369 3402 5439 Nicephorum
3437 5380 3490 5425 et
3515 5372 3647 5427 bea-

389 5453 542 5509 οσίου
575 5456 670 5511 καὶ
713 5457 994 5528 Ταρασίου
1020 5457 1116 5512 τοῦ
1146 5459 1477 5530 τρισολϐίου,
1498 5463 1547 5514 εί
1575 5461 1651 5531 μὴ
1679 5460 1941 5531 ἀναθεμα

2071 5468 2185 5514 tum
2214 5457 2500 5515 Tarasium
2521 5462 2828 5531 conscripta
2851 5470 2999 5529 sunt,
3023 5461 3647 5530 anathematizaveritis,

390 5544 659 5619 τίσητε,ἢ
690 5548 934 5620 σήμερον
964 5549 1278 5622 ἔμπροσθεν
1296 5552 1406 5606 τῶν
1426 5551 1675 5622 ἀδελφῶν
1703 5554 1796 5607 καὶ
1831 5553 1941 5606 συλλ

2072 5553 2158 5607 vel
2189 5553 2349 5607 hodie
2387 5567 2570 5609 coram
2603 5554 2864 5609 fratribus
2892 5564 2948 5609 et
2981 5554 3401 5625 comministris,
3439 5559 3523 5616 vel
3552 5556 3648 5617 Je-

397 5636 752 5711 λειτουργῶν,
791 5641 931 5715 ῆείς
962 5642 1280 5719 ὡρισμένην
1326 5644 1541 5718 ἡμέραν
1573 5644 1836 5703 ἐλθόντων
1870 5646 1936 5701 αὑ

2078 5645 2228 5702 tiuito
2263 5645 2372 5715 die,
2401 5647 2480 5704 eis
2512 5647 2578 5704 ad
2615 5662 2710 5704 vos
2760 5646 3191 5717 ingredientibus
3221 5660 3389 5722 atque
3416 5653 3648 5710 audien-
