3932 6214
1581 234 1613 247 κ

338 359 471 426 1297

1468 366 1836 428 EPISTOLA
1874 370 2171 431 CONTRA
2205 366 2600 429 STUDITAS.

3448 356 3601 421 1293

329 473 430 529 οὐκ
460 473 625 527 αὐτὶν
669 473 899 541 ἐκεῖνον,
951 473 1024 544 μὴ
1059 473 1290 542 γένοιτο,
1344 475 1479 530 ἀλλά
1522 477 1590 529 τὰ
1621 482 1907 549 συγγράμ-

2017 479 2206 534 litanos
2233 480 2436 546 scripta
2471 487 2616 545 sunt,
2651 492 2755 532 non
2790 475 2937 531 illum
2977 475 3153 545 ipsum
3214 470 3580 537 Theodorum,

331 584 501 637 ματα,
535 563 624 620 οἷα
658 567 720 637 δὴ
755 568 849 619 καὶ
880 569 908 620 ὁ
942 567 1274 639 Θεοδώριτος
1300 567 1371 621 τὰ
1418 568 1582 622 αὑτοῦ
1628 570 1722 622 καὶ
1756 570 1909 624 ἄλλοι

327 658 473 723 τινὲς
499 658 567 712 τά
597 658 738 712 κατὰ
770 658 1125 729 συναρπαγὴν
1146 659 1409 729 λεχθέντα
1438 659 1470 731 ἢ
1504 661 1784 732 γραφέντα
1812 662 1911 715 αὖ·

326 751 443 814 τοῖς
470 748 863 819 πεποιήκασιν.
909 748 1035 802 Ἐὰν
1057 744 1151 803 οὖν
1190 747 1286 820 μὴ,
1323 749 1398 813 ὡς
1421 749 1656 821 ἔφημεν,
1692 751 1788 806 καὶ
1819 746 1909 806 οὗ·

329 858 411 896 τοι
439 842 507 894 τὰ
529 840 671 893 κατὰ
686 841 896 896 τούτων
920 841 1031 895 τῶν
1082 842 1400 914 εἰρημένων
1429 841 1604 909 ἁγίων
1630 843 1909 914 ἀναθεμα-

328 934 558 999 τίσαιεν,
580 934 772 1004 εἴησαν
791 934 885 987 καὶ
912 934 1069 987 αὐτοὶ
1088 935 1197 988 ἀπὸ
1213 933 1308 987 τοῦ
1343 934 1581 1006 Πατρὸς,
1614 934 1709 988 καὶ
1740 933 1903 1000 Υίοῦ,

329 1024 546 1080 καὶτοῦ
577 1024 739 1094 ἁγίου
785 1025 1108 1097 Πνεῦματος
1141 1025 1393 1097 ἀνάθεμα
1442 1026 1539 1080 καὶ
1580 1025 1905 1099 Ἁκατάθεμα.

331 1116 565 1189 [Αιιλτ.
603 1117 669 1171 de
696 1115 985 1180 Methodio,
1016 1132 1068 1186 p.
1099 1116 1216 1188 94].
1574 1173 1577 1176 .

401 1205 511 1258 Kal.
528 1206 629 1258 οὐκ
660 1207 818 1259 αὐτοὶ
843 1207 1018 1278 μόνοι,
1048 1206 1300 1260 ἀλλὰκαὶ
1337 1209 1452 1262 ὅσοι
1485 1208 1764 1263 πείθονται
1802 1208 1904 1262 αὐ-

331 1299 443 1367 τοῖς
467 1298 559 1351 καὶ
600 1298 1038 1368 συναρπάζονται
1067 1299 1164 1351 καὶ
1193 1301 1274 1362 είς
1303 1300 1526 1371 φιλικὴν
1558 1300 1742 1363 αὐτοῖς
1770 1302 1911 1371 ὁμη-

333 1390 587 1462 ρεύονται
606 1390 822 1460 ὁμιλίαν
855 1391 887 1462 ἢ
924 1390 1233 1456 συναυλίαν,
1293 1391 1388 1445 καὶ
1446 1386 1594 1446 οὗτοι
1646 1392 1756 1446 ἀπὸ
1784 1392 1912 1445 τού-

331 1497 442 1534 των
474 1481 762 1551 κατάθεμα
807 1481 1076 1545 ἔστωσαν,
1127 1480 1237 1534 ἀπὸ
1269 1480 1365 1533 τοῦ
1397 1482 1637 1552 Χριστοῦ
1680 1482 1759 1552 τῷ
1791 1482 1910 1536 διαο

332 1566 477 1638 σόλῳ
504 1565 755 1638 ἀνάθεμα
787 1581 800 1595 ’
854 1568 1052 1631 αὐτοὺς
1086 1570 1194 1639 γάρ
1246 1568 1569 1634 πατοῦντες,
1606 1571 1771 1642 ἤγουν
1820 1573 1908 1625 ἐπ’

332 1660 530 1723 αὐτοὺς
564 1658 858 1728 βαίνοντες,
896 1657 1146 1711 τουτέστι
1195 1661 1261 1729 τῇ
1288 1659 1495 1714 τούτων
1554 1661 1749 1733 γνώμῃ
1812 1664 1911 1714 ὲπ-

333 1749 683 1819 ερειδόμενοι,
719 1751 812 1803 ἐπὶ
855 1749 933 1820 τῷ
957 1749 1161 1803 τούτων
1183 1750 1525 1821 καταθέματι
1575 1750 1813 1821 βαίνοιεν
1859 1754 1911 1806 οἱ

2012 573 2177 639 absit,
2200 575 2293 629 sed
2332 571 2728 626 commentaria
2755 556 3225 640 quemadmodum.
3265 580 3362 619 sua
3397 563 3583 617 Theo-

2016 668 2272 734 doretus,
2307 676 2364 724 et
2422 667 2666 724 nonnulli
2706 667 2818 735 alii,
2880 666 3025 721 circa
3087 678 3207 732 qua:
3264 674 3590 730 quacunque

2011 772 2173 812 causa
2192 757 2400 827 abrepti
2423 756 2726 822 dictarunt,
2753 756 3023 811 fecerunt.
3050 753 3107 808 Si
3142 752 3334 823 igitur,
3362 760 3419 804 ut
3451 750 3588 805 diib-

2011 860 2153 910 mus,
2194 847 2267 901 iis
2303 860 2433 916 qua}
2479 845 2770 901 adversum
2819 843 2932 912 jam
2990 842 3303 896 nominatos
3366 848 3590 893 sanctos

2010 936 2335 991 concinnata
2367 946 2514 1005 sunt,
2550 937 2847 994 anathema
2909 950 3014 999 non
3068 932 3327 996 dixerint,
3388 931 3499 985 sint
3537 940 3591 983 et

2009 1028 2111 1098 ipsi
2146 1044 2176 1082 a
2210 1029 2369 1085 Patre
2407 1040 2463 1086 et
2488 1029 2629 1087 Filio
2656 1037 2708 1089 et
2732 1028 2941 1098 Spiritu
2984 1036 3178 1081 sancto
3210 1024 3502 1079 anathema
3529 1032 3585 1075 et

2008 1121 2340 1178 catathema.
2417 1105 2421 1111 ’
2598 1184 2619 1197 ς

2088 1212 2276 1283 Neque
2320 1213 2497 1269 solum
2534 1211 2633 1279 illi,
2671 1213 2766 1267 sed
2799 1210 2966 1265 etiam
2997 1208 3310 1278 quicunque
3338 1220 3580 1260 consen-

2012 1286 2153 1363 tiunt
2176 1321 2302 1361 cum
2338 1306 2405 1360 iis
2434 1319 2497 1358 ac
2518 1318 2639 1359 sese
2670 1302 2846 1372 abripi
2898 1301 3199 1371 patiuntur,
3241 1308 3297 1354 et
3346 1296 3585 1352 amicitia

2009 1397 2381 1467 familiarique
2412 1394 2809 1450 consuetudine
2862 1391 3293 1462 coniunguntur,
3348 1387 3523 1441 aversi
3557 1401 3586 1439 a

2010 1489 2230 1544 Christo
2271 1495 2326 1541 et
2364 1484 2584 1540 diabolo
2631 1483 2835 1549 devoti,
2894 1481 3187 1535 anathema
3243 1487 3424 1533 sunto.
3485 1475 3588 1543 Qui

2010 1578 2154 1633 enim
2201 1576 2307 1641 illis
2355 1576 2649 1637 obediunt,
2691 1573 2835 1641 quod
2881 1571 3015 1641 ipsis
3053 1571 3105 1624 in
3160 1569 3456 1639 perniciem
3499 1582 3589 1621 ce-

2012 1668 2111 1727 dit,
2146 1673 2199 1719 ct
2228 1665 2318 1734 qui
2354 1663 2479 1718 illus
2507 1670 2811 1731 sequuntur
2831 1662 2947 1715 sive
2973 1662 3271 1716 secundum
3294 1666 3390 1713 eus
3411 1659 3592 1728 ingre-
3674 1714 3687 1737 χ

2013 1758 2257 1821 diuntur,
2290 1756 2342 1811 id
2375 1764 2481 1821 est,
2507 1753 2684 1809 eidem
2717 1750 3009 1808 sententia:
3054 1749 3258 1805 addicti
3313 1757 3461 1815 sunt,
3495 1763 3587 1803 eo-

339 1842 650 1912 πειθόμενοι
694 1841 879 1906 αὐτοῖς
907 1844 986 1906 είς
1017 1842 1269 1913 ἀνάθεμα
1297 1859 1311 1874 ⁸
1344 1844 1405 1896 οὐ
1439 1842 1625 1914 θαῦμα
1655 1843 1713 1897 δὲ
1746 1845 1907 1899 τοῦτο

2017 1849 2133 1905 dem
2166 1846 2511 1901 anathemate
2567 1844 2855 1899 feriantur.
2918 1841 3032 1898 Nec
3082 1841 3306 1906 mirum,
3343 1853 3439 1894 eos
3495 1838 3589 1908 qui

332 1933 414 1987 ὅτι
439 1934 566 1996 τοὺς
595 1932 804 1997 αἰτίους
835 1934 935 2004 τῆς
967 1931 1245 1998 ἀπωλείας
1283 1934 1392 1988 τῶν
1434 1934 1775 2004 πειθομένων
1810 1936 1905 1990 αὖ·

331 2024 444 2086 τοῖς
479 2022 826 2093 καταθέματι
870 2022 1252 2093 ὑπεϐάλομενσ
1303 2023 1512 2077 δίκαιον
1552 2023 1610 2077 δὲ
1659 2024 1903 2095 νομίσαι,

2013 1940 2127 1995 suis
2160 1938 2442 2007 discipulis
2495 1935 2651 1991 exitii
2705 1944 2961 1991 auctores
3009 1933 3301 1996 exsistunt,
3365 1946 3393 1985 a
3434 1929 3591 1985 nobis

2015 2029 2495 2095 anathematizari;
2544 2028 2653 2083 imo
2687 2027 2912 2083 credere
2959 2027 3116 2082 decet
3147 2024 3446 2080 secundum
3501 2021 3589 2077 di-

332 2114 413 2167 ὃτι
431 2113 588 2184 θεῖκῇ
613 2131 670 2167 τε
686 2114 779 2168 καὶ
798 2115 1134 2186 ἀποστολικῇ
1165 2115 1348 2186 κρίσει
1370 2114 1528 2168 τοῦτο
1552 2116 1908 2188 πεποιήμεθα

2017 2122 2198 2176 vinum
2236 2118 2711 2190 apostolicumque
2754 2117 3034 2173 decretum
3059 2116 3163 2170 hoc
3218 2128 3319 2169 nos
3369 2112 3585 2176 fecisse,

333 2204 454 2258 καθ’
485 2200 793 2277 ὑπερϐολὴν
814 2198 912 2277 τῆς
940 2205 1213 2277 ἁμαρτίας
1242 2207 1361 2277 ἦτοι
1418 2205 1519 2277 τὴν
1569 2207 1752 2261 αἰτίαν
1802 2210 1906 2279 τῆς

2017 2224 2075 2266 ex
2109 2209 2438 2265 abundantia
2494 2207 2706 2278 peccati
2758 2207 2845 2262 vel
2892 2220 3055 2263 causa
3100 2203 3309 2276 peccati
3348 2210 3404 2257 et
3449 2202 3589 2272 judi-

332 2294 613 2365 ἁμαρτίας
662 2297 756 2350 καὶ
790 2298 1070 2368 κρίνοντες
1102 2298 1200 2351 καὶ
1252 2294 1530 2369 ὁρίζοντες
1558 2297 1654 2350 καὶ
1707 2296 1908 2368 ὀνομά-

2017 2308 2199 2356 cantes
2231 2304 2284 2354 et
2320 2305 2630 2353 statuentes
2678 2304 2735 2352 et
2773 2295 3145 2367 designantes.
3178 2288 3319 2344 Hinc
3364 2287 3586 2344 Christo

333 2385 518 2452 ζοντες
547 2403 561 2418 ·
591 2387 671 2458 τῷ
699 2388 919 2460 Χριστῷ
943 2388 1198 2443 ἐντεῦθεν
1216 2388 1563 2461 εὐχαριστία.
2011 2392 2222 2462 gratim.

408 2484 727 2554 Sequuntur
754 2487 808 2540 in
833 2485 983 2541 calce
1012 2486 1174 2556 hujus
1209 2486 1476 2558 epistolae,
1514 2496 1701 2558 utpote
1733 2487 2030 2559 synodica,
2064 2490 2495 2546 acclamationes
2529 2503 2628 2544 seu
2669 2487 2863 2542 faustae
2902 2484 3250 2556 precationes
3278 2496 3376 2552 pro
3409 2480 3584 2548 impe-

340 2572 641 2638 ratoribus,
669 2572 841 2639 clero,
865 2572 1083 2644 populo,
1106 2573 1242 2629 urbe
1273 2573 1446 2644 regia,
1489 2588 1554 2628 ac
1583 2575 1845 2631 universo
1873 2576 2125 2647 imperio.
2151 2579 2231 2634 Ex
2283 2577 2465 2633 libello
2496 2576 2725 2633 Joannis
2756 2572 2975 2644 Ephesii
3007 2579 3267 2640 excerpta
3298 2570 3583 2625 hactenus.

340 2666 417 2737 De
452 2663 663 2720 Tarasii
694 2675 874 2721 autem
912 2681 976 2721 ac
1005 2665 1319 2737 Nicephoro
1349 2666 1702 2737 patriarchis,
1734 2670 1996 2739 aquibus
2032 2683 2138 2724 non
2167 2677 2315 2723 recte
2344 2667 2583 2723 schisma
2614 2664 2744 2721 fecit
2774 2662 3094 2718 Theodorus
3125 2658 3362 2721 Studita,
3407 2661 3587 2712 exstat

347 2752 635 2821 perspicua
669 2753 898 2809 historia
930 2754 1095 2809 etiam
1128 2755 1183 2808 in
1208 2754 1397 2812 codice
1430 2752 1554 2808 Vat.
1590 2754 1754 2820 “57,
1776 2756 1866 2809 ubi
1893 2753 2200 2811 Methodius
2235 2754 2303 2810 ad
2331 2754 2577 2809 Studitas
2601 2752 2850 2808 scribens
2867 2748 2941 2804 sit
2965 2744 3284 2803 concludit:
3314 2743 3387 2797 Σὺ
3417 2756 3587 2813 μονα·-

338 2838 431 2910 χὸς
458 2834 528 2903 εἴ,
565 2840 658 2894 καὶ
681 2840 780 2894 οὐκ
809 2840 990 2906 ἔξεστί
1031 2858 1114 2895 σοι
1147 2841 1422 2908 ἐξετάζειν
1454 2840 1523 2896 τά
1554 2841 1663 2895 τῶν
1712 2842 1923 2915 ἱερέων,
1966 2843 2081 2897 ἀλλ’
2108 2839 2518 2896 ὑποτάσσεσθαι
2560 2856 2621 2893 σε
2658 2838 2789 2910 χρὴ,
2829 2836 2926 2891 καὶ
2968 2834 3069 2905 οὐχ
3098 2831 3430 2894 ὑποτάσσειν
3462 2825 3586 2881 οὐδὲ

341 2926 616 2992 ἐξετάζειν
650 2929 874 2993 αὐτούς.
909 2929 985 2984 Tu
1021 2929 1309 2983 monachus
1346 2946 1420 2995 es,
1458 2945 1621 2999 neque
1654 2929 1749 2984 tibi
1786 2930 1905 2984 licet

2017 2931 2255 3001 ntiﬁcum
2287 2939 2406 2985 acta
2442 2928 2511 2983 ad
2546 2928 2804 2982 trutinam
2852 2938 3133 2987 revocare;
3166 2935 3290 2974 nam
3320 2917 3601 2986 subjectus.

340 3016 409 3070 iis
432 3032 542 3071 esse
571 3018 744 3086 debes,
781 3035 885 3074 non
903 3021 1109 3073 eosdem
1135 3018 1392 3088 subjicere
1415 3018 1492 3075 vel
1529 3019 1593 3072 de
1625 3020 1752 3089 ipsis
1776 3020 2169 3090 inquisitionem
2195 3019 2494 3073 instituere.

341 3165 464 3225 ιίπε
489 3172 666 3226 πάντα
695 3172 790 3226 καὶ
813 3171 1017 3242 ἔγραψε
1041 3172 1185 3225 κατά
1207 3173 1318 3242 τῶν
1345 3154 1538 3240 ἁγίων’
1553 3170 1906 3242 πατριαρχῶν

2017 3173 2171 3226 dorus
2194 3182 2382 3225 cuncta
2403 3169 2768 3242 improbassei,
2790 3183 2908 3242 quis
2934 3166 2989 3221 in
3008 3164 3584 3242 sanctosupatriarchas

340 3241 618 3314 Taptzplou
641 3241 736 3314 καὶ
758 3233 1099 3314 Νιρέὴφόρου,
1128 3243 1229 3295 οὐκ
1252 3241 1319 3294 ἂν
1342 3233 1429 3314 είς
1463 3233 1905 3314 κοινωνίανξτὸῦ-

2017 3242 2154 3295 dicto
2171 3242 2431 3308 scriptore
2450 3233 2682 3314 iecerat,
2721 3237 3001 3314 Tarasium
3022 3244 3184 3314 atque
3197 3233 3578 3304 Nicephorum,

349 3305 441 3367 τοῦ
460 3310 777 3384 δδεχόμεθα.
812 3305 934 3366 Nisi
961 3305 1098 3366 enim
1132 3321 1303 3367 uester
1333 3312 1513 3365 beatus
1547 3309 1709 3366 Pater
1741 3307 1908 3364 Tltea-
2016 3305 2287 3381 nunquam
2318 3305 2532 3364 eum'ad
2563 3307 2975 3363 communionem
3016 3305 3407 3375 recepissem”.
