3942 6218
380 348 480 408 ’ζῶ-3

1375 348 1434 410 S.
1479 348 1856 408 METHODJI
1897 348 2404 410 PATRIARCILE
2446 350 2554 410 CP‘.

3474 343 3618 404 1570-!

343 461 598 516 Ecclesiae
643 470 697 516 et
729 477 1008 518 sacrorum
1043 463 1394 518 celebrationi
1431 472 1556 518 octo
1599 463 1811 518 diebus.
1854 463 1909 517 Si

2028 464 2186 533 utiqu
2231 463 2476 528 διάταξιν
2536 461 2668 532 (i8).
2725 460 2833 514 Kal.
2883 461 3177 531 γινομένης
3227 459 3632 530 λειτουροίέαςι

343 554 434 620 qui
482 563 660 608 autem
702 568 796 608 sua
830 563 1021 624 sponte
1067 557 1134 608 ad
1177 555 1479 625 negandum
1515 551 1906 622 confugerint:

2019 554 2394 620 ἀξιούσθωσαν
2428 553 2537 607 τῶν
2568 553 2929 624 ἁγιασμάτων
2965 553 3078 624 (19)
3113 551 3475 623 σχολάζοντες
3513 569 3613 603 κα-

1417 713 1652 768 νΑιυᾹξ
1696 696 2078 770 LECTIONES
2117 712 2206 768 ET
2245 711 2478 769 norm.

423 867 536 937 (18)
571 869 731 922 Κατὰ
779 867 897 938 τὴν·
935 868 1371 936 προειρημένην
1425 867 1716 938 διάταξιν.
1773 868 1918 923 Ordo

343 939 680 1008 patuitenlia:
713 939 800 992 hic
831 949 937 1006 est,
985 950 1042 992 ut
1093 939 1214 992 tidei
1250 941 1498 1008 desertor
1533 937 1793 1008 Ecclesia:
1827 953 1910 992 re-

345 1007 716 1062 conciliandus
757 1009 963 1063 duabus
1004 1009 1434 1076 quadragesimis
1480 1007 1706 1075 jeiunet,
1743 1025 1916 1077 genu.

346 1078 607 1130 ﬂexiones
631 1079 812 1139 obeat,
844 1080 1024 1138 toties,
1048 1079 1286 1146 Domine,
1316 1079 1578 1138 miserare,
1609 1081 1773 1142 dicat,
1801 1094 1918 1144 quze

364 1158 473 1199 ιἰηι
501 1163 661 1214 opera
697 1148 1110 1206 satisfactionis.
1155 1161 1202 1199 et
1238 1149 1611 1215 pmnilctitittm
1655 1148 1706 1199 in
1746 1149 1912 1209 gradu

351 1217 589 1270 flentium
615 1219 1031 1272 consﬁtumrum
1059 1219 1274 1286 propria
1308 1235 1323 1272 :
1359 1217 1446 1270 ubi
1481 1233 1607 1269 vero
1644 1216 1911 1286 λαμϐάνει

350 1285 706 1356 τλασθητικάς
741 1289 904 1358 εὐχὰς
966 1285 1185 1352 suscipit
1243 1287 1660 1358 reconciliativos
1714 1285 1908 1358 preces,

357 1371 446 1421 per
479 1366 601 1410 octo
625 1358 738 1410 dies
766 1357 1050 1413 continuos
1083 1369 1208 1410 tunc
1239 1357 1401 1409 dubio
1449 1357 1633 1424 procul
1660 1358 1718 1408 ἐν
1775 1357 1910 1410 ὑπο-

347 1425 551 1478 stt-dna:
583 1429 913 1482 orationibus
955 1427 1212 1492 subiiciet
1245 1427 1504 1481 substerni
1547 1427 1864 1494 intelligitur
1892 1445 1904 1481 :

421 1563 594 1615 Audet
640 1564 840 1633 aliquid
878 1565 1109 1632 amplius
1154 1565 1490 1618 Maltlonatus
1531 1565 1595 1616 de
1631 1563 1917 1616 conﬁrma-

349 1632 497 1684 tione
533 1632 909 1687 bicrcticoruru
948 1635 1190 1688 iteranda
1218 1649 1463 1686 asserere
1498 1651 1510 1686 :
1546 1644 1598 1686 et
1642 1647 1708 1684 an
1748 1634 1914 1700 repeti

349 1703 572 1767 debeat,
611 1702 707 1755 fuit
749 1705 967 1772 antiquo
1003 1703 1249 1770 qnmstio.
1294 1703 1346 1754 In
1385 1704 1613 1756 concilio
1649 1701 1916 1754 Tarraco-

351 1772 530 1834 nensi,
561 1773 763 1830 subdit.
792 1788 912 1825 can.
943 1774 996 1832 li,
1033 1775 1312 1825 decretum
1366 1773 1471 1824 fuit
1497 1789 1564 1826 tie
1588 1773 1910 1824 itcrat'etur:

2023 869 2068 922 si
2107 877 2302 936 sponte
2329 867 2698 937 transfugerit,
2729 880 2857 934 quia
2905 867 3183 937 mysteriis
3219 866 3476 935 indignus
3509 869 3614 920 lia-

2019 938 2204 1001 lietur,
2235 939 2377 992 inter
2409 937 2754 999 συνεστῶτας
2784 938 3126 991 consistentes
3169 938 3349 992 locum
3398 939 3566 990 habet
3595 955 3612 1004 ;

2019 1007 2154 1061 alias
2191 1023 2256 1062 ex
2291 1009 2609 1062 inﬁrmitate
2639 1008 2798 1060 ﬁdem
2850 1007 3145 1074 abuegans,
3203 1006 3460 1071 ἀξιοῦται
3494 1007 3611 1059 τῶν

2019 1077 2402 1147 ἁγιαβμάτων,
2436 1082 2850 1147 communionem
2887 1087 3341 1147 sacramentorum
3385 1078 3608 1143 accipit,

2018 1159 2066 1199 ct
2109 1147 2167 1200 [lt
2199 1146 2272 1200 de
2315 1163 2542 1200 numero
2586 1146 2694 1198 τῶν
2742 1146 3100 1214 μετεχόντων.
3155 1146 3418 1204 Tuncque
3444 1147 3610 1214 quasi

2019 1219 2198 1270 denuo
2223 1217 2476 1282 baptismi
2511 1219 2680 1284 gratia
2713 1226 3030 1284 recuperata
3066 1232 3260 1272 recens
3309 1215 3601 1270 lllumiua-

2023 1298 2196 1340 tornm
2231 1302 2393 1352 opera
2426 1289 2758 1351 exsequitur.

2091 1355 2202 1424 (19)
2243 1356 2671 1425 ἰηπιιισμάτων.
2714 1355 3091 1422 Β.ιι·1›ει·ἱιιιιιιι,
3123 1357 3232 1410 τῶν
3272 1355 3446 1425 ἁγίων
3509 1373 3611 1426 μυ-

2021 1443 2279 1496 στηρίων.
2308 1491 2316 1497 _

2027 1564 2159 1620 sori.
2195 1579 2329 1632 opus
2353 1565 2453 1618 hoc
2483 1564 2780 1630 ascribaut,
2817 1581 2922 1618 non
2951 1574 3032 1620 est
3065 1579 3165 1620 cur
3192 1575 3248 1619 et
3278 1563 3483 1618 frustra
3513 1567 3608 1619 de-

2029 1635 2245 1686 trabcre
2294 1635 2420 1687 velit
2466 1635 2752 1689 Arcadius.
2811 1635 2888 1689 Ac
2929 1651 2994 1690 ne
3029 1634 3300 1704 proferam
3354 1635 3444 1703 qui
3483 1651 3605 1690 eum

2026 1705 2253 1756 canonis
2291 1704 2514 1768 ltujnsce
2547 1719 2822 1768 parentem
2859 1705 2910 1758 in
2938 1706 3052 1759 suis
3082 1704 3441 1758 Bibliotlrecis
3472 1721 3602 1773 pro-

2026 1774 2263 1824 clamant
2325 1773 2674 1827 Possevimtm
2725 1785 2778 1828 et
2819 1775 3164 1838 Gesnerum,
3227 1784 3383 1843 certe
3449 1776 3606 1843 quasi

353 1855 658 1910 quanquam
713 1843 798 1895 liic
854 1843 1294 1910 distinguendum
1339 1857 1461 1895 esse
1513 1856 1731 1894 censeo.
1785 1839 1918 1894 Nam
1953 1837 1993 1890 Β
2024 1843 2352 1909 scriptorum
2403 1843 2661 1898 Ecclesiae
2712 1859 2844 1897 voce
2878 1846 2944 1898 de
2985 1843 3079 1898 illo
3109 1837 3305 1898 seribit
3335 1837 3609 1899 Baronius

351 1911 495 1978 quod
528 1927 590 1964 ca
642 1912 982 1964 conlirmatio
1009 1952 1024 1974 ,
1080 1928 1198 1976 tunc
1255 1926 1284 1963 a
1327 1911 1608 1965 catholicis
1650 1911 1924 1978 episcopis

353 1983 476 2031 data
513 1979 607 2032 luit
632 2019 646 2042 ,
683 1997 786 2032 non
816 1981 1005 2034 delicat
1043 1982 1208 2049 repeti
1240 2020 1254 2043 ,
1291 1995 1506 2049 semper
1538 1979 1635 2032 l'nit
1670 1991 1881 2032 certum
1905 2023 1918 2043 ,
1951 2023 1958 2029 .

353 2060 407 2103 et
442 2051 508 2104 de
565 2065 626 2103 ea
657 2049 1030 2116 intelliguntur
1058 2065 1250 2104 omnes
1274 2064 1508 2103 canones
1539 2049 1919 2112 conciliorum,

353 2121 446 2184 qui
479 2129 645 2186 agunt
675 2119 740 2171 de
769 2119 868 2174 hac
904 2135 981 2184 re,
1026 2131 1202 2172 tamen
1227 2135 1295 2172 an
1331 2120 1676 2173 conﬁrmatio
1708 2119 1827 2172 data
1854 2121 1922 2174 ab

355 2189 626 2242 lia-reticis
657 2189 927 2257 episcopis
983 2190 1149 2255 repeti
1181 2189 1373 2244 debeat
1406 2229 1420 2253 ,
1453 2189 1508 2242 iu
1552 2187 1790 2242 Ecclesia
1830 2202 1922 2242 ca-

357 2259 554 2311 tholica
590 2273 693 2310 non
756 2259 824 2311 ita
861 2259 962 2312 fuit
988 2269 1196 2314 certum
1242 2277 1257 2314 :
1299 2261 1405 2313 imo
1432 2259 1684 2312 existimo
1725 2258 1919 2312 itrtota

352 2327 600 2382 Ecclesia
635 2330 806 2382 veleri
843 2329 1010 2384 fuisse
1057 2331 1364 2393 repetitam,
1399 2329 1522 2395 quia
1569 2343 1676 2382 non
1729 2329 1919 2382 existi-

355 2399 606 2450 mabatur
644 2413 762 2452 esse
807 2413 934 2453 vera
988 2398 1362 2452 Coulirtnatio.
1413 2400 1565 2464 Quod
1616 2399 1810 2467 colligo
1853 2413 1920 2451 ex

354 2468 908 2540 omnibus_autiqnisr
939 2470 1318 2536 scriptoribus,
1373 2471 1462 2540 qui
1509 2467 1759 2523 absolute
1789 2468 1920 2540 _siue

354 2537 460 2589 ulla
516 2537 864 2592 distinctione
899 2539 950 2593 id
987 2541 1202 2593 docent.
1252 2537 1412 2607 Atqui
1460 2553 1562 2592 non
1598 2537 1918 2606 ignorabant

354 2607 640 2675 plerosque
667 2623 770 2661 non
797 2616 1003 2662 tantum
1052 2608 1218 2664 fuisse
1249 2608 1551 2676 baptizatos
1579 2608 1718 2676 apud
1751 2608 1920 2660 Ιιςιξτυο

355 2679 493 2728 ticos
519 2716 536 2740 ,
567 2681 662 2730 sed
690 2677 850 2731 etiam
893 2680 1243 2732 conﬁrmatos
1289 2695 1304 2732 :
1358 2679 1654 2744 praesertim
1701 2692 1824 2730 cum
1858 2693 1918 2728 ea

356 2755 503 2799 esset
546 2756 673 2800 tunc
703 2752 1034 2803 consuetudo
1063 2788 1078 2812 ,
1112 2758 1169 2800 ιιι
1213 2748 1394 2801 statim
1443 2755 1561 2814 post
1593 2747 1916 2816 baptismum

356 2817 577 2887 daretur
603 2817 964 2872 conﬁrmatio.
999 2819 1091 2872 Sic
1125 2816 1386 2887 Syricins.
1427 2816 1584 2883 epist.
1628 2818 1675 2880 l,
1699 2819 1763 2887 Διι.
1799 2831 1916 2880 Cap.

356 2884 412 2947 1,
445 2894 498 2936 et
527 2885 635 2938 Leo
659 2887 820 2954 epist.
857 2888 924 2941 ’55
948 2929 960 2950 ,
1015 2903 1136 2954 cap.
1167 2884 1212 2939 ’2
1243 2897 1297 2938 et
1321 2886 1408 2950 57,
1442 2895 1503 2954 et
1536 2887 1637 2938 hoc
1689 2885 1918 2937 fortasse

309 2995 318 3000 -
356 2955 525 3008 voluit
562 2951 894 3024 Augustinus
921 2974 1040 3010 cttm
1067 2951 1203 3010 dixit
1235 2957 1325 3008 lib.
1361 2969 1418 3008 ιιι
1465 2951 1663 3007 Contra
1706 2954 1919 3006 Donati-

356 3036 466 3077 διας
493 3039 612 3092 eap.
649 3025 714 3077 16
747 3045 759 3078 :
791 3043 810 3074 ‹
850 3025 1100 3080 Mannum
1139 3025 1413 3092 impositio
1469 3041 1572 3076 non
1609 3026 1751 3078 sicut
1785 3027 1915 3088 bap-

359 3091 772 3164 tistnusjepeti
820 3091 922 3148 llOII
956 3106 1151 3160 potest.
1190 3091 1225 3146 »⁷
1251 3094 1314 3148 Et
1353 3092 1681 3164 Gregorius.
1721 3095 1795 3147 lib
1841 3109 1913 3152 ix,

2023 1927 2165 1964 anno
2203 1911 2343 1971 8-42.
2383 1929 2531 1967 num.
2561 1912 2665 1967 20:
2704 1912 3010 1968 Methodius
3065 1915 3132 1968 ad
3173 1915 3511 1968 revocandos
3539 1915 3604 1974 _in

2026 1981 2321 2033 Ecclesium
2368 1982 2548 2051 lapsos
2569 2021 2584 2045 ,
2615 1984 2841 2038 miriﬁce
2875 1983 3164 2038 laboravit.
3195 1982 3356 2047 Quod
3389 1998 3521 2037 vero
3555 1983 3606 2038 bi

2026 2051 2400 2116 reperirentur
2433 2053 2594 2105 variae
2619 2053 2820 2116 relatis,
2851 2053 3192 2120 diversaque
3211 2053 3560 2108 conditionis
3586 2093 3604 2119 ,

2024 2137 2090 2172 ne
2145 2122 2430 2174 vilesceret
2471 2121 2843 2176 ecclesiastica
2887 2122 3171 2188 disciplina
3198 2163 3211 2187 ,
3251 2121 3376 2176 illos
3412 2138 3604 2178 ontaes

2006 2191 2235 2258 .diverso
2293 2191 2452 2243 modo
2510 2206 2755 2246 censura:
2804 2192 3191 2246 ecclesiasticae
3248 2191 3424 2245 voluit
3479 2207 3604 2246 esse

2021 2259 2317 2330 subjectos.
2347 2260 2710 2324 Quamobrem
2735 2276 2832 2330 pro
2862 2261 3036 2316 Salute
3067 2261 3309 2314 omnium
3338 2261 3604 2328 ejusmodi

2022 2328 2381 2396 promulgavit
2406 2330 2665 2399 edictum,
2692 2328 2777 2384 cui
2807 2330 3073 2399 ejusmodi
3101 2331 3292 2384 titulus
3325 2335 3599 2399 reperitur

2023 2399 2312 2465 inseriptus
2354 2417 2368 2454 :
2409 2397 2663 2452 Methodii
2697 2397 3018 2454 sanctissimi
3057 2397 3404 2468 patriarcth
3432 2399 3601 2456 Com-

2021 2467 2448 2532 lantinoyolitaui
2473 2509 2488 2533 ,
2514 2471 2579 2523 de
2611 2469 2677 2523 iis
2727 2471 2818 2538 qui
2854 2467 3180 2537 abnegarunt
3225 2487 3322 2536 per
3361 2471 3598 2525 diversos

2022 2539 2202 2608 modo:
2241 2547 2291 2590 et
2329 2547 2532 2594 (elatas.
2583 2539 2811 2606 Moxque
2851 2541 3072 2608 insuper
3115 2549 3285 2594 totum
3333 2554 3600 2594 canonetu

2015 2606 2170 2672 juxt‘t
2235 2614 2493 2661 veteruni'
2525 2610 2916 2678 exemplarium
2976 2606 3308 2672 lectionem,
3362 2623 3598 2673 exacte,

2021 2679 2184 2728 vt-rbo
2222 2686 2398 2740 tenus,
2427 2678 2572 2730 velut
2601 2680 2828 2734 canonis
2863 2689 2915 2733 et
2959 2681 3198 2734 auctoris
3228 2680 3393 2732 ﬁdem
3422 2681 3600 2734 ﬁrma-

2023 2756 2196 2818 turus.
2217 2757 2428 2818 exarat.
2449 2746 2510 2800 Et
2540 2763 2677 2818 vero
2692 2749 2972 2802 Cedreuus
2999 2749 3110 2818 ipse
3130 2749 3386 2804 haeresim
3411 2766 3600 2818 quatu-

2021 2816 2142 2868 dam
2165 2817 2490 2870 exstinctam
2521 2816 2682 2871 simul
2710 2832 2772 2871 ac
2801 2828 3004 2882 natam,
3039 2817 3296 2872 Metlrodii
3327 2816 3598 2874 laboribus

2022 2896 2074 2934 ct
2137 2886 2432 2946 indusuia,
2492 2901 2725 2955 moxque
2775 2886 2893 2954 ejus
2945 2898 3201 2942 auctores
3251 2898 3307 2942 et
3360 2889 3596 2943 asseclas

2021 2963 2266 3025 cunctos,
2303 2965 2496 3008 sancto
2532 2957 2828 3010 chrismate
2857 2958 2966 3010 illis
2997 2959 3241 3019 iuuncto,
3276 2959 3329 3010 in
3363 2961 3593 3025 gratiam

2020 3039 2142 3098 cum
2175 3022 2722 3098 ECCiCSlilICVOIFIIOS
2752 3039 2988 3098 enarrat,
3021 3029 3106 3098 bis
3136 3031 3340 3098 verbis:
3359 3022 3595 3098 Ἇνεφύη

2109 3111 2196 3176 11;”
2219 3094 2518 3176 τηνικεκῦῖα
2547 3095 2836 3176 αἴρξσιίῃὴ
2869 3097 2975 3150 τῶν
3011 3097 3252 3176 βιλίκων
3282 3092 3548 3166 λεγομέῦη

356 3163 518 3247 epist.
541 3161 640 3247 '61,
668 3161 838 3244 docet
863 3167 1048 3247 _tribus
1083 3165 1270 3247 modis
1287 3161 1636 3247 consuevisse
1654 3203 1676 3245 ,_
1702 3179 1797 3247 eos
1822 3165 1920 3247 _qui

2028 3163 2144 3242 ﬁet;
2177 3161 2288 3231 33m
2328 3165 2426 3245 cur
2458 3161 2686 3247 ἀρχηῨῴ
2712 3161 2904 3247 φίλὶκξ
2937 3165 3184 3247 ξοῆνομα
3217 3169 3278 3220 ἐν
3317 3161 3431 3231 tofi
3459 3161 3596 3247 ρ.σή-

357 3231 498 3304 apud
541 3231 825 3304 haereticos
863 3234 1077 3304 fuerant
1124 3235 1385 3304 haptizati
1418 3272 1432 3295 ,
1467 3235 1677 3287 admitti
1721 3236 1786 3285 ad
1820 3233 1920 3286 Ee-

357 3299 578 3372 clesiam
641 3303 983 3357 catholicam.
1033 3303 1138 3358 Per
1185 3299 1654 3358 conﬁrmationem
1712 3321 1726 3357 :
1781 3304 1921 3372 quod

356 3371 594 3425 faciebat
640 3372 884 3428 ErclcSia
919 3375 1288 3430 occidentalis.
1341 3373 1442 3428 l’er
1474 3371 1828 3437 unctionem,
1873 3375 1920 3425 i-l

358 3451 441 3494 est
491 3454 587 3510 per
640 3443 1026 3498 adhibitmnem
1095 3444 1430 3514 chrismatis.
1485 3446 1628 3514 quod
1672 3444 1920 3514 catholici

359 3515 498 3578 apud
529 3514 811 3568 haereticos
851 3515 1104 3582 putabant
1142 3531 1264 3570 esse
1298 3512 1600 3581 profanum,
1627 3517 1766 3582 quod
1793 3512 1923 3565 faci-

357 3583 482 3654 ebat
507 3583 745 3637 Ecclesia
771 3587 1070 3638 orientalis.
1112 3586 1211 3640 Per
1239 3585 1632 3654 professionem
1669 3593 1827 3637 recta:
1862 3585 1923 3636 ti—

357 3651 481 3714 dei,
525 3655 665 3720 quod
705 3655 900 3707 alicubi
936 3667 1055 3709 erat
1082 3656 1134 3708 in
1173 3651 1290 3709 usit.
1325 3655 1448 3707 "me
1473 3654 1580 3708 illc.

433 3720 560 3772 Dico
601 3724 780 3784 tertio,
821 3725 984 3790 lapsis
1031 3741 1059 3776 a
1093 3727 1194 3778 ﬁde
1218 3727 1366 3791 cgad
1408 3724 1708 3778 ECt‘iCSilllll
1743 3738 1924 3776 rever-

302 3842 309 3849 ,
359 3791 435 3845 sis
463 3791 753 3858 aliquando
781 3793 1072 3846 adhibitam
1108 3798 1418 3847 unctionem
1453 3795 1760 3852 siutnlcntu
1795 3809 1920 3861 pro-

359 3865 703 3914 nuntiatione
739 3865 1048 3932 verborum,
1087 3880 1206 3932 qua:
1235 3865 1404 3918 solent
1432 3866 1483 3917 in
1507 3867 1923 3916 conﬁrmatione

360 3931 634 3997 usurpari,
667 3931 1055 4002 prchatamque
1089 3931 1395 3987 unctionem
1427 3935 1714 4000 aliquando
1755 3934 1922 3986 fuisse

360 4014 382 4046 κ
395 4014 542 4053 eram
583 4003 906 4054 sacramenti
943 4004 1367 4057 conﬁrmationis
1383 4006 1923 4070 materiam,quaiulo

357 4071 541 4123 verbis
573 4081 829 4140 tanquam
865 4087 1005 4126 verte
1035 4073 1223 4127 forma:
1277 4072 1518 4143 ejusdem
1552 4075 1919 4138 sacramenti,

362 4144 414 4192 id
441 4151 543 4203 est,
577 4156 740 4208 super
768 4157 873 4195 non
909 4144 1246 4196 conﬁrmatis
1273 4183 1288 4206 ,
1317 4144 1566 4211 prolatis.
1600 4145 1923 4208 sulijicicba-

359 4222 447 4269 tur
481 4227 496 4275 ;
539 4213 831 4278 aliquando
859 4227 987 4266 vero
1013 4215 1182 4268 luisse
1212 4230 1344 4283 pure
1383 4215 1837 4267 reconciliativam
1870 4225 1924 4266 et

360 4283 812 4342 caaieitiom'alem,
853 4285 1068 4351 quando
1101 4285 1290 4337 iisdem
1323 4283 1502 4338 verbis
1535 4297 1696 4352 super
1721 4285 1922 4338 contir-

360 4353 538 4414 matis,
569 4353 950 4418 pronuntiatis,
994 4355 1385 4408 subscrviebat.
1447 4367 1455 4373 ‘

431 4421 614 4473 Fidcm
669 4424 869 4492 praebet
921 4423 1075 4491 lmjns
1119 4425 1290 4478 tertia:
1333 4424 1650 4477 assertiouis
1710 4422 1920 4478 veritati

2025 3237 2252 3310 κρῂταες
2277 3235 2517 3310 meum
2549 3237 2783 3310 ixéab'q,
2809 3236 2902 3288 καὶ
2933 3235 3288 3310 διερῥῷηκεν·
3318 3237 3486 3310 uti-.95
3535 3235 3594 3290 ιιέε

2026 3304 2120 3376 δαὶ
2164 3303 2272 3356 τῶν
2304 3307 2586 3376 ὲπομένῳν
2625 3303 2776 3376 αὐτῷ
2822 3303 3258 3376 μετενεχθένὲων
3304 3303 3385 3370 ei;
3421 3307 3597 3361 Θεοδέ-

2025 3373 2198 3437 6ειαν,
2233 3375 2421 3442 καὶτῷ
2445 3374 2572 3440 Θείῳ
2607 3373 2764 3445 μύρῳ
2787 3373 3117 3446 χρισθένὲὼν
3142 3394 3200 3429 τε
3257 3378 3354 3430 καὶ
3382 3378 3597 3430 caletur-

2026 3446 2250 3497 θέντων.
2297 3445 2407 3497 Sub
2448 3451 2542 3496 hoc
2588 3456 2788 3515 tempus
2827 3446 3042 3500 Iucresis
3081 3449 3328 3515 qmcdatu
3369 3446 3596 3501 Ziticum

2027 3530 2233 3565 nmiune
2278 3530 2460 3568 exorta
2491 3514 2652 3567 simul
2695 3533 2812 3569 rum
2847 3514 3206 3586 principesuo
3235 3515 3410 3570 Zitice
3447 3520 3537 3586 qui
3566 3534 3598 3570 α

2026 3586 2242 3637 scentis
2276 3593 2388 3636 erat
2413 3622 2427 3645 ,
2456 3586 2714 3639 exstincta
2741 3597 2789 3640 et
2829 3585 3085 3651 dissipata
3114 3598 3187 3640 est
3210 3627 3226 3652 ,
3259 3590 3372 3654 ipso
3399 3585 3467 3641 et
3487 3603 3599 3640 sec-

2027 3655 2281 3726 tutoribus
2349 3654 2417 3706 ad
2463 3670 2634 3708 verum
2681 3656 3321 3726 religionemicouversis,
3351 3671 3599 3726 sacroque

2027 3673 2281 3706 imm-was
2349 3673 2416 3706 aa
2463 3673 2634 3708 verum
2681 3673 2776 3709 rei:
2816 3673 2986 3708 iouem
3033 3673 3321 3719 conversis,
3351 3673 3599 3726 sacroque

2026 3723 2310 3796 dirismote
2367 3726 2540 3776 unctis
2572 3734 2623 3796 _et
2672 3673 2940 3796 peractis.
2983 3725 3188 3792 Quibus
3231 3727 3437 3792 verbis,
3489 3745 3601 3796 χρι-

2027 3793 2264 3866 σΟέντων
2301 3811 2361 3845 τε
2399 3795 2490 3846 καὶ
2512 3793 2938 3866 εςελειωθέντων,
2973 3798 3243 3866 auctisque
3273 3807 3320 3849 et
3351 3793 3598 3849 consulu-

2026 3864 2182 3934 umiis
2209 3902 2224 3924 ,
2257 3865 2370 3917 sive
2415 3863 2712 3932 perfectis;
2759 3876 2954 3933 praeter
3003 3863 3309 3920 unetionem
3360 3867 3600 3934 praelatis

2027 3932 2298 3986 lm-reticis
2322 3935 2642 4004 adhibitam,
2667 3932 2905 3988 insinuat
2931 3950 3144 4004 quoque
3163 3950 3327 4003 super
3356 3932 3456 3990 eos
3483 3951 3600 4001 pro-

2025 4004 2272 4074 nuntiata
2319 4004 2482 4057 verba
2507 4003 2942 4058 conﬁrmationis
2963 4005 3118 4074 juxta
3151 4004 3438 4072 praefatum
3491 4005 3598 4059 Me—

2027 4073 2194 4124 tbodii
2241 4089 2528 4128 cauonem.
2573 4074 2805 4128 l’erfecti
2847 4073 3180 4128 ettim‘sacro
3213 4084 3494 4143 unguento
3521 4075 3600 4128 di-

2025 4143 2309 4204 cebautur,
2347 4160 2449 4196 non
2485 4155 2692 4196 tantum
2722 4144 2917 4211 quibus
2938 4145 3048 4198 sola
3086 4143 3266 4196 unctio
3295 4146 3599 4212 applicare-

2029 4220 2134 4276 tur,
2196 4215 2298 4268 sed
2341 4226 2598 4280 praeterea
2637 4230 2799 4280 super
2829 4230 2964 4281 quos
3001 4213 3161 4266 verba
3198 4217 3457 4279 praedicta
3493 4225 3580 4267 tau

2025 4295 2187 4350 quam
2235 4281 2498 4350 perfectio
2564 4294 2617 4335 et
2672 4285 3126 4352 complementum
3195 4283 3594 4348 proferrentur.

2024 4353 2346 4422 Quanquam
2379 4367 2553 4420 neque
2588 4358 2699 4405 lucc
2728 4356 2890 4406 verba
2921 4394 2936 4418 ,
2974 4355 3080 4405 imo
3109 4368 3208 4404 nec
3263 4354 3428 4404 ullam
3467 4371 3599 4422 pra:-

2025 4423 2184 4474 dicltn
2225 4421 2583 4474 Metlmdiattte
2623 4425 2960 4476 caeremoniae
3007 4422 3362 4489 particulam,
3413 4421 3600 4476 saera-

360 4493 534 4552 sancti
594 4492 846 4545 Mettiodii
893 4497 1219 4558 auctoritas,
1269 4497 1359 4562 qui
1417 4495 1662 4560 praesenti
1714 4508 1925 4547 canone
1957 4502 2002 4558 ι)
2033 4492 2196 4562 tuenti
2233 4493 2484 4546 virtutem
2527 4493 2796 4554 obtinere,
2825 4491 3168 4546 contendam.

359 4564 547 4624 edito,
595 4566 810 4614 modum
845 4579 950 4632 quo
997 4565 1271 4632 transfuga
1311 4565 1540 4632 quisque
1589 4578 1618 4615 a
1654 4563 1758 4615 ﬁde
1783 4579 1926 4632 ,~pro

359 4645 559 4696 :utatc,
623 4645 676 4685 et
731 4635 974 4698 viribus,
1039 4634 1296 4687 Ecclesia:
1365 4635 1501 4685 l'oret
1562 4635 1926 4688 restituendus

359 4705 530 4774 edixit
561 4720 574 4756 :
616 4713 947 4772 cunctosque
987 4703 1238 4774 καθάπερ
1258 4704 1306 4754 οἱ
1338 4701 1750 4773 βαπτιζόμενοι,
1783 4720 1927 4756 more

362 4772 786 4844 (inplicuerunt,
827 4785 1099 4844 unguento
1149 4772 1306 4828 sacro
1342 4778 1519 4827 denuo
1567 4773 1690 4842 ungi
1737 4775 1924 4826 voluit.

360 4841 530 4908 Quam
569 4841 950 4898 auctoritatem
975 4845 1265 4898 advertens
1293 4844 1580 4908 Arcadius,
1617 4841 1774 4896 modo
1808 4858 1928 4898 sus-

365 4927 576 4979 picatur
611 4930 733 4966 eum
771 4929 1034 4968 canoncm
1072 4931 1176 4968 non
1217 4929 1337 4968 esse
1387 4915 1625 4968 auctoris
1682 4913 1822 4968 illius
1873 4923 1929 4968 et

363 4991 533 5036 sancti
568 4982 819 5035 Metttodii
850 5000 985 5050 opus
1015 4986 1326 5053 genuinum,
1355 4985 1446 5038 sed
1472 4983 1693 5036 alterius
1718 4983 1918 5038 Metho-

365 5057 434 5102 nii
485 5055 816 5105 scliisuiatici
861 5053 1049 5108 factum
1085 5055 1443 5110 adulterinum
1481 5071 1496 5108 :
1529 5059 1686 5106 modo
1714 5056 1781 5108 de
1815 5056 1924 5108 ba:-

364 5123 546 5177 reticis
598 5139 700 5176 uun
756 5125 1090 5180 continuatis
1137 5141 1443 5180 sermonem
1499 5125 1686 5179 haberi
1734 5140 1927 5180 :nunc

365 5194 766 5260 corruptionem
822 5193 875 5264 in
917 5209 1179 5248 canonem
1232 5196 1564 5264 irrepsisse:
1619 5205 1674 5248 ct
1712 5196 1924 5249 tondent

363 5265 757 5334 qualiscunque
825 5263 1131 5322 Methodins
1191 5263 1380 5319 auctor
1434 5268 1635 5328 luerit,
1703 5266 1927 5318 modica:

364 5335 710 5388 anotoiitatts
742 5337 918 5388 fuisse
939 5337 1102 5388 audet
1131 5349 1378 5388 asserere
1405 5346 1462 5388 ut
1495 5339 1652 5389 ritum
1705 5338 1926 5390 omnino

366 5407 836 5460 cotulemnandutn
867 5447 881 5472 ,
923 5401 1118 5474 et'quo
1149 5405 1363 5458 videtur
1395 5407 1578 5459 iterari
1631 5409 1926 5460 conﬁrma-

367 5479 530 5530 tionis
579 5487 979 5532 sacramentum
1031 5473 1091 5530 in
1162 5473 1454 5529 Beclesiam
1503 5477 1798 5529 induceret.
1857 5479 1926 5530 At

369 5548 542 5612 primo
573 5565 691 5600 cuin
725 5565 828 5603 ius.
871 5559 1160 5612 sexcenta,
1193 5560 1366 5614 caque
1413 5545 1680 5598 Metlmdio
1711 5546 1926 5612 juniore

367 5614 716 5684 BCIIlslllaliCO
753 5631 906 5672 extra
936 5618 1155 5675 dubium
1183 5632 1348 5672 omne
1370 5617 1692 5684 antiquiora,
1719 5628 1770 5668 et
1799 5633 1926 5669 aue-

369 5683 680 5760 1.0resinter
705 5687 926 5744 Latinos
948 5693 1148 5760 pariter
1167 5703 1230 5742 ac
1252 5688 1469 5760 Gnaeos
1494 5683 1594 5760 non
1621 5687 1924 5760 excipiendi

371 5751 713 5813 Sanctissitno
752 5775 905 5828 atque
937 5751 999 5816 ac
1051 5762 1362 5816 doctissimo
1399 5758 1666 5812 Mctliodio
1715 5751 1925 5811 contes-

2097 4561 2260 4615 Forte
2290 4562 2412 4630 quis
2441 4564 2620 4626 dicet,
2672 4563 2798 4616 hinc
2837 4575 2944 4615 nun
2987 4562 3202 4630 probari
3237 4577 3304 4616 ex
3353 4560 3601 4616 Cedreno

2031 4629 2319 4700 praefatum
2370 4646 2634 4686 canouem
2689 4629 2857 4686 fuisse
2890 4629 3254 4700 antiquissimi
3295 4632 3442 4686 illius
3493 4633 3602 4686 He-

2033 4701 2220 4754 tltodii.
2258 4704 2327 4754 At
2353 4715 2475 4754 cum
2505 4703 2674 4770 possit
2705 4711 2910 4754 tantum
2951 4704 3112 4755 tribui
3136 4741 3150 4764 ,
3180 4702 3264 4754 vel
3295 4718 3459 4768 supra
3493 4716 3602 4754 me-

2033 4784 2244 4824 morato
2294 4769 2562 4824 Methodio
2621 4771 3016 4836 illustrissimo,
3071 4773 3162 4840 qui
3219 4773 3404 4825 tloruit
3458 4773 3604 4824 circa

2033 4853 2230 4894 aniqu
2263 4841 2368 4895 8-ίῦ
2398 4850 2452 4895 et
2501 4852 2796 4908 sequentes
2829 4859 2842 4896 :
2888 4852 2982 4894 aut
3026 4841 3182 4894 alteri
3223 4842 3602 4906 scliismatico,

2031 4912 2277 4976 quicirca
2299 4927 2498 4964 annum
2531 4911 2669 4966 1240
2691 4911 2872 4965 sedem
2901 4911 3606 4980 obtinuitConstantinopo.

2032 4979 2252 5032 litauam
2286 4999 2298 5035 :
2334 4981 2612 5036 Cedrcnus
2639 4997 2767 5035 vero
2803 4983 3009 5036 medius
3037 4982 3199 5034 fuerit
3226 4980 3372 5034 circa
3407 4997 3604 5033 annum

2032 5051 2190 5114 toto,
2213 5065 2316 5104 non
2345 5063 2566 5120 possunt
2598 5052 2858 5120 ttouloqni
2888 5054 2988 5105 nisi
3015 5057 3081 5106 de
3108 5052 3288 5119 priore
3314 5051 3602 5104 Metltodio.

2107 5123 2306 5174 Deinde
2347 5136 2476 5175 vero
2510 5125 2652 5189 quod
2691 5123 2766 5174 ait
2816 5123 3085 5176 Arcudius
3111 5161 3126 5186 ,
3157 5121 3302 5174 bunc
3341 5136 3604 5174 canonem

2031 5190 2288 5244 Mclbodii
2337 5191 2559 5260 intelligi
2597 5193 2663 5244 de
2717 5192 3150 5260 inconsignatis,
3193 5205 3287 5243 seu
3333 5191 3424 5258 qui
3465 5189 3606 5256 apud

2031 5263 2316 5316 lnercticos
2354 5276 2459 5314 non
2500 5262 2731 5314 fuissent
2772 5263 3096 5324 conﬁrmati,
3149 5260 3263 5313 sive
3297 5263 3442 5328 quod
3481 5261 3607 5313 illud

2031 5340 2431 5386 Sacramentum
2465 5332 2865 5398 neglexissent,
2896 5330 2982 5384 vel
3007 5329 3230 5384 oiuuino
3263 5333 3608 5398 rejeeisscnt.

2031 5411 2086 5454 ut
2118 5404 2183 5455 de
2208 5401 2520 5456 Novatianis
2549 5401 2694 5454 clare
2729 5411 2957 5454 tesmtur
2990 5401 3366 5454 Tlieodoretus
3387 5403 3604 5460 citatus,

2030 5472 2107 5525 De
2149 5472 2350 5541 fabulis
2393 5472 2764 5525 ltwreticorum
2790 5513 2804 5536 ,
2842 5474 2956 5525 sive
2990 5474 3132 5540 quod
3182 5471 3324 5541 inter
3368 5486 3464 5523 eos
3501 5484 3602 5541 non

2027 5539 2213 5598 essent
2245 5542 2357 5596 veri
2391 5543 2650 5610 episcopi,
2681 5542 2733 5595 id
2757 5552 2876 5605 est,
2912 5539 3037 5595 vere
3065 5540 3326 5602 ordinati,
3354 5545 3444 5606 qui
3481 5539 3607 5610 illud

2029 5613 2472 5666 administrarent
2529 5631 2542 5667 :
2597 5613 2674 5676 id,
2723 5615 2938 5680 inquam
2960 5650 2976 5672 ,
3010 5621 3224 5665 nonest
3258 5623 3388 5662 vero
3413 5609 3607 5662 simile.

2028 5682 2211 5753 Ncquc
2230 5687 2430 5737 etenim
2455 5683 2519 5737 de
2538 5698 2644 5737 uno
2661 5692 2752 5736 aut
2775 5684 2947 5736 altero
2987 5683 3359 5736 haereticorum
3389 5695 3604 5749 genere.

3485 5764 3603 5815 puta
