3942 6218
165 375 326 448 1399

1211 389 1310 448 DE
1351 389 1456 452 IIS
1492 392 1626 463 QUI
1669 395 2213 470 ABNEGARUNT,
2256 399 2414 460 ETC.

3190 443 3201 450 ~
3306 407 3437 468 1310

158 491 526 587 «pendent.
557 490 731 558 Αὐτὸς
758 491 867 568 γὰρ
895 495 972 561 ὡς
994 494 1372 572 εὔσπλαγχνος
1400 507 1676 579 Δεσπότης
1695 549 1709 570 .
1739 511 1757 563 ἐ

1873 511 2223 569 incurrimus.
2272 512 2388 582 Ipse
2436 527 2672 581 namque
2722 524 2775 566 ιιι
2825 515 3086 587 benignus
3141 519 3438 584 Dominus;

161 582 344 648 εἰδὼς
387 583 489 656 τὴν
518 587 912 670 καταστροφὴν
949 588 1108 661 ήμῶν
1156 592 1241 647 ὅτι
1272 597 1526 668 πονηρὰ,
1559 600 1654 654 καὶ
1687 601 1769 655 ὅτι

157 673 451 728 κατέπιεν
491 675 641 747 ἡμᾶς
687 676 917 748 ἰσχύσας
958 679 988 732 6
1030 681 1262 750 θάνατος
1283 723 1300 751 ,
1351 688 1770 760 σπλαγχνισθεὶς

155 763 270 855 ἐφ’
303 765 475 836 ἡμᾶς,
505 766 680 820 σῶσαι
708 767 1013 842 εὐδόκησας
1040 773 1103 827 τὸ
1132 776 1224 830 σὺν
1257 777 1481 850 πλάσμα
1500 823 1514 845 ,
1552 785 1814 855 μορφὴν*

156 854 378 912 δούλου
398 856 601 924 λαϐὼν,
625 860 722 914 καὶ
745 859 826 933 τῷ
846 861 1062 938 θανάτῳ
1086 854 1769 939 συμπλακεὶςάνεκαλέσω

157 948 282 1020 τὴν
310 948 414 1020 σὴν
431 951 640 1019 εἰκόνα,
679 952 1060 1029 ἐλευθερώσας
1100 961 1248 1032 ήμᾶς
1277 963 1376 1034 τῆς
1401 965 1647 1032 ἐξουσίας
1672 969 1766 1022 τοῦ

163 1039 443 1108 θανάτου,
474 1044 570 1098 καὶ
611 1045 893 1117 ὀδηγήσας
939 1051 1089 1121 ἡμᾶς
1121 1053 1204 1119 είς
1240 1054 1358 1110 ὁδὸν
1389 1057 1667 1129 σωτηρίας
1697 1063 1764 1132 τῇ

160 1133 543 1207 ἀναγεννήσει
567 1137 663 1192 τοῦ
693 1139 761 1209 ἀγ
773 1140 854 1194 ίου
885 1156 982 1196 σου
1013 1143 1352 1215 Πνεύματος,
1380 1150 1476 1204 καὶ
1499 1151 1766 1218 σωθέντες

157 1227 247 1294 τῇ
275 1227 346 1296 σῇ
385 1226 600 1298 χάριτι,
644 1229 994 1303 ἀνυμνοῦμεν
1021 1233 1122 1305 τὴν
1151 1237 1470 1308 οἰκονομίαν
1497 1257 1589 1294 σου
1617 1283 1632 1306 ,
1669 1244 1766 1297 καὶ

158 1318 416 1390 δεόμεθα
436 1359 451 1384 ,
481 1323 578 1376 καὶ
609 1321 950 1396 ἱκετεύομεν,
987 1327 1083 1382 καὶ
1111 1331 1544 1403 παρακαλοῦμεν
1581 1336 1640 1388 ἐν
1695 1338 1761 1408 τῇ

159 1411 413 1484 δευτέρᾳ
442 1428 537 1466 σου
564 1415 872 1488 παρουσίᾳ,
905 1419 1031 1472 καθ’
1061 1419 1130 1491 ἢν
1165 1421 1381 1491 μέλλεις
1410 1427 1594 1496 κρῖναι
1628 1426 1765 1490 ζῶν-

163 1518 281 1566 τας
332 1506 428 1558 καὶ
473 1507 733 1576 νεκροὺς,
773 1509 869 1562 καὶ
914 1510 1212 1566 ἀποδοῦναι
1249 1514 1466 1586 ἑκάστῳ
1512 1518 1656 1570 κατά
1695 1519 1764 1574 τὰ

163 1592 322 1664 ἔργα
361 1594 550 1649 αὐτοῦ.
581 1597 868 1670 Μνήσθητι
894 1598 992 1653 τοῦ
1015 1600 1200 1667 ὲλέους
1234 1621 1329 1658 σου
1349 1647 1363 1671 ,
1402 1607 1486 1660 ὅτι
1519 1609 1630 1662 ἀπὸ
1666 1609 1760 1663 τοῦ

165 1683 380 1748 αἰῶνός
407 1687 525 1740 ἐστι
545 1729 560 1754 ,
589 1687 686 1740 καὶ
737 1685 1128 1762 ὑπερϐέϐηκας
1155 1692 1225 1746 τὰ
1252 1694 1576 1767 ἀνθρώπινα
1603 1699 1760 1770 ἡμῶν

167 1775 534 1845 πταίσματα,
565 1776 660 1830 καὶ
690 1775 1162 1852 πλημμελήματαο
1197 1785 1294 1838 καὶ
1314 1787 1597 1858 παράσχου
1628 1791 1760 1860 ἡμῖν

171 1864 412 1936 ἱλασμὸν
450 1867 566 1930 τοις
610 1868 952 1939 αἰτουμένοις
985 1887 1044 1924 σε
1065 1912 1081 1938 ,
1115 1873 1210 1927 καὶ
1256 1881 1613 1948 συγχώρησον
1652 1883 1760 1935 πᾶν

169 1953 537 2028 παράπτωμα
575 1957 827 2014 ἑκούσιόν
848 1977 910 2016 τε
943 1963 1036 2016 καὶ
1067 1963 1344 2032 ἀκούσιον,
1378 1967 1438 2020 ὲν
1462 1967 1662 2038 γνώσει
1699 1987 1758 2024 τε

167 2050 274 2101 καὶ
305 2047 520 2118 ἀγνοίᾳ.
551 2049 630 2104 Οὔ
656 2049 766 2122 γάρ
795 2051 946 2106 ἔστιν
971 2053 1280 2126 ἄνθρωπος,
1311 2055 1380 2134 ὃς
1410 2057 1641 2128 ζήσεται
1667 2063 1760 2116 καὶ

163 2137 278 2208 οὐχ
324 2138 655 2211 ἁμαρτήσει,
682 2140 804 2196 οὐδὲ
848 2143 946 2196 ἐὰν
975 2139 1076 2215 μία
1114 2147 1297 2218 ἡμέρα
1337 2149 1560 2222 γένηται
1589 2155 1618 2206 6
1647 2151 1760 2224 βίος

164 2227 348 2282 αὐτοῦ
377 2229 474 2283 ἐπὶ
494 2230 596 2302 τῆς
623 2234 747 2304 γῆς.
779 2232 876 2298 Τίς
906 2235 1016 2308 γάρ
1045 2239 1384 2312 καυχήσεται
1417 2242 1589 2315 ἁγνὴν
1612 2243 1759 2317 ἔχειν

163 2317 277 2388 τὴν
325 2321 861 2410 καρδίαναίντοῆἢ
904 2327 992 2391 τίς
1032 2331 1473 2402 παρρησιάσεται
1516 2335 1759 2410 καθαρὸς

167 2410 450 2500 ὑπάρχειν
477 2409 588 2467 ἀπὸ
616 2415 931 2487 ἀμαρτίας;
973 2421 1175 2486 πάντες
1207 2425 1316 2495 γὰρ
1347 2409 1676 2500 ἡμάρτομεν
1701 2432 1759 2486 ὲν

166 2497 364 2572 λόγοις
388 2504 493 2592 καὶ.
517 2505 702 2578 ἔργοις
726 2507 960 2564 ἐνώπιόν
993 2528 1088 2566 σου
1110 2552 1125 2576 ,
1153 2516 1249 2568 καὶ
1283 2497 1626 2590 στερούμεθα
1659 2523 1756 2592 τῆς

169 2593 283 2662 σῆς
319 2590 516 2665 δόξης,
551 2593 866 2664 ἐλπίζοντες
907 2599 1365 2674 δικαιωθήσεσθαι
1408 2609 1500 2662 ἐπὶ
1533 2611 1626 2664 τοῦ
1659 2590 1756 2682 φό-

168 2683 345 2754 ϐεροῦ
378 2685 476 2738 καὶ
512 2687 743 2758 φρικτοῦ
776 2687 1022 2760 βήματός
1065 2711 1189 2757 σου,
1229 2697 1322 2750 καὶ
1360 2698 1461 2752 ούκ
1491 2699 1552 2764 ἐξ
1580 2700 1759 2771 εργων

168 2773 552 2846 δικαιοσύνης.
579 2777 655 2830 Οὐ
681 2777 792 2850 γὰρ
819 2779 1164 2852 ἐποιήσαμεν
1201 2801 1253 2838 τι
1283 2786 1490 2853 ἀγαθὸν
1537 2790 1629 2842 ἐπὶ
1657 2789 1759 2860 τῆς

173 2864 289 2932 γῆς
309 2901 324 2925 ,
352 2863 468 2917 ἀλλ’
501 2865 566 2918 ἐκ
595 2865 832 2929 πίστεως
858 2867 1094 2939 ἀληθοῦς
1116 2911 1130 2936 ,
1166 2873 1258 2925 καὶ
1295 2876 1396 2944 τῆς
1425 2877 1504 2938 εἰς
1537 2876 1595 2928 σὲ
1624 2875 1756 2946 ὀμο-

169 2953 393 3022 λογίας.
419 2954 493 3008 T6
516 2955 628 3026 γὰρ
647 2957 973 3012 ἐπίστασθαί
994 2977 1074 3023 σε,
1097 2961 1388 3035 ὁλόκληρος
1417 2965 1754 3037 δικαιοσύνη·

174 3044 279 3098 καὶ
302 3046 364 3098 τὸ
401 3046 596 3101 ειδέναι
628 3065 721 3102 σου
752 3050 813 3102 τὺ
856 3051 1086 3122 κράτος,
1115 3053 1241 3123 ῥίζα
1281 3056 1602 3120 ἀθανασίας.
1650 3059 1757 3113 Καὶ

1871 603 2050 658 exitus
2095 603 2267 658 nostri
2308 603 2420 658 visa
2453 603 2684 669 malitia,
2717 604 3092 662 misericordia
3130 625 3292 680 super
3343 625 3441 664 nos

1871 705 2083 759 motus,
2120 708 2186 750 eo
2219 695 2361 766 quod
2402 695 2734 752 invalesceus
2763 698 3048 754 adversum
3097 716 3194 756 nos
3235 701 3438 757 letltum

1869 799 1970 840 nos
2001 786 2372 858 subjugassct,
2417 796 2722 843 creaturam
2766 798 2912 844 tuam
2954 791 3225 846 redimere
3253 793 3441 848 decre-

1868 878 2016 941 visti,
2051 887 2107 932 et
2141 879 2280 932 servi
2323 878 2495 933 forma
2531 891 2750 951 accepta
2774 926 2788 950 ,
2819 899 2941 942 cum
2975 892 3150 940 morte
3180 897 3438 954 congres-

1868 989 1961 1028 sus
1988 974 2274 1044 imaginem
2309 984 2456 1028 tuam
2489 975 2542 1028 in
2575 976 2729 1030 nobis
2777 979 3040 1046 reparasti
3068 1020 3084 1043 ,
3122 987 3439 1048 proptereao

1867 1079 1972 1132 que
1999 1078 2026 1117 a
2061 1064 2252 1120 mortis
2297 1075 2565 1134 potestate
2598 1065 2766 1135 erepti
2795 1105 2812 1131 ,
2863 1077 2917 1121 ct
2966 1069 3018 1122 in
3065 1069 3208 1122 viam
3241 1067 3439 1124 salutis

1867 1156 2038 1212 sancti
2069 1154 2306 1224 Spiritus
2337 1155 2746 1224 regeneratiOue
2771 1158 3008 1226 deducti,
3039 1159 3321 1229 gratiaque
3349 1167 3438 1212 tua

1864 1248 2076 1312 salvati,
2108 1247 2462 1316 providentiae
2487 1256 2590 1302 tum
2611 1249 3020 1318 dispositionem
3044 1249 3390 1305 celebramus
3419 1268 3434 1306 :

1866 1353 2227 1408 rogamusque
2247 1377 2261 1401 ,
2295 1339 2663 1408 supplicamus
2685 1381 2699 1402 ,
2747 1349 2803 1395 et
2850 1341 3200 1396 obsecramus
3226 1381 3242 1407 ,
3273 1350 3334 1395 ut
3357 1341 3431 1394 -in

1864 1428 2100 1484 secundo
2131 1439 2220 1482 tuo
2249 1429 2506 1493 adventu,
2537 1445 2644 1500 quo
2669 1431 2821 1488 vivos
2852 1441 2906 1485 et
2947 1441 3192 1486 mortuos
3224 1417 3436 1501 judica-

1866 1529 2015 1574 turus
2044 1535 2126 1586 es,
2168 1529 2221 1576 ct
2264 1521 2554 1590 unicuique
2599 1523 2892 1578 secundum
2927 1538 3093 1593 opera
3125 1538 3220 1580 sua
3253 1523 3436 1578 reddi-

1865 1621 2038 1677 turus,
2067 1610 2454 1666 misericordize
2489 1622 2592 1666 tute
2617 1655 2631 1679 ,
2663 1629 2782 1683 quze
2811 1629 2840 1667 a
2875 1615 3074 1670 saeculo
3103 1624 3211 1680 est,
3245 1615 3436 1669 memi-

1864 1705 2046 1758 neris:
2079 1710 2135 1757 et
2161 1703 2286 1771 quia
2319 1703 2552 1757 humana
2581 1716 2764 1758 nostra
2805 1705 3001 1759 delicta
3034 1707 3214 1760 minus
3243 1706 3435 1760 obser-

1863 1810 1989 1860 vas,
2020 1794 2510 1849 reconciliationem
2559 1797 2865 1865 petentibus
2897 1796 3156 1860 concede,
3189 1805 3244 1850 et
3276 1810 3436 1852 omne

1861 1885 2113 1941 delictum
2163 1897 2518 1956 spontaneum
2571 1895 2626 1942 et
2695 1887 3155 1954 involuntarium,
3197 1887 3436 1942 scienter

1861 1978 1944 2030 vel
1972 1979 2290 2048 ignoranter
2318 1980 2694 2040 commissum.
2724 1979 2993 2034 condona.
3030 1977 3148 2033 Non
3174 1981 3316 2032 enim
3353 1988 3436 2033 est

1861 2067 2023 2122 homo
2067 2069 2156 2138 qui
2199 2068 2339 2123 vivat
2392 2079 2447 2124 ct
2482 2085 2586 2123 non
2627 2077 2853 2139 peccet,
2886 2069 3101 2125 etiamsi
3135 2069 3294 2124 unius
3326 2067 3438 2128 diei

1859 2158 1931 2212 sit
1973 2157 2082 2212 vita
2117 2155 2234 2226 ejus
2278 2173 2441 2225 super
2471 2168 2691 2212 terram.
2726 2159 2857 2226 Quis
2901 2161 3046 2214 enim
3081 2161 3340 2214 mundum
3373 2173 3433 2216 se

1859 2263 1956 2304 cor
1983 2249 2186 2305 habere
2220 2249 2575 2320 gloriabitur?
2626 2263 2720 2304 aut
2745 2253 2866 2321 quis
2899 2265 2958 2306 se
2993 2265 3023 2305 a
3061 2261 3286 2324 peccato
3325 2253 3433 2307 im-

1859 2355 2076 2394 munem
2104 2356 2226 2395 esse
2257 2341 2534 2411 proferet?
2559 2339 2696 2396 Ecce
2723 2357 2912 2396 omnes
2953 2339 3136 2408 verbis
3165 2351 3218 2397 et
3250 2341 3435 2410 operi-

1861 2431 1961 2495 bus
1986 2445 2166 2485 coram
2194 2415 2245 2486 ie
2268 2448 2574 2502 peccamus,
2589 2442 2658 2508 ει
2683 2433 2857 2503 gratia
2885 2443 2973 2487 tua
2997 2434 3174 2488 orbati
3203 2449 3390 2488 sumus
3417 2455 3431 2490 :

1859 2531 1912 2576 et
1947 2523 2000 2576 in
2036 2524 2272 2578 timendo
2308 2525 2692 2596 tremendoque
2721 2533 2815 2578 tuo
2851 2524 3103 2579 tribunali
3143 2525 3432 2595 iustiﬁcari

1859 2627 2171 2683 speramus.
2223 2629 2326 2668 non
2375 2631 2438 2668 ex
2486 2615 2710 2682 iustitiae
2755 2615 3048 2683 Operibus,
3101 2615 3231 2668 nihil
3287 2615 3431 2670 enim

1857 2705 1983 2756 boni
2037 2718 2198 2771 super
2247 2716 2444 2757 terram
2492 2705 2722 2774 egimus,
2776 2705 2870 2759 sed
2915 2719 2982 2759 ex
3035 2719 3160 2758 vera
3201 2705 3328 2770 ﬁde,
3377 2715 3435 2760 et

1858 2795 2092 2850 nominis
2141 2795 2213 2850 tui
2253 2796 2615 2851 confessione.
2657 2795 2810 2850 Scire
2841 2810 3074 2864 namque
3107 2803 3158 2848 te
3188 2795 3428 2864 perfecta

1851 2886 2058 2953 justitia
2091 2896 2196 2951 est,
2221 2896 2277 2942 et
2302 2902 2657 2956 cognoscere,
2692 2887 2887 2950 virtus,
2915 2896 2970 2942 et
2999 2886 3430 2941 immortalitatis

1862 2979 2034 3034 radix.
2088 2976 2302 3033 Scimus
2333 2979 2550 3048 itaque,
2609 2979 2948 3048 proﬁtentur,
3004 2987 3059 3032 et
3111 2978 3428 3042 credimus,

1859 3069 1999 3136 quia-
2021 3083 2052 3122 e
2080 3068 2246 3122 nihilo
2269 3069 2334 3121 ad
2363 3083 2486 3122 esse
2520 3081 2616 3122 nos
2645 3067 2939 3132 adduxisti,
2971 3066 3154 3136 lapsis,
3173 3065 3432 3120 misertus

171 3137 426 3236 oiaapsv,
457 3138 552 3192 καὶ
587 3138 986 3213 ὁμολογοῦμεν,
1027 3145 1120 3198 καὶ
1169 3146 1522 3218 πιστεύομεν,
1566 3150 1648 3202 ὅτι
1692 3153 1754 3204 σὺ

1862 3175 1932 3218 es.
1967 3170 2254 3229 peccantes
2289 3159 2551 3226 tolerasti,
2585 3169 2640 3214 et
2683 3173 2712 3212 a
2763 3168 2937 3213 morte
2971 3158 3262 3214 revocasti.
3295 3138 3435 3210 'Pro-

173 3223 286 3282 :16
318 3229 382 3283 lx
410 3228 506 3283 τοῦ
540 3230 616 3303 μὴ
647 3230 798 3294 bino;
829 3235 910 3298 είς
948 3233 1009 3288 τὸ
1042 3230 1182 3288 εἶναι
1214 3231 1557 3308 παραγαγὼν
1583 3242 1754 3310 ἡμᾶς,

172 3321 279 3375 καὶ
306 3323 729 3394 παραπεσόντας
751 3324 940 3390 ἐλεῶν,
983 3327 1078 3382 καὶ
1107 3327 1523 3398 ἁμαρτάνοντας
1551 3331 1754 3400 φέρων,

171 3411 275 3465 καὶ
301 3413 366 3466 ὲκ
395 3411 628 3468 θανάτου
677 3415 1407 3490 ζωοποιούμενος.Δεόμεθά
1435 3435 1550 3486 σου,
1584 3421 1756 3492 Κύριε

171 3503 210 3555 ὁ
234 3501 369 3565 Θεὸς
387 3504 570 3574 ἡμῶν,
599 3505 683 3560 ὅτι
713 3523 818 3578 περ
857 3505 924 3561 ἀν
952 3508 1271 3579 ἡμάρτομεν
1295 3508 1526 3591 ἐνώπιόν
1551 3529 1645 3565 σου
1681 3509 1758 3576 ὡς

177 3592 364 3664 σάρκα
393 3592 721 3665 φοροῦντες,⁶
735 3596 832 3650 καὶ
857 3597 948 3650 τὸν
973 3597 1178 3668 κόσμον
1216 3597 1406 3652 τοῦτον
1435 3597 1713 3663 οἰκοῦντες
1734 3639 1750 3663 ,

175 3687 278 3740 καὶ
300 3685 584 3742 ἀσθένειαν
615 3692 1014 3762 περικείμενοι,
1044 3691 1153 3745 εἴτε
1182 3691 1384 3763 ἔργοις,
1414 3691 1524 3747 εἴτε
1551 3692 1748 3762 λόγοις,

178 3777 296 3830 sits
341 3777 548 3850 δνθυμή
559 3795 744 3850 μασιν,
775 3781 942 3844 αὐτὸς
965 3781 1042 3844 ὡς
1069 3781 1293 3850 ἀγαθὸς,
1318 3782 1414 3836 καὶ
1443 3781 1754 3852 φιλάνθρω-
1777 3807 1789 3814 α

177 3885 290 3932 στος
311 3909 326 3936 ,
357 3869 456 3924 καὶ
483 3871 729 3943 ἐλεήμων
757 3871 1034 3943 Δεσπότης
1053 3913 1068 3936 ,
1099 3873 1226 3937 ἄνες
1247 3911 1262 3938 ,
1297 3873 1436 3942 ἄφες
1459 3912 1476 3940 ,
1522 3873 1717 3944 πάριδι
1738 3913 1753 3938 ,

175 3961 278 4014 καὶ
322 3960 679 4035 συγχώρησον
718 3964 787 4018 τά
817 3964 1242 4034 παραπτώματα
1274 3964 1432 4036 ἡμῶν
1461 3967 1576 4030 τοῖς
1623 3968 1758 4037 ὀμο-

177 4051 404 4121 λογοῦσι
424 4091 440 4114 ,
475 4055 570 4108 καὶ
613 4052 691 4125 μὴ
731 4053 976 4128 λογήσῃ,
1011 4055 1147 4126 μηδὲ
1179 4054 1428 4128 εἰσέλθῃς
1461 4057 1543 4120 είς
1574 4057 1755 4128 κρίσιν

181 4143 324 4214 μετὰ
356 4142 465 4196 τῶν
490 4143 692 4199 δούλων
720 4163 836 4211 σου,
869 4147 949 4200 ὅτι
985 4146 1047 4199 ού
1074 4144 1494 4218 δικαιωθήσεται
1522 4145 1754 4201 ἐνώπιόν

179 4249 279 4287 σου
313 4234 423 4298 πᾶς
453 4233 583 4301 ζῶν.
621 4237 747 4290 Ὀτι
794 4237 859 4292 σὺ
901 4232 957 4290 εί
999 4237 1160 4308 μόνος
1197 4236 1616 4308 ἀναμάρτητος,
1657 4240 1754 4292 καὶ

1859 3261 2038 3316 pterea
2065 3263 2316 3316 rogamus
2341 3257 2416 3312 te,
2447 3247 2589 3302 Deus
2619 3257 2825 3313 noster,
2861 3243 2918 3302 ut
2950 3247 3308 3318 quodcunque
3339 3259 3434 3300 co-

1859 3351 1972 3390 ram
2005 3346 2056 3392 te
2084 3338 2306 3404 malum,
2341 3353 2438 3392 ceu
2471 3353 2638 3392 carne
2665 3339 2868 3404 onusti,
2897 3347 2951 3394 et
2983 3339 3037 3392 itt
3074 3339 3273 3392 mundo
3309 3351 3433 3390 vcr-

1858 3431 1982 3496 sati,
2013 3431 2126 3484 sive
2157 3430 2412 3500 operibus
2434 3471 2450 3494 ,
2477 3431 2592 3485 sive
2625 3417 2834 3493 verbis,
2872 3431 2988 3484 sive
3018 3422 3182 3482 eiiam
3215 3427 3430 3498 cogita-

1859 3522 2095 3576 tionilms
2126 3521 2561 3592 perpetravimns
2581 3563 2594 3583 ,
2621 3519 2734 3592 ipse
2764 3531 2821 3575 nt
2849 3521 3046 3584 bonus,
3071 3532 3125 3575 et
3142 3521 3430 3594 hominum

1858 3621 2090 3675 amator.
2124 3621 2180 3668 et
2215 3613 2527 3668 misericors
2566 3612 2822 3668 Dominus
2849 3612 3083 3675 relaxes,
3119 3611 3430 3676 condones,

1858 3713 1913 3756 ct
1937 3703 2204 3758 remittas.
2229 3701 2398 3758 Parce
2425 3703 2581 3759 nobis
2602 3703 2797 3759 delicta
2825 3702 3230 3769 conﬁtentibus,
3257 3715 3434 3772 neque

1861 3791 2158 3860 recogites,
2194 3802 2289 3846 aut
2334 3792 2387 3846 in
2420 3791 2682 3860 iudicium
2711 3806 2835 3847 cum
2873 3791 3048 3847 servis
3085 3791 3193 3846 tuis
3229 3790 3430 3854 intres,

1859 3879 1984 3946 quia
2023 3893 2126 3934 non
2153 3877 2542 3948 justiticabitur
2564 3895 2746 3936 coram
2773 3889 2825 3935 te
2847 3880 3027 3935 omnis
3062 3880 3268 3934 vivens.
3292 3878 3433 3945 Quia

1863 3979 1916 4023 tu
1944 3970 2091 4026 solus
2109 3972 2226 4026 sine
2253 3985 2474 4042 peccato
2523 3973 2730 4038 existis,
2755 3983 2808 4028 et
2831 3962 3156 4042 praenitentes
3179 3971 3434 4040 suscipis,

1859 4069 1912 4114 et
1942 4061 2039 4116 tibi
2076 4063 2300 4132 gloriam
2337 4063 2644 4130 referimus,
2669 4063 2844 4130 Patri,
2880 4075 2935 4118 et
2969 4063 3130 4126 Filio,
3155 4069 3209 4116 et
3242 4071 3433 4115 sancto

1862 4149 2089 4221 Spiritui
2135 4169 2149 4208 :
2209 4167 2350 4208 nunc
2383 4161 2439 4208 et
2482 4166 2718 4222 semper,
2761 4162 2816 4206 et
2863 4153 2914 4206 in
2962 4152 3161 4207 saecula
3207 4149 3433 4206 saeculo—
3478 4148 3480 4150 ’

1863 4257 2002 4297 nun.
2033 4243 2250 4297 Amen.‘

175 4329 470 4402 δεχόμενος
494 4333 622 4396 τοὺς
644 4333 1058 4404 μετανοοῦντας,
1081 4335 1176 4388 καὶ
1201 4333 1283 4389 σοὶ
1304 4334 1403 4408 τὴν
1430 4335 1590 4402 δόξαν
1655 4337 2079 4410 ἀναπέμπομεν·
2130 4339 2210 4410 τῷ
2259 4340 2472 4408 ΙΙατρὶ,
2543 4339 2638 4396 καὶ
2709 4335 2788 4407 τῷ
2820 4334 2975 4408 Υίῷ,
3019 4335 3116 4390 καὶ
3163 4333 3242 4406 τῷ
3289 4331 3432 4404 ἀγίῳ

175 4423 486 4496 Πνεύματι·
539 4425 634 4480 νῦν
681 4428 776 4480 καὶ
818 4427 943 4491 ἀεὶ,
973 4428 1068 4480 καὶ
1113 4427 1192 4490 είς
1229 4426 1356 4490 τοὺς
1386 4425 1592 4490 αἰῶνας
1635 4426 1744 4481 τῶν
1781 4430 2016 4484 αἰώνων.
2063 4431 2260 4502 Ἀμήν.

695 4561 780 4615 Εὐ
787 4560 862 4630 χὴ
893 4557 1063 4628 ἑτέρα
1094 4561 1230 4631 (‘25).

248 4673 515 4738 Δέσποτα,
542 4673 716 4746 Κύριε
739 4673 908 4737 ὁΘεὸς
933 4673 1112 4745 ἡμῶν,
1133 4675 1162 4726 6
1181 4675 1278 4737 τὰς
1305 4674 1454 4739 κλεῖς
1477 4675 1755 4747 βασιλείας

175 4783 276 4820 σου
323 4765 521 4837 Πέτρῳ
545 4765 626 4836 τῷ
658 4766 941 4838 κορυφαίῳ
977 4765 1084 4819 τῶν
1125 4765 1444 4820 ἀποστόλων
1477 4783 1753 4838 κατεμπι-

178 4853 436 4921 στεύσας,
466 4859 561 4910 καὶ
608 4857 696 4910 ἐπ’
737 4857 890 4928 αύτῷ
930 4857 1029 4928 τὴν
1073 4857 1238 4926 ἁγίαν
1269 4874 1363 4934 σου
1423 4858 1753 4931 Ἐκκλησίαν

174 4947 574 5019 οἰκοδομήσας,
607 4947 703 5002 καὶ⁸
735 4947 861 5012 δοὺς
900 4946 1052 5018 αύτῷ
1102 4946 1356 5012 ἐξουσίαν
1395 4946 1486 5001 διὰ
1513 4948 1613 5018 τῆς
1653 4950 1753 5020 σῆς

176 5039 419 5110 χάριτος,
448 5039 543 5094 τοῦ
573 5040 796 5112 δεσμεῖν
843 5041 938 5096 καὶ
957 5041 1107 5094 λύειν
1129 5040 1199 5095 τά
1237 5039 1334 5094 ἐπὶ
1353 5040 1456 5112 τῆς
1478 5040 1619 5111 γῆςι,
1651 5043 1752 5096 ὲπ-

177 5131 414 5186 άκουσον
461 5133 556 5186 καὶ
600 5131 759 5204 ἡμῶν
802 5133 912 5186 τῶν
943 5129 1178 5199 ἀναξίων
1203 5131 1656 5203 ἐπικαλουμένων
1691 5150 1750 5186 σε

175 5221 274 5278 νῦν
314 5223 407 5278 ἐπὶ
443 5223 669 5295 ίλασμδν
691 5220 786 5279 τοῦ
833 5223 1098 5296 παρόντος
1123 5221 1311 5278 δούλου
1346 5240 1462 5291 σου,
1495 5222 1590 5278 καὶ
1617 5223 1751 5277 θαυ-

177 5314 466 5387 μάοτωσον
489 5316 558 5370 τὰ
579 5315 702 5388 ιλέη
731 5333 826 5371 σου
856 5317 946 5370 ἐπ’
971 5316 1156 5382 αὐτὸν,
1186 5319 1216 5370 6
1237 5314 1426 5380 σώζων
1448 5316 1573 5380 τοὺς
1598 5315 1752 5370 ὲλπί-

2460 4569 2593 4620 -Αίὶα
2641 4567 2828 4622 oratio.

1933 4677 2264 4742 Dominator,
2301 4675 2524 4732 Domine
2563 4677 2701 4734 Deus
2751 4687 2956 4743 noster,
3005 4677 3122 4748 qui,
3164 4677 3319 4748 regni
3354 4678 3434 4734 tui

1858 4771 2102 4826 clavibus
2131 4771 2292 4826 Petro
2335 4772 2702 4842 apostolorum
2741 4779 2956 4826 tuorum
2989 4771 3276 4842 corypbato
3306 4783 3432 4826 cre-

1858 4863 2007 4926 ditis,
2031 4873 2331 4934 sanctaque
2361 4873 2448 4919 tua
2475 4864 2710 4919 Ecclesia
2739 4878 2902 4932 super
2928 4878 3049 4918 eum
3069 4861 3356 4932 mdiﬁcata,
3379 4863 3431 4918 ei

1856 4954 2030 5024 gratia
2073 4963 2161 5008 tua
2194 4963 2512 5023 potestatem
2537 4949 2743 5024 ligandi
2787 4962 2953 5024 atque
2983 4950 3229 5008 solvendi
3267 4967 3434 5024 super

1859 5057 2059 5101 terram
2097 5047 2409 5102 contulisti:
2445 5047 2693 5116 indignos
2719 5061 2820 5101 nos
2853 5055 2906 5101 te
2937 5061 3082 5101 nunc
3115 5046 3434 5102 invocantes

1857 5149 1957 5204 pro
1987 5137 2268 5204 praesentis
2301 5135 2442 5192 servi
2481 5136 2554 5190 tui
2585 5135 3025 5192 reconciliatione
3062 5137 3292 5206 exaudi;
3325 5137 3429 5191 mi-

1859 5225 2009 5279 ritica
2037 5224 2438 5281 misericordias
2465 5237 2584 5281 tuas
2605 5240 2792 5281 versus
2817 5226 2996 5292 illum,
3025 5227 3116 5298 qni
3147 5235 3444 5296 sperantes

1859 5315 1911 5370 in
1941 5325 1994 5370 te
2019 5314 2216 5372 salvas.
2243 5314 2324 5370 Tu
2353 5317 2496 5372 enim
2534 5317 2904 5388 deiloquorum
2937 5317 3313 5387 prophetarum
3337 5327 3451 5368 ore.

1257 5489 1485 5546 VARIA'I
1517 5487 1904 5548 LECTIONES
1941 5490 2030 5547 ET
2069 5489 2302 5550 ΝΟΤᾸΞ.

251 5649 558 5722 (25)ᾃ’ὐχὴ
588 5651 779 5722 ἑτέρα.
835 5651 1044 5722 Titulus
1089 5639 1338 5708 secunda:
1387 5653 1652 5708 orationis
1689 5653 1738 5706 in

1862 5652 2136 5722 τηκοστὸν,
2169 5653 2491 5721 τριακοστὸν
2527 5652 2756 5722 ἕϐδομον
2780 5691 2794 5722 ,
2822 5651 2918 5704 καὶ
2969 5649 3263 5704 ἑκατοστὸν
3295 5649 3406 5702 δεύ-

182 5719 888 5791 ςιγριοίοιϊὲιιειιεὶὀοάίρο
921 5721 1260 5791 Bessarionis
1287 5731 1370 5776 est
1387 5722 1697 5791 lmjusmodi
1724 5740 1738 5776 :

182 5785 324 5862 Εύῇή
369 5790 502 5865 ἄλλη
541 5795 618 5856 είς
647 5791 873 5863 ἱλασμὸν
909 5789 1048 5864 μετὰ
1074 5793 1134 5846 τὸ
1159 5793 1331 5846 είπεῖν
1367 5785 1580 5863 ψαλμὸν
1610 5810 1740 5847 πεν-

1840 5721 2016 5792 τερον.
2050 5723 2170 5775 Atia
2191 5724 2360 5777 oratio
2383 5725 2452 5776 ad
2476 5721 2947 5777 reconciliationem
2967 5723 3124 5774 dictis
3151 5737 3200 5784 ι..
3228 5736 3331 5775 xxx
3348 5732 3408 5776 ιι.

1839 5804 1892 5847 et
1917 5807 1991 5848 ett
2025 5793 2268 5863 psalmis.
