3942 6218
519 307 650 376 ι3ιι
1517 279 1607 369 ἐ.
1649 309 2030 370 METHODII
2071 311 2092 370 ι

2198 309 2506 370 ‘RIARCH
2519 309 2578 368 53
2618 310 2728 370 (ΣΡ.
2997 334 3008 345 ο
3685 307 3808 374 13η

515 421 745 477 dixisti:
795 417 1174 476 Convertimini
1211 416 1280 470 ad
1325 431 1427 484 me,
1467 427 1514 471 et
1565 433 1658 488 ego
1705 427 1978 471 convertar
2027 418 2092 470 ad

2201 420 2394 483 ζοντας
2427 419 2520 471 ἐπὶ
2545 418 2625 471 σέ.
2657 417 2730 470 Σὺ
2764 415 2874 487 γὰρ
2905 411 3090 481 εἶπας,
3120 416 3322 488 Κύριε,
3357 413 3448 470 διὰ
3469 415 3590 500 τεῶν
3622 417 3810 486 θεοφι-

513 533 602 572 οοο
627 517 642 546 ¹
667 531 684 584 ;
707 523 758 569 et
782 529 796 566 :
829 511 952 567 Non
980 511 1152 566 volens
1179 509 1297 564 volo
1333 519 1549 564 mortem
1579 510 1890 580 peccatoris,
1916 511 2005 564 sed
2035 521 2090 564 ut

2200 508 2485 580 ρουμένων
2506 509 2733 580 χειλέων
2754 507 2862 564 τῶν
2883 508 3183 580 προφητῶν
3204 525 3319 562 σου·
3353 509 3810 580 Ἐπιστραςρῆτε

515 614 848 662 convertatur
862 613 908 658 et
932 606 1066 659 vivat
1087 601 1259 673 ’.lpse
1282 602 1466 671 igitur,
1491 601 1741 668 Domine,
1767 614 2089 672 praasentetn

2198 602 2345 669 πρός
2372 618 2468 671 με,
2501 602 2601 656 καί
2630 589 3156 675 ἐπιστραφήσομαι
3184 600 3338 670 πρὸς
3369 599 3550 670 ὑμᾶς’
3591 604 3694 655 καὶ
3723 605 3804 656 τέ’

510 713 726 754 servum
761 705 908 751 tuum
934 711 964 749 a
993 695 1077 750 via
1101 694 1306 750 erroris
1335 695 1416 749 sui
1465 703 1855 770 revertentem,
1897 703 1950 748 et
1979 709 2008 748 a
2040 703 2093 750 te

509 789 1010 846 reconciliationem
1049 795 1466 858 exposcentem,
1502 801 1570 841 ne
1603 787 1827 854 abjicias
1851 827 1866 853 ,
1899 787 1992 858 sed
2038 786 2090 841 in

509 880 882 936 misericordia
929 879 1134 944 visita,
1177 886 1232 934 et
1274 879 1327 932 in
1378 877 1829 933 miserationibus
1874 892 2088 934 revoca.

509 971 650 1038 Quia
674 981 726 1025 ιιι
761 987 820 1027 es
866 969 1009 1026 Deus
1032 1009 1047 1036 ,
1085 970 1226 1026 Deus
1255 968 1665 1040 paenitentiam,
1701 978 1754 1024 et
1780 968 1846 1022 ad
1877 977 1930 1023 te
1961 982 2093 1024 con-

509 1074 791 1114 versorum
822 1057 1096 1124 Salvator,
1126 1067 1180 1113 et
1206 1058 1302 1113 tibi
1329 1056 1556 1125 gloriam
1581 1055 1892 1122 referimus,
1920 1055 2090 1121 Patri,

510 1161 564 1207 et
603 1151 775 1218 Filio,
816 1163 870 1215 et
902 1162 1092 1206 sancto
1123 1151 1375 1220 Spiritui,
1415 1166 1560 1206 nunc
1592 1161 1644 1207 et
1677 1165 1910 1219 semper,
1952 1157 2008 1204 et
2039 1148 2092 1204 in

508 1244 704 1302 sarcula
738 1243 1084 1300 saeculorum.
1119 1245 1311 1297 Amen.

2198 696 2282 748 οὐ
2327 693 2577 764 θελήσει
2618 695 2773 752 θέλω
2811 695 2922 751 τὸν
2953 695 3220 750 θάνατον
3249 695 3359 750 τοῦ
3389 695 3764 764 ἀμαρτωλοῦ
3782 738 3797 762 .

2194 785 2272 851 ὡς
2305 785 2371 839 τὸ
2397 774 2759 856 ἐπιπρέψαι
2782 788 2881 842 καί
2905 786 3084 857 ζῆσαι
3097 787 3306 842 αὐτόν.
3336 787 3515 851 Αὐτὸς
3545 787 3674 854 οὖν,
3693 789 3796 856 σιλ-

2195 877 2478 947 ἀνθρωπε,
2527 878 2626 932 καὶ
2664 878 2756 932 τὸν
2792 879 3042 950 παρόντα
3084 877 3274 933 δοῦλόν
3317 896 3416 932 σου
3473 881 3548 932 ἐκ
3599 879 3792 952 πλάνης
3877 901 3885 906 ·

2200 965 2322 1022 ὁδοῦ
2355 966 2522 1020 αὑτοῦ
2555 968 2964 1040 ἐπιστρέφοντα
2985 1010 3002 1036 ,
3028 969 3124 1024 καὶ
3154 969 3487 1041 αίτοῦμενον
3520 972 3686 1042 παρὰ
3709 973 3790 1026 σοῦ

2205 1055 2454 1128 ἱλασμὸν,
2491 1059 2566 1130 μὴ
2606 1059 2998 1132 ἀποστραφῇς,
3031 1059 3148 1114 ἀλλ’
3181 1061 3242 1116 ἐν
3275 1060 3424 1115 ιλὲει
3458 1061 3784 1133 intendat,

2201 1149 2296 1202 καὶ
2326 1149 2383 1200 ἐν
2412 1150 2720 1222 οίκτιρμοϊς
2764 1151 3120 1208 ἀνακάλεσαι.
3158 1151 3284 1206 ὀτι
3311 1153 3381 1206 σὺ
3433 1147 3488 1206 εἰ
3539 1156 3575 1207 6
3627 1154 3790 1219 Θεὸς,

2201 1237 2334 1300 Θεδς
2365 1237 2474 1294 τῶν
2514 1241 2945 1310 μετανοούντων,
2970 1241 3067 1298 καὶ
3097 1240 3209 1296 τῶν
3251 1241 3396 1316 πρὸς
3430 1243 3495 1297 σὲ
3547 1242 3784 1316 ἐπιστρε-

510 1340 724 1407 φόντων
770 1339 982 1410 Σωτὴρ,
1019 1338 1114 1392 καὶ
1157 1337 1241 1391 σο)⁸
1271 1337 1368 1408 τὴν
1395 1337 1552 1406 δόξαν
1591 1335 2018 1406 ἀναπέμπομενο
2046 1331 2127 1404 τῷ
2167 1333 2346 1406 Ilotth
2371 1376 2386 1402 ,
2417 1335 2516 1389 καὶ
2540 1335 2619 1408 τῷ
2649 1335 2785 1403 Υίῷ,
2812 1341 2907 1391 καὶ
2951 1336 3026 1408 τῷ
3067 1336 3205 1409 ἁγίῳ
3233 1336 3553 1408 Πνεύματι·
3587 1338 3687 1395 νῦν
3711 1356 3776 1393 κα

508 1435 619 1500 ἀεὶ,
658 1436 752 1488 καὶ
786 1435 867 1498 είς
888 1435 1018 1499 τοὺς
1049 1434 1252 1496 αίῶνας
1273 1433 1382 1487 τῶν
1409 1430 1646 1488 αἰώνων.
1691 1432 1890 1504 Ἀμήν.

1113 1551 1233 1603 Alia
1271 1549 1475 1604 Oratio.
1616 1539 1620 1542 h

999 1663 1284 1717 Dominum
1317 1678 1609 1731 precemur.

581 1776 808 1831 Domine
838 1775 1004 1840 Deus,
1023 1777 1261 1830 omnium
1288 1779 1534 1832 contlitor
1561 1787 1614 1831 et
1640 1763 1917 1842 Dominus,
1939 1775 2094 1831 boni-

511 1869 639 1923 tatis
671 1867 791 1922 fons
816 1907 830 1930 ,
867 1868 1108 1921 omnium
1158 1867 1436 1922 hominum
1483 1878 1537 1921 et
1578 1867 1812 1922 maxime
1852 1866 2092 1922 ﬁdelium

509 1959 694 2022 Pater,
728 1957 818 2026 qui
847 1958 1118 2012 hominem
1154 1956 1356 2012 diaboli
1409 1957 1727 2012 seductioue
1750 1997 1765 2023 ,
1817 1957 1871 2012 in
1909 1958 2090 2027 perdi-

510 2051 673 2106 tiattis
707 2051 1022 2120 errorisque
1056 2049 1386 2118 profundum
1414 2050 1724 2106 demersum
1758 2066 1864 2107 non
1897 2053 2093 2120 despe-

510 2144 634 2197 xisti
663 2185 678 2208 ,
713 2146 806 2219 sed
847 2159 972 2198 eum
1016 2158 1113 2214 per
1143 2144 1408 2214 uuigeniti
1440 2144 1559 2199 Filii
1603 2145 1681 2200 tui
1717 2155 1774 2200 ct
1800 2145 1891 2201 Dei
1923 2145 2094 2202 nostri

508 2237 942 2292 incarnationem
977 2239 1299 2308 requisitum
1339 2246 1395 2292 et
1443 2249 1716 2294 servatum
1756 2239 1822 2293 ad
1861 2240 2093 2307 teipsum

507 2331 797 2395 reduxisti,
832 2329 964 2398 ipse,
993 2329 1222 2398 benigne
1241 2328 1711 2396 Domine,servum
1727 2341 1884 2386 tuum
1910 2332 2092 2398 istum,

509 2422 795 2476 rationalis
818 2422 975 2476 ovilis
1000 2421 1200 2478 Cliristi
1229 2423 1304 2477 tui
1336 2437 1492 2478 orem
1521 2423 1868 2478 inimicorum
1899 2424 2097 2494 impio-

511 2528 628 2565 rum
682 2511 1001 2578 captivitate
1044 2511 1381 2580 redemptam
1435 2511 1688 2581 respice:
1743 2521 1798 2566 et
1842 2513 2094 2583 quamvis

511 2601 698 2670 puerili
733 2602 970 2666 inscitia,
1007 2611 1098 2656 aut
1137 2603 1417 2673 tyrannica
1464 2601 1509 2656 vi
1542 2617 1720 2657 mores
1751 2617 1938 2659 eorum
1970 2603 2094 2658 imi-

509 2703 654 2747 tatus
683 2693 846 2748 fuerit
873 2732 890 2759 ,
935 2709 1080 2748 nunc
1123 2704 1305 2748 tamen
1341 2694 1525 2764 populi
1575 2695 1651 2749 tui
1684 2695 2094 2766 congregationi

510 2784 725 2838 restitui
781 2784 1076 2854 permitte;
1117 2784 1317 2838 virtute
1349 2794 1405 2838 et
1436 2785 1755 2854 operatione
1799 2787 1970 2840 sancti
2021 2786 2096 2840 tui
2145 2795 2160 2808 '

510 2877 747 2945 Spiritus
780 2887 1016 2932 mentem
1051 2875 1168 2944 ejus
1195 2876 1418 2942 irradia,
1450 2887 1506 2930 ut
1529 2876 1787 2932 salutaris
1809 2875 2098 2946 baptisma-

513 2968 581 3018 tis
612 2967 842 3018 scintilla
888 2967 938 3016 in
969 2965 1086 3032 ejus
1121 2966 1299 3017 anima
1339 2966 1582 3020 insidens
1627 2978 1680 3022 et
1719 2967 1930 3030 relit-ta,
1963 2985 2092 3023 aura

2721 1549 2808 1602 Εὐ
2812 1547 2893 1618 χὴ
2933 1547 3104 1617 ἑτέρα
3133 1548 3268 1622 (‘26).

2634 1659 2744 1714 Τοῦ
2791 1661 3013 1728 Κυρίου
3036 1649 3363 1732 δέηθῶμεν.

2266 1774 2440 1845 Κύριε
2483 1775 2512 1827 6
2541 1774 2674 1838 Θεὸς
2697 1816 2712 1840 ,
2743 1776 2772 1828 6
2805 1774 2914 1829 τῶν
2949 1776 3209 1831 ἀπάντων
3239 1776 3501 1848 ποιητὴς,
3536 1777 3644 1833 καὶ
3694 1781 3792 1834 Δι-

2197 1865 2403 1936 σπότης
2422 1905 2436 1930 ,
2483 1866 2516 1937 ἠ
2557 1865 2708 1937 πηγὴ
2743 1866 2840 1938 τῆς
2870 1865 3210 1938 ἀγαθότητος
3240 1907 3257 1934 ,
3287 1869 3316 1920 6
3339 1867 3537 1939 Πατὴρ
3569 1869 3789 1924 πάντων

2195 1956 2522 2029 ἀνθρώπων,
2566 1957 2804 2028 μάλιστα
2849 1957 3078 2025 πιστῶν,
3113 1961 3144 2012 6
3182 1958 3260 2030 μὴ
3290 1958 3546 2030 παριδὼν
3575 1958 3669 2014 τὸν
3697 1960 3794 2014 ἂν-

2197 2048 2416 2120 θρωπον
2446 2050 2511 2103 ἐκ
2551 2040 2652 2120 τ’ῆς
2697 2047 2792 2104 τοῦ
2823 2049 3074 2104 διασόλου
3108 2049 3451 2122 πανουργίας
3501 2051 3593 2115 είς
3637 2050 3787 2121 βυθὸν

2196 2140 2476 2205 ἀπωλείας
2551 2141 2646 2195 καὶ
2678 2140 2889 2212 πλάνης
2920 2139 3325 2212 κατενεχθέντα
3351 2180 3368 2206 ,
3402 2141 3548 2196 ἀλλά
3576 2142 3670 2196 διὰ
3693 2141 3789 2210 τῆς

2197 2233 2468 2306 σωτηρίου
2508 2235 2980 2307 ὲνανθρωπήσεως
3012 2233 3107 2288 τοῦ
3155 2233 3488 2305 μονογενοῦς
3521 2251 3622 2289 σου
3665 2233 3783 2290 Μ

2197 2323 2292 2376 καὶ
2329 2323 2466 2376 Θεοῦ
2497 2325 2530 2392 ἡ
2540 2323 2658 2394 μῶν
2687 2323 2878 2378 τοῦτον
2921 2325 3276 2394 ἀναζητήσας
3302 2327 3402 2379 καὶ
3444 2325 3635 2389 σώσας
3659 2366 3676 2390 ,
3700 2327 3784 2379 καὶ

2198 2415 2337 2487 πρὸς
2385 2416 2581 2469 ἑαυτὸν
2641 2415 3029 2486 ἐπαναγαγὼν,
3064 2416 3249 2482 αὐτὸς,
3299 2417 3561 2474 Δέσποτα
3609 2418 3783 2489 φιλάν-

2197 2507 2419 2580 θρωπε,
2465 2508 2562 2562 καὶ
2604 2508 2672 2562 τά
2699 2508 2796 2562 νῦν
2841 2507 3134 2578 ὲπίϐλεψον
3183 2509 3280 2562 ἐπὶ
3319 2507 3415 2564 τὸν
3461 2509 3653 2564 δοῦλόν
3699 2527 3780 2564 σου

2195 2602 2410 2668 τοῦτον,
2447 2603 2723 2675 πρόϐατον
2752 2604 2850 2672 τῆς
2880 2602 3111 2674 λογικῆς
3155 2601 3399 2674 ποίμνης
3429 2603 3530 2658 τοῦ
3559 2602 3779 2674 Χριστοῦ

2201 2677 2294 2749 σου
2330 2695 2648 2766 ὑπάρχοντα
2673 2737 2687 2760 ,
2719 2695 2778 2748 ὃν
2810 2692 3102 2766 ὲλυτρώσω
3133 2694 3234 2764 τῆς
3272 2693 3772 2765 αἰχμαλωσίαςώ

2201 2785 2379 2840 ἀθέων
2405 2785 2638 2858 ἐχθρῶν.
2671 2785 2807 2839 Μεθ’
2834 2778 2911 2839 ὧν
2939 2785 3135 2857 ἀγνοίᾳ
3159 2784 3381 2854 παιδικῇ
3409 2785 3444 2855 ἢ
3471 2784 3570 2855 βίᾳ
3597 2801 3772 2855 τυραν-

2199 2881 2347 2950 νικῇ,
2371 2877 2442 2932 τά
2469 2879 2566 2948 τῆς
2601 2877 2829 2932 ἐκείνων
2858 2877 3070 2948 πλάνης
3096 2876 3204 2948 ἤθη
3246 2876 3581 2947 μετήρχετοο
3617 2875 3703 2929 νῦν
3726 2875 3772 2928 ἃ

2199 2970 2551 3040 κατηξίωσας
2586 2970 2750 3022 αὑτὸν
2790 2971 2855 3040 τῇ
2915 2968 3010 3022 τοῦ
3049 2968 3184 3022 λαοῦ
3221 2985 3312 3022 σου
3358 2967 3630 3039 πολιτείᾳ
3671 2983 3771 3020 σον-

511 3059 700 3124 gratia:
741 3057 997 3111 ventilata
1037 3056 1364 3125 spiritaliter
1394 3073 1614 3113 rursum
1654 3061 2010 3124 accendatur,
2041 3071 2092 3116 et

2198 3063 2488 3134 ενωθῆναι,
2520 3061 2867 3130 καταύγασον
2889 3059 3055 3115 αὐτοῦ
3083 3059 3182 3132 τὴν
3213 3059 3459 3115 διάνοιαν
3477 3062 3550 3132 τῇ
3569 3058 3772 3130 δυνάμει

511 3145 834 3212 impressum
869 3147 920 3200 ei
956 3147 1217 3215 sigillum,
1253 3147 1307 3202 in
1345 3147 1461 3217 ejus
1515 3153 1679 3204 corde
1713 3159 1769 3205 et
1803 3151 2089 3221 cogitatio-

512 3235 674 3292 nibus
693 3277 709 3305 ,
739 3253 837 3308 per
865 3239 1050 3293 crucis
1076 3237 1284 3293 Christi
1311 3241 1384 3294 tui
1409 3239 1794 3310 signatiouem,
1821 3257 1918 3311 per
1943 3258 2092 3312 spem

511 3330 565 3382 itt
604 3339 674 3395 te,
702 3339 758 3384 et
790 3331 1037 3384 veritatis
1062 3330 1393 3400 agnitionem
1417 3371 1432 3394 ,
1469 3332 1778 3388 evidentius
1807 3341 2092 3404 appareat,
2127 3401 2132 3407 _

509 3432 570 3478 ut
597 3433 647 3476 tc
681 3424 853 3477 solum
879 3438 1062 3477 verum
1092 3431 1147 3477 et
1170 3421 1407 3488 Patrem,
1435 3434 1491 3478 et
1526 3423 1865 3496 unigenitum
1895 3425 2092 3480 Filium

510 3527 660 3569 ιιιιιιιι
707 3515 994 3590 Dot’nittum
1029 3524 1270 3570 nostrum
1307 3515 1494 3571 Jesum
1535 3514 1811 3572 Christum
1837 3557 1852 3582 ,
1887 3527 1940 3572 et
1963 3533 2092 3573 sau-

447 3619 453 3624 '
507 3620 655 3666 ctum
687 3619 834 3661 tuum
863 3607 1123 3676 Spiritum
1155 3619 1434 3679 agnoscat,
1457 3618 1510 3664 et
1537 3619 1846 3665 veneretur.
1879 3607 2094 3672 Sancta:

512 3710 618 3752 tua:
663 3699 949 3753 catholicae
999 3710 1052 3754 et
1098 3700 1412 3768 apostolica:
1462 3687 1721 3756 Ecclesia:
1773 3701 1920 3756 illum
1965 3699 2094 3756 cou-

503 3791 691 3862 iunge,
750 3793 969 3864 gentilis
1024 3793 1202 3848 omnis
1259 3795 1558 3864 impietatis
1625 3795 1788 3848 ritum
1851 3795 1921 3849 ab
1975 3794 2094 3864 ejus

510 3897 692 3938 Ittettle
723 3887 1011 3953 absterge,
1063 3885 1118 3938 in
1157 3884 1428 3940 mandatis
1465 3893 1520 3940 et
1563 3887 1848 3956 praaceptis
1887 3886 1994 3940 tuis
2033 3895 2090 3940 ιιι

511 3976 670 4042 digne
694 3974 972 4042 ambulet,
1011 3974 1158 4028 illum
1201 3975 1398 4046 dirige,
1433 3983 1487 4028 et
1517 3985 1836 4030 sanctorum
1874 3986 2090 4031 tuorum

511 4083 542 4118 n
569 4068 898 4136 ysteriorum
933 4067 1246 4122 indeutnata
1277 4066 1589 4138 sumptioue
1628 4067 1850 4136 dignum
1888 4066 2052 4122 redde
2074 4107 2090 4133 ,

508 4170 556 4208 ιιι
597 4158 650 4212 itt
701 4159 877 4213 futura
923 4159 1030 4212 vita
1080 4158 1323 4232 caelestis
1371 4158 1523 4229 regni
1570 4159 1890 4229 participem
1943 4158 2091 4214 illum

508 4252 758 4307 ostende.
794 4249 934 4318 Quia
963 4261 1018 4304 tu
1053 4267 1112 4305 es
1147 4251 1284 4305 Deus
1310 4260 1516 4314 noster,
1545 4249 1685 4304 Deus
1714 4250 2005 4305 tniseretttli
2039 4263 2094 4306 et

512 4344 756 4398 salvandi
789 4361 802 4398 :
833 4333 1009 4397 et’tibi
1034 4343 1261 4413 gloriam
1287 4342 1571 4398 referimus
1593 4359 1607 4396 :
1632 4340 1777 4396 Patri
1805 4382 1820 4406 ,
1847 4352 1902 4398 et
1930 4343 2088 4408 Filio,

2152 3193 2158 3199 ι
2199 3157 2294 3210 καὶ
2341 3154 2596 3225 ἐνεργείᾳ
2633 3153 2732 3208 τοῦ
2771 3154 2932 3222 ἁγίου
2975 3169 3072 3206 σου
3125 3151 3454 3220 Πνεῦματος
3477 3193 3493 3218 ,
3524 3151 3669 3205 ὥστε
3697 3147 3772 3203 τὶν

2194 3247 2622 3317 ὲναποκείμενον
2656 3247 2722 3316 τῇ
2755 3244 2904 3316 ψυχῇ
2955 3244 3124 3299 αὑτοῦ
3158 3243 3441 3315 σπινθῆρα
3487 3241 3588 3298 τοῦ
3615 3259 3772 3313 σωτη-

2197 3340 2423 3412 ριώδους
2452 3338 2831 3410 βαπτίσματος
2855 3375 2871 3402 ,
2902 3340 3024 3400 ταῖς
3047 3337 3248 3410 αὔραις
3285 3336 3388 3408 τῆς
3415 3330 3652 3409 χάριτὰ
3673 3351 3776 3406 νοη-

2194 3433 2303 3496 τῶς
2330 3431 2632 3501 ἐξαφθῆναι
2651 3471 2667 3497 ,
2696 3431 2793 3484 καὶ
2833 3430 2926 3484 τὸν
2955 3429 3400 3501 ὲνσημανθεϊσαν
3427 3430 3586 3501 αὐτῷ
3614 3443 3766 3499 σφρα-

2195 3523 2319 3592 γίδα
2355 3521 2741 3593 ὲκτυπὼτερον
2784 3519 3173 3591 ἐπιφαίνεσθαι
3203 3517 3319 3590 (27)
3371 3521 3435 3573 ἑν
3483 3523 3554 3591 τῇ
3603 3518 3773 3589 καρδίᾳ

2195 3613 2390 3680 αὐτοῦ,
2423 3614 2516 3668 καὶ
2553 3617 2670 3677 τοῖς
2715 3614 3003 3684 λογισμοῖς
3045 3612 3134 3666 διὰ
3166 3613 3268 3683 τῆς
3300 3612 3671 3683 σημειώσεως
3694 3606 3770 3662 τοῦ

2197 3703 2431 3774 σταυροῦ
2467 3702 2560 3757 τοῦ
2585 3702 2828 3774 Χριστοῦ
2853 3719 2971 3768 σου,
2997 3704 3097 3772 τὴν
3127 3703 3207 3765 εἰς
3241 3703 3304 3756 σὲ
3326 3702 3553 3767 ἐλπίδα,
3579 3703 3673 3755 καὶ
3689 3699 3770 3767 τὴν

2194 3798 2294 3867 τῆς
2325 3795 2584 3866 ἀληθείας
2614 3797 2912 3865 ἐπίγνωσιν
2941 3795 3032 3850 ἶνα
3074 3793 3348 3867 γινώσκῃ,
3380 3796 3486 3848 καὶ
3518 3791 3766 3864 προσκννῇ

2195 3906 2258 3942 σε
2299 3888 2397 3942 τὸν
2433 3889 2596 3960 μόνον
2629 3886 2881 3958 ἀληθινὸν
2915 3887 3070 3951 Θεὸν,
3121 3887 3221 3940 καὶ
3256 3887 3492 3957 Πατέρα
3518 3925 3534 3952 ,
3565 3884 3657 3938 καὶ
3695 3881 3767 3934 τὸν

2197 3978 2460 4048 μονογενῆ
2507 3995 2600 4032 σου
2633 3977 2764 4031 Υίὸν
2805 3976 2897 4030 τδν
2951 3976 3156 4048 Κύριον
3201 3976 3362 4048 ἡμῶν
3400 3977 3622 4049 Ἰησοῦν
3654 3974 3770 4044 Χρι-

2195 4067 2340 4133 στὸν,
2387 4070 2482 4122 καὶ
2511 4067 2574 4122 τὸ
2624 4064 2852 4136 Πνεῦμα
2878 4082 2972 4118 σου
3015 4065 3077 4118 τὸ
3109 4065 3289 4132 ἅγιον.
3342 4065 3601 4118 Ἐνωσον
3629 4061 3768 4116 αὐτὸν

2193 4163 2260 4232 τῇ
2294 4159 2425 4231 ἁγία
2469 4176 2564 4212 σου
2607 4157 2870 4228 καθολικῇ
2906 4159 3003 4213 καὶ
3044 4157 3384 4228 ἀποστολικῇ
3449 4155 3764 4226 Ἐκκλησίᾳ.

2193 4253 2504 4323 ἀποστησον
2543 4253 2607 4306 ἐκ
2642 4253 2746 4322 τῆς
2789 4249 2955 4308 αὑτοῦ
2988 4250 3232 4313 διανοίας
3281 4251 3472 4302 πᾶσαν
3505 4246 3767 4318 συνήθειαν

2207 4342 2429 4412 ὲθνικῆς
2477 4341 2804 4412 ἀθεότητος,
2853 4343 2949 4397 καὶ
2989 4340 3320 4396 κατεύθυνον
3364 4339 3538 4394 αὑτὸν
3578 4340 3635 4391 ἐν
3669 4336 3767 4394 ταῖς

510 4447 564 4490 et
609 4437 833 4503 Spiritui
879 4446 1107 4500 sancto,
1148 4451 1290 4490 nunc
1329 4444 1383 4490 et
1408 4449 1642 4505 semper,
1699 4445 1752 4489 et
1805 4435 1856 4488 itt
1897 4440 2092 4492 sa'cula

2201 4436 2466 4498 ἐντολαῖς,
2490 4451 2586 4488 σου
2665 4434 2762 4489 καὶ
2792 4437 2904 4499 τοῖς
2942 4431 3332 4507 προστάγμασι
3364 4447 3463 4485 σου
3500 4429 3662 4494 ἀξίως

511 4528 854 4582 saeculorum.
887 4528 1081 4583 Amen.

598 4700 616 4732 ³
645 4700 877 4762 Zachar.
912 4721 952 4768 ι,
982 4704 1034 4758 ’5.
1112 4706 1132 4736 ¹
1172 4704 1370 4759 Ezcclt.
1406 4720 1600 4769 xxxnt,
1639 4706 1725 4758 ll.

2208 4529 2463 4600 ρεὺεσθαι
2489 4568 2503 4592 ,
2552 4527 2649 4582 καὶ
2686 4526 2787 4598 τῆς
2841 4525 2950 4580 τῶν
3002 4523 3287 4598 σωτηρίων
3329 4540 3424 4577 σου
3481 4515 3767 4594 μυστηρίων

1601 4863 1830 4920 νΑιιιΑῖ
1871 4864 2255 4924 LECTIONES
2294 4867 2382 4923 ET
2423 4850 2690 4927 noui:

583 5019 697 5094 (9.6)
722 5025 892 5093 Εὐχὴ
917 5024 1110 5094 ἑτέρα.
1157 5025 1374 5081 Titulus
1409 5027 1578 5081 tertiae
1613 5027 1876 5082 orationis
1909 5028 1960 5082 itt
1994 5043 2087 5081 eo-

513 5093 641 5168 dem
672 5093 926 5168 Cryptol'.
984 5093 1075 5168 est
1116 5113 1131 5168 ι
1167 5095 1313 5168 Εὐχὴ
1360 5097 1496 5168 πρὸς
1551 5098 1916 5168 Χριστιανοὺς
1979 5099 2086 5151 ὑπ-

511 5163 780 5240 αχθέντας
807 5165 1220 5240 ἐθνικῇ-πλάνῃ,
1238 5163 1675 5240 ἐπιστρέψαντρς
1694 5167 1750 5240 δὲ
1770 5171 1836 5238 τῇ
1854 5169 2086 5240 Ἑιικλη-

513 5243 629 5306 atq,
649 5235 743 5290 καὶ
771 5235 862 5289 τοῦ
882 5236 1018 5290 Θεοῦ
1051 5235 1554 5307 προσδραμοῦντας.
1585 5236 1776 5292 Oratio
1797 5235 1891 5306 pro
1913 5235 2092 5292 Chris-

512 5309 672 5360 tianis
705 5307 978 5378 gentilium
1023 5307 1325 5378 “ductione
1367 5309 1646 5378 subactis:
1685 5312 1753 5361 ad
1799 5307 2086 5363 Ecclesium

511 5393 630 5429 vero
665 5375 908 5440 reversis,
941 5388 988 5431 et
1017 5377 1086 5431 ad
1121 5375 1285 5428 Deum
1327 5377 1772 5446 confugientibus.
1800 5378 1977 5446 Atque
2017 5379 2093 5432 ita

510 5449 662 5514 juxta
692 5447 838 5504 illius
881 5463 982 5503 ms.
1019 5456 1286 5510 mentem,
1333 5449 1510 5500 oratio
1538 5448 1638 5501 ista
1688 5464 1792 5503 non
1830 5449 1932 5502 nisi
1968 5447 2092 5502 fidei

514 5519 839 5573 tihristiattm
869 5521 1184 5573 desertorcs
1227 5517 1445 5585 respicit
1479 5534 1491 5569 :
1523 5517 1667 5571 unde
1697 5528 1750 5572 et
1788 5519 1876 5571 illa
1905 5520 2093 5573 eadem

518 5588 722 5648 oratio.
747 5591 848 5643 sub
861 5589 1052 5645 eodem
1079 5588 1258 5651 titulo,
1289 5589 1339 5641 itt
1370 5587 1476 5642 alio
1501 5603 1600 5643 ms.
1621 5588 1916 5644 Bat'herino
1943 5605 2092 5642 num.

520 5654 610 5727 88,
627 5657 917 5727 insignito,
951 5659 1241 5727 reperitur.

593 5723 703 5795 (‘27)
727 5723 1027 5796 Spparté‘d
1043 5729 1451 5799 extvatbrsjtot'
1466 5730 1900 5798 ἐπιφαίνεσθαι.
1927 5729 2096 5796 Quam

2192 5039 2344 5083 recta
2379 5028 2544 5084 fuerit
2594 5031 2660 5084 de
2694 5025 3130 5083 conﬁrmationis
3161 5026 3482 5082 charactere
3525 5021 3752 5080 Methodii

2193 5101 2492 5163 sententia,
2520 5100 2655 5155 satis
2677 5097 2825 5154 clare
2849 5096 3094 5152 indicant
3127 5098 3240 5152 haec
3267 5094 3432 5151 verba
3461 5115 3476 5151 :
3501 5112 3597 5167 per
3617 5095 3755 5149 luere.

2191 5170 2292 5224 sim
2343 5169 2622 5233 nimirum,
2677 5167 2948 5236 unctionis
2983 5167 3034 5220 itt
3083 5167 3354 5235 baptismo
3393 5177 3621 5236 recepta
3666 5177 3746 5216 non

2193 5239 2360 5294 deleri
2388 5239 2649 5309 sigillum,
2703 5239 2799 5294 sed
2852 5235 3128 5291 obiuscari
3165 5245 3400 5309 tantum,
3428 5247 3484 5309 et
3510 5235 3658 5309 quasi
3697 5246 3746 5283 ex

2193 5317 2348 5393 parte
2383 5305 2664 5393 obiiterari
2695 5317 3046 5393 :.eapropter
3085 5317 3208 5393 orat
3240 5305 3486 5393 Ec'cles‘i‘a
3513 5308 3747 5393 Evanpr

2202 5380 2388 5434 θεῖσαν
2425 5379 2703 5451 σφραγίδα
2730 5376 3113 5451 ἐκτυπὼτερον
3136 5376 3553 5451 ἐπιφαίνεσθαι,
3581 5387 3633 5428 ιιι
3671 5376 3745 5424 iut-

2201 5451 2435 5518 pressius
2470 5447 2748 5504 character
2775 5447 3073 5518 expressius
3111 5455 3366 5515 appareat
3396 5462 3417 5501 :
3449 5447 3500 5501 id
3530 5453 3627 5508 est,
3666 5455 3742 5493 non

2205 5516 2412 5574 tantum
2444 5536 2530 5574 res
2561 5520 2916 5584 sacramenti,
2964 5516 3060 5573 sed
3088 5519 3207 5586 ejus
3233 5517 3410 5570 virtus
3441 5533 3456 5569 :
3495 5531 3594 5570 nou
3625 5519 3741 5586 artu?

2205 5591 2362 5660 prittti
2397 5591 2708 5660 impressio,
2736 5590 2830 5644 sed
2857 5579 3014 5660 actus
3047 5579 3281 5660 secundi
3305 5587 3617 5660 expressio;
3646 5579 3738 5660 ﬁdei

2206 5655 2490 5714 itiutirum'
2518 5661 2736 5714 illibatae
2783 5657 2997 5730 publica
3050 5655 3343 5728 professio,
3382 5655 3601 5710 cunt-tis
3642 5657 3735 5702 nou

2210 5734 2300 5784 liat
2341 5741 2392 5784 et
2427 5730 2734 5786 utattifesm.
