3942 6218
251 219 392 283 1317

1279 220 1376 282 DE
1417 221 1521 282 IIS
1557 221 1692 292 QUI
1730 219 2267 290 ABNEGARUNT,
2306 218 2466 277 ETC.

3365 223 3500 290 1318

252 335 364 406 μὴν
414 331 526 385 τῶν
567 329 757 399 ψυχῶν
814 329 970 400 ἡμῶν
1015 329 1177 394 καλὸς
1205 329 1362 384 τοῦτο
1393 329 1702 396 διασώσας,
1738 331 1831 384 καὶ

1945 340 2172 398 ereptam
2227 339 2538 382 sanctarum
2602 337 2656 382 et
2705 329 3046 384 rationalium
3096 341 3308 388 tuarum
3372 341 3500 394 ονξΙί

247 423 560 494 ῥυσάμενος
599 422 800 474 ἓνωσον
829 423 896 492 τῇ
949 421 1081 492 ἁγία
1126 422 1328 492 ποίμνῃ
1371 423 1483 475 τῶν
1527 422 1699 490 ἁγίων
1738 422 1834 474 καὶ

244 513 489 583 λογικῶν
517 529 614 566 σου
648 511 944 583 προϐάτων
964 553 980 577 ,
1029 512 1206 576 διδοὺς
1233 512 1382 583 αύτῷ
1410 513 1498 566 διὰ
1540 514 1641 582 τῆς
1673 513 1828 584 χάριο

240 622 343 670 τος
373 607 470 660 καὶ
503 606 901 674 ὶπιφοιτήσεως
940 603 1036 658 τοῦ
1081 605 1346 674 παναγίου
1387 621 1480 658 σου
1518 605 1832 675 Πνεύματος

242 696 482 766 δύναμιν
526 697 622 750 καὶ
654 697 809 764 ἰσχὺν
850 696 992 749 κατὰ
1036 696 1133 749 τοῦ
1179 695 1376 768 ἐχθροῦ
1405 713 1419 728 ο
1463 697 1604 750 ὥστε
1640 699 1832 750 πατεῖν

241 791 348 841 ἐπὶ
382 789 563 842 πᾶσαν
585 786 684 856 τὴν
713 785 944 856 δύναμιν
965 785 1153 851 αὐτοῦ,
1181 787 1277 840 καὶ
1301 787 1609 854 συντρίϐειν
1637 789 1838 863 αὐτὴν,

244 881 347 934 καὶ
380 879 716 949 τειχίζεσθαι
741 881 807 950 τῇ
849 879 978 952 δόξῃ
1006 879 1100 932 καὶ
1128 883 1195 950 τῇ
1233 879 1416 951 χάριτι
1437 879 1531 932 τοῦ
1559 879 1826 948 παναγίου

248 988 348 1024 σου
399 971 706 1040 ὀνόματος,
755 967 849 1021 τοῦ
896 969 1327 1038 ἐπικεκλημένου
1380 969 1467 1038 ἐφ’
1520 970 1668 1039 ἡμᾶς
1705 968 1830 1032 τοὺς

246 1045 622 1133 ἁμαρτωλοὺς
643 1059 860 1122 οἰκέτας
891 1076 1008 1113 σου.
1045 1061 1120 1112 Σὺ
1154 1061 1263 1131 γὰρ
1293 1055 1346 1112 εἰ
1370 1060 1399 1112 6
1429 1059 1562 1123 Θεὸς
1590 1048 1770 1130 ἡμῶν,
1801 1061 1830 1112 6

245 1152 384 1214 Θεὸς
413 1149 509 1204 τοῦ
543 1151 734 1212 ἐλεεῖν,
771 1149 864 1202 καὶ
899 1147 1115 1215 σώζειν,
1149 1149 1244 1202 καὶ
1272 1149 1357 1202 σοὶ
1389 1147 1487 1219 τὴν
1514 1148 1673 1214 δόξαν
1702 1148 1830 1203 ἀνα-

1935 421 2220 489 coujnuge.
2267 419 2338 472 Da
2378 420 2452 472 illi
2486 433 2584 488 per
2617 421 2846 489 gratiam
2892 431 2946 475 et
2994 422 3283 479 adventum
3329 433 3501 484 sancti

1934 512 2010 566 tui
2045 510 2284 579 Spiritus
2313 512 2579 566 adversus
2622 512 2852 573 hostem,
2904 514 3160 568 virtutem
3219 526 3273 572 et
3305 519 3500 576 robur:

1935 613 1993 656 ut
2026 611 2355 670 potestatem
2387 602 2601 655 omnem
2643 601 2918 656 inimicam
2954 604 3175 674 dejiciat
3203 615 3256 661 et
3285 621 3458 662 concu

1934 702 2021 748 cet
2063 709 2076 745 :
2124 703 2178 746 et
2226 693 2398 746 sancti
2435 691 2511 745 tui
2559 691 2796 760 Spiritus
2841 709 3004 764 super
3049 710 3147 750 nos
3195 705 3476 766 peccatore

1936 797 2124 836 servos
2154 791 2279 836 tuos
2306 782 2539 836 invocati
2568 783 2736 853 gloria
2765 793 2818 838 et
2845 787 3018 854 gratia
3041 787 3502 843 cfrcumvalletur.

1938 875 2019 928 Tu
2059 875 2202 929 enim
2259 889 2320 929 es
2355 873 2496 929 Deus
2533 887 2738 940 noster,
2778 875 2921 932 Dens
2971 877 3263 934 miserendi
3307 889 3362 934 et
3391 880 3503 934 sal-

1939 966 2121 1030 randi,
2159 976 2211 1018 et
2243 965 2337 1019 tibi
2372 964 2600 1034 gloriam
2639 966 2927 1022 referimus
2957 986 2970 1021 :
2995 966 3164 1034 Patri,
3190 978 3246 1024 et
3267 969 3428 1035 Filio,
3449 981 3504 1026 et

1935 1065 2126 1110 sancto
2177 1057 2401 1126 Spiritui
2444 1073 2458 1110 :
2506 1072 2650 1112 nunc
2713 1067 2770 1112 et
2824 1074 3062 1128 semper,
3115 1061 3253 1116 etin
3305 1063 3502 1117 saecula

1934 1149 2273 1201 seculorum.
2312 1147 2500 1201 Amen.

250 1245 589 1312 πέμπομενο
630 1240 708 1311 τῷ
755 1240 962 1312 Πατρὶ,
998 1241 1092 1295 καὶ
1127 1240 1204 1311 τῷ
1255 1241 1389 1313 Υἱῷ,
1460 1241 1556 1296 καὶ
1603 1239 1682 1310 τῷ
1750 1238 1892 1310 ἁγίῳ
1930 1237 2246 1309 Πνεύματι·
2288 1235 2383 1290 νῦν
2433 1237 2525 1290 καὶ
2571 1236 2682 1313 ἀεὶ,
2723 1237 2816 1290 καὶ
2862 1240 2943 1298 εἰς
2973 1240 3098 1304 τοὺς
3150 1239 3352 1304 αἰῶνας
3397 1239 3504 1295 τῶι

248 1333 486 1386 αἰώνων.
531 1333 724 1402 Ἀμήν.

325 1445 434 1497 Καὶ
471 1443 836 1516 χρίειᾼαὺτὸν
876 1445 908 1516 o'
940 1443 1130 1510 ἱερεὺς
1181 1445 1247 1496 τὸ
1295 1445 1466 1516 ἅγιον
1481 1444 1699 1515 μῦρον,
1726 1442 1827 1497 καί

248 1513 410 1582 λέγει
441 1513 556 1580 τὴν
583 1514 776 1580 εὐχὴν
800 1513 1024 1580 ταύτην
1049 1529 1062 1543 ·

323 1626 523 1697 Κύριε,
573 1625 602 1678 6
647 1624 779 1688 Θεὸς
815 1624 975 1695 ἡμῶν
1008 1627 1036 1680 6
1075 1627 1490 1698 παντοκράτωρ,
1521 1629 1548 1681 6
1571 1627 1632 1680 τὸ
1668 1625 1824 1695 ἀγιόν

254 1735 353 1772 σου
389 1717 611 1787 Πνεῦμα
662 1715 1160 1787 καταπεμψάμενος
1207 1719 1299 1771 ἐπὶ
1327 1719 1453 1782 τοὺς
1493 1718 1683 1786 ἁγίους
1729 1732 1823 1770 σου

251 1809 588 1872 ἀποστόλους
634 1809 730 1862 καὶ
769 1808 868 1878 τῆς
919 1807 1085 1863 αὑτοῦ
1132 1809 1414 1878 δυνάμεως
1474 1811 1569 1863 καὶ
1608 1809 1830 1880 χάριτος

254 1901 546 1970 ἐμπλήσας
585 1881 865 1964 αὐτοὺς,’δ
892 1899 1095 1952 καὶτὸν
1139 1897 1326 1954 δοῦλόν
1390 1917 1506 1964 σου,
1539 1901 1631 1954 τὸν
1659 1901 1827 1965 δεῖνα,

251 1993 320 2046 ἐκ
354 1991 579 2054 σκότους
611 1991 704 2042 καὶ
737 1990 801 2042 ὲκ
845 1989 1051 2060 πλάνης
1083 1988 1440 2062 ἐπιστρέψας,
1469 1993 1564 2045 καὶ
1600 1991 1734 2063 πρὸς
1763 1991 1824 2045 τδ

251 2082 572 2152 Θαυμαστόν
604 2097 698 2133 σου
749 2082 843 2133 καὶ
897 2079 1066 2133 ἀΐδιον
1101 2079 1216 2148 φῶς
1251 2079 1559 2152 δδηγήσας,
1611 2085 1705 2136 καὶ
1753 2083 1831 2155 τῷ

250 2172 436 2244 πιστῷ
463 2190 555 2226 σου
576 2171 711 2243 λαῷ,
744 2174 839 2226 καὶ
868 2175 934 2242 τῇ
975 2173 1106 2244 ἁγίᾳ
1139 2189 1232 2225 σου
1274 2173 1572 2246 Ἐκκλησία⁸
1597 2192 1832 2244 συγκατ-

251 2263 575 2336 αριθμήσας
595 2303 610 2326 ,
644 2267 739 2316 καὶ
774 2263 1117 2327 καταξιώσας
1159 2263 1322 2316 αὐτὸν
1355 2265 1450 2334 τῆς
1479 2263 1706 2328 εὐωδίας
1737 2266 1831 2320 καὶ

248 2355 354 2409 τοῦ
388 2356 543 2422 ἁγίου
567 2371 660 2407 σου
692 2354 1005 2424 Πνεύματος
1032 2371 1046 2385 ⁸
1081 2354 1266 2418 αὐτὸς,
1305 2355 1570 2417 Δέσποτα,
1599 2355 1831 2424 φύλαξον

251 2445 424 2499 αὐτὸν
451 2447 510 2498 ὲν
551 2443 629 2514 τῷ
676 2444 754 2514 σῷ
793 2444 1079 2515 ἁγιασμῷ,
1113 2444 1391 2509 ἀνάδειξον
1437 2445 1604 2498 αὑτὸν
1641 2445 1832 2518 σκεῦρς

248 2533 524 2605 ἐκλογῆς,
564 2537 622 2588 ἰν
661 2535 886 2605 ἀρεταῖς
929 2535 1349 2606 κατακόσμησον
1386 2533 1569 2587 αὐτόν.
1602 2535 1710 2588 Καὶ
1745 2535 1832 2598 δὸς

251 2627 412 2698 αὐτῷ
454 2627 683 2681 πάντοτε
723 2627 865 2681 κατὰ
905 2626 966 2680 τὸ
996 2625 1208 2696 ϐέλημὰ
1231 2643 1322 2680 σου
1367 2625 1712 2696 πορεύεσθαι,
1740 2627 1833 2680 καὶ

254 2716 600 2784 καταξίωσον
644 2717 807 2770 αὐτὸν
857 2718 954 2770 σὺν
997 2717 1130 2786 ἡμῖν
1164 2718 1220 2770 ὲν
1247 2715 1546 2770 ἀπολαύσει
1579 2715 1832 2784 γενέσθαι

253 2811 361 2881 τῆς
397 2807 717 2880 ἐπουρανίου
764 2824 855 2862 σου
889 2809 984 2862 καὶ
1025 2808 1215 2878 νοερᾶς
1249 2807 1552 2881 τραπέζης,
1599 2809 1694 2862 καὶ
1735 2825 1829 2878 μεο

256 2897 519 2952 ταλαόείν
548 2897 658 2950 τῶν
704 2897 877 2966 ἁγίων
898 2937 913 2960 ,
948 2898 1042 2950 καὶ
1074 2896 1379 2968 ἀχρὰντων,
1430 2899 1525 2951 καὶ
1555 2896 1834 2963 ζωοποιῶν

2001 1441 2068 1525 Et
2097 1445 2240 1515 ungit
2295 1460 2410 1497 eum
2460 1445 2704 1502 sacerdos
2754 1447 3051 1514 chrismate,
3115 1461 3162 1505 et
3201 1451 3328 1506 dicit
3368 1453 3508 1509 hanc

1930 1525 2216 1568 οταιιοηεηι
2241 1530 2260 1568 .'

2001 1627 2250 1691 Domine,
2288 1627 2427 1682 Deus
2484 1638 2670 1683 noster
2713 1629 3074 1699 omnipotens,
3114 1632 3203 1701 qui
3253 1643 3499 1689 sanctum

1932 1716 2198 1787 Spiritum
2233 1727 2381 1773 tuum
2427 1718 2480 1772 in
2509 1728 2728 1774 sanctos
2757 1721 3026 1790 apostolos
3053 1711 3170 1778 tuos
3205 1723 3416 1788 misisti,
3446 1735 3502 1783 et

1931 1807 2049 1878 ejus
2089 1807 2291 1863 virtute
2325 1817 2379 1863 et
2411 1809 2584 1878 gratia
2633 1807 2758 1862 illos
2795 1809 3012 1877 replesti
3059 1831 3072 1864 ;
3106 1812 3284 1879 qui-et
3329 1811 3503 1867 famu-

1932 1897 2040 1950 lum
2080 1906 2226 1951 tuum
2271 1895 2337 1951 N.
2373 1913 2403 1951 e
2441 1898 2700 1962 tenebris,
2742 1908 2795 1953 et
2853 1913 3039 1955 errore
3077 1905 3411 1967 convertisti,
3449 1915 3504 1958 ct

1933 1987 1986 2041 in
2022 1987 2345 2042 admirabile
2367 1998 2422 2043 et
2443 1996 2704 2043 :etcrnum
2737 1989 2920 2046 lumen
2953 2000 3100 2044 tuum
3151 1993 3300 2046 illum
3336 1997 3502 2051 dedu-

1931 2087 2074 2132 ctum
2135 2077 2276 2132 ﬁdeli
2333 2078 2533 2147 populo
2582 2091 2693 2142 tuo,
2746 2091 2800 2136 et
2855 2091 3058 2136 sancta:
3105 2083 3361 2140 Ecclesiae
3398 2096 3502 2142 tua:

1931 2168 2259 2238 aggregasti,
2298 2179 2352 2224 et
2380 2171 2600 2224 tandem
2632 2170 2780 2224 illum
2817 2173 2990 2226 sancti
3020 2173 3094 2226 tui
3125 2175 3361 2242 Spiritus
3394 2176 3500 2228 fra-

1932 2260 2139 2328 grantia
2203 2261 2420 2330 dignum
2474 2258 2698 2315 eﬂecisti
2751 2277 2764 2314 :
2819 2262 2952 2330 ipse,
3015 2261 3256 2328 Domine,
3292 2268 3499 2319 cnstoli

1935 2351 2084 2403 illum
2122 2352 2174 2405 in
2210 2352 2577 2406 sanctimonia
2613 2360 2728 2417 tua,
2757 2367 2853 2406 vas
2881 2354 3164 2408 electionis
3201 2355 3346 2408 illum
3377 2371 3502 2410 esse

1935 2440 2244 2506 manifesta,
2276 2451 2332 2498 et
2381 2441 2671 2498 virtutibus
2705 2457 2930 2497 exorna.
2967 2444 3041 2498 Da
3077 2444 3152 2500 illi
3192 2460 3404 2514 semper
3447 2448 3500 2500 iu

1934 2531 2210 2587 voluntate
2251 2542 2338 2586 tua
2378 2533 2700 2590 ambulare:
2739 2542 2794 2590 et
2822 2549 2943 2590 eum
2981 2534 3259 2590 nobiscum
3299 2551 3498 2607 super-

1937 2622 2178 2676 cmlestis
2207 2631 2260 2676 et
2290 2623 2676 2681 intellectualis
2705 2633 2807 2680 tute
2843 2641 3041 2680 mensae
3076 2626 3349 2682 frnitionis
3379 2643 3502 2695 par-

1936 2711 2149 2782 ﬁeipem
2185 2728 2309 2770 esse
2335 2715 2573 2772 caucede
2608 2733 2624 2770 :
2671 2725 2726 2771 et
2759 2727 3092 2782 sanctorum,
3131 2718 3504 2782 immaculato-

1939 2819 2082 2867 rum,
2112 2806 2843 2877 viviﬁcorumqueunigeniti
2865 2809 2984 2863 Filii
3011 2809 3109 2873 tui,
3130 2808 3342 2864 Domini
3372 2827 3503 2866 vero

1937 2903 1990 2946 et
2020 2891 2138 2954 Dei,
2176 2904 2230 2948 et
2259 2893 2561 2951 Salvatoris
2607 2897 2776 2952 nostri
2806 2894 2932 2952 Jesu
2957 2895 3160 2952 Christi
3195 2914 3506 2953 sacramen-

260 2988 580 3060 μυστηρίων
611 2987 704 3042 τοῦ
739 2985 1066 3057 μονογενοῦς
1098 3003 1192 3040 σου
1225 2986 1380 3050 Υἰοῦ,
1414 2988 1616 3057 Κυρίου
1651 2987 1706 3042 δὲ
1740 2987 1831 3042 καὶ

1945 2992 2118 3037 torum
2140 2999 2260 3039 esse
2287 2999 2600 3041 consortem
2625 3004 2640 3041 :
2674 2998 2730 3040 ut
2755 2989 2896 3042 bono
2913 2990 3210 3043 certamine
3231 3003 3504 3058 superam,

256 3077 424 3143 Θεοῦ,
456 3078 550 3131 καὶ
580 3076 832 3148 Σωτῆρος
893 3075 1050 3146 ἡμῶν
1113 3075 1269 3148 Ιησοῦ
1312 3077 1584 3148 Χριστοῦο
1614 3077 1700 3130 ἵνα
1743 3077 1833 3130 τὸν

259 3168 428 3224 καλὸν
473 3165 660 3236 ἀγῶνα
710 3167 1157 3236 ἀγωνισάμενος,
1201 3165 1296 3220 καὶ
1325 3167 1416 3218 τδν
1457 3166 1598 3220 θεῖον
1634 3166 1831 3236 δρόμον

255 3256 507 3324 τελέσας,
537 3260 631 3313 καὶ
669 3259 764 3312 νῦν
797 3259 877 3320 εἰς
923 3258 983 3311 σὲ
1013 3258 1199 3312 πίστιν
1229 3257 1525 3334 δρθοδόξως
1549 3259 1795 3328 τηρήσας
1816 3299 1832 3324 ,

259 3352 406 3424 τύχῃ
427 3349 522 3404 τοῦ
555 3350 822 3419 στεφάνου
859 3348 964 3418 τῆς
985 3349 1164 3420 δόξης,
1190 3349 1282 3400 καὶ
1304 3347 1410 3400 τῶν
1437 3346 1669 3424 αἰωνίων
1695 3348 1828 3416 ἁγαο

440 3435 515 3496 ὧν
531 3441 855 3512 ἡτοίμασας,
887 3443 916 3495 6
946 3440 1099 3507 Θεδς,
1123 3443 1234 3503 τοῖς
1250 3437 1506 3506 ἁγαπῶσί
1535 3421 1617 3504 σέ,
1649 3439 1831 3508 χάριτι

261 3533 362 3587 τοῦ
385 3531 620 3603 Χριστοῦ
653 3548 746 3585 σου
766 3571 780 3596 ,
815 3531 936 3602 μεθ’
961 3525 1024 3586 οὗ
1055 3548 1136 3584 σοι
1175 3531 1373 3602 πρέπει
1399 3528 1526 3594 δόξα
1546 3567 1562 3592 ,
1588 3529 1722 3600 τιμὴ
1746 3531 1839 3583 καὶ

263 3623 640 3697 προσκύνησις
662 3666 677 3692 ,
705 3628 786 3688 εἰς
815 3629 942 3688 τοὺς
981 3623 1185 3688 αἰῶνας
1213 3622 1322 3676 τῶν
1364 3619 1595 3676 αἰώνων.
1645 3622 1838 3692 Ἀμήν.

1940 3081 1992 3126 et
2028 3072 2214 3126 divino
2257 3090 2420 3130 cursu
2452 3075 2722 3140 absoluto,
2757 3076 2968 3146 ﬁdeque
3000 3078 3053 3132 in
3088 3087 3138 3132 te
3191 3095 3311 3134 cum
3359 3093 3507 3134 recto

1941 3177 2103 3218 sensu
2155 3178 2394 3230 servata,
2439 3183 2698 3222 coronam
2754 3167 2960 3237 gloriae,
3003 3178 3058 3223 et
3087 3179 3286 3226 aeterna
3344 3170 3504 3232 bona,

1941 3266 2064 3319 qua:
2087 3252 2436 3316 diligentibus
2459 3265 2510 3308 te
2539 3257 2878 3324 pra-parasti,
2909 3269 3307 3328 consequatur:
3333 3261 3507 3328 gratia

1942 3340 2147 3395 Christi
2183 3345 2280 3406 tui,
2312 3358 2435 3397 cum
2465 3360 2571 3415 quo
2614 3348 2865 3400 coavenit
2894 3349 2986 3401 tibi
3015 3348 3205 3418 gloria,
3233 3351 3426 3415 honor,
3454 3360 3509 3405 et

1941 3432 2181 3486 adoratio
2210 3432 2261 3485 in
2290 3435 2484 3487 saecula
2518 3435 2858 3490 saeculorum.
2892 3437 3085 3490 Amen.

345 3719 632 3789 ﬂuensque
661 3718 905 3775 Oﬁicium
934 3733 1030 3788 pro
1058 3717 1479 3774 reconciliandis
1506 3716 1778 3772 haereticis
1806 3731 1869 3769 ex
1907 3715 1969 3770 D.
2008 3717 2265 3772 Methodii
2295 3718 2518 3789 regulis,
2549 3728 2602 3774 et
2630 3718 2970 3775 orationibus
3004 3721 3318 3786 conﬂatum,
3346 3737 3508 3794 prout

263 3807 324 3862 in
359 3807 592 3861 diversis
611 3805 1014 3875 exemplaribus
1038 3803 1412 3874 reperiebatur
1443 3812 1728 3858 exaratum
1763 3803 2098 3872 inspeximus
2126 3819 2142 3858 :
2169 3806 2554 3876 exemplarque
2587 3822 2752 3860 unum
2777 3823 2898 3861 cum
2928 3807 3058 3872 alio,
3094 3825 3198 3878 qua
3234 3813 3512 3879 potuimus

265 3894 375 3949 ﬁde
404 3903 458 3948 et
483 3893 782 3965 diligentia,
816 3891 1166 3947 contulimus.
1195 3888 1364 3946 Oﬂ'ert
1397 3904 1458 3945 se
1490 3899 1670 3944 tamen
1711 3889 1879 3954 aliud,
1905 3891 2114 3946 diversa
2148 3891 2355 3946 ratione
2379 3894 2760 3962 compositum,
2789 3903 2843 3950 et
2872 3905 2928 3949 ut
2959 3885 3281 3964 przecedeuti
3312 3897 3504 3952 admo-

265 3982 398 4034 dum
457 3981 672 4044 simile,
736 3981 840 4034 ltoc
890 3978 1010 4034 loco
1065 3977 1457 4049 reponendum.
1523 3977 1923 4032 Fidelissimum
1989 3993 2115 4032 vero
2165 3978 2281 4047 ejus
2335 3981 2614 4050 exemplar
2663 3996 2694 4036 e
2747 3981 3246 4052 Cryptolerratensi
3312 3985 3508 4039 Bessa—

265 4066 440 4122 rionis
465 4066 536 4121 Μ.
577 4066 921 4128 translatum,
954 4064 1175 4134 prafert
1209 4065 1261 4118 in
1309 4063 1465 4118 titulo
1505 4065 1899 4128 testimonium,
1935 4079 1994 4119 se
2042 4080 2104 4119 ex
2142 4065 2468 4138 Euchologt'o
2509 4069 2858 4137 patriarchali
2912 4069 3254 4138 desumptum
3309 4069 3505 4136 fuisse,

267 4162 434 4223 atque
469 4154 614 4219 ideo,
651 4153 796 4208 velut
829 4151 1279 4224 probatissimum
1313 4149 1654 4220 subiicimus,
1691 4167 1810 4206 mox
1849 4153 2107 4222 deinceps
2130 4168 2251 4208 cum
2283 4155 2692 4225 exemplaribus
2720 4156 2842 4212 aliis
2869 4157 2934 4211 de
2962 4158 3128 4213 verbo
3150 4159 3218 4213 ad
3256 4158 3506 4222 verbum,

264 4241 680 4298 conferendum.

276 4355 374 4409 Ἐκ
402 4355 509 4426 τοῦ
535 4356 908 4426 Εὑχολοτίου
927 4354 1033 4426 τοῦ
1057 4351 1485 4426 πᾳτριαρχικοῦ
1515 4349 1648 4422 (3i),
1681 4351 1831 4426 ὅπως

1949 4352 2035 4426 Ex
2076 4354 2394 4426 Euchologio
2423 4355 2789 4426 patriarcha“,
2821 4372 2926 4426 qua
2955 4357 3162 4410 ratione
3195 4372 3260 4410 ex
3287 4327 3508 4410 lucini-

334 4424 432 4479 δεῖ
480 4421 761 4493 δέχεᾰθαι
782 4421 951 4490 ’τοὺς
1005 4423 1124 4478 ἀπὸ
1149 4421 1452 4493 αἱρέσεων
1476 4421 1830 4493 μετερχομέ-

333 4511 482 4569 νους
614 4493 688 4569 τῇ
719 4496 858 4569 ἁγία
894 4489 1174 4569 {bigent
1222 4489 1513 4560 καθολικῆ
1556 4491 1656 4545 καί
1685 4492 1835 4546 ἀπο-

337 4563 593 4632 στολικῇ
629 4562 957 4632 Ἐκκζιησίᾳ
989 4562 1122 4633 (52)ὲ

321 4677 665 4750 -Ἆριιανοὺς
736 4677 836 4748 μὲν
924 4676 1020 4729 καὶ
1091 4673 1522 4748 Μακεδονιανοὺς
1551 4715 1565 4739 ,
1667 4673 1835 4743 ἤγουν

265 4767 782 4837 Πνευματομάχους,
821 4767 917 4819 καὶ
969 4763 1391 4826 Σαϐϐατιανοὺς,
1424 4763 1684 4831 λέγοντας
1715 4764 1838 4815 ἑαυ-

263 4859 394 4922 τοὺς
441 4857 738 4927 καθαροὺς.
800 4855 1494 4926 Τεσσαρεσκαιδεκατίτας,
1527 4854 1694 4925 ἤγουν
1738 4853 1839 4906 Τε-

267 4944 545 5017 τραδίτας,
593 4947 686 5000 καὶ
747 4943 1243 5014 Ἀπολλιναριστάς,
1298 4941 1564 5014 δεχόμεθα
1603 4942 1841 5006 διδόντας

2014 4425 2132 4496 (gis,
2158 4465 2162 4470 .
2191 4428 2246 4478 in
2302 4425 2538 4480 sanctam
2587 4425 2679 4480 Dei
2725 4425 3038 4479 catholicam
3081 4439 3126 4478 et
3167 4427 3538 4496 apostolicam-

2015 4493 2306 4550 Ecclesiam
2344 4497 2682 4566 remigrant“
2726 4496 2991 4563 suscipere
3037 4493 3292 4564 oporteat.

2004 4674 2238 4728 Arianos
2269 4671 2510 4741 quidem,
2536 4683 2590 4726 et
2617 4671 3048 4739 Macedoniauos,
3071 4673 3243 4726 sancti
3275 4672 3507 4740 Spiritus

1936 4765 2193 4820 nimirum
2220 4765 2424 4826 hostes.
2457 4774 2512 4819 et
2537 4764 2920 4830 Sabbatianos,
2959 4764 3202 4820 dicentes
3229 4781 3287 4818 se
3309 4780 3499 4834 puros,

1927 4854 2562 4922 ,Tessarescaalecatitas,
2611 4854 3132 4921 Quartodecimanos
3175 4872 3390 4926 nempe,
3446 4865 3503 4910 ct

1936 4943 2372 5012 Apollinaristas,
2397 4959 2519 5000 cum
2547 4943 2795 4998 dederint
2829 4943 3061 5011 libellos,
3105 4953 3160 5001 et
3185 4944 3504 5000 anathema-

1352 5091 1589 5150 vanm;
1629 5091 2011 5149 Lacrimas
2047 5066 2133 5148 Er
2170 5089 2404 5148 NOTIE.

343 5253 639 5327 (mtrem
655 5253 1010 5327 εὐχολᾳτίου
1027 5249 1477 5327 πρτριαρχικοῦ.
1497 5249 1696 5327 Desunt
1718 5249 1831 5327 hac

1945 5246 2131 5327 ultimo
2159 5247 2379 5327 desunt.

272 5317 376 5382 tria
409 5317 597 5380 verba"
621 5317 674 5379 in
726 5317 920 5393 'Regii's
954 5332 1010 5376 et
1066 5317 1363 5393 Bai-beri'no
1413 5319 1590 5393 sancti
1637 5317 1827 5393 Marci.

2009 5316 2122 5388 (59)
2150 5317 2261 5370 Kal
2289 5317 2667 5388 ἁποστολικῇ
2701 5320 3050 5387 Ἐκκλησία.
3084 5318 3259 5388 Regia
3289 5326 3344 5370 et
3365 5317 3509 5388 ⁸ΒΜ·-

273 5395 429 5466 Aliud
458 5409 610 5466 vero,
639 5394 766 5466 item
794 5385 1149 5466 B'arbertnum
1187 5389 1350 5466 habet
1395 5389 1743 5466 solummon
1777 5386 1832 5441 in
1937 5385 2187 5466 berinum
2245 5389 2418 5466 sancti
2470 5385 2661 5466 δίκῃ-οἷ’
2697 5385 2962 5466 subvertit
2999 5385 3508 5466 οιρροῐγιςομένους
3573 5438 3578 5443 ,

273 5463 478 5519 titulo:
529 5457 680 5534 Εύχὴ
725 5462 834 5517 ἀπὸ
886 5461 1152 5534 αίρὲσεως
1203 5458 1676 5534 επιστρεερόῇντωνε-
1709 5457 1834 5534 Post

1939 5455 2402 5532 grotxptopévou;
2432 5458 2509 5531 τῷ
2541 5459 2682 5532 ἁγίῳ
2731 5460 2889 5532 μύρῳ
2939 5469 2954 5512 :
2989 5455 3152 5512 verba
3197 5456 3364 5511 relata
3408 5455 3507 5530 τῷ,

317 5548 438 5586 naut
467 5525 776 5588 immediate
798 5525 1048 5600 sequitur
1082 5525 1296 5585 oratio':
1326 5525 1393 5600 ,Ὀ
1421 5527 1550 5600 Θεὸς
1577 5529 1606 5579 6
1639 5527 1831 5600 Σωτὴρ

1945 5525 2226 5596 δεχόμεῠαζ

322 5603 470 5672 μῶνο
499 5612 662 5672 atque
699 5606 771 5658 ita
813 5599 1007 5672 regulae
1047 5615 1237 5658 omnes
1283 5599 1370 5654 hic
1414 5599 1600 5666 positze
1638 5599 1690 5651 in
1732 5599 1831 5650 hoc
