3932 6214
337 339 470 407 1333
1711 346 1890 406 ORA']

2030 345 2164 405 iES-
2198 332 2216 350 ⁷
3448 329 3583 394 1334

1785 663 2110 725 NOTITIA
2127 711 2140 724 .

1549 854 1802 915 (Leomett,
1832 853 1919 904 Or.
1941 851 2123 905 Christ.
2149 854 2209 936 Ll
2235 867 2281 914 p.
2311 853 2446 911 593.)

399 1042 616 1112 Synodo
650 1043 1282 1119 Constantinopolitanae,
1308 1063 1429 1119 quae
1459 1057 1580 1118 post
1601 1047 1776 1102 sancti
1811 1045 1997 1116 lgnatii
2033 1045 2238 1099 obitum
2269 1045 2338 1100 ob
2372 1044 2622 1100 Phatinm
2648 1047 2956 1100 restitutum
2985 1037 3174 1101 eoacta
3199 1054 3282 1101 est
3311 1085 3324 1109 ,
3363 1045 3580 1103 aliuisse

327 1137 382 1183 et
419 1130 815 1201 subscripsisse
860 1133 1056 1205 legitur
1097 1135 1364 1207 Georgius
1411 1133 1771 1201 Nicomediae,
1803 1133 1880 1186 Γει

2022 1150 2078 1186 ου
2117 1131 2490 1204 Νικομηδείας
2513 1174 2528 1199 ,
2563 1131 2839 1204 Γεώργιος
2879 1133 3275 1204 Νικομηδείας.
3313 1132 3406 1188 Sic
3449 1152 3575 1204 pro-

327 1215 471 1272 fecto
501 1219 812 1288 legendum,
849 1239 954 1278 non
987 1233 1044 1278 ut
1086 1221 1398 1280 Harduinus
1425 1225 1477 1278 in
1507 1224 1746 1279 editione
1778 1220 2132 1276 Conciliorum
2162 1219 2486 1292 Γρηγορεου,
2534 1217 2807 1292 Gregorio.
2841 1219 3038 1274 Pltotio
3077 1221 3332 1274 nimirum
3385 1224 3578 1276 arctis-

326 1305 463 1359 sima
496 1307 822 1376 conjunctns
857 1311 1260 1367 necessitudine
1285 1321 1405 1367 erat
1443 1310 1696 1381 Georgius
1732 1307 2174 1368 Nicomediensis,
2203 1322 2360 1376 quem
2397 1308 2570 1376 prima
2617 1309 2764 1376 vice,
2801 1323 2906 1378 qua
2942 1307 3563 1378 Constantinopolitanaa

323 1396 472 1452 sedis
499 1409 720 1464 compos
758 1393 888 1464 fuit,
929 1413 994 1450 ex
1027 1412 1232 1468 magna:
1258 1399 1504 1455 ecclesia:
1541 1396 1996 1468 Chartopbylace,
2032 1395 2294 1465 Bithyniae
2340 1396 2620 1465 metmpoli
2658 1396 3008 1466 imposuerat.
3051 1395 3106 1450 ld
3155 1396 3301 1465 quod
3343 1396 3567 1452 Pltotius

326 1481 440 1549 ipse
471 1489 703 1538 testatur
735 1482 897 1552 epist.
927 1483 1018 1548 24,
1059 1485 1223 1553 quam
1259 1487 1324 1540 ad
1355 1487 1527 1554 ipsum
1565 1483 1784 1553 scripsit
1831 1483 1879 1535 I‘t

2028 1483 2090 1553 ίῳ
2126 1483 2496 1554 μητροπολῐτῃ
2539 1481 2948 1554 Νικομηδεῑας,
2975 1480 3196 1551 Georgio
3247 1482 3577 1540 Nicomedia-

326 1569 694 1636 metropolitw.
720 1568 868 1625 Alias
890 1585 1105 1640 quoque
1131 1569 1206 1626 illi
1245 1571 1506 1642 epistolas
1535 1571 1702 1634 dedit,
1723 1584 1844 1640 quae
1861 1579 2079 1624 exstant
2109 1570 2270 1624 hodie
2296 1589 2310 1624 :
2346 1585 2412 1626 ac
2437 1569 2616 1626 missis
2649 1571 2793 1636 aliis,
2821 1571 2983 1640 epist.
3015 1570 3136 1635 126,
3173 1586 3295 1641 qua:
3328 1573 3565 1628 Eusche-

327 1657 472 1710 moui
518 1656 782 1712 Caesareae
815 1667 869 1712 et
911 1659 1085 1714 eidem
1137 1657 1359 1730 Georgio
1414 1657 1740 1714 Nicomedia?
1780 1658 2116 1724 inscribitur,
2167 1657 2331 1712 veluti
2389 1671 2450 1713 se
2503 1657 2800 1728 Byzantina
2845 1657 2974 1712 sede
3014 1659 3270 1728 ejectum,
3320 1660 3394 1713 ita
3434 1661 3573 1715 'illos
3667 1665 3672 1669 ’

323 1759 567 1814 quoque,
606 1754 665 1800 ut
709 1761 805 1817 par
847 1757 1006 1813 erat,
1041 1748 1248 1818 lgnatio
1305 1749 1558 1805 thronum
1605 1763 1762 1806 suum
1819 1745 2112 1815 recipiente
2155 1745 2360 1816 ejectos
2383 1745 2678 1816 signiticet.
2716 1743 2935 1799 Illorum
2981 1747 3343 1801 constantiam
3379 1749 3566 1803 laudat

325 1850 483 1911 atque
516 1841 768 1898 fiduciam
821 1845 872 1898 in
907 1843 1072 1900 Deum
1133 1845 1395 1904 adversus
1435 1847 1702 1902 malorum
1745 1845 2110 1918 ingruentium
2160 1854 2533 1916 tempestatem
2561 1887 2576 1912 ,
2625 1860 2786 1915 quam
2829 1846 3137 1917 tyrannidis
3203 1843 3570 1900 intensioneut

322 1949 520 1990 vocare
553 1951 659 1992 non
693 1937 900 1992 dubitat
931 1939 1256 1996 val‘errimus
1293 1942 1596 2008 simulator,
1623 1941 1760 2010 ipse
1813 1954 1984 2010 nuper
2014 1937 2327 2010 Byzantina:
2377 1938 2636 1995 Ecclesia:
2669 1950 2931 2010 tyrannus
2954 1985 2969 2009 ,
3023 1940 3118 1994 τὸν
3151 1938 3402 2011 χειμῶνα.
3457 1935 3568 1991 τῶν

201 2039 206 2044 ·
323 2023 508 2078 κακῶν
562 2025 784 2096 καὶ-τῆς
802 2028 1118 2098 τυραννίδος
1147 2029 1543 2102 ἐκτεινόμενον.
1577 2029 1754 2086 Nicom

2012 2046 2044 2083 n
2075 2029 2254 2100 itaque
2282 2029 2464 2085 sedem
2499 2027 2772 2100 Georgius
2795 2029 3002 2100 lgnatio
3023 2023 3296 2085 defuncto
3327 2028 3565 2099 repetiit.

323 2109 493 2180 Hujus
539 2113 725 2181 utique
771 2123 900 2194 sunt
954 2115 1198 2194 Homilies
1242 2117 1458 2189 Georgii
1491 2117 1836 2180 Nicomedire,
1889 2132 2041 2186 quas.
2069 2115 2426 2178 Combeﬂsius
2457 2115 2645 2172 Graece
2698 2115 2998 2187 Latineque
3039 2117 3316 2188 erulgavit
3352 2117 3480 2170 tam.
3525 2115 3560 2168 ἰ

321 2197 475 2254 Auct.
515 2197 655 2254 Bibl.
691 2197 810 2256 PP.
852 2191 1053 2263 Cute"
1090 2191 1192 2258 non
1225 2206 1514 2261 anterioris
1560 2206 1652 2276 qui
1686 2212 1930 2275 tempore
1963 2203 2194 2260 Heraclii
2225 2201 2355 2274 imp.
2387 2212 2442 2260 et
2496 2203 2712 2276 Georgii
2761 2203 2956 2260 Pisidae
3007 2205 3269 2260 claruerit
3295 2245 3308 2267 ,
3353 2213 3408 2258 nt
3435 2203 3576 2258 .vim

322 2285 638 2342 doctissimo
684 2289 866 2343 visnm’
895 2300 999 2347 est.
1036 2290 1169 2346 Vide
1202 2292 1370 2348 Leon.
1407 2291 1572 2348 Allat.
1618 2291 1863 2348 Dintriba
1899 2291 1965 2346 de
1997 2288 2235 2360 Georgii;
2260 2329 2276 2354 ,
2325 2305 2449 2360 pag.
2494 2290 2619 2346 3l5.
2665 2289 2930 2360 Georgius
2981 2289 3312 2346 Nicomedia:
3363 2300 3568 2346 metro-

323 2375 486 2444 polita
530 2379 670 2447 apud
701 2379 1072 2436 doctissimum
1095 2383 1342 2440 abbatem
1375 2384 1654 2441 Nicolaum
1705 2382 2036 2454 Papadopoli
2091 2380 2328 2434 Prurnot.
2381 2390 2608 2450 mystag.
2653 2395 2795 2451 resp.
2849 2380 2905 2447 6,
2954 2391 3088 2436 sect.
3153 2381 3201 2434 7.
3264 2379 3338 2434 De
3381 2379 3574 2448 proba—

323 2463 804 2533 tionibnstestium,
831 2485 886 2522 η.
921 2468 974 2534 5,
1007 2485 1036 2534 a
1069 2469 1321 2528 Matthan
1341 2475 1608 2532 monacho
1639 2474 1839 2530 citatus
1869 2472 2038 2528 fertur
2057 2469 2152 2526 lib.
2180 2468 2256 2524 De
2287 2469 2661 2525 traditionibus
2693 2471 3059 2524 ecclesiasticis
3088 2470 3170 2523 tit.
3204 2467 3279 2522 De
3299 2467 3569 2536 judicibus

323 2563 518 2603 :arrts.
3212 2570 3220 2578 ’

373 2857 704 2873 ἃ*

720 3067 1295 3166 ΓΕΩΡΓΙΟΥ,
1369 3071 2268 3162 ΜΗΤΡΟΠΟΛΙΤΟΥ

1602 3072 2268 3162 ῬΟΠΟΛΙΤΟΥ
2339 3074 3155 3170 ΝΙΚΟΜΗΔΕΙΑΣ,

627 3733 1174 3920 GEORGII,
1245 3727 2153 3890 METROPOL‘IT/E
2231 3785 3246 3909 NICOMEDIENSIS,

1461 4009 2407 4234 OBATIONES.

1628 4578 2246 4708 MONITUM.

377 4817 528 4884 Quod
556 4817 682 4872 olim
717 4817 1108 4887 parturiebam,
1147 4827 1205 4872 ut
1241 4817 1423 4873 Mariae
1449 4819 1626 4874 sacris
1653 4833 1752 4889 pro
1785 4819 2049 4876 concione
2074 4819 2469 4890 laudatoribus,
2506 4824 2741 4892 amplam
2783 4825 2836 4880 in
2869 4825 3106 4898 Georgio
3144 4824 3542 4887 Nicomediensi

303 4903 553 4962 olierrcm
583 4907 704 4977 ejus
733 4905 1011 4963 laudanda:
1039 4916 1294 4975 segetem,
1337 4907 1494 4962 modo
1526 4908 1768 4975 tandem,
1807 4907 1918 4963 Deo
1946 4909 2089 4964 votis
2121 4919 2422 4977 annuente,
2461 4911 2724 4983 produco.
2780 4910 3208 4970 Praeclarissima
3239 4915 3407 4972 oll'ero
3461 4920 3556 4973 de-

307 4994 571 5054 votissimi
605 4993 789 5050 Maria:
820 4994 1118 5050 laudatoris
1147 4996 1200 5047 in
1233 4993 1500 5060 eamdem,
1531 4995 1760 5066 ejusque
1791 4996 2093 5067 praesertim
2135 4998 2380 5065 exerdia,
2433 5013 2497 5054 ac
2550 4997 2860 5066 infantiam,
2899 5015 3292 5075 monumenta;
3333 5017 3392 5060 ut
3431 5008 3563 5073 nihil

303 5085 404 5140 hoc
425 5095 748 5156 argumento
781 5085 1098 5155 praeclarius
1141 5083 1308 5148 for-te,
1335 5093 1432 5138 aut
1459 5085 1690 5140 ediderit
1719 5094 1932 5142 vetusta
1963 5095 2121 5152 tetas,
2173 5097 2271 5143 aut
2305 5103 2467 5155 nova,
2492 5099 2790 5160 nostraque
2840 5093 3066 5151 «ﬁderit.
3115 5094 3261 5167 Sci'o,
3290 5115 3412 5154 cum
3442 5100 3564 5156 aliis

303 5171 418 5228 fore
449 5172 795 5228 admirationi
837 5172 965 5244 styli
995 5171 1227 5226 ultorem
1261 5185 1328 5228 ac
1359 5171 1682 5228 elocutionis
1705 5173 1967 5244 gratiam,
2009 5176 2053 5230 si
2083 5176 2244 5232 modo
2269 5175 2468 5249 ipsum,
2500 5177 2694 5247 lector,
2721 5179 3014 5254 Georgium
3040 5187 3178 5255 apud
3214 5187 3411 5257 ipsum,
3439 5188 3561 5244 tibis

301 5276 408 5329 que
438 5277 540 5334 per
572 5277 633 5318 se
661 5263 995 5334 loquentem,
1027 5263 1180 5342 adire
1213 5261 1408 5332 pessis.
1439 5259 1588 5318 Nihil
1622 5265 1768 5319 enim
1801 5279 1978 5322 meam
2009 5279 2196 5321 moror
2225 5265 2555 5333 versionem,
2583 5282 2745 5338 quam
2777 5271 2878 5327 etsi
2932 5289 3041 5330 non
3085 5275 3278 5330 malam
3327 5280 3547 5333 omnino

301 5355 486 5412 facere
525 5353 736 5421 studui,
771 5355 916 5410 baud
949 5362 1128 5409 tamen
1163 5353 1405 5424 polliceri
1440 5356 1641 5426 possim
1669 5356 1973 5412 absolutam
1999 5357 2254 5414 omnibus
2299 5359 2566 5425 numeris,
2601 5370 2656 5416 et
2704 5372 2765 5418 ut
2814 5363 2990 5435 ipsum
3052 5367 3104 5420 in
3157 5382 3220 5422 ea
3269 5365 3560 5438 Georgium

300 5447 612 5504 desiderare
645 5459 750 5500 non
779 5447 974 5518 possis.
1005 5445 1282 5516 Epocbam
1309 5448 1424 5518 ipse
1453 5447 1671 5520 Gebrgii
1701 5449 1996 5520 plurimum
2048 5450 2344 5519 desidero;
2379 5454 2596 5510 tametsi
2634 5454 2704 5510 ad
2743 5454 2979 5512 Heraclii
3026 5467 3266 5527 tempora
3319 5459 3560 5518 referen-

298 5535 423 5591 dam
457 5536 709 5601 suadent,
746 5533 864 5604 quaa
895 5535 968 5590 illi
1001 5550 1065 5592 ac
1085 5533 1320 5616 Georgio
1351 5535 1546 5592 Pisidae
1573 5538 1625 5590 iu
1661 5537 1782 5595 aliis
1829 5536 2062 5608 aliisque
2115 5539 2394 5596 codicibus
2439 5541 2628 5598 eadem
2685 5543 2949 5613 inscripta
3001 5553 3256 5613 exstent;
3295 5557 3550 5617 tauquam

302 5638 442 5679 unus
471 5624 722 5694 idemque
783 5633 973 5678 auctor
1005 5634 1224 5679 exstat:
1251 5613 1412 5694 quam
1458 5623 1830 5680 diﬂicultatem
1871 5641 1972 5681 suo
2001 5627 2085 5681 vir
2129 5629 2484 5686 doctissimas
2537 5627 2644 5687 Leo
2687 5630 2918 5686 Allatius
2969 5647 3121 5688 more
3153 5613 3470 5704 illustrabit,
3502 5649 3558 5691 ut

295 5711 621 5782 quandoque
653 5727 807 5766 suam
832 5711 896 5765 dc
927 5709 1182 5782 Gcorgiis
1223 5711 1654 5769 lucubrationem
1675 5712 1816 5782 juris
1851 5714 2049 5784 publici
2095 5714 2282 5774 faciat.

2629 2874 3562 2888 m—mQ—M
3594 2873 3599 2877 ‘
