3942 6218
220 301 358 369 1337

1211 312 1292 375 ΙΝ
1331 314 1913 378 CONCEPTIONEM
1954 319 2060 381 SS.
2099 323 2480 384 DEIPARJE.

219 416 535 511 liujnsmodi
560 419 704 473 enim
736 427 840 483 est,
859 419 950 489 qui
983 423 1239 490 prasenti
1307 424 1657 480 solemnitate
1711 427 1861 484 laetus
1901 431 2206 501 explicatur
2252 435 2529 504 splendor,
2563 435 2762 506 sicque
2799 435 2997 508 jugetn'
3037 439 3408 511 magis,-quin
3443 454 3498 498 et

215 508 420 562 (larius
445 508 755 575 micantem,
784 525 850 563 ex
890 512 960 564 iis
985 525 1104 578 (piae
1136 513 1309 567 oculis
1331 515 1625 584 conspicua
1648 526 1798 582 sunt,
1841 519 2108 590 fulgorem
2143 525 2411 580 immittit.

288 601 540 672 Σήμερον
591 601 702 670 γὰρ
745 603 846 672 τῆς
877 602 1087 672 ένοητῆς
1137 605 1370 676 νεφέλης
1430 607 1798 675 ὲφαπλούσθαη

1987 615 2120 668 Cum
2153 617 2296 670 enim
2327 618 2590 687 spiritalis
2621 619 2784 674 holie
2825 621 2996 676 nubes
3034 621 3294 691 explicari
3347 621 3534 681 claro.

216 693 654 765 κηρυττομένης,
711 695 768 745 αἱ
801 693 896 746 τού
950 693 1144 747 ἀδύτου
1210 695 1310 764 μὲν
1357 697 1536 764 φωτὸς
1601 715 1804 769 προαν-

223 785 439 855 ίσχουσι
478 786 559 846 είς
595 783 690 837 τὸν
722 783 928 855 κόσμον
945 785 1187 850 ἀκτῖνες,
1209 787 1270 839 τὸ
1305 789 1590 859 κρατῆσαν
1610 789 1667 841 δὲ
1705 791 1804 861 τῆς

215 876 413 942 ἀθεῒας
464 874 870 947 ἀπομειοῦσθαι
928 877 1022 930 καὶ
1095 878 1504 934 ἀπελαύνεσθαι
1569 881 1802 953 ἄρχεται

219 973 433 1037 σκότος.
469 974 718 1044 Σήμερον
761 977 862 1045 τῆς
903 974 998 1027 τοῦ
1029 973 1212 1029 θεῖκοῦ
1252 978 1615 1048 σκηνώματος
1655 981 1804 1033 οἰκο-

217 1065 390 1136 δομῆς
423 1065 790 1136 μηνυομένης,
815 1067 865 1119 οἰ
907 1065 1010 1136 τῆς
1061 1068 1348 1132 εύσεόείας
1386 1070 1487 1140 μὲν
1539 1071 1795 1142 καταπή-

217 1175 444 1228 γνυνται
471 1158 731 1230 θεμέλιοι,
784 1160 848 1212 ὲκ
881 1158 1096 1232 βάθρων
1159 1161 1216 1215 δὲ
1272 1162 1340 1216 τά
1395 1164 1494 1233 τῆς
1527 1162 1791 1228 ἀσεϐείας

215 1251 557 1324 ὀχυρώματα
613 1252 989 1307 κατασείεται.
1055 1254 1303 1326 Σήμερον
1353 1256 1454 1326 τῆς
1508 1255 1806 1326 βασιλικῆς

217 1343 656 1415 ὲξυφαινομένης
739 1344 1102 1415 ἀλουργίδος,
1182 1348 1216 1417 ή
1312 1346 1410 1400 τοῦ
1491 1345 1602 1400 τῶν
1666 1347 1805 1400 ὅλων

217 1434 498 1498 Βασιλέως
527 1435 1070 1505 προκαταγγέλλεται
1100 1435 1332 1507 ἐνδημία
1356 1453 1369 1466 ·
1404 1438 1460 1490 αἰ
1483 1435 1595 1490 τῶν
1627 1438 1797 1490 ἐκπε-

218 1517 628 1597 πολεμωμένων
673 1525 978 1597 ἀνθρώπων
1035 1529 1563 1600 προύπογράςρονται
1628 1528 1805 1582 ὑπαλ-

217 1615 385 1684 λαγαί
421 1613 534 1688 [ισ.
571 1615 936 1688 καταλλαγαί]
960 1633 975 1647 ο
1006 1618 1078 1670 τά
1105 1616 1251 1671 κατὰ
1277 1617 1372 1671 τοῦ
1421 1618 1807 1689 πολεμήτορος

1914 706 2064 759 vocis
2127 709 2400 775 prteconio
2452 709 2732 775 refertur,
2781 711 2894 782 jam
2951 713 3174 784 quidem
3231 715 3495 779 luminis,

1912 796 2056 866 quod
2119 799 2290 851 nescit
2322 812 2602 865 occasum,
2676 801 2811 855 radii
2847 805 3047 854 innndu
3106 805 3492 871 przcoriuntnr,

1915 904 2144 959 quaeque
2186 891 2450 946 hactenus
2499 892 2852 946 obtinuerant
2894 895 3192 964 impietatis
3233 895 3494 960 tenehr:c,

1916 982 2332 1038 diminutionem
2359 985 2637 1055 accipiunt
2696 1002 2759 1040 ac
2815 986 3096 1056 fugantur.
3155 990 3493 1043 Aununtiata

1914 1089 2059 1128 nunc
2090 1075 2193 1129 diei
2251 1075 2581 1131 tabernaculi
2615 1077 2780 1131 divini
2836 1080 3237 1144 exstruetione,
3277 1080 3498 1148 pietatis

1913 1165 2130 1234 qnidetn
2165 1165 2519 1221 fundamenta
2553 1167 2761 1221 lirmius
2793 1167 3166 1236 s'labiliunlur,
3203 1172 3495 1240 impietatis

1912 1271 2045 1310 vero
2088 1259 2424 1314 munitiones
2467 1261 2685 1328 penitus
2717 1263 3124 1318 convellnutur.
3158 1264 3294 1318 Cum
3331 1265 3492 1318 hodie

1913 1348 2118 1402 texitur
2149 1350 2296 1418 regia
2340 1366 2601 1420 purpura,
2631 1351 2865 1410 futurus
2912 1358 3197 1410 nuntiatur
3245 1359 3488 1410 Omnium

1903 1438 2072 1508 Regis
2099 1441 2365 1499 adventus
2392 1460 2408 1510 ;
2442 1445 2742 1513 hominum,
2773 1448 2864 1517 qui
2899 1449 3105 1502 inimici
3136 1461 3316 1515 erant,
3350 1467 3492 1518 pri!-

1909 1533 1994 1587 vie
2016 1534 2388 1590 reconciliatio
2406 1538 2653 1592 sancitur
2679 1555 2694 1605 ;
2767 1549 2966 1608 tropaea
2990 1543 3252 1597 adversus
3281 1544 3496 1597 hostem

1907 1619 2166 1688 erigenda
2217 1632 2482 1690 occupato
2527 1624 2894 1679 celebrantur.
2949 1625 3225 1682 Hodierna
3298 1631 3493 1697 prw‘ii-

217 1709 397 1762 αὐτῶν
455 1711 932 1779 προαναφωνεῖται
977 1709 1242 1780 τρόπαια.
1291 1709 1538 1780 Σήμερον
1608 1712 1642 1780 ή
1680 1709 1798 1780 ῥίζα

1913 1712 2092 1768 ctione
2131 1713 2331 1768 radicis
2361 1713 2624 1770 bonorum
2671 1717 2724 1770 in
2759 1717 2934 1773 sterili
2977 1719 3269 1773 nasciturus
3310 1729 3488 1784 utero,

215 1803 326 1856 τῶν
356 1801 580 1870 ἀγαθῶν
635 1803 694 1855 ὲν
751 1803 988 1874 ἀκάρπῳ
1043 1803 1532 1875 προαγορευομένη
1570 1803 1808 1874 φύεσθαι

216 1896 394 1968 νηδύϊ,
433 1894 532 1968 τὴν
567 1896 1049 1968 ἀποξηρανθεῖσαν
1101 1897 1263 1968 ήμῶν
1292 1899 1360 1968 τῇ
1400 1897 1572 1969 κακία
1617 1896 1805 1968 φύσιν,

217 1988 448 2058 νεοθαλῆ
471 1979 570 2059 τῆς
615 1988 902 2052 εύσεὸείας
927 1989 1192 2058 ἀναφύειν
1218 1989 1528 2060 προμηνύει
1562 1988 1808 2060 βλαστή-

209 2097 394 2151 ματα.
443 2080 766 2150 Σήμερον,ή
803 2079 1112 2144 ἀδιόδευτος
1164 2081 1261 2134 τοῦ
1309 2079 1574 2150 βασιλέως
1600 2081 1806 2152 ἐρειδο-

221 2169 357 2242 μένη
387 2169 554 2252 πύλή,
589 2169 754 2226 αὑτοῦ
783 2172 884 2240 μὲν
927 2175 994 2242 τῇ
1026 2171 1169 2244 ὑπὲρ
1207 2171 1421 2227 ἔννοιαν
1473 2173 1808 2242 προετοιμά-

218 2266 374 2327 (erat
407 2263 600 2334 διόδῳ·
629 2265 764 2334 ἡμῖν
793 2265 850 2318 δὲ
907 2263 1176 2337 βασίμους
1217 2266 1318 2329 τὰς
1344 2266 1635 2338 οὐρανίους
1663 2283 1802 2336 προσ

219 2355 622 2420 κατασκευάζει
653 2355 850 2418 πύλας.
899 2356 1150 2428 Σήμερον
1195 2357 1380 2427 ἄγονοι
1423 2357 1670 2434 πατέρες
1703 2359 1807 2427 τῆς

218 2448 516 2518 πολυγόνου
543 2448 654 2502 τῶν
708 2449 932 2518 ἀγαθῶν
962 2449 1236 2519 ἀφθονίας
1258 2450 1362 2522 τὴν
1408 2450 1590 2505 αἰτίαν
1636 2450 1806 2517 adap-

216 2540 556 2612 γελιζόμενοι
599 2540 832 2606 τίκτειν,
878 2543 1044 2595 παντὶ
1083 2541 1163 2613 τῷ
1195 2541 1344 2610 γένει
1379 2541 1476 2612 τὴν
1510 2539 1606 2594 τοῦ
1641 2539 1808 2594 πλούο

215 2650 310 2688 του
346 2633 847 2706 προευτρεπίζουσι
889 2633 1134 2704 μέθεξιν.
1172 2633 1314 2687 Ἀλλ’
1342 2634 1419 2698 ὠς
1467 2629 1805 2705 δεδοξασμέ-

219 2742 309 2779 νον
353 2727 416 2780 τὸ
445 2726 653 2780 τούτων
682 2728 763 2791 εἰς
793 2726 996 2790 αἰῶνας
1038 2726 1547 2798 συμπαρατείνεται
1596 2725 1809 2798 μνημό-

223 2820 410 2872 συνονί
453 2819 530 2883 ὡς
561 2818 927 2890 ἀναφαίρετον
977 2819 1159 2874 αὐτῶν
1204 2819 1450 2890 διαμένει
1497 2818 1558 2872 τὸ
1606 2818 1802 2882 κλέοςὶ

219 2910 296 2974 ὡς
346 2910 598 2982 μακαρία
625 2911 726 2981 μὲν
752 2911 786 2982 ή
815 2909 1038 2982 ἐκλογή,
1076 2910 1424 2982 μακαριστὸν
1451 2910 1511 2965 δὲ
1538 2911 1718 2966 αὐτῶν
1741 2911 1808 2966 τὸ

219 3005 277 3054 ὲν
311 3003 535 3074 ἀρεταῖς
564 3001 875 3073 εὐδόκιμον,
905 3001 973 3056 δι’
995 2996 1057 3058 οὗ
1087 3002 1267 3057 καὶτὸ
1302 3001 1594 3074 ὲκλεγῆναι
1620 3003 1805 3067 αὐτοῖς

1915 1804 2026 1860 fore
2051 1807 2473 1877 praenuntiatur,
2510 1819 2570 1863 ut
2614 1825 2734 1879 qua:
2782 1811 2914 1864 vitio
2945 1819 3244 1867 exaruer‘at
3290 1823 3480 1867 natura

1910 1897 2212 1962 hominum,
2240 1898 2472 1954 virentia
2515 1901 2733 1970 pietatis
2759 1903 3002 1973 germina
3027 1906 3310 1971 producat.
3361 1905 3494 1960 Cum

1912 1989 2070 2045 hodie
2105 1989 2287 2059 ﬁgitur
2311 1989 2475 2062 Regis
2507 2003 2681 2061 porta,
2730 2009 2828 2062 per
2854 2010 3017 2064 quam
3044 1995 3175 2049 nulli
3224 1999 3492 2052 transitus

1911 2081 2140 2152 patet‘;
2195 2081 2246 2136 ei
2295 2083 2538 2151 quidem,
2574 2084 2805 2138 mirabili
2857 2087 3088 2155 quadam
3129 2103 3192 2140 ac
3246 2089 3490 2157 engitatn

1912 2172 2118 2244 majore
2158 2173 2396 2240 ratione,
2425 2189 2523 2243 per
2565 2191 2685 2231 eam
2741 2179 3080 2245 transiture,
3120 2191 3494 2248 prmparatur;

1909 2266 2064 2318 nobis
2084 2275 2264 2320 autem
2311 2267 2524 2334 pervias
2549 2267 2669 2322 eteli
2701 2277 2884 2336 portas
2927 2271 3126 2337 praevie
3149 2271 3332 2324 cﬂlcit.
3357 2270 3495 2325 Cum

1909 2357 2070 2412 hodie
2096 2368 2352 2426 parentes
2383 2359 2620 2427 steriles,
2653 2359 2835 2414 fausta
2869 2363 3317 2425 annuntiatioitc,
3348 2363 3492 2416 illam

1895 2452 2143 2519 .genitnri
2171 2463 2514 2520 promuntur,
2545 2468 2664 2522 qua:
2699 2453 2962 2508 bonurqu
3024 2455 3276 2510 fecundae
3324 2456 3491 2526 largi-

1889 2541 2036 2596 .tatis
2066 2557 2228 2595 causa
2261 2542 2502 2608 exsistit,
2527 2544 2786 2598 universo
2826 2541 3106 2598 hominum
3141 2545 3328 2614 generi
3352 2546 3495 2600 divi-

1889 2623 2110 2685 "tiarum
2125 2627 2390 2702 ejusmodi
2412 2633 2889 2704 participationem
2905 2646 3174 2704 occupato
3193 2636 3490 2692 instrunttt.

1907 2726 2081 2792 Quam
2111 2741 2239 2780 vero
2271 2741 2463 2782 eorum
2483 2727 2718 2798 gloriosa
2745 2727 2905 2798 longe
2937 2728 2988 2783 in
3036 2743 3211 2783 aevum
3239 2729 3494 2784 extendi.

1908 2826 1996 2871 tur
2031 2819 2335 2874 memoria!
2370 2817 2562 2887 Quam"
2601 2831 2791 2874 eorum
2847 2829 3132 2894 permanet
3173 2820 3494 2876 inviolabile

1906 2910 2105 2966 decus!
2139 2909 2312 2978 Quam
2343 2911 2501 2967 beata
2525 2911 2747 2976 electio,
2781 2929 2845 2967 ac
2878 2913 3072 2967 merito
3127 2910 3494 2969 beatil‘tcanda

1907 3007 2138 3075 probata
2170 3022 2359 3061 eurum
2393 3006 2585 3071 virtus,
2618 3020 2714 3075 per
2745 3020 2909 3076 quam
2944 3007 3180 3062 accessit
3230 3014 3290 3059 ut
3319 2997 3494 3076 elige-3

220 3096 583 3167 προσεγένετο
602 3097 616 3150 l
649 3095 840 3168 Τούτῳ
859 3095 973 3168 γὰρ
995 3096 1252 3151 ἁπάντων
1277 3096 1656 3167 κρατήσαντες
1674 3098 1798 3167 ὁμο-

1909 3099 2146 3152 rentnrl
2214 3096 2350 3152 Cum
2408 3097 2554 3153 enim
2617 3112 2712 3167 per
2757 3112 2877 3152 eam
2935 3097 3222 3152 universos
3265 3095 3495 3168 gentiles

218 3187 370 3258 φυῶν
419 3186 800 3260 προαιρέσεως
851 3186 1220 3258 μεγαλοφυΐᾳ,
1266 3189 1336 3258 τῇ
1389 3187 1515 3240 κατ’
1569 3185 1806 3257 ἐκλογὴν

216 3279 574 3352 χαρισμάτων
600 3279 1023 3350 ύπερανέδησαν
1068 3277 1541 3350 μεγαλοπρεπείᾳ.
1572 3278 1804 3349 Προετιο

220 3372 475 3444 μήθησαν
489 3371 602 3444 γὰρ
627 3373 833 3435 παντὸς
861 3371 960 3425 τοῦ
981 3371 1196 3440 γένους,
1218 3370 1409 3441 ἐπειδὴ
1441 3371 1662 3424 πάντων
1691 3368 1804 3422 τῶν

215 3465 385 3518 ὅντων
413 3465 505 3520 τὸν
533 3464 878 3536 Δημιουργδν
917 3463 1319 3537 προετίμησαν.
1353 3462 1798 3534 Προεκρίθησαν,

215 3557 405 3628 ἐπειδὴ
438 3556 536 3628 τήν
560 3557 654 3611 τοῦ
693 3557 965 3612 Δεσπότου
992 3559 1092 3628 τῆς
1105 3558 1316 3620 οἰκείας
1355 3556 1502 3630 ζωῆς
1531 3554 1802 3627 προῦκρι-

215 3666 312 3702 ναν
329 3648 573 3720 ἀγάπην.
597 3648 1079 3720 ΙΙροεξελέχΊησαν
1097 3648 1178 3712 είς
1203 3647 1528 3718 μυστηρίων
1557 3647 1802 3718 λειτουρ-

214 3744 362 3811 γίαν,
394 3742 694 3814 ἐπειδήπερ
725 3743 794 3795 τά
811 3742 907 3795 τοῦ
941 3741 1309 3812 ὲκλεξαμένου
1340 3739 1624 3812 θελήματα
1658 3738 1799 3810 μόνα

214 3834 459 3906 πληροῦν
526 3833 614 3888 διὰ
673 3835 876 3898 παντὸς
942 3835 1300 3906 ᾑρετίσαντοι
1382 3831 1752 3904 ὲδοξάσθησαν
1780 3871 1798 3896 ,

213 3929 403 4000 ἐπειδὴ
445 3928 512 3982 δι’
545 3928 762 3982 οἰκείων
817 3929 981 3982 αὐτὸν
1023 3929 1282 4003 ἐδόξασαν
1323 3927 1534 4000 ἔργων’
1593 3930 1800 3996 ἐμεγα-

213 4019 481 4092 λύνθησαν
512 4023 576 4092 τῇ
618 4021 719 4091 τῆς
753 4021 974 4092 χάριτος
1010 4021 1435 4092 μεγαλοδωρεᾷ,
1492 4020 1797 4092 ἐπειδήπερ

211 4114 396 4178 ἀξίους
453 4115 679 4177 ἑαυτοὺς
743 4115 844 4184 τῆς
913 4114 1172 4186 τοιαύτης
1230 4114 1501 4184 ὑποδοχῆς
1551 4130 1798 4185 προκατ-

211 4207 539 4262 εσκεύασαν.
574 4207 748 4261 Τοῦτο
791 4207 903 4278 γὰρ
930 4207 1132 4269 αὐτοὺς
1153 4207 1261 4258 τῶν
1291 4204 1796 4275 προγεγενημένων

210 4298 466 4352 ἁπάντων
526 4298 905 4372 ὑπερετίμησε
957 4298 1207 4353 δικαίων.
1239 4297 1412 4351 Τοῦτο
1442 4299 1644 4362 αὐτοὺς
1674 4297 1786 4351 τῶν

1879 3205 2037 3255 ,ευοε
2101 3190 2394 3246 voluntatis
2440 3191 2842 3261 magniﬁcentia
2899 3199 3248 3261 superarent,
3327 3189 3495 3243 dono.

1906 3296 2028 3335 rum
2077 3296 2318 3352 quoque,
2355 3283 2652 3336 secundum
2702 3283 3021 3339 electionem
3079 3297 3144 3337 ac
3206 3281 3300 3337 Dei
3368 3297 3496 3352 pru-

1907 3373 2180 3444 positum,
2244 3373 2602 3442 amplitudine
2681 3387 3034 3443 superarunt.
3121 3372 3246 3428 Tuti
3327 3372 3498 3442 siqui-

1904 3467 2027 3522 dem
2075 3468 2260 3537 generi
2313 3468 2518 3524 honore
2575 3468 2782 3538 praelati
2837 3477 2984 3532 sunt,
3015 3468 3160 3537 quod
3212 3476 3490 3520 auctorem

1906 3562 2070 3616 rebus
2125 3561 2398 3616 universis
2437 3600 2453 3626 ,
2512 3563 2718 3616 honore
2779 3560 3162 3630 przetnlisscnt.
3247 3557 3494 3613 Potiures

1903 3655 2155 3709 omnibus
2183 3653 2353 3708 habiti
2391 3662 2544 3715 sunt,
2572 3653 2712 3721 quod
2748 3668 2845 3707 sua
2875 3653 3114 3720 ipsorum
3143 3650 3248 3704 vita
3277 3648 3491 3704 Domini

1903 3743 2228 3801 charitutem
2265 3745 2528 3814 potiorem
2555 3745 2893 3800 habuissent.
2945 3743 3230 3799 Pneeleeti
3267 3745 3494 3798 luerunt

1905 3836 1959 3891 in
2006 3846 2478 3891 sacramentorum
2530 3836 2833 3899 ministros,
2889 3835 3032 3905 quod
3082 3838 3248 3891 vitam
3298 3845 3490 3899 totam,

1902 3931 2017 3996 ejus
2037 3932 2126 3998 qui
2144 3929 2326 3999 elegit,
2347 3929 2652 3984 voluntates
2670 3929 2816 3984 solas
2837 3929 3062 3998 implere
3121 3929 3488 3997 studuissent.

1903 4021 2058 4075 Aucti
2089 4031 2213 4076 sunt
2244 4021 2437 4092 gloria,
2477 4022 2621 4088 quod
2645 4021 2760 4075 suis
2805 4020 2979 4090 ipsum
3015 4021 3282 4090 nperihus
3311 4019 3488 4089 gloria

1903 4115 2232 4168 alfecissent.
2289 4113 2589 4182 Magnilicis
2663 4113 2852 4182 gratia:
2917 4113 3077 4167 donis
3146 4111 3483 4180 magnilicali

1901 4217 2048 4271 sunt,
2074 4206 2216 4276 quod
2241 4221 2300 4260 se
2335 4205 2402 4260 iis
2451 4204 2818 4273 suscipiendis
2865 4219 3106 4273 congrue
3179 4217 3483 4272 Praeparas-

1902 4311 2043 4358 Sent.
2070 4299 2199 4356 Haec
2228 4299 2372 4354 enim
2413 4315 2577 4364 supra
2625 4311 2816 4353 omnes
2853 4298 3066 4365 priores
3105 4295 3306 4364 justus,
3363 4309 3484 4348 am-

207 4390 441 4453 ὲκείνοις
542 4389 903 4462 ὲπιθυμητῶν
985 4389 1325 4460 κατηξίωσεν
1403 4389 1783 4443 ὲναπολαῧσαι

1904 4395 2058 4463 pliori
2118 4410 2214 4449 eos
2273 4393 2480 4447 honore
2523 4390 2874 4445 cumulavit:
2929 4387 3060 4443 fecit
3103 4389 3239 4450 hzcc,
3304 4395 3362 4439 ut
3420 4385 3487 4439 iis

212 4481 562 4552 μυστηρίωνο
627 4482 788 4536 τοῦτο
846 4482 954 4536 τῶν
1019 4482 1512 4554 προφήτευειέντων
1591 4484 1781 4547 αὐτοῖς

209 4574 306 4628 καὶ
354 4573 748 4644 πολυποθήτως
794 4575 1238 4646 ἐπιζήτηθὲντων
1262 4616 1277 4641 ,
1328 4575 1427 4646 τὴν
1467 4575 1568 4644 τῆς
1622 4575 1793 4629 ἐκδά-

207 4683 348 4729 σεως
403 4666 582 4739 ἀρχὴν
655 4668 1008 4741 παραχθῆναι
1079 4668 1374 4737 πεποίηκε.
1450 4668 1552 4720 Διά
1623 4667 1786 4721 τοῦτο

203 4759 314 4814 τῶν
363 4759 721 4831 συμφυλετῶν
756 4760 1016 4813 ἀπάντων
1065 4760 1443 4834 προτεθέντες,
1478 4759 1574 4814 τοῦ
1606 4761 1786 4830 ἀσυγ-

205 4852 395 4923 κρίτου
433 4854 797 4924 τετυχήκασιν
848 4852 1182 4922 ἀξιώματος.
1247 4853 1636 4923 Ἀνεπίμικτον
1673 4856 1786 4923 γὰρ

202 4945 266 4998 τὸ
326 4944 598 5016 βασίλειον
668 4946 1011 5017 τηρήσαντες
1059 4946 1240 5014 γένος,
1313 4945 1603 4999 ἀνόθευτον
1652 4946 1788 4998 αύτό

207 5039 300 5091 καὶ
360 5039 834 5110 ἀπαραχάρακτον
883 5042 1006 5102 ταῖς
1067 5037 1379 5108 βασιλικαῖς
1447 5038 1786 5110 διετήρησαν

202 5133 449 5201 ἀρεταῖς.
492 5133 568 5185 Ού
605 5133 1002 5202 παρεσύρησαν
1061 5129 1152 5183 τοῦ
1194 5130 1296 5200 τῆς
1346 5129 1506 5196 ἀξίας
1548 5131 1792 5200 ὑπεραν-

202 5223 499 5292 εστηκότος
521 5223 660 5293 πρὸς
686 5222 1033 5295 δουλοπρεπῆ
1061 5222 1173 5275 τῶν
1197 5220 1401 5292 ήδονῶν
1416 5220 1784 5288 ταπείνωσιν,

202 5315 322 5369 ἀλλ’
354 5317 728 5370 ἀταπείνωτον
786 5317 849 5370 τὸ
884 5314 1312 5387 μεγαλοπρεπὲς
1367 5313 1535 5368 αὐτοῦ
1581 5313 1784 5368 δια.σὼ-

203 5408 416 5471 ζοντες,
451 5411 516 5480 τῇ
544 5409 868 5480 καταλλήλῳ
901 5409 1001 5479 μὲν
1031 5409 1198 5462 αὐτοῦ
1253 5407 1622 5480 διεὸοήθησαν
1653 5408 1790 5461 ἀναο

203 5497 460 5569 κηρύξει.
506 5502 602 5570 τήν
643 5500 900 5555 Βασιλίδα
955 5501 1012 5555 δὲ
1066 5501 1162 5554 τοῦ
1221 5499 1446 5568 παντὸς,
1511 5500 1586 5564 ὡς
1629 5499 1786 5555 εύσε-

276 5723 294 5756 ⁸
334 5723 532 5778 Ezech.
569 5738 713 5788 κων,
752 5723 806 5776 2.

1900 4487 2004 4542 frui
2041 4486 2316 4559 mysteriis
2355 4493 2716 4544 mererentur,
2741 4497 2862 4552 qua:
2894 4481 2968 4536 illi
3007 4479 3423 4535 desiderasscnt
3465 4493 3481 4532 :

1899 4579 2049 4645 iecit,
2087 4588 2146 4632 ut
2195 4592 2390 4632 eorum
2443 4592 2564 4646 qua:
2615 4577 3005 4645 prophetarum
3057 4572 3295 4626 oraculis
3353 4585 3482 4639 pro-

1899 4673 2064 4726 missa
2090 4679 2295 4735 essent,
2339 4671 2615 4740 multoque
2668 4669 2899 4737 quaesita
2937 4665 3237 4730 desiderio,
3274 4663 3484 4733 primus

1896 4765 1977 4817 eis
2013 4772 2240 4819 eventus
2285 4762 2633 4818 exhiberetur
2685 4803 2698 4815 .
2745 4775 2842 4828 per
2880 4774 3000 4813 eam
3029 4797 3044 4824 ,
3086 4755 3485 4811 contribulibus

1897 4855 2166 4911 universis
2198 4855 2424 4924 praelati,
2459 4852 2940 4922 incomparabilem
2976 4847 3260 4919 dignitatis
3295 4845 3480 4902 excel-

1897 4949 2116 5004 lentiam
2140 4948 2518 5004 obtinuerunt.
2543 4947 2680 5001 Cum
2700 4945 2844 5000 enitn
2873 4941 3053 5013 regale
3080 4955 3253 5008 genus
3277 4939 3485 5007 imper-

1898 5040 2126 5093 mixlum
2153 5048 2486 5102 servassent,
2517 5039 2660 5090 idem
2707 5037 2880 5106 ipsum
2923 5031 3120 5104 regalis
3150 5031 3318 5086 animi
3367 5033 3484 5084 vir-

1897 5130 2413 5194 tutibussincernm,
2428 5129 2670 5198 nihilque
2687 5129 3054 5182 adulteratqu
3077 5123 3480 5180 custodierunt.

1896 5218 2043 5273 Nihil
2073 5217 2144 5272 ab
2157 5218 2444 5274 excellenti
2465 5219 2735 5288 dignitate
2753 5217 2820 5272 ad
2844 5216 3102 5273 servilem
3129 5217 3474 5282 voluptatum

1896 5311 2286 5382 abiectionem,
2305 5311 2589 5367 sinistrum
2619 5328 2676 5367 se
2719 5314 2804 5382 agi
2829 5311 2977 5382 passi
3005 5318 3132 5365 sunt
3157 5323 3174 5374 ;
3198 5306 3331 5376 quin
3361 5300 3480 5368 ejus

1897 5406 2358 5476 tnagnilicentiam
2401 5405 2783 5462 indiminutam
2837 5411 3161 5464 servantes,
3213 5397 3331 5466 eius
3381 5410 3481 5463 tm-

1899 5499 2031 5555 riter
2066 5513 2306 5570 congruo
2342 5497 2610 5557 celebrari
2638 5496 2934 5571 praeconio,
2979 5490 3330 5562 universique
3363 5485 3474 5542 lico
