3942 6218
279 335 410 407 1341

1270 341 1352 401 ΙΝ
1392 340 1971 403 CONCEPTIONEM
2011 345 2114 404 SS.
2158 344 2526 412 ΒΕΙΡΑΒᾹΞ.
2601 367 2622 382 '

3397 341 3532 406 1342

275 451 483 506 τούτων
524 448 970 522 ὑπερϐαίνοντες.
1004 449 1206 518 μᾶλλον
1255 449 1312 504 δὲ
1361 451 1422 504 τὸ
1475 454 1584 505 πᾶν
1620 455 1718 521 τῆς
1760 469 1850 502 πε..

1963 451 2208 506 delinitur
2249 494 2264 518 ,
2315 455 2410 509 sed
2464 464 2520 509 et
2578 455 2773 509 horum
2831 453 3092 524 pleraque
3182 463 3526 521 superarent.

281 544 532 616 ριουσίας
559 541 914 606 ἀνατιθέντες
935 543 1077 613 Θεῷ,
1105 543 1523 614 ὑπερετέθησαν
1562 544 1668 598 τῶν
1711 561 1852 614 καρ-

275 632 710 704 ποφορησὰντων
773 633 1032 686 ἁπάντων
1121 635 1188 704 τῇ
1275 632 1658 704 μεγαλοψυχίᾳ
1742 632 1852 686 τῶν

276 726 728 797 προσαγομένων.
766 724 1109 793 Προσέφερε
1136 724 1265 796 γὰρ,
1321 727 1509 796 φησιν,
1584 725 1853 793 Ἰωακείμ

275 816 464 876 διπλᾶ
485 817 556 871 τὰ
575 815 738 886 δῶρα
764 815 976 881 αὐτοῦ,
1011 815 1238 883 λέγων·
1275 817 1468 868 Ἔστω
1506 813 1569 870 τὸ
1598 815 1710 883 τῆς
1746 829 1852 868 πε-

268 911 551 980 ριουσίας
568 926 686 979 μου
709 908 893 962 παντί
911 905 990 973 τῷ
1013 908 1164 974 λαῷ,
1184 909 1284 962 καὶ
1324 909 1388 962 τὸ
1425 907 1539 977 τῆς
1576 908 1852 977 ἀφέσεως

269 1021 391 1076 μου
409 1001 698 1072 Κυρίᾳ)τῴ
747 999 888 1066 Θεῷ.
928 1001 993 1052 Ὤ
1025 999 1136 1054 τῶν
1186 999 1602 1070 εὐπροσδέκτων
1645 998 1854 1052 τούτων

276 1097 508 1170 δὼρωνῑ
545 1094 591 1148 ὣ
623 1095 1007 1165 καρποφορίας
1045 1096 1104 1146 ἐν
1155 1093 1450 1164 ἀσυλήτοις
1489 1093 1853 1162 ἀποτεθείσης

279 1185 610 1256 θησαυροῖςί
641 1182 687 1236 ὣ
725 1181 956 1235 πλούτου
1016 1182 1114 1250 τὴν
1166 1183 1442 1237 ἀκὲνωτεν
1479 1183 1590 1237 τῶν
1632 1183 1853 1250 ἀγαθῶν

278 1275 709 1349 θησαυρίσαντος
751 1273 1056 1343 ἀφθοξαίανι
1095 1272 1139 1326 ὣ
1180 1273 1555 1346 προαιρέσεως
1585 1278 1650 1345 τῇ
1703 1275 1854 1344 δαψι-

278 1368 398 1438 λείᾳ
451 1367 560 1420 τῶν
595 1365 1080 1436 καλλιερουμένων
1135 1363 1563 1435 θαυμαζομένης
1593 1365 1608 1419 l
1635 1365 1870 1438 ’Ὢσπερ,

279 1457 570 1529 (mantia?
601 1457 671 1510 τά
715 1461 862 1528 κατά
917 1461 1158 1527 θεσμοὺς
1201 1457 1550 1529 διοριζόμενα
1580 1457 1856 1528 προσάγε-

282 1550 407 1602 σθαι
436 1549 667 1616 δίκαιον,
697 1548 842 1602 οὕτω
875 1548 1056 1602 καὶτὸ
1083 1549 1184 1618 τῆς
1215 1547 1538 1620 περιουσίας
1568 1548 1719 1603 ἅπαν
1773 1548 1853 1618 τῷ

282 1637 396 1708 λαῷ
425 1638 522 1692 καὶ
553 1640 666 1699 τοῖς
696 1637 896 1691 ἐνδεὲσι
955 1637 1311 1710 προτίθεσθαι
1345 1636 1539 1706 ⁸ἄξιον.
1577 1637 1698 1708 Θεῷ
1746 1639 1853 1710 γὰρ

284 1731 378 1784 καὶ
411 1729 584 1784 ταῦτα
611 1727 700 1782 διά
731 1727 838 1782 τῶν
864 1730 1170 1801 δεχομένων
1203 1730 1596 1802 προσάγονταιο
1621 1731 1717 1783 καὶ
1745 1729 1851 1793 τίς,

281 1815 548 1888 ὧδίκαιε,
592 1821 778 1892 νόμος,
821 1823 851 1875 ὁ
883 1822 983 1892 τὴν
1031 1823 1091 1876 ἐν
1137 1821 1312 1893 διπλῷ
1364 1821 1472 1876 τιῖιν
1529 1820 1716 1894 δώρων
1761 1822 1856 1875 καὶ

283 1915 682 1985 ἀφαιρεμάτων
711 1913 1080 1986 προσαγωγὴν
1114 1913 1659 1986 παρακελευόμενοςς
1703 1915 1856 1976 ποῖος

282 2009 339 2061 δὲ
375 2007 576 2076 θεσμὸς
628 2007 692 2060 τδ
726 2007 826 2076 τῆς
852 2007 1175 2078 περιουσίας
1212 2003 1360 2061 ἅπαν
1403 2005 1756 2078 διανέμεσθαι
1779 2007 1858 2074 τῷ

283 2097 400 2169 λαῷ
444 2099 808 2169 προστάττεις
855 2098 1037 2168 Νόμος
1098 2097 1217 2167 μὲν,
1253 2097 1441 2168 φησιν,
1498 2097 1696 2162 οὐδεὶς,
1737 2095 1858 2149 οὐδὲ

285 2191 488 2262 θεσμός
541 2208 625 2254 τις
668 2191 698 2244 δ
753 2189 927 2244 ταῦτα
973 2191 1411 2258 καταναγκάζων
1463 2193 1676 2242 ποιεῖν·
1724 2188 1854 2258 παρ’

286 2281 467 2351 ἑαυτῷ
496 2280 554 2334 δὲ
607 2279 670 2334 τὸ
709 2280 874 2335 καλὸν
921 2281 1292 2351 ἐφευρὼν,ὠς
1349 2279 1566 2351 αἱρετὸν
1609 2280 1668 2334 ὃν
1715 2278 1854 2349 Θεῷ,

285 2371 614 2445 ἀειιοπληρῶ⁸
663 2373 862 2438 Αὐτοῦ,
917 2373 1105 2442 φησὶν,
1138 2374 1168 2426 ὁ
1199 2372 1575 2446 δεδωρημένος
1606 2372 1853 2439 πλοῦτος,

285 2463 440 2537 αὐτῷ
465 2466 561 2520 καὶ
590 2465 954 2519 ἀντιδίδοσθαι
989 2465 1223 2521 δίκαιον.
1269 2467 1382 2536 Τῆς
1424 2465 1588 2519 αὑτοῦ
1637 2481 1857 2537 προμη-

286 2556 442 2620 θείας
487 2555 796 2628 εὐεργεσίαι
843 2555 1232 2626 τυγχάνουσαι,
1291 2554 1858 2626 ἀντευεργετείτωσαν

285 2649 414 2712 τοὺς
435 2647 760 2720 ὁμοφύλους.
793 2647 1088 2718 Περιουσία
1117 2649 1184 2701 τὰ
1212 2647 1496 2716 δεδομένα,
1520 2649 1600 2711 είς
1638 2647 1860 2717 περιού-

290 2755 406 2793 σιον
425 2739 714 2810 διαχείσθω
759 2738 910 2793 λαόν.
937 2738 1112 2810 Χάρις
1141 2736 1270 2791 ὅντα
1321 2737 1514 2804 ταῦτα,
1544 2737 1647 2790 οὐκ
1683 2736 1860 2808 ἔργων

288 2831 534 2903 ἀμοιϐαὶ,
580 2833 694 2896 τοῖς
740 2830 1048 2902 πράγμασι·
1082 2829 1144 2883 τὸ
1189 2830 1362 2900 ὄνομα
1397 2828 1732 2900 βεδαιούτω·
1760 2826 1860 2900 τὴν

290 2923 382 2977 τοῦ
428 2922 800 2995 χαρισαμένου
857 2921 1174 2994 κηρυττέτω
1217 2919 1650 2990 φιλανθρωπίαν.
1690 2920 1861 2991 Μερι-

288 3015 570 3080 ζέσθωσαν
595 3015 680 3078 είς
711 3013 964 3077 πλείονας
1013 3015 1073 3066 αί
1128 3013 1223 3066 τοῦ
1273 3012 1508 3066 πλούτου
1553 3011 1856 3084 φροντίδες,

1957 543 2212 610 Quinimo
2261 545 2526 616 quidquid
2563 547 2877 602 divitiarum
2915 545 3132 600 abunde
3169 533 3310 610 erat,
3341 557 3530 598 consr-

1957 647 2178 690 crantcs
2219 637 2353 701 Deo,
2387 638 2660 692 universis
2683 636 3038 692 oﬂ‘ercntibus
3065 649 3314 698 munera,
3355 635 3524 690 dono-

1959 744 2077 782 rum
2109 729 2514 798 maguiﬁcentia
2543 729 2858 798 superiores
2889 737 3210 783 evaserunt.
3259 727 3526 798 Olferebut

1955 819 2120 883 enim,
2156 821 2350 887 inquit,
2371 819 2617 874 Jour/tim
2660 837 2880 874 munera
2899 837 2995 873 sua
3017 819 3279 890 duplicia,
3312 819 3488 872 dicem
3508 835 3527 870 :

1955 907 2214 985 Sit,quod
2244 923 2320 968 est
2351 913 2690 982 abundantia:
2737 913 2977 967 meaztoti
3003 911 3237 981 populo;
3279 922 3330 965 et
3383 911 3523 980 quod

1956 1007 2296 1070 remissionis,
2325 1005 2548 1060 Domino
2571 1005 2703 1062 Deo.
2735 1003 2778 1060 Ο
2800 1015 3021 1073 accepta
3051 1005 3162 1056 haec
3191 1017 3415 1056 munera
3441 1003 3454 1053 ί
3485 1001 3531 1054 0

1955 1101 2314 1168 primitiarum
2354 1099 2556 1153 oblatio
2590 1099 2641 1150 in
2693 1094 3099 1149 inviolabilibus
3146 1093 3414 1147 thesauris
3439 1105 3530 1168 ιε-

1957 1177 2482 1261 posita20divitiae,
2529 1189 2906 1242 inexhaustum
2954 1187 3217 1239 bonorum
3253 1157 3524 1237 thesau‘ri-

1954 1291 2141 1338 zautes
2171 1282 2586 1335 abundantiam!
2621 1280 2663 1334 0
2696 1280 2968 1340 voluntas,
3014 1277 3323 1331 oblaturum
3362 1275 3531 1342 largi-

1958 1385 2065 1431 tate
2116 1375 2462 1430 admirationi
2512 1373 2734 1427 habita!
2782 1369 3280 1448 Quemadmodum,
3330 1367 3528 1435 inquit,

1960 1469 2168 1537 justum
2211 1477 2320 1532 est,
2349 1477 2405 1521 ut
2428 1475 2632 1520 statuta
2673 1464 2914 1534 legitima
2943 1461 3054 1516 Deo
3088 1461 3428 1523 oderantur,
3453 1459 3526 1510 ita

1955 1575 2090 1617 sane
2122 1575 2335 1628 aequum
2372 1559 2464 1624 sit,
2521 1566 2579 1610 ut
2628 1543 2886 1625 quidquid
2941 1555 3250 1608 divitiarum
3321 1550 3530 1604 abunde

1923 1637 2060 1714 iest,
2100 1647 2297 1718 populo
2357 1660 2421 1699 ac
2463 1646 2648 1715 egenis
2687 1643 2972 1698 fruendum
3025 1643 3352 1709 praebeatur.
3394 1640 3525 1692 Nam

1959 1745 2074 1797 lucc
2107 1755 2345 1810 quoque,
2369 1753 2466 1809 per
2497 1753 2591 1792 eos
2611 1737 2700 1806 qui
2731 1736 3026 1804 accipiunt,
3069 1734 3175 1788 Deo
3205 1732 3526 1786 oﬂ'eruntur.

1958 1835 2216 1901 Quaenam
2249 1831 2392 1886 enim
2421 1844 2550 1884 vero
2579 1829 2687 1894 lex,
2722 1842 2754 1882 ο
2803 1827 2886 1880 vir
2932 1825 3100 1894 juste,
3155 1825 3227 1878 ita
3265 1823 3441 1892 jubet,
3473 1831 3531 1876 ut

1965 1928 2106 1982 dona
2165 1935 2330 1994 atque
2384 1923 2656 1992 primitias
2706 1921 2942 1990 duplicia
2997 1919 3238 1974 oderas?
3279 1917 3528 1985 Quonam

1955 2021 2077 2090 jure
2102 2025 2428 2086 praeceptum
2444 2015 2630 2078 babes,
2651 2023 2710 2066 ut
2731 2012 2956 2082 quiquid
2975 2012 3286 2065 divitiarum
3321 2011 3534 2063 abunde

1959 2120 2062 2176 est,
2093 2110 2146 2163 in
2191 2107 2446 2179 potiulum
2503 2105 2842 2162 distribuas?
2889 2103 3178 2173 Equidem,
3223 2103 3337 2166 ait,
3388 2101 3529 2154 nulla

1961 2201 2044 2256 lex
2081 2211 2182 2266 est,
2217 2213 2315 2254 nec
2345 2197 2434 2266 jus
2459 2197 2650 2260 ullum,
2699 2207 2758 2250 ut
2807 2194 2872 2249 ad
2910 2194 3026 2248 hare
3058 2209 3220 2264 cogar
3251 2210 3265 2244 :
3304 2202 3361 2244 at
3399 2207 3524 2245 cum

1960 2294 2076 2362 ipse
2136 2310 2165 2345 a
2231 2289 2555 2360 memetipso
2616 2287 2818 2342 bonum
2878 2285 3204 2347 invenerim,
3273 2290 3529 2350 tanquam

1963 2386 2072 2440 Deo
2095 2393 2329 2454 gratum,
2363 2375 2494 2436 illud
2527 2379 2746 2449 impleo.
2779 2375 2935 2458 .Ejus,
2969 2375 3170 2444 inquit,
3203 2382 3352 2438 sunt,
3390 2386 3526 2441 quas

1959 2482 2102 2532 dono
2131 2474 2313 2544 accepi
2347 2473 2598 2535 divitias;
2622 2484 2799 2540 operte
2819 2467 3052 2537 pretium
3081 2473 3161 2520 est
3187 2473 3245 2516 ut
3281 2463 3328 2518 ei
3365 2461 3529 2514 vicis-

1961 2573 2062 2625 sim
2124 2569 2439 2624 reddantur.
2489 2562 2848 2618 Providentize
2885 2559 3004 2630 ejus
3045 2555 3310 2613 beneficia
3361 2562 3530 2616 sunt;

1961 2661 2317 2717 beneﬁcentia
2357 2657 2408 2712 in
2433 2653 2770 2712 contribules
2813 2649 3186 2722 conferantur.
3228 2646 3361 2713 Quae
3402 2647 3524 2697 data

1961 2765 2107 2820 sunt,
2151 2745 2877 2822 peculiisuutabundautia;
2913 2744 2966 2796 in
2998 2739 3328 2812 peculiarem
3368 2751 3536 2806 popu-

1963 2845 2070 2902 lum
2096 2841 2486 2899 diffundantur.
2513 2837 2648 2892 Cum
2675 2835 2792 2890 hmc
2817 2832 2992 2902 gratia
3015 2830 3146 2900 sint,
3185 2843 3293 2881 non
3326 2837 3536 2880 merces

1961 2951 2207 3008 operum,
2265 2932 2402 3003 ipsis
2443 2913 2606 2984 rebus
2643 2940 2839 2992 nomen
2891 2921 3239 2983 conﬁrment,
3274 2934 3338 2972 ac
3364 2917 3534 2986 largi-

1964 3029 2098 3084 toris
2121 3023 2510 3094 benignitatem
2546 3017 2866 3090 praedicent.
2899 3012 3222 3068 Dividantur
3255 3012 3308 3064 in
3347 3010 3530 3079 plures

292 3106 495 3176 μᾶλλον
533 3105 592 3160 δὲ
625 3107 687 3160 τὸ
719 3108 829 3161 πᾶν
884 3105 1050 3159 α’ὖτοῦ
1089 3105 1148 3171 ἐξ
1189 3106 1350 3176 ἡμῶν
1405 3103 1860 3175 ἀπφορτιζέσθω

1965 3135 2106 3176 cura:
2132 3118 2466 3180 divitiarum,
2491 3112 2620 3183 quin
2649 3109 2831 3180 potius
2859 3121 3020 3162 omne
3041 3121 3228 3160 earum
3257 3103 3469 3172 ροιιιιιις
3501 3117 3529 3151 a

291 3198 477 3268 βάρος.
509 3196 866 3262 Σκεδαζέσθω
883 3196 994 3250 τῶν
1022 3196 1393 3266 αἰσθητηρίων
1433 3196 1462 3248 δ
1491 3195 1602 3248 τῶν
1639 3194 1861 3266 χρημά-

289 3308 398 3344 των
429 3290 608 3361 δχλος,
641 3287 738 3344 τοῦ
785 3289 898 3344 τῶν
945 3288 1106 3342 θείων
1145 3286 1554 3357 ἀνεμποδίστως
1592 3279 1857 3356 ἀντιλαμο

290 3383 549 3438 ϐάνεσθαι
579 3381 957 3454 χαρισμάτων.
1017 3377 1438 3432 ’Δπελαυνέσθω
1475 3376 1570 3430 τοῦ
1599 3377 1862 3446 λογισμοῦ

289 3475 352 3530 τδ
374 3473 698 3529 ἐπισκοτοῦν
731 3474 841 3527 τῶν
875 3471 1157 3544 μεριμνῶν
1181 3471 1363 3540 νέφος,
1395 3467 1491 3523 τοῦ
1528 3469 1673 3540 μόνῳ
1693 3467 1863 3522 καθα-

295 3567 405 3642 ρῶς
430 3567 508 3639 τῷ
526 3568 719 3636 φέγγει
759 3566 860 3637 τῆς
900 3564 1171 3628 ἀπαθείας
1201 3563 1549 3628 ἑνατενίζειν.
1581 3560 1674 3632 Μὴ
1723 3561 1864 3615 καθ-

291 3660 534 3716 autem»
556 3659 619 3712 τὸ
641 3657 840 3729 πτερὸν
861 3657 960 3728 τῆς
996 3655 1237 3719 διανοίας
1274 3654 1385 3709 τῶν
1434 3651 1864 3726 μετεωροπόρων

293 3753 662 3824 ίχνευμάτων,·
686 3751 766 3823 τῷ
795 3750 952 3821 βάρει
989 3749 1097 3802 τῶν
1129 3749 1414 3820 ἐπικήρων
1441 3747 1826 3820 διανοημάτων
1847 3761 1861 3776 ·

288 3845 576 3900 ἀκώλυτον
599 3843 698 3916 τὴν
726 3843 864 3914 πρὸς
887 3841 960 3894 τά
987 3840 1126 3896 ἄῦλα
1155 3829 1421 3894 διανυὲτω
1445 3839 1605 3894 τοῦτο
1625 3839 1827 3910 πτῆσιν
1846 3857 1860 3871 ο

287 3935 645 4010 ἀπερίκτυπα
680 3935 749 3988 τά
803 3936 903 4006 τῆς
946 3933 1127 4004 ψυχῆς
1171 3927 1288 3986 ὦτα
1331 3931 1426 3987 τοῦ
1458 3931 1569 3986 τῶν
1617 3926 1865 4004 ματαίων

288 4030 615 4100 διαμένοντα
643 4025 923 4098 θορύσων,
981 4027 1082 4098 τὴν
1127 4026 1241 4078 τῶν
1288 4023 1467 4088 eam;
1496 4024 1866 4096 ἑορταζόντων

289 4119 592 4192 ὲνηχείσθω
643 4119 864 4190 φωνήνο
915 4117 1016 4188 τῆι,
1045 4116 1306 4186 γλυκείας
1357 4116 1478 4169 τῶν
1510 4117 1568 4169 ὲν
1615 4117 1868 4188 οὐρανοῖς

290 4212 678 4282 ἀγαλλομένων
707 4208 1192 4280 ἀντιλαμϐανέσθω
1227 4205 1514 4278 μελῳδίας.
1549 4207 1661 4262 Καὶ
1715 4207 1860 4261 οὓτω

285 4307 396 4377 ’μὲν
421 4305 456 4376 ἡ
482 4303 594 4357 τῶν
614 4302 842 4356 δικαίων
871 4299 1240 4372 καρποφορὴ,
1283 4301 1378 4354 καὶ
1419 4299 1571 4372 παρά
1606 4300 1866 4372 τοιαύτης

297 4393 675 4470 μεγαλοφυοῦς
706 4393 1096 4466 προσαγομένη
1159 4390 1407 4464 γνώμης,
1451 4393 1550 4462 τῆς
1596 4392 1867 4464 καταλλή-

291 4491 388 4545 λου
412 4489 510 4544 τοῦ
537 4488 646 4542 τῶν
671 4487 808 4540 ὅλων
829 4485 963 4539 Θεοῦ
993 4483 1346 4551 καταξιοῠται
1371 4480 1664 4554 ἀποδοχῆς.

365 4585 428 4638 Ut
457 4581 514 4636 δὲ
564 4579 660 4634 τοῦ
698 4578 886 4646 γένους
935 4577 1481 4647 συμμετεσχηκότες,
1518 4577 1612 4630 καὶ
1660 4579 1718 4629 ὲν
1749 4580 1870 4642 ταῖς

293 4673 556 4743 εὐσήμοις
601 4669 680 4740 τῷ
722 4669 916 4740 δικαίῳ
970 4668 1555 4740 συγκαρποφοροῦντες
1611 4670 1830 4739 ἑορταῖς
1853 4709 1869 4733 ,

291 4767 357 4820 οὐ
389 4765 452 4818 τδ
475 4765 574 4836 τῆς
595 4761 844 4831 φιλοθέου
872 4759 1278 4832 μεγαλοψυχίας
1301 4761 1467 4814 αὑτοῦ
1495 4761 1870 4831 θαυμάζοντες

293 4859 579 4928 διάπυρον,
614 4855 694 4926 τῷ
733 4853 1128 4925 ὑπερϐάλλοντι
1176 4855 1232 4907 δὲ
1281 4853 1484 4925 ταύτης
1519 4853 1872 4922 ἃαφθονοῦν-

294 4965 418 5012 τες,
452 4947 618 5017 ἐθιμά
647 4963 770 5000 τινα
809 4944 1154 5014 προτείνουσι
1187 4944 1358 5014 αὐτῷ.
1390 4945 1460 4998 τὰ
1497 4946 1870 5016 καρποφορεῖν

295 5041 713 5110 ἀπαγορεύοντα
756 5038 913 5110 Θεῷ,
962 5038 1176 5109 ἀτέκνῳ
1214 5053 1275 5089 τε
1331 5038 1446 5091 δντι
1490 5039 1584 5090 καὶ¹
1614 5037 1873 5108 ἀκάρπῳ,

296 5133 397 5203 τῆς
439 5130 534 5186 τοῦ
565 5132 756 5199 γένους
790 5130 1140 5203 στερουμένῳ
1179 5129 1466 5199 διαδοχῆς.
1503 5131 1626 5184 Οὐκ
1669 5111 1877 5195 ἕξεὰτι

298 5223 411 5294 γάρ
438 5241 556 5286 σοι,
586 5224 751 5295 φησι,
778 5221 1206 5292 προσενεγκεῖν
1231 5223 1304 5276 τὰ
1329 5221 1506 5290 δῶρα.
1533 5223 1737 5277 καθότι
1765 5223 1878 5276 οὐκ

298 5315 595 5383 ἐποίησας
623 5313 861 5384 σπέρμα
893 5314 965 5367 ἐν
990 5312 1144 5379 υἱοῖς
1175 5310 1432 5380 Ἰσραήλ.
1463 5312 1618 5375 Τινὲς
1657 5311 1756 5378 μὲν
1778 5328 1880 5379 φα-

301 5421 421 5458 σιν’
473 5406 594 5460 vim
635 5403 842 5468 ἕξεστί
874 5418 975 5458 σοι
1019 5401 1255 5471 πρῶτον
1304 5402 1732 5473 προσενεγκεῖν
1758 5418 1772 5432 ·
1803 5401 1878 5465 ὡς

303 5563 535 5619 partem,
577 5551 718 5605 velut
760 5568 823 5608 cx
878 5553 1172 5609 abundanti
1217 5554 1403 5623 egenis
1436 5553 1708 5620 pnebeat:
1741 5553 1873 5620 0ῆέ-

303 5625 534 5695 νιηιιίιιιι
585 5635 758 5695 autem
815 5624 1080 5695 εὐνομίαο
1120 5634 1180 5678 ιιι
1219 5635 1365 5678 recta
1411 5625 1547 5694 lege.
1600 5639 1664 5677 ac
1720 5623 1868 5695 juxta

302 5694 444 5773 quod
479 5693 564 5773 lex
620 5693 970 5773 dividendum
1027 5696 1237 5773 statuit,
1273 5695 1755 5773 _pan_ca__qu:edam
1805 5693 1873 5746 de

304 5763 618 5820 melioribus
644 5763 876 5820 offerant
909 5783 921 5819 :
956 5775 1009 5818 ut
1034 5766 1102 5820 sit
1131 5766 1322 5820 allusio
1351 5768 1416 5820 ad
1448 5765 1578 5819 illud
1610 5763 1745 5819 ch.
1783 5779 1866 5827 ιιι,

1896 4481 1944 4540 D

1951 4581 1962 4595 '
2043 4579 2313 4634 Cteterum
2344 4574 2437 4646 qui
2488 4566 2706 4644 generis
2753 4567 3016 4624 afﬁnitate
3070 4564 3386 4636 conjuncti,
3427 4562 3552 4617 illu~

1964 3213 2120 3269 nobis
2142 3209 2489 3280 abjiciamus.
2523 3203 2832 3272 Dissipetur
2865 3200 3019 3269 longe
3051 3214 3078 3250 ιι
3108 3196 3360 3251 sensibus
3385 3191 3536 3245 turba

1965 3302 2299 3365 divitiarum,
2343 3309 2404 3353 ut
2435 3297 2580 3351 nullo
2625 3291 3025 3362 impedimento
3062 3288 3150 3341 Dei
3183 3289 3322 3342 dona
3357 3282 3532 3352 perci-

1965 3397 2133 3468 piant.
2168 3389 2363 3447 Procul
2395 3389 2668 3458 abigatur,
2699 3399 2819 3454 qua:
2865 3379 3064 3435 rationi
3112 3375 3350 3431 οσιιιιιιίι
3385 3385 3539 3428 teuc-

1964 3459 2112 3555 bras,
2149 3483 2572 3542 sollicitudinum
2597 3479 2789 3541 nubes,
2839 3483 2895 3527 ut
2937 3474 2991 3526 in
3021 3469 3194 3525 solum
3251 3459 3386 3538 pure
3432 3464 3539 3517 ful-

1966 3598 2150 3648 gorem
2183 3579 2398 3634 animus
2427 3572 2684 3630 immunis
2715 3572 2786 3624 ab
2841 3561 3223 3636 all‘ectionibus
3257 3557 3526 3614 intendat.

1963 3671 2046 3729 Ne
2098 3669 2298 3726 mentis
2327 3666 2411 3722 ala
2469 3660 2820 3734 cogitationis
2872 3667 3217 3712 terrenorum
3267 3648 3533 3730 gravitate

1967 3757 2304 3826 detrahatur,
2350 3767 2504 3812 utne.
2539 3752 2790 3810 sublimia
2816 3757 2998 3819 petat;
3049 3745 3279 3800 liberum
3331 3741 3397 3795 ad
3447 3755 3534 3792 res

1967 3853 2238 3923 apiritales
2263 3845 2500 3903 volatum
2539 3843 2758 3900 habent.
2804 3837 3008 3894 δοιιιιιε
3049 3833 3217 3890 animi
3265 3847 3426 3886 aures
3470 3832 3537 3882 ab

1967 3947 2314 4014 obstrepente
2360 3938 2598 3994 inanium
2651 3932 2881 3989 tumultu
2933 3945 3140 3991 rerum,
3187 3941 3376 3982 eorum
3422 3939 3546 3992 qua:

1968 4036 2286 4108 Spiritaliter
2333 4033 2680 4088 celebrantur
2730 4024 3030 4092 suscipiant
3100 4015 3548 4084 sonum;'dulee

1969 4128 2237 4185 modulata
2267 4139 2456 4181 eorum
2516 4121 2607 4192 qui
2656 4119 2708 4172 in
2765 4116 2920 4172 caelis
2981 4111 3276 4174 exsultant,
3332 4109 3542 4162 cantica

1969 4219 2290 4293 percipiant.
2322 4218 2400 4271 Ac
2436 4215 2508 4268 ita
2549 4211 2766 4282 quidem
2804 4207 3078 4277 justorum
3111 4201 3336 4264 oblatio,
3367 4215 3547 4268 exque

1969 4291 2256 4384 magnifica
2301 4304 2562 4376 ejusmodi
2593 4301 2834 4372 profecta
2899 4309 3099 4362 mente,
3153 4307 3448 4364 congruam
3479 4291 3550 4345 ab

1969 4403 2210 4460 omnium
2233 4398 2343 4455 Deo
2370 4394 2769 4464 susceptionem
2806 4397 3068 4444 meretur.

1973 4670 2264 4728 strioribus
2293 4665 2727 4723 solemnitatibus
2761 4677 2864 4717 una
2895 4677 3020 4718 cum
3043 4655 3192 4728 justo
3225 4655 3550 4719 offerebant,

1975 4761 2172 4817 nedum
2206 4759 2470 4830 religiosae
2503 4758 2620 4828 ejus
2649 4752 3070 4825 magniﬁcentia:
3119 4749 3343 4803 minime
3375 4745 3552 4800 admi-

1977 4853 2078 4908 rati
2119 4851 2426 4914 fervorem,
2476 4847 2572 4903 sed
2615 4852 2669 4900 et
2722 4845 2840 4914 ejus
2871 4840 3184 4912 prmstautia
3220 4837 3275 4892 in
3325 4836 3552 4890 livorem

1978 4945 2108 5010 acti,
2142 4943 2382 5014 legitima
2413 4939 2661 5011 qumdam
2710 4933 3006 5004 objiciunt,
3040 4929 3238 5002 quibus
3287 4929 3333 4982 is
3363 4926 3554 4998 prohi-

1975 5037 2199 5092 beretur
2248 5035 2358 5089 Deo
2393 5031 2628 5094 oll'erre,
2675 5027 2756 5082 uti
2821 5025 3030 5083 sterilis
3064 5038 3128 5078 ac
3183 5023 3306 5078 ﬁliis
3350 5021 3553 5082 orbus,

1975 5131 2177 5200 quique
2207 5127 2424 5199 generis
2444 5122 2792 5180 successione
2821 5128 3058 5175 careret.
3112 5115 3237 5170 Non
3269 5117 3428 5174 enim,
3475 5111 3558 5164 in-

1974 5222 2114 5292 quit,
2165 5219 2261 5274 tibi
2293 5219 2410 5271 licet
2458 5216 2649 5286 oﬂ'erre
2681 5228 2925 5276 munera,
2956 5227 3016 5264 eo
3045 5207 3187 5281 quod
3225 5223 3328 5261 non
3369 5201 3556 5272 feceris

1975 5325 2146 5364 semen
2196 5309 2252 5361 in
2306 5306 2435 5372 ﬁliis
2467 5303 2660 5358 Israel.
2710 5301 2943 5368 Quidam
2985 5311 3165 5354 tamen
3201 5295 3422 5352 codices
3453 5293 3554 5345 lia-

1979 5402 2148 5456 bent:
2188 5397 2309 5452 Non
2357 5397 2478 5450 licet
2512 5395 2607 5449 tibi
2638 5406 2691 5448 ιιι
2740 5395 2942 5464 primm
2993 5391 3186 5460 olferas
3213 5403 3232 5442 :
3265 5400 3375 5456 quo
3429 5399 3554 5439 eum

1983 5550 2083 5603 Ἃν
2117 5550 2192 5621 μὴ
2225 5549 2402 5622 ὀρθῶς
2434 5546 2639 5622 διέλῃς,
2672 5546 2922 5622 ἥμαρτες
2935 5559 2966 5622 °_
2987 5539 3047 5595 Si
3081 5556 3181 5593 non
3208 5547 3344 5622 recte
3375 5539 3555 5622 divise.-

1982 5623 2077 5682 νὴ,
2108 5608 2336 5691 percusti
2370 5608 2397 5674 Ξ
2435 5608 2746 5691 εἰιιιιῖεςνόὶ
2779 5608 3028 5691 εὐνομία,
3062 5625 3168 5691 non
3207 5617 3416 5664 tantum
3447 5608 3556 5663 ἀπὺ

1979 5680 2118 5754 τοῦ,’
2139 5692 2326 5761 νόμος,
2357 5680 2542 5745 verum
2561 5687 2724 5761 etiam
2750 5755 2761 5761 _
2786 5680 3035 5761 ἀπὸτοῦ,
3051 5680 3290 5761 νέμομαι
3311 5696 3324 5709 °
3377 5697 3554 5752 quan-

1967 5752 2145 5832 ἰιιιιιίιι
2173 5752 2370 5819 desunt
2395 5757 2642 5828 exempla
2675 5755 2831 5826 hujus
2861 5752 3210 5822 acceptiouis.
