3970 6212
301 230 436 296 13ίὸ

1291 251 1374 312 ΙΝ
1413 253 2000 318 CONCEPTIONEM
2037 259 2140 319 SS.
2183 259 2560 323 DEIP’ARJE.

3431 274 3566 340 I316

295 346 579 409 γέστατον,
605 345 663 399 τὸ
692 347 804 421 πῦρ
832 350 1038 407 ἀνωθεν
1070 353 1360 429 ἐπαφίησι,
1387 361 1456 414 τὰ
1485 363 1856 435 προσαγόμενι

1986 366 2236 422 videndis
2273 367 2368 423 Dei
2406 369 2566 424 donis
2621 373 2950 430 ostendisset
2973 415 2988 440 ,
3015 375 3137 443 jure
3171 380 3365 437 merito
3413 397 3468 438 ιιι
3499 404 3562 442 ea

298 435 400 502 μὲν
432 434 764 507 ὁλοκαυτῶν,
805 444 1018 516 φαιδρῷ
1059 446 1118 500 δὲ
1171 449 1250 520 τῷ
1289 452 1594 524 συνθήματι
1644 434 1752 527 τὴν
1783 457 1880 512 τοῦ

259 527 262 530 ’
293 523 673 592 προσάξαντος
701 533 1080 601 ἀνακηρύττον
1117 537 1482 612 δικαιοσύνην.
1529 543 1585 596 Ὀ
1619 544 1675 598 δὲ
1697 546 1881 612 ἄδικος

294 616 486 686 φανεὶς
527 620 660 690 περὶ
704 621 802 692 τὴν
833 624 942 677 τῶν
988 627 1422 701 ἀναφερομένων
1452 634 1740 708 διαίρεσιν,
1794 640 1878 693 δι-

291 709 464 773 καίως
517 711 619 781 τῆς
665 713 936 786 ἀποδοχῆς
992 719 1377 793 διαμαρτάνει..
1437 728 1512 781 Οὐ
1569 731 1730 801 μόνον
1768 731 1878 804 γὰρ

289 799 392 853 οὐκ
441 801 768 859 ἐπινεύοντα
813 807 1026 875 τούτοις
1077 813 1170 867 τὸν
1220 815 1562 874 δικαιότατον
1621 829 1877 880 κατανοεῖ

277 893 447 957 -Θεὸν,
482 895 620 950 ἀλλὰ
651 900 747 951 καὶ
778 905 1271 973 προσονειδίζοντα,
1294 911 1386 964 καὶ
1413 913 1599 984 τὸτῆς
1622 917 1876 988 πράξεως

289 986 491 1040 ἄτοπον
522 990 776 1062 φανερῶς
802 993 1166 1068 διελέγχοντα.
1199 1003 1338 1074 Φησὶ
1370 1003 1477 1078 γὰρ
1511 1007 1651 1077 πρὸς
1669 986 1872 1080 iam“?

282 1078 408 1129 Θῠκ
438 1076 731 1147 ἂν.ὀρθῶς
756 1085 1192 1158 προσενέγκῃς,
1222 1092 1410 1160 ὀρθῶς
1441 1076 1511 1149 δὲ
1528 1076 1613 1166 μὴ
1642 1076 1870 1169 διέλῃςί.

283 1171 361 1224 ’Σὺ
391 1172 490 1243 μὲν
522 1174 654 1246 γὰρ,
700 1180 890 1249 φησιν,
916 1175 970 1235 ὦ
1001 1185 1163 1251 Κάῖν,
1199 1186 1423 1259 εὔλογον
1454 1194 1699 1264 οἰόμενος
1733 1197 1872 1251 ἀπο-

272 1261 542 1332 οδεχθῆναί
575 1281 668 1318 σου
700 1267 798 1338 τὴν
832 1273 1172 1344 προσφορὰν,
1205 1280 1271 1348 τῇ
1317 1261 1620 1352 παροράσει
1667 1285 1872 1359 ταύτης

287 1355 385 1406 καὶ
409 1355 731 1426 ἀποπέμψει
764 1359 1194 1434 δυσανασχετεῖς
1217 1384 1232 1398 ⁶
1259 1371 1295 1440 ἡ
1325 1371 1404 1434 δὲ,
1429 1373 1506 1436 ὡς
1536 1375 1638 1428 οὐκ
1670 1355 1870 1447 εὐπρε-

283 1444 405 1508 πῶς
436 1445 684 1519 διῃρέθη,
713 1451 835 1504 οὐδὲ
879 1454 1055 1525 ὀρθῶς
1084 1461 1451 1534 προσηνέχθη.
1507 1468 1627 1520 οὐκ
1658 1467 1736 1522 ἂν

285 1536 473 1605 ὀρθῶς
504 1543 942 1613 προσενέγκῃς,
960 1548 1153 1617 ὀρθῶς
1198 1551 1268 1606 δὲ
1302 1555 1390 1624 μὴ
1436 1555 1664 1627 διέλῃς.
1711 1536 1868 1627 Τινές

285 1647 420 1699 φασι
452 1632 582 1703 περὶ
611 1633 720 1686 τῶν
756 1635 1184 1696 όλοκαυτοῦσθαι
1235 1645 1538 1715 μελλόντων
1568 1651 1727 1706 τοῦτο
1769 1653 1865 1707 θυ-

1984 454 2368 524 probarentur,
2398 458 2622 512 amittit.
2653 459 2858 516 Nedum
2888 466 3033 520 enim
3085 484 3189 522 non
3225 470 3290 526 iis
3321 487 3567 528 annuen-

1985 555 2094 600 tetn
2115 545 2256 602 videt
2274 548 2643 618 iustissimum
2669 552 2862 622 Deum,
2883 565 2940 609 ut
2960 567 3014 612 et
3032 561 3452 626 esprobrantem
3499 580 3566 622 ac

1981 635 2160 704 palam
2189 637 2419 702 facinus,
2458 655 2680 711 remque
2715 645 2974 700 absonam
3008 651 3193 704 audiat
3219 665 3560 722 arguentem.

1977 723 2070 779 Ait
2119 726 2262 781 enim
2302 729 2368 782 ad
2408 743 2530 784 eum
2562 747 2576 784 :
2613 729 2736 787 Non
2767 735 2949 804 utique
2987 749 3126 792 recte
3176 741 3406 808 oﬂ'eras,
3453 762 3558 799 non

1979 827 2116 872 recte
2158 827 2331 873 autem
2363 821 2570 876 dividas
2594 823 2635 878 ³.
2660 824 2738 878 Tu
2789 827 3043 896 quidem,
3083 830 3279 900 inquit,
3327 848 3361 888 o
3394 835 3557 901 Cain,

1979 908 2174 963 rationi
2215 924 2517 965 consonum
2563 924 2795 983 putans,
2848 927 2908 970 ut
2948 928 3036 973 tua
3080 933 3298 992 accepta
3357 927 3561 984 oblatio

1978 997 2265 1067 habeatur,
2319 1002 2629 1071 despectam
2690 1006 2997 1077 indignaris
3051 1018 3214 1080 atque
3257 1013 3559 1081 reiectant:

1975 1103 2162 1143 verum
2201 1089 2252 1144 in
2284 1106 2345 1146 ea
2375 1092 2634 1149 indecens
2668 1095 2770 1151 fuit
2817 1099 3032 1166 divisio,
3085 1105 3422 1175 proindeque
3456 1124 3556 1163 ne-

1973 1192 2080 1246 que
2109 1189 2256 1234 recta
2296 1180 2396 1234 fuit
2445 1181 2668 1237 oblatio.
2712 1182 2838 1240 Non
2887 1188 3028 1242 enim
3076 1201 3210 1245 recte
3257 1194 3509 1249 obtulerit
3538 1211 3561 1251 :

1974 1287 2077 1324 non
2132 1282 2270 1327 recte
2320 1285 2496 1330 autem
2553 1275 2817 1333 diviseris.
2852 1281 3022 1336 Aiunt
3068 1282 3260 1353 aiiqui,
3296 1300 3419 1341 esse
3452 1288 3558 1341 hoc

1973 1363 2176 1417 dictum
2207 1365 2276 1420 de
2325 1366 2566 1422 victimis
2593 1383 2714 1437 quae
2747 1376 3052 1428 cremanda:
3079 1387 3256 1430 erant.
3303 1378 3558 1447 Antiquis

1971 1455 2117 1508 enim
2164 1455 2216 1509 in
2261 1472 2411 1514 more
2459 1470 2602 1527 erat,
2637 1464 2778 1516 utin
2821 1464 2926 1517 duo
2970 1476 3242 1533 secantes,
3275 1468 3550 1524 frustatim

1970 1544 2279 1602 dividerent
2329 1549 2637 1608 oﬂ'erendas
2693 1554 3000 1610 victimas:
3037 1557 3166 1611 Cain
3226 1573 3353 1614 vero
3411 1562 3554 1617 haud

1970 1637 2102 1691 satis
2130 1653 2387 1708 .congrue
2437 1643 2620 1698 oblata
2678 1646 2972 1713 dividisse,
3024 1659 3190 1719 atque
3231 1653 3366 1706 adeo
3394 1657 3556 1708 aber-

286 1724 475 1791 μὰτων
536 1724 820 1797 λεχθῆναι.
890 1735 1313 1805 Διχοτομοῦντες
1395 1741 1505 1813 γὰρ
1571 1745 1856 1817 πρότερον¹

1959 1741 2119 1784 .rasse
2154 1729 2224 1785 ab
2257 1730 2467 1787 intento
2525 1734 2652 1790 ﬁne.
2687 1734 2889 1791 Verum
2919 1739 3020 1794 hoc
3068 1742 3258 1810 procul
3291 1744 3360 1797 ab
3395 1743 3550 1800 Scri-

281 1813 499 1886 διῄρουν
525 1819 666 1872 κατά
692 1821 858 1892 μόρια
877 1824 975 1889 τὰς
1003 1831 1428 1902 προσαγομένας
1449 1836 1499 1887 οἰ
1527 1813 1866 1893 παλαιοὶ-θυ-

283 1907 441 1972 σίας·
471 1910 548 1981 μὴ
576 1914 718 1968 κατά
742 1914 900 1985 λόγον
922 1917 980 1972 δὲ
1021 1921 1122 1992 τὴν
1167 1923 1436 1996 διαίρεσιν
1479 1929 1586 1983 τῶν
1622 1949 1864 2004 προσφε-

281 2000 531 2070 ρομένων
589 2006 923 2078 πεποιῆσθαι
951 2011 1044 2065 τὸν
1094 2015 1258 2082 Κάἲν,
1306 2019 1400 2073 καὶ
1432 2020 1522 2076 διά
1559 2023 1718 2079 τοῦτο
1769 2000 1863 2080 τοῦ

268 2093 487 2148 πκοποῦ
533 2095 876 2171 διαμαρτεῖν.
908 2103 1082 2158 Τοῦτο
1119 2106 1175 2160 δὲ
1224 2108 1414 2187 πόρρω
1437 2115 1537 2184 τῆς
1579 2115 1865 2189 Γραφικῆς

260 2186 619 2257 ,καθέστηκεν
659 2191 942 2263 ἀληθείας.
992 2197 1065 2252 οὐ
1110 2199 1215 2270 γάρ
1247 2186 1553 2266 ζωοθυσίαν
1593 2186 1733 2280 αὕτη
1764 2186 1864 2281 την

269 2277 372 2331 τοῦ
410 2280 551 2334 Κάῖν
594 2285 935 2357 προσφορὰν,
979 2288 1116 2344 ἀλλά
1151 2292 1252 2362 τῆς
1293 2295 1352 2347 ἐν
1389 2300 1546 2367 χερσὶ
1579 2277 1863 2370 καρποφο-

257 2370 404 2440 «ρίας
451 2374 714 2458 ἀπαρχὴν
758 2374 902 2434 εἷναί
945 2399 1130 2453 φησιν.
1202 2387 1474 2458 Ἐγένετο
1520 2391 1631 2461 γὰρ
1680 2394 1862 2449 Ἅϐελ

253 2451 505 2533 ςποιμῆν
533 2469 848 2536 προϐάτων
868 2488 882 2500 ·
905 2451 1060 2529 Ka'i‘r
1088 2475 1160 2530 δὲ
1326 2451 1716 2553 ἐργαζόμενος
1747 2487 1863 2558 τὴν

274 2554 394 2625 γῆν
413 2575 425 2587 ’
450 2560 549 2613 καί
589 2561 808 2632 ἤνεγκε
841 2567 990 2621 Κάιν
1019 2569 1139 2624 ἀπὸ
1166 2571 1287 2626 τῶν
1324 2575 1574 2644 καρπῶν
1603 2577 1716 2648 τῆς
1747 2554 1862 2651 τῆς

277 2651 501 2704 θυσίαν
525 2651 610 2718 τῷ
633 2654 788 2720 Θεῷ·
816 2659 914 2712 καί
948 2661 1131 2717 Ἅϐελ
1155 2663 1374 2736 ἤνεγκε
1406 2668 1506 2723 καὶ
1530 2670 1716 2739 αὐτὸς
1739 2673 1858 2728 ἀπὸ

256 2738 401 2793 ττῶν
448 2747 865 2810 πρωτοτοκιαη·
907 2748 1028 2806 τῶν
1051 2755 1364 2821 προϐάτων
1402 2759 1589 2815 αὑτοῦ
1619 2762 1861 2819 καὶτῶν

260 2831 546 2888 -στεὰτων
571 2838 779 2894 αὑτοῦ.
807 2841 872 2894 Τί
895 2837 990 2896 οὗν
1012 2845 1160 2902 ἐστιν
1180 2863 1195 2878 ·
1227 2850 1348 2903 Οὐκ
1369 2849 1446 2906 ἂν
1464 2851 1649 2921 ὀρθῶς
1674 2871 1860 2925 προσ-

261 2920 556 2993 ςενέγκῃς,
607 2927 795 2995 ὀρθῶς
844 2931 914 2985 δὲ
941 2933 1028 3004 μὴ
1059 2935 1297 3008 διέλῃςς
1354 2942 1419 2996 Ὃ
1451 2920 1602 3013 λέγει
1647 2920 1859 3002 τοιοῦτό

266 3016 424 3069 ἐστιν
451 3033 464 3047 ·
487 3019 560 3071 Οὐ
594 3020 817 3095 δυνήσῃ,
843 3028 1029 3097 φησὶν,
1059 3030 1234 3100 ὀρθῶς
1267 3037 1623 3108 προσφέρειν»
1657 3039 1752 3096 ἐὰν
1783 3041 1858 3114 μὴ

271 3107 543 3179 πρότερον
588 3111 765 3182 ὀρθῶς
801 3115 1006 3190 διὲλῃς.
1061 3120 1128 3172 Τί
1160 3121 1216 3174 δέ
1245 3124 1394 3180 ἐστιν
1427 3107 1604 3198 ὀρθῶς
1631 3107 1855 3201 sese;

267 3195 347 3248 Τὸ
409 3199 552 3252 κατὰ
594 3199 752 3269 λόγον
793 3204 1144 3277 ἐπιμερίσαι·
1185 3211 1248 3264 τὸ
1295 3215 1396 3283 τὴν
1444 3195 1710 3289 διαίρεσιν
1761 3195 1859 3278 καί

272 3285 506 3358 ἐκλογὴν
538 3289 648 3342 τῶν
679 3297 1111 3366 προσαγομένων
1141 3299 1263 3372 Θεῷ
1297 3285 1642 3376 ποιούμενον,
1677 3311 1752 3383 μὴ
1787 3316 1854 3385 τῇ

269 3380 451 3451 οἰκεία
486 3381 556 3433 τά
583 3383 847 3439 κάλλιστα
881 3390 1082 3460 μερίδι,
1107 3393 1258 3465 αὐτῷ
1289 3394 1347 3449 δὲ
1368 3396 1437 3451 τά
1468 3380 1721 3472 χείριστα
1739 3380 1855 3462 sta:

268 3473 600 3544 τακληροῦν.
632 3476 694 3531 Εἰ
725 3477 834 3549 γὰρ
876 3480 1156 3552 ἄνθρωποι
1190 3488 1383 3542 κοινῶν
1408 3507 1572 3546 τινων
1599 3496 1682 3559 εἰς
1715 3497 1855 3553 διαί-

275 3581 428 3635 ρεσιν
459 3567 788 3638 χρημάτων,
818 3571 910 3626 τὸν
957 3575 1204 3652 ἰσονομίᾳ
1232 3582 1500 3637 ποιεῖσθαι
1529 3585 1702 3640 ταῦτα
1741 3583 1855 3644 οἶόν

268 3673 328 3708 τε
351 3657 488 3711 ὄντα
521 3659 872 3732 ἐκλεγόμενοι
925 3668 1303 3740 προκρίνουσι,
1341 3675 1432 3728 καὶ
1467 3676 1565 3748 τῆς
1608 3679 1854 3752 ἰσότητος

266 3747 376 3800 τῶν
410 3748 784 3820 μεριζομένων
831 3759 1319 3833 παρατρεπόμενον
1360 3747 1705 3824 ἀπωθοῦνται
1744 3747 1852 3826 ’καὶ

267 3840 679 3912 ἀποπέμπουσι,
715 3846 834 3912 πῶς
857 3850 923 3904 ἂν
949 3851 982 3904 ό
1006 3852 1114 3907 τῶν
1142 3855 1279 3909 ὅλων
1309 3857 1462 3927 Θεὸς,
1495 3861 1603 3915 τῶν
1630 3865 1850 3921 οἰκείων

262 3931 608 4004 δωρημάτων
650 3939 834 3994 ἄνισον
867 3944 1005 4015 ὁμοῦ
1065 3948 1160 4001 καὶ
1204 3949 1390 4006 ἄδικον
1425 3957 1729 4026 ,γενόμενον
1758 3959 1849 4014 τὸν

266 4026 407 4079 Κάῐν
438 4029 722 4099 μεριστὴν,
754 4031 786 4104 ἢ
820 4035 1184 4106 προσεδέξατο
1216 4041 1641 4115 ἀνεξελέγκτως,
1671 4050 1702 4120 ἢ
1734 4055 1849 4116 τοῖς

264 4117 475 4171 ἐκείνου
513 4121 692 4175 ἐπεῖδε
737 4123 974 4196 δὼροις;
1025 4128 1186 4201 Ἐμά,
1233 4135 1420 4203 φησὶν,
1483 4131 1528 4190 ὦ
1564 4117 1726 4206 Κὰἳν,
1776 4143 1847 4198 τά

262 4209 470 4262 πάντα·
505 4211 605 4282 τῆς
646 4214 787 4284 ἐμῆς
813 4215 985 4270 ταῦτα
1009 4219 1341 4291 κηδεμονίας
1375 4225 1706 4297 δωρήματα·
1736 4230 1844 4286 τῶν

260 4297 410 4366 ἐμῶν
440 4301 755 4373 ,οἰκτιρμῶν
801 4305 1239 4379 εὐεργετήματα.
1304 4313 1576 4369 Κοινωνόν
1627 4334 1688 4370 σε
1749 4315 1843 4373 οὖν

1967 1828 2144 1890 ptum
2175 1823 2415 1880 veritate
2446 1825 2620 1882 abest.
2651 1826 2740 1882 Ait
2769 1830 2913 1884 enim
2953 1830 3066 1898 illa,
3098 1832 3358 1888 obtulisse
3393 1834 3552 1902 Cain,

1966 1928 2072 1967 non
2103 1915 2352 1970 victimas
2375 1930 2443 1970 ex
2468 1917 2827 1984 animalibus,"
2852 1922 2944 1977 sed
2974 1925 3243 1993 primitias
3278 1924 3550 1982 fructuum

1965 2004 2319 2058 manualium.
2362 2003 2494 2063 Fuit
2559 2011 2698 2064 enim
2752 2011 2880 2065 Abel
2921 2023 3107 2082 pastor
3163 2018 3372 2084 ovium,
3409 2017 3551 2074 Cain

1964 2104 2138 2150 autem
2169 2107 2284 2152 erat
2320 2115 2565 2155 exercens
2596 2111 2814 2160 terram.
2839 2107 3040 2160 Obtulit
3087 2123 3261 2164 autem
3304 2111 3439 2166 Cain
3484 2115 3550 2167 de

1963 2187 2222 2256 fructibus
2253 2199 2407 2246 terra
2431 2194 2758 2262 sacriﬁcium
2796 2195 2945 2262 Deo;
2977 2199 3108 2252 Abel
3135 2217 3338 2273 quoque
3361 2203 3547 2257 obtulit

1960 2288 2010 2333 et
2050 2281 2159 2347 ipse
2201 2286 2265 2336 de
2302 2285 2664 2355 primogenitis
2719 2291 2891 2358 gregis
2933 2291 3040 2356 uti,
3095 2305 3144 2345 et
3191 2296 3255 2348 de
3303 2295 3547 2362 adipibus

1960 2388 2140 2426 eorum
2167 2374 2211 2430 ⁸.
2261 2374 2404 2442 Quid
2467 2394 2599 2449 ergo
2656 2381 2758 2435 sibi
2810 2381 2966 2438 vult:
3003 2381 3126 2438 Non
3182 2388 3364 2456 utique
3414 2397 3550 2442 recte

1961 2463 2177 2532 o/feras,
2200 2481 2302 2521 non
2325 2478 2461 2522 recte
2486 2481 2660 2524 autem
2692 2472 2937 2527 dividas?
2960 2475 3113 2542 Quod
3145 2477 3248 2542 ait,
3277 2478 3543 2543 ejusmodi

1958 2569 2077 2611 est:
2108 2557 2320 2628 Nequit,
2357 2560 2553 2632 inquit,
2577 2565 2732 2636 ﬁeri,
2755 2574 2812 2620 ut
2840 2576 2987 2622 recte
3013 2567 3232 2636 oll‘eras,
3269 2571 3370 2623 nisi
3396 2573 3548 2640 prius

1960 2658 2108 2704 recte
2141 2651 2417 2710 diviseris.
2467 2656 2606 2723 Quid
2643 2672 2776 2713 vero
2819 2669 2905 2714 est
2962 2671 3109 2715 recte
3144 2661 3425 2717 dividere?
3451 2661 3548 2718 Ni-

1960 2742 2158 2798 mirum
2185 2761 2336 2815 aqua
2366 2749 2577 2806 ratione
2607 2754 2797 2821 partiri
2821 2769 2834 2807 :
2858 2763 2914 2808 ut
2935 2754 2981 2809 is
3013 2756 3102 2824 qui
3133 2754 3243 2810 Deo
3272 2756 3543 2814 oll‘erenda

1959 2839 2150 2895 dividit
2198 2843 2526 2916 deligitque,
2591 2863 2696 2902 non
2753 2864 2866 2905 sua:
2921 2851 3099 2921 ipsius
3152 2854 3290 2923 parti
3339 2856 3544 2922 optima

1959 2931 2210 3003 deputet,
2275 2936 2385 2992 Deo
2432 2950 2612 2995 autem
2661 2943 2919 3011 pessima.
2969 2943 3105 2999 Nam
3158 2947 3203 3001 si
3256 2948 3543 3014 homines,

1961 3024 2339 3081 communibus
2388 3030 2633 3098 pecuniis
2667 3033 2954 3088 occasione
2992 3035 3175 3105 aliqua
3209 3037 3541 3104 dividendis,

1961 3130 2082 3171 eum
2110 3119 2375 3175 arbitrum
2411 3123 2708 3191 prmferunt
2740 3135 2902 3196 atque
2931 3127 3162 3199 eligunt,
3195 3131 3284 3201 qui
3317 3134 3546 3203 aequali-

1962 3215 2072 3262 tate
2113 3210 2358 3266 dividere
2407 3215 2611 3282 possit,
2641 3232 2876 3289 euntque
2925 3222 3192 3290 repellunt
3247 3239 3309 3277 ac
3353 3223 3545 3292 iubent

1958 3296 2248 3366 facessere,
2284 3303 2376 3371 qui
2435 3304 2672 3362 deﬂectit
2718 3319 2778 3363 ut
2827 3326 2894 3365 ne
2940 3313 3254 3381 aequalitate
3300 3317 3542 3372 dividat:

1959 3405 2062 3460 qua
2099 3393 2311 3449 ratione
2346 3394 2724 3452 universorum
2777 3401 2918 3457 Deus
2976 3403 3060 3457 vel
3109 3407 3359 3474 accipere
3397 3411 3544 3466 nulia

1958 3483 2403 3551 reprehensione,
2452 3487 2698 3557 iniquum
2748 3490 3122 3564 injustumque
3155 3510 3378 3551 suorum
3419 3517 3542 3553 mn-

1956 3588 2147 3629 nerum
2195 3576 2491 3633 divisorem
2549 3581 2702 3645 Cain,
2732 3583 2817 3636 vel
2847 3584 2914 3638 ad
2959 3585 3078 3655 ejus
3119 3588 3388 3656 respicere
3425 3609 3541 3644 tnu-

1955 3678 2086 3720 nera
2135 3669 2437 3738 potuisset?
2483 3669 2639 3741 Mea,
2683 3674 2893 3744 inquit,
2929 3687 3076 3744 sunt,
3112 3693 3144 3733 ο
3199 3678 3356 3746 Cain,
3413 3686 3540 3736 nni-

1954 3771 2109 3812 versa
2144 3781 2156 3814 :
2187 3761 2542 3830 providentia:
2581 3781 2714 3820 meae
2761 3776 2888 3821 sunt
2941 3785 3166 3826 munera
3203 3789 3218 3826 :
3249 3788 3381 3828 mea:
3415 3785 3542 3832 sunt

1952 3847 2341 3906 misericordia:
2378 3851 2662 3910 beneﬁcia.
2714 3857 2770 3911 In
2799 3873 2988 3914 eorum
3034 3877 3165 3932 ergo
3196 3874 3246 3919 te
3293 3881 3540 3922 commu-

1952 3941 2170 3996 nionem
2208 3945 2408 4014 ascivi,
2444 3962 2549 4002 non
2583 3960 2802 4020 propter
2835 3955 3250 4011 retributionem
3285 3973 3536 4028 Operutn,

1949 4033 2044 4086 sed
2103 4046 2322 4104 protiter
2383 4037 2554 4093 solam
2618 4042 2986 4102 clementiam.
3065 4048 3331 4119 Equidem
3409 4069 3538 4110 vero

1948 4135 2134 4176 eorum
2170 4125 2282 4194 ipse
2327 4139 2550 4197 accepto
2579 4132 2872 4201 primitias,
2917 4152 3022 4190 non
3060 4141 3186 4208 quia
3220 4156 3353 4210 egeo
3380 4145 3535 4212 quid-

1947 4227 2144 4283 quam,
2195 4219 2286 4272 sed
2327 4222 2453 4290 quia
2484 4223 2672 4279 salutis
2705 4237 2810 4282 tua:
2854 4227 3125 4286 desiderio
3159 4241 3383 4300 tenear;
3425 4252 3532 4291 non

1948 4306 2042 4373 ita,
2082 4319 2141 4363 ut
2186 4313 2356 4380 aquis
2406 4318 2653 4383 partibus
2687 4318 2905 4388 jubeant
2959 4321 3123 4377 dividi
3160 4339 3278 4393 qua:
3316 4327 3534 4383 fuerunt

255 4388 482 4457 τούτων,
524 4393 584 4446 οὐ
624 4393 694 4448 δι’
744 4395 924 4466 ἔργων
971 4400 1229 4473 ἀμοιϐὴν,
1264 4403 1398 4458 ἀλλά
1423 4404 1511 4460 διὰ
1546 4407 1716 4480 μόνην
1748 4427 1844 4463 πε-

1958 4414 2206 4456 concessa
2230 4442 2245 4466 ,
2275 4406 2368 4458 sed
2404 4415 2460 4460 ut
2494 4410 2664 4463 animi
2699 4411 2772 4465 tui
2811 4414 3126 4483 religionem
3159 4431 3224 4470 ex
3259 4420 3530 4486 primitia-

257 4479 463 4550 ποίηκα
494 4484 930 4557 φιλανθρωπίαν.
967 4491 1076 4545 Καὶ
1105 4493 1311 4549 τούτων
1344 4497 1445 4566 μὲν
1478 4498 1734 4570 ἀνενδεὴς
1766 4499 1842 4554 ῶν

254 4571 388 4640 ἐγὼ,
420 4574 522 4644 τῆς
554 4578 652 4648 σῆς
682 4579 738 4633 δὲ
763 4584 1040 4655 σωτηρίας
1063 4587 1416 4660 ὲπιδεόμενος
1444 4591 1702 4666 ἀπαρχὰς
1727 4596 1841 4649 εἰσ·

250 4661 480 4736 δέχομαι
504 4680 518 4694 ⁸
556 4668 654 4723 οὐκ
692 4671 890 4744 ἐπίσης
926 4679 995 4748 τῇ
1036 4679 1292 4752 ποσότητι
1320 4681 1390 4736 τὰ
1422 4661 1840 4756 παρασχεθέντα

252 4768 336 4804 σοι
368 4755 687 4826 μερίζεσθαι
736 4764 1114 4834 προστάττων,
1149 4769 1248 4840 τῆς
1295 4763 1395 4842 σῆς
1439 4755 1752 4845 δὲίγνώμης
1778 4778 1839 4830 τὸ

249 4841 499 4910 φιλόθεον
525 4847 615 4901 διὰ
643 4851 753 4903 τῶν
785 4853 1186 4927 ἀπαρχομένων
1213 4841 1490 4932 ἐπιζητῶν
1513 4841 1717 4918 ’σοὶ-δέ
1731 4867 1842 4921 τῶν

248 4931 402 5000 ἐμῶν
444 4935 670 5003 ἀγαθῶν
720 4941 1080 4998 ὲναπολαύειν
1114 4931 1534 5020 παρασχόμενος
1569 4951 1702 5022 ἐγὼ,
1748 4957 1841 5009 καὶ

247 5022 310 5075 σὲ
359 5025 550 5098 κύριον
611 5030 708 5102 τῆς
755 5033 863 5087 τῶν
917 5037 1341 5111 ἀναφερομένων
1386 5059 1476 5113 μοι
1523 5043 1839 5117 διαιρέσεως

240 5121 722 5191 προστησάμενος,
773 5128 942 5181 κακὸν
982 5132 1112 5201 περί
1151 5133 1243 5186 τὸν
1284 5135 1587 5208 εὐεργέτην
1641 5132 1835 5208 εὗρον·

242 5209 542 5279 ἀχάριστον
584 5215 721 5285 πρὸς
747 5219 846 5288 τὴν
871 5219 980 5275 τῶν
1010 5222 1232 5286 ἀγαθῶν
1261 5226 1524 5294 ἀφθονίαν
1545 5270 1559 5295 ,
1593 5233 1830 5304 πονηρὸν

239 5297 340 5369 τὴν
369 5299 634 5374 διαίρεσιν
659 5305 762 5375 τῆς
790 5310 1067 5381 ἁπαρχῆς.
1092 5315 1204 5368 Καὶ
1245 5316 1448 5389 ταύτην
1489 5319 1598 5391 γὰρ
1645 5322 1832 5376 ποιού-

243 5407 442 5459 μενος,
499 5396 726 5460 ἀναξίαν
767 5399 860 5452 τοῦ
921 5402 1219 5473 δωροδότου
1268 5411 1602 5481 πεποίησαι·
1647 5413 1828 5486 σαυτῷ

241 5479 366 5552 μὲν,
421 5483 499 5546 ὠς
547 5485 616 5538 τὰ
665 5489 913 5557 πλείονα,
971 5491 1116 5547 οὓτω
1147 5498 1241 5551 καὶ
1284 5498 1352 5552 τά
1394 5479 1681 5571 κρείττονα
1718 5479 1827 5559 τῶν

307 5648 328 5678 ³
372 5655 510 5712 Gen.
545 5675 618 5726 ιν,
651 5661 705 5715 7.
784 5665 805 5695 ⁴
842 5663 976 5719 Gen.
1018 5681 1091 5732 tv,
1121 5669 1174 5723 2.

1947 4507 2064 4546 rum
2103 4495 2378 4551 oblatione
2432 4500 2729 4568 requiram.
2775 4503 3090 4572 Enimvero,
3121 4509 3211 4579 qui
3265 4526 3384 4567 mea
3436 4513 3529 4573 tibi

1945 4585 2082 4639 bona
2136 4585 2367 4644 fruenda
2400 4593 2752 4663 praebuerint,
2810 4607 2970 4669 teque
3004 4600 3286 4657 divisionis
3314 4620 3526 4673 eorum,

1942 4691 2063 4746 quae
2090 4677 2362 4737 oll'erenda
2388 4696 2572 4742 essent
2595 4691 2972 4746 constituerim
2996 4695 3296 4761 dominum,
3326 4698 3527 4754 malum

1941 4769 2123 4826 inveni
2171 4773 2225 4828 in
2264 4775 2563 4834 beneﬁcum
2602 4799 2617 4834 :
2652 4783 2922 4854 ingratum
2965 4802 3066 4855 pro
3118 4788 3274 4844 bonis
3321 4791 3526 4848 aﬂ‘atitn

1941 4861 2172 4929 collatis,
2204 4880 2433 4935 nequam
2460 4871 2512 4924 in
2549 4872 2854 4930 dividendis
2888 4877 3167 4946 primitiis.
3206 4880 3417 4954 Quippe
3447 4887 3529 4941 di-

1941 4954 2128 5011 videns
2160 4959 2378 5029 indigne
2425 4977 2524 5032 pro
2556 4979 2841 5022 munerum
2891 4971 3166 5041 largitoris
3203 4977 3415 5034 ratione
3445 4979 3527 5034 fe-

1940 5047 2095 5115 cisti;
2142 5050 2235 5120 qni
2288 5053 2380 5107 tibi
2433 5055 2583 5124 ipse,
2614 5059 2689 5112 uti
2727 5059 2918 5130 plura,
2961 5064 3042 5120 sic
3074 5075 3128 5120 et
3155 5070 3369 5138 potiora
3405 5087 3525 5125 mu-

1939 5152 2131 5194 nerum
2182 5144 2446 5200 obstricta
2505 5148 2776 5219 volueris;
2839 5170 2925 5210 me
2985 5169 3167 5214 autem
3235 5162 3527 5219 oblationis

1939 5233 2203 5288 surditate
2237 5240 2629 5297 contumeliose
2670 5244 2946 5305 habueris.
3013 5249 3139 5307 Huic
3195 5269 3358 5323 porro
3408 5271 3518 5311 non

1939 5323 2116 5378 aliena
2161 5327 2230 5382 ab
2261 5329 2512 5388 instituto
2548 5335 2695 5392 dicta
2724 5351 2870 5408 sunt,
2907 5345 3003 5397 sed
3040 5345 3105 5398 ad
3141 5346 3478 5414 probandum
3503 5387 3520 5415 ,

1939 5416 2040 5484 pia.-
2087 5423 2268 5487 potius
2311 5422 2634 5499 voluntatis,
2669 5432 2930 5486 virtutum
2977 5435 3325 5491 exnberantis
3353 5436 3520 5508 frugi-

1940 5511 2038 5565 bus
2067 5525 2264 5571 munus
2295 5531 2416 5574 esse
2439 5558 2455 5585 ,
2501 5532 2558 5574 ut
2596 5523 2735 5578 Deus
2772 5524 2948 5580 oblata
2981 5536 3242 5597 praeoptet
3281 5543 3344 5582 ac
3393 5545 3520 5601 pro-
