3970 6212
675 91 732 136 κ
1105 107 1130 161 i
1371 92 1425 161 /

1116 158 1149 174 κ
1196 165 1339 181 _,__..—

413 267 551 332 1347
1545 267 1874 329 GEORGII
1914 266 2508 328 NICOMEDIENSIS
3544 259 3690 325 1348

417 381 543 442 bet.
575 393 737 450 quam
770 376 1013 434 fecundae
1036 377 1104 433 ad
1136 376 1343 447 prolem
1380 375 1554 432 vulva:
1591 387 1987 449 argumentum.

2103 377 2433 448 Βωρημάτων
2465 375 2857 445 ἐγκατέλεξας·
2888 375 2996 445 ἐμὲ
3019 374 3076 428 δὲ
3129 377 3195 446 τῇ
3226 374 3326 444 τῆς
3361 376 3692 444 προσφορᾶς

417 453 720 538 ἐνύϐρισας
767 464 1124 536 μικροψυχίᾳ.
1184 465 1295 519 Ka‘t
1353 464 1528 519 ταῦτα
1589 466 1688 538 μὲν
1775 457 1910 539 ἡμῖν
1962 469 2022 522 ού
2063 471 2358 543 παρέργως
2419 471 2674 546 εἴρηται,
2732 470 2822 524 διὰ
2877 469 2935 524 δὲ
2981 470 3044 522 τὸ
3131 469 3302 534 δεῖξαι
3366 468 3687 538 βούλεσθαι,

416 557 788 631 προαιρέσεως
836 555 1085 625 φιλοθέου
1130 555 1351 626 μᾶλλον,
1402 557 1613 629 ἀρετῶν
1657 558 1997 632 εὐθηνούσης
2045 563 2470 634 καρποφορίαις,
2539 563 2639 632 τὴν
2664 562 2773 616 τῶν
2808 561 3236 633 ἀναφερομένων
3277 559 3512 630 ἐκλογὴν
3539 555 3692 614 εἶναι

416 654 511 707 καὶ
534 649 825 721 ἀποδοχὴν,
855 649 890 722 ἢ
916 649 1264 720 τεκνογονίας
1293 651 1570 724 ἀφορμήν.

486 743 596 798 Nec
641 743 692 797 id
754 743 884 797 vitio
917 743 1272 808 vertendum,
1322 753 1382 798 ut
1426 746 1682 820 brevitati
1717 747 1998 804 studentes

417 837 631 892 silentio
667 843 1074 904 praetereamus,
1106 851 1213 905 qua
1253 838 1534 900 Abraham
1572 839 1883 908 patriarcha
1918 856 2000 895 ra-

421 931 604 991 tione,
653 928 881 982 necdum
925 927 1191 996 susceptis
1241 929 1461 993 liberis,
1511 944 1744 998 quorum
1805 929 1985 986 fetura

417 1031 541 1068 veru
571 1013 665 1070 Dei
699 1015 963 1082 promissa
989 1014 1254 1084 implenda
1285 1019 1504 1082 erant“,
1529 1027 1583 1073 et
1602 1029 1996 1089 pracexstruxe-

417 1106 490 1160 rit
518 1106 710 1168 altare,
744 1120 808 1162 ac
837 1119 1024 1175 postea
1054 1105 1310 1177 iubeatur
1340 1107 1823 1166 celebratissimum
1859 1111 1992 1167 illud

423 1197 748 1252 sacrificium
777 1195 962 1251 facere
985 1213 998 1250 :
1019 1195 1184 1252 Sume
1210 1199 1378 1264 enim,
1411 1201 1601 1268 inquit,
1635 1200 1760 1254 mihi
1781 1217 1990 1258 vaccam

419 1291 698 1356 triennem,
730 1298 776 1342 el
812 1289 1028 1342 arietem
1059 1307 1320 1360 annorum
1356 1293 1515 1346 trium
1533 1294 1573 1359 ⁸,
1610 1292 1822 1364 aliaque
1853 1295 1994 1366 ejus-

420 1381 565 1437 modi
590 1381 818 1452 juhetur
839 1380 1098 1452 colligere
1124 1383 1190 1437 ad
1218 1383 1518 1440 bolocausti
1547 1395 1886 1456 apparatum.
1909 1389 1992 1443 Ad

422 1473 540 1527 haec
580 1473 767 1540 etiam,
803 1487 938 1542 quas
965 1473 1099 1542 justi
1146 1473 1236 1528 alii
1264 1515 1281 1542 ,
1313 1491 1421 1530 non
1456 1477 1725 1548 susceptis
1753 1479 1994 1548 prolibus

419 1565 728 1622 oblationes
763 1563 1007 1619 fecerunt
1041 1583 1054 1618 :
1102 1565 1435 1622 sacriﬁcium
1472 1567 1598 1623 illud
1625 1569 1767 1639 quod
1795 1569 1995 1626 Mamre

2168 749 2280 802 Καὶ
2307 749 2626 804 καταλιπεῖν
2671 750 2732 802 οὐ
2781 749 3061 820 μεμπτέον
3111 745 3201 801 διὰ
3229 747 3288 800 τὸ
3332 747 3699 818 συμμετρίις

2097 838 2456 908 στοχάζεσθαι
2518 839 2608 894 τὸν
2665 839 2826 907 λόγον
2846 855 2876 904 ,ε
2913 840 3063 902 ὅπως
3131 853 3191 890 τε
3249 840 3278 891 ὁ
3331 837 3700 908 πατριάρχης

2106 928 2358 1000 Ἀϐρααμ
2402 930 2512 1002 πρὸ
2555 931 2938 1000 τεκνογονίας,
2989 930 3058 984 δι’
3083 925 3151 1003 ἦς
3179 928 3288 982 ἔδει
3325 929 3397 982 τὰ
3431 927 3700 998 ἀψευδῶς

2093 1020 2542 1092 ἐπαγγελλόμενα
2587 1022 2966 1099 πληροῦσθαι,
3003 1022 3099 1076 καὶ
3124 1021 3524 1090 θυσιαστήριον
3557 1035 3700 1091 προ-

2095 1114 2444 1184 ῳκοδόμησε,
2491 1113 2588 1168 καὶ
2616 1115 2714 1184 τὴν
2749 1113 3038 1186 διαϐόητον
3077 1114 3296 1184 ἐκείνην
3325 1111 3468 1183 μετά
3504 1110 3698 1164 ταῦτα

2097 1207 2498 1276 προστάττεται
2541 1209 2718 1261 ποιεῖν
2767 1207 2982 1262 θυσίαν.
3025 1207 3184 1262 Λάϐε
3223 1222 3324 1276 μοι
3355 1205 3488 1274 γὰρ,
3527 1204 3698 1275 φησὶ

2097 1295 2359 1367 δάμαλιν
2389 1297 2819 1368 τριετίζουσαν,
2847 1299 2947 1354 καὶ
2971 1299 3143 1369 κριὸν
3165 1296 3556 1367 τριετίζονω,
3601 1296 3699 1348 καὶ

2098 1387 2201 1442 ὅσα
2252 1388 2475 1443 τοιαῦτα
2515 1389 2653 1461 πρὸς
2699 1391 3060 1460 παρασκευὴν
3111 1389 3209 1458 τῆς
3255 1385 3698 1447 ὁλοκαυτώσεως

2100 1481 2475 1551 ἐπισυλλέγειν
2500 1481 2807 1538 κελεύεται.
2836 1481 2982 1554 Πρὸς
3009 1479 3223 1543 τούτοις
3252 1479 3348 1532 καὶ
3371 1478 3485 1531 τῶν
3507 1476 3698 1532 ἄλλων

2099 1571 2324 1628 δικαίων
2353 1573 2452 1636 τὰς
2475 1574 2536 1627 ἐν
2554 1571 2784 1644 ἀπαιδίᾳ
2821 1570 3237 1643 καρποφορίαις⁹
3263 1571 3364 1640 τήν
3387 1585 3452 1621 τε
3480 1565 3698 1622 Ma.on

424 1673 586 1728 supra
639 1666 845 1727 petram
890 1656 1075 1726 jussus
1119 1657 1390 1724 obtulit';
1440 1673 1547 1728 que
1605 1661 1856 1729 tandem,
1887 1677 1994 1719 una

2103 1664 2292 1718 θυσίαν
2334 1663 2427 1718 ἐπὶ
2469 1665 2568 1736 τὴν
2613 1664 2824 1735 πέτραν
2856 1661 3318 1730 τελεσιουγεῖσθαι
3347 1676 3698 1730 προσταττο-

427 1750 541 1818 ipse
576 1763 698 1804 cum
741 1748 916 1803 sterili
950 1747 1198 1819 conjuge,
1232 1749 1427 1808 futurae
1457 1751 1797 1810 liberationis
1825 1754 1893 1809 ab
1919 1754 1998 1808 iu-

424 1839 773 1894 feruuditatis
805 1839 958 1904 vitio,
985 1855 1094 1908 quo
1124 1841 1430 1907 tenebatur,
1465 1842 1699 1898 faustum
1743 1845 1996 1900 nuntium

423 1929 637 1998 accipit,
673 1937 834 1998 atque
867 1930 1129 2006 ambobus
1159 1931 1293 1996 certi
1329 1942 1556 1988 eventus
1586 1934 1998 2004 pollicitationis

421 2032 819 2091 argumentum,
846 2022 1068 2092 angelus
1090 2023 1390 2080 ascendens
1409 2037 1441 2078 e
1482 2024 1721 2090 ﬂamma,
1753 2035 1916 2096 atque
1942 2027 1995 2082 in

423 2113 620 2165 cretum
667 2111 924 2175 evolans,
973 2100 1201 2168 accedit.
1248 2111 1443 2180 Quidni
1477 2115 1754 2185 vero,,_qui
1784 2131 1884 2187 pro
1909 2117 1996 2173 his

425 2200 644 2265 rixatis,
677 2217 772 2258 eas
815 2202 993 2270 rejicis
1021 2203 1342 2270 oblationes,
1372 2219 1508 2275 quas
1543 2215 1798 2276 acceptas
1830 2221 1999 2278 opere

420 2307 483 2346 ac
508 2306 759 2347 sermone
786 2293 941 2346 Anna
967 2295 1308 2362 prophetissa
1349 2293 1474 2352 fecit
1501 2295 1562 2350 ’ἲ
1590 2296 1879 2362 Quodnam.
1907 2314 1999 2354 au-

424 2394 529 2438 tem
573 2400 641 2440 ex
683 2384 810 2439 Elia:
855 2401 919 2439 ac
965 2385 1144 2440 Elisaei
1177 2387 1374 2458 lumbis
1419 2403 1764 2458 progressum
1801 2405 1994 2446 semen

421 2483 696 2530 ostentare
753 2475 964 2545 possis?
1003 2474 1040 2528 li
1089 2485 1267 2532 tamen
1320 2479 1610 2535 rationales
1639 2479 1750 2534 Deo
1793 2481 1996 2552 iugiter

422 2581 675 2638 acceptas
702 2568 902 2623 hostias
924 2562 1242 2635 oll'erebant,
1267 2585 1331 2626 ac
1350 2585 1476 2626 cum
1501 2580 1710 2640 tempus
1731 2571 1993 2641 exigeret,

423 2661 587 2714 etiam
620 2670 894 2714 cruentas.
927 2659 1124 2728 Quidni
1156 2661 1319 2716 etiam
1353 2677 1447 2718 eos
1475 2665 1566 2734 qui
1601 2662 1750 2732 prole
1777 2674 1992 2729 carent,

421 2767 451 2806 a
503 2751 752 2820 precibus
799 2766 864 2806 ac
908 2754 1167 2820 canticis,
1214 2753 1542 2826 jugibusque
1575 2755 1689 2822 ,Dei
1723 2756 1994 2820 laudibus,

422 2859 617 2898 arcens
659 2843 939 2898 excludis?
986 2843 1304 2918 Deus‘euim
1369 2847 1436 2921 iis
1505 2847 1724 2916 potius,
1771 2861 1892 2901 cum
1925 2861 1990 2900 ex

421 2934 602 2986 animo
649 2934 886 2989 contrito
937 2932 1450 3010 oﬂ‘erunturtquam
1493 2935 1810 2992 animalium
1841 2937 1994 2990 victi-

424 3026 524 3079 mis
553 3025 764 3084 annuit.
803 3023 1116 3090 Enimvero,
1143 3027 1338 3080 mentis
1363 3028 1478 3096 ipse
1505 3027 1692 3082 oculos
1719 3027 1996 3093 claudens,

423 3127 614 3186 sponte
647 3117 740 3170 tibi
787 3117 1013 3172 asciscis
1037 3156 1052 3182 ,
1082 3129 1134 3170 ιιι
1193 3133 1258 3173 ne
1286 3118 1472 3173 videas
1500 3100 1678 3185 bona,
1723 3119 1898 3188 iisque
1928 3120 1997 3172 vi-

423 3209 614 3262 dendis
650 3193 826 3262 caecus
861 3208 938 3264 sis
971 3228 984 3262 :
1013 3207 1146 3278 justi
1175 3225 1301 3264 vero
1331 3209 1504 3265 livore
1553 3221 1768 3276 tumens
1789 3253 1806 3279 ,
1843 3223 1996 3270 tuum

425 3299 594 3366 virus,
619 3284 822 3354 rectam
848 3299 982 3370 legis
1007 3301 1445 3356 constitutionem
1469 3311 1745 3370 causatus,
1770 3305 1996 3358 evomis.

425 3394 548 3448 Non
577 3394 716 3448 enim
761 3393 890 3457 tibi,
927 3393 1136 3462 inquit,
1183 3395 1339 3458 licet,
1394 3403 1448 3447 ιιι
1507 3410 1723 3449 ntunera
1781 3397 1994 3466 σπεῖος..

424 3486 692 3553 Quorsum
741 3501 844 3539 non
897 3485 1056 3540 licet?
1109 3484 1362 3556 Nunquid
1395 3501 1498 3540 nou
1545 3487 1665 3540 licet
1700 3489 1768 3543 ob
1801 3488 1916 3560 ejus
1945 3489 1996 3552 in

427 3579 592 3634 Deum
621 3578 1064 3631 acccnsissimum
1097 3577 1380 3631 animum?
1411 3575 1528 3633 Non
1556 3577 1681 3633 licet
1705 3595 1814 3649 pra:
1843 3581 1996 3656 capia

425 3669 749 3725 munerum?
779 3669 931 3735 Quod
962 3678 1180 3739 pra-stet
1212 3683 1376 3739 supra
1407 3685 1565 3740 quam
1594 3669 1711 3740 lege
1733 3673 1999 3726 constitu-

426 3776 536 3816 tum
583 3773 697 3827 est,
757 3771 916 3830 teque
969 3761 1235 3815 beneﬁcio
1288 3763 1574 3832 magnilice
1619 3763 1822 3818 donet?
1881 3762 1998 3818 Erit

421 3855 594 3918 enim,
643 3853 818 3920 inquit
867 3851 990 3916 ille,
1033 3851 1170 3922 quod
1215 3869 1342 3906 mea:
1377 3854 1716 3908 abundantiae
1751 3867 1858 3920 eu,
1903 3859 2000 3910 toti

423 3945 632 4014 populo.
665 3945 806 4014 Ergo
837 3955 893 3998 et
929 3943 1025 3997 tibi
1065 3944 1206 4008 erit,
1239 3945 1456 4012 quando
1501 3945 1615 4013 ipse
1653 3946 1868 4015 gentilis
1913 3961 2001 4016 po-

427 4038 535 4107 puli
565 4038 636 4092 tui
663 4053 790 4107 pars
819 4037 1065 4106 qua-dam
1098 4051 1176 4090 es.
1205 4033 1393 4088 Nonne
1430 4049 1528 4104 par
1560 4047 1696 4101 erat,
1723 4046 1778 4090 ut
1809 4036 1924 4106 ejus
1948 4041 1999 4092 in

429 4135 592 4186 Deum
663 4139 966 4184 creatorem
1009 4128 1326 4198 impensius
1363 4127 1603 4182 .ell‘usam
1659 4130 1999 4186 dilectionem

425 4224 614 4278 honori
671 4225 934 4287 haberes,
971 4236 1035 4276 ac
1077 4235 1238 4290 quam
1301 4221 1352 4274 in
1382 4220 1780 4277 multitudinem
1815 4235 2004 4294 erogat

2101 1753 2290 1826 μένην,
2324 1753 2392 1810 δι’
2421 1747 2512 1826 ἧς,
2544 1757 2646 1825 τῆς
2674 1746 2985 1826 κρατούσης
3013 1753 3270 1816 ἀτεκνίας
3309 1751 3488 1817 λύσιν,
3517 1751 3696 1812 αὐτός

2095 1861 2156 1897 τε
2204 1847 2300 1899 καὶ
2331 1846 2365 1916 ὴ
2401 1845 2772 1918 στειρεύουσα.
2801 1845 3050 1908 σύνοικος
3095 1843 3553 1912 εὐαγγελίζεται,
3595 1842 3697 1896 καὶ

2095 1935 2197 2006 τῆς
2227 1935 2508 2002 ἐκϐάσεως
2545 1936 2642 1991 τοῦ
2708 1936 3051 2008 μηνυομένου
3076 1934 3396 2006 βεϐαίωσιν,
3424 1933 3519 1988 τὸν
3561 1933 3695 1986 ἐπι-

2097 2025 2269 2082 ϐάντα
2323 2024 2440 2098 τῆς
2483 2027 2710 2098 φλογὸς,
2765 2028 2860 2086 καὶ
2900 2027 3036 2100 πρὸς
3075 2026 3309 2098 οὐρανὸν
3359 2025 3697 2080 ἀναπτάντα

2097 2120 2420 2190 κατέχουσιν
2455 2121 2712 2196 ἀγγελον.
2762 2120 2877 2192 Τῆς
2907 2120 2966 2176 δὲ
3015 2119 3349 2192 προφήτιδος
3394 2117 3498 2182 τὰς
3539 2116 3697 2188 ἔργῳ

2096 2205 2194 2266 καὶ
2219 2213 2362 2284 λόγῳ
2389 2212 2583 2278 δεκτάς
2613 2212 3035 2284 προσαγομένας
3063 2211 3470 2282 καρποφορεας,
3512 2211 3640 2272 πῶς
3667 2211 3698 2262 ὁ

2099 2305 2230 2376 περὶ
2261 2304 2470 2361 τούτων
2493 2304 2896 2375 διαμαχόμενος
2925 2303 3026 2358 οὐκ
3059 2302 3368 2374 ἀποπέμπῃ
3393 2319 3409 2368 ;
3443 2301 3614 2354 Ποῖον
3635 2301 3696 2353 δὲ

2097 2391 2158 2457 ἐξ
2189 2393 2392 2464 ὀσφύος
2445 2393 2630 2448 Ἠλιοῦ
2674 2393 2770 2448 καὶ
2821 2392 3129 2456 Ἐλισσαίου
3158 2391 3408 2463 ,σπέρμα
3440 2391 3695 2444 καθυπο-

2095 2471 2274 2552 δεῖξαι
2307 2487 2373 2552 ἀν
2419 2485 2584 2557 ἔχοις,
2635 2485 2744 2539 τῶν
2771 2485 3063 2556 ἐνδελεχῶς
3104 2485 3204 2556 μὲν
3250 2483 3698 2554 εὐπροσδέκτους

2098 2579 2482 2653 ἀναφερόντων
2503 2576 2728 2646 λογικὰς
2749 2575 2870 2648 Θεῷ
2895 2575 3111 2640 θυσίας,
3133 2572 3314 2645 καιρῷ
3334 2573 3394 2628 δέ
3420 2573 3500 2645 τῷ
3522 2591 3697 2644 προσ-

2095 2669 2414 2726 απαιτοῦντι
2448 2669 2540 2722 καί
2563 2669 2662 2732 τὰς
2691 2667 2946 2738 ἐναίμους
2971 2685 2986 2734 ;
3011 2667 3136 2730 Πῶς
3162 2667 3225 2720 οὐ
3263 2668 3356 2720 καὶ
3383 2669 3494 2720 τῶν
3509 2668 3696 2740 εὐχῶν

2097 2763 2194 2825 κςριλ⁸
2220 2761 2406 2834 ὓμνων
2433 2762 2528 2817 καὶ
2549 2759 2816 2834 διηνεκῶν
2840 2759 2978 2814 Θεοῦ
3007 2757 3486 2828 δοξολᾳγιῶντοίις
3521 2762 3702 2818 ἅπαξ-

2095 2856 2192 2921 δας
2236 2856 2492 2927 διείργων
2545 2855 2854 2918 ἀποκλείεις
2886 2871 2902 2922 ;
2933 2852 3160 2918 Τούτοις
3198 2854 3306 2924 γὰρ
3359 2853 3572 2923 μᾶλλον
3621 2855 3704 2905 ἐκ

2101 2945 2572 3018 συντετριμμένης
2591 2945 2770 3017 ψυχῆς
2796 2945 3251 3023 ἀναφερομένοις,
3279 2945 3314 3014 ἢ
3342 2945 3457 3008 ταῖς
3477 2943 3702 3008 (uol);-

2102 3039 2247 3104 σίαις
2279 3037 2522 3091 ἐπινεύει
2541 3036 2694 3100 Θεός;
2732 3035 2896 3090 Ἀλλά
2919 3035 2986 3088 σὺ
3023 3035 3146 3106 μὲν,
3165 3036 3296 3098 τοὺς
3318 3033 3415 3106 τῆς
3442 3035 3698 3096 διανοίας

2099 3131 2414 3206 ὀφθαλμοὺς
2461 3129 2774 3198 ἀπομύσας,
2810 3127 2952 3182 ἐκὼν
2999 3127 3180 3196 ἐαυτῷ
3223 3128 3324 3198 τὴν
3356 3127 3468 3180 τῶν
3503 3125 3700 3180 καλῶν

2099 3223 2455 3296 δημιουργεῖς
2512 3222 2812 3293 ἀΰλεψίαν·
2874 3219 2952 3292 τῷ
2989 3219 3174 3291 φθόνῳ
3204 3219 3262 3272 δὲ
3316 3211 3414 3272 τοῦ
3467 3218 3698 3271 δικαίου

2101 3313 2502 3387 περιοιδαίνων,
2551 3313 2674 3368 κατ’
2720 3311 2889 3370 αὑτοῦ
2938 3312 3032 3365 τὸν
3076 3309 3280 3364 οἰκεῖον
3323 3309 3392 3363 δι’
3424 3309 3701 3379 εὐνομίαν

2101 3406 2574 3480 προφασιζόμενος
2619 3404 2838 3476 ἐξεμεῖς
2882 3405 2980 3458 ἱόν.
3019 3407 3146 3458 Οὐκ
3171 3403 3378 3468 ἔξεστι
3411 3400 3526 3472 γάρ
3555 3417 3694 3464 σοι.

2101 3500 2259 3572 φησὶ,
2307 3497 2740 3568 προσενεγκεῖν
2781 3498 2854 3552 τὰ
2885 3496 3065 3566 δῶρα.
3095 3498 3214 3578 at:
3245 3497 3329 3564 τῖ;
3361 3495 3455 3548 διὰ
3482 3497 3548 3548 τὸ
3592 3496 3695 3566 τῆς

2101 3591 2378 3663 φιλοθεῖας
2422 3590 2589 3646 αὑτοῦ
2646 3589 2982 3663 θερμότατον
3029 3575 3170 3654 cui;
3192 3589 3408 3654 ἐξεστι;
3443 3589 3538 3642 διὲ
3592 3589 3694 3658 τὴν

2099 3685 2210 3740 τῶν
2261 3683 2695 3758 προσαγομένων
2738 3681 3034 3751 ἀφθονίανς
3087 3681 3226 3736 διότι
3281 3681 3350 3734 τὰ
3408 3679 3504 3734 τοῦ
3551 3679 3694 3733 Θεοῦ

2102 3775 2488 3848 ὑπερευνομεῖ,
2517 3771 2578 3825 σε
2602 3771 2661 3824 δὲ
2691 3769 3082 3842 μεγαλοψύχως
3114 3771 3433 3841 εὐεργετεῖς
3479 3769 3696 3824 Ἔσται

2100 3867 2232 3938 γὰρ,
2263 3867 2430 3937 φησιν
2456 3863 2654 3928 αὐτὸς,
2703 3861 2770 3916 τὸ
2799 3861 2910 3930 τῆς
2941 3863 3295 3930 περιουσίας
3340 3879 3465 3931 μου
3509 3861 3697 3914 παντὶ

2101 3959 2182 4026 τῷ
2207 3958 2354 4024 λαῷ.
2391 3956 2604 4010 Οὐκοῦν
2631 3955 2726 4010 καὶ
2767 3953 2848 4006 σοί
2868 3971 2890 4028 ἰ
2908 3954 3086 4026 μέρος
3128 3955 3238 4025 γὰρ
3263 3948 3314 4006 εί
3340 3953 3439 4006 τοῦ
3476 3952 3696 4023 ὁμοφύ-

2101 4053 2196 4105 λου
2241 4049 2401 4104 λαοῢ.
2435 4050 2549 4103 Οὐκ
2582 4047 2692 4102 εδει
2728 4065 2787 4107 σε
2819 4047 2918 4116 τὴν
2963 4045 3340 4116 ἀκατάσχετον
3377 4046 3480 4114 μὲν
3523 4045 3698 4100 αὐτοῦ

2104 4143 2242 4212 πρὸς
2274 4125 2364 4202 τὸν
2394 4141 2737 4214 Δημιουργὸν
2770 4139 3053 4211 γεραίρειν
3097 4137 3341 4207 ἀγάπην,
3383 4138 3486 4208 τὴν
3522 4139 3604 4201 είς
3635 4139 3702 4189 τὸ

2105 4233 2310 4307 πλῆθος
2342 4231 2399 4286 δὲ
2444 4231 2930 4301 καταϐαλλομένην
2959 4227 3322 4299 ἀποδέχεσθαι
3349 4228 3552 4298 χάριν;
3581 4229 3702 4282 οὐκ

423 4317 652 4385 gratiam
703 4313 1167 4384 beneﬁciumque,
1216 4324 1404 4384 gratus
1452 4314 1764 4383 acciperes?
1814 4314 1997 4369 Nonne

2107 4327 2214 4381 ἔδει
2243 4344 2300 4379 σε
2332 4325 2392 4378 τὸ
2422 4323 2799 4395 μεγαλόψυχον
2830 4321 2994 4376 αὑτοῦ
3031 4320 3333 4391 θαυμάζειν
3352 4360 3369 4384 ,
3407 4321 3659 4374 ἐπαινεῖν
3682 4359 3697 4382 ,

425 4425 523 4478 pur
547 4417 663 4462 erat
687 4447 702 4473 ,
735 4418 795 4462 ut
823 4403 1167 4478 magniﬁcum
1203 4407 1320 4476 ejus
1350 4405 1588 4460 animum
1616 4407 1964 4463 demirareris
1983 4449 1999 4476 ,

427 4499 671 4553 laudibus
701 4497 926 4552 eil‘erres
946 4537 960 4563 ,
993 4496 1355 4565 congruisque
1379 4495 1673 4566 gratiarum
1699 4496 2001 4553 actionibus

428 4591 669 4647 vicissim
702 4587 1140 4660 prosequereris?

495 4681 696 4736 Verum
725 4681 1004 4734 enimvero
1039 4689 1093 4732 tu
1122 4677 1661 4755 quidemexcellenti
1714 4677 1898 4733 dotmn
1933 4677 1998 4732 il-

426 4774 528 4828 lius
563 4761 871 4842 praestantia
894 4809 909 4834 ,
947 4769 1074 4839 quin
1109 4768 1288 4838 potius
1347 4784 1436 4831 ea.
1476 4785 1580 4838 qua
1615 4770 1738 4824 inde
1767 4769 2002 4834 tabescis

427 4865 652 4930 invidia,
689 4853 970 4936 gravatu's,
999 4865 1248 4917 deorsum
1283 4861 1622 4929 detraheris,
1657 4861 1916 4931 vultuque
1947 4861 2000 4914 in

427 4973 626 5016 terram
657 4962 887 5031 dejecto,
913 4960 968 5012 in
994 4961 1172 5014 lumen
1202 4959 1588 5028 prmclarornm
1621 4959 1756 5015 adeo
1789 4959 2000 5014 facino-

427 5069 548 5107 rum
589 5052 870 5106 intendere
922 5051 1150 5122 nequis;
1209 5064 1264 5106 at
1304 5053 1392 5108 ille
1449 5053 1736 5108 sublimior
1793 5053 1998 5119 elatus,

423 5161 586 5216 quam
617 5154 670 5198 ut
723 5144 982 5198 conviciis
1030 5143 1137 5199 tuis
1173 5143 1308 5199 allici
1356 5147 1566 5215 possit,
1611 5160 1674 5199 ac
1712 5143 1858 5198 velut
1891 5143 2002 5198 alto

425 5254 550 5293 aere
593 5237 801 5316 volans,
854 5235 985 5290 nihil
1037 5237 1121 5291 his
1155 5238 1220 5290 ad
1276 5237 1558 5291 humilium
1612 5237 2039 5308 cogitationum-

424 5328 779 5398 dejectionem
834 5328 1157 5381 detrahitur.
1217 5325 1362 5382 Nihil
1419 5345 1448 5382 a
1517 5327 1662 5384 celso
1727 5329 1998 5400 magniﬁci

427 5422 592 5474 animi
629 5419 868 5474 culmine
892 5458 906 5482 ,
965 5418 1017 5472 in
1055 5417 1250 5473 deiecti
1285 5419 1454 5474 animi
1501 5420 1824 5490 profundum
1868 5436 2004 5490 pra:-

429 5527 556 5580 ceps
601 5513 798 5582 agitur.
838 5510 954 5566 Non
998 5511 1264 5567 obnititur
1299 5513 1520 5582 probris
1557 5531 1570 5566 :
1623 5527 1730 5569 non
1765 5528 1999 5584 pugnam

536 5677 557 5709 ⁵
596 5678 734 5733 Gen.
775 5695 872 5747 ιιι,
911 5681 966 5733 7.

2106 4420 2227 4482 ταῖς
2265 4415 2674 4499 προσηκούσαις
2705 4413 3081 4486 εὐχαριστίαις
3113 4410 3471 4482 ἀμείϐεσθαι;

2191 4677 2352 4732 Ἀλλὰ
2393 4677 2457 4731 σὺ
2500 4677 2600 4749 μὲν
2631 4675 2707 4744 τῷ
2737 4675 2931 4747 πλήθει
2963 4675 3072 4728 τῶν
3107 4673 3566 4745 ὑπερϐαλλόντων
3595 4677 3697 4730 αὖ-

2107 4772 2202 4826 τοῦ
2241 4771 2758 4844 πλεονεκτημάτων,
2798 4769 3002 4842 μᾶλλον
3035 4769 3128 4833 δὲ,
3166 4771 3234 4840 τῇ
3267 4767 3354 4820 διά
3385 4767 3563 4820 ταῦτα
3595 4767 3700 4838 βα-

2111 4864 2308 4934 σκανίᾳ
2339 4863 2730 4936 Βαρυνόμενος,
2757 4847 2838 4928 είς
2867 4864 2973 4934 γῆν
3008 4863 3321 4936 καταφέρῃ,
3351 4860 3447 4914 καὶ
3473 4861 3702 4931 πρηνὴς

2107 4955 2204 5018 ὢν,
2233 4953 2366 5024 πρὸς
2389 4953 2451 5006 τὸ
2472 4953 2588 5024 φῶς
2606 4954 2716 5008 τῶν
2745 4953 2888 5008 οὕτω
2915 4952 3187 5024 λαμπρῶν
3211 4948 3376 5004 αὐτοῦ
3409 4949 3700 5019 κατορθω-

2114 5047 2302 5117 μάτων
2340 5045 2672 5110 ἐνατενίζειν
2705 5048 3006 5117 ἀμηχανεῖς
3032 5062 3046 5074 °
3092 5046 3298 5106 ἐκεῖνος
3328 5042 3408 5108 δὲ,
3439 5040 3550 5095 τῶν
3586 5043 3705 5094 σῶν

2104 5139 2437 5210 ὑψηλότερος
2482 5139 2776 5210 αἰρόμενος
2826 5139 3207 5209 σκωμμάτων,
3247 5137 3341 5190 καὶ
3381 5129 3494 5189 οἷον
3534 5135 3704 5204 ἀερο-

2105 5233 2312 5304 πορῶν,
2345 5233 2406 5287 οὐ
2441 5232 2772 5287 καθέλκεται
2795 5233 3010 5295 τούτοις
3040 5231 3177 5304 πρὸς
3210 5226 3578 5301 χαμαιζήλων
3605 5229 3707 5282 λο⁸

2102 5325 2320 5397 γισμῶν
2351 5327 2698 5379 ταπείνωσιν⁸
2722 5327 2784 5380 οὐ
2812 5326 2904 5380 τοῦ
2934 5326 3035 5396 τῆς
3060 5323 3470 5397 μεγαλοψυχίας
3501 5323 3707 5394 ὓιίοους.

2104 5420 2241 5490 πρὸς
2273 5419 2334 5470 τὸ
2381 5419 2482 5490 τῆς
2512 5417 2753 5488 ἀθυμίας
2777 5419 3148 5489 καταφέρεται
3179 5417 3346 5486 βάθος
3371 5435 3383 5446 ·
3421 5417 3528 5472 οὐκ
3553 5419 3708 5469 ἀντι-

2103 5512 2270 5566 τείνει
2303 5513 2441 5582 πρὸς
2469 5513 2538 5564 τὰ
2576 5513 2775 5582 ὀνείδηο
2809 5513 2870 5566 οὐ
2901 5512 3233 5582 διαμάχεται
3262 5512 3400 5583 πρὸς
3431 5513 3537 5583 τὴν
3575 5511 3709 5564 ἐπει

1082 5682 1102 5714 ⁸
1142 5680 1278 5736 Gen.
1315 5697 1404 5749 xv,
1437 5681 1490 5738 9.
1571 5683 1589 5713 ⁷
1630 5680 1754 5736 Jud.
1790 5695 1908 5747 xm,
1949 5680 2034 5736 19.
2113 5681 2133 5713 ⁸
2172 5681 2189 5734 l
2233 5678 2364 5752 Ριιτε.
2400 5698 2439 5746 ι,
2479 5683 2556 5736 lli.
