3970 6212
1707 24 1712 36 1

1527 143 1534 154 ⁸
1627 151 1640 156 ο

492 263 626 329 Ῑ351

1607 240 1941 315 usuusu
1981 254 2573 345 NICOMEDIENSIS

3613 256 3753 320 1352

562 373 697 430 Novi
730 372 911 444 itaque
939 384 1163 426 uxorem
1190 359 1738 436 Annam-quanquam
1766 367 2062 431 absentem,

2238 363 2368 421 Οἶδα
2411 367 2593 420 τοίνυν
2629 364 2729 434 τὴν
2779 364 3024 419 σύνοικον
3075 365 3277 419 Ἅνναν
3323 367 3642 437 ὁμότροπὼ
3691 388 3750 423 τε

491 468 683 524 iisdem
710 474 953 535 perstare
979 462 1242 526 moribus,
1272 460 1570 530 eademque
1595 460 1908 515 voluntate:
1937 458 2059 514 novi

493 573 623 628 vero
665 558 826 612 etiam
872 555 1170 623 impensum
1214 554 1330 624 ejus
1375 552 1430 607 in
1471 551 1756 607 Dominum
1798 566 2059 615 amorem,

489 656 682 718 quo-et
722 646 865 700 illius
899 644 1255 714 providentiae
1287 644 1627 713 obsequitur,
1661 641 1907 712 meisque
1943 657 2063 698 cer-

492 737 824 800 taminibus,
879 736 1140 804 congruis
1192 745 1248 790 et
1299 735 1427 805 ipsa
1490 735 1771 790 laboribus
1829 734 2061 800 intenta,

489 839 832 897 cooperator.
849 825 1289 896 Haudquaquam
1331 826 1572 882 abscindi
1600 826 1837 895 patietur
1859 827 1926 880 ab
1949 824 2064 878 uni-

491 922 617 974 tatis
641 920 912 985 moribus,
929 920 1007 973 uti
1037 933 1210 988 neque
1231 917 1298 972 ab
1321 916 1542 983 ali‘eetu,
1563 930 1671 986 quo
1695 915 2061 986 prosequitur.

490 1011 742 1066 Servabit
773 1011 1096 1065 indivulsam
1136 1009 1430 1064 voluntatis
1460 1008 1874 1064 consonantiam
1895 1047 1909 1070 ,
1945 1020 2064 1076 qua:

491 1101 776 1171 coniugem
813 1103 1026 1168 deceat,
1054 1101 1129 1154 uti
1151 1111 1219 1180 oet
1258 1099 1562 1168 religiosam
1591 1109 1861 1154 mentem.
1899 1097 2064 1164 Magis

491 1193 689 1248 absens
725 1192 986 1260 precibus
1038 1191 1287 1260 adjutu-ra
1339 1201 1464 1258 est,
1521 1205 1683 1262 quam
1733 1189 1782 1244 si
1829 1189 2062 1243 adesset.

494 1284 665 1338 Erunt
706 1284 822 1352 ejus
857 1283 1102 1338 eilicaces
1147 1284 1602 1353 supplicationes;
1633 1281 1917 1352 praestabit
1960 1279 2067 1335 fcr-

492 1377 808 1433 ventissima
837 1371 942 1430 lide
973 1385 1030 1429 ut
1051 1376 1421 1431 exauditionis
1443 1375 1690 1431 eﬁectum
1723 1388 2063 1443 consequan-

495 1480 601 1524 tur.
633 1469 740 1522 Deo
784 1469 983 1537 quippe
1021 1482 1093 1520 ex
1119 1468 1363 1522 contrito
1396 1481 1489 1521 eas
1538 1466 1718 1520 animo
1758 1463 1935 1520 oilert.
1986 1462 2063 1516 Ex

492 1560 677 1615 innata
714 1575 806 1614 eas
849 1560 1189 1623 humilitate,
1224 1559 1289 1612 ad
1339 1573 1462 1612 eum
1491 1559 1581 1626 qui
1620 1557 1768 1612 solus
1813 1555 2064 1612 sublimis

491 1661 597 1714 est,
645 1651 902 1719 oumique
956 1650 1130 1719 major
1165 1649 1472 1713 intellectu,
1520 1647 2062 1709 beneﬁcumIDeum,

494 1758 709 1797 sursum
763 1743 979 1809 diriget.
1037 1741 1128 1794 Est
1172 1741 1316 1795 enim
1365 1740 1452 1794 ille
1499 1754 1755 1810 perquam
1808 1741 2062 1810 optimus,

495 1848 717 1900 eosque,
765 1832 856 1900 qui
898 1833 948 1885 in
983 1831 1215 1885 veritate
1252 1831 1537 1894 invocant,
1569 1831 1811 1885 exaudit.
1862 1829 2064 1899 Hujus-

495 1925 639 1978 moJi
675 1933 801 1976 sunt
823 1922 1092 1991 justorum
1123 1922 1340 1975 eximia
1363 1920 1767 1990 praerogativa;
1803 1921 1884 1976 ha:
1939 1919 2062 1976 illo-

496 2031 612 2067 rum
661 2015 918 2067 virtutum
969 2011 1416 2081 superemuentes
1467 2011 1718 2066 divitiae:
1769 2011 1913 2066 hunc
1944 2025 2062 2066 mo-

495 2109 618 2160 dum
655 2105 816 2157 habet
869 2119 1140 2158 accensus
1173 2118 1359 2157 eorum
1405 2103 1527 2157 fidei
1560 2102 1738 2156 fervor
1770 2120 1784 2156 :
1815 2102 1932 2158 base
1965 2117 2062 2158 eo-

496 2213 612 2249 rum
655 2197 720 2249 ad
761 2193 928 2249 Deum
975 2195 1398 2266 propinquitatis
1427 2194 1788 2250 necessitudo.
1831 2192 1921 2248 Sic
1951 2207 2064 2249 me-

493 2285 614 2338 liori
643 2300 804 2353 supra
829 2295 954 2339 vota
974 2284 1145 2350 exitu,
1169 2295 1418 2339 votorum
1442 2293 1721 2354 compotes
1737 2281 2058 2338 eﬂlciuntur.

495 2377 586 2430 Sic
627 2378 808 2430 divino
840 2375 1060 2430 oraculo
1087 2413 1103 2438 ,
1130 2391 1255 2431 cum
1291 2391 1443 2430 suam
1474 2375 1574 2444 ipsi
1611 2375 2060 2441 benedictionem,

497 2479 608 2521 tum
642 2467 824 2522 tnundi
856 2469 1137 2538 gaudium,
1170 2468 1312 2536 quod
1343 2483 1529 2522 eorum
1566 2467 1638 2521 sit
1674 2465 1906 2532 fruetus,
1947 2465 2061 2520 edi-

496 2562 605 2616 turi
640 2559 979 2616 nuutiantur.
1011 2561 1200 2628 Angeli
1233 2560 1379 2613 enim
1427 2559 1541 2613 fore
1571 2559 1937 2626 praedixerunt
1958 2596 1974 2620 ,
2004 2565 2064 2611 ut

493 2653 609 2720 ejus
646 2665 768 2707 ortu
799 2653 1054 2723 gaudium
1093 2665 1158 2706 ac
1188 2652 1374 2706 laetitia
1407 2650 1607 2706 mundo
1643 2650 1850 2720 pariter
1880 2649 2061 2706 orire-

496 2753 603 2798 tur.

567 2834 720 2887 Enim
752 2849 880 2888 vero
911 2833 1032 2887 talia
1070 2843 1196 2888 sunt
1222 2841 1335 2900 tua,
1370 2834 1486 2904 ipso
1514 2833 1758 2901 exordio,
1794 2833 2060 2903 praeconia

495 2941 558 2981 ac
603 2926 886 2980 miracula.
931 2923 1062 2990 Quae
1109 2941 1238 2980 vero
1272 2926 1365 2979 tali
1413 2927 1582 2996 stirpe
1614 2925 1867 2996 praedicta
1912 2939 2063 2982 esses

494 3017 880 3087 germinatura,
921 3031 954 3069 o
1007 3015 1270 3083 Deipara,
1322 3029 1619 3082 congruum
1671 3014 1899 3070 oraculo
1942 3015 2063 3070 vitae

497 3123 808 3178 processum
844 3106 1120 3174 accepisti.
1163 3105 1328 3160 Plane
1359 3104 1504 3158 enim
1538 3121 1636 3174 par
1661 3115 1800 3172 erat,
1839 3117 1893 3159 ut
1919 3105 2062 3174 ejus-

497 3201 638 3254 modi
672 3202 895 3253 vociims
934 3197 1397 3267 prauuutiareris.
1463 3195 1565 3250 Par
1596 3206 1732 3260 erat,
1766 3197 1943 3252 futura
1978 3208 2064 3252 tua

496 3291 762 3362 magualia
824 3291 1002 3344 verbis
1039 3289 1235 3344 talibus
1275 3289 1567 3359 designari.
1607 3289 1903 3359 Oportebat
1933 3306 2066 3360 pra:-

493 3383 698 3454 signari
726 3381 922 3435 talibus
959 3380 1218 3435 ss'rnbolis
1244 3419 1259 3442 ,
1292 3379 1636 3448 fructumque
1666 3394 1728 3432 ac
1755 3381 2062 3447 genituram

493 3493 558 3529 ex
602 3474 866 3545 ejusmodi
918 3474 1138 3540 prodire
1184 3471 1526 3540 parentibus.
1563 3469 1857 3538 Oportebat
1907 3463 1937 3525 ε
1974 3471 2062 3525 tali

497 3567 681 3621 radice
722 3565 875 3619 nasci
936 3578 1157 3633 germen
1203 3564 1330 3617 tale.
1363 3563 1655 3633 Oportebat
1691 3579 1755 3618 ex
1798 3563 2066 3632 rrgaiibus

494 3657 693 3728 plantis
762 3669 1109 3710 succrescere
1134 3655 1338 3725 virgam
1379 3654 1634 3725 regalem.
1663 3652 1956 3722 Oportebat
1999 3671 2066 3708 ex

496 3748 760 3816 locuplete
795 3747 993 3800 virtute
1043 3737 1306 3814 ‘copiosas
1348 3747 1607 3800 bonorum
1641 3746 1859 3800 divitias
1881 3761 2066 3814 super-

492 3839 736 3896 eliluere.
786 3837 1039 3916 Decebat,
1075 3846 1133 3891 ut
1160 3837 1276 3904 ipsa
1301 3837 1518 3906 quidem
1540 3837 1726 3890 talium
1762 3840 2064 3908 parentium

493 3935 601 3988 tilia
633 3932 888 3998 audires;
947 3941 1115 4000 utque
1149 3930 1252 3999 ipsi
1294 3929 1420 3985 talis
1461 3930 1582 3984 illia:
1611 3942 1864 3999 parentes
1891 3930 2069 3986 ellicc-

498 4035 708 4080 rentur.
785 4022 940 4078 Sicut
988 4024 1131 4077 enim
1180 4022 1293 4090 ipsa
1339 4020 1598 4091 singulari
1657 4037 1765 4092 pra:
1817 4024 2069 4079 omnibus

495 4117 849 4186 praerogativa
884 4116 935 4170 in
985 4115 1079 4169 Dei
1108 4112 1338 4168 Matrem
1371 4114 1656 4184 praeoptari
1693 4114 1968 4178 meruisti,
1991 4115 2068 4168 ita

493 4222 549 4266 et
595 4211 668 4264 illi
719 4208 979 4278 singulari
1035 4222 1148 4277 prae
1224 4207 1480 4263 omnibus
1535 4207 1737 4262 honore
1792 4207 2068 4262 consecuti

494 4313 643 4366 sum,
677 4312 735 4355 ut
763 4300 929 4362 ftitttri
955 4309 1210 4370 parentes
1239 4300 1312 4353 tui
1341 4300 1869 4368 praedestinarentur.
1897 4299 2067 4364 Quam

495 4410 627 4466 ergo
660 4393 807 4449 oumi
848 4392 1020 4463 gloria
1055 4391 1246 4460 major,
1279 4400 1440 4444 tanta:
1471 4389 1612 4444 illius
1653 4405 1796 4444 cura:
1827 4392 2068 4458 magnili-

496 4483 720 4539 ceutia!
759 4482 929 4549 Quam
978 4476 1183 4548 majora
1228 4479 1406 4542 laude,
1439 4479 1817 4531 universorum
1858 4475 2071 4528 Domini

497 4576 847 4646 providentius
875 4571 1183 4626 mirabilia!
1211 4569 1384 4636 Quam
1419 4569 1690 4623 universis
1735 4567 2070 4622 desiderabi-

497 4669 638 4723 hbus
661 4663 1133 4726 desiderabiliora,
1160 4677 1280 4730 qua:
1317 4675 1411 4728 per
1439 4668 1492 4714 te
1518 4661 1851 4713 advenerunt
1892 4658 2029 4713 bona
2052 4660 2064 4712 ι

498 4763 674 4829 Quam
716 4761 870 4814 beata
906 4757 1179 4825 voluptate
1201 4754 1420 4818 donati,
1455 4753 1546 4823 qui
1581 4751 1644 4805 iis
1671 4751 1934 4820 condigne
1964 4751 2067 4805 frui

505 4851 856 4907 meruerunt!
894 4847 1023 4902 Haec
1047 4848 1190 4903 enim
1216 4861 1319 4900 una
1343 4845 1560 4900 sitvera
1596 4843 1812 4911 fruitio;
1839 4843 1953 4898 haec
1988 4843 2069 4895 in—

500 4944 758 4999 delieiens
789 4942 1063 5012 voluptas,
1115 4939 1203 5004 iis,
1244 4939 1442 5008 quibus
1471 4946 1698 5007 praestas
1737 4935 2074 4990 mirabilibus

501 5036 764 5090 deliciari.
796 5034 900 5088 Per
934 5049 1055 5088 eam
1113 5034 1178 5086 ad
1217 5031 1348 5102 juge
1388 5031 1520 5085 illud
1569 5029 1874 5084 convivium
1914 5044 2073 5081 manu

499 5127 771 5192 ducimur,
822 5125 1181 5196 praesentique
1239 5133 1326 5178 tua
1385 5123 1568 5177 laetitia
1643 5121 1876 5176 futuram
1930 5121 2073 5174 illam

500 5220 832 5289 voluptatem
863 5216 1062 5284 pra:vie
1090 5215 1202 5284 jam
1234 5214 1537 5269 salutamus
1584 5228 1647 5268 ac
1671 5212 2066 5283 amplectimur.

500 5313 774 5368 Ilabemus
805 5317 1132 5362 a‘ternorum
1164 5305 1427 5359 bonorum
1457 5304 1674 5375 pignus,
1705 5318 1800 5372 per
1835 5312 1920 5356 tua
1951 5320 2071 5354 Inu-

502 5419 632 5460 nera
665 5418 785 5472 qua:
815 5413 958 5455 nunc
987 5397 1335 5453 exhibentur.
1368 5397 1624 5451 Praesenti
1650 5406 1738 5450 tua
1763 5396 2074 5450 laudatione

504 5497 724 5550 auribus
765 5494 1099 5555 insusurrat,
1121 5503 1288 5542 sonus
1316 5487 1404 5542 ille
1445 5498 1644 5543 acterna
1679 5489 1862 5543 latitia
1897 5487 2075 5541 exsul-

507 5588 760 5639 tantium.
791 5583 928 5638 Vera
960 5593 1042 5637 est
1073 5581 1145 5635 tui
1188 5595 1318 5648 ergo
1351 5590 1533 5634 nostra
1580 5580 1850 5645 laudatio;
1883 5592 2074 5633 secura

507 5691 667 5745 spes;
712 5677 763 5730 in
791 5677 1037 5732 manibus
1064 5673 1347 5738 bonorum,
1376 5687 1494 5742 quae
1530 5682 1923 5740 exspertamus,
1949 5683 2072 5739 pos-

2162 456 2666 528 xa‘t'opoyvcbpovat,
2707 456 2802 508 ml.
2845 458 2921 527 μὴ
2960 456 3247 527 παροῦσαν
3288 457 3605 528 διαμένειν·
3633 456 3752 515 οἶδα

2161 551 2216 604 δὲ
2258 553 2352 605 καὶ
2408 551 2500 604 τὸν
2529 553 2666 623 πρὸς
2696 551 2789 604 τὸν
2835 552 3118 622 Δεσπότην
3155 552 3532 622 ἀκατάσχετον
3578 555 3749 628 αὐτῆς

2163 645 2363 717 ἔρωτα,
2391 645 2456 698 δι’
2477 639 2538 698 οὗ
2571 644 2738 698 αὑτοῦ
2769 663 2828 698 τε
2856 648 2922 717 τῇ
2959 647 3192 718 προνοίᾳ
3216 647 3626 718 -καθυπουργεῖ,
3657 652 3748 702 καὶ

2162 739 2276 800 τοῖς
2302 739 2455 807 ἐμοῖς
2487 737 2664 804 ἀγῶσι
2701 736 2788 789 διὰ
2817 736 2925 790 τῶν
2955 738 3314 807 καταλλήλων
3339 739 3522 793 πόνων
3557 758 3750 813 συνερ-

2163 829 2274 896 γεῖ.
2304 829 2418 882 Ούκ
2456 829 2908 900 ἁποῤῥαγήσεται
2942 829 3040 882 τοῦ
3080 831 3181 899 τῆς
3218 832 3475 896 ένώσεως
3504 834 3747 904 τρόπον,

2163 918 2351 992 ῶσπερ
2383 920 2504 973 οὐδὲ
2547 919 2646 990 τῆς
2679 921 2942 990 σχέσεως.
2978 921 3224 992 Τηρήσει
3268 923 3328 976 τὸ
3367 927 3469 989 τῆς
3509 926 3748 993 συζύγου

2163 1012 2508 1082 ὄμόγνωμον,
2547 1012 2738 1082 ὥσπερ
2780 1011 2842 1064 τὸ
2871 1011 3126 1080 φιλόθεον
3157 1012 3563 1068 ἀδιάσπαστον.
3602 1016 3746 1086 Συμ-

2166 1102 2361 1175 πράξει
2392 1102 2592 1173 μᾶλλον
2619 1099 2863 1168 ἀποῦσα,
2892 1102 2924 1172 ἢ
2963 1101 3218 1173 παροῦσα
3239 1107 3362 1168 ταῖς
3387 1111 3746 1177 προσευχαῖς.

2167 1195 2241 1247 υύ
2286 1194 2657 1265 διαμαρτήσει
2685 1195 2785 1264 τῆς
2817 1193 3134 1258 ἐντεύξεως·
3169 1195 3251 1258 εἰς
3278 1196 3519 1266 ἐπήκοον
3565 1200 3749 1250 ἀνενε-

2165 1284 2360 1357 χθῆναι
2414 1286 2491 1356 τῷ
2545 1284 2866 1357 θερμοτέρῳ
2920 1285 3124 1348 ταύτας
3180 1289 3600 1356 παρασκευάσει
3661 1291 3749 1352 τῆς

2165 1374 2422 1437 πίστεως.
2454 1373 2572 1442 Θεῷ
2601 1375 2708 1444 γὰρ
2751 1375 3178 1446 ἀναφερομένας
3205 1375 3376 1439 αὐτὰς
3396 1415 3411 1440 ,
3461 1379 3527 1430 ὲκ
3565 1394 3747 1430 συντεο

2164 1466 2474 1537 τριμμένης
2529 1468 2801 1536 προσάγει
2858 1467 3060 1537 ψυχῆς.
3107 1467 3198 1533 Ἐξ
3247 1468 3494 1538 ἐμφύτου
3558 1486 3747 1524 ταπει-

2165 1554 2416 1618 νώσεως,
2455 1557 2591 1626 πρὸς
2637 1556 2729 1608 τὸν
2781 1557 2943 1625 μόνον
3001 1556 3209 1626 ὑψηλὸν
3259 1559 3358 1610 καὶ
3406 1559 3745 1630 ὑπερέχοντα

2168 1645 2342 1700 πάντα
2392 1645 2515 1699 νοῦν
2574 1646 2873 1718 εὐεργέτην
2921 1647 3246 1702 ἀναϐιϐάσει
3304 1648 3535 1713 ταύτας.
3598 1652 3746 1704 Ἐστι

2168 1737 2277 1808 γὰρ
2304 1736 2650 1809 ύπεράγαθος
2678 1730 2855 1803 οὗτος,
2887 1738 2983 1790 καὶ
3020 1737 3128 1792 τῶν
3160 1739 3617 1809 ἐπικαλουμένων
3651 1745 3743 1795 αὖ-

2167 1829 2260 1884 τὸν
2299 1829 2358 1882 ἐν
2401 1828 2632 1899 ἀληθείᾳ
2672 1829 2937 1900 ὑπήκοος.
2975 1829 3216 1883 Τοιαῦτα
3254 1832 3322 1884 τὰ
3367 1831 3478 1883 τῶν
3523 1832 3744 1888 δικαίων

2167 1919 2574 1991 ὑπερανέχοντα
2615 1919 2716 1987 τῆς
2751 1919 2966 1988 φύσεως
3011 1919 3498 1991 πλεονεκτήματα·
3534 1917 3688 1988 οὗτος
3717 1928 3743 1978 6

2165 2010 2274 2065 τῶν
2304 2011 2514 2082 ἀρετῶν
2547 2010 2730 2066 αὐτῶν
2759 2011 3165 2082 ύπερχεὸμενος
3195 2012 3460 2077 πλοῦτος·
3507 2017 3744 2070 τοιοῦτον

2166 2104 2228 2157 τὸ
2258 2105 2359 2174 τῆς
2397 2102 2637 2169 πίστεως
2667 2103 2846 2158 abab»)
2873 2104 3139 2176 διάπυρον
3161 2121 3180 2136 ·
3211 2105 3352 2176 αὕτη
3378 2109 3413 2177 ἡ
3445 2109 3597 2180 πρὸς
3627 2111 3746 2164 Θεὸν

2167 2195 2466 2267 ιγγύτητος
2503 2195 2682 2250 αὐτῶν
2711 2197 2745 2266 ὴ
2787 2197 3083 2268 οἰκειότης.
3118 2195 3277 2259 Οὕτω
3305 2198 3417 2251 τῶν
3455 2201 3746 2272 ἐπιζητουο

2171 2285 2346 2356 μένων
2387 2287 2526 2357 ὑπὲρ
2567 2286 2842 2351 ὲπίτευξιν
2895 2288 3280 2358 τυγχάνουσιν·
3333 2289 3482 2346 οὕτω
3532 2311 3747 2365 χρημα-

2165 2375 2366 2447 τισμῷ,
2390 2376 2491 2448 τὴν
2515 2377 2723 2431 οίκείαν
2749 2378 2850 2449 μὲν
2881 2379 3158 2449 εὐλογίαν,
3189 2383 3284 2436 τοῦ
3319 2383 3537 2455 κόσμου
3571 2386 3634 2440 δὲ
3661 2387 3744 2440 θυ-

2170 2467 2366 2538 μηδίαν
2410 2471 2785 2541 καρποφορεῖν
2832 2470 3153 2542 μηνύονται.
3216 2474 3483 2544 Ἄγγελοι
3537 2477 3649 2551 γὰρ
3689 2482 3746 2551 τῇ

2167 2557 2368 2628 ταύτης
2410 2561 2622 2632 προόδῳ
2657 2561 2833 2634 χαρὰν
2859 2564 2953 2618 καὶ
2982 2564 3327 2639 εὐφροσύνην
3387 2585 3750 2642 συμπαραγεο

2167 2649 2353 2706 νέσθαι
2383 2655 2449 2724 τῇ
2482 2652 2657 2706 κτίσει
2689 2655 3188 2726 προκατήγγειλαν.

2246 2841 2410 2898 Ἀλλὰ
2435 2839 2662 2897 τοιαῦτα
2704 2823 2822 2913 μέν
2837 2859 2930 2896 σου
2988 2843 3058 2896 τά
3095 2844 3152 2897 ὲν
3185 2845 3488 2916 προοιμίοις
3525 2851 3631 2902 καὶ
3662 2867 3755 2920 κη-

2171 2933 2425 3006 ρύγματα
2455 2935 2549 2988 καί
2577 2934 2851 3005 θαύματα.
2902 2936 2998 2989 Ἐκ
3032 2936 3295 2991 τοιούτων
3321 2939 3376 2992 δὲ
3407 2939 3754 3013 ἀναϐλαστῆ-

2171 3038 2260 3077 σαι
2287 3024 2750 3096 προκηρυχθεῖσα,
2782 3024 3037 3088 Θεοτόκε,
3061 3042 3167 3078 κατ
3179 3025 3412 3097 suam
3433 3032 3554 3092 τοῖς
3590 3049 3752 3101 μηνυο

2169 3113 2308 3167 θεῖσι
2336 3113 2438 3184 τὴν
2477 3115 2536 3167 ὲν
2565 3113 2644 3185 τῷ
2677 3115 2777 3186 βίῳ
2806 3115 3035 3183 πρόοδον
3062 3115 3317 3186 εῐλητρας.
3353 3117 3508 3172 Ἔδει
3551 3121 3670 3190 γάρ
3706 3137 3750 3172 σε

2164 3205 2442 3268 τοιαύταις
2476 3206 3028 3276 προκαταγγελθῆναι
3076 3211 3305 3277 φωναῖς·
3338 3209 3450 3262 ἔδει
3486 3211 3755 3274 τοιούτοις

2165 3298 2234 3353 τὰ
2259 3299 2327 3352 σὰ
2357 3297 2778 3368 προμηνυθῆναι
2801 3299 3069 3369 μεγαλεῖα
3100 3302 3364 3371 ῥήμασιν·
3394 3302 3574 3372 ἐχρῆν
3595 3305 3758 3356 τοιού-

2164 3405 2277 3452 τοις
2317 3389 2415 3459 μέν
2460 3407 2520 3442 σε
2554 3392 3013 3461 προσημανθῆναι
3046 3393 3358 3462 συμϐόλοις·
3396 3395 3460 3447 ἐκ
3494 3396 3757 3465 τοιαύτης

2168 3478 2347 3548 ῥίζης,
2377 3479 2618 3532 τοιοῦτον
2647 3480 2705 3534 δὲ
2744 3481 2853 3534 τῶν
2891 3485 3436 3554 καρποφορησάντων
3467 3487 3756 3555 προελθεῖν

2167 3573 2422 3642 πατέρων
2447 3592 2461 3605 ο
2489 3571 2594 3625 ἔδει
2623 3572 2880 3644 τοιαύτης
2923 3574 3081 3645 ῥίζης
3105 3575 3350 3628 τοιοῦτον
3377 3577 3674 3649 ἀναφῆ-δαί
3709 3596 3757 3631 σε

2169 3661 2414 3731 βλαστόν·
2448 3663 2558 3716 ἔδει
2602 3664 2666 3716 ἐκ
2697 3661 2992 3734 βασιλικῶν
3049 3665 3396 3737 φυτουργιῶν
3439 3669 3553 3739 τὴν
3606 3670 3757 3738 ﬁrmi.

2167 3752 2310 3806 λειόν
2367 3770 2426 3805 σε
2475 3753 2798 3823 ἀναδοθῆναι
2852 3753 3083 3824 ῥάϐδον·
3137 3755 3246 3808 ἔδει
3299 3759 3363 3810 ἐκ
3417 3761 3759 3828 mgna-Johns

2167 3843 2376 3916 ἀρετῶν
2430 3843 2522 3898 τὸν
2567 3845 2797 3914 ἄφθονόν
2844 3861 2902 3898 σε
2952 3845 3063 3899 τῶν
3107 3847 3326 3914 ἀγαθῶν
3375 3850 3484 3902 ύπε
3496 3853 3760 3922 ρχυθῆναι

2168 3936 2418 3990 πλοῦτον·
2447 3935 2553 3988 ἔδει
2593 3953 2653 3988 σε
2691 3935 2949 4012 τοιούτων
2985 3936 3086 4007 μὲν
3119 3939 3374 4009 πατέρων
3407 3945 3763 4012 χρηματίσαι

2169 4028 2464 4100 θυγατέρα·
2498 4028 2697 4091 αὐτοὺς
2721 4028 2779 4081 δὲ
2836 4027 3104 4098 θυγατρὸς
3138 4029 3400 4101 τοιαύτης
3428 4035 3764 4104 ἀναδειχθῂ

2169 4142 2258 4178 ναι
2288 4122 2553 4192 πατέρας.
2586 4121 2695 4174 Καὶ
2720 4120 2910 4190 ὥσπερ
2934 4122 2997 4173 σὺ
3031 4121 3128 4189 τῆς
3163 4121 3384 4191 ἁπάσης
3413 4124 3668 4188 κτίσεως
3689 4128 3765 4188 εις

2170 4215 2307 4269 Θεοῦ
2338 4213 2568 4284 Μητέρα
2607 4211 2994 4281 προεξελέγης,
3024 4210 3199 4273 οὕτως
3231 4211 3387 4264 αὐτοὶ
3425 4213 3549 4267 τῶν
3587 4217 3767 4268 τεκόν-

2169 4324 2279 4360 των
2328 4306 2582 4360 ἁπὰντων
2620 4305 2856 4374 πατέρες
2897 4302 3196 4372 «unum:
3251 4319 3345 4354 σου
3396 4306 3768 4377 προωρίσθηο

2101 4398 2143 4452 1)
2175 4411 2296 4449 σαν.
2357 4393 2446 4454 Ὠς
2491 4390 3021 4463 ὑπερδεδοξασμένον
3073 4389 3205 4457 γοῦν
3251 4392 3310 4443 τὸ
3353 4392 3454 4462 τῆς
3501 4397 3770 4465 τοιαύτης

2167 4485 2512 4559 προμηθείας
2574 4483 2890 4555 μεγαλεῖονί
2969 4482 3045 4546 ὡς
3100 4482 3470 4553 ὑπερύμνητα
3524 4487 3606 4538 τὰ
3677 4487 3769 4552 τῆς

2171 4572 2428 4643 προνοίας
2473 4570 2566 4623 τοῦ
2613 4570 2722 4623 τῶν
2773 4569 2910 4624 ὅλων
2977 4571 3250 4623 Δεσπότου
3298 4571 3651 4640 θαυμάσιαι
3701 4576 3773 4636 ὡς

2171 4664 2380 4734 ἐφετῶν
2418 4663 2671 4718 ἁπάντων
2698 4662 3049 4734 ποθεινότερα
3090 4665 3156 4717 τὰ
3191 4662 3281 4716 διὰ
3307 4663 3402 4716 σοῦ
3434 4670 3769 4738 παραγενό-

2175 4776 2310 4831 μενα
2341 4757 2516 4812 καὶαι
2549 4756 2624 4820 ὡς
2648 4758 2910 4829 μακάριοι
2945 4757 3044 4827 τῆς
3082 4758 3481 4828 ὲντρυφήσεως
3517 4800 3535 4822 ,
3563 4761 3620 4812 οξ
3653 4761 3775 4812 τού-

2171 4866 2278 4902 των
2309 4847 2574 4914 καταξίαν
2605 4846 2965 4901 ὲναπολαύειν
3007 4847 3291 4916 τυχόντεςι
3335 4847 3496 4919 Αὕτη
3561 4851 3684 4921 γὰρ
3714 4848 3776 4902 ἄν

2172 4940 2256 5010 εἴη
2290 4940 2426 5010 μόνη
2446 4939 2671 5000 δικαίως
2703 4939 3037 5002 ἀπόλαυσις·
3070 4938 3211 5009 αὕτη
3238 4941 3414 5009 τρυφή
3449 4941 3628 4994 ἐστιν
3657 4942 3778 4995 ἀδα-

2173 5033 2434 5101 πάνητος,
2475 5031 2508 5099 ἡ
2535 5028 2643 5081 τῶν
2673 5029 2782 5083 σῶν
2807 5029 3008 5099 δηλαδὴ
3039 5030 3374 5102 ὲντρύφησις
3407 5033 3773 5104 παραδόξων.

2171 5123 2273 5175 Διά
2318 5121 2522 5193 ταύτης
2570 5122 2705 5191 πρὸς
2733 5122 2833 5192 τὴν
2877 5122 3159 5192 ἀδιάδοχον
3199 5122 3434 5193 εὐωχίαν
3490 5143 3783 5196 χειραγω-

2174 5213 2442 5283 γούμεθα,
2477 5213 2574 5267 καὶ
2605 5215 2672 5283 τῇ
2700 5211 2937 5265 ἐνταῦθά
2978 5228 3074 5265 σου
3104 5213 3436 5285 εὐφροσύνῃ,
3486 5217 3606 5288 τὴν
3660 5218 3779 5286 μὲὶο

2176 5305 2375 5358 λουσαν
2405 5301 2874 5374 προασπαζόμεθα
2919 5302 3208 5375 θυμηδίαν.
3258 5304 3518 5374 Ἐχομεν
3553 5309 3660 5362 τὸν
3691 5310 3782 5380 ἀρ.

2175 5396 2397 5468 ῥαὸῶνα
2431 5395 2540 5448 τῶν
2591 5395 2863 5465 μενόντων
2927 5395 3154 5463 ἀγαθῶν
3175 5437 3193 5462 ,
3235 5396 3322 5449 διὰ
3377 5397 3502 5451 τῶν
3549 5398 3661 5452 νῦν
3695 5416 3782 5453 σου

2174 5489 2567 5559 παρεχομένων
2592 5486 2834 5557 δωρεῶν.
2893 5488 3316 5560 Ἐνωτιζόμεθα.
3347 5488 3442 5542 τὴν
3489 5489 3629 5542 τῶν
3659 5491 3778 5543 αἰω-

2173 5579 2303 5639 νίως
2329 5575 2717 5646 ἁγαλλομένων
2741 5572 2893 5647 ἦχον,
2927 5577 3016 5632 διὰ
3040 5577 3141 5648 τῆς
3167 5578 3452 5650 παρούσης
3494 5595 3610 5633 σου
3641 5579 3781 5641 δοξο-

2173 5667 2381 5736 λογίας.
2446 5666 2828 5736 uersuum»
2879 5668 3034 5740 ἡμῶν
3085 5670 3148 5723 τὸ
3203 5669 3290 5723 διὰ
3337 5668 3396 5722 σὲ
3447 5671 3777 5741 καύχημα·
