3970 6212
467 369 606 433 1355

1590 363 1909 424 GEORGII
1949 361 2542 424 NICOMEDIENSIS

3596 359 3739 426 1358

469 479 850 534 Ιιιοειειωιίοηε
894 475 1170 546 siquidem
1232 473 1636 537 miraculorum,
1691 473 1834 543 quod
1886 489 2034 528 sum-

2149 475 2228 529 τία
2259 475 2588 545 καθέστηκε.
2621 473 2929 545 Θαυμάτων
2978 474 3087 544 γὰρ
3121 472 3452 544 φανερώσει,
3506 473 3573 528 τδ
3599 477 3737 529 θαυ-

467 586 609 626 mam
671 570 830 622 habet
897 565 1311 622 admirationem
1341 603 1357 628 ,
1417 563 1607 618 salutis
1663 564 2037 618 universorum

467 661 784 737 mysterium
834 659 1126 716 reveletur.
1175 656 1466 726 Propterea
1498 657 1625 726 quia
1662 655 1897 710 humana
1940 670 2038 709 na-

473 766 592 808 tura
635 751 771 805 vitio
819 757 1146 814 exaruerat,
1203 763 1326 802 cum
1377 755 1621 801 emortua
1667 744 1734 800 ad
1807 744 2039 798 feturam

465 841 671 897 sterilis
697 840 991 906 excitatur,
1017 849 1128 892 tum
1163 847 1353 890 natura
1389 837 1559 906 major
1581 834 1862 906 virginalis
1886 835 2042 888 inno-

463 944 626 987 vatur
658 941 864 1001 partus.
931 928 1068 984 Vide
1116 939 1298 982 autem
1356 935 1429 980 ‘nt
1487 934 1708 980 ostensa
1755 922 2038 987 miracula,

465 1021 787 1078 oeconomiae
837 1018 1107 1075 miraculo
1155 1027 1397 1088 praeeunt
1426 1035 1440 1071 :
1473 1016 1757 1078 nimirum,
1789 1013 2038 1084 virginali

464 1113 780 1182 conceptui,
815 1112 990 1167 sterili
1041 1109 1260 1164 femina!
1312 1109 1540 1164 collatus
1573 1107 1639 1160 ad
1677 1105 1910 1160 feturam
1954 1107 2039 1158 vi-

466 1218 598 1274 gor;
641 1201 820 1270 partui
857 1216 1017 1268 supra
1054 1197 1349 1260 rationem,
1385 1196 1687 1251 infecunda:
1723 1194 2036 1264 parturitiu;

463 1293 760 1362 cogitatum
795 1305 1010 1345 omnem
1046 1288 1322 1356 superanti
1355 1285 1729 1356 praegnationi,
1785 1285 2039 1352 indepe-

466 1395 611 1440 ctata
656 1383 822 1454 prolis
849 1384 1035 1438 editio.
1073 1383 1280 1450 Quippe
1319 1380 1582 1434 assuescit
1631 1385 1846 1440 natura,
1881 1391 1944 1430 ex
1976 1377 2039 1428 iis

463 1494 587 1550 qua:
635 1485 832 1549 praster
873 1477 1330 1545 exspectationem
1367 1473 1640 1534 accidunt,
1677 1481 1735 1536 ut
1771 1487 1836 1525 ne
1876 1484 2036 1538 supra

467 1579 717 1624 naturam
772 1569 927 1620 novis
967 1567 1194 1635 abroget
1245 1564 1428 1618 fidem.
1482 1561 1733 1616 Nascitur
1777 1559 1937 1624 Virgo
1971 1573 2037 1611 ex

465 1661 678 1727 sterili;
733 1659 876 1714 Deus
949 1673 1016 1714 ex
1069 1657 1290 1727 Virgine
1343 1653 1700 1724 corporaliter
1761 1653 2034 1721 gignitur;

465 1753 839 1821 ambobusque
879 1765 1074 1804 novam
1107 1749 1246 1802 Dens
1273 1755 1578 1800 creaturam
1617 1744 1853 1797 molitur.
1887 1741 2036 1796 Hanc

465 1841 612 1896 enim
666 1839 821 1895 nobis
873 1838 1147 1892 hodierna:
1196 1836 1336 1890 lucis
1385 1833 1770 1904 praenuntiavit
1829 1831 2036 1886 lartitia.
2071 1825 2110 1885 Β

467 1931 622 1987 lianc
650 1930 848 2001 prmvie
898 1927 1245 1984 confirmavit
1295 1925 1560 1981 miraculo
1589 1925 1642 1978 in
1683 1923 1848 1992 jnstis
1887 1924 2040 1978 exhi-

468 2025 602 2078 bito.
640 2022 790 2077 llatae
823 2020 1057 2090 denique
1093 2020 1498 2085 inexspectatus
1535 2016 1752 2070 illorum
1775 2026 2040 2084 occupato

470 2114 735 2170 indicavit
786 2121 995 2184 partus,
1027 2111 1184 2181 isque
1229 2111 1364 2180 ipse,
1399 2123 1720 2164 arcanorum
1755 2108 2042 2180 mysterio-

467 2221 592 2262 rum
629 2219 694 2259 ac
745 2211 972 2259 eventus
1021 2201 1288 2274 ejusdem,
1357 2199 1680 2269 principium
1733 2199 2042 2269 propositus

462 2306 573 2354 est.
607 2295 743 2352 Cum
779 2295 962 2364 itaque
1012 2293 1276 2348 hodierna
1327 2291 1618 2354 feStivitas,
1653 2289 2042 2344 illustrioribus

469 2389 724 2444 oninibus
754 2385 1215 2451 solemnitatibus,
1257 2382 1644 2438 miraculorum
1679 2383 1734 2436 in
1768 2381 1880 2451 ipsa
1907 2395 2040 2435 con-

469 2487 867 2537 summatorum
924 2475 1154 2541 ratione,
1205 2484 1434 2544 prmeat,
1491 2473 1663 2542 iisque
1715 2487 1812 2526 ceu
1847 2471 2042 2526 funda-

472 2580 719 2626 mentum
769 2567 1039 2638 quoddam
1071 2581 1134 2622 ac
1165 2565 1386 2634 crepido
1437 2565 1730 2634 supposita,
1785 2562 2043 2633 quidquid

471 2663 528 2719 in
556 2663 660 2718 illis
693 2669 1162 2716 sacramentorum
1193 2658 1562 2728 dispensatum
1589 2665 1694 2722 est,
1726 2671 1824 2726 pro
1854 2656 2048 2708 fomla-

472 2753 644 2812 menti
699 2754 908 2809 ratione
937 2753 991 2806 in
1027 2765 1086 2806 se
1117 2749 1375 2818 colligat;
1427 2763 1526 2816 par
1569 2749 1794 2800 omnino
1845 2756 1951 2810 cst,
1987 2755 2046 2800 ut

473 2859 732 2916 tanquam
759 2841 1028 2916 principio
1057 2855 1120 2896 ac
1151 2855 1332 2894 causae
1355 2838 1730 2893 universorum
1759 2837 2044 2896 honorum,

471 2936 882 2992 venerationem
917 2934 964 2988 ei
1013 2933 1392 2994 adhibeamus,
1451 2927 1878 2997 impensiorique
1926 2941 2044 2977 eam

472 3027 668 3097 gaudio
716 3023 1074 3080 celebremus.
1132 3019 1300 3074 Decet
1346 3018 1505 3087 plane
1553 3026 1612 3071 ut
1653 3015 1844 3070 salutis
1897 3015 2048 3068 initia

475 3121 680 3173 honore
711 3126 1102 3185 prosequamur
1131 3124 1147 3165 :
1173 3111 1329 3166 decet
1368 3118 1424 3163 ut
1465 3123 1587 3163 cum
1614 3105 1777 3176 justis
1809 3107 2048 3178 gauden-

474 3211 624 3266 tibus
657 3209 860 3280 pariter
899 3206 1232 3278 gaudeamus
1261 3221 1276 3260 :
1307 3205 1462 3260 decet
1497 3214 1555 3258 ut
1597 3219 1721 3259 cum
1759 3203 1942 3258 effusis
1995 3203 2046 3257 in

475 3301 778 3370 gratiarum
805 3299 1074 3363 actiones,
1129 3298 1332 3366 gratias
1369 3308 1768 3364 personemus:
1803 3308 1898 3348 seu
1933 3309 2045 3347 ma-

475 3395 557 3460 gis
601 3397 837 3459 oportet,
886 3397 945 3442 ut
993 3385 1256 3457 quidquid
1305 3383 1573 3454 ejusmodi
1619 3381 1918 3452 gratiarum
1966 3393 2050 3438 est

478 3491 837 3546 resumentes,
871 3489 1124 3550 tanquam
1169 3492 1269 3548 pro
1297 3476 1457 3532 bonis
1489 3475 1744 3546 propriis,
1791 3489 1854 3528 ac
1885 3473 2051 3528 bene-

477 3566 634 3635 ticiis.
669 3588 788 3642 qua:
815 3572 929 3628 sola
964 3587 1092 3628 vere
1117 3569 1383 3626 beneficia
1415 3577 1562 3633 sunt,
1597 3566 1914 3624 eorumdem
1943 3565 2052 3620 lar-

2145 566 2478 636 μαστότατον
2533 565 2788 620 ἁπάντων
2853 567 2957 637 τῆς
3001 565 3099 620 τοῦ
3173 567 3365 634 γένους
3440 567 3730 638 σωτηρίας

2141 654 2580 713 ἀνακαλύπτεται
2631 657 2948 728 μυστήριον.
2978 655 3078 710 Διά
3105 655 3205 726 τὴν
3248 655 3734 727 ἀποξηρανθεῖσαν

2141 749 2206 817 τῇ
2237 747 2404 816 κακίᾳ
2427 745 2588 816 φύσιν
2607 746 2785 818 ἡμῶν,
2809 747 2846 819 ἢ
2867 764 2929 800 τε
2955 745 3338 818 νενεκρωμένη
3373 747 3573 818 στείρα
3593 747 3737 816 πρδς

2141 836 2490 906 τεκνογονίαν
2521 837 2970 910 ἀναζωπυρεῖται
2991 854 3007 870 ο
3043 837 3140 892 καὶ
3168 840 3197 892 ό
3224 837 3561 906 παρθενικδς
3587 837 3736 908 ὑπὲρ

2143 928 2308 998 φύσιν
2334 932 2743 1001 καινοτομεῖται
2770 931 2950 995 τόκος.
2981 930 3092 984 Καὶ
3130 930 3232 998 δρα
3263 931 3382 994 πῶς
3401 929 3502 983 τοῦ
3547 946 3738 1001 παρα-

2131 1020 2294 1086 δόξου
2342 1023 2443 1095 τῆς
2501 1022 2834 1094 οἰκονομίας,
2879 1021 3180 1092 θαυμάτων
3233 1023 3530 1089 ἐπιδείξεις
3597 1024 3737 1075 καθ-

2141 1113 2439 1184 ηγοῦνται·
2471 1113 2572 1184 τῆς
2602 1113 2936 1184 παρθενικῆς
2969 1115 3238 1184 κυήσεως,
3293 1115 3327 1184 ἠ
3363 1113 3466 1183 τῆς
3509 1115 3738 1184 στείρας

2144 1205 2455 1276 νεοποίησις
2474 1223 2487 1236 ·
2521 1207 2554 1277 ή
2585 1207 2685 1275 τῆς
2708 1205 2905 1274 ἀγόνου
2935 1206 3252 1277 βλάστησις,
3273 1205 3370 1258 τοῦ
3398 1206 3547 1277 ὑπὲρ
3575 1206 3738 1274 λόγον

2142 1299 2304 1350 τόκου
2322 1313 2342 1327 ο
2385 1299 2417 1368 ή
2446 1298 2575 1366 παρ’
2619 1295 2811 1350 ἐλπίδα
2842 1296 3180 1365 τεκνογονία,
3210 1295 3312 1365 τῆς
3339 1295 3488 1364 ὑπὲρ
3519 1295 3767 1364 ἔννοιαν,

2112 1386 2459 1458 ,κυοφορίαᾳ
2503 1385 2772 1450 Ἐθίζεται
2815 1387 2924 1456 γὰρ
2970 1388 3082 1450 τοῖς
3129 1385 3282 1457 παρά
3327 1387 3675 1458 προσδοκίαν
3703 1389 3738 1458 ὴ

2145 1477 2330 1547 φύσις,
2363 1481 2476 1542 τοῖς
2509 1479 2804 1551 ὑπερφυῶς
2837 1479 2914 1550 μὴ
2947 1479 3252 1532 διαπιστεῖν
3296 1479 3739 1549 καινοτομουμέ-

2143 1587 2275 1634 νοις.
2316 1571 2411 1624 Ἐκ
2436 1570 2680 1640 στείρας,
2710 1571 2987 1643 Παρθένος
3007 1587 3022 1602 ο
3049 1573 3114 1624 ὲκ
3145 1569 3436 1642 Παρθένου
3457 1569 3600 1633 Θεὸς
3633 1588 3742 1624 σω-

2149 1660 2394 1726 ματικῶς
2424 1662 2802 1728 ἀποτίκτεται,
2841 1663 2936 1716 καὶ
2980 1661 3050 1716 δι’
3091 1661 3422 1734 ἀμφοτέρων
3466 1664 3739 1733 νεουργία

2145 1753 2620 1824 πραγματεύεται.
2649 1755 2869 1825 Ταύτην
2903 1753 3012 1825 γάρ
3043 1755 3176 1824 ἡμῖν
3210 1755 3244 1826 ὴ
3298 1754 3553 1824 παροῦσα
3591 1771 3734 1826 προ-

2141 1845 2532 1916 ευηγγελίσατο
2565 1845 2824 1916 θυμηδία.
2861 1843 3082 1916 Ταύτην
3113 1846 3171 1898 ὲν
3201 1844 3279 1916 τῷ
3312 1847 3444 1916 περὶ
3487 1847 3621 1908 τοὺς
3648 1846 3730 1898 δι-

2141 1937 2331 2000 καίους
2363 1935 2773 2008 πῳεὸεὸαίωσε
2803 1933 3043 2005 θαύματι
3065 1950 3078 1964 ’
3100 1933 3308 2006 ταύτην
3323 1933 3353 1986 ό
3370 1935 3505 2004 παρ’
3541 1934 3733 1987 ἐλπίδα

2140 2025 2300 2088 τόκος
2325 2024 2574 2088 ἐκείνων,
2597 2024 2692 2077 καὶ
2711 2023 3036 2093 ἀνεκήρυξε,
3060 2023 3153 2077 καὶ
3175 2021 3319 2093 ἀρχὴ
3339 2021 3450 2075 τῶν
3475 2040 3544 2076 τε
3568 2025 3736 2095 ἀπορ-

2144 2115 2326 2186 ῥήτων
2352 2113 2688 2184 μυστηρίων,
2721 2113 2818 2166 καὶ
2843 2113 2944 2182 τῆς
2971 2112 3177 2183 ταύτης
3211 2111 3499 2174 ἐκϐάσεως
3531 2115 3733 2184 προτέ-

2142 2201 2339 2255 θειται.
2375 2201 2583 2255 Οὐκοῦν
2613 2201 2798 2272 ἐπειδὴ
2819 2202 2930 2254 τῶν
2959 2201 3354 2273 εὐσημοτέρων
3383 2203 3583 2256 πασῶν
3612 2203 3736 2274 ἑορ-

2142 2293 2274 2358 τῶν,
2297 2295 2326 2348 ό
2355 2295 2596 2366 σήμερον
2615 2293 2702 2347 διά
2716 2293 2827 2347 τῶν
2847 2295 2906 2347 έν
2921 2296 3059 2365 αὐτῇ
3085 2293 3451 2350 τελεσθέντων
3485 2296 3736 2366 προκαθ-

2141 2388 2360 2455 ηγεῖται
2401 2384 2720 2456 θαυμάτων,
2767 2383 2862 2438 καὶ
2906 2378 3018 2438 οἷον
3064 2384 3220 2454 βάσις
3253 2401 3337 2450 τις
3379 2387 3478 2440 καὶ
3525 2389 3735 2458 κρηπὶς

2141 2476 2335 2539 αὐταῖς
2365 2473 2782 2545 ὑποτεθειμένη,
2806 2473 2867 2528 τὸ
2892 2476 3003 2528 πᾶν
3031 2474 3122 2544 ὑφ’
3159 2474 3362 2546 ἑαυτὴν
3392 2475 3512 2529 τῶν
3547 2477 3738 2544 διαφόο

2147 2585 2256 2639 ρως
2288 2564 2756 2637 οίκονομηθέντων
2795 2565 3048 2636 καθάπερ
3083 2565 3332 2638 θεμέλιός
3375 2583 3468 2632 τις
3506 2569 3734 2621 ἐπισυν-

2146 2658 2268 2728 άγει
2319 2657 2658 2729 μυστηρίων,
2688 2657 2854 2712 δεῖτὸ
2902 2655 3200 2728 σεϐάσμιον
3237 2659 3380 2729 αὐτῇ
3424 2657 3528 2712 καὶ
3575 2676 3738 2730 περι-

2147 2750 2334 2821 χαρὲς.
2383 2749 2463 2812 ὡς
2503 2751 2646 2822 ἀρχῇ
2695 2749 2789 2802 καὶ
2839 2747 2988 2820 αίτίᾳ
3039 2748 3146 2802 τῶν
3195 2750 3452 2804 ἁπάντων
3508 2751 3744 2819 ἀγαθῶν

2148 2841 2406 2911 ἀφοσιούν
2428 2858 2442 2872 ο
2478 2841 2558 2894 δεῖ
2582 2841 2650 2894 τά
2677 2843 2777 2912 τῆς
2808 2841 3084 2913 σωτηρίας
3111 2842 3392 2913 γεραίρειν
3418 2843 3740 2914 προοίμιαο

2147 2930 2226 2984 δεῖ
2256 2935 2323 3002 τῇ
2375 2931 2482 2984 τῶν
2531 2930 2757 2984 δικαίων
2807 2930 3142 3002 συνησθῆναι
3200 2930 3476 3002 θυμηδίαο
3525 2931 3618 2984 δεῖ
3679 2935 3742 3003 τῇ

2149 3023 2374 3076 ἐκείνων
2418 3021 2728 3094 συνεξᾴδειν
2775 3023 3120 3095 εὐχαριστίᾳ.
3163 3023 3380 3077 Μᾶλλον
3418 3023 3478 3076 δὲ
3528 3024 3590 3075 τὸ
3639 3026 3742 3076 πᾶν

2151 3112 2320 3181 αὐτῆς
2354 3111 2744 3176 ἀναλαϐόντας,
2769 3111 2845 3175 ὼς
2872 3111 3012 3182 ὑπὲρ
3034 3112 3274 3176 οἰκείων,
3303 3112 3401 3166 καί⁵
3418 3111 3534 3165 τῶν
3558 3114 3742 3181 μόνων

2149 3205 2317 3268 ὅντως
2350 3204 2831 3276 εὐεργετημάτων,
2876 3204 3186 3258 ἀποδιδόναι
3229 3204 3308 3274 τῷ
3335 3204 3637 3277 εὐεργέτῃ.
3667 3206 3742 3258 Δι’

2150 3296 2312 3369 ἡμῶν
2340 3297 2449 3368 γὰρ
2491 3295 2652 3366 αὐτη,
2686 3295 2719 3367 ἢ
2768 3295 2837 3349 δι’
2887 3295 3092 3366 ἐτέρων
3149 3294 3531 3366 ἀναφέρεσθαι
3572 3313 3750 3365 προςο

2149 3390 2448 3460 οφείλεται,
2472 3389 2628 3460 ἡμῶν
2643 3387 2846 3460 μᾶλλον
2856 3387 2964 3440 τῶν
2981 3385 3171 3441 αἰτίων
3185 3388 3362 3458 αὐτῆς
3381 3389 3750 3443 ὲναπολαυ-όν-

2149 3498 2260 3535 των
2289 3480 2527 3550 δωρεῶν.
2571 3480 2735 3534 Ἀλλὰ
2771 3479 2900 3550 περὶ
2933 3480 3032 3550 μὲν
3075 3479 3285 3534 τούτων
3330 3479 3482 3534 οὕτω
3551 3482 3746 3552 καιρδς

2151 3574 2209 3630 δὲ
2237 3576 2370 3646 ἡμῖν
2424 3575 2481 3627 ὲν
2515 3574 2582 3644 τῇ
2614 3571 2724 3626 τῶν
2775 3573 3232 3641 συγκαλεσάντων
3279 3571 3519 3628 δικαίων
3561 3590 3748 3626 συνει-

476 3665 637 3736 gitori
669 3675 844 3720 totum
891 3663 1272 3732 rependamus.
1300 3658 1407 3716 Per
1439 3675 1537 3716 nos
1563 3659 1852 3730 siquidem,
1881 3674 2045 3730 quam

2155 3664 2439 3736 λεγμὲνοις
2468 3663 2692 3735 εὐωχίᾳ,
2727 3665 2840 3726 τοῖς
2872 3662 3302 3734 ὐπερηδύνουσιν
3335 3661 3528 3715 αὐτῶν
3569 3665 3750 3732 ἐμεῖο-

478 3770 576 3826 per
609 3755 742 3811 alios
776 3755 953 3825 potius
1003 3752 1299 3809 referendae
1350 3752 1483 3816 sint,
1515 3751 1585 3806 ad
1625 3765 1762 3821 quos
1813 3751 2045 3806 maxime

2159 3755 2395 3828 ρηθῆναι
2423 3755 2886 3824 πλεονεκτήμασι,
2918 3755 3014 3807 καὶ
3034 3755 3178 3826 ἅπερ
3216 3755 3246 3806 ὀ
3268 3753 3569 3824 προλαϐὼν
3597 3773 3750 3824 παρ-

476 3856 688 3916 spcctet
742 3847 1005 3902 donorum
1059 3844 1286 3911 fructus,
1336 3859 1564 3914 quormn
1613 3843 1702 3899 illa
1738 3857 1900 3898 causa
1945 3856 2045 3900 est.

2157 3849 2261 3918 ῆκε
2298 3845 2477 3915 λόγος,
2528 3843 2704 3912 ταῦτα
2751 3843 3286 3916 προπαραθεμὲνοις,
3312 3843 3425 3899 τῶν
3460 3845 3527 3909 ἐξ
3561 3846 3748 3899 αὐτῶν

478 3941 558 3994 Ae
593 3939 770 3994 dehis
800 3938 1020 4008 quidem
1073 3937 1358 3992 hactenus.
1409 3933 1644 4004 Tempus
1679 3949 1806 3990 vero
1848 3944 1934 3990 est
1993 3946 2045 3989 ut

2158 3937 2390 4010 ἡδίστων
2420 3935 2614 3989 ὲναπο)
2623 3933 2810 3990 αὖσαι.

477 4033 658 4106 qui.in
693 4031 1108 4088 commeantium
1149 4045 1248 4085 nos
1304 4029 1576 4098 justorum
1646 4029 1949 4099 magnificis
2017 4029 2192 4100 epulis
2229 4028 2440 4084 collecti
2475 4019 2671 4094 simus,
2737 4027 3077 4082 dulcedinem
3127 4042 3345 4083 omnem
3393 4029 3751 4085 vincentibus

479 4143 670 4185 eorum
701 4123 1072 4196 prmrogatiris
1095 4121 1159 4176 ad
1188 4123 1494 4178 satietatem
1518 4121 1854 4188 deliciemur,
1885 4135 2053 4194 utque
2090 4138 2152 4180 ea
2219 4129 2606 4195 proponentes,
2641 4136 2761 4192 qua:
2810 4123 3061 4192 superior
3143 4123 3330 4177 omisit
3379 4139 3596 4190 sermo,
3627 4126 3750 4179 dul-

479 4218 706 4276 cissimo
739 4230 929 4272 eorum
962 4225 1119 4286 gustu
1155 4213 1417 4268 fruanmr.

491 4315 502 4330 °
551 4313 599 4366 ls
627 4310 795 4374 enim,
843 4307 1092 4362 adductis
1121 4321 1186 4360 ac
1214 4321 1312 4376 pro
1341 4305 1481 4359 virili
1513 4304 1796 4373 explicatis
1827 4305 2048 4375 praem-l-

2224 4303 2576 4376 Παραγαγὼν
2631 4303 2740 4375 γὰρ
2794 4297 2970 4368 οὗτος,
3022 4303 3118 4357 καὶ
3163 4304 3308 4358 κατὰ
3359 4304 3422 4356 τὸ
3455 4307 3752 4376 sumpsit:

479 4401 714 4457 lentibus
745 4397 994 4453 Joachim
1046 4394 1436 4466 prxerogativis,
1470 4408 1635 4464 utque
1663 4397 1715 4450 in
1751 4397 1868 4466 ipso
1895 4397 2045 4449 obla.

2153 4397 2522 4464 διαναπτύξας
2563 4395 2636 4449 τὰ
2665 4395 3076 4467 ὐπερανέχοντα
3116 4395 3378 4467 Ὶωακεὶμ
3411 4397 3757 4467 πλεονεκτηο

481 4491 646 4546 tionis
689 4487 997 4557 procinctu,
1045 4486 1296 4554 repulsus
1334 4503 1362 4537 a
1397 4485 1794 4539 contribulibus
1847 4485 2047 4539 invidia

476 4580 705 4652 percitis
737 4589 795 4633 ut
823 4593 890 4632 ne
932 4576 1212 4648 magniﬁca
1254 4575 1476 4630 offerret
1513 4579 1674 4640 dona,
1723 4591 1912 4640 nmnn,
1939 4591 2047 4646 quo

477 4674 548 4728 ab
595 4686 780 4727 eorum
835 4668 1178 4738 improperiis
1228 4667 1569 4732 liberaretur,
1627 4666 1927 4737 perfugium
1981 4667 2047 4720 ad

478 4767 647 4819 Deum
679 4761 948 4816 invenerit
978 4778 993 4815 :
1021 4774 1270 4830 quaenam
1313 4757 1440 4812 item
1479 4756 1596 4827 ejus
1628 4759 1682 4811 in
1719 4769 1902 4814 monte
1935 4757 2050 4812 fue-

475 4857 548 4910 rit
580 4853 799 4908 homine
846 4851 1020 4922 major
1055 4849 1480 4920 perseverantia,
1530 4851 1849 4916 intonsaque
1878 4849 2048 4904 alisti-

477 4943 701 5008 nentia;
732 4955 853 5008 seu,
889 4952 948 4996 ut
979 4942 1157 4996 verius
1185 4942 1384 5007 dicam,
1415 4941 1523 4992 vita
1557 4940 1804 5010 corporis
1827 4956 2046 5008 expers.

477 5033 636 5101 Quod
665 5033 811 5088 enim
846 5031 1024 5088 aliene
1068 5031 1274 5086 habeas
1304 5046 1332 5084 ιι
1365 5029 1568 5084 carnali
1613 5027 1918 5093 affectione,
1950 5047 2048 5083 na-

477 5135 614 5179 turae
675 5122 948 5178 insuetum
1003 5121 1271 5192 jejunium
1333 5121 1642 5175 exercuerit
1700 5134 2046 5188 novumque,

481 5215 630 5270 velut
681 5213 864 5270 carnis
898 5222 1176 5282 expertem
1217 5213 1397 5268 dicere
1443 5193 1736 5282 opmpellit.
1771 5211 1904 5266 Cum
1936 5213 2050 5267 luce

477 5307 662 5377 itaque
688 5305 934 5376 superior
961 5303 1138 5358 oratio
1168 5305 1314 5357 brevi
1348 5303 1733 5374 suggessisset,
1772 5305 1840 5357 ad
1873 5319 2047 5372 usque

476 5395 753 5451 oraculum
795 5393 938 5464 quod
974 5407 1072 5462 per
1098 5392 1345 5463 angelum
1387 5393 1590 5446 editum
1633 5403 1738 5455 est,
1776 5407 1894 5460 qua:
1925 5401 2052 5448 sunt

479 5487 712 5556 reliqua,
761 5501 826 5542 ac
859 5493 1108 5556 spectant
1139 5487 1206 5540 ad
1237 5493 1442 5538 castam
1473 5499 1537 5538 ac
1563 5484 1766 5552 justam
1809 5485 2047 5550 Annam,

479 5579 780 5634 indiscussa
825 5577 1068 5648 reliquit.
1099 5574 1215 5631 Non
1243 5575 1388 5630 velut
1415 5575 1550 5629 nihil
1583 5575 1836 5630 universe
1859 5576 1927 5632 de
1961 5577 2048 5630 illa

479 5677 823 5732 sermonibus
852 5677 975 5732 aliis
1003 5692 1032 5730 a
1065 5675 1220 5731 nobis
1249 5675 1575 5744 explicatum
1611 5675 1700 5728 sit.
1735 5673 1792 5728 In
1821 5674 2052 5729 diversis

479 5764 660 5831 enim,
709 5777 968 5835 quantum
1029 5767 1211 5834 licuit,
1257 5781 1320 5822 ea
1365 5764 1662 5822 dilucidare
1707 5763 2046 5830 studuimus;

2159 4507 2325 4561 ματα,
2371 4491 2518 4551 ὅπως
2555 4504 2616 4540 τε
2653 4487 2958 4557 καλλιερῶν
2999 4487 3182 4558 φθόνῳ
3227 4489 3339 4540 τῶν
3378 4489 3757 4558 συμφυλετῶν

2154 4581 2481 4652 ἀπείργεται
2529 4577 2622 4634 τοῦ
2677 4580 2747 4632 τά
2807 4577 2910 4649 τῆς
2979 4577 3386 4649 μεγαλοψυχίας
3445 4581 3755 4651 ἀναφέρειν

2154 4671 2322 4743 δῶρα,
2354 4674 2448 4726 καὶ
2477 4673 2627 4735 ὅπως
2663 4670 2774 4724 τῶν
2812 4673 2942 4742 παρ’
2981 4672 3184 4740 ἑτέρων
3224 4671 3578 4740 ὀνειδισμῶν,
3621 4673 3756 4740 μίαν

2155 4764 2358 4834 ταύτην
2393 4764 2714 4835 ἀπαλλαγὴν
2759 4763 3100 4834 ὲφευρίσκει,
3132 4763 3231 4834 τὴν
3275 4765 3356 4828 είς
3387 4763 3528 4818 Θεὸν
3573 4782 3756 4816 κατα-

2158 4859 2372 4928 φυγὴν⁶
2409 4856 2496 4920 τίς
2528 4873 2588 4909 τε
2632 4859 2668 4926 ἡ
2701 4855 2840 4927 ὑπὲρ
2881 4854 3168 4927 ἄνθρωπον
3217 4855 3386 4908 αὐτοῦ
3421 4858 3482 4908 ὲν
3517 4855 3600 4924 τῷ
3633 4856 3758 4926 ὄρει

2157 4947 2424 5018 καρτερία
2451 4946 2552 5001 καὶ¹
2577 4947 2948 5017 ὲπιτεταμένη
2975 4947 3160 5001 ἀσιτία
3181 4961 3196 4976 ⁸
3223 4946 3432 5014 μᾶλλον
3460 4947 3521 4998 δὲ
3542 4948 3756 5010 εἰπεῖν,

2157 5037 2420 5110 ἀσαρκία.
2453 5037 2526 5090 Τὸ
2553 5037 2662 5110 γὰρ
2697 5037 2982 5108 ἀλλότριον
3011 5036 3174 5090 αὐτὸν
3197 5036 3297 5105 τῆς
3323 5035 3608 5108 σαρκικῆς
3639 5035 3760 5088 6::-

2157 5127 2382 5198 τεθῆναι
2414 5126 2678 5197 σχέσεως.
2720 5129 2816 5181 καὶ
2845 5126 3010 5196 ξένην
3049 5127 3152 5196 τῆς
3191 5127 3411 5196 φύσεως
3441 5125 3761 5196 διακαρτεο

2161 5225 2324 5293 ρῆσαι
2359 5211 2646 5289 νηστείαν,
2670 5219 2910 5291 ἄσαρκόν
2940 5214 3082 5273 εἶναι
3121 5219 3302 5286 λέγειν
3343 5216 3534 5287 σχεδὸν
3565 5235 3760 5289 παρα.

2159 5309 2438 5374 σκευάζει.
2485 5309 2840 5380 ’Υπομνήσας
2894 5306 2986 5364 οὖν
3041 5308 3217 5363 ταῦτα
3277 5309 3368 5362 διὰ
3418 5308 3692 5379 βραχέων
3735 5312 3763 5362 ὀ

2157 5402 2335 5470 λόγος,
2377 5403 2540 5473 μέχρι
2561 5401 2656 5455 τοῦ
2690 5401 2758 5454 δι’
2789 5402 3024 5470 ἀγγέλου
3065 5401 3204 5472 πρὸς
3231 5401 3397 5454 αὐτὶν
3439 5405 3765 5471 γενομένου

2159 5490 2567 5564 χρηματισμοῦ,
2604 5492 2672 5546 τὰ
2701 5490 2829 5561 έξῆς
2848 5509 2929 5557 τε,
2969 5492 3064 5545 καὶ
3087 5492 3155 5545 τὰ
3181 5492 3307 5563 περὶ
3333 5491 3436 5560 τῆς
3467 5492 3767 5563 σώφρονος

2159 5584 2254 5638 καὶ
2276 5583 2492 5646 δικαίας
2507 5583 2708 5654 Ἀννης
2728 5583 3032 5656 παρέλιπεν
3055 5581 3391 5648 ἀνεξέταστα
3407 5600 3422 5612 ·
3439 5584 3510 5636 οὐ
3531 5587 3606 5654 τῇ
3629 5585 3770 5637 καθ-

2157 5675 2280 5730 όλου
2318 5676 2429 5729 τῶν
2463 5676 2593 5748 περὶ
2615 5665 2807 5744 αὐτῆς¹
2841 5675 3017 5745 λόγων
3071 5673 3375 5739 ἀναπτύξει
3421 5677 3530 5746 (ἐν
3567 5676 3772 5742 buy,-

2161 5783 2274 5838 9az;
2303 5767 2410 5838 γὰρ
2425 5765 2596 5821 ταῦτα
2619 5755 2762 5824 κατά
2785 5771 2846 5822 τὸ
2873 5769 3004 5837 ἡμῖν
3035 5766 3251 5836 ἐφικτὸν
3273 5767 3353 5820 διε
3369 5770 3772 5836 ταφήσα;·εν),
