3970 6212
209 371 333 440 1357

1258 377 1341 438 ΙΝ
1382 373 1965 440 ΟΟΝΟΕΡΤΙΟΝΕΜ
2007 374 2066 435 S.
2107 373 2352 435 ANN.E.

3319 370 3454 434 1358

204 491 260 544 ἐν
289 487 344 540 δέ
371 487 440 558 τῇ
487 484 740 559 παρούσῃ
785 485 1044 558 θυμηδίᾳ,
1077 484 1171 540 καὶ
1211 487 1276 556 τῇ
1321 485 1558 555 φιλοθὲῳ
1600 485 1776 556 ταύτῃ

1886 483 2022 536 hami
2065 491 2244 537 tamen
2283 483 2338 535 in
2365 479 2613 551 prmsenti
2659 479 2866 546 ltctitia,
2899 494 2962 536 ac
2997 477 3245 550 religioso
3277 494 3456 536 vestro

201 577 490 650 ὀμηγὺρει,
533 576 808 647 οὐδαμῶς.
851 578 942 630 Διὸ
973 576 1078 648 χρή
1118 577 1214 629 καὶ
1259 577 1498 646 σήμερον
1545 575 1612 628 τὰ
1646 575 1774 646 περὶ

200 667 397 738 ταύτης
413 666 704 733 διεξελθεῖν
726 667 1010 738 πρότεραι,
1037 663 1138 720 εἷθ’
1162 666 1306 720 οὑτω
1326 667 1396 720 τὰ
1421 665 1776 719 ἐπιλείποντα

201 763 298 831 τῆς
339 759 648 822 ὑποθέσεως
675 759 743 813 δι’
778 759 1136 826 ἀναπτύξεως
1171 760 1354 815 αὐτῶν
1384 763 1498 824 τοίς
1537 759 1778 812 συνειλε-

204 851 419 922 γμένοις
447 850 789 922 προσθεῖναι.
805 850 1019 922 Ὥσπερ
1046 851 1157 924 γὰρ
1188 853 1282 906 τὸν
1313 852 1692 924 μεγαλόψυχόν
1711 867 1776 904 τε

205 943 355 1014 ὁμοῦ,
402 944 499 998 καὶ
547 944 686 1016 πρὸς
733 943 1016 1013 φιλοθεῖαν
1061 945 1327 1015 διάπυρον
1363 945 1625 1014 Ίωακεὶμ
1669 941 1812 1014 πρὸ·

208 1036 430 1106 βραχέος
471 1038 530 1090 ἐν
569 1037 891 1109 ὑπερέχοντι
923 1038 1131 1108 ἤγομεν
1175 1037 1438 1109 θαύματι,
1482 1037 1630 1099 ὅπως
1676 1035 1778 1105 μὲν

205 1125 336 1196 πρὸς
364 1125 433 1179 τὰ
453 1127 636 1180 εἰκαῖα
663 1125 772 1180 τῶν
811 1127 1079 1182 Ἰουδαίων
1099 1129 1200 1182 οὑκ
1231 1127 1564 1200 ἀντιδιετέθη
1591 1124 1778 1196 σκώμ-

209 1232 371 1285 ματα,
403 1216 498 1270 καὶ
524 1215 625 1286 τὴν
654 1215 863 1286 αὐθάδη
893 1218 1002 1270 τῶν
1027 1217 1398 1284 ὀνειδιζόντων
1429 1219 1531 1270 οὑκ
1551 1216 1780 1270 ἐπεστό-

209 1324 359 1378 μισεν
415 1307 767 1372 ἀλαζονείαν.
802 1309 1004 1380 μηδένα
1049 1310 1150 1380 μὲν
1198 1310 1416 1372 δεικνὺς
1467 1326 1777 1380 παρακεκι-

205 1399 398 1470 νῆσθαι
427 1399 591 1470 νόμον
627 1401 686 1454 ἐν
725 1403 842 1464 τοῖς
885 1400 1320 1471 ἀνατιθεμένοις,
1349 1401 1530 1472 φθόνῳ
1572 1402 1649 1464 δὲ,
1679 1403 1778 1470 τὴν

204 1491 626 1562 ἀπροφάσιστον’
650 1493 771 1546 κατ’
793 1492 960 1546 αὑτοῦ
991 1488 1348 1562 ἐπινοηθῆναι
1383 1492 1583 1561 σκῆψιν
1607 1507 1622 1520 ·
1659 1490 1778 1554 πῶς

203 1583 259 1636 δὲ
282 1582 532 1653 καθάπερ
559 1582 787 1647 τούτων,
819 1581 961 1636 οὑτω
992 1584 1088 1637 καὶ
1119 1584 1229 1635 τῶν
1263 1585 1382 1636 κατ’
1424 1579 1574 1636 οἷκον
1607 1583 1782 1638 ἀπάν-

205 1691 313 1729 των
341 1676 790 1746 καταφρονήσας,
816 1675 934 1746 Θεῷ
965 1675 1062 1746 μὲν
1094 1675 1242 1746 μόνῳ
1270 1675 1338 1727 τὰ
1369 1677 1498 1746 περὶ
1525 1674 1619 1729 τοῦ
1642 1675 1782 1745 πρά-

206 1783 410 1838 γματος
439 1766 774 1834 ἀνατίθεται,
805 1767 903 1838 τὴν
931 1767 1188 1836 ὑπερφυᾶ
1211 1767 1268 1820 δὲ
1297 1767 1596 1838 καρτερίαν
1625 1768 1684 1820 ἐν
1710 1769 1775 1838 τῇ

1878 583 2168 628 conventu.
2191 572 2555 640 Quamobrem
2583 583 2796 643 oportet
2818 583 2896 636 ut,
2927 572 3162 628 breviter
3187 587 3458 638 prteenar-

1877 667 2012 722 ratis
2041 682 2161 735 quia:
2191 667 2258 722 ad
2291 682 2410 722 eam
2455 674 2726 736 spectant,
2759 683 2880 737 qua:
2905 668 3210 735 argumenti
3247 667 3456 735 reliqua

1879 766 2028 824 sunt,
2075 771 2260 813 vesu'o
2289 759 2549 828 deinceps
2583 759 2773 824 canui,
2805 759 3126 830 explicanda
3166 773 3455 829 apponam.

1879 847 2346 915 Quemadmodum
2380 851 2524 905 enim
2559 851 2720 920 paulo
2745 859 2894 915 ante,
2937 850 3280 917 magniﬁcum
3314 852 3460 920 pari--

1883 951 1964 995 ιρι·
1985 939 2233 996 Joacltim
2281 943 2544 1010 animum,
2598 941 2821 1012 ejusque
2861 943 2912 996 in
2947 941 3116 998 Deum
3170 955 3457 997 accensam

1880 1031 2136 1102 pietatem
2193 1035 2442 1088 maxima-
2485 1037 2718 1104 quadam
2771 1035 3134 1090 admiratione
3187 1035 3458 1104 prosecuti

1879 1139 2100 1192 sumus,
2139 1135 2197 1179 ut
2244 1126 2500 1180 nimirum
2558 1139 2664 1180 non
2721 1124 2886 1182 fuerit
2947 1136 3128 1182 motus
3182 1127 3460 1180 contrario

1880 1214 2075 1270 nilei-tn
2125 1217 2190 1269 ad
2241 1214 2587 1281 Judzeorum.
2643 1219 2839 1288 quibus
2893 1218 3268 1274 incessebatur
3319 1233 3456 1271 vana

1878 1317 2202 1372 sconunata,
2236 1323 2337 1363 nec
2376 1309 2639 1363 audacem
2671 1311 3150 1381 itnpmperantitun
3193 1323 3460 1379 arrogan-

1882 1398 2011 1452 tiam
2069 1401 2485 1469 compresserit,
2534 1401 2710 1471 palam
2739 1405 3031 1458 ostendens
3079 1403 3278 1456 nullam
3309 1419 3370 1458 se
3404 1404 3456 1455 iu

1879 1489 2080 1543 oblatis
2111 1491 2345 1546 violasse
2377 1491 2576 1562 legem,
2627 1486 2854 1562 solaque
2900 1507 2996 1547 eos
3047 1495 3273 1560 invidia,
3321 1494 3458 1548 nihil

1881 1596 2063 1635 causa:
2097 1581 2384 1638 habentem
2417 1593 2608 1638 contra
2642 1585 2815 1654 ipsum
2865 1585 3206 1656 excogitasse
3253 1586 3458 1641 enitun-

1882 1673 2027 1727 niam
2064 1691 2077 1727 :
2119 1681 2177 1728 ut
2211 1675 2362 1739 item,
2397 1677 2536 1731 sicut
2569 1676 2712 1739 istis,
2744 1677 2818 1730 ita
2849 1685 2903 1731 et
2935 1677 3250 1733 domesticis
3277 1680 3459 1732 omni-

1884 1762 1987 1818 bus
2015 1763 2298 1834 neglectis,
2333 1764 2386 1819 in
2424 1765 2589 1821 Deum
2637 1765 2808 1822 solum
2847 1766 2922 1820 rei
2955 1761 3224 1822 sninmam
3264 1766 3462 1822 retule-

207 1858 395 1929 ἐρήμῳ
427 1856 787 1912 ἐνδείκνυται.
827 1857 1041 1928 ’Ὥσπερ
1069 1852 1162 1911 οὖν
1193 1857 1262 1910 τὰ
1290 1856 1386 1910 τοῦ
1426 1856 1640 1911 δικαίου
1660 1859 1781 1910 τότε

1889 1855 1977 1918 rit,
2008 1856 2312 1924 eximieque
2338 1873 2386 1910 tu
2414 1857 2636 1912 rabilem
2663 1859 3124 1928 perseverantiam
3159 1858 3210 1912 in
3242 1857 3462 1914 deserto

205 1948 694 2012 διαναπτὺσσοντες
721 1949 1198 2022 πλεονεκτήματα,
1229 1949 1290 2002 τὸ
1319 1949 1658 2021 ὑπερανέχον
1685 1951 1782 2002 αὑ-

204 2041 312 2094 τῶν
333 2040 740 2112 ἐθαυμάζομεν,
763 2041 908 2095 οὕτω
929 2043 1022 2096 καὶ
1052 2043 1121 2096 τά
1141 2046 1237 2114 τῆς
1254 2043 1530 2113 ὁμοζύγου
1557 2043 1778 2114 Ἀννης,

203 2132 364 2203 εἴπερ
383 2131 450 2186 ἂν
479 2132 560 2196 εἰς
590 2133 758 2202 μέσον
775 2131 855 2202 τῷ
871 2131 1015 2203 λόγῳ
1037 2133 1486 2204 παραγάγοιμεν,
1506 2135 1782 2206 κατορθώ-

207 2245 372 2299 ματα,
404 2227 484 2299 τῷ
523 2225 852 2298 καταλλήλῳ
883 2226 1094 2290 τούτοις
1128 2225 1603 2298 συνανυςιὼσωμεν
1647 2225 1781 2281 θαύ-

208 2333 360 2390 ρατι.
404 2316 634 2388 Ἐπίσης
677 2317 788 2388 γὰρ
828 2317 924 2371 καὶ
966 2319 1106 2390 αὑτῇ
1136 2319 1322 2388 τὸτῆς
1369 2319 1648 2390 ὑπομονῆς
1693 2320 1783 2374 καὶ

206 2409 524 2481 καρτερίας,
551 2410 752 2482 μᾶλλον
781 2409 839 2463 δὲ
880 2411 1208 2482 ὑπερέχοντι
1251 2412 1538 2478 δοξάζεται
1589 2413 1784 2468 πλεον-

203 2505 335 2576 εκτή
345 2521 496 2574 ματι.
513 2503 691 2560 Πολλά
706 2506 764 2560 δέ
779 2505 848 2558 τά
870 2504 1223 2576 παριστῶντα
1239 2505 1419 2568 τοῦτο,
1445 2506 1542 2560 καὶ
1558 2507 1637 2570 είς
1659 2507 1784 2576 ὅφιν

205 2597 409 2666 ἄγοντα
446 2600 559 2662 τοῖς
606 2597 956 2670 βουλομένοις
1003 2597 1342 2669 πράγματα’
1377 2599 1517 2652 οἵτε
1561 2599 1670 2669 γὰρ
1712 2599 1784 2652 δι’

205 2691 458 2744 ἀτεκνίαν
490 2691 643 2762 παρά
683 2690 779 2744 τοῦ
809 2691 1000 2758 γένους
1033 2691 1349 2762 ὀνειδισμοὶ,
1381 2691 1474 2745 καὶ
1505 2692 1538 2762 ή
1589 2690 1786 2760 ἄδηλος

203 2782 302 2836 τοῦ
327 2781 520 2853 ἀνδρὸς
561 2782 842 2853 ἀποδημία
864 2799 886 2832 ·.
923 2783 1060 2853 πρὸς
1085 2784 1298 2850 τούτοις
1343 2783 1438 2837 καὶ
1467 2783 1536 2837 τὰ
1575 2782 1785 2854 τολμώο

209 2889 350 2943 μενα
391 2873 496 2942 τῆς
521 2873 785 2938 οἰκέτιδος
827 2872 1164 2944 σκώμματα,
1205 2875 1301 2928 καὶ
1345 2875 1402 2927 αἱ
1432 2873 1499 2928 δι’
1530 2875 1785 2928 ἀπαιδίαν

205 2963 671 3034 ἐπιφημιζόμεναι
731 2965 882 3036 παρά
931 2967 1040 3019 τῶν
1089 2966 1450 3038 συμφυλετῶν
1496 2967 1648 3038 ἀραὶ,
1691 2967 1785 3019 καὶ

203 3053 342 3124 παρ’
395 3053 566 3124 αὑτῆς
603 3055 824 3126 ἐκείνης
861 3058 944 3116 είς
987 3055 1113 3124 δψιν
1158 3057 1448 3126 ἀγόμεναι,
1482 3059 1577 3111 καὶ
1622 3057 1671 3110 οἳ
1717 3057 1786 3111 δι’

205 3145 568 3216 ὑπομνήσεως
608 3146 710 3215 τῆς
750 3147 981 3199 ’ἐκείνων
1014 3147 1248 3216 ὀξύτερα
1281 3151 1350 3202 τὰ
1384 3149 1526 3202 κατὰ
1567 3150 1666 3217 τῆς
1703 3149 1782 3202 δι-

206 3234 370 3298 καίας
395 3235 728 3305 ἐπαφιείσης
757 3235 911 3306 βέλη,
938 3235 999 3289 τὸ
1026 3235 1270 3290 τοιοῦτον
1301 3237 1779 3293 ἐπιϐεϐαιώσαιεν.

219 3327 381 3382 ’Λλλά
413 3320 524 3398 τὴν
538 3329 840 3400 καρτερίαν
870 3329 1206 3387 ἀντιτιθεῖσα
1235 3333 1350 3394 τοῖς
1383 3333 1787 3402 συμπίπτουσιν

204 3423 239 3492 ἡ
273 3421 442 3474 Ἀννα
470 3420 759 3490 λυπηροῖς,
805 3422 1008 3491 ἔπασχε
1048 3421 1168 3488 μὲν,
1203 3421 1282 3492 τῷ
1327 3407 1422 3493 μὴ’
1447 3421 1788 3492 ἀναισθήτως

204 3507 355 3577 ἔχειν
399 3506 535 3576 πρὸς
576 3505 770 3570 ταῦτα,
805 3507 866 3561 οὑ
893 3509 1265 3563 κατεϐάλλετο
1302 3510 1359 3562 δὲ
1398 3511 1493 3564 τοῦ
1527 3511 1624 3582 τῆς
1653 3512 1786 3566 ὑπο-

210 3599 381 3670 μονῆς
413 3596 600 3668 ὕψους,
637 3599 670 3670 ἢ
705 3600 842 3670 πρὸς
879 3601 1120 3672 ἀθυμίας
1156 3605 1545 3676 ταπεινότητα.
1579 3607 1612 3677 ἢ
1650 3605 1788 3675 πρὸς

205 3690 590 3760 ἀγανάκτησ.ν
641 3693 750 3745 τῶν
797 3695 1211 3764 ἐπιτιθεμένων.
1263 3696 1426 3750 Ὅθεν
1485 3697 1606 3751 οὑδὲ
1653 3698 1788 3768 πρὸς

203 3783 334 3845 τοὺς
365 3783 722 3848 ὀνειδίζοντας
755 3785 1200 3855 ἀντιφθέγγεται,
1234 3790 1355 3843 οὑδέ
1386 3791 1523 3860 πρὸς
1546 3792 1644 3860 τὴν
1671 3791 1786 3843 ἄδι-

203 3887 306 3925 κον
334 3873 517 3925 αὑτῶν
565 3874 857 3945 ἐπίπληξιν
900 3877 1374 3934 ἀντικαθίσταται.
1403 3883 1476 3934 Οὑ
1523 3883 1790 3951 φί.ονερᾶς

204 3959 350 4018 εἶναι
378 3964 526 4032 λέγει
563 3973 939 4038 προαιρέσεως
965 3971 1064 4040 τὴν
1097 3973 1579 4044 προφασιζομένην
1602 3974 1786 4037 αὑτοῖς

205 4058 590 4128 παρανομίαν·
643 4059 868 4130 γνώμης
915 4061 1124 4126 οἰκείας
1177 4062 1420 4135 εὕρημα,
1459 4067 1552 4118 καὶ
1597 4067 1696 4118 οὑκ
1730 4069 1788 4119 ἐν

202 4149 508 4220 γράμμασι
558 4151 811 4220 κείμενον
859 4152 921 4204 τὸ
970 4153 1340 4224 κακούργημα
1393 4155 1554 4208 τοῦτο
1619 4174 1788 4228 προσ-

201 4239 478 4305 ονειδίζει.
521 4244 596 4294 υὺ
630 4247 695 4314 τῇ
733 4243 827 4297 τοῦ
870 4247 1062 4313 γένους
1101 4247 1341 4318 ὑπεροχῇ
1393 4251 1784 4320 σεμνυνομένη,

200 4329 304 4383 καὶ
337 4331 414 4401 τῷ
450 4330 541 4384 τοῦ
577 4332 693 4402 βίου
742 4335 1132 4406 ἀνεπιπλάστῳ
1177 4339 1606 4408 συνεργουμένη,
1647 4343 1789 4410 παῤ-

203 4423 376 4493 ρησίᾳ
409 4423 508 4492 μὲν
539 4425 722 4487 αὐτοῖς
757 4426 1143 4496 ἀντικατέστη,
1168 4429 1228 4482 τὸ
1268 4429 1443 4501 θρασὺ
1478 4430 1533 4482 δὲ
1559 4431 1654 4483 καὶ
1689 4449 1792 4486 πα-

204 4514 441 4586 ράλογον
474 4518 576 4588 τῆς
606 4517 788 4570 αὑτῶν
823 4520 1194 4590 ἐγχειρήσεως
1219 4521 1510 4592 ἐξελέγχει.

276 4708 438 4762 Οὖτω
467 4709 560 4762 καὶ
578 4707 674 4761 τοῦ
704 4707 963 4761 κοινωνοῦ
997 4708 1098 4780 τῆς
1140 4709 1363 4781 ἀρετῆς,
1399 4712 1491 4766 καὶ
1533 4713 1629 4783 τῆς
1659 4713 1790 4782 ὅλης

197 4799 358 4870 ζωῆς
401 4800 643 4869 ἀφανοῦς
697 4801 1005 4869 γεγονότος,
1053 4802 1114 4856 οὑ
1161 4801 1380 4872 περιῄει
1417 4804 1787 4876 άναζητοῦσα,

199 4893 304 4946 καὶ
337 4893 542 4956 πάντας
572 4893 652 4955 εἰς
681 4892 815 4946 αὑτὸ
841 4891 1000 4946 τοῦτο
1021 4893 1148 4956 τοὺς
1181 4895 1456 4962 γιωττοὺς
1491 4899 1790 4966 συγκαλου-

201 4983 384 5054 μένη·
435 4985 536 5037 οὑκ
573 4984 675 5054 ὅρη
715 4984 965 5056 διερευνᾷ
998 4987 1092 5039 κοιλ⁹
1121 4986 1324 5050 τόπους
1364 4987 1784 5060 ἀνυπονοήτους,

198 5076 306 5130 καὶ
342 5076 512 5132 πολὺν
547 5080 645 5148 μὲν
675 5077 767 5130 τὸν
811 5077 1042 5150 θόρυϐον
1070 5080 1127 5132 ἐν
1170 5078 1247 5150 τῷ
1281 5079 1448 5148 γένει,
1501 5082 1704 5154 πολλὴν
1731 5085 1786 5136 δὲ

195 5167 308 5238 τὴν
341 5168 686 5238 κατάγνωσιν
733 5170 876 5222 κατά
911 5167 1004 5222 τοῦ
1040 5169 1520 5242 ἀποδεδημηκότος
1571 5173 1784 5246 ἐπιϐοᾷ,

195 5259 282 5323 ὡς
305 5258 590 5330 ἀλλότριόν
620 5277 674 5313 τι
711 5261 814 5330 τῆς
840 5262 1146 5324 κοινωνίας,
1187 5264 1281 5314 καὶ
1310 5263 1665 5333 συμϐιώσεως
1697 5265 1788 5336 βε-

195 5351 576 5420 ϐουλευμένου
601 5371 614 5386 ·
650 5354 728 5417 ὡς
754 5351 912 5422 ξένην
939 5353 1040 5424 τῆς
1071 5354 1345 5424 προτέρας
1366 5356 1580 5418 εὑνοίας
1610 5358 1790 5411 ἐπιδε-

193 5443 500 5512 δειγμένου
542 5445 894 5516 προαίρεσιν·
939 5443 1014 5504 ὡς
1043 5443 1311 5500 διελόντος
1347 5445 1644 5514 συνάφειαι)
1689 5445 1790 5514 φύ-

195 5549 379 5598 σεως·
412 5535 488 5599 ὡς
513 5537 678 5606 νόμου
724 5535 817 5589 τοῦ
859 5535 1219 5608 συνδήσαντος
1251 5535 1600 5608 θεσπίσματα
1650 5557 1789 5608 παρ-

197 5625 439 5692 ιδόντος,
501 5631 593 5683 καὶ
647 5629 866 5682 πάντων
911 5629 1020 5682 τῶν
1083 5630 1204 5683 κατ’
1259 5625 1406 5682 οἷκον
1438 5630 1786 5700 ὑπεριδόντος

194 5716 577 5788 πραγμάτων.
635 5718 828 5772 οὐδενὶ
875 5719 1081 5773 τούτων
1133 5721 1165 5790 ή
1215 5721 1388 5774 Ἀννα
1445 5721 1505 5774 τὸ
1544 5723 1787 5792 ἄτρωτον

193 5805 427 5881 ἐπλήγη
455 5809 556 5881 τῆς
584 5811 842 5882 γνώμης
879 5810 1013 5866 ἀλλά
1049 5809 1156 5864 τῶν
1199 5810 1297 5882 μὲν
1336 5811 1679 5884 ὀνειδισμῶν,
1711 5813 1786 5877 ὡς

1881 1946 2198 2001 oslemleril.
2232 1945 2302 2001 Ut
2331 1959 2458 2002 tunc
2499 1963 2630 2016 ergo
2658 1949 2991 2018 explicantes
3037 1951 3134 2004 viri
3163 1950 3294 2020 justi
3327 1965 3464 2019 prte-

1885 2037 2184 2106 rogativas,
2211 2052 2394 2092 earum
2432 2039 2816 2094 excellentiam
2843 2054 3034 2094 sumus
3059 2041 3312 2096 deinirati
3338 2057 3352 2107 ;
3382 2042 3483 2106 sic,

1881 2137 1936 2182 et
1965 2127 2208 2200 conjugis
2243 2130 2438 2196 Anum,
2480 2139 2539 2183 ut
2569 2131 2621 2184 in
2653 2131 2886 2184 medium
2923 2131 3239 2185 disserendo
3285 2133 3460 2184 addu-

1881 2235 2068 2275 camus
2129 2221 2389 2286 facinora,
2441 2223 2557 2289 pari
2602 2238 2667 2278 ea
2721 2223 3086 2278 admiratione
3143 2221 3457 2279 cili-renuis.

1882 2309 2100 2382 Equali
2152 2315 2296 2369 enim
2346 2315 2606 2383 patientia
2657 2323 2878 2384 praestat
2914 2329 2978 2370 ac
3006 2317 3457 2386 perseverantia;

1881 2406 2036 2475 quitt,
2070 2415 2126 2460 et
2154 2406 2324 2460 vincit
2371 2406 2557 2476 gloriae
2607 2407 2846 2462 cumulo.
2905 2406 3080 2462 Porro
3131 2407 3285 2476 plura
3336 2419 3464 2462 sunt

1882 2512 2004 2568 qua:
2031 2497 2134 2552 hoc
2163 2507 2431 2562 astruant,
2459 2511 2524 2552 ac
2550 2497 2695 2553 velut
2732 2497 3030 2564 subiiciam
3059 2498 3254 2564 oculis,
3285 2510 3342 2553 ut
3366 2501 3462 2554 cui

1883 2589 2123 2645 animum
2161 2589 2345 2644 lubeat
2387 2589 2665 2644 adbibere.
2712 2589 2940 2661 nempe,
2971 2606 3094 2646 cum
3133 2593 3302 2646 Annte
3333 2607 3466 2660 peti-

1888 2682 2059 2736 tilium
2102 2681 2155 2736 in
2205 2696 2326 2736 eam
2377 2681 2623 2737 cenvicia
2677 2683 2746 2736 ob
2778 2683 3189 2741 inlecuuditatis
3245 2683 3457 2745 vitimn,

1887 2785 2000 2828 tum
2030 2773 2210 2845 ignota
2251 2775 2350 2828 viri
2393 2775 2676 2836 absentia;
2719 2777 2790 2830 ad
2819 2776 2934 2830 bzec
2968 2791 3097 2830 vero
3133 2788 3459 2846 pt'msuutpla

1885 2865 2094 2920 ancillae
2128 2866 2378 2934 dicteria,
2423 2881 2672 2937 quasque
2701 2881 2886 2920 rumor
2914 2879 3070 2941 erant
3094 2868 3302 2937 jactare
3327 2881 3462 2922 con-

1887 2959 2115 3030 tribules
2147 2959 2456 3014 sterilitatis
2480 2959 2878 3024 exsecratione,
2904 2959 3053 3014 diras
3089 2976 3103 3012 :
3131 2960 3319 3012 eadem
3346 2961 3459 3027 ipsa

1887 3053 2079 3107 ancilla
2112 3055 2180 3108 ob
2213 3053 2398 3108 oculos
2429 3064 2687 3124 ponente,
2722 3068 2786 3107 ac
2827 3068 3019 3108 earum
3070 3061 3466 3108 commentum»

1891 3146 2036 3199 tione
2101 3146 2520 3214 penetrabiliora
2579 3145 2632 3199 in
2685 3143 2941 3200 feminam
3013 3145 3216 3214 justam
3283 3145 3463 3216 jacnla

1890 3239 2183 3306 inligente.‘
2207 3237 2499 3292 Enimvero
2533 3253 2810 3306 opponens
2845 3241 3023 3300 Anna,
3057 3238 3144 3304 iis,
3175 3255 3293 3308 qua:
3322 3242 3465 3294 wlnt

1887 3329 2122 3398 agmine,
2163 3328 2339 3382 tristia
2371 3329 2677 3394 irruebant,
2709 3329 3092 3385 sustinentiam
3123 3331 3317 3394 animi,
3345 3329 3462 3384 alli-

1886 3419 2132 3474 cieliatnr
2181 3419 2420 3488 quidem,
2469 3428 2628 3474 utne
2681 3421 2804 3474 sine
2855 3434 3022 3474 sensu
3073 3420 3140 3472 ad
3169 3435 3232 3474 ea
3265 3423 3466 3476 habere

1888 3511 2203 3570 videretur:
2251 3511 2394 3566 baud
2439 3520 2622 3565 tamen
2653 3526 2684 3564 a
2717 3510 2938 3566 sublimi
2989 3512 3267 3580 patientia:
3314 3529 3462 3578 arce,

1888 3599 1970 3654 vel
2013 3601 2064 3653 in
2109 3598 2308 3655 defecti
2357 3599 2521 3654 animi
2565 3600 2949 3670 altjectionem,
2999 3602 3083 3656 vel
3122 3603 3175 3656 in
3217 3603 3466 3674 indiguu-

1888 3693 2051 3746 tionis
2083 3704 2310 3756 motum,
2357 3707 2455 3761 pro
2479 3692 2560 3747 iis
2591 3693 2790 3763 quibus
2837 3695 2980 3750 male
3020 3695 3338 3761 habebatur,
3375 3699 3468 3752 tle-

1881 3786 2024 3852 jeeta
2058 3789 2176 3838 fuit.
2203 3783 2356 3840 Unde
2378 3800 2554 3854 neque
2577 3768 2779 3854 aliquid
2804 3787 3063 3842 adversus
3091 3791 3466 3845 comiciantcs

1889 3877 2193 3940 ru-Spondet,
2227 3891 2403 3945 neque
2449 3875 2712 3930 adversus
2763 3876 3018 3944 injustam
3067 3893 3254 3934 eorum
3291 3884 3472 3934 incie-

1890 3971 2160 4039 pationem
2196 3969 2446 4038 insurgit.
2486 3967 2599 4023 Non
2655 3967 2834 4024 lividae
2876 3969 3168 4026 voluntatis
3194 3972 3292 4034 ait,
3322 3975 3467 4040 qntul

1889 4061 2256 4128 put-texebant
2290 4060 2468 4118 scelus
2500 4079 2514 4116 :
2551 4075 2655 4115 non
2697 4075 2808 4116 sutc
2854 4062 3092 4131 ipsorum
3143 4065 3341 4116 utentis
3385 4065 3471 4116 in-

1892 4166 2130 4214 ventum,
2183 4167 2284 4206 nec
2321 4154 2448 4214 tale,
2483 4152 2623 4204 utin
2654 4151 2937 4220 Scriptura
2985 4165 3141 4206 sacra
3178 4152 3468 4229 habeatur,

1891 4245 2216 4298 maleficium
2268 4244 2582 4314 exprobrat.
2641 4243 2968 4314 Quanquam
2999 4244 3198 4299 eximia
3249 4247 3471 4314 generis

1892 4338 2173 4391 nobilitate
2230 4336 2532 4402 honestata,
2584 4349 2647 4390 ac
2694 4333 3031 4406 sullragaute
3077 4337 3182 4389 vita
3228 4339 3467 4396 sincera,

1893 4445 1990 4484 nec
2041 4431 2120 4485 cis
2175 4433 2434 4484 audacter
2496 4431 2737 4500 restitit,
2809 4447 2909 4488 nec
2983 4448 3172 4488 eorum
3241 4447 3472 4491 conatus

1820 4561 1862 4612 ι)
1894 4521 2292 4588 temeritatem,
2371 4523 2715 4595 alienamque
2763 4539 2794 4580 a
2843 4525 3056 4581 ratione
3133 4529 3467 4584 molitionem

1891 4617 2156 4681 coarguit.

1965 4703 2056 4758 Sic
2083 4706 2273 4770 etiam,
2319 4720 2441 4760 cum
2487 4707 2722 4772 virtutis,
2755 4724 2818 4764 ac
2851 4711 3016 4764 totius
3052 4711 3176 4768 vitae
3206 4713 3470 4768 rationem

1890 4798 2074 4852 socius
2113 4810 2234 4850 sese
2262 4797 2605 4872 occultasset,
2639 4814 2744 4852 non
2773 4800 3024 4854 circnivit
3055 4818 3326 4872 quaerens,
3369 4819 3470 4858 nn-

1893 4898 2084 4958 tosque
2115 4904 2305 4944 omnes
2336 4893 2401 4943 ad
2433 4891 2676 4945 eamdem
2701 4905 3008 4948 convocans
3037 4895 3467 4964 inquisitionem.

1893 4978 2006 5033 Non
2059 4989 2270 5034 montes
2309 4991 2609 5044 scrutatur,
2657 4995 2720 5034 ac
2759 4981 2876 5036 loca
2929 4984 3244 5055 improvisa,
3289 4990 3472 5042 suisve

1891 5071 2182 5141 genitilibus
2216 5071 2436 5126 multam
2470 5075 2828 5128 tnrbationem
2869 5073 3110 5146 lacessit,
3145 5089 3258 5135 viro
3289 5091 3469 5136 autem

1892 5162 2117 5216 Ilzlllllllll
2153 5165 2220 5216 ab
2244 5164 2486 5218 absentia
2517 5166 2746 5220 intentat
2775 5167 3008 5238 crimen,
3046 5181 3304 5242 tauquam
3336 5173 3470 5228 alic-

1893 5271 2017 5308 nnm
2071 5256 2198 5325 quid
2242 5271 2272 5310 a
2317 5257 2580 5312 serietate
2625 5274 2688 5313 ac
2718 5263 3052 5318 matrimonii
3092 5263 3214 5334 jure
3257 5263 3476 5316 llllllillls

1891 5350 1991 5412 sit;
2018 5357 2274 5417 tanquam
2311 5349 2644 5404 voluntatem
2693 5351 2832 5410 nihil
2874 5355 3040 5425 priori
3087 5355 3473 5410 benevolentia:

1891 5455 2183 5511 (fOllgl'llillll
2215 5441 2549 5508 ostenderit;
2583 5451 2639 5496 nl
2673 5446 2770 5513 qui
2807 5459 3016 5502 naturae
3055 5447 3328 5500 vinculum
3359 5447 3472 5500 sol-

1889 5533 2064 5597 verit;
2102 5542 2160 5586 ut
2199 5533 2289 5602 qui
2341 5531 2476 5604 legis
2539 5536 2898 5610 astringentis
2963 5541 3100 5596 scita
3153 5539 3471 5610 neglexerit,

1891 5639 2112 5692 remque
2145 5634 2311 5680 totam
2364 5623 2692 5685 familiarem
2725 5633 3050 5702 despexerit.
3106 5631 3246 5686 Nihil
3279 5633 3472 5688 borum

1889 5717 2329 5772 invulnerabilem
2361 5717 2531 5771 Annzr
2579 5730 2819 5777 mentem
2865 5725 3202 5794 perstrinxit.
3239 5725 3318 5780 Ac
3349 5726 3473 5794 qui-

1893 5811 2010 5866 dem
2045 5810 2248 5880 sprevit
2293 5809 2575 5878 convicia,
2634 5823 2692 5870 ut
2739 5815 2960 5872 minime
3021 5817 3311 5875 ailicientia
3355 5818 3505 5877 ani—_.
