4002 6232
275 292 415 362 13ὗ5

1345 296 1424 358 IN
1463 297 2050 361 CONCEPTIONEM
2090 299 2148 360 S.
2191 297 2434 360 ANNJE.

3407 293 3566 358 1366

271 401 589 469 ἐπιτιμίας·
639 402 780 471 εἴγε
815 403 980 471 μηδὲν
1032 403 1139 457 τῶν
1185 404 1329 458 οὕτω
1364 406 1722 477 διακειμένων
1769 407 1856 460 διὰ

1967 407 2180 462 illorum
2211 408 2300 476 qui
2333 406 2406 460 ita
2433 403 2654 469 habent,
2683 419 2777 458 ore
2810 403 3137 473 proferebat.
3185 403 3322 458 Sttttt
3345 408 3548 476 quippe

273 496 548 566 στόματος
603 495 884 564 παρῆγεν;
923 496 1174 567 Ἀπρεπῆ
1214 496 1323 566 γὰρ
1369 499 1478 551 τῶν
1525 499 1856 570 μεθυόντων,

271 589 369 643 καὶ
422 587 831 659 παροινούντων
864 587 933 641 τά
976 587 1230 657 ῥήματα·
1280 588 1355 654 οἳ,
1389 589 1484 643 καὶ
1533 591 1744 659 σιωπᾷν
1768 590 1858 660 ὑφ’

275 679 480 749 ἐτέρων
522 677 928 748 ἐκϐιαζόμενοι,
975 679 1073 733 καὶ
1109 681 1399 752 παιόμενοι
1445 681 1713 753 σφοδρῶς,
1760 683 1859 746 τὰς

276 767 517 832 ἀναιδεῖς
553 767 769 830 ἐκείνας
789 767 1058 836 ἐπαφιᾶσι
1086 769 1270 838 φωνάς
1293 786 1306 800 ·
1327 771 1726 840 παραπλησίως
1746 774 1858 836 τοῖς

274 861 475 931 λόγοις,
505 860 603 914 καὶ
631 859 729 932 τὴν
754 861 996 933 ἄκοσμον
1029 863 1468 934 ἐπιδεικνύμενοι
1499 865 1755 936 θεωρίαν.
1793 867 1859 920 Ἠ

273 953 356 1019 δὲ,
401 953 456 1008 τί
514 953 720 1009 τούτων
747 954 1157 1026 ἀσχημονοῦσα,
1212 959 1489 1029 τεκμήρια
1531 961 1634 1029 τῆς
1685 959 1859 1031 μέθης

275 1046 602 1120 ἐμπαρεῖχες
633 1047 796 1111 Τίνας
833 1048 1105 1119 ἀπρεπεῖς
1141 1049 1290 1119 ἠφίει
1322 1053 1504 1121 φωνάς
1524 1069 1539 1116 ;
1561 1051 1726 1106 Ποίαν
1747 1050 1856 1105 τῶν

277 1138 702 1206 σωφρονούντων
751 1139 1100 1211 παρήμειψεν
1136 1141 1428 1208 εύταξίανς
1455 1143 1580 1196 Ὅτι
1611 1143 1863 1214 ἀφωνίαν

275 1227 757 1295 καταδικασθεῖσα,
805 1228 1034 1300 ἔστεργε
1067 1231 1168 1301 τὴν
1194 1233 1517 1304 ἐπιτιμίαν;
1557 1234 1642 1287 ὅτι
1669 1237 1734 1306 τῇ
1764 1234 1857 1288 εὐ·-

276 1319 481 1391 κοσμία
505 1319 600 1373 τοῦ
637 1319 920 1392 ὁρωμένου
949 1324 1254 1394 σχήματος,
1275 1325 1376 1396 τὴν
1395 1328 1455 1380 ἐν
1481 1326 1692 1399 διανοίᾳ
1718 1345 1860 1398 παρ-

275 1411 464 1482 εδήλου
508 1411 877 1479 κατάστασινς
915 1415 998 1470 ὃτι
1034 1419 1161 1487 σιγῇ
1205 1420 1419 1489 συνεῖχε
1443 1418 1548 1490 τὴν
1577 1419 1725 1473 ἔνδον
1758 1421 1858 1491 τῆς

275 1503 444 1574 εὐχῆς
470 1504 854 1577 ἀναπτομένην
881 1506 1080 1576 φλόγα,
1111 1507 1207 1562 καὶ
1237 1509 1465 1579 χειλέων
1500 1511 1681 1580 μόνων
1705 1513 1858 1582 κινή-

276 1612 380 1658 σει,
403 1595 464 1648 τὺ
483 1595 688 1662 ταύτης
712 1597 964 1665 ἐνέφαινε
995 1599 1294 1672 διάπυρον;
1320 1599 1480 1671 Αὐτὴ
1509 1601 1641 1671 γάρ,
1663 1605 1855 1673 φησὶν,

273 1685 478 1740 ἐλάλει
501 1687 572 1741 ἐν
596 1687 673 1755 τῇ
705 1689 920 1757 καρδίᾳ
958 1689 1170 1761 αὐτῆς,
1212 1693 1312 1746 και
1337 1695 1410 1749 τὰ
1447 1695 1625 1764 χείλη
1663 1695 1858 1766 αὐτῆς

273 1777 546 1843 ἐκινεῖτο,
585 1779 684 1834 καὶ
710 1780 883 1850 φωνὴ
914 1779 1106 1850 αὐτῆς
1135 1785 1247 1838 οὐκ
1291 1761 1568 1852 ἠκούετο.
1603 1761 1718 1840 Οὐκ
1886 1761 1931 1816 Β

273 1861 366 1920 οὗν
391 1867 530 1938 πρὸς
571 1869 670 1940 τὴν
701 1869 1002 1943 παράδοξον
1043 1872 1214 1942 αὐτῆς
1259 1873 1602 1945 ἐκπλαγῆναι
1653 1893 1854 1948 καρτεο

278 1959 438 2030 ρίαν;
481 1960 595 2016 Οὐκ
628 1961 736 2016 ἔδει
789 1963 852 2017 τὸ
883 1963 1144 2028 εὐσταθὲς
1184 1965 1281 2020 τοῦ
1328 1967 1610 2038 ὁρωμένου
1649 1969 1857 2042 ταύτης

273 2052 665 2123 ἀποθαυμάσαι
711 2056 1030 2126 σχήματο;;
1072 2057 1173 2129 τὴν
1222 2057 1486 2130 ἀσίγητον
1527 2061 1589 2114 ἐν
1640 2061 1855 2134 ἀφωνία

275 2148 413 2214 πρὸς
443 2144 578 2200 Θεὸν
608 2145 830 2217 δέησιν;
857 2147 956 2218 τὴν
1001 2147 1228 2220 διηνεκῆ
1267 2148 1376 2204 τῶν
1405 2150 1672 2222 ὀμμάτων
1718 2153 1856 2223 πρὸς

275 2235 502 2306 οὐρανὸν
527 2237 846 2307 ἀνάνευσιν;
875 2241 1002 2304 τοὺς
1029 2243 1095 2294 ὲκ
1127 2241 1356 2312 συνοχῆς
1385 2242 1614 2314 καρδίας
1646 2243 1856 2317 ἀλαλή-

273 2345 425 2394 τους,
456 2329 658 2400 μᾶλλον
677 2331 734 2386 δέ
764 2333 1041 2406 ἀηχὴτους
1081 2334 1452 2406 στεναγμούςς
1482 2335 1710 2410 καὶγὰρ
1734 2337 1855 2392 οὐδὲ

275 2418 472 2482 αὐτοὺς
498 2418 857 2487 ἐξακούεσθαι
881 2427 1142 2496 παρεῖχεο
1166 2425 1248 2479 διό
1271 2441 1434 2497 φησι·
1460 2425 1634 2495 Φωνὴ
1665 2425 1856 2497 αὐτῆς

273 2513 388 2566 οὐκ
429 2513 702 2582 ἠκούετο.
737 2516 800 2570 Οἱ
849 2515 973 2588 μὲν,
1016 2517 1126 2571 τῶν
1170 2517 1453 2590 ἐνάρθρων
1497 2519 1670 2592 αὐτὴν
1716 2521 1855 2578 ἀπο-

274 2604 516 2658 κλείουσι
545 2607 641 2662 καὶ
669 2607 865 2677 φωνῶν
887 2610 981 2663 καὶ
1010 2609 1186 2680 λόγων
1205 2626 1218 2640 ⁸
1249 2612 1282 2684 ἠ
1313 2611 1392 2678 δὲ,
1430 2613 1525 2668 καὶ
1561 2613 1661 2679 τὰς
1687 2616 1856 2689 ἀνάρ-

277 2697 440 2768 θρους
464 2699 682 2772 ἐπεῖχεν
719 2702 1030 2773 ἐνηχήσεις,
1077 2705 1352 2775 μηδεμίαν
1389 2708 1504 2771 τοῖς
1539 2707 1856 2766 σκώπτουσι

279 2789 636 2861 συγχωροῦσα
661 2791 884 2862 δοθῆναι
916 2793 1018 2866 τὴν
1043 2795 1324 2868 ἀφορμήν.

358 2881 500 2934 Ἀλλ’
539 2881 676 2954 αύτή
711 2884 812 2954 μὲν
854 2885 1018 2952 οὕτω,
1047 2887 1144 2940 καὶ
1188 2887 1416 2962 τοιαύτῃ
1451 2893 1520 2962 τῇ
1563 2891 1855 2966 θαυμαστῇ

279 2973 565 3046 καρτερία,
596 2975 696 3040 τὰς
720 2977 857 3048 πρὸς
884 2977 1017 3032 Θεὸν
1045 2978 1285 3035 ἀνέτεινε
1319 2981 1532 3054 δεήσεις
1559 3001 1572 3014 ·
1605 2985 1666 3039 τὸ
1701 2985 1748 3040 δ’
1772 2988 1857 3052 είς

277 3064 446 3175 αὐτὴν
501 3067 750 3136 αὐθαδῶς
799 3071 1149 3126 ἐπισκῶπτον
1195 3074 1503 3146 παιδάριον,
1553 3077 1605 3131 τί
1658 3097 1852 3152 φησινς
1883 3113 1929 3175 c

281 3157 432 3225 Ἕως
446 3162 594 3214 πότε
605 3161 1005 3232 μεθυσθήσῃς
1033 3164 1270 3233 περίελε
1295 3165 1372 3233 δὴ
1398 3167 1506 3222 τὸν
1520 3165 1691 3225 οἶνόν
1712 3186 1851 3238 σου,

277 3248 375 3302 καί
407 3249 667 3316 πορεύου
703 3250 773 3305 ἐκ
818 3251 1150 3321 προσώπου
1199 3255 1443 3322 Κυρίου.
1495 3257 1657 3310 Ποῖον
1695 3277 1855 3330 περι-

275 3340 418 3394 sitsz
437 3335 581 3395 οἶνον
609 3342 747 3414 αὐτῇ
772 3343 1165 3414 προστάσσεις;
1191 3346 1284 3399 τὸν
1315 3347 1454 3418 πρὸς
1486 3347 1622 3402 Θεὸν
1659 3350 1856 3405 διάπυ-

277 3451 374 3506 ρον
417 3433 622 3502 πόθον;
671 3435 734 3489 τὸ
763 3435 1026 3506 νηφάλιον
1060 3436 1163 3509 τῆς
1206 3437 1476 3510 διανοίας;
1527 3440 1628 3512 τὴν
1670 3443 1858 3498 ἄσιτον

277 3525 605 3598 καρτερίανς
635 3525 736 3591 τὰς
773 3529 838 3580 ἐκ
887 3527 1120 3600 ζεούσης
1162 3529 1344 3603 ψυχῆς
1391 3533 1858 3606 ἀναπεμπομένας

277 3615 471 3685 εὐχάς;
502 3615 607 3670 ποῦ
632 3616 689 3670 δέ
713 3617 808 3670 καὶ
833 3617 1071 3688 πέμπεις
1095 3621 1160 3672 ἐκ
1207 3621 1500 3691 προσώπου
1531 3625 1736 3696 Κυρίου
1761 3627 1857 3700 τὴν

278 3707 345 3760 τὰ
377 3709 552 3762 πάντα
578 3708 933 3780 παριδοῦσαν,
958 3711 1053 3764 κα)⁸
1079 3711 1138 3764 τὸ
1163 3711 1376 3766 ἐκείνου
1403 3715 1564 3785 μόνον
1589 3718 1856 3789 ἐκζητοῦ-

281 3814 382 3852 σαν
400 3799 691 3869 πρόσωπον
711 3815 726 3829 ⁸
749 3799 848 3873 τὴν
875 3803 934 3857 ἐν
963 3803 1166 3876 καρδία.
1197 3804 1290 3860 τὸν
1309 3807 1480 3878 αὐτῆς
1519 3813 1860 3882 συνῳκισμέ-

278 3907 368 3943 νον
399 3889 599 3962 ἔχουσα
651 3892 815 3948 πόθον
837 3910 852 3926 ο
878 3894 978 3966 τὴν
1011 3895 1292 3968 ἀκροατὴν
1339 3898 1502 3966 μόνον
1541 3900 1706 3956 αὐτὸν
1748 3903 1858 3958 τῶν

276 3982 497 4038 οἰκείων
535 3982 844 4054 βλέπουσαν
885 3985 1170 4058 ῥημάτων,
1203 3987 1263 4042 ὃν
1293 3989 1495 4058 μᾶλλον
1526 3992 1585 4046 ἐν
1619 3996 1733 4057 τοῖς
1760 3995 1854 4049 ἐκ-

275 4073 388 4138 τὸς,
424 4074 456 4146 ἤ
486 4073 634 4129 ἔνδον
669 4075 772 4146 τῆς
819 4075 1048 4148 σκηνῆς,
1076 4079 1190 4142 τοῖς
1231 4079 1334 4151 τῆς
1379 4079 1618 4148 διανοίας
1645 4083 1858 4157 ἅμμασι

275 4167 578 4240 προϐλέπει
604 4185 618 4234 ;
1011 4209 1016 4214 .
1631 4205 1641 4212 -

350 4257 460 4312 Καὶ
493 4257 638 4311 οὕτω
681 4255 788 4328 μέν
835 4259 892 4313 ἐν
941 4257 1020 4330 τῷ
1051 4261 1149 4332 τῆς
1199 4263 1510 4334 προσευχῆς
1555 4267 1754 4339 καιρῷ,
1789 4271 1856 4342 τῇ

275 4349 447 4402 πάλαι
477 4349 920 4421 συνεπετέθησαν
948 4351 998 4404 οἱ
1029 4350 1477 4419 ἐπισκώπτοντες
1514 4357 1710 4430 ’Δννῃ·
1745 4361 1859 4433 ἡδὲ

1962 516 2174 565 eorum,
2217 501 2305 571 qui
2353 499 2490 554 ebrii
2539 513 2602 552 ac
2661 498 2940 553 temulenti
2993 514 3021 552 a
3076 498 3203 553 vino
3249 500 3540 560 exsistunt.

1958 591 2122 646 verba
2157 592 2466 656 inhonesta,
2511 599 2567 644 ut
2596 605 2722 644 cum
2767 590 2932 646 etiam
2977 591 3067 644 alii
3100 599 3299 660 cogunt
3337 599 3539 652 tacere,

1961 699 2026 738 ac
2057 683 2252 738 acerbe
2290 683 2526 748 caedunt,
2557 681 2743 750 plenas
2794 681 3146 736 nihilominus
3197 681 3545 749 impudentth

1963 791 2126 831 voces
2184 776 2307 832 illas
2359 776 2601 841 mittant,
2635 773 2777 828 haud
2829 789 2888 829 se
2919 773 3057 828 alios
3114 773 3435 828 exhibentes
3477 774 3544 826 ad

1960 870 2356 938 spectaculum,
2387 883 2452 923 ac
2481 866 2830 924 sermonibus
2879 867 3138 921 habeant.
3171 865 3296 920 Haec
3335 874 3539 926 autem,

1961 975 2198 1028 quanam
2248 959 2339 1026 tali
2381 958 2716 1029 turpitudine
2749 958 2987 1012 ostendit
3019 972 3080 1013 se
3108 955 3360 1012 chriam?
3396 955 3541 1021 Quas

1961 1049 2248 1106 indecoras
2293 1049 2480 1105 emisit
2511 1047 2710 1104 voces?
2734 1046 2873 1113 Quid
2903 1047 2953 1101 ei
2991 1047 3057 1101 de
3089 1045 3284 1101 sobria}
3327 1043 3542 1100 luminae

1961 1141 2356 1212 compositione
2425 1138 2702 1196 decessit?
2762 1135 2900 1192 Num
2936 1152 3002 1192 eo
3054 1136 3204 1192 ebria
3269 1137 3540 1199 videatur,

1959 1232 2104 1301 quod
2153 1231 2410 1286 damnata
2461 1239 2521 1284 ιιι
2567 1228 2989 1294 obmutesceret,
3039 1226 3298 1286 itnlietam
3353 1226 3542 1280 lubens

1961 1323 2184 1374 multam
2239 1318 2579 1388 susceperit?
2631 1315 2769 1371 Num
2824 1318 2950 1388 quia
3015 1316 3245 1372 visibilis
3323 1317 3540 1370 habitus

1961 1412 2268 1478 honestate,
2304 1411 2574 1465 interuam
2609 1410 2778 1465 animi
2807 1409 3252 1464 constitutionem
3283 1409 3540 1462 ostende-

1961 1505 2077 1560 ret?
2097 1504 2231 1559 Num
2262 1505 2387 1574 quia
2415 1519 2700 1560 accensam
2726 1503 2954 1557 internae
2981 1501 3246 1556 orationis
3269 1499 3539 1554 ﬂautmatu

1959 1595 2179 1654 silentio
2228 1595 2535 1663 continens,
2579 1594 2700 1652 solo
2726 1593 2992 1650 lahiorum
3028 1601 3197 1656 motu,
3233 1608 3390 1646 suum
3424 1591 3539 1660 ipsa

1959 1687 2234 1759 proferret
2277 1687 2591 1762 fervorem?
2621 1686 2778 1754 Nam,
2829 1688 3024 1758 inquit,
3063 1685 3395 1758 quuebalur
3429 1685 3539 1752 ipsa

1959 1781 2012 1836 iu
2032 1781 2187 1836 corde
2229 1795 2350 1847 suo,
2385 1789 2434 1834 et
2461 1778 2606 1833 labia
2631 1778 2744 1847 ejus
2791 1779 3169 1839 movebantur,
3205 1785 3251 1830 ει
3293 1791 3394 1830 vox
3425 1774 3539 1843 ejus

1959 1887 2063 1926 non
2085 1869 2423 1945 audiebatur.
2455 1867 2647 1924 Nonne
2680 1877 2811 1939 ergo
2833 1868 3096 1937 praeclara
3128 1866 3216 1921 illa
3253 1866 3544 1921 aSsitluitas

1958 1972 2234 2032 stuporem
2271 1961 2569 2018 conciliare
2605 1960 2832 2021 habuit?
2872 1959 3062 2014 No’nnc
3113 1958 3344 2015 visibilis
3389 1957 3541 2011 ltahi-

1960 2063 2046 2110 tus
2109 2065 2257 2110 recta
2313 2052 2636 2122 compositio
2685 2050 2787 2126 fuit
2849 2051 3194 2106 admirationi
3249 2048 3541 2105 habenda?

1958 2145 2147 2201 Nonne
2205 2145 2294 2200 illa
2336 2145 2389 2200 in
2447 2143 2662 2200 silentio
2714 2145 2911 2213 loquax
2967 2144 3034 2198 ad
3096 2143 3261 2197 Deum
3325 2139 3541 2194 oratio?

1959 2237 2145 2293 Nonne
2161 2241 2239 2294 sic
2260 2238 2376 2310 jngi
2411 2236 2762 2292 contentione
2787 2244 2966 2291 erecta
2992 2235 3044 2288 iu
3075 2233 3271 2288 emittm
3296 2229 3540 2285 luminat?

1957 2331 2149 2388 Nonne
2180 2333 2414 2402 gemitus
2455 2346 2522 2386 ex
2574 2329 2823 2400 angustia
2857 2329 3058 2392 cordis,
3087 2327 3233 2382 nullo
3260 2342 3540 2388 sermone,

1957 2433 2015 2478 at
2046 2439 2220 2493 neque
2268 2419 2427 2490 sono,
2471 2421 2758 2492 expressi?
2807 2419 2942 2475 Nam
2977 2433 3155 2488 neque
3205 2433 3298 2474 ens
3329 2417 3542 2472 sint-hat

1961 2516 2097 2590 (oris
2129 2515 2328 2570 audiri.
2359 2513 2572 2570 Idcirco
2598 2514 2676 2570 ait
2713 2533 2729 2571 :
2784 2510 2901 2568 Vox
2923 2511 3038 2581 ejus
3067 2528 3170 2565 non
3199 2510 3536 2564 audiebatur.

1958 2605 2258 2662 Prohibent
2299 2605 2398 2673 illi,
2454 2612 2515 2660 ut
2571 2619 2640 2660 ne
2687 2603 3008 2658 articulatas
3063 2616 3226 2656 voces
3279 2616 3343 2654 ac
3378 2600 3540 2654 verba

1958 2693 2120 2761 edat;
2175 2702 2233 2749 at
2280 2693 2396 2756 illa,
2458 2689 2528 2748 ne
2567 2707 2730 2762 quam
2795 2691 3147 2747 illudcutibus
3197 2689 3542 2746 occasionem

1957 2789 2244 2855 praeberet,
2283 2785 2630 2842 indistinctos
2669 2785 2832 2841 etiam
2863 2800 3030 2840 sonos
3061 2783 3360 2854 premebat.

2033 2872 2126 2930 Sic
2153 2875 2434 2931 enimvero
2485 2874 2598 2942 illa,
2638 2873 2869 2929 mirabili
2900 2873 3163 2942 ejusmodi
3198 2871 3539 2930 assiduitate.

1957 2979 2146 3038 preces
2177 2965 2242 3020 ad
2290 2965 2458 3022 Deum
2494 2966 2851 3022 submittebat
2907 2985 2921 3021 :
2972 2965 3111 3033 Quid
3147 2980 3277 3020 vero
3323 2964 3388 3019 ad
3419 2978 3543 3020 eam.

1958 3077 2098 3133 puer
2137 3062 2468 3132 impudentia
2503 3061 2815 3118 lacessens?
2842 3063 3145 3130 Quousque,
3169 3060 3364 3130 inquit,
3396 3058 3542 3113 ebria

1958 3155 2104 3210 eris?
2146 3154 2310 3224 Aufer
2351 3155 2524 3208 vinum
2573 3164 2742 3215 tuum.
2791 3164 2836 3206 et
2875 3153 3004 3206 vade
3046 3169 3078 3206 a
3124 3151 3263 3222 facie
3306 3149 3541 3204 Domini.

1957 3247 2111 3314 Quod
2137 3262 2267 3302 vero
2294 3247 2477 3301 vinum
2502 3246 2662 3315 jubes
2690 3246 2948 3301 auferre?
2989 3244 3124 3299 Num
3160 3259 3454 3301 accensum
3487 3243 3542 3298 in

1938 3338 2126 3395 Deum
2165 3336 2532 3393 desiderium?
2556 3335 2864 3392 Mcntemne
2896 3336 3173 3392 sobriam?
3199 3335 3394 3406 Jejuno
3423 3351 3546 3392 cor-

1957 3443 2090 3500 pore
2129 3427 2404 3482 assiduam
2439 3427 2796 3482 instantiam?
2823 3427 2970 3494 Quas
3003 3443 3070 3482 ex
3104 3426 3333 3484 ferventi
3361 3425 3546 3482 animo

1957 3519 2230 3578 submittit
2265 3519 2494 3590 preces?
2536 3519 2644 3575 Sed
2675 3519 2821 3575 enim
2850 3535 2960 3588 quo
2991 3529 3046 3573 ct
3084 3535 3114 3574 a
3161 3518 3302 3573 facie
3331 3517 3542 3572 Domini

1958 3628 2078 3670 eam
2139 3612 2424 3681 antaudas,
2475 3627 2595 3682 qua:
2649 3611 2771 3668 aliis
2802 3613 3057 3668 omnibus
3109 3613 3333 3683 spretis,
3378 3627 3544 3666 unam

1961 3699 2173 3760 Domini
2206 3705 2402 3762 faciem
2444 3705 2720 3775 exquirit;
2747 3705 2835 3761 cui
2865 3721 3026 3761 suum
3058 3704 3112 3761 itt
3147 3715 3368 3776 pectore
3398 3705 3544 3760 desi-

1955 3797 2169 3854 derium
2216 3797 2381 3852 ﬁxum
2445 3806 2565 3866 est;
2611 3813 2754 3868 qum,
2784 3798 3078 3854 verborum
3134 3813 3358 3854 suorum
3415 3813 3541 3852 ettm

1957 3889 2226 3945 duntaxat
2282 3889 2585 3947 auditorem
2645 3891 2818 3954 videt,
2866 3904 3029 3960 quem
3093 3891 3268 3961 magis
3315 3890 3368 3946 in
3420 3890 3544 3946 aliis

1957 3991 2134 4047 extra,
2161 3996 2325 4054 quam
2355 3982 2497 4038 intra
2521 3981 2950 4048 tabernaculum,
2976 3983 3176 4039 mentis
3195 3982 3367 4048 oculis
3415 3995 3543 4052 pro-

1959 4072 2156 4144 spicit?

2027 4257 2108 4314 Ac
2145 4270 2272 4314 eum
2303 4257 2522 4328 quidem
2559 4257 2802 4324 modum,
2843 4257 3116 4324 illnsorcs,
3153 4245 3392 4314 veterem
3424 4259 3545 4328 qui-

1959 4350 2080 4407 dem
2114 4349 2358 4416 Annam,
2389 4350 2656 4406 orationis
2691 4358 2958 4421 tempore,
2995 4366 3101 4406 una
3137 4351 3300 4407 veluti
3327 4351 3543 4422 conspi-

275 4441 370 4494 νέα
397 4442 488 4495 καὶ
547 4441 890 4512 συνετωτάτη
939 4441 1178 4509 πάντων,
1223 4443 1494 4500 δεδοικυῖα
1533 4451 1606 4522 μή
1647 4467 1702 4504 τι
1737 4451 1847 4507 τῶν

1960 4439 2193 4504 ratione,
2215 4439 2562 4510 appetierunt
2583 4457 2598 4494 :
2621 4448 2678 4494 at
2706 4454 2864 4508 nova,
2891 4441 3272 4512 universisque
3303 4440 3543 4512 pruden-

272 4531 536 4585 τοιούτων
586 4531 776 4598 πάθοι,
832 4533 933 4605 τὴν
975 4535 1170 4607 ἐκτενῆ
1235 4539 1592 4607 προσάγουσα
1641 4541 1850 4615 δέησιν,

272 4623 464 4694 ὥσπερ
496 4623 599 4695 τῆς
644 4624 846 4690 οἰκίας,
877 4624 1023 4678 οὓτω
1054 4627 1268 4682 καὶτοῦ
1313 4630 1442 4685 ναοῦ
1479 4633 1810 4699 ύπεξίστατο
1834 4655 1850 4670 ο

270 4713 364 4766 τὸν
393 4713 806 4787 ἐρημικῶτερον
837 4715 894 4768 δὲ
928 4715 1019 4769 διά
1046 4719 1108 4771 τδ
1135 4718 1343 4791 ἦρεμον
1384 4720 1481 4778 τοῦ
1514 4725 1851 4796 παραδείσου

273 4806 687 4878 καταλαμϐάνει
727 4807 926 4879 χῶρον,
956 4811 1016 4863 ἐν
1039 4803 1084 4880 ᾧ
1108 4813 1288 4880 σοφῶς
1317 4815 1656 4886 προεσκόπει
1691 4817 1752 4872 τὸ
1778 4821 1856 4872 εἰ·

271 4897 512 4970 λικρινές
537 4899 676 4969 αὐτῇ
719 4899 820 4969 τῆς
855 4899 1307 4973 ἐπιθυμουμένης
1344 4906 1854 4977 συντηρηθήσεσθαι

273 4989 610 5060 προσευχῆς.
641 4990 794 5060 Τάχα
826 4991 885 5044 δὲ
909 4993 970 5044 ού
1003 4991 1090 5046 διά
1115 4993 1294 5059 τοῦτο,
1330 4995 1420 5048 διά
1453 4995 1510 5049 δὲ
1557 4997 1657 5068 τὴν
1683 4998 1851 5064 ὅντως

269 5083 692 5154 φανερουμένην
741 5083 1024 5156 ἀλήθειαν,
1059 5086 1158 5156 τὴν
1201 5087 1332 5158 περὶ
1382 5088 1551 5160 αὐτῆς
1580 5091 1680 5162 ἤδη
1729 5108 1857 5163 προ-

268 5174 544 5244 ανεφὼνει
569 5175 657 5230 διά
689 5178 1032 5247 πραγμάτων
1061 5177 1305 5232 ἔκϐασιν.
1344 5180 1468 5244 Τοῖς
1500 5182 1609 5252 γὰρ
1635 5185 1696 5253 τῇ
1723 5186 1855 5255 σκιᾷ

267 5267 296 5319 δ
312 5265 545 5320 ,υλεύειν
565 5267 1012 5338 διατεταγμένοις
1029 5269 1134 5322 τῶν
1156 5272 1394 5340 νομικῶν
1414 5272 1639 5342 ἐθίμων,
1661 5273 1853 5346 ὥςπερ

267 5377 338 5413 τα
361 5357 452 5412 διὰ
475 5361 858 5432 καρποφορίας
897 5361 1354 5434 καλλιερούμενα,
1390 5361 1533 5416 οὕτω
1557 5363 1655 5418 καὶ
1684 5367 1715 5434 ἡ
1743 5366 1853 5419 τῶν

266 5449 585 5520 ἀναγκαίως
626 5453 965 5524 αἰτουμένων
1009 5456 1529 5527 συμπεριεγράφετο
1572 5457 1852 5529 προσευχὴ

268 5543 346 5614 τῷ
372 5542 518 5615 ναῷ,
537 5544 597 5600 ἐν
645 5543 822 5618 τούτῳ
863 5544 1065 5617 μᾶλλον
1109 5545 1218 5603 τῶν
1254 5547 1710 5618 ἐπιζητουμένων
1751 5549 1853 5621 τὴν

265 5634 494 5689 ικδασιν
519 5634 818 5707 λαμϐάνειν
849 5635 1632 5710 πιστευομένων.“Προμηνύει
1672 5639 1852 5696 τοίνυν

268 5726 306 5798 η
335 5728 430 5799 τῆς
464 5726 683 5800 χάριτος
712 5725 1002 5798 ἐπώνυμος
1036 5728 1240 5796 Ἀννα,
1261 5726 1348 5781 διὰ
1379 5727 1477 5800 τῆς
1509 5729 1652 5786 οὕτω
1681 5749 1848 5804 προσ-

1959 4533 2087 4595 tior,
2127 4533 2390 4590 intentam
2425 4535 2722 4605 jugemque
2757 4533 3006 4590 oblatura
3032 4536 3363 4599 orationem,
3392 4535 3470 4590 uti
3505 4552 3535 4589 ιι

1958 4624 2142 4689 domo,
2181 4625 2253 4679 ita
2305 4634 2359 4680 et
2387 4642 2416 4678 a
2448 4626 2647 4694 templo
2684 4627 2846 4698 longe
2883 4627 3147 4692 abscedit,
3180 4628 3431 4698 hortique
3467 4627 3545 4683 lo-

1953 4731 2104 4784 cum,
2146 4716 2215 4771 ab
2249 4717 2484 4772 humana
2513 4719 2908 4774 consuetudine
2939 4719 3310 4784 remotiorem,
3341 4718 3540 4788 quietis

1954 4824 2085 4880 ergo
2145 4809 2304 4878 petit,
2352 4810 2442 4864 ubi
2497 4809 2818 4865 desiderata:
2879 4809 3208 4878 precationis
3267 4810 3537 4864 sinceram

1955 4902 2248 4972 puritatem
2303 4903 2406 4958 sibi
2465 4911 2741 4958 servatum
2783 4903 2852 4956 iri
2907 4901 3189 4971 sapienter
3249 4901 3540 4957 admodum

1958 4995 2308 5064 praesidebat.
2343 4994 2480 5051 Fors
2505 5004 2686 5049 autem
2715 5010 2822 5048 non
2849 5008 2913 5050 ea
2937 4996 3170 5062 ratione,
3193 4996 3286 5050 sed
3319 5004 3544 5064 propter

1958 5087 2242 5142 veritatem
2277 5102 2466 5142 revera
2502 5087 2909 5149 declarandam.
2941 5086 3058 5158 ejus
3108 5085 3215 5144 iant
3265 5101 3334 5142 ex
3365 5086 3544 5156 operi-

1958 5176 2107 5230 rihus
2139 5177 2290 5236 circa
2337 5192 2397 5232 se
2451 5187 2708 5232 eventum
2751 5179 3100 5247 praedicebat.
3133 5177 3342 5245 Quibus
3394 5177 3540 5231 enim

1956 5269 2334 5338 praescriptum
2411 5277 2529 5322 erat
2589 5279 2646 5323 ut
2711 5269 2962 5339 legalium
3017 5271 3276 5325 sciturum
3338 5270 3543 5324 umbne

1956 5361 2316 5425 deservirem,
2352 5361 2426 5416 uti
2461 5361 2739 5418 oll'ereuda
2781 5379 3008 5420 munera
3039 5379 3105 5419 ac
3152 5361 3428 5432 primitias,
3464 5360 3539 5416 ita

1956 5465 2012 5508 et
2083 5455 2522 5510 necessariarum
2585 5471 2765 5512 rerum
2817 5472 2915 5527 per
2958 5457 3258 5512 orationem
3324 5453 3541 5522 petitio,

1959 5546 2143 5618 templi
2186 5546 2394 5603 ambitu
2426 5549 2647 5604 deﬁnita
2677 5558 2817 5617 erat,
2871 5550 2923 5604 in
2956 5563 3064 5619 quo
3109 5547 3346 5606 maxime
3385 5559 3541 5604 votov

1960 5655 2076 5694 rum
2135 5654 2194 5696 se
2225 5649 2505 5713 compotes
2559 5639 2675 5697 fore
2721 5655 3041 5712 persuasum
3093 5640 3385 5696 habebant.
3418 5639 3539 5697 lam

1958 5749 2085 5806 ergo
2123 5733 2459 5806 cognominis
2491 5734 2676 5806 gratiae
2716 5735 2894 5803 Anna,
2945 5749 3010 5792 ex
3065 5733 3340 5802 oratione,
3375 5747 3544 5806 quam
