4002 6232
311 283 446 351 i369

1363 303 1446 364 IN
1485 303 2069 369 CONCEPTIONEM
2123 308 2180 368 S.
2223 311 2470 372 ΑΝΝιΕ.

3429 313 3566 378 1370

303 397 524 465 εὔλογος
559 397 666 451 τῶν
714 401 1056 471 σιγησάντων
1111 404 1378 476 ἀπολογία
1419 427 1432 440 ·
1465 411 1592 480 περὶ
1644 407 1710 483 ἧς
1737 413 1880 464 δεδο-

2006 431 2086 483 [ua
2115 419 2351 486 gloriosa
2383 419 2607 473 dicenda
2634 429 2760 474 sunt
2791 433 2852 474 ac
2874 419 3202 474 enuntianda
3224 418 3276 472 in
3309 421 3562 476 universa

296 489 554 560 ξασμὶνα
587 491 645 542 ἐν
692 492 841 564 πάσῃ
891 494 1087 568 λογικῇ
1145 498 1306 566 φύσει
1347 499 1716 572 λαληθήσεται
1753 519 1768 533 ·
1812 497 1882 574 ἦς

305 581 488 648 νοερού⁴
535 582 796 652 δυνάμεις
847 585 915 639 τὰ
957 587 1222 657 μεγαλεῖα
1275 591 1736 660 διανυμνήσουσιν
1775 609 1788 622 ·
1815 588 1884 665 ἧς

307 673 404 742 τὴν
437 672 596 738 δόξαν
618 675 1035 746 ἀνακηρύξουσι.
1071 678 1492 746 Λαληθήσεται
1525 683 1592 735 τὸ
1642 682 1884 751 σπέρμα

309 781 426 820 σου
455 765 526 819 ἐν
553 765 664 832 ὁσίῃ
701 766 776 834 τῇ
811 769 1156 838 οἰκουμένῃ.
1192 773 1264 824 Σὺ
1311 771 1411 842 μὲν
1462 774 1591 842 γὰρ,
1628 777 1815 844 φησὶν,
1840 769 1885 828 ὦ

313 854 502 917 Ἅννα,
536 855 599 908 οὐ
637 855 904 910 τοσοῦτον
932 861 1032 928 τῆς
1080 859 1173 912 τοῦ
1206 861 1394 926 γένους
1423 861 1586 914 ἕνεκα
1608 863 1885 932 διαδοχῆς,

309 945 404 996 καὶ
425 945 525 1012 τῆς
554 947 933 1018 καρποφορίας
955 950 1054 1014 τῆς
1081 949 1316 1018 φύσεως,
1335 951 1434 1022 τὴν
1456 951 1719 1023 ἐπίμονον
1747 969 1888 1024 καρ-

307 1036 518 1106 τερίαν,
537 1040 631 1092 καὶ
647 1041 774 1104 τοὺς
785 1041 1030 1111 διέύχῆς
1055 1043 1274 1126 ἀγῶνας
1295 1045 1614 1115 καταϐάλλει
1630 1063 1643 1077 ο
1671 1063 1886 1114 καρπο-

312 1131 500 1198 φορεῖς
536 1130 644 1200 γὰρ
673 1131 769 1200 τὴν
803 1132 912 1185 τῶν
948 1134 1164 1206 ἀρετῶν
1187 1135 1448 1204 ἀφθονίαν
1473 1137 1566 1208 ³τῷ
1587 1137 1734 1206 Θεῴο
1765 1139 1890 1190 ὅσον

311 1219 400 1272 διὰ
410 1219 507 1292 τὴν
523 1221 1067 1294 ὲξακουσθησομένην
1085 1229 1142 1278 ὲν
1166 1226 1243 1296 τῷ
1261 1227 1409 1293 γένει
1432 1229 1522 1296 τῆς
1545 1227 1890 1290 παιδοποιίας

315 1313 526 1382 φήμην,
555 1313 660 1366 τῶν
686 1314 907 1368 ὀνειδῶν
943 1316 1042 1385 μὲν
1065 1316 1166 1386 τῆς
1196 1318 1452 1380 ἀτεκνίας
1485 1317 1886 1386 ἀπαλλαγῆναι,

317 1404 769 1475 συναριθμεῖσθαι
817 1407 875 1460 δὲ
908 1409 1004 1461 καὶ
1053 1408 1437 1462 συλλαλεῖσθαι
1498 1410 1758 1478 μητράσι,
1796 1409 1892 1461 καὶ

314 1493 414 1561 τῆς
465 1496 717 1563 εὐλογίας
773 1498 998 1550 ἐκείνων
1033 1498 1108 1568 μὴ
1156 1499 1568 1568 ἀποκρίνεσθαι.
1619 1499 1678 1551 Ὀ
1705 1499 1762 1552 δὲ
1792 1498 1891 1568 τῆς

315 1584 552 1655 δεήσεώῖ
583 1603 674 1639 σου
715 1589 948 1658 καρπὸς,
977 1589 1073 1642 καὶ
1101 1591 1134 1660 ἡ
1168 1593 1268 1660 τῆς
1297 1592 1514 1659 φύσεως
1543 1590 1792 1660 εὐφορία,
1828 1589 1890 1642 ού

321 1678 481 1747 μόνον
515 1679 574 1732 ἐν
600 1678 678 1749 τῷ
719 1680 958 1750 Ἰσραὴλ,
990 1681 1022 1752 ἢ
1061 1683 1119 1735 ὲν
1152 1685 1265 1745 τοῖς
1307 1683 1680 1752 συμφυλέταις
1727 1682 1892 1752 λαλη-

320 1769 546 1840 θήσεται
585 1774 680 1825 καὶ
727 1749 1215 1844 μεγαλυνθήσεται,
1246 1749 1448 1828 ἀλλ”ὲν
1475 1775 1571 1846 ὅλῃ
1603 1749 1894 1844 διαϐοηθηο
1927 1749 1968 1808 Β

324 1877 476 1914 σεται
505 1864 572 1933 τῇ
606 1863 900 1936 οίκουμένῃ
934 1881 948 1895 ·
983 1866 1040 1917 ὲν
1095 1864 1375 1934 βασιλεῦσι
1423 1866 1518 1918 καὶ
1562 1865 1854 1926 δυνάσταις
1878 1879 1894 1894 ⁸

323 1952 380 2004 ἐν
401 1953 604 2022 ίερεῦσι
629 1955 722 2008 καὶ
741 1955 971 2018 δικαίοις
991 1970 1006 1986 ·
1032 1955 1090 2008 ὲν
1113 1954 1524 2024 πολυγλώσσοις
1558 1955 1766 2008 ἔθνεσιν
1794 1971 1808 1984 ο
1839 1955 1897 2007 ἐν

324 2045 503 2112 σοφοῖς
531 2047 623 2096 καὶ
651 2044 875 2114 ἀσόφοις
897 2061 912 2076 ο
944 2045 1002 2097 ἐν
1023 2043 1306 2108 τοσούτοις
1337 2044 1365 2095 ὁ
1402 2043 1496 2106 σὸς
1527 2041 1896 2112 λαληθήσεται

323 2135 534 2206 καρπός
561 2152 575 2166 ·
605 2138 686 2200 είς
715 2135 983 2190 τοσούτων
1005 2135 1282 2208 διηχηθεὶς
1311 2135 1502 2197 ἀκοὰς,
1537 2133 1898 2204 καταλλήλως

321 2230 436 2290 τοῖς
469 2227 690 2292 οίκείοις
743 2227 1212 2298 μεγαλυνθήσεται
1257 2227 1611 2298 παραδόξοις.

395 2320 460 2374 Τί
490 2318 584 2375 οὖν
620 2325 654 2392 ἡ
709 2321 953 2392 μακαρία
983 2321 1078 2374 καὶ
1131 2319 1507 2390 μεγαλόψυχος
1540 2319 1711 2372 ΙἈννα
1741 2312 1897 2382 ;“οἷον

322 2411 621 2484 ἁντίδωρον
674 2412 754 2482 τῷ
805 2411 904 2483 τὴν
945 2411 1204 2482 τοιαύτην
1261 2410 1624 2482 παρεχομένῳ
1683 2409 1896 2462 δίδωσιν

323 2505 576 2572 εὐλογίαν
605 2521 619 2569 ;
654 2505 810 2568 Olet;
845 2505 936 2558 τὸν
967 2503 1264 2573 εύεργέτην
1309 2503 1596 2572 ἀμείϐεται
1641 2502 1758 2563 ταῖς
1791 2501 1896 2553 δωη

327 2599 478 2665 ρεαῖς
504 2612 519 2660 ;
541 2595 673 2657 υἷας
703 2597 798 2658 τὰς
848 2597 946 2666 τῆς
976 2595 1198 2665 χάριτος
1239 2594 1649 2663 ὁλοκαρπώσεις
1692 2591 1897 2660 ἀναφέ-

328 2704 443 2758 ρειν
491 2685 1026 2754 κατεπαγγέλλεται;
1063 2686 1176 2738 Ούκ
1219 2684 1589 2754 ἀναθημάτων
1669 2681 1897 2734 πολυτέ-
1930 2689 1953 2729 ι

324 2779 478 2834 λειαν
514 2795 528 2810 ο
566 2779 626 2831 οὐ
674 2777 744 2832 τά
783 2777 844 2843 ἐξ
887 2779 1097 2846 ἀλόγων
1145 2775 1299 2840 ζώων
1349 2775 1567 2845 θύματα
1592 2789 1604 2804 ·
1646 2773 1708 2826 ού
1758 2788 1894 2841 καρ-

327 2871 446 2922 πῶν
496 2869 788 2940 ἀπαρχάς·
837 2869 938 2921 οὐκ
970 2867 1098 2922 ἄλλο
1145 2885 1200 2920 τι
1240 2866 1350 2919 τῶν
1392 2866 1900 2936 ἀντεισφερομὲνων

327 2959 798 3030 καλλιερημάτων,
826 2959 940 3013 ἀλλ’
973 2959 1144 3029 αὐτὴν
1163 2959 1260 3029 τὴν
1283 2959 1574 3028 δεδομένην
1594 2957 1728 3026 αύτῇ
1763 2973 1900 3028 καρ-

327 3051 596 3122 ποφορίαν
645 3051 746 3120 τῆς
785 3050 998 3118 φύσεως
1031 3065 1044 3081 ·
1078 3051 1208 3103 αὐτὸ
1240 3049 1301 3102 τὸ
1342 3051 1592 3102 εὐκταῖον
1621 3048 1756 3118 αὐτῇ
1803 3047 1896 3100 καὶ

327 3141 562 3210 ποθητὸν
615 3140 920 3212 βλάστημα,
958 3141 1098 3211 ὑπὲρ
1127 3137 1189 3194 οὗ
1237 3141 1296 3194 αἱ
1345 3139 1600 3209 ὲπίμονοί
1658 3138 1892 3208 δεήσεις,

327 3232 424 3284 καὶ
471 3231 542 3285 τὰ
585 3229 784 3301 δαψιλῆ
832 3232 1158 3300 κατεχὲοντο
1211 3229 1426 3300 δάκρυα
1453 3245 1466 3260 ·
1523 3231 1664 3299 ὑπὲρ
1699 3223 1761 3282 οὗ
1804 3227 1900 3280 καὶ

326 3321 612 3391 ὲναγὼνιοι
661 3321 973 3394 καρτερίαι,
1010 3325 1108 3374 καὶ
1151 3322 1444 3392 ὑπεροψίαι
1484 3321 1593 3374 τῶν
1640 3319 1900 3374 εὐπαθεῖν

326 3413 856 3486 παρασκευαζόντων
890 3413 1165 3468 ἁπάντων.
1201 3417 1248 3466 Ζ
1259 3413 1291 3482 ᾗ
1338 3414 1468 3484 γὰρ,
1499 3413 1653 3483 φησὶ,
1687 3413 1902 3479 Κύριος

329 3512 364 3562 ό
405 3509 549 3574 Θεός
577 3524 718 3576 μου,
739 3507 848 3562 ἐὰν
869 3505 1144 3576 γεννήσω
1164 3506 1286 3559 stre
1321 3505 1532 3572 ἄρσεν,
1557 3505 1678 3556 εἴτε
1718 3501 1898 3571 θῆλυ,

329 3601 617 3670 προσάξω
657 3603 802 3656 αὐτὸ
841 3599 1033 3670 δῶρον
1063 3599 1270 3668 Κυρίῳ·
1297 3596 1377 3663 τῷ
1434 3597 1554 3663 Θεῷ
1596 3613 1715 3666 μου
1747 3637 1761 3660 ,
1804 3595 1903 3650 καὶ

329 3693 504 3746 ἔσται
525 3692 917 3762 λειτουργοῦν
947 3691 1108 3756 αὐτῷ
1130 3691 1334 3756 πάσας
1351 3689 1456 3756 τὰς
1487 3689 1728 3758 ἡμέρας.
1762 3689 1905 3759 Ὅρα

329 3783 424 3834 τὸν
461 3767 600 3852 πρὸς
626 3782 758 3835 Θεὸν
788 3783 888 3852 τῆς
918 3782 1120 3851 Ἀννης
1151 3781 1412 3852 διάπυρον
1449 3780 1612 3834 πόθον
1633 3797 1648 3812 ·
1670 3781 1773 3848 ὅρα
1803 3779 1906 3849 τὴν

329 3873 779 3944 ὑπερϐάλλουσαν
821 3874 991 3944 αὐτῆς
1026 3872 1433 3945 μεγαλοψυχίαν
1469 3889 1484 3904 ο
1512 3873 1614 3944 ὅρα
1643 3873 1790 3936 ὅπως
1820 3870 1908 3926 διὰ

327 3965 430 4036 τῆς
455 3965 733 4037 παρούσης
756 3967 1130 4036 ἀφιερώσεως,
1155 3965 1250 4018 καὶ
1279 3965 1379 4036 τὴν
1405 3965 1655 4034 ἀφθόνως
1685 3963 1764 4034 τῷ
1787 3962 1910 4035 Θεῷ

329 4053 441 4108 τῶν
494 4055 648 4118 ἐκτὸς
713 4053 1134 4125 προσαγομένην
1191 4053 1574 4126 καρποφορίαν
1607 4053 1905 4118 ὑπέδειξεν.

331 4147 398 4200 Ei
421 4145 528 4218 γὰρ
561 4147 661 4214 τὴν
693 4145 976 4216 διδομένην
1032 4147 1128 4216 τῆς
1163 4145 1377 4213 φύσεως
1425 4145 1699 4212 εὐλογίαν,
1731 4144 1909 4216 ψυχῆς

329 4255 394 4292 τε
425 4237 722 4307 εὐθυμίαν,
767 4238 862 4290 καὶ
911 4237 1020 4290 τῶν
1073 4240 1249 4290 πόνων
1312 4237 1710 4306 παραμυθίαν,
1767 4234 1910 4288 οὕτω

332 4329 536 4402 ζεούσῃ
562 4329 876 4400 προαιρέσει
901 4329 1019 4400 Θεῷ
1046 4330 1356 4398 ἀνατιθησι,
1395 4331 1537 4392 τίνος
1561 4327 1626 4382 ἂν
1656 4327 1754 4396 τῆς
1786 4327 1904 4382 λοι-

1989 509 2232 584 rationali
2271 521 2506 575 natura;
2547 510 2702 578 cujus
2752 511 3135 566 intellectriccs
3166 511 3396 566 virtutes
3450 527 3566 566 ma-

1987 599 2161 666 gualia
2187 601 2412 654 canticis
2440 600 2718 654 celebrant
2743 586 2938 669 {cujus
2967 603 3198 670 gloriam
3234 603 3558 671 praedicant.

1989 689 2369 744 Enuutinbitur
2399 708 2573 744 semen
2627 704 2771 748 tuum
2813 695 2866 747 in
2906 695 3146 748 universo
3185 693 3330 748 orbe.
3362 695 3442 748 Tu
3493 699 3566 750 si-

1988 778 2226 852 quidem,
2259 783 2454 852 inquit,
2491 800 2524 838 o
2570 785 2722 838 Anna
2749 827 2764 850 ,
2803 801 2907 839 non
2944 796 3048 838 tam
3086 787 3302 856 generis
3350 800 3565 842 succes-

1989 873 2218 936 sionem,
2269 888 2332 926 ae
2373 884 2582 928 uatum
2641 873 2872 930 fructum
2926 875 3196 950 ambiens,
3231 877 3565 932 assiduitatis

1989 961 2133 1016 illius
2157 967 2540 1031 constantiam,
2573 981 2634 1020 ac
2671 982 2887 1034 precum
2942 966 3242 1020 certamina
3301 967 3567 1036 impendis

1991 1055 2213 1122 (quippe
2243 1071 2362 1124 quae
2395 1057 2586 1111 uberes
2617 1058 2871 1111 virtutum
2906 1056 3116 1110 fructus
3146 1055 3340 1112 oﬂ'eras
3380 1056 3508 1128 Deo)
3544 1077 3557 1112 :

1991 1159 2152 1213 quam
2185 1155 2240 1198 ut
2267 1148 2550 1200 nasciturus
2576 1148 2742 1215 prolis
2779 1149 2960 1201 audita
2987 1149 3040 1200 in
3067 1147 3364 1216 gentilibus
3396 1148 3564 1209 fama.

1993 1235 2060 1290 ab
2093 1237 2397 1291 sterilitatis
2444 1239 2753 1306 opprobriis
2804 1239 3048 1293 liberetis
3073 1279 3088 1305 ,
3145 1254 3243 1293 nec
3275 1241 3340 1292 ab
3379 1255 3565 1293 eorum

1993 1328 2368 1382 benedictione
2391 1329 2698 1384 excludaris
2731 1347 2744 1382 :
2793 1331 3073 1385 enimvero
3094 1370 3109 1393 ,
3149 1340 3250 1386 tua:
3281 1331 3424 1385 illius
3446 1347 3567 1384 ora-

1997 1417 2157 1470 tionis
2197 1417 2424 1481 fructus,
2456 1431 2519 1470 ac
2556 1429 2759 1470 natura:
2783 1417 3012 1471 fecunda
3045 1419 3212 1472 editio
3239 1457 3253 1480 ,
3284 1418 3479 1470 nedum
3513 1416 3565 1468 in

1995 1507 2212 1570 lsraele,
2252 1523 2315 1560 ac
2360 1507 2544 1575 gentili
2600 1517 2690 1562 tuo
2724 1508 2920 1576 populo
2951 1507 3326 1562 euuutiabitur
3353 1521 3418 1560 ac
3453 1520 3570 1558 ma-

1995 1599 2354 1667 gniticabitur,
2388 1599 2482 1651 sed
2535 1608 2590 1652 et
2616 1601 2668 1652 iu
2709 1601 2962 1652 universo
2985 1599 3118 1652 orbe
3141 1596 3374 1652 celebris
3400 1595 3567 1651 babe-

1998 1689 2142 1742 bitur
2175 1707 2187 1742 :
2227 1690 2278 1741 in
2312 1688 2527 1756 regibus
2553 1703 2616 1740 ac
2635 1687 2989 1755 principibus,
3023 1689 3076 1740 in
3105 1687 3478 1742 sacerdotibus
3507 1701 3572 1738 ac

1993 1778 2181 1847 justis;
2233 1777 2487 1849 gentibus
2519 1777 2852 1831 diversarum
2897 1775 3234 1842 linguarum;
3274 1777 3325 1828 iu
3358 1775 3574 1840 sapien-

1999 1871 2148 1925 tibus
2202 1881 2255 1923 et
2299 1869 2700 1939 insipientibus.
2754 1865 2810 1920 In
2868 1877 2974 1920 tam
3044 1866 3268 1932 multis,
3327 1866 3569 1934 inquam,

1999 1961 2374 2017 etmntiabitur
2423 1970 2547 2012 tuus
2585 1958 2669 2010 ille
2720 1957 2926 2012 fructus
2969 1976 2990 2018 ,ι
3040 1959 3091 2011 in
3127 1967 3233 2011 tam
3278 1957 3569 2012 multorum

1999 2055 2306 2108 ditiamatus
2366 2051 2633 2112 auribus,
2710 2064 2952 2119 congrua
3034 2049 3376 2106 mirabilibus
3455 2048 3572 2120 ejus

2001 2144 2399 2216 magniﬁcentia
2434 2142 2839 2212 honoribusque
2869 2143 3178 2211 augebitur.

2068 2329 2204 2396 Quid
2241 2329 2403 2394 igitur
2429 2327 2583 2381 beata
2633 2341 2697 2380 ac
2753 2323 3037 2395 magniﬁca
3073 2322 3569 2390 Anna?Quodnam

1999 2439 2194 2478 munus
2247 2433 2393 2476 tama
2445 2435 2504 2474 se
2569 2419 2950 2474 benedictione
3005 2417 3227 2473 donanti
3279 2414 3573 2486 rependit?

1997 2515 2202 2580 Quibus
2225 2513 2376 2566 donis
2407 2512 2650 2566 bencﬁro
2670 2512 2960 2566 retribuit?
2993 2510 3137 2578 Quas
3161 2525 3219 2565 se
3241 2510 3379 2579 grati
3405 2508 3570 2562 animi

1998 2616 2347 2660 monumento
2404 2604 2707 2658 oblationes
2771 2601 3034 2656 facturam
3093 2599 3402 2672 promittit?
3454 2596 3571 2652 Non

1997 2697 2229 2768 pretiosa
2263 2706 2415 2751 vovet
2464 2694 2709 2758 donaria,
2751 2708 2855 2746 non
2897 2693 3146 2747 victimas
3178 2687 3572 2746 irrationalium

1999 2803 2249 2856 pecorum
2279 2803 2294 2852 ;
2331 2802 2434 2839 non
2469 2785 2682 2854 frugum
2717 2785 3004 2854 primitias;
3041 2798 3142 2837 non
3177 2783 3220 2836 si
3252 2781 3394 2851 quod
3429 2779 3575 2833 aliud

1997 2877 2322 2932 Sacriﬁcium
2359 2877 2576 2944 rependi
2637 2885 2811 2943 potest
2838 2875 2862 2927 ?
2892 2875 2983 2927 sed
3018 2887 3140 2926 eum
3179 2861 3378 2941 ipsum,
3410 2885 3573 2938 quem

2000 2969 2092 3021 Dei
2125 2967 2368 3036 largitate
2415 2968 2627 3032 accipit,
2684 2976 2887 3018 natura!
2948 2964 3226 3028 fructum;
3280 2961 3453 3030 ipsum
3485 2960 3574 3012 de-

2000 3057 2344 3126 precabileac
2370 3055 2722 3110 desiderabile
2751 3069 2995 3120 germen,
3015 3053 3166 3122 cuius
3197 3067 3325 3121 ergo
3345 3049 3576 3102 as.-iduae

2001 3151 2104 3204 illa:
2142 3149 2443 3218 agr-bantur
2474 3158 2681 3216 premis,
2729 3162 2792 3200 ac
2833 3149 3028 3199 uberes
3065 3145 3239 3198 Oculis
3270 3139 3578 3195 deﬂuebant

2001 3244 2290 3312 Iaz-rymzc;
2323 3240 2497 3312 cujus,
2528 3241 2768 3307 inquam,
2799 3241 2999 3307 gratia,
3021 3253 3142 3291 cum
3181 3235 3463 3288 laboriosae
3493 3247 3579 3286 as-

2002 3331 2270 3387 siduitatis
2293 3309 2613 3392 certamina,
2650 3337 2759 3380 ttttn
2783 3329 3182 3389 universorum,
3215 3325 3414 3392 quibus
3443 3323 3580 3375 bene

2005 3423 2126 3491 quis
2157 3418 2441 3486 fausteque
2473 3412 2688 3477 babeal.
2727 3418 3020 3487 despectio.
3061 3415 3224 3474 Vivit.
3257 3414 3400 3466 enim
3429 3452 3442 3475 ,
3494 3413 3578 3464 in-

2005 3512 2142 3579 quit,
2169 3508 2418 3562 Dominus
2455 3507 2592 3559 Deus
2619 3522 2782 3568 meus,
2809 3503 3066 3571 siquidem
3087 3503 3166 3556 vel
3188 3499 3477 3554 masrulum
3499 3498 3580 3551 vel

2005 3603 2256 3672 feminam
2280 3614 2543 3668 peperere,
2589 3599 2785 3650 denunt
2812 3596 3033 3666 offeram
3057 3594 3280 3648 Domino
3304 3591 3407 3644 Deo
3426 3605 3536 3642 meo
3562 3603 3580 3644 :

2006 3695 2203 3761 eritque
2240 3693 2339 3758 ipsi
2384 3691 2686 3744 ministram
2715 3687 2954 3740 omnibus
2979 3686 3180 3740 diebus.
3230 3682 3360 3736 Vide
3387 3693 3581 3733 accen-

2008 3799 2126 3838 sum
2161 3785 2326 3836 Anna:
2357 3782 2409 3834 in
2461 3780 2626 3833 Deum
2671 3777 3022 3832 desiderium.
3059 3775 3192 3830 Vide
3225 3770 3581 3827 excellentem

2007 3874 2125 3944 ejus
2169 3872 2334 3926 animi
2382 3870 2824 3942 magnitudinem.
2863 3867 2994 3923 Vide
3038 3877 3097 3920 ut
3131 3866 3385 3936 pra-senti
3423 3877 3584 3934 spon-

2008 3965 2162 4020 sione
2187 3979 2252 4018 ac
2286 3973 2428 4026 voto,
2471 3978 2629 4032 quam
2667 3962 2882 4016 abunde
2911 3970 3188 4014 externam
3221 3955 3580 4010 substantiam

2010 4057 2232 4126 ejusque
2288 4055 2553 4123 primitias
2595 4052 2812 4106 oii‘erret
2871 4051 3020 4113 Deo,
3078 4047 3400 4102 ostenderit.
3455 4043 3584 4110 Qua:

2011 4151 2152 4203 enim
2181 4161 2492 4202 concessam
2539 4154 2743 4198 natura:
2795 4141 3250 4203 benedictionem,
3311 4135 3586 4202 animique

2012 4238 2448 4306 oblectationem,
2481 4249 2545 4288 ac
2579 4235 2822 4286 laborum
2850 4230 3142 4294 solatium,
3177 4223 3410 4279 ferventi
3449 4223 3585 4274 adeo

2013 4331 2310 4402 proposito,
2336 4327 2487 4382 offert
2534 4325 2662 4391 Deo,
2688 4338 2920 4393 quonam
2954 4322 3060 4374 alio
3089 4336 3118 4374 e
3171 4327 3275 4372 tota
3332 4317 3583 4370 substan-

330 4424 444 4493 πῆς
470 4421 725 4490 ἐφείσατο
753 4423 984 4485 κτίσεως
1011 4440 1026 4487 ;
1055 4422 1120 4474 Τί
1152 4421 1250 4474 οὐκ
1281 4420 1346 4473 ἂν
1375 4419 1524 4490 αὐτῷ
1553 4419 1665 4473 τῶν
1714 4437 1900 4491 τιμιω-

2015 4425 2084 4476 tia
2115 4423 2380 4490 erogaudo
2407 4419 2621 4488 parcior
2672 4414 2869 4480 luerit?
2903 4413 3198 4478 Quodnam
3233 4407 3588 4464 charissima.

331 4515 508 4584 τέρων
531 4515 806 4582 ἀφιέρωσε
836 4531 849 4574 ;

409 4604 522 4660 Καὶ
559 4607 752 4658 σκόπει
804 4605 864 4658 τὶ.
911 4604 1134 4674 δαψιλὲς
1183 4606 1282 4672 τῆς
1330 4604 1553 4674 γνώμης
1599 4603 1788 4673 αὐτῆς.
1835 4604 1908 4656 Ού

335 4699 646 4754 διαστέλλει
670 4700 790 4750 ’Ἂν
819 4697 986 4767 ἄρσεν
1010 4699 1158 4764 τύχοι
1188 4697 1248 4747 τὸ
1270 4695 1612 4764 γεννώμενον
1646 4693 1913 4748 ἀποδώσω

333 4792 470 4845 αὐτὸ
515 4789 704 4860 Κυρίῳ
758 4787 835 4859 τῷ
863 4787 980 4858 Θεῷ
1020 4802 1032 4815 ·
1061 4787 1222 4848 ἀλλὰ,
1265 4784 1380 4838 κᾶν
1424 4785 1616 4852 ἄρσεν
1639 4785 1756 4852 εἴη,
1797 4785 1914 4837 κᾶν

335 4881 518 4949 θῆλυ.
556 4880 856 4948 Ἀπλήστου
915 4879 1050 4948 πρὸς
1085 4877 1216 4930 Θεὸν
1253 4877 1528 4946 ἁγάπηςὴ
1565 4878 1863 4946 ὑπόσχεσις
1895 4891 1909 4905 ·

335 4971 712 5039 ἀκατάσχετον
765 4969 859 5022 τοῦ
902 4969 1038 5037 πρδς
1091 4969 1251 5021 αᾶτδν
1304 4970 1471 5020 πόθου
1526 4968 1796 5037 δείγματα
1839 4969 1907 5020 τὶ

337 5061 808 5131 ἐπαγγελλόμενα.
845 5063 1016 5113 Αύτὶν
1051 5063 1210 5130 μονον
1234 5059 1373 5113 εἷναί
1402 5079 1535 5130 φησι
1568 5059 1908 5132 προτιμότε-

345 5170 438 5224 ρον
465 5154 694 5214 δίκαιον,
725 5153 915 5222 ὥσπερ
945 5153 1044 5224 τὴν
1097 5153 1206 5205 τῶν
1258 5155 1432 5207 ἄλλων
1485 5155 1734 5224 ἐκλογὴν.
1772 5155 1916 5208 οὕτω

342 5243 441 5298 καὶ
459 5242 559 5312 τὴν
593 5244 992 5312 καρποφορὶαν,
1022 5241 1185 5294 ὁποία
1205 5242 1268 5295 ἂν
1306 5243 1481 5312 τύχοι,
1513 5243 1919 5312 ἀπολαμϐάνειν

343 5335 447 5404 τῆς
476 5335 712 5402 φύσεως.
755 5334 818 5386 Εἰ
876 5335 974 5402 μὲν
1011 5334 1120 5404 γὰρ
1157 5329 1358 5396 εἷπεν,’
1393 5337 1521 5386 Ἐὰν
1555 5336 1719 5404 ἄρσεν
1753 5335 1834 5403 εἴη
1861 5335 1920 5388 τὸ

342 5424 706 5494 γεννώμενον,
741 5424 1000 5491 προσάξω
1029 5425 1160 5478 αὐτὸ
1199 5427 1384 5496 Κυρίῳ
1416 5426 1492 5496 τῷ
1523 5426 1660 5496 Θεῷ,
1683 5427 1921 5480 ἀπεσιώ-

343 5533 487 5584 πησε
519 5517 716 5589 δὲιτὴν
763 5515 858 5569 τοῦ
898 5505 1099 5588 θήλεος
1125 5519 1516 5588 προσηγορίαν,
1544 5520 1803 5591 ἐνομίσθη
1855 5521 1922 5574 ἂν

343 5607 445 5679 τὴν
469 5608 765 5678 ὁλόκληρον
820 5610 1118 5678 ἀφιέρωσιν
1165 5609 1626 5679 ἀκρωτηριάζειν,
1667 5611 1727 5663 τὸ
1787 5615 1921 5665 ἁπο-

345 5702 620 5773 σιωπηθὲν
668 5705 724 5756 ἐν
783 5706 847 5774 τῇ
884 5703 1174 5773 ὑποσχέσει
1215 5720 1224 5730 ·
1268 5703 1360 5755 νῦν
1409 5701 1459 5754 ae

1268 5703 1360 5755 νῦν
1409 5702 1460 5754 ae
1517 5703 1576 5755 τό
1633 5721 1686 5756 τε
1753 5705 1919 5775 ἄρσεν

2013 4531 2129 4570 rum
2160 4517 2438 4583 pignorum
2479 4528 2580 4562 non
2615 4507 2721 4562 Deo
2742 4503 3046 4561 addixerit?

2082 4605 2314 4660 Attende
2342 4617 2467 4654 vero
2493 4603 2607 4671 ejus
2623 4599 2788 4652 animi
2833 4593 3305 4667 magniﬁcentiam.
3335 4591 3452 4645 Non
3480 4589 3590 4642 dis-

2013 4699 2183 4751 crruit
2226 4713 2258 4749 ιο
2293 4694 2569 4762 Siquidem
2615 4705 2876 4760 peperero
2936 4687 3281 4751 miraculum,
3318 4699 3441 4736 eum
3485 4681 3593 4734 Do-

2013 4792 2161 4844 tuiuo
2187 4786 2546 4846 Deotradam;
2577 4784 2691 4845 sed,
2717 4781 2836 4835 Sive
2859 4780 3170 4846 masculum,
3197 4779 3300 4830 sire
3317 4775 3586 4844 feminam.

2013 4879 2340 4935 Insatiabilis
2374 4877 2426 4929 in
2468 4876 2630 4926 lit-um
2673 4871 2985 4924 dilectionis
3011 4879 3190 4920 votum
3229 4865 3330 4919 hoc
3362 4882 3375 4919 :
3413 4866 3587 4933 impo-

2017 4973 2176 5025 lettlis
2202 4971 2250 5023 in
2287 4971 2449 5022 Deum
2483 4964 2734 5019 desiderii
2760 4969 3140 5030 argumentum
3212 4958 3399 5011 isduec
3434 4956 3590 5027 polli-

2015 5066 2222 5118 citatio.
2257 5063 2366 5115 lloc
2414 5061 2611 5118 solum,
2668 5055 2863 5123 inquit,
2894 5054 3012 5121 jus,
3049 5052 3224 5122 potius
3261 5051 3588 5111 habendum,

2019 5165 2076 5208 nt
2112 5156 2254 5208 sicut
2279 5165 2457 5205 rerum
2508 5149 2735 5202 aliarum
2778 5147 3045 5199 delectum
3072 5185 3086 5212 ,
3138 5149 3207 5198 ita
3243 5156 3450 5197 naturae
3482 5141 3590 5192 fru-

2018 5258 2160 5302 ctum
2191 5264 2252 5298 ae
2295 5243 2558 5312 primitias
2588 5240 2834 5309 recipiat,
2870 5253 3207 5308 quaecunque
3237 5237 3452 5288 tamtum
3489 5233 3591 5288 illa:

2022 5340 2240 5393 ithl'ltti.
2273 5335 2406 5388 Nam
2455 5334 2500 5388 si
2531 5334 2758 5386 ιιίκῑειιει
2856 5331 3133 5398 Siquidem
3183 5335 3442 5397 prpei'eru
3479 5341 3593 5377 uta-

2020 5432 2249 5490 8cuium,
2297 5427 2517 5481 offeram
2575 5441 2698 5479 eum
2758 5425 2984 5478 Domino
3024 5421 3166 5483 Deo;
3226 5418 3440 5470 l'eutimu
3495 5432 3594 5468 au-

2024 5531 2130 5576 tem
2181 5533 2372 5574 noiueu
2416 5518 2707 5582 tacuisset,
2750 5514 2918 5567 videri
2982 5506 3474 5584 potnisset,_quod
3539 5507 3593 5561 ilt

2025 5624 2146 5666 voto
2173 5612 2389 5664 tacitum
2416 5618 2578 5672 esset,
2607 5603 2932 5659 oblationem
2961 5600 3270 5668 integritate
3323 5598 3588 5651 minuere.

2027 5704 2177 5760 Nunc
2213 5712 2390 5758 autem
2416 5742 2428 5766 ,
2465 5697 2757 5754 masculum
2788 5693 2990 5764 patitor
3031 5707 3091 5745 ac
3135 5691 3390 5745 leminam
3431 5707 3614 5762 spmt-_
