4002 6232
330 273 467 341 12ῗ3

1413 272 1496 336 ΙΝ
1536 270 2117 336 CONCEPTIONEM
2159 270 2219 331 S.
2264 265 2490 328 ANNIE

3465 250 3602 317 1374

326 394 462 465 όμοῦ
494 394 584 446 καὶ
619 392 892 456 οἰκείωσις
920 391 1238 461 ἐγγίνεσθαι
1281 392 1544 461 πέφυκεν.
1585 391 1727 444 Ἀλλ’
1766 390 1908 461 ὑπὲρ
1937 429 1947 454 γ

2052 406 2074 446 e
2102 387 2435 452 conciliatio,
2469 393 2659 453 suapte
2697 389 2884 435 natura
2941 381 3306 446 comparatur.
3329 369 3596 423 Caeterum

333 487 430 558 μὲν
454 486 632 539 πόνων
660 485 915 556 ἀμοιϐῆς,
943 485 1118 540 ταῦτα
1141 485 1218 556 τῷ
1243 483 1436 556 ἀληθεῖ
1469 483 1714 554 κρίνεται
1741 482 1904 552 λόγῳ,

329 584 378 634 εί
431 582 526 634 καὶ
593 579 831 633 εὐτελῶν
888 595 1048 632 τινων
1089 579 1184 633 καὶ
1219 577 1455 649 μικρῶν,
1481 575 1618 647 ὑπὲρ
1671 573 1910 628 διάνοιαν

331 674 482 736 διτα,
521 673 868 726 ἀντιδίδοται.
897 671 994 742 Τίς
1026 672 1132 744 γὰρ
1167 673 1229 723 ού
1289 669 1448 740 μόνον
1513 665 1908 738 καταϐληθείη,

329 764 468 820 ἀλλᾶ
520 765 614 818 καὶ
638 763 956 833 ἐπινοηθείη
980 763 1163 828 πόνος,
1189 763 1220 814 ὁ
1264 761 1360 815 καὶ
1390 760 1466 830 τῷ
1499 757 1779 828 πολλοστῷ
1821 757 1911 810 δο-

335 857 522 910 κοῦντι
535 855 644 909 τῶν
669 855 890 925 ἀγαθῶν
910 855 1133 909 ἐκείνων
1147 852 1472 922 ἀπιτισηκοῦν
1494 850 1912 919 ὑπονοούμενοςς

337 949 515 1001 Ποίων
569 947 802 1015 ἀγώνων
851 946 1036 1026 ἔργων
1067 947 1100 1017 ἡ
1135 944 1273 1016 πρὸς
1315 942 1546 1014 οὐρανὸν
1601 941 1812 1010 γένοιτο
1851 937 1916 992 ἂν

334 1040 635 1106 ἀνάϐασις;
665 1040 838 1094 Τίνων
866 1039 1043 1092 πόνων
1069 1037 1336 1108 κλίμακες
1364 1038 1418 1088 αἱ
1458 1035 1597 1106 πρὸς
1655 1031 1918 1085 τοσοῦτον

335 1131 470 1196 libo;
504 1130 842 1200 ἐφικνεῖσθαι
871 1130 1164 1198 δυνάμεναι
1190 1145 1204 1195 ;
1237 1129 1412 1181 Ποίων
1443 1125 1553 1179 τῶν
1582 1127 1641 1178 ὲν
1669 1123 1922 1192 ὲπικήρῳ

336 1223 432 1278 καὶ
481 1221 682 1294 ῥεούσῃ
729 1221 840 1290 ζωῇ
883 1219 1367 1290 καταϐαλλομένων
1424 1215 1682 1286 ἱδρώτων,
1714 1214 1770 1268 αἱ
1811 1211 1922 1265 τῶν

343 1315 582 1370 αἰωνίων
609 1315 704 1368 καὶ
730 1312 1026 1381 ἀκηράτων
1043 1312 1180 1364 εἰσιν
1203 1309 1528 1374 ἀντιδόσεις;
1555 1305 1722 1367 Τίνας
1743 1303 1808 1358 ἄν
1840 1317 1924 1364 τις

337 1407 462 1461 κατ’
495 1407 654 1472 ἀξίαν
694 1403 792 1474 τῆς
835 1401 1169 1464 οἰκειώσεως
1210 1398 1305 1452 τοῦ
1339 1393 1684 1468 Δημιουργοῦ
1729 1392 1926 1454 πόνους

341 1491 829 1560 ἐπιδείξαιτοόἷον
861 1493 926 1546 ἂν
959 1491 1152 1545 ἑαυτὸν
1179 1491 1380 1545 οίκείον
1409 1489 1506 1558 τῆς
1544 1485 1754 1539 ἐκείνου
1783 1486 1922 1536 ἐνοι-

2018 483 2155 537 bona
2179 481 2426 542 baec,cen
2457 491 2552 546 pro
2580 475 2822 529 laborum
2848 469 3199 525 retributione
3229 475 3412 518 revera
3445 473 3602 511 com-

2020 581 2296 645 pntantttr,
2323 570 2532 627 tametsi
2564 567 2860 637 cogitatum
2890 576 3104 617 omnem
3139 552 3472 625 superantia,
3505 563 3603 618 pro
3635 589 3638 594 .

2021 664 2214 716 vilibus
2258 676 2319 715 ac
2351 659 2562 730 exiguis
2613 655 2996 726 rependuntur.
3045 649 3178 716 Quis
3232 645 3376 700 enim
3422 650 3606 695 tantus

2023 755 2195 820 labor,
2222 756 2416 807 nedum
2449 752 2558 821 ipsa
2593 764 2651 802 re
2682 744 3046 815 impendatur;
3079 738 3173 794 sed
3195 735 3278 792 vel
3303 734 3484 788 animo
3509 745 3605 784 co-

2025 851 2239 921 gitetur,
2295 856 2352 901 nt
2407 845 2492 900 vel
2526 843 2744 899 minima
2791 849 2944 908 parte
2993 850 3023 889 e
3078 833 3340 888 bonorum
3391 825 3603 879 illorum

2028 940 2243 1010 regione
2293 951 2562 1010 appensns
2585 973 2600 999 ,
2637 931 2839 1002 aliquid
2875 925 3160 982 videatur?
3197 922 3438 988 Quorum
3479 930 3608 985 rogo

2029 1031 2384 1088 certaminum
2427 1043 2563 1097 opus
2607 1026 2678 1080 sit
2729 1021 2974 1077 ascensio
3003 1019 3056 1072 in
3085 1002 3322 1070 etclam?
3353 1012 3602 1078 Quorum

2029 1131 2184 1193 putes
2225 1120 2468 1174 laborum
2505 1107 2730 1187 gradus,
2756 1122 2816 1168 ut
2849 1111 2916 1164 ad
2953 1118 3157 1162 tantam
3191 1100 3433 1158 subveCIi
3498 1097 3610 1153 sint

2031 1209 2458 1268 sublimitatem?
2493 1209 2731 1274 Quorum
2765 1202 2976 1258 mortali
3001 1215 3065 1254 ac
3087 1197 3228 1251 ﬂuxa
3259 1193 3369 1247 vita
3397 1191 3610 1258 impen-

2033 1321 2214 1361 sorum
2269 1303 2524 1359 sudorum
2547 1341 2564 1365 ,
2609 1307 2934 1354 mternorum
2963 1309 3028 1347 ac
3055 1285 3442 1346 immortalium
3473 1295 3612 1352 pra:-

2035 1397 2142 1452 mia
2206 1397 2492 1450 bonorum.
2524 1393 2794 1458 Quasnam
2839 1387 2960 1457 quis
2996 1385 3210 1438 labores
3231 1372 3510 1439 exhibe-at,
3548 1380 3604 1426 ut

2035 1485 2297 1554 condigne
2327 1481 2778 1538 necessitudinem
2816 1477 2960 1530 illam
2987 1488 3108 1527 cum
3145 1478 3368 1524 auctore
3398 1475 3614 1534 prome-

341 1590 556 1658 κήσεως
581 1582 1044 1638 κατασκευάσειεν
1059 1581 1404 1652 οίκητήριον;
1445 1575 1776 1642 Ἐνοικήσω
1795 1574 1926 1645 γὰρ,

2052 1576 2260 1630 reatur?
2286 1573 2458 1640 Quam
2488 1587 2545 1626 se
2579 1571 2796 1622 domum
2829 1560 3104 1636 propriam
3133 1567 3388 1629 praestet,
3425 1553 3478 1608 in
3507 1566 3614 1622 qua

342 1679 614 1750 φησὶν,ἐν
658 1675 883 1741 αὐτοῖς,
919 1670 1520 1744 καὶέμπεριπιττήσω.
1551 1669 1662 1722 Καὶ
1701 1667 1868 1720 πάλιν
1905 1680 1920 1696 ⁸

357 1767 509 1839 Ἐγὼ
539 1767 636 1822 καί
657 1767 906 1834 όηατὴρ
920 1765 1315 1833 ἐλευσόμεθα.
1353 1761 1523 1815 Τοῦτο
1551 1759 1659 1814 τῶν
1691 1757 1750 1813 ὲν
1772 1754 1924 1810 ὲλπίο

347 1879 432 1915 σιν
462 1859 684 1931 ἀγαθῶν
730 1857 794 1912 τὸ
825 1858 999 1924 πέρας
1024 1872 1038 1886 ⁸
1065 1854 1224 1908 τοῦτο
1257 1855 1291 1924 ή
1339 1851 1587 1922 οὐράνιος
1632 1847 1879 1919 βασιλεία
1909 1861 1924 1878 ο

344 1955 505 2009 τοῦτο
556 1954 590 2022 ἡ
635 1951 736 2021 τῆς
783 1949 1004 2004 αἰωνίου
1058 1946 1270 2020 τρυφῆς
1318 1943 1616 2006 ἀπόλαυσις
1643 1958 1657 1972 ·
1705 1939 1928 2010 τοῦτοί]

343 2047 626 2115 ἐδιάδοχος
679 2041 992 2113 εὐφροσύνη
1036 2056 1051 2071 ο
1099 2041 1134 2111 ἡ
1178 2037 1432 2109 διηνεκὴς
1487 2033 1844 2104 ἀγαλλίασις.
1893 2033 1928 2102 ἡ

347 2137 776 2211 ὑπερϐαίνουσα,
820 2133 881 2186 ού
933 2132 1094 2202 μόνον
1143 2129 1359 2192 πόνους,
1405 2125 1541 2180 ἀλλά
1599 2124 1698 2178 καὶ
1756 2124 1934 2178 πάντα

347 2231 480 2286 νοῦν
525 2228 908 2290 ἀνταπόδοσις.
945 2225 1110 2295 ὐρᾷς
1137 2223 1213 2285 ὡς
1255 2221 1432 2282 οὐδεὶς
1471 2219 1650 2281 πόνος.
1681 2217 1746 2270 ού
1775 2215 1933 2286 μόνον

347 2323 450 2377 οὐκ
478 2320 912 2392 ἀντιμετρεῖται,
946 2315 1059 2369 ἀλλ’
1091 2313 1200 2366 οὐδ’
1227 2313 1524 2365 ἐπινοεῖται
1571 2311 1638 2379 τῇ
1683 2306 1934 2377 μακαρία

349 2416 462 2469 τῶν
521 2409 906 2482 ἀποκειμένων
963 2405 1189 2475 ἀγαθῶν
1235 2401 1574 2466 ἀπολαύσεις
1635 2397 1796 2474 Ἀλλὰ
1843 2397 1936 2450 καὶ

349 2505 607 2561 τοσοῦτον
641 2501 750 2555 τῶν
788 2499 1080 2570 ἡμετέρων
1113 2493 1517 2550 ἀπολειπόντων
1562 2489 1810 2558 ἀγώνων,
1843 2487 1936 2540 καὶ

351 2601 498 2656 οὕτω
523 2597 632 2652 τῶν
658 2598 724 2650 δι’
759 2593 966 2666 ἀρετὴν
1002 2589 1245 2662 ἱδρώτων
1283 2587 1390 2640 τῶν
1427 2586 1566 2653 ὑπὲρ
1613 2581 1770 2648 λόγον
1798 2579 1938 2631 ὲκεί-

354 2711 463 2747 ww
487 2686 908 2756 ύποϐεϐηκότων
933 2680 1200 2752 ἀμοιϐῶν,
1229 2680 1377 2749 ὅμως
1407 2673 1639 2728 εὐτελῶν
1677 2671 1774 2723 καὶ
1815 2685 1939 2738 σμι-

357 2784 644 2856 κροτάτων
697 2779 876 2834 πόνων
897 2819 912 2841 ,
965 2775 1066 2846 τὴν
1115 2772 1258 2842 ὑπὲρ
1305 2770 1514 2822 ἔννοιαν
1561 2764 1862 2817 ἀπόλαυσιν
1911 2759 1940 2810 ό

357 2851 706 2948 ὑπειιάγαθος
720 2869 1004 2926 ἀντιδώσει
1035 2865 1335 2935 Δεσπότης.
1368 2859 1572 2930 Μικροὶ
1602 2857 1709 2926 γὰρ
1729 2853 1822 2908 καὶ
1853 2851 1941 2906 οὐ·

2035 1669 2122 1724 iile
2149 1663 2457 1722 inhabitet?
2499 1659 2839 1722 Inhabitabo,
2871 1655 3040 1716 enim,
3097 1649 3296 1718 inquit,
3347 1647 3402 1699 in
3446 1645 3614 1705 eis,“

2035 1757 2369 1814 inumbulabo
2399 1755 2444 1786 ‘°
2476 1771 2490 1808 :
2525 1739 2600 1806 Et.
2623 1751 2816 1806 iterum
2841 1765 2854 1802 :
2876 1746 2986 1816 Ego
3007 1754 3051 1796 et
3083 1740 3246 1794 Pater
3266 1737 3525 1792 veniemus
3549 1731 3615 1784 ι’.

2037 1851 2134 1905 llic
2179 1849 2440 1902 bonorum
2491 1845 2546 1898 in
2580 1857 2674 1912 spe
2707 1839 2863 1893 nobis
2903 1835 3262 1904 repositorum
3301 1825 3615 1883 terminus:

2037 1941 2257 1996 caeleste
2313 1938 2416 1992 boc
2467 1947 2688 2004 regnum
2721 1948 2739 1998 ;
2777 1933 2890 1984 haec
2921 1923 3210 1994 voluptatis
3228 1933 3444 1976 aeterna:
3465 1919 3618 1972 beata

2038 2031 2360 2104 possessio:
2418 2028 2530 2080 [nec
2574 2024 2760 2078 laetitia
2813 2015 3272 2077 interminabilis;
3327 2013 3440 2064 bazc
3478 2007 3623 2078 jugis

2040 2123 2366 2186 exsultatio;
2409 2120 2521 2173 haec
2570 2114 2878 2174 retributio,
2927 2110 3119 2162 nedum
3153 2105 3398 2166 labores,
3447 2099 3540 2154 sed
3569 2107 3623 2151 et

2040 2232 2254 2274 omnem
2280 2212 2613 2268 intellectum
2639 2215 2999 2274 exsuperans.
3031 2196 3214 2262 Vides,
3247 2207 3304 2249 ut
3334 2193 3511 2247 nullus
3542 2189 3618 2242 la-

2043 2309 2160 2373 bor,
2220 2307 2417 2359 nedum
2469 2301 2646 2369 reipsa
2681 2301 2951 2364 exaequet,
2998 2304 3062 2344 ac
3114 2300 3287 2356 neque
3331 2281 3625 2354 quidquam

2042 2397 2264 2464 irquabs
2333 2394 2505 2446 beata:
2580 2385 2938 2455 repositorum
3021 2381 3283 2434 bonorum
3351 2369 3625 2432 lrnitioni.

2047 2489 2210 2546 menti
2241 2481 2534 2542 occurrat?
2569 2477 2811 2534 Tametsi
2868 2489 2996 2528 vero
3023 2510 3039 2535 ,
3095 2481 3288 2525 nostra
3329 2462 3628 2520 certamina

2047 2587 2184 2640 adeo
2214 2579 2487 2641 deficiant,
2530 2571 2906 2640 assumptique
2938 2564 3171 2620 virtutis
3202 2575 3331 2631 ergo
3367 2558 3628 2617 sudores,

2047 2679 2124 2732 sic
2165 2689 2259 2744 pro
2308 2668 2723 2725 retributionum
2786 2661 3044 2722 illarum,
3103 2655 3314 2708 ratione
3358 2646 3625 2716 majorum

2049 2761 2395 2832 praestantia,
2446 2754 2624 2825 exigui
2678 2751 2822 2815 sint,
2874 2761 3130 2816 perquam
3180 2756 3358 2796 tamen
3395 2737 3636 2807 optimus

2052 2855 2344 2916 Dominus,
2393 2850 2694 2903 vincentem
2743 2842 3035 2912 cogitatum
3082 2831 3470 2890 beatitudinem
3536 2839 3637 2894 pro

360 2932 506 3032 δενδς
536 2922 678 3031 ἀξιοι
710 2963 870 3032 λόγου
911 2963 978 3032 τῇ
1027 2961 1204 3013 ἐκεῖσε
1246 2922 1720 3025 παραϐαλλόμενοι
1763 2962 1943 3016 μακα-

2052 2950 2123 3004 sic
2149 2945 2345 3000 vilibus
2375 2956 2436 2994 ac
2463 2951 2720 3009 perquam
2740 2933 2976 3002 exiguis,
3002 2927 3286 2983 retribuet.
3320 2922 3482 2976 Plane
3503 2932 3636 2972 vero

2824 3025 2951 3032 _..
3176 3019 3187 3032 ,
3318 3010 3622 3032 ,γη-’,η’

366 3064 592 3134 ρ.ότητι,
619 3057 671 3110 oi
697 3055 796 3126 τῆς
824 3050 1174 3122 ἀνθρωπίνης
1228 3046 1461 3116 σπουδῆς
1496 3039 1946 3108 καταλογίζονται

362 3154 536 3214 πόνοι,
565 3148 666 3204 κᾶν
698 3146 790 3201 τὸν
830 3145 951 3200 ὅλον
975 3159 1058 3206 τις
1094 3141 1151 3194 ὲν
1175 3139 1359 3198 αὐτοῖς
1408 3130 1734 3203 κατατρίψει
1788 3127 1902 3197 βίον
1929 3141 1942 3155 ·

363 3245 467 3298 κᾶν
501 3243 691 3311 ἀγῶνα
725 3236 934 3307 συνεχῆ
963 3234 1090 3304 ὃλην
1117 3229 1458 3296 ἐπιδείξηται
1483 3223 1647 3294 ζωήν.
1683 3221 1805 3273 Κᾶν
1846 3234 1945 3269 πο-

363 3330 754 3394 λυπλασιάζων
781 3325 991 3397 ταύτην
1022 3325 1103 3386 είς
1131 3319 1350 3382 ἑκατὸν,
1375 3316 1408 3386 ἢ
1440 3316 1534 3368 καὶ
1558 3313 1639 3374 δὶς
1669 3305 1947 3370 τοσοῦτον,

365 3429 400 3497 ἢ
435 3425 528 3479 καὶ
543 3423 661 3493 τρὶς
677 3419 711 3492 ἢ
727 3419 820 3476 καὶ
849 3415 1110 3490 μυριάκις
1137 3411 1228 3466 τὸν
1250 3411 1442 3480 χρόνον
1467 3400 1838 3457 ἐπεκτείνοιτο
1851 3397 1951 3466 τῆς

370 3485 633 3590 έιώσεως,
663 3485 722 3564 ὲν
767 3503 813 3578 ᾧ
841 3485 1019 3580 γρόνῳ
1044 3503 1172 3567 τοὺς
1189 3498 1484 3570 ἑπιμόνους
1511 3495 1541 3548 ό
1563 3489 1807 3552 τοιοῦτος
1851 3485 1954 3556 τῆς

369 3577 572 3677 ἀρετῆς
594 3577 900 3658 διανύσειεν
921 3577 1162 3667 ἀγῶνας,
1189 3590 1343 3646 οὐδὲν
1372 3589 1428 3641 ὲν
1461 3582 1748 3656 συγκρίσει
1778 3577 1952 3647 φανή-

373 3715 524 3753 σεται
550 3697 660 3750 τῶν
691 3689 1061 3762 ἐλπιζομένων
1084 3683 1411 3740 ἀντιδόσεων
1439 3678 1872 3751 ἀγωνισάμενος.

445 3979 536 4034 Διδ
559 3979 776 4050 μικροῖς
805 3975 902 4042 καὶ
932 3969 1175 4025 εὐτελέσι
1210 3968 1416 4030 πόνοις,
1461 3963 1564 4027 τὰς
1615 3959 1960 4032 ἀνυπερϐλή-

376 4078 501 4139 τους
546 4071 782 4144 ἀμοιϐὰς
829 4060 1324 4136 περιποιησώμεθα
1357 4073 1372 4089 ⁶
1415 4057 1508 4110 τὸν
1564 4054 1796 4108 πλοῦτον
1853 4051 1960 4104 τῶν

376 4142 737 4235 ἀδαπανήτων
775 4157 997 4228 ἀγαθῶν
1021 4151 1463 4224 θησαυρίεωμεν.
1496 4146 1684 4215 Μικρὲι
1720 4143 1779 4197 δὲ
1819 4142 1964 4209 λέγω

379 4258 475 4314 καὶ
514 4252 730 4322 εὐτελῆ,
775 4249 850 4322 μὴ
906 4245 978 4300 τὰ
1018 4240 1281 4296 δοκοῦντα
1347 4237 1508 4309 μόνον
1555 4231 1694 4288 εἶναι
1738 4231 1964 4286 τοιαῦτα

380 4347 655 4421 ἡγεῖσθαι,
685 4341 822 4398 ἀλλά
873 4337 969 4391 καὶ
1023 4335 1149 4398 τοὺς
1187 4331 1456 4402 διηνεκεῖς
1497 4328 1599 4398 τῆς
1643 4325 1775 4396 ὅλης
1816 4322 1963 4392 ζωῆς

381 4415 601 4511 άίκῶνας
631 4452 648 4469 ο
686 4435 787 4504 τὴν
835 4429 1095 4500 ὲπίμονον
1138 4423 1238 4493 τῆς
1268 4422 1470 4492 ἀρετῆς
1525 4417 1754 4488 ἄθλησιν
1791 4431 1806 4446 ·
1837 4415 1964 4477 τοὺς

383 4531 745 4590 ἀδιαλείπτως
780 4524 875 4578 καὶ
925 4517 1143 4590 θερμῶς
1189 4514 1330 4586 ὑπὲρ
1394 4511 1567 4580 αὐτῆς
1627 4505 1966 4562 καταϐαλλο-

388 4629 585 4698 μένους
621 4620 837 4680 πόιους.
883 4613 1146 4668 Τοιαῦται
1207 4610 1316 4680 γὰρ
1347 4608 1404 4660 αι
1433 4601 1528 4656 τοῦ
1584 4597 1965 4672 μεγαλοδώρου

385 4715 658 4772 Δεσπότου
705 4707 931 4782 ἀμοιϐαί
963 4721 977 4735 ⁸
1011 4703 1253 4766 τοιοῦτος
1311 4702 1338 4752 ὁ
1385 4693 1746 4766 ὑπερϐλύζων
1799 4689 1964 4744 αὑτοῦ

386 4810 495 4865 τῶν
543 4803 864 4860 ἀντιδόσεων
906 4797 1175 4860 πλοῦτος·
1222 4789 1366 4845 οὕτω
1413 4783 1827 4857 φιλανθρωπίας
1875 4779 1970 4834 καὶ

389 4900 726 4968 ἀίαθότητος
777 4890 1054 4964 ὑπερϐολῇ
1088 4929 1102 4954 ,
1174 4887 1330 4954 ὀλίγα
1387 4881 1495 4936 τῶν
1541 4877 1782 4949 ἀπείρων
1811 4889 1826 4904 ·
1879 4873 1974 4926 καὶ

394 4994 588 5063 πτωχᾶ
633 4989 744 5043 τῶν
803 4984 1075 5040 πλουσίων
1110 4997 1124 5010 ⁸
1164 4980 1258 5034 καὶ
1310 4976 1551 5044 ἐπίκηρα
1605 4970 1713 5023 τῶν
1741 4966 1976 5022 αίωνίων

396 5080 616 5152 ἀγαθῶν
655 5071 1226 5132 ἁντικαταλλάττεται.
1264 5063 1542 5130 ’Λνενδεὴς
1576 5060 1684 5130 γάρ
1727 5059 1844 5110 ἐστι
1868 5054 1978 5107 τῶν

398 5169 854 5244 προσαγομένων,
891 5167 1062 5235 μόνης
1113 5159 1212 5227 τῆς
1267 5155 1376 5208 τῶν
1426 5149 1816 5223 προσαγόντων
1859 5145 1980 5198 ἐπι-

397 5267 652 5337 δεόμενον
690 5258 982 5330 σωτηρίας,
1013 5253 1102 5306 διὰ
1158 5248 1338 5311 τοῦτο,
1373 5246 1434 5299 οὔ
1481 5247 1547 5314 τῇ
1579 5243 1687 5294 τῶν
1727 5253 1977 5316 (προσφε-

405 5355 651 5430 ρομένων
682 5349 940 5416 ποσότητι
971 5341 1253 5404 τοσοῦτον,
1311 5339 1434 5390 ὅσον
1466 5336 1530 5404 τῇ
1577 5331 1677 5400 τῆς
1724 5325 1982 5399 προαιρέ-

406 5465 546 5511 σεως
585 5445 696 5498 τῶν
734 5437 1124 5512 προσαγόντων
1166 5427 1406 5485 ἐπινεύει
1438 5424 1709 5493 ποιότητι,
1743 5421 1771 5474 ὁ
1822 5417 1983 5489 μόνος

405 5509 662 5602 πλούσιος
687 5509 984 5606 δωροδότης
1020 5543 1034 5558 ⁸
1064 5527 1090 5579 ὁ
1119 5521 1490 5590 ἀκατανόητον
1537 5515 1675 5586 ἔχων
1706 5509 1982 5576 εὐσπλαγ-

2049 3040 2225 3110 exigui
2251 3053 2316 3093 ac
2349 3035 2552 3091 nullius
2581 3027 2836 3084 momenti
2868 3025 3152 3077 videantur
3176 3019 3412 3071 humano
3444 3010 3627 3066 studio

2051 3132 2228 3188 coltati
2262 3129 2498 3190 labores,
2532 3131 2590 3178 ut
2633 3123 2755 3190 quis
2785 3118 2968 3172 futuro
3011 3125 3124 3167 aivo
3170 3106 3416 3176 reposita!
3466 3099 3638 3156 felici-

2054 3224 2150 3276 tati
2177 3225 2475 3288 comparet,
2509 3211 2722 3269 tametsi
2767 3219 2932 3262 totam
2980 3205 3032 3258 in
3067 3203 3146 3257 eis
3196 3199 3360 3252 vitam
3417 3194 3628 3248 insum-

2054 3312 2252 3382 pserit;
2290 3306 2506 3362 tametsi
2541 3306 2666 3357 vitae
2704 3313 2913 3366 tempus
2957 3305 3153 3353 totum,
3182 3299 3460 3342 certamen
3506 3281 3634 3351 juge

2053 3397 2377 3459 ostenderit.
2423 3391 2669 3449 Tametsi
2697 3391 2749 3443 in
2791 3399 2963 3440 artutos
2989 3389 3226 3440 centum,
3260 3375 3312 3428 in
3345 3373 3644 3434 ducentos,

2057 3496 2110 3549 in
2142 3497 2434 3551 trecentos,
2461 3486 2515 3539 in
2549 3490 2836 3538 sexcentos
2858 3491 2922 3529 ac
2953 3465 3424 3528 innumerabiliter
3457 3461 3640 3530 plures

2056 3587 2222 3640 vitam
2257 3577 2604 3653 protraxerit,
2635 3581 2858 3640 totoque
2895 3581 2962 3622 eo
2993 3573 3238 3630 tempore
3269 3553 3488 3609 virtutis
3519 3565 3640 3605 cer-

2059 3649 2271 3734 taurina.
2289 3674 2700 3744 perseveranter
2746 3657 3067 3722 confecerit,
3122 3649 3255 3708 nihil
3310 3657 3490 3702 tamen
3526 3655 3643 3712 pra:

2059 3737 2328 3826 bonorum
2380 3764 2435 3817 in
2481 3774 2578 3829 spe
2624 3755 2988 3827 repositorum
3024 3745 3204 3814 ,tantis
3239 3741 3348 3798 illis
3399 3737 3640 3795 retribu~

2063 3857 2300 3916 tionibus
2329 3855 2637 3910 decertasse
2661 3845 2828 3901 videri
2860 3841 3050 3914 possit.

2134 3945 2498 4018 Quamobrem
2535 3941 2747 4012 exiguis
2775 3933 3040 4006 ejusmodi
3085 3928 3387 3994 vilibusqne
3431 3918 3640 3974 labori-

2063 4045 2185 4108 bus,
2227 4037 2375 4094 onmi
2423 4035 2544 4090 illas
2599 4009 2931 4087 sublimitate
2975 4020 3206 4090 majores
3258 4009 3644 4068 retributiones

2065 4133 2224 4190 nobis
2261 4127 2614 4185 conciliemus
2666 4139 2680 4176 :
2735 4117 2952 4173 divitias
2992 4111 3148 4166 nobis
3198 4099 3650 4171 inconsumptibi-

2068 4227 2198 4281 lium
2243 4223 2508 4276 bonorum
2552 4223 2902 4284 reponamus.
2956 4202 3160 4258 Nedum
3216 4208 3394 4250 autem
3450 4193 3645 4260 exigua

1998 4305 2044 4362 ι)
2071 4315 2308 4382 νιιὶιιίιιιο
2335 4309 2583 4366 habenda
2635 4303 2776 4367 dico,
2807 4313 2931 4370 qua
2965 4297 3090 4350 talia
3139 4291 3411 4350 Videntur,
3466 4285 3560 4338 sed
3598 4291 3650 4336 et

2073 4405 2331 4462 continua
2360 4401 2486 4454 vita:
2517 4395 2682 4450 totius
2717 4389 3014 4446 certamina
3065 4403 3081 4438 :
3118 4387 3456 4438 constantem
3486 4373 3653 4428 virtu-

2087 4499 2158 4554 tis
2191 4507 2454 4566 pngnam;
2485 4484 2860 4542 indelicienter
2881 4495 2944 4536 ac
2977 4479 3244 4532 ferventer
3268 4471 3540 4540 impensas
3572 4463 3653 4518 la-

2077 4589 2260 4644 bores.
2285 4580 2562 4654 Ejusmodi
2599 4577 2744 4632 enim
2776 4582 2904 4630 sunt
2945 4565 3184 4624 muniﬁci
3233 4559 3442 4617 Domini
3489 4555 3656 4612 retri-

2077 4679 2325 4736 butiones
2368 4691 2384 4730 :
2419 4680 2580 4728 tanta:
2627 4667 2728 4723 illa:
2759 4650 3657 4734 supereﬂluentes.retribntionum

2077 4773 2196 4842 ejus
2221 4769 2418 4824 divitiae
2443 4784 2458 4821 :
2496 4772 2642 4819 tanta
2669 4755 3020 4814 humanitatis
3047 4768 3110 4805 ae
3148 4747 3404 4803 bonitatis
3432 4753 3663 4807 exsupe-

2083 4863 2279 4928 rantia,
2319 4875 2416 4932 pro
2464 4856 2672 4925 paucis,
2706 4849 2954 4912 inﬁnita;
3003 4861 3100 4914 pro
3130 4844 3446 4912 paupertate
3469 4873 3484 4898 ,
3521 4830 3661 4885 divi-

2081 4957 2220 5022 tias;
2273 4967 2370 5023 pro
2427 4946 2703 5020 perituris,
2757 4955 2958 4997 aeterna
2994 4940 3131 4992 bona
3165 4936 3480 4986 commutat.
3510 4923 3661 4991 Quo—

2081 5049 2257 5108 circa,
2303 5058 2407 5098 non
2469 5052 2576 5095 tam
2628 5037 2936 5090 oblaturum
2987 5027 3352 5099 quantitatem
3405 5017 3668 5073 attendit,

2081 5155 2243 5211 quam
2273 5147 2331 5191 ut
2358 5136 2554 5190 habent
2577 5127 2917 5186 oﬂercntiutn
2955 5122 3224 5186 voluntas,
3262 5115 3353 5187 qui
3396 5113 3542 5168 solus
3572 5107 3658 5160 di-

2084 5246 2176 5286 ves
2213 5227 2436 5298 largitor
2469 5222 2718 5287 exsistit;
2749 5219 2903 5288 cujus
2930 5225 3012 5271 est
3046 5207 3432 5266 misericordia:
3489 5202 3664 5254 visco-

2087 5339 2204 5378 rum
2229 5318 2401 5390 majus
2452 5315 2686 5386 cogitatu
2737 5311 2994 5382 pelagus;
3025 5307 3114 5374 qui
3143 5305 3251 5371 ipsa
3284 5312 3377 5363 per
3416 5308 3474 5346 se
3511 5291 3662 5344 boni-

2087 5425 2188 5480 tas,
2205 5414 2427 5484 solaque
2447 5414 2708 5468 bonorum
2737 5407 2954 5461 ubertas
2978 5411 3090 5464 esr;
3117 5395 3228 5464 qui,
3253 5392 3492 5458 inquam,
3527 5396 3670 5454 pra:-

2087 5506 2253 5564 sentis
2281 5473 2383 5561 diei
2419 5501 2804 5574 iucunditatem
2828 5538 2841 5563 ,
2883 5501 3100 5564 propter
3159 5485 3391 5537 futuram
3424 5473 3670 5531 laetitiam

482 5719 530 5754 ι’
569 5715 740 5774 Levit.
785 5727 930 5778 τινι,
972 5709 1064 5780 P2;
1103 5708 1141 5764 ll
1167 5708 1298 5761 tier.
1324 5718 1396 5767 γι,
1433 5697 1514 5753 H3-
1597 5697 1634 5727 ¹⁵
1667 5692 1822 5751 ιοίιιιο
1849 5702 1960 5755 ιη’»
2000 5684 2091 5740 9-5-
