4002 6232
353 356 488 422 13ῖ7

1188 320 1282 414 ἰΝ
1325 355 1428 416 ss.
1473 354 1825 416 DEIPABAE
1862 343 2447 415 CONCEPTIONEM
2481 356 2577 417 ET
2617 333 2800 418 ΝΑΤί

3335 322 3383 332 av-

3505 365 3644 435 1313
3683 341 3690 354 ’

352 452 719 540 καυχήματος
757 463 1140 536 ἐφυστεροῖτο·
1194 465 1398 530 πάντες
1443 466 1546 537 τῆς
1581 467 1952 539 προκειμένης

2051 463 2312 520 munibus
2357 474 2565 522 naturae
2608 466 2820 523 deiiciis
2871 453 3152 541 gloriaque
3193 454 3432 530 fraudari
3473 483 3640 535 susti-

357 559 846 632 suppeticxmpev
871 555 1128 628 εὐωχίας.
1157 557 1302 612 Πᾶσι
1328 559 1438 632 γὰρ
1461 560 1659 631 ἐπίσης
1691 563 1787 614 καὶ
1811 577 1945 630 προσ

328 651 594 704 ,τέθειται
619 689 634 712 ,
667 649 764 704 καὶ
798 649 879 711 είς
923 649 1182 704 ἁπάντων
1229 650 1594 722 εὐφροσύνην,
1630 652 1728 704 καὶ
1775 652 1944 722 ὑπερ-

353 740 754 812 δεδοξασμένην
789 741 1236 813 παρεσκεύασται
1269 741 1448 808 δόξαν.

426 832 651 911 Πολλῶν
700 834 803 906 μὲν
842 833 937 889 οὖν
975 836 1068 889 καὶ
1113 835 1368 907 μεγάλων
1407 837 1506 908 ἤδη
1550 836 1800 910 θεόθενή
1845 840 1944 893 ἀνα

355 925 606 998 θρωπεία
663 926 935 998 τετύχηκε
996 927 1166 996 φύσις
1229 929 1600 998 εὐεργεσιῶν·
1662 930 1942 1002 διαφόροις

351 1019 618 1090 τετίμητο
666 1020 923 1090 χάρισιν,
973 1015 1062 1084 αἷς
1090 1022 1119 1074 ὁ
1161 1022 1457 1092 εὐεργέτης
1509 1025 1636 1087 τοὺς
1681 1024 1943 1094 μετόχους

355 1111 603 1186 χαρίτων
645 1111 722 1181 τῷ
761 1111 934 1182 κοινῷ
969 1111 1029 1164 τὸ
1057 1112 1279 1176 εὐκλεὲς
1319 1113 1722 1184 παρεπέμπετο
1746 1131 1759 1144 ο
1795 1115 1945 1167 οὐδε-

357 1206 457 1276 μιᾷ
489 1203 545 1258 δέ
577 1203 830 1257 τοσοῦτον
874 1204 982 1258 τῶν
1030 1206 1306 1270 ἁπάντων,
1343 1207 1418 1270 ib;
1471 1209 1538 1278 τῇ
1579 1207 1672 1260 νῦν
1712 1208 1944 1278 μεγαλο-

352 1283 515 1368 δῶρῳ
549 1299 644 1351 καὶ
671 1297 791 1366 θείᾳ
837 1297 1310 1367 ὐπερσεμνύνεται
1343 1301 1498 1370 τιμῇ.
1539 1299 1632 1352 Διὸ
1669 1299 1777 1352 τῶν
1805 1315 1942 1370 προ-

353 1390 738 1458 γεγενημένων
795 1389 1176 1459 ἐκλαθομένη,
1231 1391 1327 1443 καὶ
1373 1391 1442 1444 τὰ
1499 1390 1666 1444 πάλαι
1713 1392 1944 1445 κατόπιν

354 1479 706 1550 ἀποθεμένη,
743 1481 809 1548 τῇ
860 1479 1279 1549 μεγαλοπρεπεῖ
1323 1479 1497 1550 ταύτῃ
1552 1482 1944 1550 συνεπαίρεται

353 1572 453 1624 καὶ
479 1570 876 1639 συνανυῲοῦται
899 1571 1044 1644 δόξῃ.
1079 1573 1142 1624 Τί
1168 1572 1274 1644 γὰρ
1303 1571 1370 1626 ἂν
1397 1571 1636 1626 τοιοῦτον
1659 1573 1766 1625 τῶν
1793 1573 1944 1642 παρὰ

353 1663 493 1717 Θεοῦ
525 1664 918 1734 δεδωρημένων
961 1665 1099 1736 αὐτῇ
1141 1665 1536 1736 κατανοηθείη,
1567 1665 1596 1718 ὃ
1633 1669 1699 1736 τῇ
1738 1667 1944 1718 καταλ-

354 1757 504 1828 λήλῳ
530 1756 625 1810 τοῦ
658 1757 923 1828 παρόντος
944 1756 1483 1828 καθυποόληθήσοιτο
1521 1758 1844 1828 συγκρίσεις
1877 1757 1944 1810 Τί

2056 567 2182 613 neat
2215 575 2231 613 :
2271 574 2378 613 una
2417 573 2608 615 omnes
2644 559 2922 630 proposito
2955 559 3205 618 fruamur
3237 566 3420 633 epulo.
3463 568 3644 639 Eque

2052 651 2198 704 enim
2242 650 2516 706 universis
2565 652 2902 722 propositum
2939 663 3057 719 est,
3089 666 3252 726 atque
3283 661 3350 712 ad
3399 660 3638 718 lrctitiam

2053 741 2294 797 omnium
2365 757 2430 798 ac
2459 758 2622 814 super
2653 743 3005 814 gloriﬁcatatn
3035 747 3259 816 gloriam
3293 750 3636 812 instructum.

2124 832 2241 886 Jam
2273 849 2407 890 sane
2431 835 2598 889 multa
2625 851 2945 907 magnaque,
2974 838 3206 895 humana
3238 852 3452 910 natura,
3479 863 3507 898 τι
3535 847 3640 901 Deo

2053 923 2224 978 fueral
2258 934 2544 980 consecuta
2609 927 2884 982 beneﬁcia.
2935 929 3169 988 Diversis
3231 932 3410 990 fuerat
3467 937 3638 992 hone—

2053 1027 2192 1071 stata
2239 1018 2428 1078 donis,
2475 1019 2671 1088 quibus
2722 1021 2970 1076 beneﬁcii
3019 1035 3229 1086 auctor,
3255 1027 3637 1083 beneﬁciorum

2051 1108 2345 1178 participes
2375 1108 2618 1178 effectos,
2643 1125 2933 1168 commune
2961 1117 3145 1182 generi
3178 1117 3344 1172 decus
3373 1121 3594 1175 inferret
3621 1134 3634 1171 :

2053 1216 2320 1270 nusquam
2393 1213 2594 1267 tamen,
2639 1213 2695 1257 nt
2741 1206 2920 1260 omnia
2975 1207 3262 1270 conferas,
3305 1212 3448 1278 quali
3495 1228 3636 1267 nunc

2025 1297 2350 1364 ‘Inagniﬁco
2414 1311 2478 1351 ac
2538 1298 2720 1351 divino
2785 1299 3030 1365 honore,
3087 1302 3286 1355 eximie
3331 1315 3486 1359 aucta
3535 1316 3634 1359 est.

2054 1384 2435 1453 Quamobrem,
2487 1389 2829 1457 superiorum
2859 1391 3050 1458 oblita,
3083 1394 3466 1463 veteribusque
3491 1409 3637 1451 retro

2052 1478 2266 1546 positis,
2320 1479 2576 1548 prteclara
2622 1481 2721 1534 hac
2753 1483 2855 1536 sibi
2891 1483 3087 1553 placet,
3127 1488 3439 1556 pariterque
3479 1488 3638 1542 ρίΐειι-

2057 1577 2144 1622 tur
2195 1569 2389 1638 gloria.
2415 1570 2552 1636 Quid
2580 1573 2722 1626 enim
2755 1582 2864 1626 tam
2899 1577 3242 1644 magniﬁcum
3265 1579 3318 1631 in
3352 1577 3444 1633 Dei
3479 1580 3636 1633 don’s

2054 1658 2107 1713 in
2144 1675 2262 1714 eam
2317 1661 2529 1716 collatis
2565 1663 2893 1732 intelligatur
2919 1705 2932 1729 ,
2978 1678 3037 1721 ut
3091 1684 3213 1722 cum
3253 1670 3354 1723 isto
3398 1687 3636 1742 congrue

2055 1755 2355 1821 comparari
2395 1757 2604 1825 possit?
2657 1757 2792 1823 Quid
2851 1759 2921 1812 ita
2973 1777 3226 1831 magnum
3279 1773 3524 1818 naturam
3569 1781 3633 1818 cx

355 1819 421 1902 τδ
445 1819 510 1902 ἐκ
546 1849 620 1918 μὴ
647 1819 814 1902 ὄντων
847 1851 1194 1920 παραγαγεῖν
1365 1849 1557 1919 φύσιν,
1589 1819 1724 1922 πρύς
1753 1852 1812 1903 τὸ
1834 1819 1943 1904 και·

2050 1843 2216 1898 nihilo
2252 1847 2594 1914 produxisse,
2633 1863 2740 1917 pra:
2771 1849 3085 1918 dignatione
3113 1852 3223 1915 illa,
3257 1868 3360 1922 qna
3393 1865 3447 1906 et
3476 1856 3634 1908 vitia-

355 1940 736 2011 ταφθαρεῖσαν
769 1939 978 2010 ταύτην
1009 1939 1356 2006 ἐνδύσασθαι,
1386 1942 1480 1996 καὶ
1509 1941 1794 1996 διαπλάσει
1823 1959 1944 1995 και-

355 2032 770 2104 νοπρεπεστέρᾳ
789 2032 958 2085 πᾶλιν
979 2032 1409 2103 ἀναμορφῶσαι;
1433 2033 1498 2086 Τί
1525 2032 1586 2086 τὸ
1609 2031 1719 2104 [ἵσ.
1738 2033 1821 2097 τὸ,
1843 2028 1943 2104 τῷ]

355 2127 480 2179 κατ’
537 2127 720 2179 εἰκόνα
767 2126 1022 2196 τιμῆσαι,
1069 2125 1207 2195 πρὸς
1245 2123 1306 2178 τὸ
1353 2124 1559 2195 ταύτην
1595 2124 1942 2195 υίοθετῆσαις

357 2217 458 2282 τίς
509 2220 544 2290 ἠ
605 2218 850 2286 ἐπίγειος
902 2216 1174 2288 ἀρχὴκαὶ
1212 2215 1470 2282 ἐξουσία,
1521 2213 1657 2287 πρὸς
1699 2215 1786 2278 τὸ,
1837 2213 1945 2268 τῶν

356 2311 618 2366 ἁπάντων
672 2313 730 2364 ἐν
774 2311 1024 2382 οὐρανοῖς
1065 2308 1490 2378 συμϐασιλεύειν
1521 2307 1618 2360 νῦν
1644 2307 1893 2378 Δεσπότῃ
1926 2321 1942 2369 ;

357 2402 457 2466 Τίς
501 2403 537 2473 ἡ
569 2401 628 2454 ἐν
672 2401 914 2470 δράμασι
944 2399 1040 2454 καὶ
1069 2397 1343 2462 ἐνυπνίοις
1381 2400 1478 2452 καὶ
1506 2400 1564 2452 ἐν
1605 2397 1944 2467 λεπτοτάτης

356 2495 538 2567 αὔρας
567 2495 804 2564 ἐμφάσει
833 2495 948 2554 τοῖς
991 2492 1250 2553 θεόπταις
1294 2489 1776 2562 παραδεικνυμένη
1811 2489 1907 2544 θέα
1928 2531 1943 2556 ,

359 2589 499 2659 πρὸς
552 2587 648 2650 τὸ,
697 2585 790 2637 τὸν
847 2584 1230 2654 ὀπτανόμενον
1281 2583 1446 2636 αὐτὸν
1495 2581 1770 2644 οὐσιωδῶς
1815 2583 1945 2651 ἡμῖν

355 2677 623 2746 ὀφθῆναι,
657 2676 753 2728 καὶ
789 2673 1186 2744 φιλανθρώπως
1229 2670 1574 2741 ἐνσκηνῶσαι
1604 2671 1738 2738 ;Τίς
1770 2674 1802 2741 ή
1838 2669 1946 2724 τῶν

359 2787 659 2841 προφητων
694 2770 790 2822 καὶ
835 2767 1058 2821 δικαίων
1091 2765 1286 2835 ἐκλογή
1313 2782 1329 2830 ;
1366 2765 1460 2818 καὶ
1485 2763 1568 2826 τίς
1597 2764 1632 2834 ἡ
1670 2762 1737 2816 δι’
1767 2762 1945 2816 αὐτῶν

357 2860 438 2930 τῷ
489 2859 639 2926 γένει
691 2853 1160 2930 [παραγενομένη]
1212 2854 1364 2921 δόξα,
1411 2853 1548 2924 πρὸς
1581 2853 1662 2916 τὸ,
1719 2853 1948 2922 Μητέρα

360 2953 452 3007 τοῦ
486 2953 877 3024 προκρίνοντος
914 2950 1070 3014 θεοῦ,
1113 2950 1174 3004 τὸ
1197 2949 1296 3020 τῆς
1333 2948 1550 3018 φύσεως
1582 2947 1740 3018 ἡμῶν
1767 2963 1946 3017 παρα-

361 3047 634 3116 ληφθῆναι
662 3044 948 3116 καύχημα,
978 3043 1074 3097 καί
1115 3043 1182 3096 δι’
1215 3042 1386 3110 αὐτῆς
1411 3041 1511 3113 τὴν
1553 3038 1946 3110 μεγαλοπρεπῆ

358 3136 570 3207 ταύτην
625 3137 758 3205 ἡμῖν
808 3133 1244 3204 παραγεγονέναι
1299 3132 1467 3201 τιμήν
1499 3147 1514 3194 ;
1543 3128 1717 3183 Τοῦτο
1766 3128 1830 3199 δὴ
1887 3129 1947 3181 τὸ

360 3225 488 3282 καθ’
501 3225 809 3297 ὑπερϐολὴν
831 3224 988 3294 ἡμῶν
1011 3220 1598 3291 δεδοξασμένον.Τοῦτο
1612 3221 1692 3273 δεῖ
1709 3221 1947 3291 σήμερον

363 3319 608 3382 ἅπαντας
632 3317 1063 3388 ὑποδεχομένους
1087 3311 1580 3386 περιπτύσσεσθαι,
1600 3313 1692 3364 καὶ
1713 3311 1945 3388 χαίρειν,

361 3412 458 3466 καὶ
505 3414 632 3476 ταῖς
685 3411 761 3474 ὼς
823 3409 1049 3479 ἐφικτὸν
1115 3403 1541 3476 καταγεραίρειν
1597 3403 1946 3472 δοξολογίαις.

447 3504 615 3558 Ἀλλά
637 3506 704 3574 τῇ
736 3503 1044 3572 Δεσποτικῇ
1069 3501 1134 3554 ἄν
1160 3516 1304 3562 τινες
1327 3496 1620 3567 ἐπιφανείᾳ
1651 3495 1748 3566 τὴν
1769 3495 1950 3550 τοιαύ-

359 3615 462 3668 την
508 3597 714 3650 εἴποιεν
743 3596 837 3648 καὶ
887 3593 1230 3666 εὐφροσύνην
1273 3592 1368 3646 καὶ
1396 3590 1747 3663 εὐχαριστίαν
1777 3605 1948 3661 προσ-

362 3690 543 3761 ήκειν,
580 3688 656 3750 ὼς
692 3689 906 3741 ἅπαντα
935 3705 966 3741 τ
985 3686 1127 3741 αὕτα
1156 3685 1423 3756 γενομένῃ
1445 3699 1458 3713 ⁸
1506 3683 1603 3736 καὶ
1630 3681 1807 3752 πέρας
1854 3679 1946 3734 τοῦ

362 3797 424 3834 τε
479 3779 778 3850 μυστηρίου
809 3780 905 3832 καὶ
935 3777 1043 3832 τῶν
1082 3776 1389 3848 δεδομένων
1433 3773 1811 3844 καθεστηκυίᾳ
1843 3772 1946 3826 εω-

365 3871 541 3945 ρεῶνο
575 3871 690 3924 ἀλλ’
735 3874 783 3924 οἱ
816 3871 990 3924 ταῦτα
1025 3869 1400 3943 προτείνοντες
1425 3907 1440 3930 .
1487 3866 1812 3929 νοείτωσαν,
1871 3865 1948 3930 ὡς

361 3961 580 4032 ἐκείνης
614 3961 765 4016 αἰτία
793 3963 826 4032 ή
861 3961 1114 4032 παροῦσα
1143 3960 1342 4030 γέγονε
1377 3958 1638 4030 θυμηδία,
1681 3959 1774 4011 καὶ
1802 3957 1945 4028 ἁρχὴ

358 4053 461 4124 τῆς
491 4052 628 4122 προς
664 4053 814 4124 ἡμᾶς
845 4051 1013 4106 αὐτοῦ
1047 4051 1421 4120 καταλλαγῆς,
1451 4051 1545 4104 καὶ
1579 4050 1678 4119 τῆς
1701 4049 1792 4104 διὰ
1818 4049 1949 4103 ταύ-

358 4161 462 4216 της
493 4146 851 4214 ἐπιφανείσης
885 4146 1016 4214 ἡμῖν
1055 4143 1396 4214 καθέστηκεν
1426 4143 1788 4213 εὐφροσύνης.
1817 4142 1948 4196 Ὥσ-

361 4254 471 4308 περ
495 4237 601 4308 γὰρ
639 4237 708 4290 τὰ
738 4238 818 4300 είς
851 4235 1202 4304 καταλλαγὰς
1250 4235 1483 4304 ἐνέχυρα
1520 4234 1946 4305 παραλαμϐανό-

364 4347 525 4401 μενα,
560 4331 782 4401 εἰρήνης
821 4330 920 4398 μέν
959 4331 1076 4382 ἐστι
1139 4327 1382 4398 σύμϐολα
1429 4326 1676 4396 βεϐαίας,
1707 4326 1848 4396 ἀρχὴ
1888 4324 1946 4378 δὲ

359 4422 461 4493 τῆς
502 4421 590 4474 διὰ
637 4422 746 4474 τῶν
793 4421 966 4491 αὐτῆς
1017 4419 1199 4474 καλῶν
1246 4423 1366 4482 τοῖς
1413 4417 1946 4486 καταλλαττομένοις

2051 1945 2156 1988 tam
2202 1934 2406 2000 induit,
2445 1953 2688 2006 novaque
2730 1955 2794 1994 ac
2843 1941 3138 2006 augustiuri
3172 1958 3385 1996 rursum
3421 1945 3638 2004 ﬁctione

2048 2023 2410 2078 reformavit?
2447 2025 2586 2091 Quid
2630 2027 2805 2080 honor
2838 2028 3124 2098 imaginis,
3161 2045 3271 2100 prae
3308 2031 3636 2101 adoptione?

2046 2113 2185 2182 Quid
2240 2123 2488 2172 terrenus
2544 2117 2878 2187 principatus
2905 2158 2919 2182 .
2963 2128 3348 2190 potestasque,
3393 2137 3502 2190 pra:
3541 2123 3632 2176 illo

2047 2215 2190 2262 nunc
2228 2209 2503 2262 communi
2542 2210 2925 2264 universorum
2957 2227 3078 2266 cum
3117 2213 3348 2267 Domino
3392 2215 3443 2268 in
3475 2216 3632 2270 cmlis

2045 2297 2320 2367 imperio?
2362 2299 2502 2366 Quid
2552 2300 2604 2354 in
2656 2301 2861 2356 visione
2912 2311 2966 2356 et
3014 2305 3336 2368 insomniis,
3376 2320 3647 2375 auratqne‘

2049 2391 2378 2447 tenuissima:
2419 2391 2651 2446 obscuro
2684 2393 2906 2462 indicio,
2941 2394 3252 2452 videntibus
3299 2397 3464 2452 Deum
3507 2415 3634 2469 pro-

2046 2483 2223 2551 phetis
2255 2493 2508 2540 ostensus
2545 2497 2834 2556 aspectus,
2870 2503 2980 2558 prae
3009 2505 3100 2555 eo,
3139 2498 3198 2545 ut
3254 2490 3368 2560 ipse
3399 2494 3490 2561 qui
3538 2509 3636 2561 ap-

2046 2575 2292 2643 parebat,
2331 2577 2490 2632 nobis
2527 2578 2829 2632 substantia
2864 2579 3014 2634 visus
3053 2582 3158 2649 sit,
3193 2592 3354 2651 atque
3391 2585 3444 2636 in
3480 2587 3636 2640 nobis

2045 2667 2344 2724 clementer
2382 2669 2678 2725 habitarit?
2711 2671 2848 2738 Quid
2881 2674 3114 2742 denique
3150 2675 3536 2746 prophetarum
3569 2693 3634 2732 ac

2041 2757 2311 2827 jnstorum
2367 2761 2560 2817 electio
2590 2801 2606 2830 ,
2638 2777 2863 2833 quaeque
2913 2780 3009 2833 per
3045 2781 3140 2820 eos
3179 2768 3430 2853 humano‘
3451 2771 3634 2837 generi

2047 2851 2279 2904 accessit
2325 2851 2519 2922 gloria,
2555 2868 2664 2922 pra:
2700 2869 2782 2916 eo,
2820 2864 2879 2907 ut
2912 2858 3260 2925 pramptantis
3300 2851 3635 2924 Deiiblater,

2047 2939 2268 2993 humani
2314 2943 2531 3011 generis
2568 2945 2762 3013 gloria,
2791 2956 3069 3017 assnnmta
3103 2949 3203 3013 sit,
3236 2964 3440 3019 perque
3483 2966 3633 3018 eam,

2050 3030 2138 3086 bic
2180 3033 2334 3087 nobis
2385 3035 2520 3088 adeo
2556 3037 2877 3106 magniﬁcus
2925 3039 3102 3093 honor
3147 3042 3476 3096 accesserit?
3521 3042 3638 3097 line
3691 3093 3694 3096 .

1976 3157 2022 3216 ο
2055 3123 2212 3192 plane
2236 3135 2318 3180 est
2338 3127 2478 3196 quod
2509 3139 2753 3182 nostrum
2778 3131 3108 3186 excellenter
3135 3133 3495 3201 gluriticatum
3529 3146 3634 3188 est.

2055 3214 2168 3269 lloe
2217 3218 2454 3272 universi
2496 3221 2856 3288 suscipientes
2885 3262 2900 3287 ,
2947 3223 3198 3288 amplecti
3249 3224 3538 3289 debemus,
3583 3236 3638 3280 et

2052 3309 2309 3376 gaudere,
2350 3323 2413 3362 ac
2445 3310 2645 3378 quibus
2671 3311 2886 3368 licuerit
2918 3314 3168 3368 laudibus
3207 3329 3491 3372 exornare.

2124 3509 2420 3567 Enimvero
2453 3529 2558 3568 non
2597 3513 2794 3580 desint,
2830 3516 2920 3586 qui
2960 3515 3254 3573 Dominicre
3287 3522 3633 3590 apparitioni,

2049 3603 2314 3674 ejusmodi
2353 3616 2410 3660 et
2444 3605 2709 3676 laetitiam,
2745 3619 2799 3662 et
2831 3611 3124 3677 gratiarum
3169 3613 3457 3682 actionem,
3499 3632 3632 3670 con-

2049 3714 2244 3766 gruere
2273 3699 2457 3751 dicant
2481 3740 2495 3762 ,
2529 3710 2694 3769 atque
2739 3702 2990 3756 universa
3023 3703 3136 3756 haec
3173 3703 3311 3758 facta
3349 3707 3438 3770 sit,
3483 3709 3635 3760 fluis-

2047 3805 2152 3858 que
2191 3790 2432 3862 mystcrii
2481 3807 2544 3844 ac
2607 3808 2994 3849 concessurum
3038 3797 3299 3852 donorum
3338 3801 3632 3856 exstiterit.

2051 3878 2251 3934 Verum
2293 3883 2566 3947 noverint,
2613 3886 2700 3952 qui
2738 3887 2838 3938 ista
2869 3899 3168 3956 opponunt,
3203 3893 3484 3959 prresentis
3526 3895 3631 3946 diei

2042 3969 2434 4040 jncunditatem
2488 3974 2631 4028 illius
2666 3975 2832 4032 fuisse
2859 3994 3097 4043 causata,
3129 3995 3192 4034 ac
3224 3979 3316 4034 Dei
3351 3983 3630 4038 nobiscum

2049 4063 2508 4121 reconciliationis
2554 4068 2788 4132 initium,
2835 4069 3056 4140 ejusque
3103 4071 3321 4137 hetitize,
3375 4089 3495 4142 quae
3537 4091 3633 4145 per

2046 4170 2166 4208 eam
2209 4157 2360 4210 nobis
2413 4156 2636 4212 alrulsit.
2696 4161 3156 4226 Quemadmodum
3211 4165 3355 4217 enirn
3407 4178 3627 4233 accepta

2046 4247 2112 4300 ad
2173 4250 2608 4304 conciliationem
2683 4253 2944 4321 pignora,
3013 4255 3163 4324 signa
3224 4257 3441 4325 quidem
3502 4269 3629 4312 sunt

2048 4339 2217 4394 firma:
2251 4343 2434 4412 pacis;
2473 4343 2683 4397 initium
2713 4357 2890 4398 autem
2920 4345 3278 4412 jucnnditatis
3316 4350 3479 4416 illius,
3523 4367 3624 4421 qua

2049 4435 2160 4486 suis
2188 4449 2288 4502 pax
2333 4435 2490 4489 bonis
2527 4436 2846 4492 conciliatos
2888 4437 3048 4492 allicit
3081 4456 3094 4492 :
3145 4451 3201 4492 ut
3235 4441 3398 4508 item,
3444 4443 3486 4496 si
3520 4460 3625 4511 qua

359 4513 640 4582 ἐγγίνεται
671 4512 941 4582 θυμηδίας
962 4529 976 4542 ·
1001 4512 1034 4582 ἢ
1063 4511 1252 4581 ὥσπερ
1279 4511 1308 4580 ἡ
1338 4511 1402 4562 ἐκ
1438 4508 1545 4561 τῶν
1574 4507 1833 4578 ὑπηκόων
1865 4507 1943 4570 είς

2053 4525 2265 4589 mulier,
2294 4542 2325 4581 e
2357 4527 2602 4596 subjecto
2632 4527 2824 4596 populo
2859 4531 2924 4582 ad
2970 4531 3172 4598 regium
3205 4533 3500 4588 thalamum
3535 4538 3629 4590 de-

363 4605 652 4675 βασιλικὴν
681 4604 999 4672 ἀγχιστείαν
1043 4602 1136 4656 καὶ
1177 4599 1584 4670 προκρινομένη
1633 4599 1723 4651 καὶ
1760 4615 1944 4668 παρα-

359 4697 752 4766 λαμϐανομένη
776 4737 792 4760 ,
848 4696 1152 4765 τεκμήριον
1183 4694 1416 4765 ἀψευδὲς
1465 4696 1581 4756 τοῖς
1613 4693 1706 4760 ἀφ’
1737 4685 1812 4747 ὧν
1857 4693 1944 4759 ἐξα

365 4789 534 4859 ελέγη
579 4791 898 4859 κατέχεται,
934 4786 1034 4854 τῆς
1071 4803 1130 4839 τε
1167 4786 1302 4854 πρὸς
1349 4784 1573 4854 βασιλέα
1612 4783 1944 4853 συγγενικῆς

359 4882 644 4946 ἐνὼσεως,
675 4883 770 4936 καὶ
801 4885 900 4951 τῆς
939 4879 1026 4933 διὰ
1054 4879 1214 4932 τοῦτο
1244 4879 1623 4948 παρεσομένης
1662 4875 1907 4942 εὐδοξίας
1927 4892 1940 4906 ’

358 4975 394 5046 ἢ
420 4973 676 5046 καθάπερ
724 4973 1014 5044 βασιλείων
1043 4974 1102 5025 ἐν
1143 4971 1435 5033 ἰδιωτικοῖς
1483 4969 1944 5039 ἐγκαινιζομένων

359 5067 620 5138 κλήροις,
655 5068 880 5136 σημεῖον
921 5064 1021 5134 τῆς
1060 5063 1127 5116 δι’
1173 5056 1248 5116 ὧν
1285 5065 1695 5133 καινουργεῖται
1735 5078 1942 5131 παρου-

361 5159 486 5222 σίας
525 5157 622 5212 καὶ
665 5157 1046 5229 συνδιατριϐἧς
1079 5157 1181 5209 οὐκ
1226 5154 1533 5224 ἀμφίϐολον
1578 5156 1643 5224 τῇ
1678 5154 1944 5224 περιοίκῳ

357 5251 596 5320 γίνεται,
632 5250 699 5303 δι’
730 5243 793 5304 οὗ
827 5251 930 5321 τήν
979 5266 1039 5302 τε
1073 5249 1171 5314 τῆς
1219 5247 1507 5316 εὐμενείας
1541 5247 1634 5298 καὶ
1670 5245 1945 5317 συντηρή-

361 5360 505 5405 σεως
535 5340 1060 5413 προκατασπάζεται
1090 5338 1453 5408 κηδεμονίανο
1485 5335 1627 5390 οὕτω
1650 5335 1714 5407 δὴ
1753 5337 1846 5388 καὶ
1875 5337 1945 5390 τὰ

357 5422 492 5506 περὶ
544 5431 644 5504 τὴν
695 5433 941 5503 σήμερον
992 5430 1088 5484 καὶ
1122 5429 1347 5500 γέγονε.
1404 5428 1500 5482 καὶ
1544 5428 1642 5492 τὰς
1675 5429 1802 5498 περὶ
1841 5427 1944 5498 τῆς

436 5605 546 5673 (ιιι)
599 5605 853 5672 ευμεν-παι
887 5605 1072 5676 gloria:
1120 5605 1621 5677 argumentan'l‘i;
1671 5606 1800 5677 περὶ
1844 5606 1944 5674 τῆς

356 5677 624 5730 ἀνωτάτω
653 5674 900 5742 εὐδιξίας
938 5674 1325 5746 ἐφόδουςζνοχ
1367 5674 1592 5743 ἐφόδους
1631 5674 1944 5740 ςιιιι’τιιιιιιΙί-

355 5747 546 5801 tudine
579 5764 682 5799 non
709 5748 841 5802 nihil
871 5751 1154 5800 obscurior
1181 5765 1194 5800 :
1225 5754 1402 5811 putem
1429 5747 1724 5813 significari
1750 5747 1816 5800 τὰ
1841 5747 1942 5814 τῆς

355 5817 710 5890 οἰκονομίας,
745 5835 808 5875 ac
842 5819 892 5873 in
925 5819 1146 5875 Christo
1191 5816 1466 5880 exhibita,
1503 5833 1598 5887 per
1633 5833 1752 5886 qua:
1785 5819 1937 5874 nobis

343 5898 408 5919 ,αν

2051 4615 2246 4684 ligatur
2277 4633 2340 4672 ac
2378 4629 2718 4683 assumatur,
2755 4621 3153 4688 certissinmm,
3201 4639 3320 4676 cum
3353 4625 3628 4681 afﬁnitatis

2047 4726 2168 4762 eum
2206 4725 2350 4780 rege,
2387 4721 2499 4764 tum
2571 4710 2765 4766 futura‘
2807 4729 2872 4767 cx
2903 4731 2962 4768 ea
3001 4715 3216 4783 gloriae,
3250 4730 3626 4785 argumentum

2048 4802 2108 4856 ﬁt
2158 4804 2447 4872 gentilibus
2479 4805 2593 4859 suis
2635 4822 2648 4856 :
2703 4815 2759 4856 nt
2808 4807 3076 4873 denique,
3107 4808 3352 4862 dedicata
3405 4814 3629 4880 privatis

2049 4895 2486 4964 possessionibus
2511 4897 2678 4965 regia,
2715 4898 2796 4952 Sui
2826 4898 2918 4951 illa
2942 4900 3334 4968 designatione,
3366 4907 3627 4963 adventus

2054 4987 2210 5056 regii,
2245 4988 2545 5057 futuraeque
2583 4990 2700 5059 ejus
2732 4994 3200 5053 commorationis.
3239 4999 3384 5050 omni
3418 5000 3623 5054 circum

2050 5079 2274 5148 νοριιιο,
2313 5082 2672 5135 indubitatum
2711 5082 2922 5151 signum
2967 5085 3217 5153 ellicitnr,
3257 5105 3363 5159 quo
3398 5092 3508 5161 jam
3541 5097 3628 5148 ille

2047 5171 2392 5224 clementiam
2426 5172 2688 5242 principis
2711 5175 3099 5246 providamque
3127 5186 3620 5246 conservationem,

2047 5260 2202 5314 avide
2247 5260 2478 5327 salutet,
2521 5277 2585 5316 ac
2634 5264 2736 5318 sibi
2783 5265 3133 5334 gratuletur:
3187 5269 3258 5322 ita
3289 5285 3420 5323 sane
3465 5273 3624 5326 etiam

2047 5353 2354 5408 habuerunt
2385 5371 2502 5422 qua:
2534 5356 2600 5410 ad
2629 5359 2914 5426 pra-sentis
2948 5360 3050 5414 diei
3086 5360 3325 5414 laetitiam
3359 5373 3625 5431 spectant,

2045 5461 2401 5517 superna-que
2443 5447 2629 5518 gloriae
2663 5461 2982 5520 argumenta
3019 5451 3132 5522 (l2)
3170 5456 3625 5520 pra-nuntiarunt.

2046 5612 2110 5663 ad
2154 5612 2430 5666 rmlcstem
2477 5629 2604 5667 vere
2641 5628 2930 5683 supernam
2987 5613 3213 5683 gloriam
3259 5617 3438 5674 aditus
3493 5633 3572 5678 cst
3609 5643 3622 5677 :

2044 5696 2162 5748 qum
2195 5687 2377 5764 utique.
2415 5685 2790 5764 lita~rittiitizi\'it
2818 5682 3006 5737 Maria!
3026 5699 3178 5741 ortus
3212 5693 3405 5757 praet/ie
3440 5697 3623 5764 proxi-

2046 5769 2238 5824 meque
2283 5755 2346 5807 ad
2381 5772 2440 5808 ea
2475 5757 2696 5808 habens.
