3970 6212
302 362 437 429 1381

1112 367 1196 430 ΙΝ
1235 369 1338 429 SS.
1383 363 1736 428 DEIPARIE
1773 361 2351 427 CONCEPTIONEM
2390 366 2486 428 ET
2524 367 2692 428 NAT.
2725 396 2741 405 ο

2281 268 2294 294 \

3419 369 3558 437 1382

299 477 550 546 κέκριται
593 475 778 548 νύμφη
804 493 816 507 ·
853 475 914 530 τό
938 494 995 531 τε
1032 477 1328 544 παλάτιον,
1375 477 1468 532 καὶ⁸
1510 478 1873 548 παρήνοικται

1976 477 2274 542 instructa;
2323 479 2702 549 bonorumque
2747 479 2800 533 in
2851 492 2947 550 spe
2997 479 3298 550 positorum
3360 497 3554 538 secura

300 570 464 641 [ἄλλ.
489 568 796 640 παρῆκται]
823 569 917 624 καὶ
943 569 1303 641 ηὐτρέπισται
1329 572 1587 640 σήμερον.
1606 570 1670 622 Ἦ
1695 567 1752 621 δὲ
1771 566 1878 624 τῶν

299 660 666 714 ἐλπισθέντων
707 659 1021 732 βεὸαιότης,
1053 660 1144 714 διά
1164 679 1226 714 τε
1252 661 1347 732 τῆς
1381 661 1666 732 βασιλικῆς
1693 659 1879 730 ἐπιδη-

305 750 436 822 μίας
463 749 561 804 καὶ
605 750 904 818 συναφείας
923 792 937 817 ,
974 753 1086 816 τοῖς
1112 751 1224 805 τῶν
1250 751 1470 822 δωρεῶν
1515 753 1648 824 ἡμῖν
1677 751 1878 823 δηλαδὴ

301 841 667 914 προσεγένετο
691 841 963 912 μετόχοις.
987 842 1221 909 Οὐκοῦν,
1250 846 1467 914 ἡγεῖται
1491 844 1591 914 μὲν
1611 845 1714 914 τῆς
1737 844 1880 899 κατὰ

297 933 398 1004 τὴν
429 932 674 1004 ἄρρητον
721 933 1038 1004 οἰκονομίαν
1101 931 1479 1005 εὐφροσύνης,
1539 933 1573 1004 ἡ
1627 932 1880 1004 παροῦσα

299 1017 628 1088 φαιδρότης·
659 1019 877 1089 ἡγεῖται
917 1020 960 1073 δ’
994 1021 1096 1090 οὐχ
1129 1020 1204 1084 ὡς
1237 1021 1311 1092 μὴ
1347 1022 1581 1092 συνεχὴς
1607 1021 1814 1094 ἐκείνῃ,
1841 1021 1876 1093 ἢ

297 1111 377 1182 τῷ
411 1111 634 1182 μεγέθει
665 1112 1076 1186 διανεστηκυῖα,
1109 1115 1226 1172 ἀλλ’
1260 1117 1335 1179 ὼς
1373 1115 1510 1186 πρὸς
1537 1115 1592 1169 τδ
1614 1115 1708 1168 τοῦ
1743 1133 1879 1168 παν⁴

295 1203 389 1267 τὸς
433 1203 678 1272 ἀσφαλὲς
723 1207 1220 1278 χειραγωγήσασα,
1253 1208 1349 1262 καὶ
1396 1209 1526 1278 ἡμῖν
1569 1224 1634 1275 γε
1663 1207 1879 1270 οἰκείως

299 1295 393 1348 καὶ
429 1295 663 1364 πρώτως
691 1293 806 1366 ίτσ.
847 1297 1214 1370 πρεπόντωςῇ
1251 1300 1372 1352 ἐπεὶ
1427 1299 1523 1352 καὶ
1559 1299 1645 1352 διὰ
1681 1300 1777 1369 τῆς
1821 1300 1878 1366 ἐξ

299 1386 457 1456 ἡμῶν
486 1386 584 1456 τὴν
607 1387 947 1460 τελεωτάτην
971 1391 1150 1460 χαρὰν
1173 1393 1572 1462 προξενήσασα.
1595 1391 1694 1444 Διὰ
1721 1390 1880 1444 τοῦτο

301 1479 382 1530 δεῖ
409 1478 513 1547 τὴν
560 1479 879 1551 προεόρτιον
933 1481 1140 1552 ταύτην
1179 1483 1275 1536 καὶ
1322 1483 1416 1535 τοῦ
1466 1483 1654 1544 τέλους
1700 1481 1879 1534 αἰτίαν

301 1570 698 1640 προσείροντας
742 1571 1115 1642 εὐχαριστίαν,
1153 1573 1400 1644 φαιδροῖς
1451 1574 1548 1644 μὲν
1582 1571 1660 1641 τῷ
1697 1589 1882 1641 φαινο-

304 1663 491 1732 μένῳ,
520 1661 901 1734 φαιδροτέροις
937 1663 996 1716 δὲ
1043 1666 1108 1734 τῇ
1147 1663 1354 1736 ψυχικῇ
1406 1664 1744 1733 κοσμιότητι,
1779 1663 1880 1733 τὴν

301 1751 589 1823 παροῦσαν
615 1753 862 1816 ἐπαίνοις
888 1756 1254 1825 καταστέφειν
1279 1755 1615 1825 πανήγυριν·
1647 1755 1879 1824 σκιρτᾷν
1910 1819 1914 1823 _

1909 1816 1952 1873 π
1984 1855 2138 1906 mur;
2165 1856 2285 1895 cum
2317 1841 2630 1898 coelestibus
2661 1859 2722 1896 ac
2764 1843 2962 1898 divinis
2987 1843 3267 1899 ordinibus
3305 1850 3552 1900 certatim

300 1837 702 1911 εὐθυμότερον·
751 1841 1140 1912 εὐφραίνεσθαι
1185 1843 1697 1914 πνευματικώτερον
1736 1843 1866 1912 μᾶλ-

299 1929 424 1994 λον.
468 1931 502 2001 ἢ
555 1931 1048 2004 σωματικὼτερον·
1087 1937 1154 2004 τῇ
1199 1935 1308 1988 τῶν
1349 1935 1549 2006 νοερῶν
1584 1935 1672 1989 καὶ
1714 1933 1874 1987 θείων

299 2023 634 2094 ἁμιλλᾶσθαι
691 2023 902 2090 τάξεων
964 2026 1319 2094 ἀγαλλιάσει·
1381 2029 1564 2080 πᾶσαν
1625 2026 1874 2090 ἅπαντας

299 2114 776 2184 προτρεπομένους
805 2115 1086 2188 διανιστᾷν
1117 2117 1175 2170 ὲν
1205 2116 1414 2180 τούτοις
1441 2115 1540 2188 τὴν
1567 2117 1765 2172 κτίσιν.

381 2201 541 2258 Ἀλλὰ
577 2205 882 2276 προφθάνει
938 2207 1032 2260 τὸν
1067 2205 1442 2274 συγκαλοῦντα
1487 2207 1646 2275 λόγον
1690 2207 1723 2275 ἡ
1765 2203 1873 2258 τῶν

297 2291 546 2362 ἀγγέλων
573 2296 926 2364 χοροστασία,
957 2297 1050 2350 καὶ
1071 2297 1169 2368 τὴν
1193 2299 1263 2352 δι’
1281 2294 1350 2371 ἧς
1370 2299 1430 2351 τὸ
1449 2296 1543 2350 τοῦ
1571 2295 1870 2368 μυστηρίου

299 2385 519 2439 κατεῖδε
565 2387 774 2458 πέρας.
821 2389 1132 2460 ἀνευφημεῖ
1183 2391 1458 2461 σήμερον·
1500 2387 1871 2460 προφθάνουσι

299 2475 397 2530 καὶ
417 2475 657 2548 οὐρανοὶ,
700 2479 795 2533 καὶ
833 2479 903 2533 τὰ
937 2479 1034 2534 τοῦ
1069 2480 1260 2534 καινοῦ
1292 2482 1384 2534 καὶ⁵
1412 2481 1714 2550 ὐπερτάτου
1750 2495 1872 2532 στε-

303 2568 591 2638 ρεώματος
636 2573 1132 2644 καταγεραίρουσιν
1173 2573 1319 2642 ὐψη·
1365 2573 1726 2644 προτρέχουσι
1767 2587 1874 2638 φω’

302 2661 522 2731 στῆρες,
551 2662 646 2716 καὶ
677 2665 798 2728 ταῖς
835 2663 930 2718 τοῦ
965 2664 1158 2736 νοητοῦ
1201 2665 1356 2735 ἡλίου
1422 2663 1649 2734 νεφέλης
1689 2663 1869 2716 ἀκτῖσι

301 2752 653 2825 φαιδρότερον
688 2756 1145 2826 καταγλαῒζονται
1171 2798 1187 2823 ,
1245 2757 1573 2827 αὐτόκλητος
1603 2757 1636 2826 ἡ
1668 2755 1740 2825 γῆ
1773 2771 1871 2808 πα-

301 2845 614 2914 ραγίνεται,
655 2847 854 2920 καὶτῷ
897 2850 1083 2920 οἰκείῳ
1124 2849 1447 2920 σεμνύνεται
1477 2849 1571 2903 καὶ
1611 2848 1869 2902 συνεπαί-

300 2952 456 3005 ρεται
487 2935 831 3009 βλαιστήματι
858 2955 872 2970 ⁶
905 2943 1112 3004 καινοῖς
1137 2942 1170 3011 η
1197 2939 1305 2993 τῶν
1330 2941 1539 2994 ὑδάτων
1569 2940 1867 3011 ὲξάλμασιν

299 3026 676 3096 έπισκιρτῶσα
715 3028 913 3098 φύσις,
946 3033 1012 3101 τῇ
1052 3031 1147 3084 τοῦ
1183 3031 1456 3102 ἁγιασμοῦ
1491 3031 1662 3102 αὐτῆς
1700 3032 1867 3101 δωροο

298 3117 452 3184 φορεῖ
475 3115 586 3187 UO".
613 3117 926 3190 δορυφορεῖ]
958 3119 1203 3190 προξένῳ
1222 3136 1236 3151 ο
1267 3121 1485 3174 πάντων
1510 3121 1573 3192 δὴ
1600 3121 1697 3191 τὴν
1729 3122 1865 3174 ίδίαν

297 3205 729 3278 ἐπιδειξαμένων
769 3211 1009 3280 σήμερον
1039 3211 1354 3281 παρρησίαν
1374 3252 1390 3274 ,
1420 3211 1766 3280 οἰκειοτέρως
1802 3211 1870 3265 ἂν

296 3297 494 3367 εγωγε,
535 3299 635 3370 τὴν
669 3302 1049 3370 γνησιωτάτην
1088 3301 1576 3371 συγκαλεσαμένην
1603 3299 1714 3372 [ιον.
1747 3317 1872 3370 συγ⁶

295 3389 667 3462 καλεσαίμην]
690 3391 871 3458 φύσιν,
897 3392 1232 3464 διαπρυσίως
1263 3385 1364 3445 ὧδε
1391 3391 1704 3462 κεκραγώς·
1735 3393 1871 3460 ’Λγε

300 3496 392 3548 μοι
421 3480 574 3532 πᾶσα
609 3479 796 3550 ἡλικία
839 3481 938 3535 atat
965 3481 1110 3535 ἆπαν
1142 3479 1358 3552 ἀξίωμα
1377 3497 1392 3514 ·
1417 3481 1542 3534 ὅσον
1575 3497 1634 3534 τε
1659 3482 1760 3551 τῆς
1787 3481 1870 3548 ὲγ-

297 3571 528 3641 κοσμίου
547 3610 562 3636 ,
593 3571 688 3624 καὶ
725 3571 850 3626 ὅσον
879 3573 978 3642 τῆς
1006 3571 1148 3643 ὑπὲρ
1184 3572 1390 3644 ταύτην
1419 3572 1626 3637 τάξεως
1646 3587 1661 3602 ⁸
1705 3573 1870 3642 ἱερεῖς

298 3679 358 3716 τε
393 3664 489 3716 καὶ⁴
515 3663 778 3734 βασιλεῖς,
807 3664 904 3718 καὶ
929 3665 980 3717 οἱ
1009 3663 1108 3736 τὴν
1139 3665 1252 3719 ἄνω
1287 3665 1477 3719 στάσιν
1507 3666 1601 3718 καὶ
1636 3667 1697 3720 τὸ
1721 3664 1870 3718 πολί-

295 3770 494 3824 τευμα,
533 3757 590 3809 ὲν
617 3758 730 3819 τοῖς
759 3755 911 3810 κάτω
957 3757 1394 3828 ἐπιδεικνύμενοι
1417 3774 1430 3787 ·
1478 3758 1736 3829 ἄρχοντες
1775 3757 1868 3811 καὶ

295 3846 590 3916 ἀρχόμενοι
613 3885 628 3908 ,
673 3847 977 3918 πρεσϐῦται
1005 3848 1098 3900 καὶ
1136 3849 1428 3918 νεώτεροι,
1469 3848 1726 3920 παρθένοι
1773 3848 1868 3902 καὶ

297 3938 554 4008 μητέρες·
579 3939 674 3991 καὶ
701 3941 932 4010 στεῖραι·
956 3939 1047 3994 καὶ
1063 3940 1112 3994 oi
1136 3939 1275 4010 ὑπὲρ
1295 3941 1530 4004 ἀκακίας
1553 3939 1714 4012 [ἀλλ.
1738 3940 1867 4010 περὶ

293 4028 393 4098 τὴν
424 4028 684 4102 ἀκακίαν]
737 4029 1112 4100 νηπιάζοντες,
1142 4031 1238 4084 σὺν
1269 4031 1573 4105 εὐφροσύνῃ
1597 4031 1863 4103 θειοτέρα,

292 4121 392 4194 τὴν
425 4123 694 4193 σωτήριον
725 4123 932 4192 ταύτην
965 4125 1060 4179 καὶ
1100 4123 1487 4194 ὐποδεξώμεθα
1520 4125 1612 4177 καὶ
1653 4124 1863 4177 διανευ-

295 4215 644 4285 φημήσωμεν
675 4216 889 4288 ἡμέραν
909 4232 923 4248 ⁶
961 4217 1019 4269 ὲν
1056 4217 1231 4289 ταύτῃ
1259 4216 1368 4287 γὰρ
1395 4216 1456 4268 τὸ
1497 4217 1633 4270 πᾶσι
1661 4216 1862 4268 κατάλ-

291 4304 453 4376 ληλον
471 4345 487 4371 ,
520 4307 806 4377 ἁπεκυήθη
838 4306 1252 4378 σεμνολόγημα·
1282 4309 1340 4360 ὲν
1365 4305 1538 4378 ταύτῃ
1571 4306 1630 4373 ἐξ
1654 4307 1861 4374 ἀγόνων

291 4398 535 4466 λαγόνων
571 4399 905 4468 ἐϐλάστησεν
935 4401 963 4453 ὁ
992 4399 1102 4452 τῶν
1131 4399 1318 4469 ἱερέων
1345 4398 1550 4468 κόσμος
1573 4416 1588 4432 ο
1619 4399 1679 4452 τὸ
1709 4399 1861 4469 βασί-

1981 567 2213 624 adventu
2273 568 2364 624 illo
2411 585 2476 626 ac
2508 569 2928 638 necessitudine,
2969 570 3217 636 firmitas,
3248 573 3554 643 percipien-

1982 659 2125 714 tibus
2175 659 2337 727 dona,
2405 661 2559 716 nobis
2607 661 2796 731 utique
2855 662 3105 717 accessit.
3167 663 3329 719 Prmit
3371 664 3556 734 itaque

1979 751 2262 819 praesentis
2283 750 2388 805 diei
2413 749 2656 817 claritas,
2687 750 2938 807 ineﬁ'abili
2965 750 3040 806 illi
3059 767 3123 807 ex
3149 751 3349 808 Christi
3377 753 3560 808 incar-

1980 841 2091 894 nati
2127 849 2471 896 sacramento
2503 841 2734 908 laetitia);
2775 841 2930 911 pta-it
2961 856 3109 907 vero,
3137 857 3244 897 non
3283 851 3342 896 ut
3363 842 3411 897 ei
3448 858 3556 897 non

1980 931 2284 998 cohaerens,
2337 933 2422 987 vel
2457 943 2516 988 ut
2562 933 2936 1002 magnitudine
2977 934 3251 999 dill‘erens,
3280 936 3373 989 sed
3411 934 3555 990 velut

1981 1037 2100 1090 qua:
2126 1023 2190 1076 ad
2227 1023 2303 1078 rei
2345 1023 2506 1078 totius
2538 1024 2914 1080 certitudinem
2951 1028 3103 1096 quasi
3150 1027 3553 1094 maouduxerit,

1985 1113 2146 1182 idque
2196 1115 2355 1170 modo
2401 1117 2559 1171 nobis
2606 1115 2864 1172 familiari
2926 1133 2988 1172 ac
3033 1133 3299 1188 congruo;
3340 1121 3555 1190 quando

1981 1222 2080 1276 per
2105 1223 2258 1273 eam,
2296 1223 2414 1278 qua:
2459 1219 2644 1264 nostra
2676 1210 2890 1279 gentilis
2935 1219 3108 1273 esset,
3141 1212 3558 1265 consummatis-

1979 1299 2176 1353 simum
2213 1299 2464 1368 gaudium
2497 1301 2824 1355 conciliavit.
2847 1301 3206 1367 Quamobrem
3237 1318 3414 1372 operte
3435 1318 3554 1372 pre-

1983 1385 2115 1440 tium
2143 1397 2224 1440 est
2277 1396 2335 1440 ut
2365 1386 2746 1456 praeambulam
2775 1388 2915 1442 hanc
2967 1404 3028 1444 ac
3071 1391 3192 1443 linis
3224 1391 3556 1444 conciliatri-

1979 1490 2096 1530 cem
2160 1475 2477 1548 adjicientes
2535 1481 2800 1551 gratiam,
2860 1480 2998 1535 laetis
3055 1481 3270 1550 quidetn
3330 1483 3550 1544 habitu,

1981 1564 2280 1622 latioribus
2316 1581 2496 1625 autem
2553 1571 2720 1626 animi
2757 1571 3072 1634 honestate,
3115 1573 3398 1636 laudibus,
3446 1575 3552 1630 diei

1979 1661 2267 1728 prmsentis
2291 1661 2659 1715 celebritatem
2689 1677 3009 1717 coronemus
3029 1679 3043 1726 ;
3063 1663 3352 1730 jucundius
3389 1666 3552 1720 salia-

1982 1766 2138 1816 mus;
2181 1751 2410 1820 spiritali
2447 1754 2622 1822 magis
2651 1768 2810 1820 quam
2841 1755 3110 1823 corporali
3155 1756 3365 1810 ratione
3403 1757 3551 1812 laete-

1982 1931 2348 2000 exsultemus;
2397 1949 2586 1988 omnes
2617 1935 2894 1988 hortemur
2935 1944 2993 1988 ut
3031 1934 3336 1990 universam
3371 1935 3422 1990 in
3452 1936 3555 1992 hoc

1981 2023 2140 2076 studii
2169 2025 2406 2078 excitent
2429 2035 2753 2078 creaturam.

2055 2201 2343 2256 Enimvero
2377 2215 2603 2273 ecettpat
2653 2205 2968 2260 imitantem
3007 2221 3342 2274 sermonem,
3387 2225 3552 2280 ange-

1982 2295 2155 2348 lorum
2175 2295 2396 2360 chorus,
2418 2313 2646 2369 eamque
2669 2299 2827 2353 hodie
2847 2299 3044 2354 celebri
3073 2302 3341 2370 praeconio
3373 2302 3549 2366 effert,

1985 2401 2082 2455 per
2111 2401 2271 2454 quam
2300 2389 2536 2458 mystcrii
2573 2389 2731 2444 linem
2767 2390 2996 2460 aspexit.
3027 2394 3300 2462 Occupant
3319 2402 3374 2448 et
3401 2394 3549 2459 ent-li,

1979 2477 2212 2548 novique
2254 2494 2317 2534 ac
2359 2479 2599 2550 supremi
2646 2481 2970 2537 ﬁrmamenti
3018 2481 3161 2538 illius
3235 2481 3550 2539 altitudines

1980 2569 2268 2627 honorant.
2295 2569 2644 2627 Praecurrunt
2671 2573 2979 2638 luminaria,
3005 2573 3177 2644 iisque
3202 2576 3388 2641 radiis,
3410 2591 3550 2646 quos

1977 2662 2241 2730 spiritalis
2293 2662 2424 2718 solis
2475 2665 2645 2718 nubes
2699 2664 2894 2729 mittit,
2955 2663 3130 2720 latius
3188 2664 3544 2720 illustrantur.

1973 2755 2140 2808 Adest
2173 2765 2312 2808 terra
2349 2755 2564 2811 nemine
2595 2756 2870 2816 invitante,
2910 2771 3114 2828 suoque
3145 2758 3316 2828 ipsius
3373 2757 3548 2812 hone-

1975 2855 2150 2898 8tatur
2179 2859 2240 2899 ac
2261 2845 2525 2915 gloriatur
2547 2847 2806 2916 germine.
2848 2845 3012 2903 Novis
3034 2847 3361 2907 elementum
3395 2863 3549 2918 aquae

1975 2937 2212 2996 motibus
2258 2939 2700 3008 subsultibusque
2767 2940 3106 3009 tripudians,
3154 2955 3266 2994 sua:
3318 2940 3544 2994 auetriri

1973 3029 2440 3095 sanctificationis,
2473 3029 2704 3085 assistit.
2738 3029 2872 3086 Cum
2899 3031 2978 3086 sic
3000 3046 3132 3102 ergo
3161 3046 3248 3086 res
3277 3032 3544 3086 universa:

1897 3158 1944 3222 ο
1975 3138 2128 3177 suam
2181 3122 2340 3178 hodie
2379 3123 2722 3178 cxhibuerint
2769 3121 3070 3178 libertatem
3096 3163 3112 3187 ,
3160 3125 3544 3192 congruentius

1973 3229 2072 3282 ego
2115 3215 2354 3268 ouminm
2391 3215 2626 3269 maxime
2650 3229 2965 3283 germanam
2997 3225 3243 3270 naturam
3279 3217 3542 3270 invitave-

1971 3303 2104 3367 rim,
2131 3304 2273 3357 hunc
2301 3305 2354 3356 in
2389 3305 2602 3357 modum
2626 3305 2941 3373 penetrabili
2975 3320 3104 3358 voce
3135 3305 3415 3360 clamans:
3445 3305 3544 3360 Eia

1973 3407 2111 3462 age,
2175 3402 2306 3448 tetas
2355 3399 2532 3448 omnis
2591 3409 2654 3448 ae
2701 3397 2880 3448 omnis
2919 3394 3183 3464 dignitas;
3239 3397 3548 3452 sacerdotes

1971 3487 2177 3556 pariter
2238 3503 2302 3542 ac
2347 3487 2721 3554 imperatores,
2759 3487 2960 3556 quique
2992 3501 3281 3554 supernum
3320 3497 3542 3552 statum,

1971 3591 2036 3632 ac
2075 3577 2198 3632 vitae
2229 3577 2526 3640 rationem,
2579 3577 2631 3630 in
2668 3575 3016 3630 inferioribus
3048 3577 3354 3632 exhibctis:
3391 3580 3544 3648 prin-

1971 3667 2118 3736 cipes
2149 3666 2308 3721 simul
2338 3673 2392 3720 et
2427 3650 2646 3731 subditi,
2686 3680 2844 3720 senes
2875 3680 2938 3719 ac
2980 3667 3251 3736 juniores;
3303 3669 3540 3738 Virgines

1971 3766 2312 3828 matresque,
2381 3771 2444 3810 ac
2495 3757 2742 3819 steriles,
2787 3757 2988 3824 quique
3039 3757 3343 3812 innocentia
3401 3763 3536 3813 estis

1969 3850 2160 3916 pueri:
2207 3847 2517 3916 impensiori
2559 3863 2620 3902 ac
2673 3849 2922 3902 diviniori
2971 3849 3189 3916 lartitia,
3241 3851 3533 3906 salutarem

1971 3941 2109 3997 hanc
2139 3942 2276 3996 diem
2323 3942 2707 4010 suscipiamus,
2739 3950 2792 3993 et
2823 3939 3013 3994 faustis
3047 3942 3320 3996 ominibus
3350 3957 3538 4012 prose-

1967 4047 2218 4101 quamur.
2251 4031 2305 4084 In
2337 4046 2399 4086 ea
2426 4032 2688 4101 siquidem
2729 4041 2851 4084 nata
2881 4040 2959 4085 cst
2999 4031 3267 4086 universis
3297 4047 3535 4102 congrua

1965 4121 2253 4192 gloriatio;
2301 4123 2354 4176 in
2397 4136 2460 4175 ea
2505 4121 2830 4190 germinavit
2875 4136 2938 4174 ex
2986 4119 3290 4176 iulecundis
3341 4107 3536 4180 lumbis

1964 4215 2127 4270 decor
2155 4216 2531 4280 sacerdotum;
2573 4215 2781 4282 imperii
2820 4213 3016 4278 robur;
3047 4229 3232 4269 corutn
3278 4231 3535 4271 consum«

1965 4305 2162 4370 matio,
2195 4307 2286 4376 qui
2323 4306 2578 4360 virtutem
2615 4305 2832 4384 colunt;
2880 4305 3292 4374 magistratuum
3346 4309 3534 4362 subdi-

1965 4405 2250 4466 torumque
2288 4397 2576 4466 tranquilla
2625 4395 2834 4450 ordinis
2868 4396 3224 4464 compositio,
3263 4397 3529 4455 infantum
3561 4452 3566 4454 γ

291 4487 435 4543 λειον
464 4488 694 4559 κράτος·
729 4489 763 4558 ή
806 4486 914 4540 τῶν
955 4487 1012 4540 ἐν
1049 4489 1217 4560 ἀρετῇ
1259 4486 1536 4558 τελειότης
1559 4504 1572 4518 ·
1615 4487 1725 4542 τῶν
1763 4491 1864 4562 ἀρ-

1973 4489 2254 4562 prudentia
2277 4504 2291 4554 ;
2313 4487 2580 4556 virginum
2601 4495 2977 4540 ornamentum
3001 4503 3016 4551 ;
3042 4497 3268 4540 matrum
3291 4502 3488 4544 corona
3511 4529 3526 4556 ,

292 4648 337 4702 is
375 4649 589 4714 prohat,
619 4648 912 4719 omniaque
938 4656 1121 4719 vetera
1149 4655 1496 4719 monumenta
1532 4660 1852 4716 repugnant,

291 4727 518 4786 excepto
557 4718 721 4774 etiam
769 4716 956 4784 grandi
1006 4716 1098 4771 illo
1147 4717 1487 4770 incommodo
1529 4719 1854 4786 suspicionis

293 4788 580 4852 adulterii,
611 4786 763 4854 cujus
789 4787 1025 4842 maxime
1049 4786 1275 4842 cavendi
1307 4800 1457 4856 ergo,
1495 4786 1596 4856 fuit
1622 4796 1732 4843 tota
1763 4789 1850 4842 illa

291 4857 376 4910 vel
407 4856 675 4927 maritalis
723 4857 804 4911 vel
832 4856 1106 4926 sponsalis
1144 4855 1506 4927 dispensatio.
1539 4855 1724 4912 Putem
1756 4859 1852 4927 igi-

291 4934 382 4980 tur
419 4926 749 4982 remansisse
787 4925 1008 4980 Mariam
1039 4925 1361 4994 orphanam,
1390 4941 1452 4979 ac
1485 4941 1702 4993 germen
1731 4925 1854 4982 uni-

291 5011 412 5050 cum
445 5006 721 5064 superstes
765 4992 1231 5050 sam-tissimorum
1273 4992 1518 5064 Joacbim
1562 5011 1626 5050 ac
1658 4996 1848 5060 Annae,

291 5067 488 5136 quibus
520 5065 746 5132 proinde
797 5065 1110 5136 abducenda
1157 5079 1187 5117 a
1232 5063 1432 5132 templo
1472 5080 1576 5136 non
1610 5071 1846 5135 potuerit

291 5150 391 5204 pro
420 5150 569 5204 more
597 5136 734 5188 tradi
768 5137 834 5189 ad
877 5135 1196 5195 eusrodiam,
1229 5147 1290 5186 ac
1322 5135 1585 5204 servanda
1607 5150 1847 5202 sponso:

290 5201 452 5276 atque
481 5203 615 5257 adeo
649 5205 900 5259 traditam
935 5219 1056 5258 esse
1085 5220 1114 5255 a
1155 5201 1531 5276 sacerdotibus
1563 5201 1849 5276 ipsiJose-

329 5273 396 5329 bo
415 5317 430 5340 ,
449 5285 526 5339 ut,
560 5283 754 5344 pra-ter
775 5276 1162 5344 apocryphum,
1193 5273 1385 5326 docent
1411 5275 1850 5344 constantissime

330 5291 396 5329 no
415 5317 430 5340 ,
449 5291 526 5339 ut,
560 5291 754 5344 pra-ter
775 5291 1162 5344 apocrypnum,
1193 5291 1385 5326 uocent
1411 5291 1850 5330 consutnttssmte

288 5291 517 5410 ἵκανες,
539 5361 658 5398 sive
693 5353 751 5398 ut
773 5344 946 5398 adhuc
981 5357 1217 5412 sponso,
1252 5355 1310 5394 ut
1359 5343 1516 5412 relati
1553 5342 1744 5398 Patres
1787 5363 1852 5399 ae

289 5417 529 5484 plerique
581 5413 670 5468 alii
724 5414 978 5467 videntur
1018 5411 1202 5484 velle,
1236 5411 1590 5484 celebratum,
1634 5415 1848 5481 nuptias

288 5483 409 5540 eum
449 5483 702 5539 luberet:
735 5497 798 5537 ac
834 5491 1127 5550 accepturo
1167 5483 1218 5534 in
1257 5496 1476 5552 uxorem
1515 5483 1613 5537 sub
1647 5499 1842 5552 pauco-

289 5571 406 5610 rum
442 5559 791 5623 cognatorum
831 5549 1137 5623 prementia,
1173 5563 1300 5621 puta
1334 5549 1609 5623 Zachariae
1648 5549 1840 5608 sacer-

288 5626 452 5688 dotis,
487 5622 551 5677 se
579 5625 622 5678 si
649 5623 738 5690 qui
766 5622 1032 5691 ejusmodi
1065 5631 1256 5686 erant;
1301 5622 1380 5673 vel
1410 5631 1466 5672 ut
1509 5623 1694 5675 statim
1728 5635 1840 5676 ma-

290 5696 428 5760 rito,
474 5697 633 5762 quod‘
659 5693 923 5762 videatur
949 5693 999 5744 iu
1039 5691 1337 5758 Augustini.
1367 5705 1427 5744 ac
1475 5691 1837 5746 Scholastieo-

287 5783 404 5822 rum
462 5761 767 5830 scatentia,
821 5761 1024 5817 omissa
1071 5769 1298 5830 utroque
1338 5775 1466 5814 casu
1523 5763 1828 5830 nuptiarum

1955 4650 2323 4720 solemnitate,
2355 4663 2475 4720 quae
2502 4643 2650 4720 nihil
2665 4643 2792 4699 facit
2817 4645 2887 4699 ad
2921 4644 3199 4720 veritatem
3237 4631 3526 4720 tnairimo-

1956 4719 2052 4774 nii.
2097 4719 2187 4774 sic
2219 4715 2419 4787 plane',
2462 4728 2518 4773 ul
2571 4715 2650 4768 vel
2683 4729 2877 4787 sponsa
2920 4715 3110 4787 tradita
3149 4715 3241 4787 sit.
3279 4731 3378 4787 nec
3409 4718 3522 4770 sint

1952 4789 2072 4843 alite
2112 4781 2316 4856 nup'tite
2359 4781 2587 4850 secutae,
2633 4781 2756 4856 cum
2791 4781 2997 4856 Joseplr
3021 4785 3296 4849 gravidam
3327 4784 3520 4854 depre-

1951 4853 2248 4924 hendisset,
2281 4859 2438 4913 facile
2469 4856 2592 4919 fuit,
2632 4853 2748 4922 ipso
2776 4853 3092 4924 mysterium
3126 4862 3373 4920 tenente,
3402 4853 3518 4909 rem

1949 4923 2239 4982 occultam
2263 4942 2502 4991 manere,
2543 4923 2985 4978 existimantibus
3019 4924 3214 4990 pas-im
3241 4925 3514 4986 omnibus,

1952 4996 2036 5051 vel
2055 4997 2237 5052 statim
2262 4997 2313 5050 in
2343 5011 2562 5050 uxorem
2590 4992 2842 5062 traditam
2873 5007 3018 5056 esse,
3042 4993 3122 5044 vel
3145 4995 3512 5062 postmodum,

1954 5075 2050 5120 aut
2086 5069 2264 5130 domi,
2298 5075 2390 5119 aut
2440 5060 2959 5134 apudlachariam,
2990 5060 3164 5116 virum
3206 5065 3515 5134 accepiSSe,

1954 5137 2044 5200 qui
2105 5137 2240 5204 ipse,
2287 5137 2330 5188 si
2379 5132 2485 5204 qua
2535 5132 2665 5187 lides
2710 5133 3076 5204 apocryphis,
3134 5133 3298 5188 totius
3339 5132 3514 5198 hujus

1956 5201 2270 5260 (eeonomia:
2311 5201 2611 5273 przeeipuus
2643 5201 2904 5273 ‘miuister
2935 5201 3037 5256 fuit
3060 5240 3097 5273 ,_
3128 5213 3346 5273 propter
3391 5219 3509 5255 eam

1957 5274 2126 5338 ipsam
2172 5269 2388 5328 occisus
2419 5287 2446 5326 a
2478 5269 2722 5335 ’Judmis,
2757 5285 2822 5324 ac
2869 5276 3008 5341 quod
3053 5269 3276 5325 Mariam
3307 5271 3512 5341 diceret

1958 5341 2235 5412 Virginem
2285 5355 2405 5412 post
2436 5353 2685 5411 partum,
2737 5339 3058 5412 utiBasilius
3096 5357 3160 5396 ex
3192 5339 3508 5412 apocrypha

1952 5409 2180 5480 quadam
2215 5409 2540 5472 traditione,
2591 5425 2758 5465 serm.
2799 5411 2870 5464 De
2909 5412 3140 5480 humana
3181 5409 3378 5462 Christi
3415 5424 3508 5476 ge-

1949 5493 2123 5535 nerat.
2152 5483 2316 5536 refert
2347 5499 2360 5534 :
2401 5491 2620 5536 auctore
2644 5482 2764 5535 libri
2800 5481 2873 5534 De
2905 5479 3090 5533 Maria!
3123 5487 3240 5530 orm
3272 5479 3506 5540 dii-ente,

1945 5553 2183 5605 occisum
2206 5590 2220 5612 ,
2255 5563 2476 5622 propter
2503 5552 2732 5606 celatum
2767 5549 3052 5622 Joannem,
3083 5549 3226 5622 quod
3261 5549 3508 5622 videatur

1944 5635 2069 5675 vero
2101 5615 2368 5685 similius,
2389 5633 2440 5675 et
2479 5632 2533 5674 ut
2565 5631 2765 5673 tantam
2811 5619 2952 5670 illam
2985 5615 3138 5670 ortus
3163 5615 3390 5670 Joannis
3415 5631 3507 5671 ce-

1940 5691 2280 5756 iobt'ilnlt'tn,
2326 5708 2388 5746 ea
2429 5690 2622 5746 merito
2668 5692 2873 5742 ratione
2911 5699 3218 5758 suspectam
3267 5685 3505 5756 “exodi,

1933 5771 2252 5830 spectemus.
