4002 6232
222 266 363 331 1385

1041 253 1126 316 IN
1165 254 1268 314 SS.
1310 248 1666 313 DElPAELE
1699 241 2281 310 CONCEPTIONEM
2315 239 2412 299 ET
2452 235 2624 296 ΝΑΤ.

3334 173 3472 286 tsss

217 378 508 434 Δείκνυσιν
542 367 638 426 οὖν
664 367 938 434 ἐντεῦθεν,
976 365 1336 437 ἀνεπίμικτον
1366 362 1575 419 ἄνωθεν
1604 360 1666 413 τὺ
1705 359 1803 430 βα·
1837 403 1847 426 Α

1941 357 2120 426 eginm
2151 367 2318 422 genus
2351 366 2378 405 a
2412 344 2709 416 majoribus
2739 340 3052 404 ducentem,
3084 335 3243 408 legali
3279 351 3476 407 proge-

222 471 336 526 σίλε
346 486 424 522 ιον
449 464 760 532 κατάγοντα
783 461 962 530 γένος,
987 456 1344 528 προγονικαῖς
1368 471 1429 507 τε
1449 453 1544 508 καὶ
1571 451 1802 513 οἰκείαις

219 557 619 632 γεραιρόμενον
667 551 983 622 εύνομίαις,
1025 547 1302 619 ἐπίσημόν
1350 561 1471 598 τινα
1513 543 1607 597 καὶ
1653 541 1802 606 ἐξαί-

225 668 416 724 ρετον,
455 650 514 702 ἐν
557 646 679 708 ταῖς
717 643 812 697 τοῦ
868 639 1089 712 Ἰσραὴλ
1136 635 1532 710 προκρίνεσθαι
1587 633 1800 702 φυλαῖς.

221 740 360 797 Εἶτα
384 740 482 792 καὶ
521 736 615 791 τὸν
651 735 885 788 πλοῦτον
908 773 924 799 ,
963 731 1263 802 τεκμήριόν
1298 747 1352 784 τι
1384 729 1484 799 τῆς
1531 725 1806 796 ὑπεροχῆς

222 833 253 886 ό
284 827 640 900 συγγραφεὺς
676 820 963 886 τεθεικὼς,
997 820 1145 890 λέγει
1181 819 1278 872 καὶ
1309 818 1369 871 τὸ
1394 818 1490 888 τῆς
1525 811 1806 868 δικαιοσύ-

223 939 322 992 νης
370 916 538 974 αὑτοῦ
583 913 876 969 ίδιαίτατον
921 908 1096 981 ὁμοῦ,
1131 908 1224 962 καὶ
1255 907 1473 962 πάντων
1518 901 1808 974 ὁμοφύλων

225 990 696 1083 ὑπερανεπηκὸς.
744 1003 1090 1074 Προσέφερε
1137 1001 1279 1070 γὰρ,
1327 997 1495 1068 φησι,
1536 993 1692 1063 δῶρα
1730 990 1810 1058 τῷ

226 1105 424 1172 Κυρίῳ
459 1097 670 1155 διπλᾶ.
701 1099 911 1160 Ὄντως
940 1091 1114 1162 διπλῷ
1145 1089 1222 1162 τῷ
1257 1089 1474 1160 πλούτῳ
1502 1087 1697 1157 ἐκόμα.
1735 1083 1810 1136 Τὸ

227 1196 340 1265 γὰρ
366 1191 531 1247 διπλᾶ
560 1191 628 1244 τὰ
655 1189 806 1260 δῶρα
841 1184 1156 1256 καθιεροῦν,
1189 1183 1257 1236 τὰ
1287 1179 1382 1235 τοῦ
1413 1179 1680 1250 παρόντος
1713 1175 1811 1247 μὲν

228 1287 327 1338 καὶ
385 1281 601 1352 ῥέοντος
648 1275 941 1348 ἐκμειοῦν,
976 1275 1044 1328 τὰ
1084 1273 1142 1326 δέ
1191 1271 1286 1326 τοῦ
1338 1271 1591 1342 μένοντος
1637 1265 1813 1336 εἰσαεὶ

230 1371 528 1442 πληθύνειν
583 1363 970 1439 παρεσκεύαζε
1015 1360 1472 1432 θησαυρίσματαο
1525 1356 1560 1428 ἢ
1612 1354 1810 1425 δῆλον,

229 1465 306 1526 ὡς
332 1463 456 1516 οὐδὲ
507 1459 738 1514 πλοῦτον
769 1458 856 1512 εἴα
881 1455 972 1509 τὸν
997 1453 1414 1525 παρατρέχοντα
1437 1449 1640 1522 μένειν,
1678 1445 1814 1516 πρὸς

230 1557 294 1611 τὸ
337 1553 568 1626 ἀρκετὸν
602 1549 762 1604 αὐτὸν
802 1545 1077 1617 ὁσημέραι
1111 1541 1458 1607 συστέλλων;
1498 1537 1670 1592 Τοῦτο
1705 1529 1838 1626 γὰρ’

231 1624 391 1701 καλό
443 1644 601 1711 λόγος
669 1637 1152 1694 καθυποδείκνυσι.
1199 1631 1542 1703 Προσέφερε
1587 1626 1698 1698 γὰρ
1745 1624 1817 1678 τὰ

1911 449 2149 502 nitorum
2186 459 2394 515 suaque
2427 441 2688 510 religione
2718 451 2781 490 ac
2820 430 3167 488 observantia
3221 429 3480 484 honesta-

1911 549 2021 594 tum
2059 539 2151 608 qui
2195 535 2430 607 insignis
2463 548 2528 588 ac
2559 529 2792 586 eximius
2821 526 3048 580 haberet
3071 564 3087 588 ,
3133 524 3188 577 in
3229 521 3478 578 tribubus

1915 628 2087 684 lsrael
2149 629 2352 699 primas
2389 631 2740 681 consecutum
2791 632 2932 674 esse.
2973 616 3110 670 Tum
3172 630 3301 670 vero
3327 654 3343 681 ,
3387 616 3479 669 uid

1909 719 2168 786 scriptor,
2204 732 2301 771 ceu
2352 715 2610 778 indicium
2645 709 2917 781 quoddam
2955 707 3287 778 praestantiae
3336 707 3436 760 viri
3463 747 3480 770 ,

1913 807 2137 862 divitias
2171 819 2388 876 quoque
2414 803 2731 874 posuisset;
2785 797 3282 870 singularissimam
3331 797 3485 850 dein—

1913 913 2041 968 ceps
2066 897 2188 968 ejus
2211 896 2482 966 justitiam
2505 933 2520 960 ,
2551 907 2614 946 ac
2643 906 2747 961 qua
2780 889 3050 944 universis
3086 887 3482 944 contribulihns

1912 989 2284 1059 praecelleret,
2317 988 2470 1042 dicit.
2509 983 2778 1054 Oﬂerebat
2815 982 2984 1044 enim,
3019 981 3213 1050 inquit,
3251 980 3484 1049 duplicia

1913 1080 2055 1134 dona
2093 1079 2338 1133 Domino.
2366 1077 2528 1132 Plane
2553 1073 2894 1144 gloriabatur
2921 1071 3230 1142 duplicibus
3257 1070 3485 1126 divitiis.

1913 1157 2066 1238 Quod
2093 1171 2239 1227 enim
2265 1169 2496 1238 duplicia
2527 1169 2666 1223 dona
2697 1167 2744 1222 is
2771 1174 3152 1230 consecraret,
3187 1163 3240 1219 id
3271 1163 3487 1234 agebat,

1915 1273 1971 1319 ut
1999 1275 2054 1318 et
2082 1265 2208 1318 vitae
2235 1263 2400 1333 hujus
2429 1303 2445 1328 ,
2480 1260 2726 1331 ﬂuxique
2757 1259 3072 1322 divitiarum
3110 1257 3354 1312 thesauri
3397 1257 3492 1310 mi-

1919 1367 2214 1432 niterentur
2241 1373 2256 1423 ;
2303 1364 2590 1411 manentes
2628 1365 2810 1410 autem
2843 1361 3111 1423 perpetuo
3141 1350 3361 1407 cumulo
3391 1365 3488 1404 au-

1917 1455 2194 1517 gerentur.
2231 1446 2420 1502 Nonne
2457 1446 2664 1516 liquet,
2715 1455 2773 1500 ut
2809 1459 2987 1514 neque
3023 1442 3244 1512 fugaces
3275 1441 3495 1497 divitias

1919 1552 2138 1593 manere
2171 1540 2400 1604 sineret,
2436 1537 2686 1608 quotidie
2715 1547 2932 1592 arctans
2953 1575 2968 1600 ,
3002 1536 3068 1589 ad
3103 1535 3155 1588 id
3186 1533 3330 1604 quod
3360 1532 3496 1586 satis

1917 1629 2247 1686 essetilloc
2304 1630 2448 1684 enim
2498 1630 2665 1684 etiam
2714 1627 2888 1683 oratio
2941 1626 3191 1681 indicat:
3229 1622 3498 1693 Olferebat

231 1735 394 1804 δῶρα
435 1731 621 1788 αὑτοῦ
657 1730 738 1795 τῷ
771 1728 967 1796 Κυρίῳ
997 1722 1185 1780 διπλᾶ
1207 1762 1222 1788 ,
1260 1720 1457 1791 λέγων
1497 1719 1566 1774 ἐν
1602 1714 1815 1781 ἐαυτῷν

1937 1723 2057 1775 mim
2089 1722 2229 1776 dona
2257 1737 2354 1776 sua
2396 1719 2632 1790 duplicia
2677 1718 2934 1782 Domino,
2980 1717 3159 1771 dicens
3210 1715 3351 1784 apud
3395 1725 3497 1768 se:

240 1825 434 1878 Ἔστω
470 1822 540 1876 τὰ
575 1819 686 1888 τῆς
729 1817 1082 1888 περιουσίας
1112 1831 1232 1885 μου
1285 1809 1466 1904 παντί
1516 1806 1597 1874 τῷ
1647 1806 1810 1873 λαῷ,

236 1918 338 1971 καὶ
395 1915 462 1969 τὸ
504 1913 614 1981 τῆς
659 1909 934 1981 ἀφέσεως
973 1923 1118 1978 μου,
1153 1899 1349 1974 Κυρίῴ
1384 1901 1464 1968 τῷ
1513 1899 1636 1966 Θεῷ
1670 1916 1810 1969 μου.

131 2076 146 2092 _
239 2007 384 2075 Ὀρα
411 2006 510 2076 τῆς
551 2005 608 2056 ἐν
655 2002 806 2073 νόμῳ
843 1998 1189 2068 δικαιοσύνης
1233 1993 1576 2066 ὑπερϐολήν·
1623 1991 1816 2044 σκόπει

237 2098 340 2168 τὴν
380 2099 439 2150 ἐν
483 2093 806 2153 ἀποστόλοις
860 2087 1258 2160 εύαγγελικὴν,
1319 2087 1378 2140 ὲν
1423 2087 1540 2148 τοῖς
1587 2081 1817 2145 δικαίοις

239 2187 454 2251 τούτοις
499 2181 1054 2258 προκατορθωθεῖσαν
1103 2177 1416 2232 πολιτείανσ
1467 2169 1818 2246 κρεῖττονδὲ

241 2280 447 2348 λέγειν,
475 2271 1092 2347 ύπερκατορθωθεῖσαν.
1125 2271 1324 2322 Ἔστω
1353 2265 1420 2320 τὸ
1445 2264 1558 2334 τῆς
1581 2278 1822 2330 περιου-

241 2371 387 2436 σίας
408 2386 528 2438 μου
567 2363 746 2420 παντί
791 2363 870 2428 τῷ
910 2360 1058 2427 λαῷ.
1091 2359 1308 2429 Μηδὲν,
1351 2355 1518 2428 φησὶν
1541 2395 1557 2419 ,
1604 2353 1692 2424 εἴη
1729 2369 1824 2406 πε-

249 2461 430 2534 ριττὸν
459 2461 566 2514 τῶν
599 2456 937 2526 ἀναγκαίων.
971 2453 1144 2509 Παντὶ
1183 2451 1262 2522 τῷ
1294 2447 1408 2520 λαῷ
1441 2446 1509 2502 τὰ
1539 2445 1681 2516 ὑπὲρ
1723 2443 1824 2516 τὴν

245 2554 437 2628 χρείαν
485 2551 817 2627 προκείσθω.
871 2550 1014 2603 nam
1049 2546 1206 2602 κοινά
1261 2544 1330 2598 τὰ
1362 2543 1461 2614 τῆς
1504 2538 1825 2610 περιουσίας

247 2645 618 2725 ἀφείσθω..Ὢ
645 2641 996 2711 δικαιοτάτης
1027 2639 1121 2694 καὶ
1148 2635 1374 2708 γνώμης
1414 2635 1510 2690 καὶ
1539 2631 1781 2704 κρίσεως
1807 2630 1822 2684 l

253 2739 321 2793 Ὢ
377 2735 610 2791 πλούτου
678 2735 736 2787 ἐν
797 2733 1087 2804 ἀσυλήτοις
1148 2725 1673 2799 συγκεκομισμένου
1729 2740 1830 2776 τα-

255 2825 451 2898 μιείοις
477 2827 490 2879 l
519 2823 691 2888 οὕτως
716 2825 751 2896 ἡ
778 2825 842 2877 ἐκ
865 2821 1167 2894 προοιμίων
1185 2819 1630 2892 ύπερανέστηκεν
1649 2813 1830 2870 αὐτῶν

251 2918 447 2990 ἀρετή.
493 2916 654 2970 Ἀλλά
679 2915 789 2984 γὰρ
817 2918 914 2969 καὶ
939 2914 1126 2986 ἕτερον
1148 2911 1332 2976 αὐτοῖς
1358 2907 1669 2982 ὑπερϐολῆς
1699 2923 1832 2961 κατ-

252 3007 480 3080 όρθωμα
503 3043 520 3072 ,
565 3008 630 3060 ἐκ
677 3005 788 3060 τῶν
821 3005 948 3076 ἐξῆς
991 3003 1356 3074 διαφαίνεται.
1395 2999 1552 3056 Μετά
1588 2999 1696 3070 γὰρ
1733 2996 1832 3069 τὴν

255 3079 340 3164 εἰς
380 3099 442 3152 τὸ
467 3097 740 3170 αύταρκες
767 3097 862 3150 τοῦ
900 3095 1135 3150 πλούτου
1175 3093 1474 3165 συστολὴν,
1513 3092 1584 3147 τὰ
1615 3107 1834 3162 νενομι-
1860 3079 1904 3138 ο

258 3193 432 3264 σμὲνα
469 3191 652 3246 πάντα
695 3189 824 3262 περί
851 3205 910 3242 τε
953 3187 1298 3258 νουμηνιῶν,
1331 3185 1429 3264 καὶ
1463 3183 1669 3254 ἐθίμων
1703 3183 1836 3236 ἀνα-

258 3261 554 3354 θημάτων,
605 3281 810 3336 θυσιῶν
853 3296 916 3333 τε
949 3277 1270 3348 ἀφεσίμων,
1304 3261 1400 3342 καὶ
1445 3271 1836 3342 καθαρτηρίων

259 3374 632 3446 σωματικῶν,
681 3365 746 3426 ἐκ
791 3370 902 3425 τῶν
935 3370 1196 3434 ἐνόντων,
1243 3365 1322 3438 τῷ
1366 3363 1476 3419 τῶν
1527 3363 1666 3416 ὅλων
1716 3360 1837 3431 Θεῷ

257 3466 682 3540 προσεκόμιζον.
702 3463 818 3520 Καὶ
849 3462 914 3517 τὸ
944 3461 1056 3530 τῆς
1077 3458 1350 3530 ἀφέσεώς
1371 3475 1513 3527 μου,
1539 3455 1731 3524 Κυρίῳ
1757 3451 1840 3518 τῷ

261 3559 385 3625 Θεῷ
415 3576 558 3628 μου.
603 3557 803 3621 Ὥστε,
857 3557 917 3608 ού
957 3555 1118 3626 μόνον
1161 3553 1243 3616 είς
1285 3551 1347 3604 τὸ
1395 3547 1662 3620 ἀρκετὸν,
1703 3546 1842 3600 ἀλλᾶ

261 3654 358 3708 καὶ
387 3653 466 3715 είς
491 3651 551 3704 τὸ
573 3649 749 3703 ἐνδέον
780 3649 985 3716 αὐτοῖς,
1015 3647 1082 3702 τὰ
1113 3647 1212 3717 τῆς
1243 3643 1563 3716 περιουσίας
1595 3642 1838 3712 ὑπετέμ-

261 3763 404 3799 νετο.
434 3744 546 3797 Καὶ
583 3743 666 3805 τὸ,
715 3740 919 3811 Λέγων
954 3739 1024 3793 δὲ
1056 3739 1126 3792 ἐν
1154 3736 1366 3804 ἐαυτῷ,
1406 3734 1516 3790 τῶν
1546 3737 1669 3789 κατ’
1698 3733 1845 3798 ἐξαί-

269 3852 426 3908 ρετον
445 3851 461 3867 ο
497 3811 703 3902 σὺνᾌῷ
727 3832 826 3902 τῆς
852 3830 1266 3908 εύϐςυλίαςγάρ
1302 3825 1622 3898 σοφωτάτῳ,
1652 3824 1749 3878 καὶ
1777 3823 1844 3876 τά

261 3931 366 3998 τῆς
405 3927 678 3999 ὑπεροχῆς
713 3926 806 3979 τοῦ
850 3925 1138 3998 εἰρηκότος
1190 3923 1494 3997 παρίστησι
1537 3919 1842 3991 δείγματα·

265 4022 328 4075 οὐ
358 4021 470 4092 γὰρ
501 4021 582 4082 εἰς
628 4018 849 4089 ἐτέρους
879 4016 1110 4083 ἀπιδὼν,
1143 4017 1264 4070 ούδέ
1296 4011 1708 4088 παραδείγμασί
1736 4025 1846 4064 τισι

266 4112 685 4185 προσεσχηκὼς,
722 4111 900 4165 ταῦτα
939 4110 1210 4181 ἔπραττεν
1234 4124 1249 4140 °
1287 4108 1402 4161 ἀλλ’
1431 4106 1597 4168 αὐτὸς
1625 4104 1694 4158 δι’
1719 4104 1848 4156 ἐαυ-

265 4205 364 4260 τοῦ
397 4205 457 4258 ab
485 4203 694 4272 ἀγαθὸν
729 4203 1075 4274 ἐφευρίσκων
1100 4199 1399 4270 ἐξεπλήρου
1417 4213 1431 4227 ·
1466 4198 1560 4250 καὶ
1587 4195 1688 4267 οὐχ
1715 4195 1849 4248 ὐπο-

267 4296 467 4367 θήκαις
500 4295 802 4360 παλαιαῖς,
849 4295 946 4347 καὶ
983 4291 1332 4364 νομοθεσίαις
1374 4289 1511 4362 πρὸς
1539 4288 1602 4342 τὸ
1639 4285 1848 4342 τοιοῦτο

1921 1811 2008 1867 Sit
2061 1828 2174 1866 mea
2221 1810 2553 1865 abundantia
2587 1810 2826 1864 universo
2874 1807 3067 1880 populo
3095 1847 3111 1874 ,
3151 1823 3214 1860 ac
3260 1803 3500 1858 remissio

1922 1921 2035 1960 mea
2070 1905 2294 1958 Domino
2336 1903 2446 1958 Deo
2493 1919 2628 1958 meo.
2663 1901 2800 1957 Vide
2841 1901 3068 1974 justitite
3097 1899 3286 1972 legalis
3319 1896 3503 1954 excel-

1924 1997 2170 2054 lentiam.
2217 1995 2352 2051 Vide
2397 1995 2765 2066 erangelicam
2799 1994 3170 2064 apostolorum
3204 1989 3506 2046 institutio-

1925 2105 2048 2145 nem
2084 2089 2344 2158 praeclare
2376 2087 2714 2152 exhibitam,
2765 2100 2859 2140 seu
2917 2093 2972 2139 ut
3025 2083 3218 2153 loquar
3269 2081 3503 2145 melius,

1929 2189 2267 2252 superatam.
2297 2180 2384 2236 Sit
2415 2195 2528 2233 mea
2559 2178 2890 2232 abundantia
2923 2181 3066 2231 omni
3091 2173 3305 2246 populo.
3334 2172 3505 2235 Nihil,

1929 2273 2141 2344 inquit,
2192 2271 2247 2326 in
2303 2271 2628 2328 necessariis
2661 2271 2824 2326 rebus
2877 2267 3208 2342 superﬂuum
3259 2266 3354 2324 sit.
3383 2265 3509 2320 Toti

1931 2365 2128 2436 populo
2163 2363 2441 2435 proposita
2476 2363 2609 2430 sint,
2637 2377 2759 2433 qua:
2781 2363 2923 2417 ultra
2956 2361 3328 2418 necessarium
3352 2373 3508 2413 usum

1932 2455 2230 2512 abundant.
2266 2455 2587 2510 Communis
2618 2453 2898 2531 universis
2921 2451 3082 2508 cedat
3110 2464 3229 2506 mea
3253 2449 3514 2505 substan-

1935 2549 2029 2604 tia.
2067 2547 2112 2604 Ο
2173 2549 2388 2620 plenam
2449 2546 2661 2616 justitia
2715 2553 2952 2602 mentem
3002 2540 3416 2612 iudiciumque!
3467 2541 3511 2594 ι)

1937 2639 2156 2696 divitias
2191 2639 2603 2716 inviolabilibus
2629 2639 2899 2694 thesauris
2953 2637 3276 2706 importatas
3315 2654 3328 2691 :
3363 2644 3514 2691 tanto

1935 2748 2166 2790 excessu
2199 2732 2498 2803 praeceltuit
2529 2746 2718 2789 eorum
2755 2731 2928 2786 virtus
2951 2729 3022 2786 ab
3043 2730 3297 2786 exordio.
3324 2728 3432 2785 Sed
3459 2739 3516 2784 et

1939 2825 2044 2881 alia
2091 2839 2278 2882 eorum
2317 2825 2538 2880 virtutis
2577 2822 2902 2881 excellentia
2937 2837 3005 2880 ex
3037 2823 3396 2894 sequentibus
3423 2838 3516 2878 os-

1942 2917 2203 2973 tenditur.
2231 2917 2525 2987 Postquam
2552 2915 2699 2972 euim
2731 2915 2874 2970 intra
2908 2915 3030 2986 ejus
3059 2916 3206 2986 quod
3241 2914 3518 2970 subiceret

1946 3015 2142 3074 metas,
2179 3007 2402 3064 divitias
2431 3015 2821 3064 contraxerant
2845 3045 2865 3073 ,
2896 3005 3137 3078 legitima
3163 3005 3369 3071 omnia,
3403 3016 3518 3062 tum

1937 3117 2060 3173 quae
2092 3103 2158 3156 ad
2194 3101 2535 3168 ueomenias,
2561 3107 2676 3156 tum
2707 3115 2829 3171 qua:
2854 3100 2922 3154 ad
2954 3100 3206 3166 donaria,
3234 3100 3520 3156 victimas-

1935 3209 2042 3265 que
2074 3209 2172 3265 pro
2204 3194 2466 3264 peccatis,
2501 3208 2564 3248 ac
2613 3193 2929 3264 corporales
2964 3193 3320 3249 lustrationes
3346 3236 3362 3261 ,
3395 3209 3520 3263 spe-

1937 3286 2159 3342 ctabant
2185 3325 2200 3352 ,
2241 3286 2308 3340 de
2359 3286 2664 3340 substantia
2708 3285 2915 3354 reliqua
2943 3324 2959 3350 ,
2993 3289 3378 3343 universtrrum
3408 3288 3518 3344 Deo

1939 3377 2240 3434 oﬂerebant
2295 3393 2309 3431 :
2363 3373 2432 3427 Et
2482 3375 2722 3430 remissio
2782 3391 2895 3428 mea
2950 3375 3180 3432 Domino
3241 3377 3350 3432 Deo
3383 3395 3518 3434 meo.

1940 3469 2327 3536 Quamobrem,
2361 3467 2556 3522 nedum
2591 3466 2643 3520 in
2677 3467 2728 3522 id
2756 3467 2903 3536 quod
2939 3469 3080 3522 satis
3108 3477 3282 3534 esset,
3321 3471 3418 3524 sed
3455 3482 3515 3526 ut

1942 3570 1996 3617 et
2024 3560 2122 3630 ipsi
2154 3559 2480 3628 indigerent,
2516 3557 2684 3613 divisa
2708 3571 2899 3613 eorum
2931 3560 3160 3616 cedebat
3191 3563 3518 3620 substantia.

1944 3652 2050 3708 Sed
2087 3663 2142 3709 et
2175 3652 2328 3718 illud,
2360 3651 2513 3720 Apud
2533 3667 2587 3706 se
2620 3652 2822 3718 dicens,
2860 3652 3073 3710 eximite
3099 3655 3383 3725 cujusdam
3413 3657 3524 3712 vir-

1947 3744 2076 3798 tutis
2126 3757 2214 3799 res
2257 3754 2342 3799 est
2389 3761 2403 3798 :
2443 3753 2642 3814 praeter
2687 3745 2832 3799 enim
2871 3746 3273 3803 cordatisslmta
3319 3749 3524 3804 mentis

1946 3833 2254 3899 consilium,
2291 3833 2456 3888 etiam
2483 3831 2602 3902 ejus
2624 3833 2718 3904 qui
2749 3833 2887 3889 dixit
2910 3834 3128 3890 virtutis
3151 3838 3524 3906 prmatantiam

1945 3927 2206 3982 ostendit.
2248 3925 2456 3996 Quippe
2495 3925 2610 3982 haec
2646 3925 2840 3995 agebat
2870 3961 2889 3990 ,
2938 3941 3046 3982 non
3083 3927 3140 3982 in
3176 3928 3314 3984 alios
3349 3929 3526 3999 respi-

1946 4019 2116 4082 ciens,
2149 4030 2243 4074 aut
2270 4019 2416 4074 velut
2445 4019 2710 4089 exemplis
2732 4019 2858 4074 ullis
2880 4030 3114 4076 mentem
3148 4021 3526 4092 adhibuisset;

1949 4111 2045 4168 sed
2081 4113 2196 4183 ipse
2230 4126 2325 4182 per
2360 4126 2420 4168 se
2451 4112 2730 4180 inventor,
2762 4114 2961 4168 bonum
2998 4113 3330 4184 adimplebat
3361 4131 3377 4170 :
3424 4133 3528 4171 ne-

1949 4219 2055 4274 que
2085 4203 2487 4274 antiquioribus
2517 4201 2862 4260 documentis
2915 4203 3233 4275 legibusque
3281 4207 3348 4262 ad
3384 4223 3526 4278 prae-

1951 4295 2160 4351 clarum
2195 4295 2330 4350 adeo
2366 4293 2576 4350 facinus
2610 4295 3019 4362 manuducitur,
3055 4296 3150 4352 sed
3183 4297 3299 4368 ipse
3327 4299 3530 4355 bonum

269 4391 695 4459 χειραγωγείται
731 4385 1091 4468 κατόρθωμα,
1123 4382 1239 4438 ἀλλ’
1267 4381 1433 4445 αὐτὸς
1456 4381 1720 4454 κατάρχει
1749 4379 1847 4449 τῆς

1957 4387 2174 4442 inchoat
2203 4401 2364 4457 opus,
2393 4403 2456 4442 ac
2485 4387 2712 4457 reliquis
2745 4388 3002 4458 deinceps
3031 4388 3310 4458 legislator
3340 4391 3408 4447 ab
3441 4407 3533 4447 ac-

267 4481 380 4534 τῶν
407 4479 590 4534 καλῶν
629 4479 916 4549 ἐργασίας,
947 4478 1042 4532 καὶ
1073 4474 1376 4546 πρακτικὸς
1409 4471 1708 4543 νομοθέτης
1736 4472 1850 4532 τοῖς

274 4572 394 4644 μετ’
429 4571 595 4625 αὑτὸν
638 4569 986 4624 καθίσταται.
1037 4569 1181 4638 Ὅρα
1227 4565 1345 4629 πῶς
1387 4564 1686 4633 ἀξιολόγως
1740 4561 1851 4615 τῶν

272 4664 535 4718 ἁπάντων
581 4653 729 4715 οὗτοι
783 4659 1009 4713 δικαίων
1056 4655 1472 4730 προκέκρινται.
1533 4652 1854 4723 ’Δξιολόγως

269 4756 330 4810 δὲ
357 4755 538 4824 λέγω,
578 4753 640 4807 ού
683 4755 750 4823 τῇ
800 4750 897 4804 τοῦ
935 4749 1238 4822 μυστηρίου
1286 4747 1498 4820 δωρεᾷο
1552 4744 1696 4817 ὑπὲρ
1742 4743 1854 4816 γὰρ

271 4845 510 4918 ἀμοιϐὴν
531 4845 712 4916 ἔργων
738 4845 771 4914 ὴ
795 4843 955 4915 χάρις
977 4859 993 4875 ο
1021 4844 1089 4914 τῇ
1118 4858 1182 4911 γε
1212 4841 1322 4894 τῶν
1345 4838 1600 4911 ὁμοφυῶν
1626 4839 1856 4893 ἀντιπα-

274 4938 521 5010 ραθέσει.
565 4936 708 4990 Ἀλλ’
738 4934 1032 4990 ἀκόλουθον
1063 4933 1199 5005 πρὸς
1227 4932 1288 4986 τδ
1323 4932 1424 5002 τῆς
1456 4930 1696 5001 ἱστορίας
1727 4929 1854 4999 ἐξῆς

273 5032 434 5086 ῑέναι.

345 5123 486 5194 Φησὶ
516 5121 647 5194 γὰρ,
679 5121 753 5186 ὡς
792 5120 998 5192 ἐθίμως
1026 5120 1147 5174 κατ’
1177 5117 1420 5189 εὔσημόν
1459 5135 1580 5172 τινα
1607 5118 1716 5172 τῶν
1741 5121 1857 5189 ἐορο

271 5213 384 5269 τῶν
415 5215 745 5286 προσάγοντι
782 5213 851 5266 τὰ
875 5212 1048 5284 δῶρα,
1088 5214 1116 5266 ὁ
1162 5211 1313 5282 παρὰ
1351 5211 1461 5264 τῶν
1493 5209 1855 5280 συμφυλετῶν

271 5307 341 5361 δι’
376 5306 630 5360 ἀτεκνίαν
673 5303 938 5376 ἐπετρίὸη
977 5303 1302 5374 ὀνειδισμὸς.
1348 5306 1472 5358 Οὐκ
1508 5304 1716 5368 ἔξεστί
1757 5320 1858 5358 σει

273 5397 418 5470 γὰρ,
457 5397 622 5467 φησι,
665 5397 1096 5467 προσενεγκεῖν
1135 5396 1208 5450 τὰ
1250 5393 1409 5464 δῶρά
1446 5411 1565 5450 σου
1587 5436 1601 5460 ,
1649 5399 1857 5452 καθότι

277 5486 520 5558 σπέρμα
555 5490 664 5542 οὐκ
703 5488 1002 5557 ἐποίησας
1042 5489 1112 5544 ἐν
1162 5488 1432 5560 Ἰσραήλ.
1482 5489 1616 5544 Τινά
1653 5490 1711 5544 δὲ
1749 5490 1856 5544 τῶν

276 5579 660 5657 ἀντιγράφων,
685 5583 808 5637 Οὐκ
840 5581 1048 5647 ἔξεστί
1071 5596 1170 5637 σοι
1195 5581 1404 5650 πρώτῳ
1431 5580 1555 5656 [ἄλ.
1590 5583 1854 5658 πρῶτονῙ,

279 5680 531 5749 περιέχει
599 5675 1054 5746 προσενεγκεῖν.
1116 5677 1274 5741 Εἰκὸς
1330 5675 1461 5747 γοῦν
1527 5677 1693 5733 αὐτὸν
1760 5678 1855 5734 ἅτε

560 5768 830 5832 Ριιτιιοι..
883 5769 1000 5834 Gn.
1045 5769 1112 5834 C.

1957 4477 2105 4532 tione
2156 4476 2408 4532 ecitur.
2465 4475 2599 4532 Vide
2652 4486 2710 4532 ut
2749 4479 2802 4532 hi
2849 4479 3042 4533 merito
3070 4478 3240 4550 justis
3279 4481 3534 4538 omnibus

1955 4569 2198 4638 pOIiores
2225 4569 2398 4625 habiti
2435 4570 2564 4624 sint.
2597 4569 2727 4624 Dico
2763 4580 2945 4626 autem
2982 4571 3179 4628 merito
3204 4613 3219 4640 ,
3255 4590 3360 4628 non
3389 4578 3532 4644 quod

1955 4671 2165 4733 spectat
2196 4665 2264 4716 ad
2310 4663 2637 4718 sacramenti
2673 4665 2897 4729 donum,
2945 4673 3219 4738 (superat
3264 4667 3411 4722 enim
3441 4666 3536 4720 be-

1957 4755 2136 4810 neﬁcii
2172 4755 2495 4826 magnitudo
2531 4757 2952 4812 retributionem
3001 4758 3302 4828 operum),
3339 4757 3434 4814 sed
3477 4769 3536 4814 ut

1956 4849 2079 4918 quis
2107 4856 2318 4904 tantum
2349 4865 2472 4904 cum
2505 4847 2801 4922 gentilibus
2863 4849 2981 4904 suis
3025 4849 3276 4906 homines
3315 4866 3536 4922 ('Otnpa-

1956 4943 2178 4996 raverit.
2218 4942 2508 4997 Enimvero
2546 4950 2979 4997 consentaneum
3027 4951 3142 5009 est,
3179 4958 3238 4999 ut
3289 4961 3408 5014 qua:
3447 4947 3535 5002 hi-

1957 5033 2124 5089 storia
2154 5034 2412 5103 deinceps
2442 5035 2601 5088 habet
2625 5049 3040 5105 prosequamur.

2028 5129 2119 5180 Ait
2149 5126 2334 5196 itaque
2357 5165 2373 5191 ,
2407 5135 2466 5180 ut
2502 5126 2700 5182 illustri
2734 5131 2968 5198 quadam
3003 5131 3320 5190 celebritate
3344 5174 3362 5201 ,
3395 5135 3532 5191 dona

1956 5235 2021 5274 ex
2053 5234 2203 5292 more
2229 5217 2500 5285 otfcrenti,
2533 5220 2870 5277 contribules
2901 5223 2982 5278 sui
3026 5225 3369 5281 sterilitatem
3406 5241 3535 5294 pro-

1959 5312 2058 5366 bro
2091 5312 2412 5382 objecerint.
2453 5310 2576 5366 Non
2615 5312 2759 5368 enim
2787 5357 2802 5381 ,
2829 5315 3027 5386 inquit,
3060 5317 3182 5371 licet
3213 5317 3326 5381 tibi,
3367 5326 3421 5370 ut
3450 5315 3537 5385 af-

1959 5404 2098 5472 feras
2129 5411 2219 5456 tua
2259 5402 2419 5465 dona,
2453 5416 2512 5455 eo
2544 5402 2685 5470 quod
2713 5419 2816 5457 nou
2855 5401 3041 5472 feceris
3063 5419 3233 5457 semen
3259 5403 3314 5456 in
3344 5399 3537 5456 Israel.

1957 5497 2132 5553 Porro
2175 5496 2375 5551 habent
2423 5494 2666 5549 nonnulli
2707 5495 2969 5550 codices:
3019 5492 3144 5548 Non
3183 5493 3306 5546 licet
3361 5493 3454 5546 tibi
3486 5503 3539 5546 ut

1957 5591 2160 5659 primus
2209 5588 2421 5658 oﬂeras.
2460 5587 2782 5644 Verosimile
2815 5587 2998 5656 itaque
3036 5586 3286 5641 videatur
3329 5583 3540 5651 virum,

1963 5680 2398 5755 utpotcjustum,
2431 5695 2492 5737 ac
2537 5679 2735 5753 duplici
2785 5679 3128 5738 honestatum
3178 5677 3536 5750 ingenuitate,

3147 5768 3225 5832 Il!!-
