3970 6212
226 307 356 374 1389

228 410 630 488 despectionem
706 411 980 479 ostendit;
1038 412 1234 466 nedum
1297 409 1416 477 ejus
1487 400 1865 479 temporibus,

221 505 528 576 adimpletio
567 505 730 559 ardua
759 513 908 568 erat,
947 517 1012 558 ac
1040 500 1316 557 diliicilis?

1036 303 1120 366 1N
1163 304 1266 366 ss.
1311 266 1678 364 animus
1707 297 2298 364 CONCEPTIONEM
2336 297 2432 358 ET
2470 295 2642 358 NAT.

3358 292 3496 357 1390

1928 421 2052 462 eum
2117 403 2204 460 vel
2267 403 2601 462 modicarum
2666 415 2733 458 ac
2801 399 3166 475 legitimarum
3227 401 3497 459 virtutum

287 599 402 654 Καὶ
461 598 746 670 παρείσθω
806 597 937 662 νῦν,
996 594 1064 649 τὰ
1113 593 1257 649 κατά
1303 591 1395 646 τὸν
1451 589 1850 664 πατριάρχηνλ

1983 589 2262 660 Missaque
2323 587 2378 642 in
2457 587 2876 659 praesentiarum
2933 592 3098 642 sunto
3171 587 3500 656 patriarihm

235 692 510 764 Ἁϐραάμ.
569 687 982 763 ’Υπεξῃρῆσθαι
1024 688 1133 759 γὰρ
1173 686 1252 757 τῷ
1284 702 1346 738 τε
1391 685 1568 756 χρόνῳ
1599 683 1696 740 καὶ
1728 681 1806 754 τῷ

1923 683 2148 737 Ahrahm
2177 681 2442 752 praeclare
2465 687 2646 751 gesta,
2665 677 2928 736 Videatur
2951 680 3169 752 quidem
3198 680 3494 748 nonnullis,

225 787 322 856 τῆς
391 781 744 853 δικαιοσύνης
793 779 1155 852 ἀνεστηκότι,
1201 779 1278 842 ὡς
1312 777 1422 832 τῶν
1468 778 1658 844 πάλαι,
1710 777 1809 831 καὶ

1923 791 2033 830 :um
2079 774 2392 844 antiquiore
2435 789 2591 839 avo,
2631 782 2748 828 tum
2773 773 3004 842 iustitiae
3037 774 3384 843 prtestantia,
3419 776 3500 830 uti

225 877 412 934 τούτου
442 875 646 940 δόξειεν
675 874 740 928 ἄν
759 889 878 926 ητισι
897 889 912 905 ο
941 871 1080 942 πλὴν
1113 871 1162 924 εί
1191 869 1286 924 κα)⁸
1303 869 1474 925 ταῦτα
1503 886 1591 934 τις
1617 867 1808 936 ἀντεξ-

229 971 442 1034 ετάζειν
499 965 766 1038 βούλοιτο,
829 962 1034 1035 πολλὴν
1091 961 1158 1016 ἂν
1213 962 1312 1034 τὴν
1379 957 1656 1034 ὑπερὸχὴν
1698 960 1809 1016 τῶν

228 1057 608 1132 προκειμένων
629 1055 940 1125 κατόψοιτο.
971 1053 1196 1124 Ἑκείνῳ
1223 1053 1324 1124 μὲν
1356 1053 1488 1124 γὰρ,
1517 1053 1554 1122 ἦ
1585 1069 1644 1106 τε
1671 1069 1808 1123 μετ-

1913 867 2196 924 veterihus
2234 866 2380 932 aliis,
2411 867 2486 920 ita
2509 875 2564 922 et
2597 867 2714 922 viro
2747 867 2903 922 nobis
2927 868 3226 937 proposito,
3257 867 3502 938 potiores

1915 958 2094 1028 ferre;
2148 968 2207 1014 ut
2241 968 2422 1014 tamen
2478 958 2605 1030 quis
2659 973 2728 1012 ex
2781 959 3014 1014 adverso
3052 973 3386 1027 componere
3441 960 3500 1016 in

1913 1049 2156 1105 animum
2213 1049 2476 1117 inducat,
2535 1049 2767 1104 multum
2831 1065 3017 1106 rerum
3089 1052 3500 1122 propositarum

235 1150 532 1220 ανάστασις
554 1185 570 1209 ,
635 1146 735 1200 καὶ
771 1147 806 1216 ή
844 1145 902 1198 ἐν
929 1141 1014 1208 οἷς
1046 1143 1113 1198 ἂν
1156 1143 1550 1216 παροικήσειεν
1599 1142 1810 1215 ἐρρήθη

1923 1156 2196 1199 excessum
2231 1141 2584 1212 perspexerit.
2615 1140 2751 1197 Nam
2773 1141 2850 1198 illi
2875 1143 3117 1214 quidem,
3146 1159 3272 1198 cum
3303 1145 3504 1215 migra-

228 1242 332 1313 γῆ.
369 1239 449 1293 ἔτι
502 1238 610 1310 μὴν
632 1275 648 1300 ,
680 1237 776 1290 καὶ
807 1237 840 1306 ή
886 1237 986 1307 τῆς
1018 1233 1278 1299 ἀπαιδίας
1327 1235 1422 1290 καὶ
1469 1233 1813 1306 στειρὼσεως

229 1335 325 1404 τῆς
347 1331 566 1402 Σάρρας
583 1328 761 1396 λύσις,
785 1327 892 1380 ὑπὸ
915 1325 1010 1380 τοῦ
1028 1325 1298 1396 ἀψευδοῦς
1322 1324 1775 1398 προεπήγγελται
1793 1339 1810 1356 ο

232 1423 372 1492 ἅπερ
400 1422 467 1493 δὴ
496 1421 747 1491 κατέχων
775 1417 1091 1491 ὑποσχέσει,
1118 1409 1219 1488 τὴν
1250 1416 1350 1489 μὲν
1373 1417 1569 1472 ἐλπίδα
1591 1417 1812 1488 ἔτρεφε,

231 1516 329 1586 τὴν
361 1513 420 1566 δὲ
447 1511 678 1584 γνώμην
719 1511 857 1582 πρὸς
891 1509 991 1580 τὴν
1021 1507 1093 1562 δι’
1127 1508 1402 1578 αίτήσεως
1436 1507 1812 1578 ἐψυχαγώγει.

234 1604 298 1657 Τί
355 1591 465 1674 γὰρ
521 1601 588 1656 ἂν
647 1599 1015 1671 εὐθυμότερον
1065 1597 1168 1670 τῆς
1215 1599 1568 1670 ὑποσχέσεως
1619 1597 1814 1670 ὀφθείη

233 1693 391 1749 Θεοῦ.
439 1693 497 1747 '0
536 1692 616 1756 δέ,
649 1681 1074 1760 ἀνεπαγγέλτως
1109 1687 1212 1760 μὲν
1257 1689 1410 1762 παρά
1455 1687 1551 1742 τοῦ
1585 1685 1816 1742 δυνατοῦ

239 1787 417 1842 πάντα
453 1785 524 1840 τὰ
568 1785 644 1857 μὴ
687 1783 891 1838 δυνατὰ
933 1781 1332 1853 περαιοῦσθαι,
1377 1780 1474 1834 καὶ
1513 1767 1612 1852 τὴν
1655 1780 1817 1852 φύσιν

241 1874 780 1950 μεταρυθμίζεσθαι,
833 1871 1170 1939 πιστεύσας,
1206 1870 1342 1942 πρὸς
1388 1870 1571 1941 ἀφανῆ
1621 1869 1679 1924 δὲ
1719 1868 1818 1940 τὴν

1915 1235 1995 1290 tio
2025 1273 2042 1300 ,
2075 1243 2186 1290 tum
2221 1244 2369 1290 terra
2403 1249 2508 1305 qua
2540 1232 2758 1290 futurus
2805 1245 2927 1292 erat
2975 1235 3164 1291 accola
3185 1273 3201 1302 ,
3241 1237 3501 1307 praedicta

1917 1325 2134 1394 fuerat;
2187 1325 2284 1382 sed
2317 1335 2374 1382 et
2417 1325 2600 1382 futura
2636 1325 3048 1384 infecunditatis
3093 1341 3156 1384 ac
3199 1328 3505 1384 sterilitatis

1918 1419 2066 1476 Sara:
2095 1418 2317 1484 solutio,
2337 1419 2568 1491 veracis;
2583 1418 2679 1476 Dei
2707 1419 2931 1476 oraculo
2951 1421 3314 1491 praenuntiata
3339 1432 3458 1478 erat
3483 1437 3502 1488 ;

1916 1527 2091 1584 eaque
2125 1513 2172 1568 is
2205 1513 2570 1584 promissione
2605 1523 2826 1578 tenens,
2873 1521 2928 1569 et
2959 1528 3111 1584 spem
3142 1513 3350 1579 alebat,
3379 1514 3500 1570 ani-

1919 1617 2176 1674 mumque
2202 1617 2301 1674 per
2328 1603 2632 1659 orationem
2660 1603 2750 1658 illa
2783 1603 3118 1662 oblectabat.
3155 1605 3295 1674 Quid
3325 1608 3500 1673 enim,

1902 1708 2086 1774 lrogo,
2113 1693 2295 1749 divina
2343 1695 2708 1766 promissione
2735 1694 3030 1769 jucundius
3076 1697 3248 1754 videri
3292 1700 3504 1768 queat?
3612 1761 3621 1776 ι

1917 1785 2163 1842 Joachlm
2188 1799 2322 1843 vero
2341 1825 2358 1851 ,
2400 1786 2549 1842 nulla
2577 1786 2646 1842 ab
2683 1801 2750 1843 eo
2781 1797 3004 1859 accepta
3036 1790 3422 1858 promissione,
3451 1789 3506 1846 ei

1921 1878 2278 1949 commgdans
2338 1877 2502 1933 [idem
2529 1916 2544 1944 ,
2598 1878 2692 1949 qui
2757 1879 3190 1950 impossibilibus
3245 1881 3502 1942 omnibus

239 1968 404 2024 αὐτοῦ
431 1966 777 2039 προμήθειαν
809 1963 881 2018 τὰ
903 1963 1002 2033 τῆς
1031 1961 1246 2027 ἐλπίδος
1281 1960 1522 2034 ἐρείσας,
1555 1959 1699 2015 οῦτω
1723 1961 1818 2015 καὶ

1923 1971 2126 2027 exitum
2155 1971 2288 2028 dare
2307 1987 2416 2039 ,.ac
2445 1982 2698 2028 naturam
2739 1983 2918 2044 potest
2951 1973 3290 2042 reformare;
3321 1991 3508 2047 spem-

241 2059 338 2130 τήν
361 2057 471 2112 τῶν
511 2054 732 2110 οἰκείων
757 2053 1088 2118 διάστασιν,
1134 2052 1232 2106 καὶ
1260 2051 1360 2122 τὴν
1404 2049 1644 2122 ἔμμονον
1681 2051 1819 2122 πρὸς

239 2149 401 2204 αὑτὸν
431 2146 499 2201 δι’
551 2145 850 2213 ἐντεύξεως
884 2146 1122 2200 ποιεῖται
1159 2143 1400 2224 ὁμιλίαν.
1449 2143 1562 2198 Καὶ
1597 2146 1628 2198 ό
1681 2143 1820 2215 μέν,

240 2241 540 2310 τεκμήριον
587 2237 693 2308 τῆς
734 2253 795 2290 τε
846 2235 1234 2307 κατασχέσεως
1278 2236 1378 2308 τῆς
1420 2235 1559 2306 γῆς,
1595 2235 1822 2304 καὶτῆς

245 2329 338 2383 τοῦ
402 2328 597 2398 γένους
643 2325 938 2389 ἐπιδόσεως
984 2325 1154 2378 δεῖται
1201 2323 1320 2398 [καὶ
1353 2327 1460 2397 ὅτῳ
1514 2325 1702 2396 τρόπῳ
1754 2324 1822 2380 τὰ

243 2420 691 2490 ἐπαγγελλόμενα
718 2415 1061 2489 πληρωθεῖεν
1093 2416 1432 2488 siderei-sat}
1463 2419 1492 2471 ὁ
1521 2417 1598 2484 δὲ,
1634 2417 1824 2489 ὥσπερ

245 2515 304 2568 ἐν
327 2516 396 2586 τῇ
423 2513 556 2584 εὐχῇ
576 2511 637 2566 τὸ
665 2509 1061 2574 ἀνενδοίαστον,
1090 2507 1234 2563 οὕτω
1266 2509 1360 2564 καὶ
1391 2513 1449 2562 ἐν
1493 2509 1570 2580 τῷ
1595 2511 1676 2573 είς
1701 2510 1822 2575 ⁸ἐπ-

247 2609 412 2680 ήκοον
425 2605 807 2678 ἀνενεχθῆναι,
836 2604 932 2659 καὶ
961 2605 1055 2657 ὑπέ
1083 2602 1324 2672 ἀγγέλου
1351 2603 1443 2657 τὸν
1471 2604 1634 2657 τόκον
1660 2603 1828 2670 slay-

247 2697 565 2770 γελισθῆναὶ
590 2739 605 2764 ,
644 2699 746 2770 οὐχ
773 2697 849 2760 ὡς
889 2697 954 2752 ἂν
997 2695 1194 2767 ἐκϐαίη
1226 2695 1290 2748 τὸ
1333 2693 1827 2765 εὐαγγελιζόμενον

247 2795 509 2856 αἰτεῖται,
541 2779 766 2858 ούδέγε
790 2789 864 2843 τὰ
884 2786 1150 2862 δηλοῦντα
1185 2789 1390 2859 σημεῖα
1435 2787 1534 2857 τῆς
1572 2784 1830 2839 ἀσθενού-

253 2900 351 2954 σης
383 2881 600 2952 φύσεως
632 2881 731 2952 τὴν
761 2882 926 2946 ίασιν,
971 2879 1246 2949 ἐπιζητεῖ.
1294 2878 1382 2942 Ὠς
1410 2876 1521 2949 γὰρ
1551 2876 1828 2948 πλήρωμα

247 2975 310 3028 τὸ
361 2975 590 3045 μήνυμα
636 2971 924 3042 κατασχὼν
977 2969 1072 3024 τοῦ
1107 2968 1365 3043 καθαρῶς
1405 2967 1644 3040 ὀφθῆναι
1681 2969 1831 3040 μόνῳ

247 3067 392 3138 Θεῷ,
425 3067 516 3120 καὶ
547 3066 684 3138 μετά
712 3067 811 3138 τὴν
839 3063 936 3118 τοῦ
979 3065 1141 3118 τόκου
1177 3063 1554 3136 πληροφορίαν
1583 3061 1696 3135 [γρ.
1730 3063 1830 3131 τῆς

249 3159 655 3231 πληροφορίας]
713 3154 1148 3226 κατεστοχάζε.το
1202 3157 1426 3227 σημεῖα.
1501 3153 1664 3210 Ἀλλά
1721 3153 1832 3221 γὰρ

249 3255 344 3308 καὶ
364 3253 426 3306 τδ
453 3255 551 3323 τῆς
581 3251 789 3315 θυσίας,
827 3247 1060 3302 ἐνταῦθα
1096 3246 1573 3318 προσκαλούμενον
1632 3245 1825 3310 ἐξετα-

251 3344 450 3416 σθῆναι
481 3340 810 3412 παράδοξον,
844 3339 1033 3394 ἐατέον
1053 3355 1067 3371 ·
1106 3339 1256 3402 ὅπως
1281 3339 1378 3408 μὲν
1405 3339 1613 3402 ἐκεῖνος
1655 3353 1828 3408 προσ-

1857 3297 1904 3358 C

1921 2081 2028 2138 que
2062 2080 2218 2121 suam
2263 2065 2317 2121 in
2360 2065 2573 2121 occulta
2605 2065 2725 2137 ejus
2767 2067 3106 2137 providentia
3154 2069 3366 2124 ﬁrmam
3407 2069 3506 2124 ha-

1921 2158 2078 2222 bens,
2111 2173 2234 2214 cum
2265 2173 2326 2214 se
2355 2173 2388 2212 a
2417 2158 2736 2214 domesticis
2775 2159 3077 2228 abstrahit,
3112 2168 3510 2231 tum‘persevc-

1925 2249 2063 2303 ranti
2113 2247 2514 2318 supplicatione
2563 2248 2619 2302 in
2656 2247 2855 2305 divinis
2899 2249 3190 2320 colloquiis
3240 2253 3374 2319 agit.
3427 2250 3507 2307 Ac

1923 2337 2197 2394 Abraham
2233 2337 2448 2406 quidem
2499 2338 2869 2394 necessarium
2905 2339 3070 2394 habet
3096 2339 3346 2410 signat,
3380 2355 3508 2395 cum

1927 2427 2124 2483 futurae
2147 2427 2516 2498 possessionis
2549 2436 2710 2483 terra:
2731 2469 2748 2496 ,
2781 2438 2893 2484 tum
2929 2429 3206 2502 augmenti
3240 2431 3461 2500 generis
3485 2472 3504 2498 ,

1926 2529 1991 2570 ac
2015 2515 2240 2570 modum
2275 2530 2382 2586 quo
2411 2515 2606 2570 divina:
2637 2517 3028 2586 promissiones
3057 2518 3343 2590 implendas
3373 2520 3508 2588 sint,

1927 2607 2164 2676 exquirit
2190 2624 2206 2663 :
2232 2605 2481 2664 Joachim
2517 2623 2683 2676 vero,
2731 2609 2810 2666 uti
2845 2609 3126 2667 indubiam
3159 2613 3214 2668 in
3256 2612 3511 2670 oratione

1929 2707 2166 2756 mentem
2211 2700 2560 2767 ostenderat,
2611 2701 2683 2758 ita
2718 2711 2774 2758 et
2819 2703 2909 2758 ubi
2949 2701 3144 2760 luisset
3181 2705 3510 2774 exauditus,

1931 2790 2245 2862 bonumque
2276 2793 2345 2848 ab
2373 2792 2568 2864 angelo
2601 2793 2893 2853 nasciturze
2927 2795 3096 2866 prolis
3127 2797 3380 2852 nomium
3415 2812 3511 2853 ac-

1931 2883 2207 2952 cepisset,
2255 2883 2677 2956 haudquaquam
2727 2895 2786 2940 ut
2841 2885 3036 2944 faustte
3079 2889 3511 2946 aununtiatiouis

1933 2972 2080 3029 illius
2107 2982 2338 3031 eventus
2364 2976 2439 3032 sit
2463 2977 2752 3035 habiturus
2774 3017 2790 3044 ,
2819 2989 2997 3051 rogat,
3038 2993 3139 3036 nec
3173 2995 3303 3036 vero
3332 2981 3510 3051 signa,

1932 3067 2132 3136 quibus
2153 3065 2336 3123 futura
2358 3078 2570 3126 natura
2597 3071 2812 3126 sanatio
2840 3073 2916 3128 sit
2945 3070 3296 3142 declaranda,
3321 3075 3510 3144 exqui-

1935 3157 2028 3212 rit.
2065 3156 2227 3213 Velnt
2256 3161 2403 3215 enim
2438 3177 2552 3216 rem
2576 3161 3080 3237 jamladimpletam
3113 3165 3340 3230 habens,
3370 3167 3512 3236 quod

1935 3259 2125 3320 aperte
2153 3251 2252 3304 soli
2284 3251 2395 3305 Deo
2419 3253 2594 3308 visum
2621 3265 2790 3319 esset,
2810 3254 3172 3324 signiﬁcatum
3197 3267 3368 3321 esset,
3389 3274 3514 3312 cum

1935 3349 2083 3394 certa
2115 3337 2310 3394 futura:
2335 3342 2504 3408 prolis
2527 3343 2902 3411 persuasione,
2931 3344 3086 3413 signa
3115 3359 3334 3416 quoque
3357 3347 3512 3416 plane

243 3436 438 3503 τάξει,
491 3433 960 3506 αὐτοπροαίρετος
995 3432 1054 3486 δὲ
1099 3425 1252 3494 οὗτος
1321 3429 1686 3502 ἱερούργησεο
1743 3429 1838 3482 καὶ

1933 3431 2294 3500 conjectabat.
2335 3433 2440 3488 Sed
2479 3442 2537 3488 et
2580 3433 2914 3490 admirandae
2960 3435 3104 3492 illius
3134 3437 3369 3493 victima:
3408 3439 3512 3494 huc

252 3528 522 3599 μονογενῆ
564 3505 700 3598 μὲν,
748 3524 974 3596 κυρίως,
1019 3516 1179 3587 οὗτος
1201 3537 1218 3556 ο
1253 3523 1460 3586 ἐκεῖνος
1495 3521 1552 3576 δὲ
1574 3561 1590 3586 ,
1627 3519 1706 3591 τῷ
1735 3523 1837 3593 τῆς

1935 3520 2037 3577 loci
2069 3523 2302 3577 accitum
2338 3537 2594 3591 examen,
2624 3525 2990 3579 omittendum
3044 3525 3118 3580 sit
3150 3544 3164 3582 :
3203 3536 3264 3582 ut
3294 3528 3512 3599 quidem

250 3619 589 3688 ἐπαγγελίας
627 3617 772 3686 λόγῳ
791 3631 804 3646 ·
838 3617 936 3671 καὶ
965 3617 1048 3670 ὅτι
1077 3613 1362 3687 προσάξας
1391 3613 1490 3684 μὲν
1517 3615 1748 3677 ἐκεῖνος,
1775 3613 1838 3666 τὸ

1932 3611 2248 3675 Abraham,
2301 3609 2486 3667 divina
2539 3609 2831 3680 jussione,
2871 3610 3120 3667 .Ioachim
3177 3625 3360 3669 autem
3413 3629 3512 3668 sua

251 3712 453 3782 ἱερεῖον
481 3709 929 3780 ἀντικομίζεται»
955 3701 1110 3774 οὗτος
1138 3706 1195 3760 δὲ
1223 3704 1302 3778 τῷ
1323 3706 1438 3759 ὄντι
1464 3705 1834 3777 καθιερώσας,

1935 3701 2052 3771 ipse
2085 3709 2303 3772 sponte,
2337 3702 2772 3771 sacriﬁcaverit;
2803 3715 2966 3774 atque
2994 3703 3088 3760 hic
3121 3703 3362 3776 quidem,
3397 3707 3512 3760 uui-

246 3803 639 3866 ὡλοκαύτωσε,
679 3801 774 3855 καὶ
815 3800 1054 3865 ἀποδοὺς
1087 3799 1392 3872 ἀνήνεγκε·
1427 3798 1526 3853 καὶ
1561 3799 1834 3870 πατριάρ-

1940 3805 2134 3862 genam
2181 3791 2428 3848 absolute
2459 3791 2702 3862 prolem,
2753 3792 2844 3849 ille
2873 3793 3176 3872 duntaxat,
3211 3793 3396 3852 habita
3431 3809 3512 3849 ra-

245 3912 354 3968 χην
385 3895 485 3966 μὲν
511 3894 677 3958 αὐτὸς
707 3894 914 3964 φυλῶν,
943 3893 1039 3949 καὶ
1066 3893 1276 3948 δίκαιον
1301 3910 1316 3926 ·
1355 3893 1568 3964 μητέρα
1589 3891 1649 3946 δέ
1679 3883 1833 3955 οὗτος

247 3987 424 4054 Θεοῦ,
491 3988 586 4042 καὶ
653 3987 1006 4058 δικαιοτάτην
1085 3985 1443 4056 πατριαρχῶν
1509 3983 1829 4038 Δέσποιναν.

1937 3973 2213 4028 victimam
2242 3971 2524 4041 retulerit,
2557 3973 2648 4030 hic
2678 3983 2860 4030 autem
2881 4013 2898 4041 ,
2930 3989 3123 4032 revera
3163 3977 3512 4032 sacriﬁcave-

246 4079 520 4148 Κρείττον
552 4077 695 4150 γὰρ,
731 4078 792 4130 οὐ
828 4079 929 4148 τῆς
971 4075 1294 4150 παρούσης,
1325 4073 1462 4129 ἀλλὰ
1503 4073 1600 4128 καὶ
1651 4072 1834 4144 πάσης

1935 4065 2044 4129 rit,
2077 4065 2418 4137 reddensque
2457 4079 2522 4123 ac
2571 4067 2830 4124 addicens
2866 4065 3016 4132 Deo,
3049 4068 3102 4123 iu
3135 4069 3513 4125 holocaustum

244 4169 735 4239 ἀντιπαραθέσεως
771 4169 833 4222 τὸ
875 4168 1208 4240 ἐγχείρημα.
1255 4167 1419 4239 Ὁρᾷς
1441 4167 1603 4220 ὁποῖα
1633 4164 1702 4219 τὰ
1733 4163 1830 4218 τοῦ

1934 4157 2199 4214 obtulerit
2230 4172 2246 4211 :
2283 4173 2349 4213 ac
2397 4157 2502 4214 ille.
2526 4158 2782 4229 quidem',
2825 4160 3062 4216 tribuum
3101 4162 3512 4232 patriarcham;

243 4260 461 4316 δικαίου
493 4259 687 4314 τούτου
719 4257 1002 4330 παρήλασε
1035 4258 1508 4328 πλεονεκτήματα.

1934 4249 2025 4306 hic
2054 4257 2260 4316 autem,
2297 4249 2392 4306 Dei
2425 4259 2731 4322 parentem,
2773 4267 2838 4308 ac
2869 4254 3302 4324 patriarcharum
3351 4255 3518 4308 meri-

245 4355 526 4411 tissimam
559 4353 870 4409 Dominam.
924 4353 1094 4408 Plane
1120 4353 1265 4408 enim
1291 4389 1308 4416 ,
1345 4353 1541 4406 nedum
1575 4348 1828 4421 praesnti
1869 4347 2010 4411 hac,
2065 4345 2177 4403 sed
2241 4354 2298 4402 et
2329 4346 2475 4402 onmi
2511 4347 2735 4404 omnino
2765 4348 3174 4435 comparatione
3208 4359 3415 4405 tantum
3448 4350 3516 4406 il-

247 4446 346 4502 lud
383 4447 594 4502 facinus
630 4445 806 4516 majus
866 4445 1118 4502 exsistat.
1193 4444 1358 4499 Vides
1394 4451 1614 4514 quantm
1675 4442 1810 4514 justi
1876 4441 2038 4514 hujus
2093 4441 2468 4512 praerogativae
2527 4441 2842 4514 eximiaque
2900 4453 3227 4498 ornamenta
3289 4445 3517 4515 pra-cel-

247 4541 392 4596 lant.

321 4629 430 4684 Θέσ
465 4628 529 4700 δὴ
563 4630 659 4683 καὶ
683 4629 783 4702 τὴν
833 4631 893 4684 ἐν
916 4632 982 4702 τῇ
1011 4631 1205 4702 ἐρήμῳ
1229 4628 1535 4702 διατριϐὴν,
1567 4628 1664 4682 καὶ
1688 4627 1828 4700 ὑπὲρ

2004 4625 2141 4684 Vide
2173 4641 2336 4698 porro
2391 4625 2510 4695 ejus
2543 4627 2596 4682 in
2635 4625 2852 4682 deserto
2887 4643 3117 4694 moram,
3167 4643 3231 4684 ac
3255 4629 3516 4700 majorem

243 4721 352 4794 τὴν
382 4721 550 4792 φύσιν
575 4721 894 4794 καρτερίαν,
932 4723 999 4793 ήν
1029 4720 1328 4791 ἀγγελικὴν
1359 4719 1625 4791 προσήκει
1653 4717 1836 4786 λέγειν

1937 4733 2100 4788 quam
2141 4733 2238 4790 pro
2268 4719 2503 4774 humana
2549 4720 2756 4774 ratione
2799 4721 3264 4790 perseverantiam
3309 4722 3514 4792 (quam

1939 3879 2088 3935 tione
2135 3880 2560 3950 promissionis:
2613 3891 2671 3937 ut
2721 3883 2852 3938 item
2885 3871 2977 3938 ille
3007 3898 3131 3938 cum
3183 3884 3513 3948 obtulisset,
3623 3921 3637 3932 .

243 4813 550 4884 διαγωγὴν,
607 4811 685 4877 ὡς
729 4812 856 4884 ξένη
907 4813 1006 4866 καὶ
1058 4811 1434 4883 ἀκατάλληλος
1455 4851 1470 4877 ,
1509 4811 1577 4882 τῇ
1624 4825 1685 4863 τε
1723 4807 1834 4862 τῶν

1937 4811 2094 4882 plane
2121 4812 2421 4884 angelicam
2457 4812 2578 4867 vita:
2632 4812 2900 4868 rationem
2952 4814 3150 4870 merito
3191 4815 3515 4888 dicamus),
3624 4835 3634 4840 ·

246 4907 596 4978 πραγμάτων
646 4907 740 4960 καὶ
785 4905 964 4976 λόγων
1001 4905 1460 4980 ἀντιπαραθέσει,
1499 4903 1830 4973 καθέστηκε.

1935 4909 1996 4956 ut
2029 4913 2166 4957 nova
2217 4917 2281 4957 ac
2324 4901 2606 4968 insolens,
2651 4917 2831 4956 rerum
2865 4903 3072 4972 pariter
3117 4906 3518 4978 verborumque

245 4997 675 5066 Τεσσαράκοντα
703 4998 812 5069 γάρ
841 4996 1056 5068 ἡμέρας
1087 4999 1183 5051 καὶ
1202 4996 1404 5060 νύκτας
1427 4993 1618 5049 τοῦτον
1645 4993 1831 5049 ἄσιτον

1940 4995 2374 5067 comparatione,
2408 4995 2692 5052 eﬂulserit.
2743 4995 2834 5050 Ait
2867 4997 3065 5068 quippe
3112 4999 3188 5054 rei
3231 5010 3396 5072 gesta:
3437 5003 3520 5057 bi-

241 5088 602 5144 διατελοῦντα
629 5131 644 5156 ,
674 5087 1162 5162 προσκαρτερῆσαί
1195 5105 1362 5159 φησιν
1409 5089 1442 5160 ή
1475 5085 1686 5158 ἱστορία
1760 5087 1828 5156 τῇ

1940 5089 2144 5152 storis,
2193 5088 2551 5159 quadraginta
2610 5087 2729 5142 dies
2791 5103 2857 5143 ac
2914 5091 3274 5162 quadraginta
3327 5105 3518 5148 noctes

241 5182 453 5251 δεήσει,
485 5181 620 5253 μόνῃ
649 5183 713 5252 τῇ
743 5183 820 5246 είς
866 5180 1001 5254 Θεὸν
1029 5180 1205 5235 ἐλπίδι
1253 5179 1611 5252 τρεφόμενον.
1659 5176 1829 5244 Ἐνῆ-

1933 5177 2176 5249 jejunum
2205 5193 2584 5250 perseverasse
2615 5180 2666 5235 in
2694 5181 2960 5246 oratione,
2987 5197 3110 5238 cum
3147 5181 3362 5238 interim
3389 5200 3516 5256 Spes

243 5288 477 5328 ater-0's
543 5272 654 5344 γὰρ
697 5271 918 5343 ἡμέρας
949 5272 1048 5328 καί
1067 5272 1292 5338 νύκτας
1334 5268 1786 5340 τεσσαράκοντα
1810 5310 1828 5334 ,

1939 5271 1992 5326 in
2014 5271 2179 5326 Deum
2199 5270 2310 5327 sola
2331 5271 2524 5327 aleret.
2549 5270 2822 5342 Jejunnvit
2848 5275 3114 5344 siquidem
3155 5275 3516 5346 quadraginta

240 5365 486 5436 λέγων’
516 5367 598 5420 οὺ
648 5363 1063 5434 καταϐήσομαι
1106 5362 1228 5436 [ἄλ.
1278 5360 1652 5435 ἀναϐήσομαι]
1691 5363 1834 5417 οὔτε

1927 5361 2040 5415 dies
2075 5377 2135 5414 ac
2170 5368 2374 5424 noctes,
2409 5360 2627 5416 dicens:
2659 5359 2783 5417 Non
2813 5363 3126 5418 descendam
3164 5365 3240 5418 vel
3269 5376 3324 5417 ut
3359 5379 3518 5416 mart-

237 5454 642 5525 ἐπὶ.,ϐρωτὸν,
674 5456 813 5510 οὔτε
846 5454 946 5508 ἐπὶ
969 5455 1175 5508 ποτόν.
1215 5451 1389 5506 Τοῦτο
1421 5451 1533 5505 τῶν
1570 5453 1669 5524 μὲν
1700 5452 1829 5524 παρ’

1929 5451 2134 5517 ducem,
2170 5452 2248 5506 vel
2291 5463 2345 5506 ut
2393 5453 2590 5511 bibam.
2629 5456 2857 5523 Quidam
2897 5458 3034 5526 apud
3072 5471 3174 5510 nos
3204 5455 3510 5524 plusculum

237 5549 383 5618 ἡμῖν
429 5547 960 5619 ἀγωνιστικωτέρων
1008 5545 1142 5610 τισὶ,
1201 5543 1530 5615 παράδοξονο
1577 5544 1690 5597 τισὶ
1737 5543 1830 5611 δὲ,

1929 5544 2289 5608 contentiosi,
2321 5545 2462 5600 haud
2504 5549 2636 5602 satis
2677 5549 2878 5603 habere
2918 5548 3076 5602 ﬁdem
3103 5589 3118 5612 ,
3155 5565 3268 5603 rem
3313 5550 3510 5606 existi-

239 5634 343 5689 καὶ
403 5637 690 5706 ἀμήχανον
755 5635 1039 5706 ἀνεκρίθη.
1086 5633 1260 5706 Ὑπὲρ
1315 5633 1424 5703 γὰρ
1479 5631 1830 5704 ἀνθρωπίνην

1933 5643 2118 5702 ruant;
2171 5635 2392 5706 quidam
2442 5653 2572 5696 vero
2599 5642 2761 5696 etiam
2811 5638 3200 5716 impossibilem
3237 5639 3505 5709 judicaut.

243 5725 406 5797 ἰσχὺν
453 5727 517 5782 τὸ
566 5727 916 5800 κατόρθωμα·
963 5728 1060 5782 τοῦ
1095 5727 1194 5798 τῆς
1237 5723 1453 5796 φύσεως
1507 5725 1674 5797 μόνου
1727 5728 1831 5798 Δη-

1933 5723 2066 5781 Nam
2109 5727 2274 5786 vincit
2312 5730 2523 5788 facinus
2566 5732 2860 5788 humanam
2891 5733 3147 5791 virtutem
3195 5751 3208 5792 :
3243 5735 3362 5794 solo
3407 5752 3506 5794 na-
