4002 6232
279 333 416 400 1393
1093 346 1180 408 ΙΝ
1218 347 1322 409 SS.
1364 343 1718 407 DElPAR/E
1754 343 2336 406 CONCEPTIONEM
2374 339 2471 405 ET
2509 343 2685 410 NAT.
3401 347 3536 412 139i
3571 365 3577 372 '

273 457 381 512 τῶν
409 456 546 510 ὅλων
577 456 892 530 ἀναπέμπει
921 460 1076 532 Θεῷ,
1119 461 1259 516 ἀλλά
1293 461 1569 532 ἀτάραχόν
1597 477 1718 514 τινα
1763 457 1853 512 καὶ

1960 459 2200 530 quietum
2235 471 2300 514 ac
2345 459 2612 514 remotum
2641 472 2669 512 a
2707 457 2880 514 turbis
2911 464 3104 528 petens
3141 457 3284 514 horti
3317 458 3530 529 locum,

273 549 722 622 ἀπερικτύπητον
785 553 879 608 τὸν
937 555 1032 608 τού
1086 555 1420 626 παραδείσου
1473 551 1853 607 καταλαϐοῦσα

1949 551 2012 605 in
2049 565 2131 616 eo,
2172 550 2320 604 velut
2365 549 2497 605 nihil
2543 553 2796 619 suspecto
2829 549 3114 614 cubiculo,
3163 551 3376 607 occulte
3409 567 3529 608 eam

276 641 478 712 χῶρον,
535 643 592 694 ἐν
641 641 818 714 τούτῳ
871 643 1122 717 καθάπερ
1173 646 1526 716 ἀνυπονοήτῳ
1578 643 1812 714 ταμιείῳ
1839 683 1854 709 ,

1958 653 2149 698 ηιωειει
2194 641 2378 698 animo
2418 644 2720 710 praetendit.
2754 643 2888 698 Cum
2929 643 3074 698 enim
3123 645 3288 700 corde
3337 661 3537 702 conce-

275 732 522 801 κρυφίως
569 733 773 804 ταύτην
812 735 1122 806 ea..vaqu
1153 736 1491 805 προύτεινεν.
1539 736 1855 804 Ἐγκάρδιον

1959 745 2102 804 ptam
2165 749 2228 790 ac
2286 727 2558 805 longiores
2598 735 2898 790 ‘habentem
2947 751 3167 803 moras,
3230 739 3533 791 orationem

276 826 387 894 γὰρ
416 829 510 878 καὶ
534 826 781 891 πλείονος
821 827 1083 899 δεομένην
1111 829 1467 898 ἐκμελετῶσα
1489 829 1581 882 τοῦ
1620 828 1814 899 χρόνον
1839 867 1854 893 ,

1959 823 2330 888 meditaretur,
2356 825 2529 880 noluit
2553 824 2608 879 in
2633 826 2901 896 publicum
2933 827 3246 882 illusoribu.
3267 826 3531 896 proferre.

275 917 376 969 οὐκ
403 916 481 978 είς
505 917 739 988 φανερὸν
773 921 1004 988 προάγει
1031 923 1143 982 τοῖς
1164 919 1506 984 ὀνειδίζουσι.
1533 917 1720 988 Μέθην
1749 919 1855 989 γὰρ

1958 917 2123 972 Plane
2175 916 2319 971 enim
2381 917 2663 973 ebrietatis
2715 919 3101 984 damnassent,
3161 920 3240 973 uti
3295 921 3533 992 priorem

274 1007 350 1070 ὡς
376 1009 470 1060 καὶ
503 1010 601 1075 τῆς
628 1010 896 1080 προτέρας
929 1011 1162 1080 Ἀννης,
1207 1010 1240 1081 ἢ
1283 1009 1639 1080 βαττολογὶας
1686 1009 1854 1078 αὐτῆς

1957 1009 2170 1062 Annam
2192 1047 2208 1072 ,
2238 1018 2330 1062 aut
2359 1009 2692 1080 garrulitatis
2730 1009 2968 1065 insulsa).
3005 1009 3104 1076 Qui
3145 1013 3313 1076 enim,
3343 1025 3537 1080 oppor—

274 1099 742 1168 κατεῷηφίσαντο.
801 1101 864 1154 Ei
909 1100 1016 1170 γὰρ
1059 1101 1332 1172 εὐκαίρως
1380 1099 1750 1171 ἱλασκομένης
1797 1099 1854 1152 τὸ

1962 1111 2092 1158 tune
2127 1101 2300 1158 Deum
2333 1102 2591 1172 placanti,
2627 1102 2698 1156 ita
2741 1117 2916 1171 nuper
2949 1103 3237 1158 illndentes
3279 1103 3535 1158 insultas-

273 1189 866 1262 Θείον,.κωμῳδοῦντες
895 1191 1466 1264 πρώηνὲπέμϐαινον,
1493 1192 1650 1256 τίνας
1671 1191 1771 1246 ούκ
1793 1189 1853 1244 ἂν

1960 1204 2076 1249 sent
2097 1231 2113 1258 ,
2147 1193 2236 1264 qui
2277 1208 2387 1248 non
2418 1193 2682 1262 gravioris
2716 1193 3104 1264 increpationis
3133 1193 3320 1258 verba,
3357 1195 3422 1248 ad
3455 1193 3536 1248 in.-

275 1283 412 1352 πρὸς
439 1283 538 1354 τὴν
565 1283 810 1354 ἀσυνήθη
862 1284 1186 1356 παρεδρίαν,
1227 1283 1715 1356 πληκτικωτέρους
1753 1287 1855 1337 ἐπ-

1959 1295 2168 1339 suetam
2195 1283 2340 1338 illam
2363 1283 2759 1350 assiduitatem,
2782 1285 3040 1355 jactaturi
3066 1285 3284 1340 essent?
3311 1285 3535 1351 Idcirco.

273 1375 496 1444 αφῆκαν
513 1375 642 1439 τοὺς
669 1375 894 1445 λόγους;
925 1377 1133 1430 Τούτου
1159 1377 1223 1447 δὴ
1244 1377 1406 1448 χάριν
1432 1375 1722 1448 οὕτάύτὴ,
1743 1373 1853 1429 οὗθ’

1962 1393 2062 1434 nec
2096 1378 2252 1447 ipsa,
2287 1391 2386 1432 nec
2423 1377 2784 1445 magnanimis
2829 1375 3074 1432 Joachim
3099 1419 3116 1445 ,
3161 1379 3229 1433 ad
3283 1361 3538 1449 templum

273 1468 302 1518 ὁ
332 1467 713 1538 μεγαλόψυχος
754 1469 1030 1538 Ἰωακεὶμ,
1065 1469 1126 1522 ὲν
1144 1469 1220 1538 τῷ
1251 1469 1366 1538 ναῷ
1396 1469 1853 1541 προσδραμόντες,

1961 1476 2327 1534 accurrentes,
2350 1467 2647 1522 orationem
2673 1467 2780 1522 Deo
2805 1468 3138 1534 obtulerunt,
3165 1485 3328 1540 quam
3356 1470 3541 1540 utique

274 1558 442 1627 ἄμφω
479 1557 546 1610 τὰ
578 1559 680 1626 τῆς
714 1559 881 1629 εὐχῆς
908 1561 1278 1625 ἀποδιδόασιν,
1327 1561 1728 1630 εὐπρόσδεκτον
1753 1559 1854 1631 ἄρα

1973 1567 2238 1627 acceptam
2275 1570 2339 1610 ac
2377 1571 2407 1610 a
2444 1556 2689 1612 molestia
2720 1557 2942 1613 liberam
2972 1597 2988 1624 ,
3018 1573 3046 1612 a
3075 1559 3257 1629 quiete
3294 1575 3360 1614 ac
3389 1559 3501 1614 otio
3521 1600 3553 1626 ,_

276 1648 372 1700 καὶ
399 1647 678 1718 ἀνεπαχθῆ
723 1648 948 1720 ταύτην,
993 1647 1072 1719 τῷ
1104 1647 1471 1718 σχολαιοτέρῳ
1511 1647 1607 1700 καὶ
1646 1646 1856 1718 ήσυχίφ

1963 1647 2158 1702 merito
2183 1649 2512 1716 captabant:
2540 1662 2656 1714 seu,
2690 1657 2748 1702 ut
2778 1664 3078 1719 congruam
3126 1650 3300 1718 magis
3326 1665 3391 1706 ac
3418 1664 3543 1706 cer-

276 1738 604 1808 γενήσεσθαι
637 1739 991 1809 καθηκόντως
1019 1738 1314 1810 οἰηθέντες·
1342 1741 1376 1810 ή
1409 1738 1466 1790 δὲ
1489 1739 1554 1808 δὴ
1583 1737 1856 1808 ἀρμοδιω-

2069 1737 2086 1791 i
2119 1735 2302 1791 nixam
2328 1737 2557 1791 veritate
2596 1752 2820 1792 causam
2857 1739 3105 1804 edicam;
3136 1749 3194 1792 ut
3221 1739 3311 1808 qui
3351 1754 3410 1792 re
3445 1753 3544 1808 pa.-
3647 1736 3649 1739 ’

277 1829 412 1898 τέρα
450 1846 508 1882 τε
537 1830 686 1882 αἰτία
728 1832 822 1884 καὶ
863 1831 1245 1902 ἀσφαλεστέρα
1270 1870 1284 1894 ,
1319 1829 1546 1901 τοιαύτη
1592 1830 1676 1893 τίς
1715 1829 1857 1882 ἐστιν

1968 1829 2099 1884 riter
2131 1842 2196 1883 ac
2241 1827 2474 1882 nominis
2504 1828 2864 1899 appellatione
2889 1868 2904 1895 ,
2941 1829 3128 1899 gratiae
3180 1827 3546 1898 precursores

276 1923 353 1986 ὡς
375 1923 483 1992 ἄρα
507 1923 805 1994 πρόδρομοι
831 1924 924 1978 καί⁸
948 1927 1213 1996 κήρυκες,
1239 1923 1318 1994 τῷ
1338 1941 1398 1976 τε
1430 1923 1744 1992 πράγματι,
1769 1921 1856 1974 καὶ

1965 1934 2030 1975 ac
2054 1933 2330 1990 praecones
2371 1917 2547 1974 forent
2571 1919 2848 1985 '(Joa‘chim
2879 1921 3045 1984 enim,
3093 1919 3378 1988 repositum
3402 1917 3543 1990 (58).

274 2017 342 2084 τῇ
369 2015 716 2086 προσηγορίᾳ
738 2019 836 2086 τῆς
858 2004 1080 2086 χάριτος
1099 2016 1272 2078 ὅντες·
1312 2015 1573 2086 Ἰωακεὶμ
1604 2015 1702 2085 μὲν
1729 2015 1854 2084 γὰρ,

1968 2010 2177 2064 Annam
2245 2025 2415 2075 vero,
2463 2012 2722 2092 gratiam,
2767 2011 2963 2080 exponi
3013 2011 3236 2080 liquet).
3287 2010 3392 2080 lpsi
3453 2027 3548 2080 per

273 2107 700 2176 ἀποκείμενος·
737 2108 904 2162 Ἀννα
928 2107 1016 2172 δὲ,
1047 2107 1212 2176 χάρις
1240 2106 1658 2179 ἐρμηνευομένη
1700 2105 1853 2158 κεκύ-

1966 2119 2064 2170 se,
2109 2103 2226 2173 ejus
2281 2102 2335 2156 in
2393 2102 2498 2157 hoc
2555 2102 3081 2170 incircumscriptam
3133 2103 3541 2171 amplitntilinem

280 2213 476 2264 ρωται,
503 2196 570 2249 δι’
599 2197 810 2251 ἑαυτῶν
829 2199 920 2252 τὸν
951 2199 1367 2270 ἁπερίγραπτον
1403 2198 1574 2269 αὐτῆς
1601 2201 1659 2252 ὲν
1688 2199 1860 2270 τούτῳ

1966 2193 2308 2264 significant;
2336 2193 2426 2262 qui
2454 2192 2671 2261 quidem
2694 2206 2724 2246 a
2755 2191 2950 2262 templo
2979 2191 3264 2257 excedant,
3286 2190 3545 2260 omnique

276 2287 674 2357 καθυφαίνουσι
715 2291 1055 2360 πλατυσμόν·
1095 2291 1186 2344 τοῦ
1213 2291 1320 2344 νεὼ
1351 2291 1452 2362 μὲν
1481 2289 1856 2362 ὑπεξιστάμε-

1966 2285 2084 2342 loco
2141 2285 2518 2340 universorum
2569 2284 2860 2340 Auctorem
2921 2282 3156 2354 placent.
3212 2285 3391 2354 Atque
3433 2283 3546 2339 haec

274 2394 378 2432 νοι·
409 2379 468 2431 ὲν
498 2383 663 2434 παντὶ
686 2381 769 2446 δὲ,
799 2381 894 2436 τὸν
915 2384 1022 2438 τῶν
1043 2383 1182 2438 ὅλων
1203 2383 1569 2456 ἐξιλεούμενοι
1597 2383 1854 2456 Ποιητήν.

1161 2402 1182 2437 ν
1203 2383 1569 2456 ἐξιλεούμενοι
1597 2383 1860 2456 Ποιητήν.
1965 2378 2184 2446 quidem
2215 2377 2296 2433 sic
2318 2377 2460 2433 dicta
2487 2375 2741 2432 habeant.

273 2468 387 2523 Καὶ
414 2463 570 2534 οὗτος
602 2471 724 2542 μὲν,
753 2475 782 2526 ὁ
809 2474 940 2546 περὶ
976 2475 1185 2528 τούτων
1211 2475 1388 2544 λόγος.

359 2561 419 2616 '0
451 2563 508 2616 δὲ
530 2565 628 2634 τῆς
651 2565 838 2636 εὐιχῆς,
867 2567 944 2630 ὡς
967 2567 1246 2636 ἀξιόλογος
1275 2565 1610 2639 ἀμφοτέροις
1637 2567 1860 2638 inporei-

2035 2567 2182 2636 Quas
2209 2579 2338 2621 vero
2367 2567 2528 2621 ambo
2557 2563 2791 2620 fundunt
2821 2575 3042 2634 preces,
3081 2578 3242 2634 quam
3271 2561 3549 2634 [προίει-ω

275 2657 460 2710 νεταιι
499 2657 724 2711 Πάντων
755 2659 863 2730 γὰρ
886 2659 998 2712 τῶν
1018 2659 1112 2712 τοῦ
1132 2658 1267 2712 Θεοῦ
1295 2659 1642 2730 μεγαλουργη
1652 2661 1855 2729 μάτων,

1965 2673 2030 2716 ac
2066 2657 2338 2730 egregias!
2372 2655 2442 2712 lis
2479 2657 2623 2712 enim
2652 2657 2904 2710 universa
2941 2654 3032 2710 Dei
3068 2655 3358 2726 magnifica
3379 2669 3544 2725 opera

275 2739 436 2800 ὧντε
482 2750 549 2801 ἐκ
595 2749 669 2820 μὴ
705 2749 878 2804 ὄντων
912 2751 1241 2820 παρήγαγε,
1287 2750 1384 2804 καὶ
1425 2744 1500 2805 ὧν
1541 2750 1855 2821 παραδόξως

1965 2753 2265 2822 proferunt,
2303 2751 2350 2806 si
2386 2765 2492 2820 qua
2536 2749 2621 2804 vel
2669 2748 2928 2820 produxit
2965 2764 3030 2802 ex
3065 2748 3272 2813 nihilo,
3304 2745 3388 2802 vel
3439 2745 3545 2799 mi-

277 2839 692 2911 ὲκαινοτόμησε,
721 2842 822 2906 τὰς
847 2843 955 2896 τῶν
979 2845 1322 2914 πραγμάτων
1351 2843 1857 2914 μεταπλαττόμενος

1971 2844 2210 2899 rabiliter
2241 2840 2612 2898 transmutatis
2636 2855 2814 2895 rerum
2842 2839 3052 2894 naturis
3077 2877 3092 2903 ,
3119 2835 3419 2892 innovavit.
3455 2834 3551 2890 Sic

279 2929 514 3004 φύσεις,
573 2933 890 3003 ἐκφέρεται.
923 2934 1111 2998 Οὕτως
1143 2937 1199 2988 ai
1237 2935 1348 2988 τῶν
1377 2934 1604 2988 δικαίων
1637 2934 1859 3006 εύεργε⁴

1968 2936 2262 2998 Abraham,
2295 2935 2374 2990 sic
2405 2931 2619 3000 Saram,
2641 2934 2721 2987 sic
2746 2931 2956 2986 Annam
2985 2940 3199 3000 quoque
3223 2945 3286 2984 ac
3319 2927 3548 2984 Samue~

279 3021 393 3074 σίαι
430 3023 826 3096 προφέρονται·
855 3025 1029 3090 οὕτως
1074 3025 1330 3098 Ἀϐραὰμ
1357 3026 1453 3080 καὶ
1485 3026 1693 3098 Σάρρα·
1711 3027 1859 3080 ὀὕτω

1971 3031 2094 3098 lem,
2119 3028 2374 3100 producit
2401 3026 2672 3096 iustorum
2707 3025 2834 3080 illud
2868 3041 2984 3094 par,
3018 3039 3189 3094 caque
3219 3020 3551 3094 gratitndine

277 3115 348 3170 τὰ
391 3114 535 3168 κατά
565 3115 664 3188 τὴν
696 3117 915 3182 Ἄνναν,
963 3118 1060 3171 καὶ
1093 3118 1350 3189 Σαμουὴλ
1395 3110 1707 3188 παράγεταί
1747 3120 1857 3182 τοῖς

1975 3121 2168 3176 similia
2200 3134 2537 3190 prosequens
2559 3158 2575 3184 ,
2617 3131 2804 3188 parem
2839 3115 2940 3172 sibi
2999 3117 3229 3187 gratiam
3265 3114 3510 3184 deposcit
3533 3151 3555 3174 ,

277 3205 510 3271 δικαίοις
530 3248 546 3273 ,
579 3209 644 3260 ἐκ
679 3207 778 3278 τῆς
819 3207 929 3260 τῶν
961 3206 1165 3278 ὁμοίων
1196 3208 1580 3278 εὐχαριστίας,
1605 3205 1706 3277 τὴν
1739 3205 1857 3276 ῐσην

1969 3210 2397 3280 impensiorique
2427 3210 2612 3264 studio
2660 3223 2724 3264 ac
2761 3209 3086 3264 assiduitate
3111 3249 3125 3274 ,
3161 3217 3222 3263 ut
3252 3223 3320 3263 ne
3373 3209 3440 3262 ab
3484 3220 3549 3262 eo

277 3296 682 3368 ἐξαιτουμένοις
736 3297 919 3368 χάριν.
967 3295 1174 3349 πλείονί
1224 3313 1284 3349 τε
1333 3296 1432 3350 καὶ
1473 3295 1857 3365 σπουδαιοτέρᾳ

1971 3301 2112 3371 quod
2140 3311 2442 3370 congruum
2473 3309 2578 3364 est,
2604 3300 2853 3365 excidat,
2885 3289 3184 3354 contendit.
3219 3300 3390 3366 Quam
3423 3313 3551 3354 vero

278 3387 646 3458 προσεδρείᾳ,
693 3387 788 3460 τοῦ
845 3386 1188 3458 καταλλήλου
1231 3387 1307 3458 μὴ
1361 3389 1617 3440 ἐκπεσεῖν
1669 3385 1858 3456 ἐπιζη-

1974 3392 2126 3447 beata
2156 3391 2312 3444 Anna
2349 3391 2692 3457 postmodum
2733 3391 2786 3444 in
2840 3393 3000 3444 horto
3037 3391 3336 3444 orationem
3382 3389 3554 3454 fudit,

277 3477 456 3536 τοῢσι.
499 3480 562 3532 Ἠ
605 3479 662 3532 δὲ
704 3479 842 3550 μετά
889 3479 1062 3533 ταῦτα
1093 3479 1192 3551 τῆς
1241 3479 1518 3550 μακαρίας
1564 3478 1762 3549 ’Λννης
1807 3479 1857 3531 ἐν

1975 3482 2200 3538 multum
2249 3483 2368 3550 ejus
2407 3496 2437 3536 a
2479 3481 2704 3552 reliquis
2743 3481 3034 3535 discrimen
3087 3481 3288 3547 habet;
3329 3479 3555 3534 multam

276 3571 370 3641 τῷν
397 3571 714 3642 παραδείσῳ
759 3573 1082 3644 προσευχὴ,
1129 3572 1264 3626 πολὺ
1315 3570 1417 3642 μὲν
1447 3571 1508 3624 τὸ
1545 3567 1856 3641 διεστηκὸς,

1974 3577 2088 3646 ejus
2135 3591 2203 3630 ex
2249 3574 2576 3630 contritione
2618 3573 2788 3628 animi
2836 3572 3303 3628 exaudibilitatem
3355 3569 3554 3627 eﬂ’ecit.

281 3663 422 3716 πολὺ
451 3664 510 3718 δὲ
553 3665 616 3718 τὸ
643 3666 945 3736 εὐεπήκοον
976 3668 1042 3738 τῇ
1073 3665 1280 3736 ψυχικῇ
1319 3664 1544 3736 διήνυσε
1581 3663 1861 3736 συντριϐῇ.

1977 3667 2082 3722 Nec
2105 3668 2250 3723 enim
2278 3662 2460 3722 verbis
2491 3665 2774 3736 sensisque
2796 3665 3057 3720 orationis
3083 3663 3410 3720 abutendum
3437 3677 3557 3718 cre-

281 3759 420 3813 Οὑδὲ
449 3761 558 3830 γὰρ
585 3759 766 3828 λόγοις
791 3762 886 3815 καὶ
929 3763 1166 3832 νοήμασι
1195 3760 1435 3831 δεήσεως
1469 3759 1861 3830 ἀπεχρήσατο,

1976 3761 2141 3826 didit;
2176 3761 2270 3816 sed
2303 3760 2412 3815 aita
2444 3759 2772 3825 humilitate,
2815 3775 2969 3814 snam
3010 3758 3225 3830 quidem
3270 3757 3556 3820 vilitatem,

279 3850 398 3904 ἀλλ’
447 3850 574 3920 ὕψει
618 3850 1022 3919 ταπεινώσεως,
1064 3853 1164 3924 τὴν
1196 3851 1407 3906 οἰκείαν
1445 3852 1544 3923 μὲν
1592 3850 1859 3906 εὐτέλειαν

1981 3851 2208 3922 graviter
2239 3851 2455 3922 lugens,
2489 3851 2884 3917 confitebatur,
2925 3865 2990 3906 ac
3021 3865 3080 3906 se
3104 3851 3372 3904 universis
3405 3864 3561 3904 crea—

163 3995 176 4004 ,
281 3942 768 4016 κατολοφυρομένη
799 3945 1141 4016 διωμολόγει’
1166 3947 1266 4018 τῆς
1289 3945 1348 3999 δὲ
1380 3945 1615 4009 κτίσεως
1645 3946 1743 4000 ἀπό

1982 3945 2052 4000 tis-
2081 3943 2396 4008 inferiorem
2443 3943 2758 4008 demittcns,
2800 3957 2887 3997 res
2921 3955 3015 3996 eas
3059 3955 3180 4010 qua:
3230 3938 3562 3994 benedictio-

283 4034 486 4105 ἑαυτὴν
517 4035 807 4102 ὑποθεῖσα,
837 4037 908 4092 τά
947 4037 1070 4092 κατ’
1109 4033 1250 4102 εἶδος
1283 4038 1582 4108 μετέχοντα
1623 4038 1726 4108 τῆς
1774 4037 1863 4092 τοῦ

1982 4051 2098 4090 nem
2147 4035 2387 4092 auctoris
2424 4047 2726 4091 consecuta:
2773 4043 2991 4097 θεεθιιῑ,
3033 4045 3286 4086 sermone
3335 4043 3562 4098 percur-

282 4125 570 4188 κτίσαντος
591 4124 864 4194 εὺλογίας,
889 4125 1110 4198 διεξῄει.
1147 4127 1424 4190 Τοιούτοις
1449 4127 1562 4198 γὰρ
1591 4129 1686 4182 καὶ
1712 4127 1862 4200 ἤθεσι

1983 4130 2151 4185 rebat.
2180 4128 2403 4183 Talibus
2433 4128 2578 4184 enim
2611 4127 2852 4182 moribus
2884 4127 3088 4199 pariter
3110 4123 3563 4191 sermonibusque

283 4217 384 4271 xci.
431 4214 613 4284 λόγοις
638 4257 653 4281 ,
707 4218 742 4288 ἡ
793 4214 888 4269 τοῦ
943 4216 1292 4288 Δημιουργοῦ
1351 4217 1863 4290 πολυεύσπλαγχνος

1983 4219 2484 4276 misericordissima
2529 4217 2808 4274 Creatoris
2839 4217 2932 4272 Dei
2966 4215 3340 4288 providentia,
3375 4213 3563 4268 lubens

282 4305 558 4361 ἐπινεύειν
577 4305 793 4375 πέφυκε
822 4305 1138 4378 κηδεμονία·
1163 4309 1259 4362 καὶ
1295 4308 1497 4378 μᾶλλόν
1525 4325 1592 4378 γε
1623 4309 1862 4376 τούτοις,

1979 4313 2202 4380 annuit;
2235 4327 2299 4369 ac
2323 4312 2485 4382 plane
2510 4312 2578 4368 iis
2607 4310 2800 4382 magis,
2829 4325 2991 4380 quam
3021 4309 3270 4379 precibus
3305 4321 3403 4378 per
3431 4319 3559 4376 pro-

284 4398 323 4472 ἢ
365 4401 478 4462 τοῖς
515 4401 637 4453 κατ’
677 4399 874 4470 ἰδίωμα
913 4404 1369 4470 προφερομένοις.
1413 4400 1516 4454 Διά
1543 4401 1732 4466 τοῦτο,
1763 4403 1864 4456 τῶν

1981 4406 2263 4476 prietatem
2292 4403 2537 4474 prolatis.
2580 4400 2973 4470 Quamobrem,
3007 4399 3177 4468 inquit
3199 4392 3450 4465 prudens
3495 4409 3561 4450 ac

286 4492 512 4545 πάντων
541 4490 786 4562 γενητῶν
807 4490 1150 4562 ἀχρειοτέρα,
1177 4493 1364 4562 φησὶν,
1391 4495 1425 4564 ή
1456 4493 1716 4568 σώφρων,
1741 4493 1866 4563 ἐγὼ,

1983 4505 2126 4552 casta
2159 4495 2356 4550 femina
2377 4535 2393 4562 ,
2430 4495 2674 4550 inutilior
2696 4508 2816 4549 sum
2861 4493 3130 4548 universis
3169 4488 3369 4545 creatis
3391 4527 3406 4552 ,
3440 4501 3563 4542 cum

283 4581 364 4645 ὡς
406 4581 626 4635 πάντων
667 4581 789 4652 μὲν,
832 4582 911 4652 τῷ
955 4580 1035 4653 σῷ
1079 4583 1608 4655 καθυπουργούντων
1637 4587 1863 4657 προστά-

1987 4589 2110 4656 iila,
2163 4587 2430 4653 Domine,
2481 4592 2751 4658 prmcepto
2792 4593 2883 4638 tuo
2927 4581 3311 4646 subserviant,
3358 4593 3422 4633 ac
3467 4591 3567 4648 ego

285 4689 485 4743 γματι,
511 4674 762 4728 Δέσποτα
783 4713 799 4738 ,
825 4675 930 4744 τῆς
955 4674 1212 4747 τοιαύτης
1239 4675 1297 4729 δὲ
1334 4675 1613 4746 εὐλογίας,
1649 4679 1746 4732 καὶ
1776 4679 1865 4749 χά-

1987 4697 2210 4754 prorsus
2241 4682 2447 4752 privata
2478 4681 2582 4735 sim
2618 4678 2997 4734 benedictione
3026 4672 3292 4744 ejusmodi
3332 4685 3396 4726 ac
3439 4684 3567 4740 gra-

292 4780 442 4836 ριτος
472 4766 812 4837 ἑστερημένη
851 4765 1144 4833 καθάπαξ,
1178 4767 1374 4833 ἀναξία
1408 4769 1510 4838 τῆς
1555 4765 1656 4822 τοῦ
1682 4770 1872 4838 γένους

1987 4775 2089 4836 tia,
2146 4773 2366 4844 indigna
2406 4770 2623 4841 generis
2669 4769 2964 4836 felicitate;
3016 4781 3142 4820 nam
3184 4773 3240 4819 et
3289 4761 3420 4816 illud
3468 4760 3567 4814 tibi

288 4858 623 4931 εὐκληρίας.⁸
658 4859 883 4930 γόνιμον
910 4861 1020 4931 γάρ
1051 4877 1156 4926 σοι,
1185 4861 1281 4914 καὶ
1305 4859 1486 4927 τοῦτο,
1511 4863 1606 4916 καὶ
1633 4862 1710 4933 τῷ
1737 4863 1868 4935 πρά·

1986 4865 2270 4921 fecundum
2301 4874 2413 4929 est,
2451 4877 2619 4932 reque
2645 4861 2758 4930 ipsa
2777 4901 2792 4928 ,
2819 4869 2877 4914 ut
2905 4859 2973 4914 ab
3002 4872 3068 4913 eo
3104 4856 3262 4926 longe
3292 4855 3520 4908 habeam
3549 4893 3565 4917 ,

287 4963 469 5018 γματι.
501 4949 562 5002 τὸ
595 4949 882 5022 διεστηκὸς
934 4950 1270 5021 παρίστησι·
1313 4951 1443 5022 ξένη
1490 4953 1590 5024 τῆς
1626 4953 1736 5006 τῶν
1781 4969 1867 5006 πο-

1990 4957 2225 5011 ostendit
2253 4975 2274 5012 :
2311 4955 2484 5009 aliena
2517 4969 2548 5007 a
2581 4952 2994 5022 multigenorum
3035 4947 3349 5004 animalium
3382 4945 3570 5001 fecun-

288 5043 527 5100 λυειδῶν
569 5044 724 5110 ζώων
767 5046 1056 5118 εὐφορίας·
1088 5047 1186 5100 καὶ
1211 5047 1352 5101 αύτά
1375 5047 1487 5118 γὰρ
1508 5088 1524 5114 ,
1551 5049 1654 5120 τῆς
1691 5048 1868 5119 ὁμοίας

1989 5049 2192 5116 ditate;
2231 5063 2354 5102 nam
2386 5057 2442 5102 et
2489 5046 2576 5100 illa
2615 5045 2862 5100 eamdem
2901 5051 3192 5098 consecuta
3232 5047 3360 5094 sunt
3405 5041 3569 5094 bene-

294 5135 626 5208 κατείληχεν
655 5137 927 5206 εὐλογίας.
960 5138 1274 5210 Πολυφόρος
1301 5141 1336 5210 ή
1357 5140 1430 5210 γῆ
1458 5181 1472 5204 ,
1498 5139 1597 5212 τὴν
1620 5139 1874 5209 ἀφθονίαν

1996 5141 2298 5194 fictionem.
2330 5136 2499 5193 Terra
2535 5135 2796 5204 frugifera
2827 5144 2932 5200 est,
2959 5148 3084 5204 qua}
3111 5149 3208 5202 pro
3239 5133 3316 5187 tui
3351 5131 3576 5186 ratione

295 5228 566 5300 διηνεκῶς
617 5233 762 5285 κατά
805 5231 870 5285 τὸ
919 5231 1012 5288 σὺν
1068 5233 1468 5302 ἐπεκομίζουσα
1515 5232 1875 5305 πρόσταγμα·

1991 5232 2247 5296 mandati,
2291 5229 2470 5300 fruges
2505 5229 2701 5282 uberes
2737 5241 3009 5296 nunquam
3058 5241 3164 5280 non
3194 5225 3354 5280 ferat.
3403 5221 3571 5276 Prata

293 5320 709 5392 καρποφοροῦσι
748 5322 1048 5394 λειμῶνες·
1082 5326 1178 5378 καὶ
1219 5325 1290 5378 τὰ
1337 5325 1534 5396 εύειδῆ-
1557 5324 1666 5380 τῶν
1700 5327 1873 5395 φυτῶν

1991 5324 2220 5378 fructum
2266 5321 2528 5390 afferunt;
2573 5322 2668 5377 sed
2709 5331 2764 5376 et
2807 5322 3052 5392 speciosa
3098 5319 3406 5390 plantarum
3438 5328 3571 5386 ger-

373 5474 486 5545 (18)
535 5475 779 5562 ΙοςιςΙιὶιη
829 5480 1135 5562 τερωξιιέμιτ
1176 5478 1453 5562 ι’[ωακεὶμ
1495 5478 1891 5562 ἀποκείμενος..

1999 5475 2180 5548 Virgo.
2221 5476 2279 5531 In
2317 5475 2498 5532 Indice
2543 5473 2987 5562 bililico,q):7't't‘l
3012 5559 3034 5562 Δ
3056 5469 3406 5562 Ιεῑιλοίῗοιέιιίηὲ,
3437 5467 3571 5524 1ου.-

297 5543 795 5632 ldipsnm‘vidﬁtnr
835 5543 998 5620 atque
1035 5549 1370 5632 Epiphanius
1410 5543 1552 5632 orat.
1600 5548 1676 5602 De
1700 5543 1879 5632 'lamli—
1988 5543 2115 5620 θιὼ]
2139 5605 2154 5630 ν
2183 5564 2398 5620 Domini
2431 5543 2777 5632 ρηεραταιίδ,
2809 5543 2964 5627 give,
3002 5559 3216 5614 Domini
3245 5557 3501 5626 ﬁrmitas.
3539 5575 3574 5612 λ

301 5617 402 5716 tus
429 5617 843 5716 σξιηιὲῑωέιςιτίω
863 5660 882 5683 ,
911 5617 1050 5672 ’ςιιιιι
1072 5619 1587 5716 οιίιξεεΠἸωακεῖμ
1625 5621 1878 5716 exponit,

2129 5617 2561 5692 l'toﬁt:isnet'tltttitlvtltr
2583 5617 2863 5704 nmgis'est
2889 5617 3038 5685 notio
3063 5635 3208 5684 vocis
3231 5617 3448 5716 ὠνρηπν
3474 5644 3567 5683 cu-

300 5685 594 5768 ἑτοιμασία
641 5689 850 5759 Κυρίου
872 5705 887 5720 ο
920 5691 1241 5790 prirpnraﬁo
1275 5689 1484 5772 Domini
1511 5685 1714 5790 ,‘I'quod
1736 5729 1751 5752 ,
1796 5691 1880 5742 in-

305 5769 417 5790 llIIII
476 5775 538 5790 nar
570 5777 626 5790 Διι
659 5769 1014 5790 ιινιυιεηιοιιίηιιι
1060 5772 1118 5790 ιιι
1210 5775 1370 5790 tun-ann
1401 5769 1534 5790 Ιηιίιοὶ
1560 5777 1644 5790 manu
1703 5775 1880 5790 anan-nn

1839 5705 1881 5790 ίξ
1981 5726 2071 5790 ius
2101 5737 2228 5784 nota
2263 5725 2418 5784 radix
2449 5739 2513 5782 ac
2549 5722 2894 5790 signiﬁcatio,
2929 5737 3035 5776 non
3081 5718 3154 5774 ita
3188 5685 3419 5790 prioris.

305 5741 446 5829 quit;
473 5775 538 5814 ea:
567 5777 626 5816 το
644 5741 1014 5832 θῇτιὲράναῶιιιι
1030 5741 1042 5758 ’
1057 5760 1118 5816 sit
1136 5741 1380 5817 Domini
1397 5741 1668 5832 ιέήεριιὶηιζ
1683 5741 1881 5831 nimie

1318 5741 1881 5832 nitentplu'nt,ucmpe
1981 5742 2071 5797 "'5
2101 5741 2228 5784 “0”
2263 5741 2418 5784 mu"
2449 5741 2513 5782 ³ο
2549 5741 2893 5794 ετιςιιιιιιτιιιυι
