4002 6232
471 303 609 369 ίῖἶξὶὸ

1602 310 1923 373 GEORGII
1964 312 2567 377 NICOMEDIENSIS

3627 321 3768 385 139G

471 418 616 473 mina
658 426 1021 489 Opportunum
1054 419 1261 489 pariter
1303 420 1779 493 dulcissimumque
1810 424 2046 480 fructum

2163 432 2496 500 καρποφορεῖ
2550 428 2907 501 βλαστήματα
2933 470 2949 496 ,
3002 430 3216 499 καρπόν
3260 447 3322 483 τε
3363 429 3587 499 χαίροι
3632 436 3767 502 δμοῦ

471 509 725 577 aﬂ’erttnt,
742 526 805 565 ac
825 526 1010 566 eorum
1029 513 1216 582 gratiis
1228 513 1319 584 qui
1338 515 1666 586 percipiunt,
1689 516 2055 574 laudationem

471 614 523 657 et
576 603 691 673 ipsa
739 603 833 658 tibi
867 604 1213 659 submittunt.
1260 606 1464 661 Horum
1507 623 1608 679 ego
1641 609 1831 680 gratia:
1858 625 2057 680 expers

472 712 627 762 sum;
674 713 798 752 nam
827 697 942 766 ipsa
969 713 1183 768 quoque
1213 700 1489 773 indignam
1528 710 1587 757 ut
1616 702 1696 758 eis
1738 718 2053 772 accensear,

474 804 594 858 qua:
623 789 733 844 sint
756 799 1022 845 creatura:
1051 801 1175 856 tum,
1202 794 1631 863 memetjudico.
1671 792 1845 862 Quam
1884 796 2056 851 verba

477 882 613 946 ltzec,
642 895 793 951 rogo,
829 898 934 936 non
962 884 1255 938 ostendunt
1284 885 1607 941 humilitatis
1638 886 2058 942 excellentiam?

454 978 645 1043 'Quant
676 990 783 1029 non
810 976 1030 1030 contriti
1065 978 1245 1033 cordis
1284 977 1642 1045 abjectionem
1673 979 1931 1045 excessit,
1962 980 2057 1050 qui

474 1083 630 1124 sensa
666 1069 930 1140 ejusmodi
964 1070 1177 1127 animus
1211 1072 1468 1143 protulit?
1510 1074 1611 1142 Qui
1648 1089 1753 1129 non
1796 1088 1926 1130 vero
1958 1074 2057 1130 be-

476 1162 672 1232 nignus
699 1163 840 1220 Deus
866 1204 881 1231 ,
926 1179 1086 1235 supra
1136 1180 1352 1220 omnem
1388 1167 1571 1221 odoris
1602 1167 1956 1239 lragrantiam
1996 1182 2060 1223 ac

475 1251 851 1317 oblationem,
905 1254 1171 1324 ejusmodi
1231 1256 1485 1325 probaret
1532 1257 1911 1314 voluntatem?
1953 1256 2055 1326 Qui

478 1361 584 1399 non
622 1361 785 1417 supra
823 1346 1195 1402 holocaustum
1242 1364 1403 1406 omne
1427 1389 1442 1414 .
1469 1351 1733 1421 ejusmodi
1776 1352 2058 1408 annuisset

477 1435 748 1502 orationi,
782 1438 873 1507 qtti
918 1425 1117 1495 talibus
1160 1424 1395 1497 maxime
1438 1442 1742 1497 delectatur
1783 1442 2057 1499 victimis?

478 1525 722 1596 Etenim,
757 1528 1094 1599 Sacriﬁcium
1128 1529 1239 1586 Deo
1261 1532 1479 1602 spiritus
1501 1533 1884 1590 contribulem:
1915 1534 1981 1590 “.

548 1713 701 1771 Talia
727 1724 852 1771 sunt
890 1711 1162 1786 justorum
1204 1716 1486 1788 privilegia
1519 1732 1583 1772 ac
1613 1726 1835 1772 narrata
1876 1726 2052 1789 gesta.

478 1806 608 1862 Laeti
643 1806 696 1860 hi
730 1807 989 1863 virtutum
1021 1823 1209 1864 eorum
1248 1809 1616 1875 characteres,
1649 1808 1884 1864 nobilem
1918 1813 2058 1864 hanc

440 1944 443 1949 .
477 1899 679 1964 animi,
716 1914 778 1956 ac
819 1900 885 1956 iis
925 1899 1307 1967 illustriorem,
1353 1900 1443 1971 qui
1474 1901 1620 1955 omni
1662 1909 1810 1955 retro
1858 1901 2057 1957 saeculo

476 1992 819 2061 claruissent,
857 1994 1093 2064 speciem
1135 1991 1474 2049 ell'ulserunt.
1510 1992 1720 2063 Quippe
1748 1992 1975 2048 decebat
2000 2003 2059 2045 ut

476 2087 673 2141 donum
702 2127 717 2152 ,
766 2087 912 2142 omni
951 2086 1004 2140 in
1039 2086 1242 2141 creatis
1279 2084 1456 2153 majus
1500 2084 1941 2155 comparatione,
1990 2098 2059 2139 ex

474 2176 760 2232 excellenti
792 2176 1055 2233 electione
1078 2177 1354 2247 prodiret:
1381 2178 1609 2233 decebat
1635 2187 1693 2230 ttt
1719 2192 1786 2230 ex
1814 2174 2055 2231 alliuenti

475 2269 734 2325 virtutum
779 2283 941 2339 penu,
972 2280 1287 2341 praesancta:
1330 2268 1435 2324 illae
1464 2269 1793 2324 scaturirent
1818 2268 2055 2324 divitiae:

474 2361 704 2418 decebat
744 2370 802 2416 ut
834 2361 1045 2417 labores
1072 2362 1335 2432 ejusmodi
1381 2360 1537 2417 talem
1571 2368 1909 2431 reportarent
1939 2358 2057 2415 l‘ru-

474 2468 623 2508 ctum
665 2472 685 2508 :
734 2464 793 2509 ttt
847 2468 915 2508 ex
967 2454 1197 2523 ingenua
1259 2452 1445 2509 radice
1502 2467 1715 2508 summe
1763 2452 2056 2522 ingenuum

475 2546 768 2618 pullularet
811 2560 1071 2617 germen;
1113 2562 1180 2602 ex
1225 2546 1382 2603 bonis
1415 2545 1615 2602 lumbis
1655 2546 1894 2613 optimus
1938 2543 2057 2615 pal-

476 2653 594 2694 mes
623 2647 867 2708 surgeret
893 2656 910 2707 ;
942 2652 1158 2709 semper
1181 2640 1367 2693 virens
1396 2638 1693 2708 vigensque
1712 2636 1805 2691 illa
1834 2636 2059 2706 generis

477 2730 739 2801 glofatio;
764 2730 1189 2802 pulcherrimum
1221 2731 1352 2787 illud
1382 2740 1593 2786 natum
1621 2744 1886 2800 germen;
1920 2729 2055 2785 alti-

477 2839 615 2895 gena
648 2822 737 2880 ille
767 2825 1097 2879 sacramenti
1133 2838 1348 2888 ramus,
1387 2836 1455 2877 ex
1492 2836 1601 2891 quo
1630 2823 1933 2877 ascendens
1960 2823 2060 2876 im-

479 2916 828 2974 mortalitatis
848 2916 967 2983 llos,
1001 2925 1265 2973 aeternam
1295 2914 1482 2970 odoris
1499 2914 1821 2970 suavitatem
1849 2914 2059 2984 perspi-

478 3009 620 3064 ravit
648 3026 661 3062 :
688 3009 841 3079 cujus
869 3009 1078 3064 fructus
1107 3006 1362 3072 etiicitur,
1397 3006 1505 3060 vita
1530 3015 1585 3060 et
1606 3004 1963 3076 iueorruptio,
1995 3021 2060 3063 ac

479 3102 906 3177 perseverantia,
936 3100 1004 3154 iis
1029 3101 1121 3169 qui
1158 3099 1251 3153 illo
1285 3097 1632 3168 participant.

548 3193 816 3247 Caeterum
852 3191 1129 3246 laboribus
1154 3190 1606 3259 sermonibusque
1632 3188 1896 3258 ejusmodi
1928 3188 2058 3245 sub-

480 3292 630 3343 vecta
658 3282 930 3354 justorunt
967 3281 1166 3347 nratio,
1199 3280 1359 3336 linem
1388 3280 1528 3349 apud
1561 3290 1849 3350 utrumque
1880 3294 1949 3334 ex
1978 3278 2062 3334 di-

479 3378 605 3433 vino
642 3390 903 3446 responso
936 3374 1152 3445 accipit.
1193 3372 1381 3443 Angeli
1409 3372 1676 3442 siquidem
1717 3379 2057 3441 apparentes,

478 3487 603 3529 cum
656 3468 944 3525 exauditas
994 3482 1208 3537 preces,
1275 3473 1389 3520 tum
1444 3463 1806 3533 ittexspeetati
1870 3470 2062 3531 partus

479 3572 735 3620 eventum
778 3562 1197 3631 annuntiarunt.
1226 3557 1416 3629 Attgeli
1442 3597 1458 3623 ,
1494 3556 1612 3626 ejus
1659 3570 1781 3625 quae
1826 3554 2038 3625 angelis

478 3667 600 3714 erat
629 3656 884 3722 nobilior,
911 3651 1309 3723 concipienda,
1341 3650 1546 3706 faustas
1575 3647 1806 3704 all'erunt
1840 3662 2060 3702 annun-

481 3749 759 3804 tiationcs.
794 3745 1173 3801 Prmnunliant
1212 3743 1388 3814 angeli
1436 3744 1749 3799 solvendam
1794 3740 2060 3797 sterilita~

482 3851 614 3905 tem,
653 3852 717 3893 ac
743 3852 839 3906 per
868 3850 987 3891 eam
1016 3834 1302 3904 disiectum
1338 3835 1403 3890 iri
1451 3835 1686 3891 medium
1719 3833 1929 3903 peccati
1960 3847 2062 3903 pa-

481 3933 671 3987 rietem
716 3930 1037 4002 praedicunt.
1075 3927 1289 3998 Angeli,
1325 3928 1750 3998 inexspectatam
1783 3928 1900 3996 ejus
1932 3940 2065 3981 con-

480 4023 810 4093 ceptionem,
845 4019 1113 4091 prommio
1151 4018 1469 4089 loquuntur,
1507 4032 1626 4087 qua“:
1661 4017 1968 4072 mirabilem
1998 4031 2064 4073 ae

481 4114 808 4172 ineffabilem
841 4114 1253 4184 conceptionem
1284 4111 1524 4166 novavit.
1552 4109 1740 4180 Angeli
1771 4109 1888 4178 ejus
1926 4123 2065 4179 prae-

480 4216 709 4265 currunt
737 4207 1087 4277 puerperium
1106 4244 1121 4271 ,
1153 4220 1249 4276 per
1278 4218 1442 4271 quam
1468 4202 1654 4272 primae
1682 4201 1925 4272 parentis
1963 4200 2065 4256 tio-

481 4304 623 4358 iores
652 4306 1027 4357 cessaverunt.
1072 4296 1255 4353 Vincit
1292 4294 1757 4365 exspectationem
1786 4293 1903 4363 ejus
1935 4306 2063 4360 pro—

480 4388 691 4453 cessio,
743 4385 900 4457 cujus
942 4394 1025 4442 est
1059 4401 1200 4441 nova
1250 4385 1597 4454 insolensque
1639 4382 1946 4452 generatio.
1978 4382 2058 4436 Ex

2159 520 2256 575 καὶ
2285 519 2511 591 ῆδιστον
2549 519 2987 592 προϐάλλονται,
3031 523 3129 577 καὶ
3158 525 3224 594 τῇ
3270 523 3383 576 τῶν
3417 526 3764 594 μετεχόντων

2157 611 2481 683 εὐχαριστίᾳ
2500 653 2516 679 ,
2546 614 2629 667 σοὶ
2657 615 2756 677 τὴν
2791 614 3105 683 δοξολογίαν
3133 614 3502 685 ἀναφέρουσι.
3542 617 3761 673 Τούτων

2157 701 2270 772 ἐγὼ
2299 703 2398 772 τῆς
2422 703 2645 774 χάριτος
2671 704 2960 775 ἀμέτοχος,
2986 704 3109 758 ἐπεὶ
3132 705 3229 759 καὶ
3249 704 3312 758 τὸ
3344 705 3424 775 μὴ
3452 706 3583 759 κατ’
3611 708 3758 773 ἀξίαν

2160 795 2609 868 συναριθμεῖσθαι
2632 795 2841 859 τούτοις
2868 796 3322 868 δημιουργήμασί
3349 816 3411 851 τε
3439 794 3605 852 οὖσιν
3629 801 3760 868 άγα-

2160 886 2384 958 θότητος
2431 887 2530 957 τῆς
2580 887 2718 959 σῆς,
2759 888 2961 959 ἑαυτῆς
3011 888 3489 961 καταψηφίζομαι.
3534 890 3753 956 ταῦτα,

2158 978 2280 1033 τίνα
2317 978 2703 1044 ταπεινώσεως
2755 979 3063 1051 ὑπερϐολὴν
3105 980 3206 1034 οὐκ
3240 982 3505 1051 ἐμφαίνει
3542 984 3614 1036 τά
3664 989 3755 1053 pf?

2162 1088 2332 1141 ματα;
2356 1072 2522 1125 Ποίαν
2544 1072 3017 1144 συντετριμμένην
3037 1073 3136 1144 οὐχ
3150 1073 3473 1144 ὑποϐέϐηκε
3498 1077 3749 1145 καρδίαν,

2157 1167 2192 1237 ἡ
2226 1165 2292 1219 τὰ
2323 1164 2547 1219 τοιαῦτα
2577 1167 2828 1237 νοήματα
2857 1166 3272 1239 προϐαλλομένη
3304 1166 3496 1239 ψυχή;
3535 1170 3663 1231 Πῶς
3698 1170 3751 1222 δὲ

2159 1258 2261 1312 οὐκ
2286 1258 2352 1313 ἂν
2380 1258 2409 1311 δ
2438 1257 2739 1327 φιλάγαθος
2768 1258 2910 1329 ὑπὲρ
2941 1258 3171 1312 εὐωδίαν
3206 1259 3431 1314 ἃπασαν
3464 1261 3563 1313 καὶ
3584 1277 3750 1331 προτ-

2159 1348 2354 1418 φοράν,
2388 1348 2486 1419 τὴν
2519 1348 2776 1419 τοιαύτην
2818 1349 3047 1419 γνώμην
3085 1351 3405 1420 προσήκατο
3438 1365 3455 1415 ;
3496 1349 3630 1414 Πῶς
3658 1351 3749 1420 οὐχ

2160 1441 2303 1513 ὑπὲρ
2329 1440 2798 1511 ὡλοκαυτωμὲνην
2838 1440 3031 1495 θυσίαν
3067 1443 3134 1511 τῇ
3167 1441 3393 1514 τοιαύτῃ
3421 1442 3751 1495 κατένευσεν

2160 1533 2229 1589 ἂν
2253 1535 2512 1605 δεήσει,⁸δ
2541 1534 2688 1606 μάλα
2712 1537 2833 1599 ταῖς
2856 1534 3071 1605 ὁμοίαις
3091 1534 3354 1606 ἡδόμενος
3376 1536 3742 1608 ὁλοκληρίας

2163 1626 2358 1681 ουσία
2387 1628 2497 1697 γὰρ
2517 1625 2600 1691 τῷ
2623 1624 2748 1691 θεῷ
2771 1626 3012 1696 πνεῦμα
3035 1625 3575 1697 συντετριμμένον.

2230 1720 2472 1775 Τοιαῦτα
2501 1719 2569 1773 τά
2615 1720 2722 1774 τῶν
2745 1719 2969 1774 δικαίων
3007 1719 3464 1790 πλεονεκτήματα
3514 1722 3607 1775 καὶ
3652 1724 3738 1777 δι-

2161 1812 2445 1883 ηγήματα
2474 1804 2622 1865 οὗτοι
2651 1810 2761 1864 τῶν
2794 1810 3010 1882 ἀρετῶν
3040 1810 3222 1864 αὐτῶν
3234 1813 3284 1864 oi
3317 1812 3524 1883 φαιδροὶ
3553 1830 3733 1884 χαρα-

2158 1905 2381 1975 κτῆρες,
2414 1903 2513 1975 τῆν
2539 1904 2736 1975 εὐγενῆ
2759 1905 2860 1970 τῆς
2885 1903 3066 1974 ψυχῆς
3098 1904 3193 1957 καὶ
3213 1904 3608 1975 λαμπροτέραν
3635 1906 3741 1958 τῶν

2160 1993 2548 2064 προφανέντων
2603 1990 3033 2062 ὲναπήστραψαν
3062 1990 3398 2061 ὡραιότητα.
3451 1990 3599 2043 'F/Ser
3637 1990 3739 2060 γάρ

2158 2083 2219 2149 ἐξ
2248 2083 2627 2156 ὑπερεχούσης
2658 2082 2890 2153 ὲκλογῆς
2911 2123 2930 2151 ,
2969 2083 3071 2154 τὴν
3103 2083 3440 2154 ἀσύγκριτον
3468 2083 3528 2136 ἐν
3550 2100 3741 2153 γεννηο

2158 2179 2271 2240 τοῖς
2314 2176 2665 2248 παραχθῆναι
2712 2175 2943 2247 δωρεάν
2977 2175 3085 2228 ἔδει
3123 2173 3184 2240 ἐξ
3212 2175 3464 2243 ἀφθόνων
3510 2175 3739 2245 ἀρετῶν,

2157 2269 2250 2324 τὸν
2300 2270 2601 2341 ὑπεράγιον
2648 2267 2945 2340 ὲπιϐρύσαι
2995 2267 3261 2322 πλοῦτονο
3319 2267 3430 2321 ἔδει
3485 2268 3742 2345 τοιούτων

2158 2364 2357 2430 πόνων,
2383 2361 2625 2418 τοιοῦτον
2649 2361 3086 2432 συγκομισθῆναι
3115 2360 3209 2414 τὸν
3233 2359 3470 2431 καρπόν·
3503 2360 3568 2411 ὲκ
3592 2358 3742 2430 ῥίζης

2156 2453 2433 2525 εὐγενοῦς,
2463 2454 2852 2523 εὐγενέστατον
2870 2453 3139 2524 ὲκφυῆναι
3164 2452 3416 2523 ptum»-
3450 2449 3513 2515 ἐξ
3538 2450 3743 2521 ἀγαθῆς

2156 2547 2378 2618 ὀσφύος,
2413 2546 2765 2617 ἀγαθώτατον
2788 2546 3118 2617 ἀναδοθῆναι
3155 2544 3366 2615 κλῆμα,
3402 2543 3465 2596 τὺ
3496 2542 3742 2605 ἀειθαλὲς

2154 2639 2253 2707 τοῦ
2281 2640 2469 2709 γένους
2502 2639 2934 2710 ὲγκαλλώπισμα
2953 2655 2968 2670 ·
3008 2638 3071 2691 τδ
3101 2637 3202 2707 τῆς
3231 2637 3453 2706 φύσεως
3481 2633 3740 2706 ὡραιότα-

2157 2750 2248 2788 τον
2281 2730 2587 2803 βλάστημαο
2614 2731 2674 2786 τδ
2704 2731 2956 2801 ὑψιγενὲς
2991 2730 3088 2785 τοῦ
3123 2729 3430 2800 μυστηρίου
3458 2726 3741 2795 στέλεχος,

2157 2826 2219 2892 ἐξ
2246 2819 2310 2881 οὑ
2339 2826 2399 2879 τὸ
2426 2826 2526 2896 τῆς
2553 2823 2850 2887 ἀθανασίας
2881 2822 3195 2892 ἀναδραμὸν
3222 2820 3409 2886 ἄνθος,
3441 2821 3543 2887 τὴν
3567 2818 3747 2871 ἁῑδιον

2157 2917 2470 2973 διέπνευσεν
2497 2915 2747 2970 εὐωδίαν
2766 2908 2828 2969 οὐ
2850 2917 2878 2969 ὁ
2897 2913 3126 2985 καρπὸς,
3156 2912 3264 2981 ζωὴ
3292 2912 3385 2963 καὶ
3411 2908 3740 2979 άφθαρσία,

2160 3011 2256 3064 καὶ
2284 3007 2514 3081 διαμονή
2535 3010 2651 3073 τοῖς
2682 3007 2973 3079 μετέχουσι
3002 3006 3161 3059 πᾶσιν
3190 3001 3496 3072 ἐγγίνεται.

2235 3195 2513 3261 Τοιούτοις
2557 3194 2616 3248 δὲ
2653 3194 2839 3257 πόνοις
2866 3192 2965 3246 καὶ
2987 3190 3172 3258 λόγοις
3197 3191 3231 3258 ὴ
3256 3186 3366 3241 τῶν
3395 3182 3621 3239 δικαίων
3651 3183 3747 3235 ἀν-

2162 3286 2437 3360 ηνεγμένη
2469 3285 2675 3355 δέησις.
2709 3281 3078 3362 χρηματισμῷ
3107 3281 3168 3333 τὺ
3187 3280 3365 3349 πέρας
3388 3277 3520 3345 παρ’
3556 3273 3747 3328 ἑκατὲ-

2163 3396 2278 3452 ροις
2309 3376 2596 3449 λαμϐάνει.
2626 3374 2885 3445 ’Δγγελοι
2916 3373 3025 3445 γὰρ
3060 3370 3443 3440 ἐπιφανέντες·
3482 3367 3545 3420 τό
3584 3383 3642 3419 τε
3670 3365 3748 3427 είς

2161 3472 2395 3542 ιπήκοον
2425 3468 2745 3537 ἀνυσθῆναι,
2776 3465 2985 3521 καὶτὸν
3014 3464 3146 3534 παρ’
3174 3460 3365 3515 ἐλπίδα
3390 3460 3554 3541 τόκον
3585 3456 3746 3524 ἒκὸήο

2163 3566 2354 3619 σεσθαι
2384 3562 2748 3632 κατεμήνυον.
2775 3559 3056 3627 Ἄγγελοι,
3085 3556 3185 3626 τῆς
3214 3553 3326 3608 τῶν
3375 3550 3630 3621 ἀγγέλων
3668 3560 3746 3602 τι-

2166 3654 2440 3726 μιωτέρας
2478 3651 2920 3721 εὐαγγελίζονται
2965 3652 3064 3719 τὴν
3100 3647 3321 3717 κύησιν·
3355 3642 3610 3711 ἄγγελοι,
3652 3640 3749 3710 τὴν

2160 3749 2262 3817 τῆς
2281 3745 2622 3817 στειρὼσεως
2652 3741 3110 3815 προαναφωνοὺσι
3134 3739 3307 3799 λύσιν,
3337 3737 3430 3789 καὶ
3450 3734 3522 3787 δι’
3550 3733 3746 3801 αὐτῆς,

2162 3838 2224 3893 τὸ
2261 3838 2363 3909 τῆς
2405 3838 2678 3909 ἁμαρτίας
2721 3835 3047 3905 διακοπῆναι
3098 3826 3537 3901 προαγορεύουσι
3590 3823 3751 3895 μεσό-

2161 3945 2361 4000 τοιχον.
2416 3929 2674 3997 Ἄγγελοι
2697 3968 2713 3991 ,
2762 3926 2863 3996 τὴν
2901 3923 3033 3995 παρ’
3075 3920 3266 3975 ἐλπίδα
3319 3914 3609 3986 σύλληψιν.
3652 3912 3751 3982 τῆς

2164 4021 2418 4092 ὑπερφυῆ
2482 4020 2577 4075 καὶ
2639 4019 2950 4091 ἀπόρρητον
3001 4012 3484 4081 καινουργησάσης
3533 4008 3747 4076 κύησιν,

2165 4113 2634 4186 προοιμιάζονται.
2684 4109 2972 4177 Ἄγγελοι,
3004 4106 3114 4160 τῶν
3146 4104 3358 4157 ὠδίνων
3386 4098 3750 4170 προτρᾶχσυσι

2162 4206 2298 4277 τῆς,
2332 4204 2401 4259 δι’
2434 4198 2536 4275 ἧς,
2574 4204 2632 4257 αι
2675 4202 2774 4265 τῆς
2798 4200 3146 4271 προμήτορος
3176 4192 3500 4264 ἐπαύθησαν
3533 4190 3748 4252 ὀδύναι,

2166 4296 2318 4369 παρά
2347 4293 2674 4364 προσδοκίαν
2703 4294 2738 4363 ἡ
2785 4291 3007 4363 πρόοδος
3029 4330 3044 4354 ,
3075 4283 3145 4359 ἧς
3175 4283 3485 4359 παράδοξος
3520 4284 3557 4352 ἡ
3586 4280 3751 4351 γένη-

2167 4406 2273 4451 σις.
2314 4386 2407 4453 Ἐξ
2438 4385 2762 4441 ἀνελπίστου
2796 4382 3090 4454 γεωργίας,
3125 4382 3157 4449 ἡ
3187 4378 3329 4448 ὑπὲρ
3362 4375 3579 4429 ἔννοιαν
3615 4388 3747 4441 καρ-

484 4482 757 4549 insperata
798 4491 975 4535 messe
997 4516 1013 4542 ,
1041 4477 1216 4548 major
1243 4475 1479 4546 cogitatu
1510 4473 1878 4529 ft'uctillcatio.
1914 4472 2058 4527 Prat-

2167 4477 2426 4550 ποφορίασ
2478 4472 2878 4545 προῦποφαίνει
2934 4471 3034 4543 τὴν
3075 4470 3175 4539 τῆς
3230 4467 3451 4536 φύσεως
3508 4478 3751 4517 καινοτο-

482 4571 722 4628 declarat
765 4578 973 4625 naturae
1018 4569 1360 4624 novationem
1391 4605 1407 4631 ,
1458 4566 1766 4621 sterilitatis
1814 4574 2060 4635 egestas,

484 4672 752 4734 partuque
780 4660 1003 4719 edendae
1028 4660 1188 4731 proli,
1222 4660 1338 4726 ipsa
1382 4658 1499 4728 ejus
1531 4657 1787 4713 editionis
1813 4656 2025 4713 novitas
2046 4698 2061 4723 ,

482 4769 695 4812 summe
732 4753 856 4808 novi
888 4750 1220 4807 sacramenti
1259 4756 1642 4820 argumentum
1678 4746 1828 4802 facit.
1858 4747 1918 4803 In
1949 4747 2064 4802 suis

483 4849 630 4917 ipsa,
684 4846 954 4903 mirabilis
1003 4855 1191 4917 partus
1254 4852 1404 4900 certa
1480 4842 1681 4897 indicia
1732 4842 1952 4911 accipit.
2005 4838 2063 4894 ιιι

484 4952 768 5010 parentum
806 4940 1096 5006 miraculo,
1118 4954 1376 4995 arcanum
1410 4936 1583 5007 magis
1607 4935 1840 4990 addiscit
1867 4944 2067 5006 myste-

485 5034 647 5090 rium.
684 5032 797 5089 lloc
831 5035 1064 5104 quippe,
1108 5033 1349 5088 anterior
1395 5031 1548 5086 illius
1585 5020 1899 5099 praedicatio
1942 5037 2062 5095 est;

483 5143 698 5199 suaque
727 5130 900 5198 ipsum
935 5128 1271 5198 impletione,
1303 5125 1421 5195 ejus
1460 5124 1604 5195 quod
1639 5123 2062 5194 praedicabatur,

484 5232 691 5279 certum
728 5230 985 5274 eventum
1033 5219 1451 5289 pra‘nttnliabal.
1487 5216 1608 5280 llic,
1645 5216 1873 5281 sterilis,
1905 5230 1935 5269 a
1970 5232 2067 5270 na-

484 5328 619 5375 tum
641 5315 877 5386 propriis
896 5312 1108 5382 repulsa
1131 5329 1148 5378 ;
1172 5311 1300 5378 illic,
1316 5310 1483 5381 Virgo
1500 5310 1792 5367 inviolabili
1812 5311 2070 5366 castitate

485 5411 713 5465 munita.
749 5408 867 5473 llic,
897 5407 1211 5461 diuturnum
1245 5405 1552 5471 vinculum;
1583 5405 1715 5471 illic,
1747 5402 2071 5458 immortalis

484 5501 756 5573 legitimus
805 5502 1018 5558 modus.
1056 5500 1175 5568 Hic,
1211 5497 1527 5554 meritorum
1563 5512 1627 5553 ac
1676 5511 1897 5567 precum
1934 5496 2066 5550 l’ru-

486 5603 605 5647 ctus
624 5636 638 5660 ,
664 5594 794 5663 illic,
820 5602 1041 5668 prapter
1062 5594 1325 5665 majorem
1352 5589 1761 5662 comparatione
1783 5590 2061 5652 virtutem,

559 5747 607 5781 “
644 5748 790 5806 Psal.
825 5753 997 5818 L,\19.

2166 4572 2318 4642 μίαν.
2348 4571 2382 4640 ή
2409 4572 2512 4640 τῆς
2546 4565 2888 4638 πειρώσεως
2920 4562 3127 4635 ἀπορία
3147 4577 3161 4591 ’
3199 4560 3298 4615 καὶ
3321 4562 3385 4629 τῇ
3413 4555 3712 4627 τικτομένη
3731 4591 3747 4614 .

2161 4661 2256 4715 τοῦ
2288 4661 2605 4715 καινοτάτου
2642 4656 2944 4729 μυστηρίου
2970 4653 3296 4724 τεκμήριον,
3326 4649 3396 4703 τά
3420 4648 3521 4719 τῆς
3546 4645 3750 4707 οἰκείας

2161 4753 2468 4819 ἀποτέξεως
2498 4752 2800 4823 παρέχεται
2831 4748 3158 4819 πράγματα.
3194 4745 3285 4799 Ἐν
3308 4746 3424 4806 τοῖς
3455 4740 3579 4795 καθ’
3614 4742 3740 4793 tau-

2161 4847 2283 4919 τὴν,
2319 4845 2388 4900 τὰ
2431 4842 2529 4898 τοῦ
2575 4843 2728 4909 ξένου
2768 4838 3192 4914 προθεδαιοῦται
3223 4836 3474 4891 τοκετοῦ.
3533 4834 3624 4888 Ἐν
3671 4830 3749 4901 τῷ

2169 4940 2312 4993 κατὰ
2340 4938 2468 5002 τοὺς
2497 4936 2758 4999 τεκόντας
2789 4933 3027 5003 θαύματι
3050 4972 3065 4996 ,
3091 4930 3162 4985 τὰ
3180 4929 3275 4983 τοῦ
3307 4923 3746 4999 ἀπορρητοτέρου

2152 5028 2482 5091 ,διδάσκεται
2535 5026 2834 5095 θαύματος.
2892 5024 3281 5095 Προκήρυγμα
3340 5019 3452 5089 γάρ
3506 5015 3742 5078 ἐκείνου,

2164 5121 2343 5177 τοῦτο·
2384 5121 2480 5175 καὶ
2508 5119 2576 5173 δι’
2598 5114 2675 5173 ὦν
2703 5114 3027 5188 ἐπληροῦτο,
3058 5115 3118 5166 τὸ
3141 5109 3386 5180 ἀσφαλὲς
3412 5108 3509 5161 τοῦ
3540 5121 3743 5177 κηρυτ-

2166 5213 2394 5284 τομένου
2443 5209 2818 5282 προανεφώνει
2840 5226 2855 5240 ι
2922 5204 3190 5261 Ἐνταῦθα
3242 5204 3435 5275 στεῖρα
3482 5199 3592 5254 τῶν
3652 5198 3747 5266 τῆς

2168 5305 2384 5377 φύσεως
2424 5304 2569 5358 ίδίων
2618 5300 2966 5375 ἀπειργμένη
2993 5341 3008 5364 ,
3039 5300 3158 5353 ἐκεῖ
3202 5295 3481 5367 Παρθένος
3509 5295 3573 5363 τῇ
3624 5294 3749 5344 ἀσυ-

2167 5400 2318 5470 λήτῳ
2378 5397 2572 5468 ἁγνείᾳ
2633 5394 3041 5466 τετειχισμένη.
3114 5389 3386 5445 Ἐνταῦθα
3452 5386 3663 5458 χρόνιος
3717 5382 3745 5433 δ

2167 5492 2365 5564 δεσμός
2381 5507 2396 5524 ·
2430 5492 2547 5545 ὲκεῖ
2569 5489 2837 5553 ἀθάνατος
2856 5488 2885 5540 ὁ
2904 5485 3191 5547 άνόθευτος
3205 5485 3429 5555 τρόπος.
3460 5474 3743 5537 Ἐνταῦθα.

2170 5585 2616 5658 κατορθωμάτων
2642 5583 2736 5639 καὶ
2764 5580 3072 5655 προσευχῆς
3096 5579 3331 5651 καρπὸς,
3363 5578 3392 5631 ὁ
3417 5575 3574 5637 τόκος
3593 5587 3605 5599 ·
3638 5569 3746 5623 ἐκεῖ
