3970 6212
291 311 420 378 1397

1087 315 1173 378 IN
1213 315 1318 377 SS.
1357 313 1710 376 DEIPARAS
1746 313 2329 376 CONCEFTIONEM
2363 311 2673 374 ET‘NAT.

3391 308 3527 372 1338

291 427 352 479 δι’
386 421 717 494 ἀσύγκριτον
758 419 964 492 ἀρετὴν·
999 421 1092 474 καὶ
1125 419 1574 492 ὑπερϐάλλουσαν
1616 419 1858 490 καθαρό-
1887 469 1888 474 η

1971 433 2023 472 ιε
2070 419 2422 476 excellentem
2469 416 2814 488 puritatem,
2847 413 3246 486 inexplicabilis
3293 431 3530 476 novatur

289 533 442 585 τητα,
461 517 494 585 ή
507 516 638 584 ἀνερ
645 515 718 585 μή
727 529 909 576 νευτος
922 511 1326 582 κήαινοτομεῖται
1344 511 1557 582 κύησις.
1593 511 1860 576 Ἐνταῦθα

285 605 516 676 ἄγγελος
568 607 666 675 τῆς
725 604 836 658 τῶν
873 603 1079 656 ὠδίνων
1129 600 1450 673 λυτρώσεως
1493 603 1714 674 κῆρυξ·
1745 604 1863 657 ἐκεί

287 695 645 770 ἀρχάγγελος,
663 696 760 767 τῆς
778 694 1092 766 ὑπερφυοῦς
1116 695 1428 766 συλλήψεως
1445 696 1860 768 εὐαγγελιστής.

369 787 438 840 Ἥ
473 787 530 839 δὲ
555 786 619 857 δὴ
657 785 764 840 τῶν
832 787 1114 856 παρόντων
1165 787 1502 856 εὐαγγελίων
1544 789 1878 859 ὐπόσχεσιςν

287 877 615 947 τρανότερον
663 875 731 929 τά
775 877 898 929 κατ’
937 876 1158 949 ὲκείνην
1209 877 1641 949 προανεκήρυξε.
1669 881 1870 946 Λανιηο

292 969 538 1038 θήσεται
562 967 670 1039 γάρ
691 966 842 1024 πᾶσι
871 969 941 1022 τὰ
969 968 1072 1024 τοῦ
1098 970 1280 1024 τόκου
1303 985 1439 1040 σου,
1465 973 1652 1042 φησὶν,
1672 973 1700 1026 ό
1734 989 1876 1044 προ-

295 1057 512 1130 μηνύων
545 1061 612 1128 τῇ
651 1058 842 1129 ’Δννῃ.
877 1058 1259 1131 Δαληθήσεται
1283 1061 1377 1114 καὶ
1406 1061 1860 1134 κηρυχθήσεται·

291 1145 390 1200 οὐκ
426 1147 518 1199 ἐπὶ
554 1144 660 1215 γῆς
695 1146 875 1216 μόνον,
920 1147 1058 1201 ἀλλά
1085 1148 1180 1202 καὶ
1211 1151 1271 1202 ἐν
1326 1150 1578 1221 οὐρανοῖς
1602 1167 1616 1182 ·
1655 1153 1756 1206 οὐκ
1779 1153 1865 1207 ἐπ’

293 1236 660 1308 ἀνθρωπίναις
691 1237 904 1301 ἀκοαῖς,
945 1238 1083 1293 ἀλλά
1119 1242 1214 1294 καὶ
1248 1241 1420 1306 θείαις
1463 1244 1864 1315 ἐνηχηθήσεται

295 1329 533 1398 νοήσεσι,
561 1329 684 1396 τίνα
715 1329 780 1399 δή
804 1328 873 1383 τά
909 1329 1327 1402 λαληθησόμενα
1375 1334 1505 1404 περὶ⁸
1527 1334 1714 1389 αὐτοῦ.
1753 1334 1865 1390 Καὶ

296 1421 487 1473 σκόπει
517 1420 666 1482 ὅπως
691 1421 719 1473 ό
767 1420 931 1474 Δασὶδ
963 1420 1134 1474 ταῦτα
1188 1424 1646 1494 προανεφὼνησεν
1671 1441 1683 1454 ’
1715 1425 1865 1489 ὅπως

292 1509 368 1572 ὡς
419 1511 720 1580 γενομένην
771 1509 870 1580 τήν
906 1511 1014 1564 τῶν
1063 1511 1364 1582 μελλόντων
1421 1514 1865 1586 προανεκήρυξεν

295 1599 540 1664 εκσασιν,
579 1601 675 1673 τὴν
706 1600 814 1655 τῶν
849 1603 1120 1672 ἐσομένων
1177 1604 1549 1675 ἀπαραίτητον
1575 1605 1861 1675 ἀλήθειαν,

294 1685 374 1755 τῷ
427 1686 776 1757 παρῳχηκότι
825 1687 1166 1760 διασημάνας
1211 1692 1408 1764 χρόνῳ.
1443 1693 1865 1765 Δεδοξασμένα

299 1750 430 1845 περὶ
479 1750 748 1848 σού-γὰρ
779 1750 1070 1850 ἐλαλήυάη,
1102 1750 1370 1851 viva-dli"...
1395 1784 1504 1838 τοῦ
1539 1750 1726 1841 Θεοῦ..
1764 1789 1862 1841 Δε-
1895 1750 1936 1804 Β

297 1868 596 1938 δοξασμένα
643 1869 784 1942 ὑπὲρ
827 1873 1008 1926 πᾶσαν
1065 1873 1436 1944 διηγουμένην
1476 1873 1658 1940 δόξαν.
1704 1879 1865 1934 Δεδο-

301 1957 544 2029 ξασμένα
587 1963 706 2025 ταῖς
746 1964 1008 2018 ἀνωτάτω
1053 1965 1350 2033 δυνάμεσιο
1391 1970 1737 2040 τετιμημένα
1771 1971 1865 2026 καὶ

299 2051 526 2119 ποθητά,
565 2055 677 2118 τοῖς
702 2054 1028 2124 ὁμογενέσιν
1055 2057 1382 2131 ἀνθρὼποις’
1415 2059 1732 2132 ἐπιθυμητὰ
1764 2079 1865 2116 πα-

295 2141 584 2214 τριάρχαις
613 2160 629 2178 ο
699 2147 872 2202 σεπτά
927 2150 1336 2222 προπάτορσινο
1397 2154 1728 2226 άνάγραπτα
1772 2156 1868 2210 καὶ

299 2233 534 2302 ζητητέα
565 2237 890 2305 προφήταις
921 2239 1020 2292 Διά
1047 2239 1217 2294 ταῦτα
1253 2242 1405 2296 πᾶσα
1431 2244 1608 2308 κτίσις
1636 2245 1866 2316 εὐφραί-

299 2339 470 2376 νεται·
507 2324 718 2390 τούτοις
749 2328 1040 2396 άγγελικαὶ
1073 2331 1383 2403 συνήδονται
1415 2335 1670 2404 στρατιαί
1693 2353 1708 2368 ο
1742 2336 1869 2390 τού-

298 2429 409 2476 τοις
441 2413 470 2466 ό
522 2414 743 2485 σύμπας
775 2419 1128 2490 ὲνωραῖζεται
1167 2423 1406 2494 κόσμος·
1441 2425 1652 2492 τούτοις
1693 2428 1870 2500 σήμε-

305 2522 396 2576 ρον
417 2508 450 2578 ή
469 2510 715 2578 γηγενῶν
735 2513 1101 2580 ἐπαγάλλεται
1121 2515 1282 2586 φύσις
1299 2517 1468 2572 ταῦτα
1489 2517 1868 2591 δοξολογοῦσα,

299 2599 399 2668 τήν
423 2600 738 2670 προεόρτιον
762 2603 892 2671 άγειο
917 2605 1018 2676 τῆς
1053 2607 1317 2679 μεγίστης
1368 2609 1646 2682 σωτηρίας
1727 2631 1871 2670 παν-

299 2685 499 2755 ήγυριν
524 2701 540 2717 ο
569 2686 774 2760 ταύτην
805 2693 1342 2764 προπεριπτύσςίεται
1361 2713 1376 2727 °
1407 2699 1526 2770 τὴν,
1557 2700 1625 2754 δι’
1668 2695 1737 2774 ἦς
1771 2704 1873 2775 τῆς

300 2775 644 2848 τελειοτάτης
687 2780 986 2852 τετύχηκεν
1022 2785 1416 2852 ἀγαλλιάσεως.
1451 2791 1625 2846 Τοῦτο
1665 2794 1771 2865 γὰρ
1809 2795 1872 2850 τὸ

299 2867 592 2935 γενέθλιον,
648 2873 748 2942 τὴν
808 2875 979 2945 αὐτῆς
1025 2877 1383 2952 ἀναγέννησιν
1423 2887 1910 2958 προανεφώνησεο,

305 2958 492 3050 Τοῦτο.
524 2960 622 3032 τὴν
653 2963 716 3018 ἐκ
766 2965 976 3038 πλάνης
1008 2969 1328 3040 ἀνάκλησιν,
1358 2974 1456 3027 καὶ
1508 2976 1872 3050 παλαιότητος

305 3046 460 3116 αὖθις
507 3053 816 3111 ἀνάπλασιν
876 3060 1296 3134 προδιεκήρυξε.
1360 3065 1574 3133 Τοῦτο,
1623 3046 1874 3142 sim-cii;

303 3143 577 3210 ἀγνωσίας
603 3147 773 3218 αὐτῆς
808 3150 1033 3217 ἀγονίαν
1069 3155 1168 3207 καὶ
1191 3155 1492 3226 ἀκαρπίαν,
1527 3160 1608 3222 είς
1641 3159 1875 3230 θεογνω-

304 3233 425 3296 σίας
453 3237 832 3307 καρποφορίαν
852 3239 1129 3294 ἐπιδοῦναι
1156 3246 1502 3315 προεμήνυσε
1529 3262 1544 3277 ο
1569 3247 1744 3313 τοῦτο,
1776 3249 1878 3316 τάς

305 3322 444 3394 πρὸς
483 3325 584 3396 τήν
636 3327 796 3398 χάριν
832 3329 968 3401 αὐτῇ
1013 3329 1346 3402 ὡδοποίησεν
1389 3335 1660 3399 εἰσόδους·
1693 3342 1875 3408 τοῦτο,

301 3417 404 3478 τὰς
437 3417 536 3486 τῆς
562 3419 834 3490 σωτηρίας
869 3421 1046 3485 πύλας
1068 3417 1398 3495 προανέῳξε’
1430 3427 1607 3494 τοῦτο,
1629 3431 1711 3494 είς
1739 3448 1878 3486 κατ-

306 3505 547 3575 αλλαγάς
588 3511 972 3580 προτέθειταιο
1011 3513 1192 3580 τοῦτο,
1242 3516 1324 3581 είς
1365 3518 1644 3587 μεσιτείαν
1691 3521 1880 3590 παρεί-

305 3593 537 3666 ληπται·
570 3595 657 3651 διὰ
699 3599 877 3666 τοῦτο,
923 3601 1016 3654 νῦν
1054 3605 1104 3656 oi
1147 3602 1244 3656 τοῦ
1280 3603 1473 3673 γένους
1503 3608 1880 3681 παρρησιαζό-

311 3687 451 3758 μεθα
509 3691 841 3763 συμμέτοχοι
889 3711 904 3726 ο
972 3695 1062 3750 διὰ
1109 3695 1308 3764 τοῦτο,
1381 3698 1481 3770 τῆς
1540 3700 1877 3770 οἰκειοτέρας

311 3780 716 3850 μετειλήφαμεν
743 3783 988 3848 στάσεως
1013 3801 1026 3816 ο
1053 3785 1142 3838 διὰ
1194 3785 1293 3858 τήν
1343 3787 1747 3860 άποκυηθεῖσαν
1775 3805 1876 3842 πα·-

310 3869 493 3935 στάδα,
525 3871 584 3924 ἐν
641 3871 718 3942 τῷ
776 3871 1036 3946 βασιλικῷ
1084 3876 1551 3948 κατελογίσθημεν
1595 3878 1874 3949 νυμφῶνιο

305 3956 394 4010 διά
418 3949 512 4011 τὸν
549 3960 644 4014 νῦν
682 3963 1031 4035 παραχθέντα
1082 3965 1466 4038 λαμπρότερόν
1497 3984 1558 4021 τε
1597 3968 1734 4039 ὁμοῦ
1786 3969 1879 4024 καὶ

307 4049 746 4123 εύρυχωρότερον
773 4057 1021 4128 οὐρανὸν,
1040 4057 1138 4129 τὴν
1167 4059 1417 4130 οὐράνιον
1446 4061 1880 4132 έπεγραψάμεθα

306 4135 584 4212 διαγωγήν
609 4157 624 4176 ο
658 4141 745 4196 διὰ
765 4144 865 4213 τῆς
895 4145 1190 4214 συγγενοῦς
1219 4145 1490 4216 εὐλογίας,
1525 4149 1622 4220 τῆς
1643 4148 1876 4219 εὐαγγε-

307 4227 468 4299 λικῆς
491 4231 898 4302 ὲναπολαύομεν
931 4231 1221 4305 θυμηδίας.

389 4321 531 4375 Ἀλλ’
555 4315 601 4375 ὧ
631 4324 729 4393 τῆς
753 4322 1036 4395 παρούσης
1059 4326 1152 4378 καὶ
1181 4325 1280 4396 τῆς
1310 4327 1575 4399 ἐσομένης
1604 4329 1874 4400 εὐφροσύ-

1963 520 2292 580 conreptus.
2343 509 2464 575 Hic,
2536 507 2757 580 angelus
2795 507 3185 576 redemptionis
3255 513 3526 578 puerperii

1963 615 2182 670 praeco;
2233 600 2368 664 illic,
2391 597 2750 669 archangelus
2799 598 3128 654 admiranda:
3162 601 3530 672 conceptionis

1963 691 2178 747 faustus
2201 692 2447 750 nuntius.

2033 781 2206 836 Porro
2228 782 2573 851 presentium
2596 781 2914 853 pollicitatio
2939 783 3249 839 nuntiorum
3274 823 3288 848 ,
3332 786 3531 843 clarius

1964 886 2086 942 quas
2114 873 2182 926 ad
2211 871 2354 927 illam
2383 881 2634 943 spectant
2679 874 3094 943 praenuntiavit.
3135 875 3526 932 Prcdicabitur

1965 963 2131 1028 enim,
2193 963 2366 1033 inquit
2413 965 2748 1030 praenuntius
2797 965 3042 1036 angelus,
3087 968 3342 1022 uniuersis
3409 977 3529 1024 tuus

1962 1064 2170 1125 partus.
2201 1053 2593 1110 l’raidicabitur
2620 1071 2684 1111 ac
2711 1055 3094 1125 celebrabitur,
3138 1074 3239 1116 nec
3293 1060 3347 1114 in
3384 1070 3528 1117 terra

1964 1146 2161 1213 solum,
2215 1161 2401 1203 verum
2441 1147 2604 1204 etiam
2641 1147 2693 1202 in
2727 1149 2883 1204 ctrlis
2913 1165 2929 1204 :
2972 1163 3071 1206 nec
3109 1159 3318 1205 tantum
3347 1152 3402 1207 in
3432 1169 3531 1206 au-

1967 1237 2114 1292 ribus
2153 1237 2569 1306 liominum,,sed
2599 1248 2652 1293 et
2671 1239 2870 1295 divinis
2893 1239 3231 1298 insonahitur
3255 1243 3526 1310 sensibus,

1964 1344 2210 1400 quaenam
2227 1329 2336 1384 sint
2352 1337 2500 1384 tanta
2535 1329 2622 1384 illa
2643 1331 2710 1386 de
2732 1345 2798 1386 eo
2823 1332 3164 1402 praedicanda
3195 1341 3374 1405 partu.
3401 1334 3532 1391 Per-

1964 1420 2110 1488 spice
2135 1433 2284 1484 vero,
2314 1427 2372 1474 ut
2414 1420 2528 1476 haec
2568 1419 2735 1477 David
2763 1421 3102 1492 praedixerit;
3134 1432 3195 1478 ut
3222 1423 3369 1478 velut
3395 1423 3526 1494 quid

1965 1521 2172 1578 gestum
2210 1511 2654 1581 prtenuntiaverit
2679 1512 2982 1568 futurorum
3017 1521 3293 1580 eventum,
3333 1513 3532 1570 infalll-

1965 1601 2124 1654 bilem
2156 1602 2459 1658 futurorum
2485 1605 2766 1661 veritatem
2799 1607 3074 1677 praeterito
3097 1617 3342 1680 tempore
3379 1609 3524 1664 desi-

1965 1707 2153 1762 gnans.
2184 1691 2427 1749 Gloriosa
2457 1696 2597 1750 enim
2623 1696 2763 1750 dicta
2787 1707 2906 1752 sunt
2933 1698 2997 1752 de
3015 1707 3086 1762 te,
3110 1698 3309 1769 inquit,
3345 1701 3529 1755 civitas

1967 1782 2064 1838 Dei
2087 1785 2148 1836 ⁸⁸.
2174 1783 2419 1840 Gloriosa
2435 1801 2598 1857 super
2611 1801 2850 1854 omnem,
2868 1803 2988 1860 qua:
3003 1788 3256 1854 refertur,
3280 1791 3532 1860 gloriam.

1962 1874 2231 1940 Gloriosa,
2278 1877 2534 1947 supernis
2589 1878 2933 1934 virtutibus:
2993 1879 3170 1949 pretio
3231 1879 3416 1936 habita
3473 1895 3538 1936 ac

1963 1969 2167 2037 cupita.
2191 1968 2592 2040 congeneribus
2628 1970 2939 2026 hominibus
2979 1989 2994 2026 :
3031 1971 3535 2042 desiderabilia-pa-

1918 2108 1936 2125 ,
1963 2053 2216 2111 triarcbis
2253 2074 2267 2110 :
2304 2057 2610 2111 veneranda
2646 2059 2920 2125 prioribus
2969 2060 3212 2128 patribus
3247 2077 3262 2114 :
3297 2061 3531 2130 perscri-

1965 2154 2054 2216 pta
2085 2159 2153 2201 ac
2181 2145 2494 2216 vestigauda
2528 2145 2825 2216 prophetis.
2881 2145 3111 2214 Propter
3139 2149 3253 2204 haec
3281 2149 3535 2206 tutantur

1965 2235 2215 2292 universa
2237 2245 2420 2292 creata
2453 2253 2468 2291 :
2495 2237 2835 2307 congaudent
2857 2237 2943 2292 his
2959 2239 3230 2295 exercitus
3255 2240 3484 2311 angelici
3517 2258 3532 2296 :

1966 2325 2052 2380 his
2082 2339 2189 2396 una
2241 2324 2506 2394 gloriatur
2566 2326 2800 2383 mundus
2850 2327 3138 2384 universus
3197 2329 3331 2386 :his
3377 2330 3540 2385 hodie

1967 2413 2205 2472 exsultat
2233 2416 2628 2486 terrigenarum
2660 2432 2832 2487 genus
2866 2437 2880 2474 :
2913 2418 3028 2474 haec
3061 2417 3312 2486 laudans,
3347 2421 3558 2476 salutis-

1966 2521 2217 2560 mamma:
2248 2507 2584 2575 pervigilium
2622 2508 2732 2580 agit
2767 2527 2781 2564 :
2811 2509 2917 2564 hoc
2941 2509 3274 2580 prasalutat,
3303 2526 3412 2581 quo
3437 2510 3538 2566 ab-

1968 2596 2351 2654 solutissimam
2377 2598 2636 2668 consequi
2661 2599 2857 2653 meruit
2875 2598 3311 2655 exsultationem.
3331 2601 3540 2671 Quippe

1972 2689 2210 2745 natalitia
2247 2689 2361 2743 haec
2403 2689 2692 2744 humanam
2725 2691 3154 2759 praenuntiarunt
3179 2693 3542 2762 regeneratio-

1968 2794 2116 2835 nem.
2159 2779 2284 2836 Haec
2330 2781 2727 2834 revocationem
2773 2779 2841 2834 ab
2873 2795 3082 2848 errore,
3143 2795 3208 2836 ac
3251 2781 3537 2837 vetustatis

1969 2873 2204 2928 loturam
2239 2872 2632 2943 prtesignarunt
2662 2871 3116 2928 instaurationem
3156 2888 3170 2926 :
3217 2873 3354 2935 hac,
3383 2873 3536 2941 igno-

1943 2959 2194 3039 gratiouis
2217 2967 2422 3016 nostrae
2447 2958 2982 3028 inlecunditatem,iu
3016 2961 3262 3018 scientia
3294 2962 3389 3016 Dei
3422 2960 3540 3016 fru-

1957 3063 2102 3112 ctum
2135 3065 2512 3126 promoturam
2541 3056 2904 3112 ostenderunt
2928 3071 2946 3124 ;
2977 3055 3113 3120 lucc,
3137 3055 3202 3110 ad
3229 3054 3540 3124 ingressum

1961 3148 2152 3218 gratiae
2211 3147 2318 3202 iter
2375 3147 2536 3203 nobis
2582 3146 2874 3216 iecerunt;
2908 3147 3044 3212 haec,
3104 3146 3304 3202 salutis
3357 3156 3570 3218 portas.

1958 3247 2448 3308 przeaperuerunt;
2493 3238 2633 3307 haec,
2683 3237 3117 3296 reconciliationi
3187 3237 3564 3296 fundamenta.

1967 3323 2117 3394 iacta
2166 3319 2394 3374 fuerunt
2441 3338 2454 3374 :
2505 3321 2656 3388 haec,
2703 3323 2772 3378 ad
2821 3324 3215 3379 mediationem
3267 3330 3548 3390 assumpta

1959 3420 2090 3470 sunt
2129 3428 2144 3466 :
2188 3425 2289 3482 per
2316 3425 2382 3466 ea
2405 3425 2581 3476 nunc,
2613 3412 2711 3482 qui
2744 3414 2994 3484 ejusdem
3021 3427 3217 3470 sumus
3241 3409 3543 3480 participes

1977 3503 2216 3572 generis,
2242 3501 2491 3557 ﬁduciam
2540 3501 2803 3556 habemus
2835 3517 2849 3555 :
2887 3515 2982 3571 per
3014 3515 3102 3565 ea,
3156 3501 3556 3570 congruentios

1979 3610 2093 3650 rem
2121 3595 2426 3664 recepimus
2455 3601 2656 3649 statum
2684 3612 2698 3649 :
2731 3607 2830 3664 per
2853 3593 3056 3648 editum
3088 3591 3191 3645 luci
3220 3591 3544 3657 thalamum,

1978 3687 2253 3759 regalibus
2279 3684 2482 3754 nuptiis
2508 3683 2720 3740 accensi
2760 3698 2984 3738 sumus:
3021 3698 3117 3753 per
3154 3682 3352 3765 uelum
3391 3681 3554 3747 illud,

1979 3777 2120 3848 quod
2145 3791 2290 3832 nunc
2318 3773 2653 3846 splendidius
2685 3774 2892 3844 pariter
2943 3783 3009 3828 ac
3063 3773 3318 3843 capacius
3343 3774 3546 3842 produ-

1979 3877 2124 3921 ctum
2151 3865 2270 3933 l'uit,
2297 3862 2576 3919 caelestem
2615 3863 2737 3917 vita:
2773 3862 3035 3916 rationem
3065 3862 3360 3918 ascivimus
3403 3877 3419 3917 :
3451 3876 3550 3932 per.

1981 3967 2262 4026 cognatam
2314 3955 2742 4013 benedictionem
2805 3954 3116 4025 evangelica
3181 3955 3422 4024 patimur
3461 3952 3550 4022 ju-

1981 4049 2273 4106 cunditate.

2050 4325 2129 4380 'l‘u
2162 4339 2289 4380 vero
2321 4321 2612 4394 praesentis.
2627 4321 2832 4390 pariter
2851 4334 2916 4375 ac
2951 4320 3148 4375 futura:
3178 4301 3386 4375 latitia
3423 4333 3554 4374 con-

305 4429 406 4482 νης
432 4414 692 4486 πρόξενεί
720 4409 765 4469 ὦ
801 4417 895 4469 καὶ
920 4416 1234 4488 παρρησίας
1274 4417 1368 4470 καὶ
1400 4418 1568 4488 τιμῆς
1625 4418 1879 4488 σεμνολό-

1983 4418 2252 4481 ciliatrix;
2284 4415 2492 4471 ﬁducia:
2535 4413 2704 4469 totius
2746 4413 3080 4483 honorisque
3138 4411 3436 4484 gloriatio;
3471 4422 3550 4476 tu,

304 4520 461 4575 γημα
487 4520 501 4535 ·
537 4507 601 4559 σὺ
631 4507 728 4576 τῆς
751 4507 892 4577 ὑπὲρ
913 4507 1023 4560 τῶν
1052 4507 1162 4560 σῶν
1200 4509 1566 4581 πανηγύρεων
1619 4509 1874 4580 εὐωχίας,

303 4595 405 4666 τὴν
450 4596 712 4651 ἀνωτάτω
759 4598 1082 4653 πανδαισίαν
1125 4600 1426 4672 ἀμείψαιο·
1483 4602 1550 4656 σὺ
1602 4601 1697 4656 τοῦ
1737 4603 1879 4675 ὑπὲρ

302 4687 415 4740 τῶν
442 4689 701 4743 τοιούτων
753 4689 1056 4762 προθύμου,
1107 4692 1204 4757 τὰς
1232 4691 1476 4763 μεγάλας
1501 4693 1880 4764 ἀντεισφέροις

304 4779 508 4852 δωρεὰς
533 4783 812 4852 κόσμησον
833 4783 910 4847 ὠς
931 4787 994 4856 τῇ
1039 4783 1294 4856 αἰσθητῇ,
1326 4786 1418 4838 καὶ
1449 4788 1514 4857 τῇ
1546 4788 1707 4858 νοητῇ
1737 4803 1880 4856 φαι-

302 4869 544 4943 δρότητι,
607 4875 707 4944 τὴν
761 4874 1042 4946 παροῦσαν
1097 4876 1410 4948 ὁμήγυρινο
1456 4875 1736 4948 -ρύθμισον
1779 4875 1879 4948 τὴν

305 4965 828 5037 συγκεκροτημένην
855 4965 1142 5038 θειοτέρως
1171 4967 1531 5040 χοροστασίαν
1555 4984 1568 4999 ο
1615 4967 1880 5038 ὲνήχησον

303 5054 444 5124 αὐτῇ
481 5055 820 5124 ἐναρμόνιον,
854 5057 947 5109 καὶ
968 5057 1065 5127 τῆς
1093 5056 1200 5109 τῶν
1229 5056 1594 5127 ἑορταζόντων
1622 5057 1680 5108 ἐν
1708 5055 1876 5126 ούρα-

303 5145 416 5206 νοίς
454 5144 830 5214 ἀγαλλιάσεως
887 5146 1084 5216 μέλοςο
1142 5145 1289 5200 ἔπιδε
1333 5147 1468 5217 πρὸς
1505 5146 1605 5218 τὴν
1646 5146 1878 5201 ἑκάστου

303 5232 572 5289 διάνοιαν·
613 5236 806 5290 ἓτασον
851 5238 914 5292 τὸ
965 5239 1058 5292 τοῦ
1114 5237 1280 5292 πόθου
1337 5237 1621 5310 διάπυρον,
1675 5239 1772 5293 καὶ
1802 5238 1880 5310 τῷ

302 5326 552 5392 έτάζοντι
598 5329 668 5383 τά
717 5328 812 5383 co:
847 5329 1149 5395 συνειδότος
1203 5331 1443 5404 ἄρρητα,
1497 5328 1881 5394 καθυπόδειξον

301 5417 463 5472 τοῦτο
515 5422 794 5496 Δεσπότῃ·
853 5424 1128 5494 πρότεινον
1194 5424 1264 5476 τά
1312 5422 1415 5493 τῆς
1450 5421 1744 5486 διαθέσεως
1801 5420 1880 5492 τῷ

313 5510 858 5586 ἀνακεκαλυμμένως
891 5515 1193 5588 καθορῶντι
1229 5514 1296 5571 τά
1331 5515 1563 5588 κρύφια.
1610 5509 1731 5569 Εἷδε
1768 5515 1870 5584 μὲν

387 5691 434 5722 ⁸³
471 5688 616 5746 Psal.
641 5705 863 5757 tum,
882 5691 936 5745 δ.

1981 4514 2223 4582 inquam,
2261 4524 2359 4580 pro
2400 4517 2610 4562 tuarum
2642 4505 2892 4560 convivio
2923 4505 3323 4568 celebritatum,
3359 4518 3550 4574 super-

1985 4619 2082 4656 nas
2113 4598 2424 4670 rependeris
2475 4597 2700 4668 epulas;
2739 4605 3090 4666 nostramque
3125 4595 3269 4650 illam
3284 4608 3398 4666 'pro
3427 4604 3552 4650 tau-

1982 4694 2052 4749 tis
2093 4693 2199 4748 tuis
2249 4693 2486 4755 dotibus.
2531 4691 2893 4754 alacritatem,
2933 4689 3148 4759 magnis
3186 4687 3551 4744 cumnlaveris

1983 4781 2318 4838 muneribus.
2351 4781 2497 4837 Orna
2538 4789 2857 4850 praesentem
2889 4776 3237 4844 conven’tum,
3272 4781 3349 4832 uti
3381 4779 3552 4834 sensi-

1983 4870 2098 4934 bili,
2132 4871 2206 4924 ita
2233 4878 2286 4925 et
2313 4869 2539 4939 spiritali
2565 4868 2747 4924 latitia
2779 4885 2794 4922 :
2829 4883 3094 4938 compone
3121 4883 3366 4924 coactam
3403 4868 3544 4922 divi-

1983 4961 2130 5016 nitus
2171 4961 2425 5015 choream
2480 4979 2494 5015 :
2543 4961 2591 5016 ei
2652 4962 2840 5015 insona
2903 4963 3228 5016 concinnum
3268 4961 3456 5026 melos.
3488 4977 3566 5018 ac-

1960 5050 2357 5129 pxsultationis
2391 5065 2604 5113 eorum,
2632 5051 2722 5118 qui
2783 5051 2835 5105 in
2892 5051 3045 5106 cmlis
3095 5051 3383 5122 epulantur
3421 5069 3434 5106 :
3471 5067 3572 5106 re-.

1981 5142 2128 5211 spice
2161 5141 2214 5194 in
2258 5139 2516 5210 cujusque
2543 5151 2812 5210 mentem;
2847 5153 3092 5198 scrutare
3131 5158 3420 5199 accensum
3463 5143 3566 5196 δε..

1981 5233 2262 5296 siderium,
2317 5231 2559 5302 illudque
2611 5235 2874 5289 scrutanti
2928 5237 3276 5290 conscientiae
3327 5247 3549 5294 arcana,

1979 5325 2174 5379 blande
2195 5321 2462 5378 ostende:
2520 5323 2568 5377 ci
2599 5322 2938 5381 affectionem
3000 5325 3156 5392 «παπ,
3207 5325 3300 5394 qui
3342 5323 3564 5377 Occulta

1981 5415 2270 5472 manifeste
2317 5415 2484 5470 videt.
2513 5413 2676 5472 Plane
2703 5416 2872 5480 videt,
2916 5415 2993 5470 uti
3028 5415 3276 5484 cognitor
3309 5411 3558 5465 invisibi-

1979 5513 2110 5570 lium
2175 5511 2442 5583 omnium,
2501 5521 2666 5583 atque
2711 5521 2925 5568 tuorum
2983 5509 3036 5563 in
3087 5504 3552 5576 te~laudatoruuz,
