3970 6212
473 259 610 328 1390

1608 276 1930 340 GEORGII
1969 281 2568 376 NICOMEQIENSIS

3610 307 3744 374 libo

470 386 694 446 propter
712 391 775 435 se
805 377 940 449 ipse,
978 379 1308 437 desiderium
1335 397 1676 454 perspectum
1709 389 1872 448 habet
1900 413 1913 450 :
1943 395 2055 450 vult

2164 397 2233 461 ὥς
2264 396 2373 452 τῶν
2402 397 2649 455 ἀθεάτων
2683 400 2903 459 ἅπαντα
2949 406 3220 480 γνὼστης,
3254 412 3350 466 τόν
3377 431 3438 468 τε
3471 415 3542 470 δι’
3591 421 3746 476 αὐτὸν

471 468 849 535 nihilominus,
891 469 1055 540 idque
1114 472 1426 542 impensiori
1477 477 1740 544 bonitate,
1792 485 2052 540 utetiam

471 575 568 627 per
612 570 887 617 maternas
941 563 1390 634 supplicationes,
1438 582 1504 622 ea
1555 579 1612 626 et
1654 571 1972 645 offerantur,
2003 587 2056 634 et

471 655 818 725 impleantur.
857 655 983 712 Haec
1009 659 1230 732 quippe,
1267 672 1357 718 tua
1387 667 1453 720 ad
1495 681 1643 733 eum,
1671 683 1734 722 ac
1761 679 1946 726 nostra
1985 673 2054 728 ad

472 757 522 801 te
551 747 802 818 gloriatio
829 759 912 805 est
943 769 958 806 :
999 752 1126 821 hoc,
1163 755 1283 825 ejus
1310 772 1406 827 per
1441 769 1494 814 ιε
1517 761 1773 817 exhibitae
1815 763 2056 819 clemen-

473 840 560 895 tia:
582 841 877 908 specimen.
915 843 1025 916 Spe
1050 847 1316 918 subvecti,
1338 866 1500 920 quam
1529 867 1591 908 ea
1625 853 1774 919 facit,
1811 866 2052 912 nostram

470 933 804 1003 despicimus
870 937 1280 1009 abjectionem;
1344 944 1602 1000 humilem
1671 955 2055 1023 terrenamque

469 1025 622 1080 obliti
660 1031 1136 1088 consuetudinem.
1179 1033 1316 1090 Hinc
1363 1051 1392 1090 a
1445 1039 1678 1096 terrenis
1737 1056 2050 1114 assurgere,

470 1124 636 1186 atque
670 1117 724 1171 in
769 1119 966 1175 crelum
1018 1125 1350 1180 contendere
1399 1127 1646 1184 nitimur.
1691 1128 1830 1188 Hinc
1894 1135 2055 1190 nobis

469 1217 620 1263 certa
676 1209 941 1266 bonorum
997 1215 1359 1284 repositorum
1409 1233 1535 1290 spes
1586 1221 1805 1294 affulget
1857 1243 1874 1283 :
1928 1227 2056 1284 hinc

469 1309 796 1368 aeternorum
831 1317 1062 1376 surgunt
1106 1311 1571 1380 exspectationes.
1603 1313 1874 1373 illustrem
1916 1318 2055 1374 hanc

451 1395 819 1468 1divinamque
851 1397 1208 1457 festivitatem
1261 1407 1637 1463 amantissime
1687 1408 2054 1476 celebrantes,

471 1483 723 1544 universa
749 1491 804 1546 in
841 1507 994 1548 suam
1023 1496 1329 1565 providenti
1361 1498 1615 1569 gloriam,
1641 1511 2056 1574 maternamque

471 1578 870 1648 gloriationem,
907 1600 971 1640 ac
1011 1587 1252 1642 salutare
1300 1590 1669 1660 subjectorum
1706 1594 1893 1660 decus,
1932 1610 2054 1666 gra-

453 1671 580 1739 tias
627 1675 1023 1743 submittimus,
1055 1679 1273 1735 Christo
1308 1681 1577 1737 bonorum
1605 1685 1817 1740 auctori
1847 1700 1910 1742 ac
1941 1687 2054 1741 lar-

2155 491 2236 554 είς
2276 490 2336 543 σὲ
2363 491 2474 545 τῶν
2527 493 2842 565 ὑμνολόγων
2880 504 3140 555 κατανοεῖ
3162 503 3326 558 πόθον
3349 522 3365 537 ·
3401 507 3663 578 βούλεται
3693 514 3741 569 δὲ

2157 583 2252 635 καὶ
2282 583 2404 637 λίαν
2437 583 2865 657 ἀγαθοπρεπῶς,
2889 593 2985 645 θεαὶ
3009 592 3100 646 διὰ
3127 595 3400 667 μητρῴων
3426 601 3739 670 ἐντεύξεων,

2155 676 2252 728 καθ⁵
2285 678 2665 748 προτείνεσθαι
2691 683 2866 737 ταῦτα
2899 689 2996 738 καὶ
3054 687 3540 762 ἀποπληροῦσθαι.
3577 697 3739 753 τοῦτο

2155 768 2266 840 γὰρ
2297 769 2359 824 τὸ
2379 771 2518 842 πρὸς
2547 773 2712 829 αὑτὸν
2735 776 2831 830 σοῦ
2859 778 2956 832 καὶ
2984 781 3166 851 ἡμῶν.
3193 783 3275 848 είς
3310 785 3370 838 σὲ
3397 787 3738 854 ἐγκαλλὼπι-

2157 875 2270 953 σμα
2295 877 2316 953 εν
2343 861 2502 916 τοῦτὸ
2533 881 2616 932 τε,
2651 865 2943 939 γνώρισμα
2969 872 3073 941 τῆς
3116 873 3207 928 διά
3244 875 3339 929 σοῦ
3367 882 3742 953 γεγενημένης

2154 952 2320 1006 αὐτοῦ
2360 955 2794 1028 φιλανθρωπίας.
2859 961 3077 1033 Ταύτης
3125 969 3248 1030 ταῖς
3297 968 3487 1024 ἐλπίσι
3546 952 3738 1029 συναν-

2157 1041 2474 1135 υψούμενοι,
2503 1048 2602 1119 τῆς
2613 1051 2824 1116 οἰκείας
2847 1057 3310 1129 καταφρονοῦμεν
3329 1065 3738 1135 ταπεινότητος,

2153 1134 2253 1205 τῆς
2277 1137 2638 1209 χαμαιζήλου,
2682 1143 2778 1196 καὶ
2805 1143 3042 1213 γεώδους
3097 1151 3594 1224 ἐπιλανθανόμενοι
3633 1134 3737 1211 ora?

2154 1227 2673 1298 γωγῆς·’ὲντεῦθεν,
2731 1234 2839 1288 τῶν
2886 1237 2986 1308 τῆς
3017 1238 3122 1309 γῆς
3173 1242 3449 1313 ἐπαίρειν,
3484 1245 3585 1297 καὶ
3618 1245 3739 1316 πρὸς

2153 1317 2383 1392 οὐρανὸν
2409 1321 2733 1392 ἐπείγεσθαι
2775 1327 3226 1402 προθυμούμεθα.
3271 1333 3561 1390 Ἐντεῦθεν
3597 1339 3736 1407 ἡμῖν,

2155 1411 2211 1464 αἱ
2242 1411 2592 1482 ἀδιάψευστοι
2629 1417 2737 1470 τῶν
2793 1419 3176 1494 ἀποκειμένων
3208 1427 3433 1494 ἀγαθῶν
3488 1429 3736 1494 ἐλπίδες·

2155 1501 2405 1556 ἐντεῦθεν
2435 1505 2493 1558 αί
2521 1497 2640 1562 ’τῶν
2667 1509 2904 1566 αἰωνίων
2939 1515 3284 1585 προσδοκίαι.
3326 1519 3427 1572 Διά
3455 1519 3643 1583 τοῦτο,
3667 1540 3738 1589 φι-

2154 1593 2430 1668 λοφρόνως
2493 1599 2592 1672 τὴν
2624 1600 2866 1674 εὔσημον
2906 1607 3004 1660 καὶ
3038 1607 3191 1662 θείαν
3243 1611 3458 1683 ταύτην
3519 1615 3738 1682 ἄγοντες

2155 1687 2372 1760 ἑορτὴν,
2405 1689 2486 1762 τῷ
2511 1694 2592 1756 είς
2611 1695 2822 1749 οίκείαν
2848 1697 3066 1753 ἅπαντα
3097 1704 3533 1772 προνοησαμένῳ
3563 1705 3733 1770 δόξαν,

467 1763 630 1832 gitori
657 1781 671 1819 :
703 1765 876 1836 ipsum
912 1769 1113 1839 quippe
1137 1772 1293 1827 decet
1346 1774 1545 1840 honor,
1577 1784 1741 1845 atque
1779 1777 2050 1846 adoratio,

2164 1756 2239 1842 sit;
2261 1756 2530 1851 μήτρωιόν
2550 1801 2610 1837 τε
2631 1785 2916 1858 καύχημα,
2940 1791 3038 1844 καὶ
3067 1756 3342 1864 σωῖιήριον
3364 1761 3472 1848 εῶν

467 1867 532 1908 ac
563 1853 828 1926 laudatio,
861 1873 986 1914 cum
1024 1857 1206 1930 Patre,
1240 1878 1306 1917 ac
1341 1863 1548 1934 Spiritu
1583 1875 1796 1932 sancto,
1829 1883 1973 1925 nunc
1993 1877 2050 1926 et

467 1958 708 2014 semper,
742 1956 798 2002 et
827 1947 878 2002 in
911 1949 1107 2003 saecula
1133 1951 1476 2020 saeculorum,
1517 1953 1708 2008 Amen.

2154 1869 2605 1946 ὲγκαλλώπισμα,
2657 1877 2757 1948 τὴν
2805 1879 3156 1953 εὐχαριστίαν
3189 1883 3596 1955 ἀναπέμπομεν
3626 1883 3736 1957 [ἄλ.

2155 1961 2574 2040 ἀναφέρομεν],
2611 1967 2836 2043 Χριστῴ
2880 1971 2961 2042 τῷ
3013 1973 3124 2028 τῶν
3170 1976 3396 2045 ἀγαθῶν
3443 1979 3608 2048 αἰτίῳ
3655 1979 3738 2032 καὶ

467 2037 1022 2142 παρόκφηχδτιιαξδῖῷ
1049 2041 1254 2142 πξέτῖει
1305 2045 1460 2142 τιμὴ.
1507 2046 1607 2142 καὶ
1649 2039 2046 2120 προσδέύνησις,
2086 2052 2182 2108 καὶ
2241 2037 2541 2130 δοξολογεαζ
2571 2037 2677 2118 σὺν
2735 2037 2818 2136 τῷ
2843 2037 3040 2138 ηαὲρι,
3095 2068 3192 2122 καὶ
3219 2037 3327 2141 ’τῷ
3371 2072 3518 2142 ἁγίῳ
3573 2037 3736 2126 ita.

471 2145 624 2200 ματι,
653 2130 761 2186 νῦν
785 2133 878 2188 καὶ
898 2134 1007 2200 ἀεὶ,
1039 2137 1132 2189 καὶ
1163 2137 1243 2200 εἰς
1269 2138 1396 2203 τοὺς
1422 2140 1626 2205 αἰῶνας
1661 2143 1771 2196 τῶν
1797 2143 2009 2200 αίὼνων
2029 2185 2045 2201 .
2100 2147 2292 2223 ’Δμήν.

1824 2369 2086 2429 ORATIO
2129 2373 2200 2432 1v
2238 2373 2397 2450 (τε).

1430 2508 1500 2566 In
1532 2513 1918 2581 conceptionem
1956 2517 2302 2576 sanctissime
2331 2519 2431 2577 Dei
2470 2521 2774 2582 Genitricis.

540 2662 584 2720 l.
623 2663 804 2720 Suave
849 2662 1070 2734 quidem
1118 2671 1204 2720 est
1255 2665 1542 2734 prmsenlis
1585 2667 1746 2738 hujus
1791 2669 1926 2725 laetae
1959 2685 2050 2726 so-

467 2757 768 2818 lemnitatis
829 2769 1048 2812 nomen.
1099 2755 1172 2812 At
1229 2757 1450 2814 suavius
1494 2768 1579 2815 est
1620 2760 1764 2816 illius
1812 2763 2052 2819 rationes

471 2863 725 2907 sermone
761 2858 1051 2916 retexere;
1097 2862 1235 2918 quas
1265 2850 1462 2905 iterato
1497 2852 1810 2908 eVolventes
1844 2865 1900 2908 et
1927 2868 2056 2924 gra-

473 2943 695 3002 tabundi
717 2951 1072 3012 exponentes,
1094 2957 1234 2996 novo
1256 2956 1358 2998 nos
1383 2943 1682 2998 dulcedinis
1717 2945 2058 3002 incremento

2149 2673 2494 2743 oboriuntur,
2529 2677 2920 2752 satiaripotest
2951 2682 3190 2752 animus,
3217 2685 3373 2757 cujus
3397 2687 3739 2748 demonstra-

2153 2764 2354 2821 tionem
2387 2767 2454 2822 ad
2487 2782 2574 2835 ea,
2609 2784 2728 2839 qua:
2761 2781 2880 2827 acta
2916 2783 3045 2828 sunt
3099 2785 3222 2844 post
3278 2777 3545 2834 redditum
3574 2783 3743 2850 justis

2155 2855 2263 2914 illis
2285 2856 2530 2915 Joachim
2561 2871 2616 2917 et
2637 2864 2809 2920 Annae
2832 2864 3076 2922 divinum
3107 2869 3406 2936 oraculum,
3433 2871 3739 2942 rejicimus.

2157 2947 2237 3003 Eo
2270 2949 2415 3005 enim
2466 2967 2637 3023 usque
2670 2953 3036 3024 producentes
3067 2972 3396 3026 sermonem,
3432 2971 3486 3016 et
3516 2965 3740 3020 uberem

471 3049 807 3099 recreamur,
849 3043 905 3089 et
939 3033 1292 3104 eplendidiori
1329 3051 1462 3090 sane
1493 3036 1854 3106 ampliorique
1887 3039 2054 3094 volu-
2082 3073 2126 3132 ο
2159 3041 2375 3111 c0piam
2410 3058 2509 3114 per
2540 3044 2693 3100 illum
2723 3057 3137 3114 coacervantes,
3185 3049 3557 3107 insatiabilem
3595 3055 3744 3122 cupi-

470 3139 622 3199 ptate
685 3127 1086 3198 perfundimur.
1153 3127 1288 3184 Cum
1328 3128 1482 3198 jenim
1541 3130 1595 3184 in
1655 3130 1920 3196 ejusmodi
1977 3132 2057 3188 rei

474 3229 710 3274 tractatu
742 3217 924 3275 verbis
947 3219 1324 3284 immoramur,
1355 3230 1584 3290 augetur
1611 3222 1852 3278 suavitas
1885 3223 2054 3279 itera-

474 3313 622 3369 tione
696 3313 1003 3380 sermonis;
1069 3322 1126 3369 et
1194 3313 1648 3384 quemadmodum
1721 3330 2058 3386 qua-cunque

473 3406 676 3461 olentia
729 3405 1088 3461 innascuntur
1135 3407 1404 3476 germina,
1447 3407 1575 3461 licet
1624 3422 1721 3475 per
1766 3423 1826 3464 se
1873 3409 2058 3465 odoris

475 3500 708 3556 habeant
763 3496 1160 3570 fragrantiam,
1211 3502 1546 3553 contrectata
1598 3508 1776 3554 tamen
1820 3511 1874 3556 et
1907 3515 2056 3556 com-

473 3607 662 3660 pressa
729 3591 1026 3663 jucundum
1093 3591 1298 3662 magis,
1374 3593 1657 3662 magisque
1724 3592 2055 3663 fragrantem

473 3687 760 3755 exspirant
809 3684 1065 3750 odorem;
1097 3683 1175 3738 ita
1203 3693 1257 3738 et
1287 3683 1520 3739 celebris
1570 3683 1671 3738 ista
1720 3685 2055 3752 solemnilas,

473 3786 876 3848 unguentorum
909 3779 1099 3848 gratiae
1131 3776 1329 3830 referta
1376 3776 1564 3842 odore,
1598 3777 2056 3846 iucundissimam

475 3869 664 3940 utique
694 3883 927 3938 eamque
962 3867 1187 3924 minime
1221 3869 1457 3923 fucatam
1514 3884 1696 3924 secum
1727 3869 1901 3924 defert
1930 3885 2059 3926 sua-

479 3963 706 4016 vitalem
745 3979 762 4016 :
795 3961 1068 4032 praeconio
1144 3970 1324 4016 tamen
1379 3961 1687 4027 celebrata,
1761 3963 2062 4033 faustisque

394 4062 405 4071 '
475 4054 858 4110 commendata
888 4052 1404 4118 acclamationibus,
1431 4068 1498 4108 ac
1532 4053 1712 4107 verbis
1737 4053 1898 4108 veluti
1927 4069 2058 4110 con-

481 4155 733 4209 trectata,
785 4145 960 4216 magis
995 4159 1117 4200 eam
1151 4144 1298 4200 efflat
1329 4161 1481 4209 sane,
1512 4119 1888 4222 effunditque,
1925 4146 2059 4200 odo-

477 4247 707 4306 rataque
730 4252 1005 4308 nunquam
1050 4249 1383 4293 evanescmtt
1414 4238 1742 4308 cognitionis
1763 4246 2056 4308 unguenta;

423 4356 437 4363 -
476 4327 674 4398 quibus
727 4343 854 4384 vero
921 4329 1162 4400 penitius
1219 4330 1336 4400 ejus
1405 4338 1688 4402 perspecta
1748 4329 1807 4383 fit
1872 4331 2058 4396 notio,

2160 3129 2388 3186 ditatem
2441 3133 2717 3189 moderata
2765 3137 3163 3206 compositione
3204 3137 3567 3204 distulimus;
3608 3155 3749 3196 nunc

2163 3235 2298 3276 vero
2332 3222 2424 3276 illo
2453 3225 2762 3294 posthabito
2797 3240 3026 3282 necesse
3073 3236 3160 3282 est
3195 3229 3518 3282 thesaurum
3573 3229 3747 3298 ipse

2160 3327 2476 3384 comparate
2512 3317 2914 3386 aggredientes,
2944 3318 3032 3372 bis
3059 3318 3152 3388 qui
3193 3333 3530 3384 convenere,
3557 3319 3749 3389 jucun-

2161 3403 2445 3461 dissimam
2478 3407 2790 3465 traditionis
2816 3419 3028 3478 partem
3061 3423 3358 3484 exponere.

2234 3499 2298 3552 Il.
2341 3497 2478 3554 Cum
2547 3492 2711 3570 igitur
2779 3503 3117 3560 sanctissimi
3179 3503 3430 3561 Joaehim
3487 3514 3552 3560 et
3603 3507 3748 3560 Anna

2160 3591 2424 3661 ejusmodi
2449 3597 2795 3662 sponsionem
2817 3597 3086 3666 prmconis
3107 3611 3237 3654 voce
3261 3598 3504 3654 delatam
3535 3599 3752 3654 minime

2161 3698 2387 3756 prorsus
2421 3684 2807 3753 haesitabundi,
2842 3687 2976 3757 quin
3026 3690 3480 3744 coustantissima
3546 3699 3747 3752 mente,

2161 3775 2388 3846 perinde
2433 3791 2498 3832 ac
2542 3791 2600 3833 re
2638 3777 2750 3848 jam
2794 3780 3062 3848 completa
3126 3783 3546 3851 suscepissent,
3593 3783 3752 3838 letum

2161 3867 2529 3938 excepissent,
2557 3869 2806 3939 protinus
2843 3869 2934 3925 ille
2961 3871 3183 3940 quidem
3208 3887 3425 3942 preces,
3455 3875 3746 3938 stationes.

2161 3968 2474 4030 nuncupata
2546 3972 2709 4029 vota,
2782 3956 3186 4032 prepitiatio'nis
3269 3965 3750 4032 holocautomata,

2163 4051 2630 4124 acceptabilesque
2673 4053 2897 4109 instruit
2931 4055 3162 4111 hostias.
3219 4055 3342 4127 Ipsa
3383 4073 3524 4112 vero
3565 4071 3754 4112 manus

2163 4144 2277 4201 suis
2322 4145 2672 4214 impetratum
2722 4146 2980 4215 precibus
3025 4161 3086 4203 se
3133 4147 3245 4203 Deo
3291 4147 3658 4214 oblaturam,
3699 4165 3756 4203 ac

2164 4235 2452 4292 sacratiot-i
2509 4237 2830 4294 holocausto
2875 4249 3322 4294 consecraturam
3352 4240 3681 4310 pollicetur.
3715 4238 3756 4293 0

2159 4327 2435 4398 iustorum
2497 4329 2688 4384 fidem!
2731 4329 2777 4386 Ο
2829 4329 3326 4399 exploratissimam
3381 4347 3590 4402 spem,
3649 4347 3764 4402 qua

479 4423 790 4477 uberiorem
835 4421 1047 4492 spirant
1097 4421 1388 4477 suavitatis
1432 4423 1674 4476 odorem.
1709 4419 1845 4475 Cum
1879 4423 2062 4492 itaque
2093 4415 2138 4472 D
2167 4429 2427 4489 cognatas
2460 4431 2669 4475 natura:
2715 4421 2862 4496 vires
2901 4422 3197 4492 superant!
3229 4419 3274 4478 0
3309 4437 3394 4478 res
3430 4424 3578 4477 nulli
3619 4437 3762 4477 com-

474 4515 592 4584 jugi
625 4514 704 4569 rei
742 4507 1120 4580 meditatione,
1158 4515 1464 4584 iterataque
1497 4511 1860 4585 explicatione
1889 4513 2064 4570 dulcis

482 4610 598 4660 haec
632 4606 898 4675 spiritalis
932 4607 1184 4678 voluptas
1219 4607 1398 4676 majus
1429 4615 1610 4662 sumat
1641 4607 2064 4671 incrementum,

409 4686 425 4691 ’
481 4699 768 4770 magisque
818 4701 944 4756 inde
994 4700 1211 4755 animus
1263 4699 1600 4764 oblectetur;
1662 4683 1821 4784 lo’uge
1866 4699 2063 4754 acriori

483 4797 666 4852 studio
717 4807 888 4868 atque
937 4795 1240 4866 operosiori
1300 4795 1625 4852 tractatione
1675 4793 1742 4848 de
1797 4794 1898 4848 hac
1951 4794 2064 4862 ipsa

481 4890 830 4946 solemnitate
873 4898 1092 4960 oportet
1141 4889 1346 4945 habere
1379 4904 1708 4954 sermonem,
1757 4900 1815 4942 ttt
1848 4886 2065 4943 elllante

479 4993 545 5033 cx
577 4979 666 5034 illa
691 4981 1033 5051 jucunditate
1067 4981 1280 5038 abunde
1315 4981 1650 5052 expleantur.
1684 4979 1889 5035 Verum
1923 4988 1980 5034 ut
2012 4981 2064 5034 id

479 5069 680 5140 ipsum,
735 5087 843 5140 quo
893 5087 1178 5140 caremus,
1231 5073 1448 5144 assequi
1503 5073 1811 5141 possimus,
1868 5071 2067 5125 divinae

482 5165 721 5220 odorata:
741 5164 901 5235 hujus
921 5164 1230 5236 fragrantia
1253 5166 1456 5236 aspiret
1477 5164 1720 5230 aillatus;
1741 5163 2064 5220 inexhausta

483 5255 684 5327 quippe
715 5263 798 5312 est
828 5256 1017 5310 horum
1049 5255 1333 5334 bonorum,
1367 5271 1467 5311 nec
1501 5271 1568 5310 ex
1596 5255 1684 5322 iis,
1717 5270 1836 5325 quae
1865 5257 1932 5308 ab
1962 5255 2065 5309 illis

559 5390 696 5463 (18‘)
721 5391 988 5464 Excerpla
1015 5405 1079 5464 ex
1107 5405 1274 5464 opere
1303 5389 1805 5464 in_editoi_lli|}polyti
1833 5389 2072 5464 Merrae-

485 5459 578 5518 cii'
609 5459 694 5518 cui
761 5459 993 5518 titulus:
1031 5459 1256 5517 Mariale
1332 5459 1547 5529 Georgii
1618 5459 2070 5516 Nicmnediensis.

489 5531 569 5586 Ma
583 5534 771 5589 rraccii
799 5534 968 5588 codex
1000 5533 1424 5601 manuscriptus,
1455 5531 1640 5586 Romae
1667 5533 1720 5586 itt
1748 5531 2068 5586 bibliotheca

489 5603 945 5673 tiongregationis
986 5603 1326 5658 Clericorum
1383 5601 1568 5658 Matris
1598 5603 1691 5656 Dei
1732 5611 2066 5658 asservatur.

493 5670 763 5744 Pot'to_t_le
795 5674 894 5730 hac
922 5675 1145 5744 homilia
1180 5674 1232 5728 in
1266 5673 1678 5744 conceptionem
1731 5675 1846 5726 haec
1891 5685 2065 5744 anno-

484 5740 625 5796 tatit
674 5739 1008 5802 Marraccius
1041 5760 1058 5804 :
1091 5743 1407 5805 Orationem
1438 5739 1598 5800 hanc
1643 5742 1698 5800 in
1742 5741 2066 5817 perautiquo

2163 4513 2456 4583 parabiles,
2481 4524 2538 4568 et
2559 4513 2731 4569 libero
2751 4529 2882 4570 sane
2901 4515 3104 4585 judicio
3126 4515 3524 4584 relinquendas
3551 4531 3764 4581 eorum,

2167 4607 2258 4676 qui
2294 4621 2478 4662 veram
2513 4620 2940 4678 germanamque
2989 4608 3234 4678 ipsarum
3285 4609 3662 4664 eminentiam
3695 4617 3766 4661 te-

2169 4705 2298 4754 nent
2334 4698 2704 4768 eXploratam!
2742 4697 2930 4769 Neque
2973 4700 3119 4755 enim
3170 4714 3292 4755 cum
3330 4698 3498 4754 ﬁdem
3563 4701 3769 4755 habent

2163 4790 2318 4862 justi,
2363 4790 2532 4860 signis
2583 4799 2843 4859 praeterea
2897 4791 3160 4861 indigent.
3193 4789 3332 4857 Quin
3361 4789 3630 4845 .loachim
3669 4805 3766 4845 nec

2175 4885 2330 4954 signa
2361 4898 2420 4938 se
2438 4882 2740 4953 promereri
2766 4881 3014 4952 expetiit,
3041 4885 3387 4954 postmodum
3420 4885 3772 4946 certissime,

2173 4991 2238 5031 ac
2270 4976 2314 5032 si
2354 4975 2464 5044 jam
2517 4976 2858 5047 accepisset,
2913 4976 3020 5032 sibi
3076 4975 3315 5032 futuram
3365 4975 3596 5047 prolem
3651 4992 3776 5032 sea-

2172 5067 2333 5122 tiens.

2246 5159 2334 5214 lll.
2375 5157 2530 5214 Anna
2581 5175 2712 5217 vero
2755 5160 3082 5230 promissam
3155 5160 3363 5231 prolem
3425 5161 3677 5231 perinde
3717 5174 3779 5214 ac

2169 5263 2600 5324 praesentaneam
2637 5263 2692 5309 et
2727 5253 2908 5309 verbis
2957 5263 3012 5308 et
3060 5268 3120 5311 re
3149 5255 3266 5322 ipsa
3319 5262 3491 5319 tenet,
3541 5264 3607 5309 et
3644 5267 3779 5324 pra-

2183 5395 2374 5452 Graeco
2407 5411 2510 5452 ms.
2545 5395 2734 5452 codice
2757 5396 2860 5451 sub
2884 5397 3106 5453 nomine
3131 5395 3350 5465 Georgii
3375 5394 3780 5452 Nicomedien-

2181 5467 2259 5522 sis
2307 5467 2665 5536 metropolita:
2682 5481 2718 5536 _a
2755 5481 2812 5520 se
2841 5467 3113 5536 inventam
3142 5469 3441 5536 exscripsit
3467 5484 3544 5521 ac
3590 5467 3787 5524 Latine

2180 5537 2414 5592 reddidit
2466 5534 2629 5592 Adm.
2677 5534 2746 5591 Β.
2794 5536 2854 5592 Ρ.
2919 5537 2985 5592 ι).
3036 5534 3356 5593 Vincentius
3418 5537 3784 5600 lliccardius.

2180 5607 2414 5683 clericus
2453 5607 3025 5683 regularis,_mihique
3055 5607 3123 5662 ab
3151 5609 3474 5683 cobeuigne
3511 5624 3782 5668 commu-

2179 5681 2415 5736 nicatam
2451 5680 2721 5736 marianis
2758 5679 3054 5736 lectoribus
3085 5678 3330 5735 exhibui.
