3970 6212
325 308 461 377 1401

1212 286 1219 290 ’
1279 315 1364 378 IN
1405 317 1510 379 ss.
1547 317 1815 380 MARI/E
1851 312 2584 379 PRESENTATIONEM.

3453 309 3591 378 1402

327 429 475 485 benti
515 429 810 500 rependere
847 431 977 487 illud
1027 431 1229 503 ipsum,
1277 433 1422 504 quod
1473 433 1897 504 praehabendum
1933 409 2238 495 Aieventns
2266 427 2572 484 futurorum
2604 441 2711 483 non
2755 425 2963 495 expetit
2988 425 3169 493 signa,
3209 438 3396 480 verum
3425 429 3588 483 etiam

328 531 466 588 erat,
497 521 805 580 certissima
838 525 944 578 voti
977 525 1268 594 sponsione
1291 525 1643 594 conﬁrmans,
1678 525 1906 582 omnino

332 613 574 668 futurum
609 629 732 670 esse
763 615 1070 671 denuntiat.
1111 615 1233 671 Sive
1257 617 1420 683 enim,
1461 615 1660 686 inquit,
1692 632 1908 670 mascu-

329 703 414 758 lus
444 703 630 772 fuerit,
677 705 782 758 sive
809 704 1006 774 femina
1037 705 1094 758 id
1120 707 1258 776 quod
1307 722 1576 774 peperere,
1607 709 1706 760 hoc
1733 708 1906 776 ipsum

331 805 446 850 utut
495 797 619 860 erit,
671 796 896 852 Domino
945 797 1053 853 Deo
1093 814 1208 854 meo
1257 799 1446 852 dicabo
1477 805 1524 852 et
1556 796 1746 866 templo
1793 795 1908 866 eius

330 887 644 940 consecrabo
687 887 750 942 ⁸⁸.

403 977 468 1030 Et
505 993 798 1048 quemnam
833 979 1161 1050 priscorum,
1191 995 1224 1036 ο
1253 982 1409 1038 beata
1453 981 1634 1044 Anna,
1676 979 1906 1036 similem

335 1065 526 1122 fecisse
551 1069 898 1136 sponsionem
929 1071 1258 1142 percepisti?
1284 1087 1348 1128 ac
1375 1073 1720 1144 quandonam
1745 1083 1908 1128 sacro

333 1158 424 1214 illo
449 1161 570 1213 loco
600 1159 850 1214 feminam
883 1161 1117 1217 dicatam
1149 1163 1452 1233 aspexisti?
1479 1178 1713 1233 quonam
1747 1161 1910 1217 modo

333 1257 684 1304 sacrosancto
733 1249 809 1305 illi
845 1251 1085 1306 virorum
1140 1253 1305 1308 θα»ῑυὶ
1356 1252 1728 1309 insociabilem
1757 1266 1911 1308 asso-

333 1339 446 1394 cias
477 1339 798 1396 mulierem?
825 1340 894 1396 Et
919 1358 1168 1413 quaenam
1201 1343 1422 1411 fervens
1468 1343 1596 1410 ista,
1627 1343 1910 1413 ignitaque

336 1429 506 1494 ﬁdes,
561 1443 668 1499 qua
738 1432 1065 1500 nuncupatis
1110 1431 1251 1486 votis
1303 1431 1547 1486 inaudita
1599 1431 1910 1502 aggrederis

333 1517 612 1573 facinora?
641 1517 776 1586 Quis
823 1533 960 1574 nova
990 1518 1256 1588 ejusmodi
1297 1519 1546 1574 instituta
1577 1519 1912 1588 praenuntia-

333 1611 452 1666 vit?
493 1611 624 1679 Quis
670 1609 936 1681 ejusmodi
985 1611 1184 1668 men’tis
1227 1623 1388 1666 sensa
1427 1619 1576 1664 tuum
1625 1609 1822 1664 indidit
1856 1611 1909 1663 in

332 1687 614 1757 animum?
644 1701 931 1756 Hominum
980 1701 1220 1771 quidem,
1249 1701 1446 1772 inquit,
1489 1700 1700 1767 nullus;
1735 1717 1911 1772 neque

2012 520 2243 592 perinde
2291 535 2357 576 ac
2404 535 2572 590 opere
2631 518 2900 588 completa
2957 517 3093 572 foret
3149 515 3480 588 promissio.
3535 527 3592 573 et

2013 612 2252 668 exsultat
2277 619 2334 668 et
2360 612 2718 677 vaticinatur,
2768 620 2932 680 atque
2962 610 3092 665 hinc
3125 609 3443 680 prophetico
3478 609 3590 664 ful-

2015 711 2104 775 get
2138 703 2302 758 dono.
3111 681 3120 696 ⁸

2089 790 2225 846 Hinc
2255 791 2553 862 primordia
2587 792 2771 846 arcani
2801 793 3029 861 percipit
3068 791 3434 857 sacramenti;
3468 789 3594 844 hinc

1972 882 2326 938 'mortalium
2389 883 2630 938 omnium
2685 883 2974 938 eﬂloreseit
3026 882 3393 952 pulchritudo.
3459 879 3596 934 llinc

2013 976 2108 1032 Dei
2165 977 2358 1032 matris
2404 975 2640 1032 eﬂicitur
2694 987 2893 1044 mater,
2943 977 3114 1038 illius,
3174 976 3417 1044 inquam,
3474 988 3595 1042 qua:

2013 1069 2325 1138 incorrupta
2373 1069 2603 1139 peperit,
2651 1082 2772 1135 qua:
2805 1082 2968 1136 supra
2997 1081 3158 1136 quam
3189 1077 3411 1136 sperare
3441 1073 3596 1134 pote-

2014 1167 2122 1220 rat,
2172 1159 2456 1230 concepit,
2504 1175 2623 1228 quae
2669 1158 2942 1230 peculiare
3002 1158 3101 1212 fuit
3150 1166 3205 1212 et
3247 1157 3594 1228 peregrinum

2015 1257 2227 1304 natura:
2253 1260 2670 1314 ornamentum,
2723 1263 2977 1319 germana
3019 1248 3261 1302 omnium
3306 1247 3592 1316 gloriatio;

2015 1347 2258 1410 cognatae
2287 1349 2492 1396 natura:
2519 1340 2651 1406 ﬁlia,
2682 1350 2738 1396 et
2767 1355 2928 1410 supra
2963 1351 3214 1394 naturam
3243 1347 3436 1402 mater,
3463 1337 3594 1399 ﬁlia,

2015 1442 2069 1488 et
2121 1433 2334 1505 regina;
2395 1433 2605 1501 puella,
2659 1441 2714 1488 et
2760 1433 2907 1488 omni
2966 1442 3214 1487 creatura
3273 1429 3594 1492 sublimior;

2017 1532 2230 1592 semper
2288 1523 2472 1594 virgo,
2535 1533 2588 1580 et
2642 1525 2794 1594 pueri
2848 1533 3060 1588 mater;
3111 1521 3214 1576 viri
3267 1520 3485 1584 nescia,
3543 1528 3600 1574 et

2017 1611 2436 1684 fecundissima;
2467 1621 2542 1679 et,
2601 1616 2719 1671 sine
2752 1615 2983 1671 fuco-sit
3030 1615 3258 1680 dictum,
3307 1627 3426 1683 qua:
3466 1626 3600 1668 vere

2017 1703 2463 1774 incorporearum
2494 1707 2756 1760 virtutum
2783 1715 3005 1776 superat
3033 1706 3346 1775 puritatem.

335 1804 512 1848 mater
555 1793 825 1864 majorum
861 1793 1100 1862 acceptis
1123 1793 1386 1862 exemplis
1421 1806 1510 1847 me
1536 1793 1603 1848 ad
1632 1793 1908 1848 admiran-
1938 1798 1984 1854 Β
2081 1797 2233 1850 Anna
2264 1813 2360 1866 per
2414 1807 2752 1854 constantem
2788 1798 2945 1852 ﬁdem
2995 1798 3155 1865 hujus
3195 1797 3309 1851 ﬁeri
3357 1803 3602 1850 meretur

333 1885 462 1938 dum
499 1884 642 1938 istud
689 1883 1042 1940 emittendum
1089 1892 1276 1938 votum
1311 1882 1528 1954 adegit;
1563 1884 1658 1940 sed
1698 1899 1784 1950 eo,
1817 1885 1910 1954 qui

333 1991 363 2030 a
403 1975 692 2031 sterilitate
737 1974 954 2040 liberat,
987 1983 1228 2041 auctore,
1265 1975 1333 2029 ab
1363 1990 1556 2044 eoque,
1589 1975 1678 2044 qui
1716 1985 1912 2045 praeter

331 2082 548 2124 omnem
599 2082 752 2136 spem
816 2067 1096 2122 hominum
1151 2065 1421 2121 desideria
1479 2067 1712 2135 perﬁcit,
1765 2067 1908 2121 istud

334 2159 568 2215 futurum
593 2159 855 2229 cogitans,
889 2165 1094 2214 certam
1131 2159 1270 2213 hanc
1301 2165 1752 2227 constantemqne
1786 2155 1911 2212 ﬁdei

334 2263 518 2304 vocem
548 2250 760 2304 emitto.

403 2339 492 2396 IV.
533 2339 664 2396 Vide
696 2354 958 2411 expressa
996 2339 1237 2395 vaticinii
1287 2339 1440 2408 signa
1481 2357 1493 2393 :
1530 2338 1652 2394 vide
1685 2339 1914 2397 sincerae

332 2433 528 2488 mentis
560 2447 660 2488 nec
690 2432 1080 2488 haesitabundae
1109 2432 1222 2500 spei
1244 2439 1580 2503 argumenta.
1601 2429 1720 2486 Non
1755 2432 1916 2489 modo

953 2523 1174 2577 ΛΟΓΟΣ
1201 2521 1279 2578 E'.
1580 2509 1585 2514 ’

332 2617 630 2687 Γεωργίου
661 2615 936 2686 μοναχοῦ
959 2614 1060 2668 καὶ
1093 2615 1557 2687 χᾼαρτοςρύλακος
1589 2613 1698 2687 τῆς
1720 2615 1914 2687 Μεγά-

401 2683 520 2754 λὴςλ
557 2683 894 2754 extinctae
915 2727 931 2750 ,
964 2683 1290 2755 Ἔτκώμιον
1326 2687 1426 2755 εις
1461 2683 1577 2755 the;
1616 2683 1918 2755 ἀπόδοσιν

402 2753 513 2825 τῆς
547 2753 906 2825 ’Υπεράγζας
941 2753 1233 2825 Θεοτόνέου
1257 2755 1328 2808 ἐν
1356 2753 1436 2819 τῷ
1459 2754 1584 2820 ναῷ
1611 2754 1712 2808 καὶ
1741 2753 1909 2823 ἀφιέ-

399 2823 592 2896 ρωσιν
616 2823 699 2892 τῷ
720 2823 842 2890 Θεῷ
873 2826 1024 2879 κατὰ
1045 2823 1162 2890 τὴν
1182 2825 1476 2892 ἱστορίαν.

399 2916 630 2987 Φαιδρὺν
659 2916 720 2969 τὸ
745 2915 846 2985 τῆς
874 2913 1159 2986 παρούσης
1209 2915 1404 2984 ἑορτῆς
1469 2911 1730 2985 σύνθημα
1749 2930 1762 2945 ο
1832 2911 1918 2967 διδ

337 3011 470 3082 πρδς
505 3010 733 3080 ἄπειρον
765 3007 882 3076 φῶς
909 3007 1003 3060 τὸν
1053 3005 1191 3077 πρὸς
1221 3005 1431 3076 ταύτην
1487 3003 1912 3074 συνειλεγμένον

2017 1899 2228 1958 mater;
2263 1901 2426 1960 atque
2455 1893 2526 1945 ita
2557 1907 2652 1960 per
2692 1891 3008 1960 multiplicia
3045 1891 3308 1944 virtutum
3355 1887 3600 1960 germina

2017 1981 2252 2037 fructum
2297 1983 2502 2054 profert
2535 1985 2991 2055 incorruptionis;
3022 1985 3095 2038 ita
3125 1984 3370 2054 obscura:
3405 1995 3601 2048 exspe-

2015 2073 2272 2128 ctationis
2311 2073 2602 2142 praeclaros
2657 2075 2898 2142 suscepit
2942 2083 3191 2134 eventus,
3229 2081 3282 2126 et
3309 2073 3598 2126 verborum

2010 2165 2276 2234 promissa
2306 2179 2364 2220 re
2391 2166 2502 2232 ipsa
2533 2165 2799 2234 conSpicit
2833 2179 2952 2220 esse
2978 2165 3263 2233 completa.
3295 2164 3430 2232 Spes
3451 2163 3596 2218 enim

2009 2257 2134 2323 illae,
2171 2272 2293 2327 qua:
2335 2258 2388 2311 in
2433 2258 2542 2311 Dco
2595 2257 2864 2324 locantur,
2918 2257 3226 2312 certissime
3269 2265 3456 2325 Optato
3497 2269 3598 2310 suo

2011 2363 2118 2403 non
2150 2349 2491 2404 frustrantur
2536 2349 2644 2406 ﬁne
2679 2371 2692 2406 :
2727 2364 2888 2419 quem
2923 2364 3056 2404 sane
3087 2359 3144 2403 ut
3175 2358 3298 2419 post
3341 2358 3596 2404 eventum

1987 2440 2284 2507 'obtinent,
2316 2441 2389 2496 ita
2421 2451 2549 2497 ante
2583 2441 2890 2498 certissime
2921 2452 3260 2510 exspectant,
3294 2450 3401 2496 etc.

2639 2531 2896 2586 ORATIO
2924 2531 2988 2586 ν.

2021 2613 2233 2690 Georgii
2266 2621 2516 2674 monachi
2542 2637 2604 2673 ac
2635 2624 2844 2690 Magna,
2873 2620 3107 2674 ecclesia:
3137 2618 3597 2690 Cltgrtophylact’s,

2095 2687 2410 2744 Ericomium
2437 2692 2490 2743 in
2517 2687 2867 2744 sanctissima:
2898 2690 3137 2756 Deiparw
3162 2687 3599 2758 Reprresen'tatio-

2092 2775 2207 2832 item
2235 2762 2289 2814 in
2312 2759 2525 2832 templo,
2555 2771 2710 2832 atque
2747 2771 2800 2814 ut
2844 2759 2955 2815 Deo
2980 2773 3292 2814 consecrata
3321 2761 3389 2814 sit
3429 2760 3598 2829 juxta

2093 2831 2369 2884 historiam
2403 2831 2540 2900 (l9).

2095 2919 2245 2975 Laeta
2290 2931 2375 2975 est
2452 2935 2514 2975 ac
2577 2921 2837 2990 praeclara
2895 2922 3182 2992 praesentis
3240 2917 3600 2977 solemnitatis

2025 3018 2268 3079 tessera;
2298 3019 2460 3081 atque
2487 3011 2622 3066 adeo
2650 3012 2934 3068 collectum
2963 3013 3015 3067 in
3046 3027 3108 3068 ea
3143 3022 3368 3076 cretum,
3402 3012 3468 3065 ad
3502 3010 3602 3063 im-

337 3103 600 3175 παρορμᾷ
659 3099 942 3168 σύλλογον.
1010 3097 1280 3168 Λαμπρδν
1326 3096 1389 3149 τδ
1438 3095 1547 3150 τῶν
1623 3097 1917 3166 παρόντων

2028 3117 2274 3158 mensum
2301 3103 2480 3158 lumen
2514 3103 2725 3169 incitat,
2755 3119 2819 3158 ac
2849 3104 3099 3175 impellit.
3149 3105 3366 3158 illustre
3387 3113 3472 3157 est
3503 3116 3603 3155 no-

333 3195 510 3264 λόγων
536 3193 837 3262 τεκμήριον
868 3190 964 3243 καὶ
1000 3191 1186 3258 πλήρη
1221 3187 1381 3258 δόξης
1430 3187 1780 3259 καρποῦσθαι
1813 3189 1916 3253 τὰς

335 3286 624 3347 ὑποθέσεις
654 3279 1186 3349 κατεπαγγέλλεται.
1247 3279 1380 3332 Ἰδοὺ
1418 3277 1527 3350 γὰρ
1576 3280 1709 3350 ἡμῖν
1749 3281 1782 3348 ἡ
1819 3280 1922 3348 τῆς

338 3374 622 3448 Παρθένου
709 3371 1021 3442 πανήγυρις
1089 3367 1444 3439 ἐκλάμψασα,
1501 3367 1712 3438 νοητῶς
1781 3367 1920 3436 πρὸς

337 3469 538 3540 ἑαυτὴν
567 3465 670 3536 τὴν
717 3463 962 3518 διάνοιαν
995 3462 1145 3516 ἴθυνε
1169 3475 1184 3490 ο
1235 3459 1332 3514 καὶ
1381 3458 1645 3530 σταθερὸν
1688 3457 1790 3530 ἔαρ
1823 3456 1919 3512 τὸν

337 3563 496 3631 λόγον
547 3555 922 3630 αἱθριὰσασα,
981 3553 1072 3608 τὸν
1111 3551 1379 3626 χειμῶνα
1433 3551 1536 3621 τῆς
1575 3553 1790 3622 σιωπῆς
1839 3551 1926 3614 εἰς

301 3691 312 3696 -
339 3653 582 3723 γαλήνην
616 3648 713 3702 τοῦ
739 3647 921 3715 λέγειν
967 3645 1318 3717 μετήνεγκεν.
1365 3642 1530 3698 Ἀλλὰ
1577 3643 1742 3714 δεῦρο
1771 3659 1914 3715 προ-

341 3745 554 3815 θύμως,
584 3743 707 3805 ταῖς
755 3739 964 3810 ταύτης
1013 3738 1196 3790 ἀκτῖσι
1234 3735 1732 3808 καθοδηγούμενοι,
1781 3735 1922 3806 πρὸς

341 3833 510 3906 αὐτὴν
541 3831 794 3886 σύντονον
834 3830 934 3903 τὴν
981 3827 1077 3884 τοῦ
1127 3827 1291 3898 λόγου
1339 3829 1566 3902 πορείαν
1603 3827 1878 3898 ἰθύνωμεν
1901 3845 1918 3861 ο

413 3948 456 3980 ⁸³
486 3944 506 3998 ι
539 3943 674 4014 Reg.
701 3961 740 4008 t,
778 3944 868 3996 Η.

415 4060 527 4128 (19)
565 4060 755 4113 Audeo
794 4059 934 4114 forte
961 4055 1019 4114 in
1047 4074 1178 4115 voce
1210 4057 1690 4126 Reprmentatione
1723 4074 1742 4114 :
1769 4059 1920 4114 vide-

345 4142 431 4186 tur
469 4141 647 4185 tamen
686 4130 771 4184 illa
805 4131 1010 4197 optime
1053 4129 1300 4185 Graecam
1354 4137 1778 4198 repraesentare,
1827 4144 1922 4184 seu

341 4201 647 4270 exprimere
672 4215 686 4229 °
723 4201 804 4263 εἰς
825 4202 925 4270 τὴν
949 4201 1236 4254 ἀπόδοσιν·
1269 4213 1371 4270 qua
1403 4209 1593 4254 auctor
1623 4200 1916 4268 signiﬁcat,

345 4272 510 4326 fuisse
548 4269 770 4322 Mariam
807 4273 1067 4334 oblatam,
1102 4272 1182 4324 sic
1217 4269 1372 4338 quasi
1420 4285 1486 4322 ex
1529 4277 1676 4338 voto,
1719 4283 1781 4322 ac
1822 4284 1919 4335 pa-

347 4341 592 4396 rentibus
625 4355 840 4394 sacrum
878 4340 1196 4400 anathema,
1225 4337 1379 4406 cujus
1405 4354 1465 4392 se
1490 4353 1613 4393 reos
1639 4337 1916 4404 fecissent,

345 4411 454 4466 Deo
488 4410 1022 4478 reprmsmtantlbus.
1053 4409 1220 4462 Porro
1248 4409 1494 4478 eumdem
1513 4417 1918 4462 esseanctorem

342 4481 504 4548 hujus
539 4477 604 4542 ac
661 4479 991 4548 reliquarum
1041 4477 1272 4546 Georgio
1305 4477 1583 4532 NicOmed.
1629 4478 1923 4545 inscripta-

347 4567 464 4604 rnm
519 4551 866 4610 orationum,
912 4564 1047 4617 quas
1086 4549 1298 4607 dantns.
1349 4561 1538 4617 censet
1581 4549 1800 4601 omnino
1840 4550 1925 4602 vir

345 4622 536 4676 doctus
574 4620 634 4673 Ι).
671 4619 780 4673 Leo
836 4615 1061 4672 Albitius
1085 4658 1100 4680 ,
1131 4633 1252 4672 cum
1289 4618 1358 4670 ita
1394 4619 1460 4671 de
1501 4615 1750 4686 Georgiis
1799 4617 1874 4671 ait
1904 4634 1919 4670 ι

350 4710 369 4743 l
407 4689 652 4758 Cumque
687 4689 742 4743 in
789 4688 1064 4758 nonnullis
1105 4687 1480 4752 concionibtts,
1517 4685 1676 4740 modo
1707 4685 1924 4756 Georgii

265 4810 272 4815 .
344 4757 805 4820 Nicmnetliensis,
833 4760 990 4812 modo
1014 4757 1232 4827 Georgii
1256 4757 1703 4827 Charmpbylacis
1729 4769 1924 4810 nomen

348 4831 400 4883 in
463 4830 694 4884 diversis
737 4829 1018 4882 codicibus
1059 4833 1408 4896 prteligatnr.
1461 4826 1780 4896 conjectura
1817 4841 1923 4881 non

345 4901 481 4955 levis
511 4901 634 4964 erit,
670 4901 919 4954 eumdem
949 4894 1072 4952 esse
1102 4894 1566 4952 Nicomediensem
1595 4911 1716 4951 eum
1751 4894 1927 4950 Char-

349 4971 636 5041 tupbylace
674 4987 688 5024 :
742 4969 885 5035 quod
922 4968 1484 5041 posteaconﬁrmavit
1518 4968 1688 5041 codex
1727 4983 1927 5041 peran-

349 5037 556 5109 tiquus,
591 5042 644 5093 in
682 5054 792 5109 quo
836 5039 1014 5109 oratio
1060 5037 1150 5109 illa
1189 5039 1241 5091 in
1277 5037 1760 5109 Praesentationetn
1809 5037 1928 5109 γίν-

349 5105 490 5179 ginis
529 5105 830 5177 legebatur,
865 5107 1019 5174 cujus
1055 5108 1184 5179 illud
1220 5118 1303 5162 est
1330 5108 1660 5179 principium
1696 5125 1724 5179 :_
1753 5105 1927 5168 καλὰς

349 5177 481 5252 ἡμῖν
529 5179 861 5233 ὑποθέσεων.
902 5180 980 5252 __In
1036 5178 1217 5252 titulo_
1249 5178 1397 5252 enim
1468 5177 1873 5252 prtenotahatur
1911 5193 1926 5230 :

350 5246 628 5320 Γεωργίου
657 5247 1088 5320 Χαρτοφύλακος
1117 5246 1218 5320 τοῦ
1247 5246 1476 5320 ὕστερον
1507 5246 1798 5320 γεγονότος
1829 5263 1932 5320 μητ

351 5316 670 5392 τροτὲολίτου
685 5321 731 5373 Ν
742 5316 1080 5392 ίξορζηδεια-ς,
1107 5316 1322 5392 Georgii
1346 5318 1813 5392 Cliartopbylacis,
1838 5316 1926 5392 qui

351 5384 537 5460 postea
598 5389 700 5444 fuit
753 5384 1119 5460 Me'tropolitzL
1164 5384 1673 5460 Nicomediensiin
1710 5384 1928 5460 Georgii

351 5456 804 5530 Chartopbylacis
835 5456 1043 5530 Magna:
1077 5456 1340 5512 Ecclesia:
1383 5456 1704 5530 Encomium
1741 5457 1790 5508 in
1833 5458 1932 5508 de-

354 5528 660 5585 ductionem
695 5528 946 5599 Deiparai
975 5530 1027 5582 in
1068 5529 1330 5599 templum
1373 5528 1598 5599 ejusque
1637 5541 1930 5581 consecra-

354 5601 581 5658 tionem.
627 5597 858 5654 habetur
899 5615 1001 5655 ms.
1061 5601 1116 5654 in
1167 5597 1430 5654 Biblioth.
1461 5599 1798 5664 Augustana,
1835 5609 1932 5649 nec

354 5669 459 5724 alia
487 5683 608 5740 esse
635 5671 871 5735 videtur,
900 5684 1064 5740 quam
1090 5671 1252 5740 quod
1277 5669 1394 5740 ipse
1420 5667 1520 5737 legi
1552 5667 1680 5740 alibi
1700 5666 1929 5740 ’szepius,

356 5749 410 5794 et
447 5741 498 5794 in
535 5738 810 5796 Sfortiana
844 5735 970 5796 cuin
1003 5735 1314 5802 boc'titulo,
1354 5735 1630 5805 Γεωργίου
1669 5735 1929 5808 lto-13106,

1951 4451 1994 4514 Ο
2027 4451 2306 4542 ἐξι)’ἇοὶ.’”ἱ’
2331 4451 2532 4546 1]ἱέἱῇἓῖ
2549 4451 2585 4533 ἐ

2022 3203 2258 3249 atrorum
2288 3193 2512 3262 hujusce
2543 3195 2646 3250 diei
2675 3209 2987 3252 sermonum
3030 3195 3310 3261 indicium,
3342 3194 3605 3262 plenaque

2025 3282 2213 3354 gloria:
2262 3293 2581 3350 argumenta
2656 3289 2942 3354 promittit,
3013 3287 3208 3355 quibus
3263 3284 3366 3338 frui
3423 3284 3602 3338 liceat.

2025 3371 2165 3426 Ecce
2195 3371 2340 3425 enim
2371 3372 2527 3427 nobis
2559 3374 2782 3428 illucens
2805 3377 3088 3442 virginalis
3115 3375 3409 3440 festivitas,
3437 3373 3604 3442 spirié

2025 3463 2120 3516 tali
2151 3463 2396 3518 animum
2429 3465 2483 3518 in
2518 3479 2578 3520 se
2608 3466 2818 3522 ratione
2840 3467 3040 3521 direxit
3073 3483 3086 3518 :
3135 3465 3388 3534 verisque
3433 3466 3608 3519 instar

2025 3555 2184 3610 calidi
2243 3570 2550 3611 sermonem
2606 3573 2902 3622 serenans,
2980 3558 3216 3624 silentii,
3257 3557 3491 3612 hiemem
3550 3555 3605 3609 in

2028 3646 2475 3715 tranquillitatem
2559 3648 2792 3704 dicendo
2863 3659 3227 3720 Opportunam
3309 3645 3602 3703 convertit.

2026 3733 2229 3791 Verum
2261 3737 2426 3790 alacri
2475 3737 2617 3808 agite
2651 3739 2852 3804 animo,
2906 3737 3024 3807 ipsa
3071 3738 3228 3804 nobis
3275 3739 3388 3791 suis
3439 3734 3608 3789 radiis

2027 3827 2184 3896 duce,
2211 3839 2358 3884 recta
2382 3827 2448 3884 ad
2479 3845 2596 3884 eam
2623 3829 2894 3886 sermonis
2925 3833 3028 3886 iter
3057 3829 3486 3894 contendamus;
3543 3839 3608 3880 ac

2021 4059 2116 4114 καὶ
2135 4060 2547 4132 χαρτοερύλακος
2559 4060 2657 4130 τῆς
2678 4060 2936 4130 Μεγάλης
2960 4056 3312 4132 ΪΕκκλησῑας,
3330 4053 3609 4126 ἐγκώμιον

2022 4133 2105 4194 εἰς
2137 4130 2253 4202 ’τὴν
2296 4131 2576 4202 ἀπόδοσιν.
2629 4132 2814 4202 (Haec,
2847 4130 3100 4202 nimirum
3143 4130 3452 4202 ipsaquam
3497 4140 3608 4202 prae

2027 4194 2282 4255 manibus
2307 4194 2672 4268 liabetnus.)'i
2702 4201 2774 4252 Ea
2805 4199 2855 4253 in
2883 4199 3018 4252 Bibl.
3051 4194 3272 4268 Antonii
3294 4194 3603 4268 Augustini,

2027 4280 2082 4324 et
2114 4269 2398 4336 Vaticana,
2429 4264 2686 4337 alibique,
2718 4265 3379 4339 GeorgiOANiCOI-Iletiitfllsi
3417 4264 3609 4316 tribui-

2029 4347 2134 4392 tur.
2175 4341 2241 4393 Et
2282 4335 3069 4410 Chartopby'lacisencumiuin
3099 4335 3420 4410 alterutn_in
3455 4347 3609 4410 eain-

2029 4410 2149 4462 dem
2188 4402 2533 4464 l'estivitateit‘i
2549 4402 2577 4474 ,’
2598 4411 2686 4462 ὅτε
2731 4407 2966 4478 ἀπεδόθη
3011 4407 3068 4478 ὲν
3132 4403 3212 4478 τῷ
3255 4403 3370 4474 ναῷ
3399 4402 3606 4478 τριετί-

2634 4478 2817 4540 Καλὰς
2859 4472 3007 4548 ἡμῖν
3044 4472 3358 4548 ὑποθέσεων
3408 4472 3606 4548 ἀρχᾲς.

2028 4549 2272 4603 [labetur
2323 4565 2422 4602 ms.
2453 4543 2760 4601 Mediolani
2793 4549 2844 4600 in
2878 4543 3290 4608 'Ambrosiana,
3323 4555 3377 4598 et
3425 4543 3550 4595 alibi
3588 4556 3604 4595 :

2028 4619 2144 4673 baac
2173 4621 2360 4672 eadem
2389 4619 2442 4672 in
2483 4619 2590 4672 alio
2621 4617 3004 4686 antiquissimo
3042 4616 3241 4670 Codice
3269 4630 3430 4683 quem
3463 4612 3608 4678 regis

2032 4688 2283 4757 Ungarize
2322 4687 2488 4744 fuisse
2515 4703 2710 4742 nomen
2745 4689 2814 4740 ibi
2847 4688 3174 4757 descriptum
3203 4687 3336 4757 satis
3364 4697 3610 4757 cumpro.

2029 4752 2146 4821 bat,
2191 4758 2424 4828 Georgio
2475 4758 2830 4826 metr0p0lita:
2880 4752 3167 4828 Nicomed:
3209 4756 3462 4828 donatur,
3498 4752 3607 4828 sub

2029 4819 2187 4895 cujus
2217 4819 2434 4883 nomine
2471 4829 2612 4880 edita
2645 4819 2729 4880 est
2759 4828 2920 4880 etiam
2953 4827 3092 4894 apud
3136 4825 3354 4878 Surium
3394 4823 3459 4875 “2.!
3495 4819 3607 4875 No-

2029 4899 2271 4952 veinbre.
2322 4898 2506 4952 Eidem
2553 4896 2803 4950 inscribit
2845 4898 2980 4964 Reg.
3029 4897 3200 4949 codex
3247 4909 3315 4947 ex
3359 4906 3611 4964 quoex-

2030 4969 2246 5038 srripsi.
2273 4967 2697 5020 Eminentissimi
2717 4966 2880 5038 Card_.
2913 4961 3174 5018 Mazarini
3200 4961 3392 5038 codex,
3423 4961 3612 5017 tribuit

2033 5035 2270 5108 Georgio
2299 5037 2753 5108 Cbartopbylaci,
2787 5036 3170 5104 subnectitqne
3222 5035 3310 5108 isti
3354 5043 3608 5108 tanquam

2031 5104 2294 5175 ejusdém.
2349 5108 2416 5161 Et
2495 5104 2922 5161 Nicomediensis
2997 5109 3174 5161 oratio
3239 5106 3290 5160 in
3369 5104 3612 5175 Deiparaa

2032 5174 2419 5242 Nativitatem,
2482 5192 2602 5249 quae
2664 5176 2897 5249 incipit:
2938 5177 3002 5230 Εἰ
3052 5179 3338 5249 μετρεῖται
3367 5174 3444 5249 γῆ.
3471 5186 3612 5249 ,σπι-

2033 5249 2180 5320 θοίμῇ
2203 5239 2617 5320 Ἀ-εάίιαἾεδίϐι.
2648 5246 2755 5320 sub
2778 5239 2995 5320 nomine
3039 5239 3293 5320 Germani
3337 5239 3608 5320 archiepi-

2031 5309 2181 5388 scopi
2211 5317 2820 5388 Constantinopolitani,
2850 5315 3130 5388 interprete
3154 5315 3364 5388 Andrea
3393 5309 3611 5388 Sta/mdo

2033 5390 2088 5443 in
2127 5378 2265 5446 Bibl.
2305 5387 2414 5444 PP.
2450 5385 2537 5443 Gl.
2569 5378 2696 5441 iam.
2739 5378 2835 5450 ΙΙ,
2867 5378 3000 5456 pag.
3025 5385 3150 5440 450.
3196 5384 3253 5436 In
3295 5396 3402 5436 uno
3443 5378 3612 5445 Regio

2033 5459 2256 5514 confusa
2281 5469 2366 5513 est
2387 5474 2507 5513 cum
2535 5459 2652 5512 aliis
2678 5459 3016 5521 Damasceni,
3045 5457 3236 5508 eodem
3266 5457 3609 5518 argumento,

2033 5545 2220 5584 earum
2249 5531 2508 5584 secunda.
2544 5527 2648 5582 Sed
2673 5538 2756 5581 est
2777 5529 3048 5595 scriptura
3073 5523 3362 5576 admodum
3398 5534 3608 5595 recens.

2033 5599 2267 5654 Maxime
2302 5599 2478 5669 placet
2506 5601 2703 5669 citatus
2740 5589 2942 5669 Mazar.
2976 5595 3171 5659 codex,
3204 5606 3312 5669 quo
3353 5589 3614 5644 tribuitur

2036 5670 2268 5729 Andrea:
2301 5663 2570 5736 Cretensi,
2605 5665 2762 5736 cujus
2788 5667 2959 5722 habet
2997 5674 3139 5722 totos
3173 5663 3540 5720 characteres.
