3970 6212
394 316 420 376 1
442 314 537 378 £03

1534 311 1843 375 GEORGII
1884 274 2472 372 NICOMEDIENSIS

3509 301 3651 367 ιωι

400 435 601 494 (ιιιειιιιςι
637 422 833 493 cuique
860 420 1091 477 facultas
1117 430 1222 487 est,
1253 436 1314 476 ea
1349 422 1545 490 singuli
1579 439 1699 480 eant
1739 438 1967 479 corone-

2071 422 2168 476 καὶ
2199 424 2301 489 ὅση
2333 420 2568 491 δύναμις
2592 418 2832 488 ἑκάστῳ,
2883 416 2981 486 τῷ,
3014 414 3244 485 τοιούτῳ
3268 416 3441 486 αὐτὴν
3472 435 3658 472 κατα-

396 530 538 570 mus.
564 513 878 583 Quanquam
901 514 1043 568 enim
1072 528 1260 568 omnes
1286 514 1463 569 minus
1486 528 1647 583 quam
1680 530 1775 583 pro
1793 514 1970 582 digni-

400 615 507 661 tate
554 605 840 671 habemus,
905 604 1075 673 magis
1128 612 1305 657 tamen
1352 604 1652 674 ,alacritate
1695 605 1971 660 abundare

394 710 679 757 conemur,
706 694 1046 763 invicemque
1073 694 1367 747 voluntatis
1388 695 1736 749 contentione
1750 694 1970 748 vincere

392 788 732 843 studeamus.
773 785 904 851 Quae
934 786 1079 839 enim
1120 786 1202 839 vis
1252 794 1397 839 tanta
1448 785 1734 849 orationis,
1793 793 1850 838 ut
1887 785 1970 839 vel

398 876 681 930 minimum
715 878 841 944 quid
883 892 982 945 pro
1007 877 1216 931 meritis
1262 878 1485 947 exsequi
1541 876 1753 946 possit?
1780 877 1970 946 quisve

399 968 502 1021 sibi
532 977 770 1035 arroget,
804 976 863 1021 ut
892 967 973 1021 vel
999 970 1141 1022 nuda
1168 968 1493 1037 cogitatione
1518 968 1742 1038 propius
1788 982 1972 1023 acces-

396 1060 552 1124 serit,
591 1059 787 1113 nedum
817 1074 937 1113 rem-
970 1058 1124 1128 plene
1158 1073 1350 1128 capere
1387 1059 1712 1115 tentaverit‘l
1745 1057 1969 1113 Omnem

404 1152 584 1217 itaque
632 1163 943 1205 sermonum
983 1150 1090 1202 vim
1140 1150 1527 1204 transcendunt
1574 1152 1824 1205 eucomia
1855 1149 1974 1205 Vir-

402 1241 585 1310 ginis;
624 1240 974 1309 quamobrem
1003 1239 1168 1295 etiam
1226 1238 1401 1293 omnis
1455 1239 1780 1294 laudationis
1831 1239 1972 1308 leges

404 1340 525 1398 post
544 1345 603 1384 se
649 1329 1002 1397 reliquerunt.
1035 1329 1180 1383 Sane
1208 1328 1453 1399 quidem,
1506 1330 1606 1383 viri
1674 1329 1971 1396 auditores,

404 1421 716 1490 priusquam
751 1420 1002 1475 desiderii
1044 1420 1257 1475 aﬂ'eetio
1298 1430 1534 1491 caperet,
1586 1437 1751 1492 grave
1783 1422 1973 1477 existi-

401 1510 615 1563 mabam
640 1510 880 1564 audacia:
918 1510 1157 1573 crimen,
1190 1519 1250 1564 ut
1279 1525 1397 1565 eam
1445 1512 1567 1579 quis
1618 1526 1729 1565 rem
1755 1511 1970 1580 aggredi

400 1610 774 1668 prasumeret.
806 1599 1016 1654 Etenim
1050 1602 1331 1661 videbatur
1360 1602 1583 1655 insaniae
1601 1616 1663 1653 ea
1684 1601 1971 1668 attingere,

399 1707 524 1759 quae
572 1701 755 1746 essent
785 1691 988 1758 majora
1022 1692 1244 1759 virtute,
1295 1707 1359 1745 ac
1413 1707 1642 1761 quorum
1691 1706 1971 1747 sermones

2073 515 2383 584 στέφωμεν.
2412 514 2477 567 Ei
2506 512 2613 584 γὰρ
2643 510 2739 565 καὶ
2760 510 2970 572 πάντες
2999 508 3093 563 τοῦ
3124 509 3249 563 κατ’
3279 510 3439 574 ἀξίαν
3486 512 3655 566 ἐκπί·

2072 624 2303 676 πτομεν,
2359 604 2498 658 ἀλλά
2549 620 2615 672 γε
2672 601 2766 655 τοῦ
2826 599 3108 672 προθύμου
3160 600 3221 655 τὸ
3271 601 3437 655 πλέον
3494 603 3656 673 ἔχειν

2072 696 2414 767 πειρώμεθα,
2446 695 2542 748 καὶ
2572 694 2950 766 προαιρέσεως
2997 692 3137 761 τόνῳ
3178 692 3241 744 τὸ
3272 694 3431 763 νικᾷν
3456 694 3655 764 diu]-

2069 772 2217 851 λονς.
2253 786 2349 851 Τίς
2379 786 2487 856 γὰρ
2517 785 2584 839 ἂν
2629 784 2789 852 λόγος
2817 782 2913 835 καὶ
2958 782 3123 851 μόνου
3158 780 3502 850 βραχυτάτου
3544 781 3657 851 τῆς

2072 879 2232 944 ἀξίας
2262 876 2645 950 προσάψαιτο;
2705 873 2841 945 ἢτίς
2888 872 3159 943 φαντασίᾳ
3194 871 3324 941 ψιλῇ
3356 873 3660 941 προσεγγι.

2048 973 2188 1045 ,ζειν
2234 971 2592 1040 καυχήσαιτο,
2652 966 2728 1037 μὴ
2766 967 2859 1020 ὅτι
2880 982 2946 1033 γε
2994 964 3201 1033 πλῆρες
3253 963 3658 1032 κατειληφέναι

2072 1060 2407 1131 πειράσηται
2436 1074 2451 1123 ;
2477 1057 2666 1111 Πᾶσαν
2680 1055 2861 1109 τοίνυν
2883 1054 3060 1121 λόγων
3097 1051 3326 1121 δύναμιν
3359 1052 3659 1122 ὑπερέπτη

2072 1152 2142 1207 τὰ
2166 1151 2263 1222 τῆς
2303 1149 2585 1222 Παρθένου
2613 1145 2890 1216 ἐγκώμια,
2920 1146 3000 1199 διὸ
3050 1146 3146 1198 καὶ⁵
3179 1144 3413 1198 κατόπιν
3446 1141 3660 1204 παντὸς

2073 1241 2297 1299 ἐπαίνου
2341 1239 2471 1303 τοὺς
2521 1239 2681 1309 ὅρους
2727 1236 3015 1291 ἀπέθεντο.
3083 1234 3225 1303 Ἐγὼ
3279 1234 3380 1304 μὲν
3432 1230 3558 1300 οὖν,
3610 1227 3659 1286 ὦ

2073 1333 2288 1403 ἄνδρες,
2321 1331 2450 1403 πρὶν
2501 1329 2582 1400 τῷ
2608 1327 2704 1383 τοῦ
2754 1327 2922 1381 πόθου
2957 1325 3161 1380 ἁλῶναι
3196 1324 3380 1390 πάθει,
3411 1324 3661 1395 χαλεπδν

2073 1424 2175 1493 τῆς
2207 1422 2415 1493 τόλμης
2456 1420 2566 1475 τῶν
2612 1419 3008 1491 ἐγχειρούντων
3042 1416 3391 1487 ἐψηφιζόμην
3447 1417 3512 1469 τὸ
3565 1415 3663 1484 εγ-

2075 1514 2281 1584 κλημα.
2346 1511 2458 1568 Καὶ
2496 1511 2606 1580 γὰρ
2664 1504 2804 1563 εἶναι
2861 1510 3059 1580 μανίας
3111 1508 3286 1562 ἐδόκει
3350 1506 3465 1558 τῶν
3511 1506 3661 1576 ὑπὲρ

2074 1604 2302 1673 δύναμιν
2331 1602 2619 1667 άπτισθαι,
2652 1602 2749 1655 καὶ
2798 1595 2873 1654 ὧν
2922 1602 2972 1653 οἰ
3025 1599 3176 1667 λόγοι
3216 1598 3279 1651 τὸ
3313 1598 3460 1667 ὑπὲρ
3488 1596 3659 1665 λόγον

2079 1695 2396 1764 εἰλήφασιν·
2426 1693 2548 1747 ἐπεὶ
2576 1692 2634 1746 δὲ
2664 1691 2770 1746 ὑπὸ
2826 1688 2923 1745 τοῦ
2979 1689 3206 1758 ἄγοντος
3247 1688 3612 1759 τυραννηθεὶς
3634 1728 3653 1754 ,

405 1781 651 1834 altiorem
724 1795 976 1835 sermone
1029 1784 1297 1836 rationem
1349 1783 1627 1836 baberent.
1687 1782 1968 1849 Postquam

2076 1784 2156 1855 τῷ
2192 1785 2301 1839 τῶν
2354 1783 2560 1838 πολλῶν
2612 1781 2863 1852 ὑπήχθην
2914 1781 3252 1851 τολμήματι,
3310 1781 3500 1846 ἰκέτης
3553 1780 3655 1833 σὺν

406 1878 584 1923 autem
616 1870 684 1923 ab
720 1879 911 1938 agente
937 1870 1128 1925 aﬂ'eetu
1179 1873 1285 1924 vim
1336 1887 1545 1942 passus,
1600 1873 1713 1940 ipse
1764 1886 1977 1941 quoque

408 1959 697 2011 multorum
731 1962 867 2013 cessi
899 1961 1210 2027 temeritati,
1243 1962 1463 2030 supplex
1498 1978 1617 2015 cum
1645 1962 1722 2015 eis
1766 1960 1974 2014 veniam

405 2048 643 2117 postulo,
671 2048 973 2104 aﬂ‘eetiouis
1003 2054 1375 2119 eXperitnento
1398 2052 1671 2116 dedoctus,
1706 2059 1763 2105 ut
1810 2066 1879 2105 ne
1924 2050 1976 2104 id

405 2140 818 2209 crimeupntem
874 2157 979 2195 non
1027 2142 1313 2196 veniabile.
1368 2140 1521 2212 Rogo
1579 2142 1779 2211 itaque,
1822 2152 1976 2196 utne

406 2229 526 2296 quis
556 2242 793 2284 vestrum
828 2232 1068 2286 audaciae
1092 2233 1338 2286 illaturus
1363 2234 1590 2295 crimen,
1643 2247 1755 2286 rem
1807 2242 1975 2287 teme-

408 2320 584 2374 ritatis
621 2336 686 2374 ac
737 2323 1096 2390 arrogantiae,
1149 2326 1243 2376 sed
1294 2324 1668 2391 exsuperantis
1720 2323 1973 2378 desiderii

400 2410 625 2478 iudicet.
662 2412 868 2465 Etenim
912 2412 1040 2475 illud
1087 2413 1436 2469 vehementer
1490 2424 1697 2481 tenens,
1741 2414 1975 2470 maxima

405 2501 648 2568 quaedam
682 2500 808 2556 fecit
834 2518 1192 2571 prtesumere;
1228 2505 1330 2558 [ide
1348 2504 1563 2574 quidem
1588 2505 1785 2574 praevia
1815 2504 1971 2567 (luce,

402 2603 499 2655 spe
517 2599 695 2643 autem
728 2594 794 2645 ad
832 2605 892 2644 ea
919 2592 1256 2647 sublevante.
1286 2592 1471 2663 Neque
1505 2596 1649 2649 enim
1696 2609 1973 2649 sermones

401 2694 588 2734 eorum
618 2681 802 2750 gloria:
830 2697 992 2736 causa
1020 2695 1167 2751 sunt,
1197 2685 1288 2754 qui
1325 2687 1570 2740 encomio
1588 2685 1930 2740 celebrantur
1953 2701 1968 2750 ;

402 2771 497 2826 sed
537 2773 779 2841 pietatis"
827 2789 963 2843 ergo
1015 2775 1322 2831 inferuntur
1388 2792 1576 2832 eorum
1635 2778 1726 2848 qui
1788 2778 1972 2831 dicunt

401 2877 465 2916 ac
491 2873 670 2918 orant.
707 2865 1064 2931 Quamobrem
1098 2877 1268 2920 tutum
1293 2870 1579 2922 admodum
1610 2870 1866 2941 arbitror,
1914 2875 1972 2921 ut

2076 1877 2286 1939 τούτοις
2315 1877 2450 1946 πρὸς
2480 1873 2813 1943 συγγνώμην
2865 1872 3204 1942 καθέστηκα,
3236 1874 3302 1941 τῇ
3352 1871 3523 1941 πείρα
3553 1869 3656 1924 τοῦ

2076 1970 2284 2033 πάθους
2315 1966 2572 2039 ἐκμαθὼν
2618 1966 2678 2020 τὸ
2718 1964 3128 2033 ἀσύγγνωστον.
3186 1963 3333 2016 Αἰτῶ
3369 1962 3581 2025 τοίνυν,
3609 1962 3664 2016 εἴ

2072 2078 2159 2124 τις
2187 2060 2343 2130 ὑμῶν
2375 2056 2664 2120 αὐθαδείας
2684 2055 2999 2122 ἐπεισάγειν
3029 2052 3267 2123 πειρῷτο
3294 2053 3659 2123 ἐγκλήματα.

2050 2150 2153 2221 κμὴ
2177 2149 2410 2219 θράσους
2435 2146 2775 2212 ἀλαζονείαν,
2833 2143 2968 2198 ἀλλὰ
3017 2142 3183 2197 πόθου
3234 2142 3562 2214 περιουσίαν
3599 2142 3663 2196 τὸ

2038 2224 2437 2311 ’προκείμενον
2476 2238 2746 2306 κρινέτω’
2799 2236 2895 2289 καὶ
2944 2234 3055 2305 γὰρ
3103 2236 3137 2304 ἡ
3185 2233 3380 2287 τούτου
3440 2233 3661 2304 σφοδρά

2073 2330 2456 2401 ἐπικράτησις,
2484 2328 2595 2382 τῶν
2624 2327 2897 2398 μεγίστων
2916 2325 3266 2396 κατατολμᾷν
3294 2327 3659 2398 παρεσκεύακ-

2077 2440 2191 2476 σεν.
2240 2421 2486 2483 Πίστεως
2537 2419 2635 2489 μὲν
2684 2417 3058 2488 προαγούσης,
3105 2417 3323 2481 ἐλπίδος
3392 2417 3454 2471 δὲ
3516 2417 3664 2486 πρὸς

2071 2513 2245 2568 ταῦτα
2298 2509 2729 2579 συνανυψούσης.
2791 2508 2929 2561 Οὑδέ
2963 2507 3072 2577 γὰρ
3110 2507 3273 2578 δόξης
3317 2507 3488 2562 ἕνεκα
3542 2509 3664 2561 τῶν

2072 2600 2569 2673 ἐγκωμιαζομένων
2598 2601 2648 2652 οί
2698 2599 2877 2667 λόγοι·
2934 2597 3219 2661 εὐσεϐείας
3244 2597 3301 2651 δέ
3348 2598 3514 2669 χάριν
3543 2598 3663 2652 τῶν

2070 2695 2339 2762 λεγόντων
2393 2690 2758 2761 εἰσφέρονται.
2786 2724 2791 2729 -
2819 2689 2984 2742 Ὅθεν
3045 2705 3137 2758 μοι
3180 2687 3301 2742 λίαν
3350 2688 3665 2752 ἀκινδύνως

2070 2784 2236 2847 δοκεῖ,
2269 2782 2361 2835 καὶ
2389 2782 2449 2833 τὸ
2477 2781 2622 2834 θεῖον
2641 2779 2863 2848 ἀνενδεῆ
2894 2777 2991 2849 τὴν
3024 2778 3190 2845 φύσιν
3214 2777 3358 2847 ἔχον,
3384 2778 3661 2843 αὐτοδόξα

2071 2890 2127 2926 τε
2151 2872 2212 2925 ὃν
2257 2872 2351 2924 καὶ
2407 2870 2766 2941 μεγαλειότης
2816 2869 2928 2922 τῶν
2985 2870 3409 2938 ἐπαινουμένων,
3468 2869 3663 2923 αίτιον

404 2951 563 3017 Deus,
591 2955 683 3023 qui
716 2970 811 3025 per
839 2964 1087 3009 naturam
1115 2957 1259 3009 nullo
1291 2968 1467 3026 egeat,
1494 2959 1676 3028 sitque
1709 2959 1822 3027 ipsa
1874 2973 1968 3026 per

2072 2965 2151 3027 εἰς
2177 2962 2428 3032 ἀφορμὴν
2467 2960 2704 3013 ἐπαίνων
2753 2958 2912 3011 ἑαυτὸ
2949 2961 3060 3021 τοῖς
3118 2958 3464 3028 βουλομένοις
3505 2976 3668 3030 παρ-

398 3058 457 3097 se
493 3045 685 3112 gloria,
715 3060 780 3099 ac
811 3048 1207 3114 magniﬁcentia
1231 3062 1419 3101 eorum
1453 3048 1542 3117 qtti
1570 3049 1876 3112 laudantur,
1910 3063 1968 3104 se

2072 3052 2236 3123 ἐχειν,
2278 3052 2378 3105 οὐκ
2431 3051 2683 3104 ἐπίτασιν
2718 3050 2819 3119 τῆς
2851 3050 3059 3114 οἰκείας
3110 3050 3269 3122 δόξης
3316 3050 3623 3121 δεχόμενον
3649 3071 3667 3083 ο

395 3135 512 3200 ipse
569 3134 870 3191 volentibus
918 3140 969 3190 in
1002 3137 1363 3192 laudationem
1417 3149 1793 3209 argumentum
1843 3157 1968 3210 per-

2072 3144 2171 3212 τὴν
2205 3141 2261 3194 δὲ
2296 3140 2605 3212 προθυμίαν
2647 3140 2755 3193 τῶν
2789 3142 3126 3209 εἰσαγόντων
3179 3142 3412 3212 ἱέμενον.
3445 3141 3662 3196 Τούτου

395 3224 575 3277 mittat
601 3224 800 3278 nullum
837 3227 957 3282 inde
1003 3228 1185 3297 gloria:
1229 3238 1578 3299 augmentum
1625 3233 1963 3300 suscipiens;

2073 3230 2361 3301 τοιγαροῦν
2395 3228 2538 3282 οὑτω
2572 3229 2928 3293 διατεθέντος,
2963 3230 3100 3300 φέρε
3135 3232 3245 3284 τῶν
3292 3234 3394 3301 τῆς
3441 3232 3666 3303 παρού-

395 3318 487 3368 sed
552 3332 741 3371 eorum
790 3319 880 3386 qui
936 3318 1197 3388 inferunt,
1263 3321 1596 3377 alacritatem
1668 3323 1968 3392 impensius

2077 3337 2175 3390 σης
2197 3319 2392 3389 ἑορτῆς
2411 3318 2751 3388 ὲφαψώμεθα
2769 3319 2944 3387 λόγων
2968 3336 2981 3350 ·
3008 3320 3104 3373 καὶ
3128 3321 3260 3391 περὶ
3280 3313 3357 3373 ὧν
3374 3320 3667 3392 προήχθη-

398 3406 602 3463 volens.
637 3408 732 3464 llis
754 3425 883 3481 ergo
915 3415 965 3468 in
994 3416 1137 3470 bunc
1188 3416 1404 3469 modum
1431 3415 1671 3478 statutis,
1724 3430 1822 3481 age
1856 3413 1965 3483 jam

2080 3429 2177 3483 μεν
2208 3412 2409 3479 λέγειν,
2437 3410 2567 3480 περί
2591 3409 2798 3463 τόύτων
2832 3411 2930 3481 τὴν
2964 3412 3204 3479 σπουδὴν
3236 3410 3662 3481 ἐνστησώμεθα.

397 3498 615 3556 festivos
644 3507 922 3573 praesentis
972 3509 1107 3564 lucis
1158 3523 1440 3563 sermones
1489 3510 1868 3578 auspiccntur;
1904 3522 1968 3561 ac
2013 3506 2066 3561 in
2095 3504 2195 3567 eis,
2235 3505 2301 3559 de
2335 3503 2529 3572 quibus
2585 3503 2851 3571 coepimus
2902 3486 3315 3571 loqui“operam
3364 3516 3662 3571 ponamus.

468 3589 761 3647 Enimvero
785 3610 903 3663 qua:
930 3606 1075 3652 tanta
1111 3600 1192 3654 vis
1226 3599 1361 3653 artis
1407 3602 1781 3668 argumentum
1832 3612 1968 3665 prm-

2152 3594 2315 3648 Ἀλλά
2341 3593 2423 3657 τίς
2461 3593 2528 3647 ἂν
2567 3592 2799 3663 δύναμις
2834 3594 3057 3662 τεχνικὴ
3087 3594 3149 3646 τὸ
3170 3592 3352 3663 παρὸν
3388 3592 3665 3662 μεθοδεύ-

393 3695 519 3736 sens
571 3697 816 3750 congrue
869 3690 1203 3754 tractaverit,
1256 3700 1314 3743 ιιι
1361 3690 1505 3758 quod
1555 3690 1751 3758 cuique
1795 3687 1968 3743 ordini

2072 3700 2233 3748 σειεν,
2262 3684 2337 3747 ὡς
2350 3684 2565 3754 ἑκάστῳ
2591 3683 2915 3736 ἀκολουθίαν
2950 3680 3438 3752 ἀπεξεργάσασθαι
3460 3684 3614 3748 τάξει
3641 3699 3659 3747 ;

395 3784 822 3828 consentaneum
840 3787 941 3839 est,
966 3782 1186 3849 exsequi
1215 3782 1422 3849 queat?
1447 3781 1703 3848 Quaenam
1729 3781 1968 3834 instituta

2071 3776 2167 3839 Τίς
2204 3776 2493 3846 σύγκρισις
2540 3773 3003 3845 παραϐαλλομένη
3047 3774 3106 3827 τὸ
3151 3775 3339 3845 ὅμοιον
3362 3776 3656 3844 πειρον-τί]⁹

393 3866 727 3933 cumparatio
762 3864 879 3934 ejus
929 3868 1001 3922 sit
1055 3876 1493 3939 representatura
1538 3870 1968 3935 similitudinem,

2074 3884 2156 3921 σει
2210 3865 2380 3939 [Μαι.
2436 3865 2851 3938 ἀντιπαραστ.],
2885 3857 3042 3934 ᾧτινι
3103 3866 3162 3918 τὸ
3219 3866 3336 3918 ίσον
3386 3868 3507 3928 τοῖς
3558 3866 3657 3918 ἀπ’

393 3953 480 4008 cui
527 3955 659 4009 nihil
696 3972 723 4008 a
751 3958 946 4012 sacculo
974 3960 1221 4028 apparuit
1244 3959 1493 4029 aequale?
1530 3961 1666 4027 Quia
1708 3961 1853 4014 enim
1882 3962 1968 4030 qui

2073 3960 2266 4022 αἰῶνος
2299 3957 2400 4012 οὐκ
2427 3956 2585 4027 ὤφθη
2620 3974 2635 4023 ;
2669 3958 2822 4011 Ἐπεὶ
2848 3957 2959 4027 γὰρ
3014 3959 3065 4010 οἰ
3109 3955 3206 4019 τάς
3261 3956 3526 4019 τοιαύτας
3556 3959 3658 4009 ἀν-

391 4043 656 4113 ejusmodi
691 4057 1009 4117 argumenta
1041 4060 1280 4116 versant,
1314 4052 1583 4106 similibus
1607 4052 1859 4122 aequalia,
1887 4053 1968 4107 vel

2072 4051 2371 4115 ελίττοντες
2423 4050 2730 4115 ὑποθέσεις,
2774 4053 2889 4112 τοῖς
2934 4049 3143 4119 όμοίοις
3197 4048 3310 4113 ίσα,
3339 4048 3374 4118 ἢ
3424 4046 3659 4118 μείζονα

390 4133 597 4201 majora
627 4138 925 4193 minoribus
956 4154 1052 4209 per
1092 4143 1555 4209 comparationem
1604 4152 1969 4211 opponentes,

390 4227 586 4279 exinde
643 4229 931 4283 verborum
993 4246 1056 4284 ac
1109 4232 1374 4287 Orationis
1409 4243 1678 4287 venantur
1721 4233 1967 4302 copiam;

388 4306 595 4374 idcirco
642 4319 956 4376 facillimum
979 4323 1191 4377 exsistit
1218 4338 1444 4379 examen
1489 4324 1852 4392 inventorum,
1879 4340 1969 4379 ve-

2069 4145 2183 4207 τοτς
2221 4142 2469 4196 ἐλάττοσι
2520 4142 2631 4196 τῶν
2686 4141 3034 4213 πραγμάτων
3078 4141 3479 4211 εἰσδεχομένων
3504 4144 3660 4194 ἀντι-

2072 4234 2483 4306 παρατιθέντες,
2520 4238 2584 4289 ἐκ
2645 4235 2851 4289 τούτων
2892 4234 2993 4305 τὴν
3046 4232 3312 4303 εὐπορίαν
3365 4232 3658 4303 θηρῶνται

2071 4328 2178 4380 τῶν
2207 4325 2381 4394 λόγων
2402 4342 2415 4357 ·
2450 4326 2541 4379 διά
2565 4343 2647 4379 τοι
2676 4324 2833 4379 τοῦτο
2864 4326 3039 4396 ῥᾴστη
3089 4325 3189 4394 μὲν
3232 4324 3418 4387 αὐτοῖς
3471 4326 3506 4394 ἡ
3539 4324 3658 4376 τῶν

386 4418 619 4475 rumque
654 4423 866 4473 eorum,
917 4424 1040 4478 quae
1087 4410 1343 4464 dicuntur
1388 4411 1651 4479 judicium
1692 4411 1855 4466 habet
1886 4430 1900 4466 :
1932 4427 1961 4465 a

2067 4416 2403 4486 εὑρεθέντων
2447 4414 2695 4479 ἐξέτασις
2719 4430 2734 4445 ’
2767 4414 2983 4486 ἀληθὴς
3010 4414 3069 4468 δὲ
3098 4416 3131 4485 η
3169 4415 3282 4467 τῶν
3327 4414 3656 4483 λεγομένων

388 4509 498 4563 quo
527 4502 709 4550 autem
735 4500 976 4567 superati
1018 4510 1146 4555 sunt
1177 4511 1383 4556 natura:
1433 4501 1589 4566 ﬁnes,
1635 4503 1760 4557 buic
1800 4518 1964 4557 enco-

388 4586 619 4638 miorum
667 4586 812 4657 leges
848 4589 1073 4657 obsequi
1133 4604 1238 4644 non
1287 4591 1487 4645 valent.
1539 4590 1618 4646 Ne
1664 4592 1785 4661 quis
1836 4607 1963 4663 ergo

386 4678 695 4744 superantia
721 4689 928 4733 natura:
954 4681 1243 4744 rationem,
1265 4696 1328 4735 ac
1352 4681 1505 4750 siqua
1540 4683 1588 4736 ei
1624 4698 1959 4753 consequen-

389 4777 473 4821 ter
503 4768 700 4825 babent
750 4771 939 4826 iisdem
987 4782 1157 4827 tentet
1194 4774 1486 4843 subjicere.
1549 4772 1761 4828 Nullam
1818 4776 1961 4830 enim

387 4857 477 4912 illa
509 4874 803 4930 congruam
835 4873 1023 4919 mutuo
1063 4866 1498 4921 communionem
1535 4867 1788 4935 ingerunt
1821 4867 1961 4921 mul-

382 4940 610 5019 tinnque
652 4953 882 5008 invicem
933 4955 1225 5012 discrimen
1291 4957 1604 5011 ostendunt.
1654 4955 1789 5011 llinc
1832 4971 1961 5026 ergo

383 5040 518 5093 mibi
543 5040 712 5096 ardua
744 5054 966 5112 apparet
988 5046 1262 5102 excellens
1285 5049 1587 5117 argumenti
1628 5047 1958 5116 praestantia,

385 5145 488 5185 nec
519 5131 633 5199 ﬁeri
677 5148 868 5203 posse,
924 5144 984 5189 ut
1024 5135 1148 5192 ullis
1194 5138 1421 5208 regulis,
1480 5153 1662 5191 rerum
1703 5137 1860 5193 nobis
1906 5138 1958 5191 itt

387 5224 682 5289 qttarstione
707 5225 1001 5294 positarum
1020 5229 1327 5297 explicatio,
1348 5229 1415 5283 ad
1451 5229 1648 5284 similia
1673 5230 1956 5300 dirigatur.

382 5313 654 5369 Caeterum
714 5316 839 5370 licet
895 5317 1062 5372 bocce
1125 5319 1429 5385 argumenti
1501 5335 1679 5375 rerum
1740 5322 1960 5377 omnino

385 5407 832 5473 consequentiam
856 5417 1096 5476 superet,
1128 5409 1267 5463 baud
1306 5418 1486 5464 tamen
1534 5411 1956 5482 permittendum

387 5506 445 5547 ut
482 5511 579 5549 nos
610 5497 739 5550 illud
756 5497 995 5569 ellugiat,
1030 5500 1316 5570 nequando
1373 5501 1619 5559 frustrati
1668 5504 1955 5571 desiderio,

389 5601 498 5643 una
526 5602 647 5642 cum
674 5605 738 5645 eo
763 5592 965 5660 pietate
988 5594 1287 5663 privemur.

2066 4506 2345 4578 ἐπίκρισις
2380 4506 2624 4575 γίνεται·
2654 4499 2698 4574 ᾧ
2726 4506 2782 4558 δέ
2807 4507 2856 4559 οί
2884 4506 2980 4577 τῆς
3005 4506 3224 4575 φύσεως
3251 4506 3369 4575 ὅροι
3396 4505 3656 4576 ἡττήθη-

2066 4616 2184 4664 σαν,
2245 4597 2422 4669 τούτῳ
2474 4597 2583 4651 τῶν
2613 4597 2907 4666 ἐγκωμίων
2966 4600 3017 4651 οἰ
3065 4586 3243 4667 νόμοι,
3295 4598 3653 4668 λειτουργεῖν

2063 4690 2451 4761 ὲξησθένησαν.
2485 4687 2577 4743 Διδ
2603 4689 2680 4760 μὴ
2699 4692 2812 4752 τοῖς
2848 4690 3037 4753 αὐτοῖς
3060 4689 3130 4743 τὰ
3158 4693 3257 4761 τῆς
3291 4688 3509 4758 φύσεως
3552 4687 3651 4754 ἐξ-

2061 4781 2334 4855 ῃρημένα,
2372 4781 2463 4834 καί
2516 4780 2587 4834 τά
2616 4781 2792 4853 ταύτῃ
2837 4781 3083 4851 ἑπόμενα
3116 4780 3556 4835 καθυποϐάλλειν
3622 4782 3655 4833 ό

2065 4873 2390 4945 βουλόμενος
2451 4873 2749 4945 πειράσθω.
2803 4874 3076 4945 Οὑδεμίαν
3128 4874 3238 4946 γὰρ
3291 4872 3647 4942 κατάλληλον

2062 4968 2348 5021 κοινωνίαν
2386 4968 2524 5037 πρὸς
2559 4967 2736 5020 ταῦτα
2780 4967 2970 5019 ἐκεῖνα
3012 4966 3355 5036 εἰσφέρουσι,
3403 4966 3536 5020 πολὺ
3580 4967 3652 5019 τὸ

2060 5060 2342 5129 διεστηκὸς
2364 5057 2641 5126 ἑκατέρων
2663 5058 3005 5111 δεικνύντων.
3031 5057 3227 5111 Ἔνθεν
3256 5054 3351 5111 οὐν
3373 5059 3397 5109 ἐ
3406 5059 3497 5128 μοι
3511 5056 3650 5110 δύσ-

2060 5146 2262 5220 ληπτον
2295 5148 2395 5220 μὲν
2422 5148 2484 5202 τὸ
2503 5150 2601 5217 τῆς
2631 5146 2942 5211 ὑποθέσεως
2972 5148 3420 5219 ὑπερανεστηκὸς
3451 5148 3657 5216 φαίνε-

2058 5256 2150 5293 ται
2169 5256 2182 5271 ο
2210 5240 2310 5294 οὐκ
2344 5240 2567 5309 ἐφικτὸν
2598 5239 2656 5293 δὲ
2690 5238 2909 5293 κανόσιν
2936 5237 3265 5292 ἀπευθύνειν
3294 5237 3432 5308 πρὸς
3476 5237 3657 5307 ὅμοια

2058 5332 2156 5400 τὴν
2188 5331 2297 5387 τῶν
2327 5333 2615 5403 φυομένων
2642 5331 2956 5400 κεφαλαίων
2998 5330 3327 5396 ἐξάπλωσιν.
3396 5329 3542 5401 Πλὴν
3595 5331 3656 5383 εί

2059 5425 2154 5478 καὶ
2177 5424 2353 5496 πάντη
2377 5425 2486 5476 τῶν
2507 5423 2607 5494 τῆς
2626 5422 2953 5485 ἀκολουθίας
2984 5423 3327 5493 πραγμάτων
3355 5420 3416 5474 τὸ
3467 5419 3655 5491 παρὸν

2059 5514 2341 5587 ἐξῄρηται,
2374 5515 2493 5573 ἐνὸν
2536 5514 2610 5585 μὴ
2644 5513 2939 5584 ἐκφεύγειν
2968 5514 3058 5567 τὸν
3100 5513 3370 5585 ἡμέτερον
3399 5511 3646 5584 [metu],

2063 5604 2273 5673 μήποτε
2304 5603 2403 5673 τῆς
2432 5603 2670 5671 ἐφέσεως
2702 5602 3117 5675 διαμαρτόντες,
3161 5604 3257 5657 καὶ
3297 5603 3355 5658 τὸ
3394 5600 3650 5657 εὐσεϐεῖν

2062 5693 2157 5745 σὺν
2188 5685 2360 5764 ταύτῂ
2390 5691 2797 5763 ἀφαιρεθῶμεν.
