3970 6212
375 262 514 329 1405

1321 277 1407 340 IN
1443 279 1550 342 ss.
1587 281 1853 342 manus
1893 251 2620 354 PRAiSENTATIONEM.

3475 281 3612 348 1406

453 378 612 432 Ἐπεὶ
637 378 746 452 γὰρ
774 379 984 436 ἀνωθεν
1035 384 1172 454 ἡμῖν
1217 387 1520 461 εἰσφρήσας
1553 393 1584 446 ό
1629 391 1723 446 τοῦ
1771 393 1923 468 apsum

2119 397 2254 464 Quia
2269 398 2409 452 enim
2444 414 2472 451 a
2493 395 2757 466 principio
2787 395 3092 468 irrumpens
3141 397 3408 466 serpentis
3435 401 3606 466 virus,

373 471 472 536 ἰὸς,
504 473 836 545 ύποσμύχων
855 493 914 530 τε
941 477 1091 532 ἔνδον
1119 482 1472 538 κατεδαπάνα
1497 483 1557 538 τὸ
1577 485 1753 554 γένος·

2047 503 2112 543 ac
2133 461 2276 544 intus
2305 489 2540 554 latitans,
2565 491 2854 542 humanum
2877 489 3228 544 consumebat
3261 503 3431 560 genus
3455 505 3471 556 ;
3491 491 3610 546 sin-

373 579 534 633 μενος
561 563 620 617 δέ
647 564 737 618 ἀεὶ⁵
760 567 886 629 τοὺς
919 569 1042 622 καθ’
1090 569 1316 635 ἕκαστα,
1365 575 1466 628 οὐκ
1510 575 1591 630 ἔτι
1633 577 1733 647 τῆς
1770 577 1944 648 νομῆς

371 651 722 716 ἀνεκόπτετο,
772 654 883 708 οὐδ’
919 656 1259 732 ἀλεξιτήριον
1291 663 1584 734 φάρμακον
1621 667 1944 738 ἀποσμῆχον

369 741 559 796 τοῦτον
583 743 860 798 ἐδείκνυτο
877 762 892 776 ·
920 747 1034 800 ἀλλ’
1063 750 1270 820 ὁμοίως
1307 753 1552 818 ἅπαντας
1582 757 1660 820 ὼς
1707 755 1944 812 ὕπουλόν

367 850 420 886 τι
439 834 664 905 τραῦμα
713 835 1143 908 ἐνδιαδυόμενος,
1192 843 1322 906 τοὺς
1359 845 1942 918 ὑπογιτνωσκομένους

370 924 543 996 [Μαι.
586 927 1078 1004 ύπογιγνομένους]
1116 934 1562 1004 κατελυμαίνετο.
1597 937 1798 1012 Τοῦτον
1835 939 1942 992 τοί-

367 1035 462 1072 νυν
512 1019 550 1070 ό
593 1020 936 1090 Δημιουργδς
985 1022 1177 1094 ἐξᾶραι
1223 1024 1525 1098 βουληθεὶς,
1584 1030 1679 1082 καὶ
1745 1029 1938 1084 ἐαυτοῦ

368 1106 470 1176 μὲν
520 1107 619 1178 τὴν
655 1109 972 1166 δυναστείαν
990 1152 1006 1178 ,
1062 1112 1158 1167 τοῦ
1211 1117 1552 1188 τετρωμένου
1597 1119 1656 1173 δὲ
1715 1118 1813 1190 την
1861 1119 1940 1173 ἰὰ-

365 1198 549 1271 τρείαν
583 1201 948 1266 ἐνδείξασθαι,
988 1207 1293 1275 μηχανᾶται
1348 1209 1492 1262 κατά
1527 1208 1619 1262 τοῦ
1676 1209 1928 1282 τρώσαν-

367 1308 456 1356 τος
481 1293 576 1346 τὸν
599 1293 852 1363 κείμενον
881 1296 1206 1368 ἀναστῆσαι,
1235 1299 1332 1352 καὶ
1363 1298 1512 1370 αὐτῷ
1535 1301 1605 1353 τά
1643 1301 1741 1370 τῆς
1777 1302 1938 1372 νίκης

365 1383 812 1454 κατεγχειρίσαι·
860 1384 1112 1454 λαμπρὸν
1141 1387 1389 1441 ἐντεῦθεν
1425 1388 1487 1442 τὸ
1527 1389 1811 1458 τρόπαιον,
1841 1391 1936 1442 καὶ

361 1469 460 1542 την
485 1473 580 1525 τοῦ
631 1471 954 1544 φθείραντος
983 1470 1156 1547 ἧτταν
1199 1476 1586 1548 δημοσιεύεται
1615 1475 1786 1548 [Μαι.
1835 1477 1934 1549 δη-

363 1549 633 1631 μοσιεύων
645 1561 688 1635 j.
721 1564 892 1619 Τοῦτο
943 1565 1001 1620 δὲ
1032 1567 1132 1638 οὐχ
1170 1568 1373 1640 ἑτέρως
1405 1568 1684 1624 ἐκϐαίνειν
1733 1565 1844 1622 οἷόν
1872 1585 1932 1623 τε

357 1650 447 1724 ἦν,
477 1657 526 1710 εἰ
558 1655 634 1728 μὴ
661 1655 761 1728 τὴν
803 1657 898 1710 τοῦ
928 1660 1282 1730 νενοσηκότος
1307 1663 1402 1714 τὸν
1431 1661 1618 1734 ἰατρὸν
1659 1661 1932 1716 ὑποδύντα

2044 579 2305 650 gulosqne
2349 595 2564 649 semper
2616 581 2934 650 depascens,
2989 579 3216 636 necdum
3268 597 3300 634 a
3357 583 3606 650 pastione

2006 700 2016 710 -
2046 669 2451 738 prohibebatur,
2475 686 2572 726 nec
2600 681 3033 737 praesentaneum
3058 670 3222 724 ullum
3279 671 3610 736 remedium,

2044 759 2118 814 illi
2149 761 2462 824 exterendo.
2514 761 2936 828 ostendebatur;
2995 761 3089 816 sed
3135 760 3296 814 simili
3338 761 3616 830 subjectos

2041 866 2230 908 onmes
2256 852 2489 917 ratione,
2514 853 2710 908 occulti
2754 852 2998 908 vulneris
3041 851 3235 916 instar,
3277 853 3384 906 ima
3417 867 3608 922 perva-

2043 943 2196 1008 dens,
2221 943 2479 998 vitiahat:
2513 943 2702 999 volens
2747 946 2929 1014 itaque
2960 959 3140 999 rerum
3170 943 3435 1000 Conditor
3473 941 3609 998 illud

2043 1032 2229 1088 tollere
2260 1043 2422 1104 atque
2451 1045 2562 1090 tum
2598 1036 2892 1105 potentiam
2935 1050 3109 1100 suam,
3151 1045 3264 1090 tum
3311 1036 3478 1089 saucii
3515 1051 3607 1090 sa-

2039 1122 2312 1176 nationem
2339 1123 2619 1186 exhihere,
2655 1123 2706 1176 id
2734 1121 2952 1177 molitur
3001 1130 3060 1176 ut
3107 1121 3374 1192 iacentem
3410 1120 3604 1175 adver-

2039 1227 2134 1268 sus
2164 1214 2520 1270 sauciatorem
2547 1215 2781 1284 erigens,
2813 1214 2862 1268 ei
2891 1212 3168 1268 victoriam
3211 1213 3442 1267 tribuat.
3466 1210 3608 1266 Hinc

2037 1318 2166 1374 ergo
2211 1305 2407 1361 illustri
2456 1307 2728 1374 trophaeo,
2783 1303 3020 1358 auctoris
3065 1302 3320 1358 interitus
3367 1300 3604 1355 traducit

2037 1397 2343 1451 victoriam.
2375 1395 2430 1451 Id
2469 1411 2632 1465 porro
2663 1395 2806 1450 haud
2837 1395 2939 1449 alia
2973 1395 3184 1448 ratione
3223 1391 3347 1448 ﬁeri
3367 1398 3600 1462 poterat,

2036 1499 2196 1554 quam
2255 1494 2316 1540 ut
2372 1487 2612 1540 medicus
2663 1483 2973 1555 aegrotantis
3024 1483 3265 1538 indueus-
3325 1493 3596 1546 naturam,

2034 1573 2232 1629 blando
2258 1573 2518 1643 ejusmodi
2561 1574 2746 1628 habitu
2770 1615 2786 1641 ,
2837 1574 2976 1642 quod
3019 1582 3136 1628 erat
3163 1573 3408 1628 vitiatum
3442 1572 3508 1626 ad
3538 1585 3599 1626 se

2036 1665 2308 1732 traheret;
2341 1673 2399 1718 ut
2428 1675 2740 1734 comparato
2773 1680 2876 1720 usu
2907 1678 3252 1736 congressus,
3290 1665 3598 1732 inopinatus

359 1743 554 1813 φύσιν,
603 1743 754 1816 ἠπίῳ
776 1745 854 1816 τῷ
901 1746 1143 1818 σχήματι
1187 1749 1326 1820 πρὸς
1355 1751 1549 1804 ἑαυτὸν
1577 1750 1721 1817 nec:
1749 1751 1810 1805 τὺ
1833 1751 1923 1806 λυ-

2034 1753 2296 1820 irrneret;
2366 1761 2530 1823 atque
2597 1755 2700 1810 hoc
2759 1755 2950 1820 modo,
3011 1755 3183 1808 morbi
3257 1768 3422 1808 causa
3486 1753 3595 1807 vim

362 1835 709 1904 μαινόμενον,
747 1835 812 1889 ἵν’
843 1839 902 1890 ἐν
928 1836 1006 1908 τῷ
1032 1838 1254 1910 συνήθει
1287 1841 1656 1912 προσδραμὺν,
1696 1841 1773 1910 τῷ
1802 1841 1928 1897 ἀδο-

357 1927 508 1996 κήτῳ
540 1926 845 2000 προσπέσῃ,
880 1928 975 1980 καὶ
1020 1927 1164 1983 οὕτω
1203 1931 1283 1983 τὰ
1300 1931 1402 2000 τῆς
1440 1932 1600 1986 νόσου
1633 1934 1762 2004 ῥᾷον
1789 1933 1928 1987 ἀπο-

357 2016 564 2087 παυθῇ,
611 2017 708 2071 τοῦ
754 2018 927 2072 αἰτίου
961 2019 1167 2091 ταύτης
1207 2022 1290 2085 εἰς
1337 2021 1568 2076 καθόλου
1621 2025 1928 2094 ἀδυναμίαν

355 2111 724 2179 χωρήσαντος.
770 2111 924 2166 Ἐπεὶ
950 2112 1008 2166 δέ
1037 2111 1210 2167 ταῦτα
1238 2113 1414 2178 οὕτως
1445 2115 1792 2186 ᾠκονομήθη,
1819 2116 1925 2170 ἔδει

353 2199 408 2253 δέ
436 2201 494 2267 ἐξ
517 2197 586 2274 ἦς
613 2203 852 2273 ἀρχῆθεν
875 2205 935 2258 τὸ
957 2205 1130 2258 δεινὸν
1157 2205 1391 2277 ὡρμήθη
1419 2206 1600 2276 ῥίζης,
1632 2208 1698 2260 ἐκ
1721 2206 1926 2277 ταύτης

352 2289 450 2362 τὴν
482 2293 724 2364 ἰατρείαν
753 2295 1194 2366 ἀναϐλαστῆσαι·
1239 2297 1335 2350 καὶ
1357 2297 1426 2351 δι’
1457 2292 1524 2370 ἧς
1561 2297 1681 2351 ὀδοῦ
1711 2298 1924 2369 πρὺςτὺ

351 2383 511 2450 γένος
549 2386 806 2456 εἰσήχθη,
857 2385 949 2440 διὰ
988 2388 1196 2460 ταύτης
1228 2388 1578 2462 ἐξελαθῆναιο
1617 2393 1650 2462 ή
1691 2391 1749 2445 δέ
1791 2387 1923 2464 ἦνή

352 2475 630 2542 γυναικῶν
674 2475 933 2542 εὐκολία,
975 2479 1078 2531 οὐκ
1134 2479 1394 2546 ἀσφαλῶς
1439 2479 1540 2550 τὴν
1585 2481 1787 2534 εἴσοδον
1835 2481 1926 2548 ἐξ⁴

353 2564 634 2633 ανοίξασα,
669 2568 836 2639 ἑαυτῇ
871 2585 929 2645 τε
969 2569 1169 2640 καὶτῷ
1218 2571 1441 2642 οἰκείῳ,
1468 2571 1564 2624 καὶ
1597 2575 1710 2637 τοῖς
1735 2572 1926 2628 ἔπειτα

352 2654 452 2724 τὴν
473 2653 654 2726 λύμην
696 2656 1130 2711 διασκεδάσασα·
1181 2659 1277 2712 καὶ⁵
1323 2658 1386 2727 δὴ
1438 2659 1598 2714 τοῦτο
1656 2679 1923 2733 πραγμα-

353 2745 589 2801 τεύεται.
631 2747 772 2799 Ἀλλ’
793 2748 979 2818 ἐπειδὴ
1007 2749 1174 2816 ἐγγὺς
1201 2750 1470 2820 ἐγενόμην
1497 2751 1598 2822 τῆς
1619 2753 1927 2818 ὑποθέσεως

353 2831 634 2904 ἀμηχανίᾳ
659 2833 754 2886 τοῦ
791 2834 1120 2903 πράγματος
1150 2837 1244 2890 τὸν
1279 2838 1435 2906 λόγον
1464 2841 1796 2912 κατέχομαι,
1831 2843 1926 2896 καὶ

243 2952 250 2960 -
354 2921 433 2992 τῷ
459 2923 679 2992 μεγέθει
723 2923 818 2978 τοῦ
873 2924 1152 2996 Θαύματος
1201 2929 1302 2997 τὴν
1331 2929 1572 2984 διάνοιαν
1611 2933 1926 3004 καταπλήτ-

356 3028 516 3084 τομαι
546 3014 728 3088 [Μαι.
769 3015 1104 3089 ἐκπλήττ.],
1141 3017 1290 3082 ξένον
1312 3019 1455 3089 ὀρῶν
1481 3021 1575 3074 καὶ
1619 3021 1924 3092 παράδοξον

355 3106 447 3158 ἐπὶ
483 3106 587 3175 γῆς
635 3105 962 3175 τελούμενον
1005 3109 1324 3178 μυστήριον,
1359 3111 1452 3162 καὶ
1487 3110 1516 3164 ὃ
1553 3112 1661 3182 πρὸ
1702 3113 1924 3168 πάντων

353 3194 566 3248 αἰώνων
609 3197 866 3267 ἀρρήτως
901 3197 1216 3268 ἐπηγγέλθη
1260 3199 1553 3270 σωτήριον,
1595 3203 1717 3258 νυνὶ
1755 3202 1928 3272 πέρας

353 3283 752 3355 εἰσδεχόμενον.
792 3285 965 3338 Τοῦτο
997 3285 1200 3358 δηλαδὴ
1229 3287 1336 3340 τῶν
1365 3287 1467 3358 τὴν
1516 3289 1796 3360 Παρθένον
1832 3308 1924 3344 τε-

353 3373 561 3428 κόντων
602 3374 975 3444 ἀνῳκίσμενον
1005 3374 1346 3449 [ἐγκώμιον]
1373 3391 1390 3406 ο
1415 3376 1582 3430 τοῦτο
1617 3379 1922 3450 προοίμιον,

354 3466 536 3524 πᾶσαν
561 3464 829 3533 ὲκφεῢγον
857 3465 1035 3533 λόγων
1069 3466 1334 3522 ἐπίδοσιν.
1369 3467 1557 3540 Τούτῳ
1595 3469 1921 3540 προσϐαλὼν

356 3550 455 3620 μὲν
493 3550 522 3604 ό
567 3549 726 3614 νοῦς,
761 3552 864 3606 οὐκ
915 3551 1282 3624 ἐξασθενήσας
1325 3555 1382 3608 δὲ
1421 3555 1531 3609 τῶν
1573 3558 1790 3613 οίκείων
1837 3559 1925 3625 ἐξ-

351 3645 568 3717 έστηκε.
609 3646 824 3701 Σκοποῦ
865 3647 974 3720 γὰρ
1019 3649 1170 3714 ὅστις
1221 3648 1288 3704 ἀν
1325 3645 1380 3704 εἴ
1407 3651 1438 3702 ὁ
1495 3651 1671 3707 ταῦτα
1715 3655 1926 3726 διερευ-

349 3736 610 3806 νώμενος,
643 3737 831 3808 ήλίκον
855 3739 1110 3794 ἐντεῦθεν
1133 3741 1376 3812 ἀνεφάνη
1407 3741 1468 3796 τὸ
1497 3743 1706 3814 θαῦμα.
1732 3745 1925 3800 Φιλαν-

351 3829 566 3898 θρωπίᾳ
613 3829 748 3902 μόνῃ
781 3832 847 3884 ἐκ
875 3831 950 3902 μὴ
979 3831 1150 3885 ὄντων
1187 3833 1292 3887 ὑπὸ
1325 3833 1421 3887 τοῦ
1471 3835 1712 3890 πλάστου
1771 3854 1918 3910 παρ-

347 3919 488 3990 ήχθη
497 3935 615 3990 μεν·
633 3921 717 3974 ἐπ’
740 3921 924 3991 ἔργοις
943 3924 1170 3989 ἀγαθοῖς
1185 3925 1276 3978 τδν
1289 3925 1620 3998 παράδεισον
1645 3932 1922 3983 κατοικεῖν

315 4017 330 4026 “
349 4013 798 4083 προσετάτημεν·
831 4013 932 4084 τὴν
961 4014 1182 4086 ἐντολὴν
1219 4016 1539 4089 ἀϐουλήτως
1576 4021 1922 4091 ἀπεκρούσα-

349 4099 488 4170 μεθα
506 4117 521 4132 ο
552 4099 784 4155 θάνατον
813 4105 880 4172 τῇ
913 4104 1227 4174 προαιρέσει
1253 4107 1720 4178 ἐπεσπασάμεθα·
1748 4111 1920 4182 ἐπηγ-

344 4191 510 4261 γέλθη
540 4191 690 4262 παρά
715 4192 810 4246 τοῦ
837 4193 1122 4258 κτίσαντος
1147 4194 1454 4268 ἐλευθερία,
1479 4198 1658 4252 καὶτὸ
1684 4201 1921 4272 πρᾶγμα

344 4284 566 4353 ἔμελλε,
611 4286 706 4338 καὶ
745 4288 774 4338 ό
819 4285 1010 4356 χρόνος
1061 4287 1187 4350 τοὺς
1224 4287 1570 4360 ἐπιτηδείους
1617 4288 1914 4361 ἀνηρεύνα.

2030 1857 2242 1900 omnem
2265 1845 2562 1910 amittente,
2586 1843 2701 1914 ejus
2721 1845 2930 1900 curatio
2951 1844 3161 1900 facilior
3180 1853 3347 1900 esset.
3369 1842 3598 1909 Quando

2031 1946 2209 1990 autem
2248 1935 2366 1990 haac
2402 1936 2476 1990 ita
2520 1935 2732 1990 fuerant
2771 1936 3006 2005 provisa,
3039 1949 3243 2006 parque
3267 1943 3410 1998 erat,
3438 1940 3498 1987 ut
3527 1931 3596 1986 ab

2029 2023 2214 2080 eadem
2240 2025 2355 2094 ipsa
2381 2025 2565 2080 radice
2590 2039 2657 2079 ex
2693 2041 2797 2095 qua
2825 2025 3024 2079 malum
3056 2039 3093 2078 a
3117 2023 3380 2094 principio
3412 2031 3591 2076 ortum

2028 2121 2166 2176 erat,
2198 2113 2484 2168 medicatio
2532 2129 2748 2184 quoque
2791 2115 3150 2184 germinaret;
3186 2121 3352 2181 utque
3403 2110 3592 2166 eadem

2029 2199 2318 2268 pelleretur
2349 2201 2470 2266 via,
2504 2217 2608 2271 qua
2661 2202 2714 2254 in
2755 2201 3030 2256 hominum
3069 2216 3236 2268 mnus
3287 2200 3592 2266 invaserat;

2029 2305 2059 2344 a
2089 2289 2334 2345 muliebri
2358 2291 2609 2346 nimirum
2639 2291 2898 2346 facilitate
2916 2331 2934 2357 ,
2963 2307 3082 2362 qua
3105 2293 3319 2347 incaute
3344 2292 3595 2360 aperiens

2028 2379 2230 2434 aditum
2251 2421 2268 2447 ,
2293 2381 2396 2436 sibi
2429 2383 2656 2451 pariter,
2688 2383 2932 2450 viroque,
2963 2394 3120 2452 atque
3153 2383 3383 2453 posteris
3412 2383 3595 2451 perni-

2027 2471 2166 2526 ciem
2203 2471 2488 2528 ascivisset
2523 2491 2538 2527 :
2575 2473 2656 2528 sic
2701 2473 2922 2529 omnino
2964 2488 3052 2529 res
3100 2473 3304 2528 habuit.
3359 2473 3595 2542 Alenim,

2027 2561 2247 2630 propior
2266 2559 2374 2628 iam
2405 2571 2721 2630 argumento
2746 2563 2942 2631 factus,
2967 2573 3154 2618 teneor
3177 2563 3254 2618 rei
3287 2561 3598 2618 difﬁcultate

2027 2660 2088 2704 ut
2121 2666 2188 2706 ne
2218 2651 2426 2706 valeam
2477 2652 2660 2722 loqui;
2703 2668 2905 2724 proque
2942 2654 3184 2710 miraculi
3228 2653 3598 2722 magnitudine

2027 2741 2210 2796 animo
2236 2742 2517 2811 percellor,
2547 2745 2638 2814 qui
2667 2749 2864 2800 novum
2891 2760 2956 2801 ac
3001 2745 3251 2800 mirabile
3279 2744 3598 2816 mysterium

2027 2831 2080 2886 in
2114 2831 2278 2886 terris
2301 2831 2508 2887 videam
2540 2835 2930 2900 consummari,
2965 2849 3029 2892 ac
3069 2835 3212 2904 quod
3247 2846 3374 2890 ante
3401 2834 3598 2890 saecula

2025 2923 2203 2977 omnia
2231 2939 2428 2979 arcane
2453 2927 2774 2992 promissum
2798 2935 2935 2992 erat,
2958 2926 3248 2982 salutarem
3271 2941 3414 2980 nunc
3437 2926 3594 2980 finem

2025 3011 2272 3082 adipisci.
2306 3011 2421 3068 Hoc
2459 3012 2590 3069 illud
2622 3026 2902 3085 parentum
2931 3016 3168 3086 Virginis
3205 3017 3539 3086 privilegium
3575 3031 3594 3070 :

2027 3104 2144 3163 haec
2187 3103 2374 3167 initia,
2418 3119 2634 3162 omnem
2669 3121 2978 3164 sermonum
3031 3107 3304 3164 vincentia
3342 3107 3600 3175 amplitu-

2025 3193 2224 3249 dinem.
2276 3194 2413 3251 liuic
2458 3197 2668 3252 animus
2721 3199 3030 3265 intendens,
3081 3201 3184 3256 nisi
3236 3211 3320 3256 est
3370 3199 3599 3256 debilior

2027 3281 2272 3350 effectus,
2307 3298 2338 3336 a
2369 3287 2602 3353 propriis
2637 3291 2892 3344 excessit.
2918 3289 3216 3345 Considera
3241 3291 3408 3353 enim,
3442 3290 3597 3360 quis-

2025 3373 2150 3442 quis
2183 3387 2243 3429 es
2277 3377 2369 3446 qui
2406 3379 2505 3430 ista
2539 3379 2822 3443 scrutaris,
2852 3395 3014 3452 quam
3050 3381 3460 3456 inde’magnum
3491 3381 3596 3438 mi-

2025 3464 2264 3520 raculum
2303 3466 2494 3520 eluxit.
2544 3466 2668 3523 Sola
2718 3468 3050 3538 benignitate
3096 3485 3126 3523 a
3167 3470 3276 3524 Deo
3309 3473 3486 3539 plaste
3523 3485 3592 3526 ex

2027 3555 2196 3609 nihilo
2223 3555 2474 3624 producti
2519 3555 2796 3612 fueramus
2824 3575 2840 3614 :
2868 3557 3080 3627 iussum
3109 3567 3230 3614 erat
3262 3559 3314 3614 in
3341 3561 3596 3629 Operibua

2023 3645 2182 3701 bonis
2213 3647 2522 3716 paradisum
2554 3647 2732 3703 colere
2759 3665 2774 3703 :
2799 3659 3124 3718 praeceptum
3157 3648 3479 3721 insipienter
3508 3666 3595 3708 re-

2022 3734 2301 3807 pellentes,
2333 3746 2562 3800 mortem
2604 3746 2788 3793 nostra
2834 3737 2932 3808 ipsi
2980 3737 3255 3794 voluntate
3284 3748 3590 3795 attraxera~

2025 3840 2145 3880 mus
2179 3847 2192 3884 :
2220 3827 2446 3882 Creator
2471 3827 2773 3884 libertatem
2805 3827 3076 3898 pollicitus
3102 3839 3218 3896 est;
3251 3839 3475 3900 eratque
3503 3845 3592 3886 res

2027 3915 2226 3981 futura,
2258 3931 2322 3972 ac
2347 3926 2560 3987 tempus
2589 3931 2683 3973 eos
2728 3919 3026 3988 qumrebat,
3061 3919 3151 3988 qui
3183 3919 3357 3974 idonei
3384 3929 3586 3975 essent.

2021 4007 2372 4065 Praeteribant
2391 4016 2581 4064 aetates
2597 4027 2614 4076 ;
2633 4009 2789 4079 iuges
2813 4010 3108 4080 prophetiae
3127 4009 3584 4079 subjiciebantur;

2023 4103 2076 4158 in
2121 4117 2218 4174 spe
2265 4110 2422 4158 erant
2469 4103 2900 4172 patriarcharum
2949 4101 3189 4156 omnium
3227 4116 3292 4156 ac
3317 4100 3588 4171 iustorum
3669 4115 3678 4125 '

2021 4208 2108 4249 res
2139 4192 2345 4263 positae.
2391 4193 2667 4249 Abraham
2702 4191 3052 4261 praeterierat,
3093 4189 3586 4260 ejusqneposteri,

2019 4299 2138 4341 cum
2155 4283 2264 4339 diei
2281 4283 2422 4339 illius
2448 4290 2846 4338 sacramentum
2875 4281 2926 4336 in
2950 4280 3198 4352 symbolis
3221 4278 3587 4344 didiscissent,

345 4375 688 4447 Παρὲτρεχον
742 4376 799 4429 αἱ
858 4376 1077 4444 γενεαίο
1142 4379 1598 4464 αἰμδπροφητείαι
1671 4383 1918 4452 συνεχεῖς

2025 4383 2182 4443 atque
2230 4373 2428 4430 animis
2477 4374 2544 4428 ad
2579 4371 2776 4428 futurae
2832 4371 2910 4427 rei
2975 4385 3225 4427 eventum
3290 4371 3586 4426 inhiarent.

346 4464 736 4520 κατεϐάλλοντο
761 4480 775 4494 ·
823 4467 882 4517 ἐν
926 4463 1139 4518 ἐλπίσιν
1192 4461 1260 4538 ἦν
1288 4467 1354 4522 τὰ
1383 4468 1494 4522 τῶν
1536 4469 1912 4540 πατριαρχῶν.

341 4559 436 4612 καὶ
464 4558 685 4612 πάντων
714 4557 959 4612 δικαίων.
1028 4559 1282 4630 Ἀϐραὰμ
1339 4559 1688 4631 παρέδραμε,
1736 4562 1834 4616 καὶ
1862 4562 1914 4615 οί

346 4651 464 4718 μετ’
495 4650 701 4703 ἐκεῖνον
724 4651 782 4702 ἐν
808 4650 1100 4720 συμϐόλοις
1127 4650 1196 4702 τὰ
1217 4652 1315 4720 τῆς
1335 4651 1552 4723 ἡμέρας
1586 4653 1909 4722 μυηθέντες,

342 4740 438 4792 καὶ
489 4739 625 4810 πρὸς
672 4739 774 4808 τὴν
827 4739 1055 4794 ἔκϐασιν
1102 4739 1194 4792 τοῦ
1254 4740 1542 4810 μέλλοντος
1596 4741 1911 4812 κεχηνότες.

341 4827 582 4898 Μωύσῆς
617 4829 646 4882 ὁ
686 4827 980 4892 θεσπέσιος.
1013 4829 1273 4899 ἐμφανῶς
1301 4829 1381 4892 εἰς
1409 4829 1536 4894 τοὺς
1571 4829 1778 4894 τύπους
1817 4830 1910 4884 τοῦ

343 4918 644 4990 μυστηρίου
675 4919 918 4991 θεωρῶν,
952 4919 1048 4974 καὶ
1079 4919 1152 4972 τὰ
1177 4905 1279 4990 τῆξ
1307 4919 1572 4989 ἀληθείας
1602 4921 1911 4986 κατανοῶν,

338 5008 512 5063 ἐδόκει
537 5011 674 5080 πρὸς
695 5010 872 5082 ἐαυτῷ
892 5011 1233 5082 πληροῦσθαι
1258 5012 1326 5066 τὰ
1347 5011 1782 5083 προδηλούμενα.
1823 5013 1911 5067 Ἐν

335 5102 404 5172 τῇ
433 5102 629 5173 ἐρήμῳ
651 5105 683 5170 ἡ
709 5103 884 5166 ἐλπίς.
925 5105 1016 5159 Ἐν
1042 5107 1152 5170 τοῖς
1177 5104 1290 5158 τῶν
1319 5107 1525 5175 κριτῶν
1553 5105 1910 5174 δημαγωγοῖς

335 5193 370 5262 ἡ
402 5191 720 5262 προσδοκία.
770 5194 1025 5266 Σαμουὴλ
1058 5195 1480 5266 ἐχρηματίζετο.
1527 5195 1692 5249 Δαϐὶδ
1741 5197 1907 5264 ἐγγὺς

334 5279 432 5354 τὴν
463 5283 675 5356 ἡμέραν
697 5285 1018 5354 ἀναφωνῶν,
1049 5287 1432 5357 ἀπεμάκρυνε.
1455 5286 1576 5340 Τῶν
1607 5287 1907 5358 προφητῶν

331 5372 364 5424 ὸ
393 5372 552 5445 χορὸς
593 5373 931 5448 διαπρυσίως
969 5378 1260 5448 ἐκήρυττε,
1295 5377 1390 5430 καὶ
1416 5377 1511 5430 ἐπὶ
1539 5376 1733 5447 θύραις
1762 5373 1904 5432 εἶναι

407 5504 521 5586 (ξυ)
699 5511 887 5565 iisdem
944 5514 1050 5586 orti
1093 5514 1404 5584 majoribus.
1445 5517 1606 5586 Atqui
1645 5517 1784 5572 alter
1837 5531 1902 5574 ex

333 5576 667 5649 regia'trihu
727 5589 880 5645 erat,
928 5581 1067 5638 alter
1115 5576 1194 5638 ex'
1231 5576 1589 5649 sacerdotali.
1631 5598 1690 5641 ut
1745 5589 1908 5644 habet

334 5647 603 5716 receptior
652 5649 900 5708 historia.
941 5651 1112 5709 Erant
1145 5653 1307 5711 iidem
1339 5647 1698 5715 hihilominus
1737 5657 1906 5728 majo—

2025 4469 2231 4540 Moyses
2259 4468 2350 4522 ille
2381 4465 2712 4522 admirabilis
2736 4466 2790 4521 in
2827 4465 3066 4537 mysterii
3107 4465 3307 4536 figuras
3335 4462 3582 4533 intuens,

2007 4575 2084 4614 'ac
2133 4557 2413 4614 veritatem
2468 4555 2834 4626 perspiciens,
2887 4557 3026 4624 apud
3061 4569 3156 4619 se,
3196 4570 3260 4610 ac
3292 4564 3451 4610 aetate
3489 4569 3586 4611 sua

2020 4649 2292 4720 impletum
2329 4648 2394 4703 iri
2421 4649 2804 4704 existimabat:
2847 4656 2962 4702 erat
2995 4661 3119 4717 spes
3148 4647 3201 4702 in
3243 4648 3460 4703 deserto
3486 4663 3504 4702 :
3529 4647 3583 4700 in

2007 4743 2284 4814 judicibus
2330 4742 2512 4812 populi
2559 4742 2862 4798 rectoribus
2915 4739 3250 4810 exspectatio
3289 4757 3308 4795 :
3365 4737 3586 4794 Samuel

2012 4848 2328 4902 responsum
2373 4832 2713 4901 accipiebat:
2751 4830 2914 4884 David
2949 4829 3296 4900 propinquam
3345 4828 3589 4884 clamans

2013 4923 2188 4988 diem,
2237 4923 2452 4991 longius
2504 4922 2902 4977 submovehat:
2960 4922 3338 4990 prophetarum
3383 4920 3582 4975 chorus

2015 5013 2158 5067 clara
2183 5013 2516 5084 pradicahat
2553 5027 2706 5078 voce,
2733 5028 2797 5066 ac
2821 5011 3095 5068 Christum
3127 5025 3292 5080 prope
3326 5011 3380 5065 in
3401 5010 3582 5078 januis

2013 5105 2389 5160 annuntiabat.
2405 5104 2672 5159 Caeterum
2691 5119 2881 5160 omnes
2899 5119 2992 5174 spe
3016 5100 3278 5169 frustrati,
3296 5105 3578 5166 abierunt;

2011 5199 2152 5263 quod
2194 5195 2448 5249 nimirum
2489 5203 2701 5262 tempus
2730 5192 2985 5248 deficeret
3013 5209 3133 5248 cum
3181 5195 3247 5248 iis
3301 5193 3391 5260 qui
3433 5191 3578 5261 digni

2008 5295 2184 5340 erant.
2216 5285 2386 5342 Porro
2420 5285 2626 5341 invenit
2647 5285 2748 5342 sibi
2775 5301 3044 5357 congruos
3073 5285 3259 5338 iisdem
3290 5292 3582 5352 prognatos

2009 5377 2306 5446 majoribus
2331 5377 2468 5450 (20).
2519 5387 2679 5447 atque
2718 5378 2770 5432 in
2833 5393 2955 5434 eum
3003 5377 3161 5430 finem
3208 5389 3237 5426 a
3275 5387 3454 5426 rerum
3485 5387 3581 5424 au-

2014 5531 2123 5582 res,
2160 5533 2224 5573 ac
2249 5518 2552 5588 conjunctae
2594 5517 2844 5588 familiai,
2875 5531 2941 5588 eo
2969 5514 3108 5588 quod
3141 5513 3312 5569 tribus
3353 5512 3498 5586 regia
3526 5519 3588 5571 et

2011 5584 2367 5646 sacerdotalis
2391 5587 2501 5655 iam
2528 5587 2656 5644 olim
2685 5585 2932 5656 coniugia
2972 5584 3282 5640 miscerent.
