3970 6212
387 325 520 390 1107

1509 317 1828 378 GEORGII
1870 312 2462 378 NICOMEDIENSIS

3498 313 3643 378 IE8

383 448 534 492 rtore
563 440 814 503 paratos;
841 429 1101 496 Joachim,
1132 427 1372 498 inquam,
1405 443 1466 483 ac
1493 427 1738 494 Annam;
1768 440 1959 496 paren-

2067 423 2158 476 τὸν
2201 422 2437 494 Χριστὸν
2489 417 2823 490 κατεμήνυε.
2877 418 3088 482 Πάντες
3131 418 3242 473 τῶν
3271 419 3647 478 ἐλπισθέντων

389 539 470 582 tes
499 524 635 593 eius,
663 537 781 592 qme
807 519 1222 592 promissionum
1255 517 1376 573 linis
1411 517 1747 572 conciliatrix
1786 514 1947 570 foret.

386 615 477 679 lli,
532 614 707 684 prima
756 613 823 665 ad
871 624 1005 678 opus
1060 614 1492 678 prmstruxerunt
1542 605 1952 677 prmdictionum

385 707 588 761 initia:
630 705 706 770 hi,
755 709 1188 770 exspectatorum
1241 699 1476 753 radicem
1537 697 1946 766 germinaruut:

387 797 480 862 hi,
533 794 924 866 promissorum
977 789 1385 844 fundamentum
1438 788 1728 857 iecerunt:
1769 801 1832 840 ex
1871 785 1956 839 his

388 884 542 938 nobis
597 881 820 936 emersit
877 879 1128 934 sanitatis
1189 879 1540 948 myrotheca:
1582 890 1646 929 ex
1689 875 1808 940 bis,
1838 883 1954 928 orta

384 971 586 1044 prodiit
612 971 810 1026 laetitiae
831 969 1170 1024 conciliatrix
1198 984 1212 1021 :
1239 983 1303 1021 ex
1330 967 1435 1030 his,
1462 964 1755 1032 praeierunt
1775 961 1952 1032 gaudii

343 1081 362 1091 κ
389 1062 636 1133 pignora.
685 1058 750 1112 lli
781 1059 960 1128 itaque
989 1059 1055 1111 ob
1098 1056 1450 1110 excellentem
1483 1052 1760 1115 virtutem,
1793 1064 1953 1118 supra

386 1165 578 1210 omnes
613 1151 727 1206 noti
776 1149 920 1205 ﬁunt.
951 1149 1060 1202 Deo
1093 1145 1370 1212 Creatori;
1405 1153 1464 1198 ut
1496 1144 1587 1212 qui
1627 1135 1859 1212 μειρεοίιί
1893 1155 1957 1195 ac

389 1243 637 1301 destinati
683 1242 742 1298 in
798 1239 1179 1312 mysteriorum
1231 1236 1536 1292 divinorum
1597 1231 1958 1288 ministerium

388 1343 562 1392 erant.
595 1332 954 1400 Quamobrem
988 1331 1128 1384 viam
1162 1342 1377 1385 omnem
1403 1325 1780 1380 mandatorum
1814 1323 1961 1377 ince-

389 1428 597 1492 dentes,
631 1424 697 1479 ad
726 1435 994 1479 summum
1026 1425 1316 1475 evaserunt
1349 1414 1699 1486 perfectionis
1731 1412 1960 1482 apicem,

2055 511 2423 582 ἀποτυχόντες
2467 509 2808 580 ἀπέδραμον,
2856 508 3156 581 ἐπειδήπερ
3210 511 3241 563 ὁ
3295 509 3489 580 χρόνος
3542 513 3646 566 σὺν

2053 605 2166 667 τοῖς
2195 602 2370 667 ἀξίοις
2412 601 2813 671 ἀπελίμπανεν.
2863 590 3007 672 Εὗρε
3033 599 3101 670 δὴ
3128 601 3256 664 τοὺς
3299 601 3540 665 οίκείους
3575 603 3649 657 ἐκ

2054 693 2162 746 τῶν
2188 691 2369 745 αὐτῶν
2399 690 2761 763 ὡρμημένους
2781 731 2796 755 ,
2823 689 2919 742 καὶ
2957 687 3093 760 πρὸς
3121 687 3282 742 τοῦτο
3307 689 3387 759 τῷ
3417 690 3638 764 κτίστῃ

2055 783 2558 854 εὐτρεπισμένους’
2623 781 2892 851 Ἰωακείμ,
2924 798 3070 852 φημι
3103 781 3203 836 καὶ
3253 784 3458 839 ’Δνναν
3512 789 3647 851 τοὺς

2055 873 2156 942 τὴν
2177 873 2356 926 αίτίαν
2383 871 2478 926 τοῦ
2507 872 2694 935 τέλους
2722 871 2832 926 τῶν
2863 872 3216 943 μηνυθέντων
3244 874 3644 940 ἀποτεκόντας.

2058 958 2220 1018 Οὗτοι
2263 963 2334 1016 τά
2376 963 2490 1016 τῶν
2537 963 2900 1034 προρρήσεων
2936 965 3018 1028 είς
3044 963 3206 1033 ἔργον
3274 967 3648 1022 κατεϐάλοντο

2059 1055 2354 1125 προοίμια·
2421 1048 2566 1108 οὗτοι
2624 1054 2744 1107 τῶν
2789 1054 3278 1125 προσδοκηθέντων
3327 1057 3428 1127 τὴν
3481 1059 3648 1130 ῥίζαν

2060 1145 2402 1214 ἐὸλάστησαν
2420 1161 2434 1175 ·
2462 1137 2610 1198 οὗτοι
2638 1144 2750 1199 τῶν
2776 1145 3227 1216 ἐπηγγελθέντων
3258 1148 3352 1202 τὸν
3386 1149 3646 1221 θεμέλιον

2060 1233 2408 1304 κατέπηξαν·
2457 1234 2522 1288 ἐκ
2567 1232 2776 1288 τούτων
2804 1235 2936 1305 ἡμῖν
2985 1237 3018 1306 ή
3052 1235 3154 1306 τῆς
3185 1238 3430 1307 ἰατρείας
3467 1257 3648 1312 μυροο

2062 1324 2204 1394 θήκη
2255 1325 2668 1397 κατεσκευάσθη
2690 1341 2704 1356 ·
2751 1329 2816 1379 ἐκ
2845 1326 3057 1380 τούτων
3098 1329 3133 1398 ἡ
3168 1328 3271 1400 τῆς
3295 1330 3654 1402 εὐφροσύνης

2062 1415 2399 1469 ἀνατέταλκε
2450 1415 2752 1490 πρόξενοςο
2811 1417 2880 1470 ἐκ
2927 1416 3136 1471 τούτων
3193 1418 3262 1472 τὰ
3301 1421 3404 1490 τῆς
3465 1424 3654 1492 χαρᾶς

389 1517 598 1586 solique
630 1530 693 1570 ea
739 1522 870 1570 sunt
909 1509 1228 1572 consecuti,
1258 1522 1377 1578 quae
1421 1523 1450 1560 a
1491 1505 1688 1562 sarculo
1745 1501 1959 1573 plurimi

2065 1505 2508 1576 προωδοποίησεν
2547 1506 2803 1578 ἐνέχυρα.
2837 1499 3000 1560 Οὗτοι
3043 1507 3228 1562 τοίνυν
3259 1509 3326 1563 δι’
3363 1511 3656 1582 ὑπερϐάλ-

387 1608 690 1678 cupierunt.
754 1604 1069 1672 Quanquam
1128 1601 1272 1655 enim
1327 1613 1615 1654 commune
1665 1595 1959 1652 .hominum

2064 1591 2261 1647 λουσαν
2315 1593 2541 1665 ἀρετὴν,
2589 1595 2745 1665 παρὰ
2778 1595 2990 1660 πάντας
3017 1596 3291 1669 γνώριμοι
3313 1597 3397 1670 τῷ
3429 1602 3648 1673 κτίστῃ

388 1711 559 1768 genus
590 1694 840 1750 etlectum
883 1703 965 1748 est
999 1691 1270 1760 particeps
1297 1729 1313 1756 ,
1349 1688 1405 1742 hi
1457 1697 1636 1741 tamen
1663 1685 1861 1739 eximia
1901 1697 1959 1738 ac

2066 1683 2447 1748 καθίστανται,
2484 1684 2664 1738 καίτοι
2714 1686 3160 1756 προγνωσθέντες
3201 1689 3298 1742 καὶ
3327 1690 3651 1760 όρισθέντες

389 1761 646 1851 peculiari
680 1781 837 1834 laude
873 1781 1202 1833 claruerunt.
1221 1775 1432 1831 Etenim
1467 1774 1558 1843 qui
1592 1788 1682 1829 res
1703 1773 1959 1828 maximas

2071 1775 2152 1836 είς
2190 1773 2350 1828 θείων
2397 1774 2712 1844 μυστηρίων
2748 1775 3114 1848 λειτουργίαν.
3168 1779 3267 1832 Διδ
3305 1781 3490 1834 πᾶσαν
3525 1782 3650 1836 ὸδδν

389 1885 616 1944 gerunt,
650 1873 906 1942 majorem
943 1871 1012 1924 ab
1062 1871 1140 1924 eis
1191 1869 1460 1938 recipiunt
1493 1867 1743 1936 gloriam,
1798 1880 1958 1934 quam

2064 1864 2282 1934 ἐντολῆς
2316 1863 2655 1934 βαδίσαντες,
2695 1865 2832 1935 πρὸς
2869 1851 3150 1938 ἀκρότητα
3178 1869 3278 1938 τῆς
3301 1871 3651 1942 τελειότητος

387 1976 618 2032 quorum
655 1961 756 2015 illa:
784 1975 952 2016 causa
996 1968 1255 2027 geruntur
1287 1978 1300 2013 :
1333 1964 1587 2025 tantoque
1623 1957 1674 2010 id
1705 1955 1955 2025 amplius,

388 2063 593 2121 quanto
639 2051 896 2106 facinoris
952 2049 1292 2104 necessitudo
1332 2049 1568 2104 maxima
1601 2054 1956 2103 monstratur.

387 2142 490 2198 Hic
517 2150 696 2196 autem
723 2141 857 2196 nihil
885 2141 1116 2194 vicinius
1146 2155 1210 2194 ac
1240 2149 1524 2208 cognatum
1565 2137 1738 2209 magis
1769 2137 1960 2190 existi-

389 2234 522 2287 mari
546 2241 728 2302 queat,
757 2232 840 2290 iis.
867 2247 987 2302 qua:
1012 2231 1292 2300 patrandis
1325 2229 1662 2284 mirabilibus
1699 2230 1751 2282 in
1781 2227 1957 2305 media

387 2332 658 2392 assumpta
710 2320 950 2376 luerunt.
1008 2320 1118 2375 Sibi
1157 2321 1353 2390 quippe
1403 2319 1633 2374 Verbum
1671 2333 1738 2372 ex
1767 2332 1956 2372 eorunt

389 2427 567 2467 massa
625 2411 1024 2466 tabernaculum
1069 2424 1387 2475 exstrueus,
1438 2424 1505 2464 ex
1554 2409 1740 2464 eodem
1781 2409 1958 2463 altiori

389 2516 552 2570 supra
583 2500 916 2556 intellectum
945 2499 1180 2563 ratione,
1207 2499 1456 2554 humana:
1492 2506 1699 2551 natura:
1726 2510 1957 2551 massam

388 2593 704 2661 assumpsit,
758 2606 951 2646 novam
1003 2605 1258 2660 prorsus,
1290 2604 1411 2645 cum
1439 2589 1707 2644 actionem
1744 2589 1960 2658 dispen-

389 2699 539 2749 sans,
575 2695 687 2739 tum
711 2685 977 2754 cogitatus
1003 2685 1302 2738 inventum.

2060 1955 2436 2026 κατήντησαν,
2489 1954 2584 2008 καὶ
2636 1955 2788 2024 μόνοι
2833 1955 2945 2009 τῶν
2994 1957 3270 2023 πλείστοις
3324 1960 3385 2026 ἐξ
3445 1962 3656 2026 αίῶνος

2060 2041 2519 2111 ἐπιθυμουμένων
2567 2041 2852 2112 ἐπέτυχον.
2916 2043 2981 2095 El
3043 2043 3152 2113 γὰρ
3203 2045 3301 2098 καὶ
3351 2045 3413 2098 τὸ
3466 2046 3655 2099 κοινδν

2060 2134 2240 2187 αὐτῶν
2265 2133 2366 2204 τῆς
2406 2133 2622 2202 φύσεως
2661 2134 3007 2205 μετείληφεν,
3033 2135 3148 2188 ἀλλ’
3189 2135 3472 2208 ἐξαίρετον
3497 2133 3655 2193 οὗτοι

2059 2223 2120 2276 τὸ
2146 2223 2300 2286 κλέος
2321 2224 2642 2293 ἠνέγκαντο.
2671 2225 2783 2278 Καὶ
2808 2225 2917 2296 γὰρ
2944 2225 2994 2280 δι
3020 2220 3108 2280 ’ὧν
3129 2229 3196 2281 τὰ
3230 2228 3468 2298 μέγιστα
3501 2247 3654 2285 κατ-

2062 2311 2347 2384 ορθοῦνται
2391 2314 2500 2369 τῶν
2559 2315 2926 2386 πραγμάτων,
2975 2317 3130 2371 αὐτοὶ
3179 2319 3408 2389 μείζονα
3438 2321 3552 2375 τῶν
3581 2321 3656 2375 δι’

2063 2403 2158 2466 οὓς
2219 2403 2558 2466 τελειοῦται,
2609 2405 2708 2477 τὴν
2765 2405 2923 2482 δόξμν
2976 2408 3298 2478 είλήφασινο
3350 2413 3450 2465 καὶ
3503 2415 3664 2484 τόσῳ

2068 2493 2292 2564 μᾶλλον,
2314 2493 2438 2546 ὅσον
2480 2493 2543 2547 τὸ
2589 2495 3026 2565 κατορθούμενον
3060 2499 3122 2552 τὸ
3171 2501 3514 2558 οἰκειότατον
3557 2505 3658 2556 ἐν-

2064 2584 2357 2640 δείκνυται.
2402 2585 2667 2639 Ἐνταῦθα
2695 2585 2752 2639 δὲ
2788 2587 2891 2640 οὐκ
2927 2587 2993 2641 ἂν
3023 2587 3195 2659 [Μαι.
3229 2592 3342 2644 οὐδ’
3371 2593 3480 2664 ἀν]
3509 2595 3656 2647 ὐποο

2068 2675 2327 2745 πτευθείη
2354 2675 2457 2746 τὴν
2505 2675 2782 2745 ἐγγύτητα
2829 2675 2993 2738 πλέον
3027 2680 3350 2750 φερόμενον,
3383 2684 3499 2736 τῶν
3545 2685 3656 2736 ὅσα

386 2778 498 2838 τοῖς
532 2776 856 2848 παραδόξοις
888 2774 995 2828 τῶν
1059 2774 1353 2845 δρωμένων
1421 2774 1557 2845 πρὸς
1602 2772 1882 2844 μεσιτείαν
1938 2769 2330 2841 παρείληπται.
2388 2769 2495 2822 Τοῦ
2543 2769 2653 2840 γὰρ
2706 2770 2888 2824 αὐτῶν
2957 2773 3280 2842 φυράματος
3315 2775 3494 2844 ἐαυτῷ
3525 2775 3632 2848 τὴν

391 2867 596 2939 σκηνὴν
623 2869 651 2920 ό
680 2868 851 2936 Λόγος
883 2867 1232 2938 δειμάμενος,
1258 2871 1323 2921 ἐκ
1349 2867 1552 2936 ταύτης
1576 2865 1718 2936 ὑπὲρ
1781 2863 1906 2919 νοῦν
1932 2863 1995 2918 τὸ
2031 2862 2376 2935 ἀνθρώπινον
2412 2861 2606 2932 είληφε
2655 2861 2905 2934 φύραμα,
2935 2863 3096 2934 ξένην
3136 2865 3311 2937 πάντη
3371 2867 3652 2921 διοικονοο

391 2961 659 3035 μούμενος
682 2963 774 3015 καὶ
799 2961 998 3034 πρᾶξιν
1023 2963 1116 3016 καὶ
1146 2963 1350 3033 νόησιν.

461 3054 552 3110 Sic
576 3055 778 3124 itaque,
801 3056 1047 3124 lmncque
1069 3056 1120 3108 in
1149 3055 1388 3116 modum,
1415 3067 1534 3122 qua:
1558 3051 1815 3121 praeclara
1842 3067 1966 3123 ges-

390 3145 612 3208 sissent,
651 3145 958 3199 sterilitatis
992 3146 1203 3198 ratione
1229 3144 1596 3207 declarantur,
1626 3159 1689 3198 ac
1715 3144 1961 3199 orbitatis
1989 3124 2032 3184 (ἶ

391 3237 618 3302 morbo,
647 3235 856 3290 occulta
883 3251 1066 3290 eorum
1099 3236 1314 3289 virtutis
1358 3243 1645 3304 augmenta
1678 3234 1962 3303 publicau-

392 3335 502 3380 tur.
539 3325 671 3380 Cum
710 3327 852 3380 enim
899 3326 1149 3395 legitima:
1177 3327 1616 3390 consuetudines,
1659 3323 1964 3378 numerosi-

393 3425 504 3472 tate
541 3417 705 3484 prolis
741 3417 992 3486 pietatem
1029 3417 1421 3487 deqernerent,
1451 3425 1769 3484 certumque
1799 3415 1964 3470 bene-

391 3507 645 3563 dictionis
678 3516 1078 3576 argumentum,
1118 3516 1324 3560 naturze
1355 3507 1654 3560 ubertatem
1682 3505 1961 3572 haberent,

391 3613 459 3654 ex
489 3613 553 3654 ea
581 3601 793 3655 abunde
820 3601 1116 3653 hostiarum
1144 3598 1631 3666 acceptabilitatem
1675 3598 1744 3651 ad
1786 3597 1966 3666 propi-

395 3691 672 3745 tiatiunem
713 3692 1045 3744 censebant:
1088 3670 1250 3758 idque
1295 3689 1488 3758 opinor
1543 3688 1684 3742 haud
1727 3689 1900 3744 aliene
1933 3704 1963 3743 a

394 3783 602 3835 ratione
637 3779 769 3848 (ει),
798 3789 957 3833 autve
982 3778 1324 3832 oll'erentium
1354 3791 1551 3833 crassae
1581 3779 1747 3832 menti
1785 3779 1964 3834 minus

393 3883 647 3938 congrue.
692 3868 825 3933 Quia
875 3868 1018 3922 enim
1052 3867 1172 3936 ejus
1212 3869 1308 3922 aevi
1357 3867 1604 3923 homines
1640 3867 1963 3923 addictieres

391 3961 704 4030 corporeis,
740 3969 1027 4028 augmento
1065 3961 1266 4014 carnali
1321 3961 1458 4016 bona
1504 3960 1671 4014 animi
1703 3971 1963 4031 contege-

393 4054 544 4117 bant,
573 4067 634 4106 ac
664 4052 976 4106 uberiorum
1003 4053 1392 4107 charismatum
1447 4051 1682 4122 Spiritus
1717 4053 1957 4122 hospites

391 4151 568 4208 erant,
593 4157 659 4197 ex
686 4143 750 4196 iis
779 4153 1028 4210 acceptas
1049 4144 1294 4197 victimas
1318 4157 1383 4196 ac
1411 4154 1536 4197 vota
1561 4141 1958 4212 coniectabant.

391 4233 526 4290 Cum
556 4248 684 4303 ergo
715 4234 807 4302 qui
835 4235 1039 4288 umbra
1068 4233 1442 4288 deserviebant
1475 4233 1819 4289 ita-moribus
1843 4243 1958 4289 sta-

393 4333 563 4378 tutum
597 4325 879 4388 haberent,
905 4324 1083 4378 oblata
1114 4339 1143 4378 a
1163 4325 1326 4394 justis
1356 4325 1518 4390 dona,
1549 4339 1615 4380 eo
1642 4328 1782 4394 quod
1811 4327 1960 4396 prole

2141 3048 2296 3103 Οὕτω
2327 3049 2449 3120 μὲν,
2479 3049 2622 3103 οὕτω
2651 3048 2720 3102 τά
2745 3050 2851 3104 τῶν
2884 3049 3066 3102 καλῶν
3093 3049 3424 3114 διανύοντες,
3462 3052 3650 3106 ἀπαι-

2062 3139 2150 3209 δίᾳ.
2193 3139 2366 3192 ταῦτα
2416 3140 2896 3210 καταμηνύονταν
2931 3141 3026 3194 καὶ
3074 3143 3418 3213 στειρώσεως
3467 3146 3640 3214 νοσή-

2065 3247 2198 3301 ματι
2219 3232 2289 3284 τὰ
2313 3233 2414 3300 τῆς
2442 3233 2640 3301 ἀρετῆς
2667 3231 2846 3286 αὐτῶν
2875 3233 3227 3302 κρυπτόμενα
3254 3233 3650 3302 δημοσιεύεται

2062 3321 2534 3392 πλεονεκτήματα.
2571 3323 2690 3375 Τῶν
2736 3324 2847 3394 γὰρ
2882 3323 3084 3393 ὲθῑμων
3143 3324 3238 3377 τοῦ
3273 3325 3442 3394 νόμου
3475 3343 3653 3394 προσ.

2061 3412 2270 3478 τάξεων
2318 3414 2382 3482 τῇ
2429 3412 2683 3483 εὐτεκνίᾳ
2734 3412 3039 3482 κρινουσῶν
3079 3412 3179 3483 τὴν
3208 3413 3518 3479 εὐσέϐειαν,
3553 3416 3654 3468 καὶ

2061 3503 2367 3572 τεκμήριον
2416 3501 2646 3570 ἀψευδὲς
2683 3503 2937 3570 εὐλογίας
2972 3505 3072 3574 τὴν
3121 3503 3380 3573 εὐθηνίαν
3411 3505 3515 3574 τῆς
3549 3506 3656 3576 φύ-

2065 3609 2204 3655 σεως
2250 3591 2641 3662 λογιζομένων,
2693 3594 2754 3658 ἐξ
2796 3595 2968 3664 αὐτῆς
3010 3594 3104 3649 τοῦ
3133 3596 3501 3666 ἐξιλάσματος
3537 3599 3654 3653 τῶν

2063 3683 2268 3738 θυσιῶν
2315 3683 2602 3752 ἐπέκρινον
2634 3685 2695 3736 τὸ
2732 3684 2972 3741 δεκτέον.
3021 3687 3186 3740 Οὐδὲν
3217 3688 3432 3756 ἀλόγως
3469 3684 3650 3755 οἶμαι,

2061 3773 2184 3826 οὐδὲ
2239 3773 2341 3843 τῆς
2402 3774 2510 3828 τῶν
2569 3776 2926 3846 προαγόντων
2983 3777 3295 3848 παχύτητος
3361 3779 3648 3850 ἀλλότριον

2063 3865 2459 3932 θεσπιζουσῶν.
2495 3867 2740 3939 ,Ἐπειδὴ
2786 3871 2904 3940 γὰρ*
2943 3871 3404 3942 σωματικώτερον
3439 3875 3489 3926 οἱ
3527 3873 3650 3927 τότε

2063 3955 2358 4020 διέκειντο,
2408 3960 2474 4028 τῇ
2524 3961 2626 4028 τῆς
2679 3959 2884 4032 σαρκὸς
2935 3961 3173 4014 ἐπιδόσει
3220 3963 3289 4014 τὰ
3336 3963 3441 4032 τῆς
3471 3963 3652 4034 ψυχῆς

2065 4039 2534 4114 συγκαλύπτοντες
2565 4050 2776 4117 ἀγαθά·
2807 4050 2948 4117 ξένοι
2975 4069 3032 4104 τε
3066 4052 3172 4105 τῶν
3197 4051 3293 4105 τοῦ
3325 4054 3645 4121 Πνεύματος

2061 4137 2300 4208 δαψιλῶν
2342 4139 2702 4212 χαρισμάτων
2752 4139 3144 4211 τυγχάνοντες,
3189 4143 3253 4195 τδ
3280 4145 3648 4198 εὐαπόδεκταν

2062 4233 2128 4285 ἐκ
2150 4229 2355 4284 τούτων
2389 4231 2870 4302 κατεστοχάζοντο.
2915 4231 3084 4286 Τοῦτο
3123 4234 3305 4286 τοίνυν
3332 4237 3383 4287 oi
3417 4238 3485 4305 τῇ
3515 4237 3652 4306 σκιᾷ

2060 4320 2408 4386 δουλεύοντες
2452 4322 2513 4376 τὸ
2564 4322 2685 4400 ἔθος
2732 4323 3086 4394 κατέχοντες,
3141 4325 3436 4389 ἀπαιδείας
3485 4328 3654 4380 ἕνεκα

391 4424 663 4477 carerent,
709 4431 814 4468 non
860 4415 1226 4480 admiserunt;
1262 4415 1596 4484 illegititnum
1627 4417 1957 4471 arbitrantes

2065 4413 2174 4467 τῶν
2201 4413 2449 4477 δικαίων,
2477 4413 2546 4466 τὰ
2569 4414 3053 4484 προσαγόμεναού
3082 4415 3436 4485 προσήκαντο
3465 4415 3648 4486 δῶρα,

393 4504 528 4557 utin
563 4504 645 4558 cis
695 4505 952 4558 hactenus
980 4505 1312 4558 obtinentem
1362 4519 1424 4559 ac
1471 4511 1738 4558 servatam
1783 4505 1955 4576 legum

2064 4506 2162 4559 οὐκ
2177 4505 2400 4574 ἔννομον
2415 4500 2553 4558 εἷναι
2577 4504 2900 4574 νομίσαντες
2914 4506 2973 4557 ἐν
2986 4505 3196 4567 τούτοις
3217 4507 3500 4558 ἀνακινεῖν
3527 4507 3644 4560 τῶν

390 4593 748 4648 stabilitatem
775 4594 1164 4648 convellerent.

467 4682 660 4738 Verum
706 4700 810 4738 non
833 4685 1008 4738 desint
1034 4685 1123 4752 qui
1155 4685 1276 4740 inde
1318 4687 1671 4754 quaestionem
1705 4666 1956 4743 studeant

393 4789 628 4842 movere,
667 4790 731 4830 ac
778 4775 963 4830 dicant
993 4792 1008 4828 :
1037 4775 1312 4845 Siquidem
1359 4777 1425 4830 ad
1462 4780 1564 4831 hoc
1605 4779 1760 4833 electi
1802 4791 1957 4834 erant

391 4863 710 4918 castissima:
757 4863 989 4936 Virginis
1015 4876 1296 4934 parentes,
1333 4882 1589 4936 quorsum
1623 4868 1702 4922 eis
1726 4870 1790 4922 ad
1833 4871 1960 4926 illud

393 4966 563 5019 usque
592 4963 803 5023 tempus
825 4957 1045 5012 occlusa
1078 4968 1390 5012 manserunt
1420 4956 1766 5014 fecunditatis
1799 4961 1958 5023 doua,

2064 4599 2244 4668 νόμων
2275 4595 2336 4650 τὸ
2359 4598 2642 4666 στάσιμον,
2677 4599 2771 4650 καὶ
2803 4596 2993 4667 μέχρις
3025 4597 3250 4650 ἐκείνων
3279 4597 3648 4668 τηρούμενον.

2145 4687 2286 4742 Ἀλλ’
2306 4689 2456 4752 είκὸς
2479 4689 2717 4760 ἀπορίαν
2739 4687 2881 4750 τινές
2902 4689 3034 4758 ἡμῖν
3056 4686 3307 4740 ἐντεῦθεν
3331 4689 3650 4757 ἐπεισάγειν

2063 4783 2436 4852 πειράσονται.
2488 4783 2550 4835 Εἰ
2600 4784 2708 4850 γὰρ
2743 4785 2822 4846 είς
2851 4781 3010 4835 τοῦτο
3043 4783 3238 4851 ἔτυχον
3274 4777 3417 4835 εἶναι
3448 4783 3648 4848 sistite-

2059 4875 2257 4944 γμένοι
2289 4874 2590 4943 φάσκοντες
2616 4875 2666 4927 οί
2698 4877 2794 4944 τῆς
2829 4874 3108 4942 πανάγνου
3147 4877 3496 4943 γεννήτορες,
3527 4873 3647 4936 πῶς

2057 4965 2240 5027 αὐτοῖς
2263 4964 2458 5034 μέχρις
2484 4963 2693 5016 ἐκείνου
2715 4964 2786 5017 τὰ
2806 4964 2905 5027 τῆς
2927 4964 3277 5024 παιδοποιίας
3309 4963 3643 5032 ἀπεκλείσθη

393 5042 787 5114 plurimamque
831 5055 1045 5101 aetatem
1090 5049 1237 5117 prole
1267 5059 1515 5104 carentes
1541 5062 1801 5120 egerunt;
1837 5067 1956 5104 cum

2064 5053 2395 5125 χαρίσματα,
2424 5055 2518 5107 καὶ
2548 5052 2734 5120 ἄγονοι
2769 5053 2829 5106 τὸ
2854 5055 3107 5106 πλεῖστον
3137 5053 3228 5106 τοῦ
3260 5053 3377 5123 βίου
3405 5053 3642 5122 διήνυονδ

393 5142 653 5207 praeterea
683 5144 826 5191 esset
859 5139 1298 5205 praedestinatum
1331 5149 1387 5195 ut
1420 5141 1664 5212 mystcrii
1697 5143 1959 5198 exhibitio

2064 5145 2152 5197 καὶ
2184 5143 2320 5214 πρὸς
2365 5143 2536 5217 [Μαι.
2576 5146 2634 5198 ἐν
2662 5143 2819 5217 πρὸς]
2856 5145 3066 5208 τούτοις
3098 5144 3170 5196 τὰ
3195 5145 3288 5197 τοῦ
3321 5145 3642 5214 μυστηρίου

464 5258 576 5328 (21)
610 5257 767 5339 "and
797 5259 978 5339 ΔιιΙὶεηε
1011 5277 1052 5339 rt
1077 5272 1300 5339 ratione.
1337 5262 1589 5339 Doctrina
1634 5266 1746 5320 haec
1783 5267 1958 5339 minus
2067 5277 2326 5323 tractatus
2369 5269 2608 5337 ejusdem
2643 5269 2946 5339 argumenti
2987 5268 3312 5322 tribuendis.
3349 5265 3547 5339 Verum
3580 5277 3648 5320 ut

388 5343 690 5404 consonare
710 5331 967 5404 ‘vitleatur
1003 5330 1160 5404 dictis
1183 5348 1212 5384 τι
1242 5331 1476 5394 Georgio
1510 5335 1650 5389 inter
1679 5337 1957 5404 explicau-

2065 5339 2283 5404 Georgii
2343 5330 2535 5402 uestri,
2569 5349 2664 5392 aut
2695 5330 2836 5392 alius
2859 5339 2930 5392 sit
2972 5339 3086 5391 haec
3128 5339 3338 5398 oratio,
3377 5337 3650 5390 luculenta

392 5400 516 5454 dam
537 5399 814 5477 historiam
833 5409 1033 5477 sanctae
1049 5399 1570 5477 Maritemtdicebatn
1597 5399 1775 5477 modo.
1801 5408 1958 5459 mibi-
2067 5399 2342 5462 certe'est
2379 5425 2443 5461 ac
2475 5399 2696 5472 diserta,
2735 5411 3005 5476 dignaque
3045 5418 3101 5461 ut
3126 5407 3267 5477 juris
3299 5407 3494 5476 publici
3525 5409 3658 5468 lial.

391 5483 497 5550 que
525 5470 770 5523 nonuihil
807 5472 979 5550 reddit
1010 5484 1348 5550 suspectam,
1381 5471 1577 5550 lacunis
1606 5476 1784 5550 Allatii
1821 5492 1954 5550 con:
2064 5493 2128 5550 ac
2174 5488 2508 5550 promittatur
2537 5478 2616 5530 uti
2666 5470 2820 5550 διελεῖ
2835 5470 3052 5547 Georgii
3079 5470 3337 5550 ,_'M:triae
3371 5487 3656 5544 concepta:

387 5540 682 5615 iecturam,
715 5555 798 5615 _ac
829 5540 984 5615 tidem
1006 5540 1260 5615 Codicum
1301 5543 1348 5595 ei
1391 5543 1796 5597 inscribeutimn
1820 5585 1834 5608 ,
1867 5546 1955 5612 qui
2064 5540 2456 5612 laudatoribus,
2491 5563 2555 5600 ex
2595 5562 2698 5615 qua
2746 5540 3221 5612 discantIu‘edum
3259 5555 3321 5599 ut
3357 5540 3658 5615 exerceant

2063 5615 2330 5698 calamum
2356 5655 2370 5680 ,
2417 5613 2802 5700 vei-uni'etiam
2839 5617 2893 5671 in
2934 5631 3044 5686 quo
3073 5624 3389 5681 exerceant,
3433 5624 3489 5670 ut
3530 5613 3660 5680 jam

2062 5701 2256 5755 smptus
2287 5702 2491 5742 monui.

395 5606 559 5680 sciam
619 5609 1046 5680 antiquariorum
1098 5611 1410 5664 facilitatem
1473 5606 1829 5680 prabligeudis'
1866 5606 1957 5667 aut

394 5675 716 5742 ampliandis
743 5680 930 5745 titulis,
958 5679 1154 5749 unique
1176 5694 1328 5736 certo
1353 5697 1416 5736 ac
1448 5675 1723 5738 ritiliusior-i
1749 5685 1952 5738 auctori
