3970 6212
363 252 505 318 1209

1329 244 1412 308 IN
1457 246 1566 308 SS.
1604 243 1872 308 MARIIE
1909 245 2642 321 PBESENTA'IIONEM.

3492 253 3631 322 1410

366 362 541 436 ἀρχὴν
567 357 867 432 λαμϐάνειν
897 354 1258 431 προώρισται,
1290 356 1384 410 καὶ
1409 356 1470 421 ἐξ
1497 355 1679 410 αὐτῶν
1708 357 1742 426 ή
1770 354 1945 428 τούτῳ

2057 357 2263 411 ἱιιίιίυηι
2292 369 2554 425 sumeret,
2593 374 2657 414 ac
2691 357 2876 415 divino
2905 360 3281 418 annuntiatum
3323 370 3625 434 prteconio,

365 454 700 524 λειτουργεῖν
733 451 1004 522 μέλλουσα
1025 453 1126 522 την
1154 450 1379 522 πρόοδον
1406 448 1553 518 ἔχειν
1577 446 1944 518 ἀναπεφώνηο

363 562 452 599 ται
475 561 490 602 :
512 545 576 598 El
596 543 667 596 τὰ
697 541 958 596 δοκοῦντα
983 542 1107 596 τότε
1133 541 1211 612 τῷ
1239 542 1389 612 νόμῳ
1400 539 1702 603 ἀνελλιπῶς
1724 538 1951 610 ἐξεπλή-

369 653 549 708 ρωσαν
570 652 585 667 ο
634 635 684 687 ει
711 633 948 704 ἄφθονον
974 633 1066 687 τὸν
1090 632 1199 686 τῶν
1227 633 1444 704 ἀρετῶν
1475 634 1646 704 ἐσμὸν
1678 631 1948 703 θησαυρί-

367 744 579 789 σαντες,
611 725 949 796 ἀφθονότερα
975 725 1030 777 δέ
1053 719 1135 788 οἷς
1167 725 1218 778 οἱ
1249 724 1371 778 τότε
1393 725 1454 778 τὸ
1482 724 1690 777 τέλειον
1710 723 1947 795 ἔκρινον,

365 815 726 887 ἐπεφέροντο,
785 814 902 878 πῶς
949 813 1158 868 τοῦ’δι⁹
1188 808 1250 868 οῦ
1293 813 1521 884 ἔμελλον
1566 814 1662 868 τοῦ
1705 813 1945 883 πέρατος

364 909 685 980 ἐπικρατεῖν
718 905 1130 977 άπετύγχανον;
1163 905 1283 970 πῶς
1314 909 1372 959 ἐν
1390 899 1434 974 ᾧ
1466 905 1534 960 τά
1561 906 1673 958 τῶν
1701 905 1950 976 προρρή-

365 999 616 1070 σεων,τῷ
650 1000 750 1070 τῆς
798 999 1086 1063 ἀπαιδείας
1132 993 1280 1054 οὗτοι
1327 1001 1595 1070 νοσήματι
1635 999 1737 1068 τῆς
1765 998 1946 1069 ὁρμῆς

363 1093 700 1156 ἀνέκοπτονς
736 1091 850 1155 πῶς
877 1091 924 1145 δ’
963 1092 1066 1146 οὐκ
1093 1091 1154 1158 ἐξ
1187 1085 1264 1146 ὧν
1294 1091 1356 1145 τὺ
1388 1091 1569 1144 κοινὸν
1599 1090 1892 1143 ἀναλαϐεῖν
1921 1091 1950 1142 ό

363 1186 536 1254 Λόγος
570 1183 862 1254 ἠπείγετο,
899 1183 1178 1253 πλήθοντα
1226 1185 1296 1237 τὰ
1329 1184 1594 1256 προοίμια
1632 1183 1946 1246 ἐδείκνυτο;

377 1277 587 1328 Ἐκεῖνο
619 1274 802 1344 μέντοι
830 1275 963 1345 ήμῖν
991 1274 1222 1344 ἀψευδὲς
1251 1275 1388 1344 πρὸς
1443 1273 1744 1342 ἀπολογίαν
1775 1272 1948 1343 ὀφθή-

367 1385 540 1432 σεται,
567 1367 643 1430 ὡς
671 1367 754 1419 ὅτι
788 1368 816 1418 ό
840 1367 950 1420 τῶν
983 1367 1292 1436 μελλόντων
1320 1367 1527 1437 ταμίας
1558 1367 1655 1419 καὶ
1682 1365 1948 1436 δημιουρ-

366 1462 462 1529 γὸς
488 1459 598 1512 τῶν
633 1458 915 1517 ἁπάντων,
958 1456 1181 1510 ἐπειδάν
1207 1474 1262 1510 τι
1291 1457 1401 1508 τῶν
1437 1457 1771 1528 ἀπορρήτων
1799 1457 1950 1508 οἱκο-

365 1549 554 1618 νομεῑν
587 1544 843 1616 βουληθῇ,
897 1545 959 1598 οὐ
1015 1544 1234 1613 φύσεως
1286 1544 1526 1598 ἐπιδόσει
1575 1545 1671 1598 καὶ
1715 1543 1952 1616 ἀφθονίᾳ

365 1637 463 1708 τὴν
500 1635 609 1691 τῶν
655 1636 957 1707 μελλόντων
999 1637 1176 1708 ἀρχὴν
1216 1636 1640 1702 καταϐάλλεται,
1689 1635 1827 1691 ἀλλά
1854 1637 1948 1690 δυ-

366 1731 585 1800 νάμεως
613 1728 921 1801 περιουσίᾳ,
943 1727 1042 1782 καὶ
1065 1729 1270 1800 ἀπορίᾳ
1303 1730 1644 1800 πραγμάτων
1669 1730 1732 1783 τὸ
1753 1726 1948 1799 μέλλον
1979 1713 2024 1768 Β

368 1819 782 1881 κατασκευάζει.
831 1821 944 1874 Καὶ
980 1819 1090 1892 γάρ
1131 1819 1428 1873 ίδιαίτατον
1471 1821 1572 1890 μὲν
1599 1819 1758 1874 τοῦτο
1785 1819 1945 1874 Θεοῦ.

367 1916 443 1968 Οὐ
463 1913 906 1984 θαυμαστότατον
927 1911 984 1964 δὲ
1005 1911 1064 1964 τὸ
1085 1910 1186 1981 τῆς
1210 1911 1536 1974 ἀκολουθίας
1584 1911 1686 1981 τῆς
1710 1910 1946 1978 φύσεως.

368 2003 524 2059 Οὐτω
546 2003 624 2076 τῷ
671 2003 924 2074 ’Δϐραάμ
957 2002 1332 2073 ὑποσχόμενος
1371 2001 1572 2073 πλήθει
1609 2003 1831 2073 ἄστρων
1853 2001 1950 2056 καὶ

366 2095 580 2167 ψάμμῳ
643 2093 920 2164 θαλάσσης
949 2093 1049 2164 τὴν
1077 2092 1170 2147 τοῦ
1204 2093 1524 2165 σπέρματος
1553 2092 1949 2156 ἀπεικάζεσθαι

369 2187 622 2258 πρόοδον,
675 2188 776 2240 οὐκ
829 2185 1098 2255 εὐκληρία
1149 2183 1310 2237 τοῦτο
1376 2183 1596 2253 φύσεως
1652 2183 1732 2247 είς
1787 2182 1949 2254 ἔργον

369 2279 696 2348 ἐξήνεγκεν,
728 2276 844 2331 ἀλλ’
887 2275 1172 2339 ἀσθενείας
1217 2274 1530 2346 συμϐόλοις,
1575 2276 1670 2329 καὶ
1720 2275 1951 2346 δυνάμει

369 2371 436 2440 τῇ
475 2367 673 2422 ἐαυτοῦ
719 2365 818 2438 τὴν
855 2367 1150 2436 ὑπόσχεσιν
1197 2365 1607 2436 ἐξεπλήρωσεν.
1654 2363 1814 2420 Οὕτω
1857 2367 1950 2420 τὸν

363 2459 628 2531 Σαμουὴλ
675 2458 1019 2529 παρήγαγεν.
1075 2455 1234 2510 Οὕτω
1281 2457 1376 2512 τδν
1422 2457 1678 2530 Ἰωάννην
1728 2459 1948 2528 κήρυκα

371 2553 468 2625 τῆς
487 2551 799 2622 οἰκονομίας
819 2549 1210 2620 παρέπεμψεν.
1241 2547 1399 2602 Οὕτω
1417 2548 1475 2602 δέ
1501 2549 1597 2602 καὶ
1624 2547 1693 2602 τά
1721 2549 1951 2602 πλεῖστα

370 2646 482 2699 τῶν
531 2648 612 2709 είς
654 2646 804 2716 ἡμᾶς
853 2642 1176 2716 παραδόξως
1205 2642 1452 2714 ἡκόντων
1481 2641 1826 2712 πραγμάτων
1861 2642 1953 2694 ἐκ-

371 2737 542 2798 ϐάντα
565 2737 630 2791 ἄν
649 2753 730 2799 τις
756 2733 1176 2806 διερευνώμενος
1205 2732 1430 2799 κατίδοι,
1461 2733 1522 2786 οὐ
1555 2733 1709 2804 παρά
1733 2731 1812 2804 τῷ
1841 2736 1953 2797 τοῖς

373 2828 648 2892 πλείστοις
693 2827 974 2896 δοκοῦντι,
1031 2827 1184 2899 παρὰ
1229 2827 1286 2880 δὲ
1329 2825 1426 2880 τοῦ
1479 2827 1656 2881 αίτίου
1696 2824 1776 2898 τῷ
1819 2827 1952 2896 πρέ-

377 2937 506 2974 ποντ
515 2937 552 2973 ι.

455 3107 612 3177 Ἐμοὶ
639 3105 696 3158 δὲ
729 3085 860 3158 οὐδὲ.
877 3105 1040 3175 μέχρι
1069 3103 1278 3157 τούτων
1301 3104 1372 3157 τὰ
1399 3105 1499 3174 τῆς
1542 3101 1750 3165 λύσεως
1787 3101 1954 3174 ἐστη-

373 3213 497 3252 κενο
531 3197 670 3252 ἀλλὰ
698 3197 796 3250 καὶ
821 3196 1011 3266 ἔτερόν
1057 3212 1113 3248 τι
1145 3195 1245 3248 οὐκ
1269 3195 1536 3250 ἀπίθανον
1568 3193 1955 3264 ἐπεισέρχεται

372 3291 575 3358 λέγειν.
607 3290 674 3342 Τί
703 3289 759 3342 δὲ
781 3287 946 3344 τοῦτό
973 3289 1158 3354 ὲστιν;
1191 3287 1308 3340 Οὐκ
1333 3287 1402 3341 ἀν
1431 3286 1658 3356 ἔκδηλον
1695 3289 1808 3349 τοῖς
1834 3284 1956 3339 τότε

371 3382 436 3435 τὸ
482 3381 709 3444 εὐσεϐὲς
749 3377 900 3450 αὐτῷ
940 3377 1253 3448 κατεφάνη’
1285 3377 1386 3431 οὐκ
1418 3376 1486 3431 ἂν
1520 3377 1553 3448 ή
1588 3377 1829 3446 ἐγγύτης
1853 3375 1954 3428 αὐ-

375 3471 482 3526 τῶν
513 3473 651 3542 πρὸς
695 3472 756 3525 τὺ
792 3470 969 3535 Θετον,
1021 3469 1082 3523 τὸ
1117 3469 1335 3540 βέϐαιον
1367 3468 1435 3522 δι’
1468 3469 1635 3540 εὐχῆς
1662 3467 1951 3539 δεξαμένη,

371 3563 468 3618 τὸν
514 3561 820 3630 φιλόνεικον
877 3558 1038 3627 λόγον
1092 3557 1204 3611 τῶν
1255 3556 1616 3622 δισταξόντων
1668 3555 1954 3610 ἀπώσατο.

375 3654 491 3708 Νῦν
514 3653 573 3707 δὲ
605 3655 664 3707 ἐν
708 3651 870 3722 χρείᾳ
891 3649 1088 3704 τούτου
1125 3647 1519 3714 καταστάντες,
1549 3647 1761 3713 ἔδειξαν
1793 3646 1956 3710 εὐθὺς

376 3747 524 3809 ὅπως
555 3745 654 3816 τὴν
681 3743 995 3812 οἰκειότητα
1023 3741 1125 3795 κάν
1179 3743 1292 3804 τοῖς
1334 3739 1514 3804 ἄλλοις
1545 3738 1684 3811 πρὸς
1708 3737 1799 3792 τὸν
1822 3735 1956 3790 Θεὸν

380 3833 546 3908 εἶχον,
575 3835 672 3890 τοῦ
701 3834 940 3908 φανεροῦ
975 3835 1036 3888 τὸ
1067 3834 1274 3904 ἀφανὲς
1303 3832 1483 3887 αὐτῶν
1514 3829 1953 3902 δημοσιεύοντος.

392 3913 545 3980 Ἐπεὶ
592 3921 688 3980 οῦν
729 3927 780 3979 oi
831 3925 1030 3980 δίκαιοι
1079 3924 1182 3995 τὴν
1227 3921 1415 3992 δέησιν
1469 3921 1823 3991 ἀνεκίνησαν,
1855 3918 1957 3972 οὐκ

377 4018 682 4090 ἀμφίϐολον
727 4017 827 4090 τὴν
871 4015 1120 4083 ἐπίταξιν
1177 4013 1327 4087 [Leg.
1369 4010 1668 4083 ἐπίτευξιν]
1714 4009 1956 4081 ἐπήλπι-

381 4128 497 4166 σαν.
525 4111 600 4166 Οὐ
625 4109 705 4182 τῷ
734 4107 981 4180 λογισμῷ
1005 4106 1230 4161 τοιαῦτα
1263 4106 1582 4176 ἐπέκριναν,
1616 4104 1700 4156 ὅτι
1733 4104 1782 4156 εί
1817 4102 1956 4155 πάν-

378 4221 486 4268 τως
514 4203 634 4275 ῇδει
678 4204 708 4255 ό
730 4201 840 4255 τῶν
869 4200 1082 4272 ἀδήλων
1118 4198 1388 4268 γνώστης,
1431 4197 1519 4249 ἐπ’
1545 4195 1738 4265 ἀγαθῷ
1764 4194 1834 4249 τὰ
1861 4194 1960 4265 τῆς

378 4294 725 4362 τεκνογονίας
765 4291 1130 4365 ἐκϐήσεσθαι,
1169 4290 1270 4344 οὐκ
1298 4289 1365 4344 ἂν
1405 4287 1613 4342 τούτων
1651 4289 1752 4358 τὴν
1790 4287 1958 4358 φύσιν

2051 456 2112 500 ιιι
2144 461 2263 516 qua:
2307 449 2568 519 mysterio
2596 457 2744 505 esset
2789 450 3192 520 ministratura,
3223 468 3290 509 ex
3333 455 3415 512 eis
3445 458 3630 526 prodi-

2050 538 2169 593 ret?
2208 539 2484 608 Siquidem
2517 540 2650 611 legis
2685 541 2822 596 scita
2854 542 3061 610 integre
3107 543 3465 613 impleverant
3498 565 3514 603 ι
3553 550 3629 603 si-

2049 630 2264 699 quidem
2324 632 2580 686 virtutum
2642 633 2745 688 sibi
2811 636 3118 690 uberiorem
3194 639 3628 695 thesaurizantes

2050 736 2322 786 messem,
2361 725 2611 780 uberiora
2662 725 2999 792 otl'erehant,
3059 744 3219 798 quam
3261 731 3461 798 quibus
3511 733 3629 802 ejus

2049 813 2227 868 aetatis
2267 813 2514 870 homines
2567 815 2864 886 perfectura
2911 818 3302 885 decernerent;
3358 823 3629 889 quomodo

2049 921 2116 962 eo
2143 905 2564 973 frustrabantur,
2614 924 2720 978 quo
2766 909 2944 963 medio
2975 919 3134 964 erant
3159 910 3402 980 adepturi
3432 911 3628 968 tinctu?

2051 995 2332 1062 Quomodo
2375 999 2428 1052 in
2473 1013 2581 1067 quo
2621 1009 2776 1054 erant
2823 1000 3010 1068 posita:
3041 1003 3436 1069 praedii-tiones,
3474 1004 3528 1057 in
3565 1018 3630 1059 eo

2053 1088 2165 1152 illi,
2214 1089 2519 1143 sterilitatis
2588 1091 2719 1144 vitio
2773 1091 3114 1157 laborantes,
3159 1093 3628 1162 impedimentum

2051 1181 2357 1236 habebant?
2381 1181 2660 1260 Quomodo
2686 1195 2864 1238 autem
2889 1200 2954 1238 ex
2984 1187 3180 1254 quibus
3215 1185 3450 1241 Verbum
3480 1202 3632 1242 eom-

2053 1288 2270 1327 munem
2309 1282 2558 1328 naturam
2598 1291 2852 1344 reparare
2881 1277 3154 1342 studebat,
3188 1293 3292 1331 non
3327 1279 3632 1334 exuberan-

2055 1365 2124 1420 tia
2159 1367 2556 1422 exhibebantur
2587 1369 2782 1422 initia?
2809 1369 2867 1424 Id
2901 1371 3182 1425 enimvero
3214 1383 3422 1425 eertum
3475 1371 3631 1427 nobis

2052 1456 2118 1510 ad
2153 1455 2526 1512 defensionem
2568 1459 2868 1524 videbitur;
2918 1468 2979 1513 ut
3010 1461 3288 1526 nimirum,
3321 1461 3625 1517 futurorum

2052 1547 2413 1616 dispensator,
2448 1551 2934 1621 universorumque
2965 1549 3144 1620 opifex
3188 1551 3348 1615 Deus,
3379 1564 3439 1606 ut
3473 1569 3631 1632 arca-

2052 1654 2180 1693 num
2215 1639 2418 1708 aliquid
2443 1655 2508 1694 ac
2545 1641 2790 1697 mirabile
2823 1643 2948 1697 velit
2975 1643 3315 1710 dispensare,
3349 1642 3630 1710 haudqua-

2049 1745 2214 1799 quam
2247 1741 2453 1786 naturaa
2482 1735 2773 1788 crementis
2800 1749 2865 1788 ac
2896 1737 3162 1795 ubertate,
3191 1733 3494 1790 futurorum
3519 1735 3626 1789 iui-

2053 1821 2184 1876 tium
2211 1830 2521 1891 perstruat;
2551 1826 2647 1878 sed
2679 1834 2738 1879 ut
2783 1827 3036 1895 potentia:
3066 1825 3343 1879 allluentia
3365 1866 3380 1890 ,
3413 1841 3626 1879 rerum-

2049 1925 2156 1980 que
2199 1911 2402 1982 inopia.
2435 1913 2768 1970 EtenimDei
2807 1918 3040 1971 maxime
3067 1919 3285 1986 propria
3316 1933 3380 1972 ea
3405 1933 3629 1973 tecono-

2052 2001 2158 2056 mia
2197 2012 2283 2058 est
2312 2022 2325 2058 :
2352 2019 2456 2059 nec
2503 2020 2768 2060 summam
2817 2009 2980 2061 habet
3011 2009 3452 2072 admirationem,
3486 2008 3628 2077 quod

2051 2092 2228 2147 ordini
2256 2102 2461 2148 natura
2497 2105 2860 2150 consentanee
2900 2098 3083 2151 habet.
3125 2097 3216 2152 Sic
3238 2114 3362 2152 cum
3387 2098 3624 2153 Abrahae

2053 2185 2326 2255 pollicitus
2348 2196 2515 2255 esset,
2543 2187 2657 2242 fore
2685 2198 2743 2244 ut
2765 2189 2884 2259 ejus
2906 2190 3131 2244 seminis
3158 2194 3462 2260 proventio,
3491 2191 3633 2246 mul-

2055 2277 2267 2332 titudini
2289 2279 2564 2334 stellarum
2581 2295 2645 2334 ac
2671 2295 2851 2336 arente
2870 2281 3034 2334 maris
3055 2281 3248 2336 similis
3270 2290 3416 2336 esset
3437 2283 3500 2342 ³⁸.
3522 2297 3630 2336 non

2057 2367 2110 2423 id
2155 2378 2364 2424 naturte
2394 2369 2657 2427 felicitate
2685 2375 2751 2426 ad
2780 2387 2915 2441 opus
2947 2374 3196 2440 reduxit;
3228 2375 3321 2428 sed
3359 2374 3639 2428 imbecilli-

2055 2463 2182 2518 tatis
2227 2464 2513 2534 symbolis,
2541 2480 2745 2534 snaque
2790 2467 2906 2536 ipse
2933 2469 3171 2534 potentia
3199 2506 3214 2528 ,
3242 2467 3387 2535 quod
3428 2466 3638 2534 promi—
3749 2480 3756 2488 '

2053 2554 2232 2619 sisset,
2285 2555 2544 2626 implevit.
2594 2556 2652 2611 In
2701 2559 2844 2612 hunc
2890 2560 3107 2612 modum
3161 2557 3467 2614 Samuelem
3501 2574 3629 2629 pro-

2051 2645 2246 2700 duxit:
2291 2648 2369 2702 sic
2396 2647 2660 2704 Joannem
2699 2650 3017 2704 oeconomiae
3052 2662 3353 2718 praeconem
3411 2652 3630 2720 praerni-

2054 2737 2144 2792 sit.
2177 2736 2270 2792 Sic
2301 2754 2544 2808 prorsus,
2594 2750 2652 2794 ut
2681 2741 2806 2810 quis
2833 2751 3126 2806 scrutetur,
3174 2741 3464 2794 niaximam
3509 2756 3634 2810 par-

2053 2835 2162 2884 tem
2186 2831 2429 2886 evenisse
2461 2833 2771 2900 perspiciet,
2804 2847 3014 2899 eorum,
3049 2848 3170 2902 quae.
3211 2834 3536 2887 mirabiliter
3571 2835 3630 2888 in

2053 2935 2154 2976 nos
2192 2932 2578 2991 pervenerunt,
2613 2923 2755 2978 haud
2797 2938 2901 2992 qua
2934 2925 3144 2978 ratione
3179 2924 3454 2996 plerisque
3484 2925 3636 2980 vide-

1979 3046 2026 3106 ο
2057 3012 2240 3076 batur,
2268 3013 2361 3067 sed
2399 3022 2457 3068 ut
2491 3014 2700 3068 auctori
2732 3029 3034 3084 congruum
3063 3024 3202 3070 erat.

2130 3101 2256 3155 Mihi
2289 3103 2638 3157 nihilominus
2680 3105 2822 3158 haud
2869 3104 2922 3158 in
2951 3106 3016 3160 iis
3042 3105 3240 3160 solutio
3269 3105 3412 3160 sistit
3447 3123 3464 3160 :
3496 3107 3626 3176 quin

2057 3191 2200 3245 aliud
2231 3193 2506 3261 quidpiam
2542 3209 2646 3248 non
2693 3189 3365 3262 improhahile'dicendum
3411 3212 3634 3252 succur-

2058 3283 2151 3338 rit.
2179 3283 2317 3352 Quid
2353 3297 2478 3336 vero
2509 3284 2677 3336 illud?
2720 3285 2917 3338 Eorum
2946 3287 3120 3354 pietas
3153 3304 3258 3341 non
3304 3289 3635 3344 innotuisset

2058 3373 2175 3443 ejus
2203 3373 2380 3428 aetatis
2423 3374 2777 3430 hominibus:
2826 3389 3013 3430 eorum
3063 3378 3130 3431 ad
3169 3378 3337 3432 Deum
3396 3381 3637 3435 necessi-

2061 3465 2187 3520 tudo
2210 3465 2278 3520 ab
2299 3467 2544 3538 oratione
2574 3468 2892 3520 conﬁrmata
2912 3507 2928 3532 ,
2958 3467 3375 3538 haudquaquam
3408 3475 3633 3525 submo-

2061 3558 2230 3613 visset
2263 3560 2659 3612 contentiosum
2701 3573 3010 3612 sermonem
3059 3561 3336 3615 hominum
3375 3561 3631 3616 dubitan-

2061 3649 2220 3709 t_ium.
2281 3646 2433 3703 Nunc
2487 3659 2668 3703 autem
2725 3649 2777 3704 in
2818 3665 2886 3705 ea
2932 3653 3215 3707 constituti
3275 3654 3634 3723 necessitate,

2060 3741 2309 3810 protinus
2339 3741 2728 3806 ostenderunt,
2761 3751 2820 3796 ut
2857 3743 2909 3797 in
2942 3744 3063 3798 aliis
3111 3760 3324 3816 quoque
3367 3746 3634 3802 haberent

2059 3830 2510 3885 necessitudinem
2545 3846 2667 3885 cum
2701 3830 2832 3899 Deo,
2863 3835 3167 3902 publicante
3193 3847 3392 3890 eventu
3425 3837 3636 3906 perspi-

2057 3936 2181 3988 cuo,
2204 3923 2344 3991 quod
2375 3931 2496 3978 erat
2523 3923 2833 3978 obscurum.
2869 3923 3162 3995 Postquam
3189 3941 3318 3994 ergo
3344 3927 3476 3996 justi
3509 3943 3635 3984 ora-

2061 4013 2260 4068 tionem
2295 4015 2629 4080 movissent,
2666 4015 2800 4068 nihil
2832 4031 2904 4074 se
2921 4017 3026 4070 voti
3075 4027 3352 4086 compotes
3383 4017 3497 4073 fore
3530 4020 3632 4074 du-

2060 4104 2320 4159 bitarunt.
2371 4105 2482 4160 Nec
2532 4107 2828 4182 quidquam
2877 4108 3143 4176 ejusmodi
3199 4123 3386 4164 secmn
3450 4113 3636 4166 animo

2060 4202 2404 4260 statuerunt;
2439 4207 2494 4249 ut
2523 4197 2778 4249 nimirum
2828 4197 3161 4252 occultorum
3189 4201 3438 4268 cognitor
3466 4202 3631 4267 Dens,

2061 4286 2328 4356 siquidem
2386 4287 2439 4340 in
2487 4289 2639 4342 bono
2692 4302 2968 4342 cessuram
3022 4290 3278 4367 scivisset.
3337 4293 3631 4348 editionem

382 4386 735 4440 ἀπέκλεισεν*
782 4385 886 4438 οὐκ
930 4382 998 4438 ἀν
1037 4381 1231 4453 ἀγονίᾳ
1274 4380 1365 4434 τὸν
1398 4381 1511 4451 βίον
1542 4379 1700 4450 ήμῶν
1739 4378 1953 4432 κατεδί-

2063 4378 2251 4448 prolis,
2301 4377 2718 4448 haudquaquam
2763 4393 2950 4433 eorum
2981 4387 3188 4435 natura:
3211 4391 3356 4438 esset
3381 4384 3633 4440 occlusu-

383 4495 571 4533 κασεν.
600 4475 693 4530 Διὸ
729 4476 823 4530 ἐπὶ
857 4475 952 4528 τὸν
995 4472 1270 4545 Ἁϐραάμ,
1311 4474 1406 4526 καὶ
1433 4472 1671 4542 Σάρραν,
1701 4473 1798 4525 καὶ
1835 4472 1962 4524 Ἀν-

381 4587 479 4625 ναν
501 4568 766 4640 ἀλλήλους
790 4567 1030 4638 καθορᾷν
1053 4565 1503 4638 παρεκελεύσντο,
1530 4563 1624 4617 καὶ
1653 4565 1773 4632 μετ’
1805 4563 1957 4617 ἐκεί-

381 4677 486 4714 νων
513 4657 610 4730 τὴν
634 4659 734 4728 τῆς
767 4657 936 4728 εὐχῆς
961 4644 1373 4726 ἀπολαμϐάνειν
1402 4654 1765 4726 παρώτρυνον
1793 4651 1961 4706 ἔκϐα-

385 4767 490 4806 σιν.
520 4769 538 4802 ι
564 4749 746 4804 Καλὸν
765 4745 861 4802 οὐν
893 4749 1028 4819 ήμϊν
1047 4740 1216 4812 οῦτοι,
1239 4747 1408 4816 φησὶ,
1433 4742 1792 4816 παράδειγμα
1821 4741 1958 4814 πρό-

381 4860 628 4909 κεινται,-
680 4843 728 4894 εί
771 4840 1110 4904 ἀδιστόκτως
1148 4839 1246 4910 τὴν
1291 4837 1478 4910 δέησιν
1521 4834 1956 4909 προϐαλοίμεθα.

383 4935 562 4990 Καλὸν
587 4934 888 5005 τεκμήριον
909 4933 942 5003 ή
966 4933 1066 5002 τῆς
1092 4932 1307 5003 Σάρρας
1342 4929 1630 5002 στείρωσις
1655 4931 1734 4992 είς
1757 4927 1959 4982 ἁπιιλό⁴

383 5044 520 5096 τητα
585 5023 1006 5097 μεταϐληθεῖσα.
1063 5023 1242 5076 Καλὸν
1312 5025 1541 5092 σημεῖον
1590 5023 1626 5092 ή
1673 5020 1750 5092 τῷ
1807 5020 1955 5092 γήρᾳ

419 5118 754 5190 καμφθεῖσα,
777 5119 856 5180 είς
878 5115 1235 5188 ἀκμαζόντων
1265 5115 1444 5186 μελῶν
1469 5114 1751 5187 ἐνέργειαν
1783 5129 1953 5183 μετα-

351 5211 728 5266 σκευασθεῖσα.
752 5209 1045 5280 Βλέψωμεν
1065 5209 1146 5272 είς
1179 5209 1383 5262 ’Δνναν
1400 5208 1500 5278 τὴν
1533 5205 1771 5260 Ἐλκανᾶ
1794 5203 1964 5277 [Male

385 5303 550 5360 Allat.
575 5305 635 5360 ἐν
664 5300 864 5374 Κανᾷ.ἶ
887 5341 903 5367 ,
931 5301 994 5356 τὸ
1027 5303 1140 5356 [σον
1173 5302 1308 5372 ἡμῖν
1331 5299 1504 5364 πάθος
1530 5299 1597 5352 δι’
1627 5299 1796 5370 εὐχῆς
1821 5299 1961 5352 ἀπο-

385 5395 640 5468 θεμένην.
678 5393 958 5465 Μάθωμεν
991 5393 1162 5464 αὐτῆς
1197 5394 1258 5446 τὸ
1304 5392 1402 5462 τῆς
1434 5391 1672 5462 δεήσεως
1699 5391 1961 5460 ἔμμονον,

387 5488 485 5544 καὶ
521 5488 584 5540 τὸ
630 5485 728 5557 τῆς
765 5483 1005 5548 διανοίας
1061 5484 1330 5557 ἔμπυρον.
1383 5483 1607 5554 Γνῶμεν
1663 5485 1812 5548 ὅπως
1867 5484 1964 5538 καὶ

457 5639 502 5674 ⁸⁸
541 5640 676 5698 Gen.
721 5655 854 5706 nn,
919 5640 1007 5694 Π.

2057 4484 2152 4524 rus
2177 4467 2352 4536 fores;
2391 4469 2802 4538 haudquaquam
2857 4470 2925 4524 iis
2974 4474 3239 4542 angustiis
3285 4489 3470 4530 eorum
3521 4482 3637 4532 ad-

2058 4559 2299 4616 dicturus
2332 4560 2518 4614 vitam.
2571 4562 2932 4628 Quamobrem
2961 4577 3082 4618 sese
3125 4574 3311 4622 mutuo
3340 4568 3633 4623 hortaban-

2059 4659 2165 4716 tur,
2199 4660 2258 4706 ut
2286 4652 2340 4706 in
2365 4651 2662 4717 Abraham,
2703 4652 3025 4724 Saramque,
3063 4665 3118 4712 et
3146 4660 3356 4714 Annam
3389 4662 3630 4730 respice-

2061 4750 2212 4811 rent;
2243 4759 2430 4814 seque,
2457 4756 2516 4802 ut
2535 4761 2656 4801 cum
2681 4747 2786 4802 illis
2812 4748 3074 4802 orationis
3106 4763 3356 4804 eventum
3383 4754 3630 4821 accipere

2069 4847 2430 4904 mererentur,
2474 4840 2858 4908 provocabant.
2893 4857 2912 4892 ι
2952 4839 3274 4896 Praeclarum
3303 4842 3504 4912 itaque,
3551 4845 3635 4899 in-

2065 4929 2213 4999 quit,
2263 4931 2417 4985 nobis
2449 4929 2521 4984 illi
2558 4931 2868 4999 exemplum
2905 4917 3167 5002 propositi
3217 4944 3374 4999 sunt,
3409 4945 3471 4990 ut
3497 4937 3633 4992 nihil

2064 5018 2374 5074 litesitantes
2405 5020 2703 5075 orationem
2738 5036 3070 5090 promamus.
3111 5042 3130 5075 ι
3163 5023 3411 5080 Praeclari
3467 5041 3634 5098 argu-

2063 5113 2230 5167 menti
2262 5113 2381 5167 loco
2409 5124 2493 5169 est
2535 5111 2682 5168 Sarae
2705 5115 2964 5170 sterilitas
3001 5118 3052 5170 in
3079 5117 3357 5172 mollitiem
3404 5130 3631 5174 mutata.

2061 5201 2387 5258 Praeclarum
2413 5205 2651 5275 signum,
2679 5206 2900 5262 incurva
2927 5207 3016 5262 illa
3043 5209 3214 5276 senio,
3245 5210 3297 5262 in
3321 5218 3632 5279 vegetorum

2063 5296 2429 5352 membrorum
2490 5299 2858 5368 operationem
2900 5315 3187 5356 conversa.
3253 5299 3634 5370 Respiciamus

2061 5389 2116 5444 in
2144 5403 2262 5444 eam
2309 5390 2521 5447 Eleante
2570 5391 2814 5458 Annam,
2860 5393 3037 5449 simile
3085 5391 3241 5448 nobis
3295 5391 3485 5446 vitium
3537 5405 3633 5460 per

2061 5495 2251 5552 preces
2295 5481 2671 5552 depellentem.
2705 5482 2989 5540 Discamus
3024 5487 3140 5553 ejus
3183 5483 3450 5542 orationis
3498 5499 3632 5543 con-
