4002 6232
409 311 544 378 llll

1539 309 1860 372 GEORGII
1899 303 2500 370 NICOMEDIENSIS

3549 311 3690 378 1&1!

405 426 686 490 stantiam,
733 439 797 497 ac
829 423 996 479 animi
1030 422 1322 478 fervorem.
1363 420 1686 477 Noverimus
1727 414 1978 492 utquan-

2091 419 2211 490 μεθ’
2241 422 2277 492 ἡ
2285 419 2404 492 μῶν
2425 418 2829 492 ἐγκαλουμένη,
2857 419 2957 474 ούκ
2981 418 3216 476 ἐνεδίδου
3235 393 3682 495 προσευχομένη.

405 533 569 594 quam
618 517 807 572 eadem
856 515 1138 569 nobiscum
1179 514 1388 569 ratione
1421 514 1473 568 iu
1517 515 1720 568 crimen
1757 522 1981 579 vocata,

408 609 549 664 haud
576 616 756 661 tamen
787 605 854 660 ab
883 606 1127 660 oratione
1170 605 1462 662 destiterit.
1496 605 1646 659 Hanc
1677 621 1775 660 nos
1791 605 1984 658 imite-

407 716 545 756 mur.
603 699 734 768 Ejus
773 712 910 766 pone
951 696 1174 767 veStigia
1225 697 1380 765 sequi
1434 696 1769 750 studeamus.
1827 694 1983 750 Ducit

408 793 520 846 iure
550 791 615 843 ad
648 790 966 858 petitionem
993 803 1171 842 rerum
1195 797 1567 857 speratarum;
1595 787 1981 856 petitionisque

407 882 868 946 coiisecutionem,
909 895 972 934 ex
1007 881 1073 936 iis
1100 895 1220 948 qua:
1245 890 1327 935 est
1358 889 1604 949 operata,
1631 879 1912 949 promittit.
1954 897 1976 930 υ

405 971 520 1028 Hoc
571 974 754 1041 itaque
795 971 927 1040 justi
975 972 1261 1027 consilium
1312 973 1364 1025 in
1419 986 1558 1041 opus
1607 971 1980 1034 deduxerunt,

404 1063 662 1132 quocirca
710 1063 834 1117 inde
879 1061 1026 1116 hunc
1054 1063 1134 1117 eis
1185 1061 1402 1116 modum
1435 1061 1824 1116 acciuehautur
1856 1075 1980 1130 pre-

404 1154 634 1208 cationis
662 1153 823 1205 verba
858 1171 872 1208 :
913 1171 932 1204 ›
968 1153 1070 1218 Τιι,
1103 1151 1312 1221 inquit,
1345 1151 1601 1215 Domine,
1627 1149 1718 1220 qui
1742 1148 1982 1204 Patriar-

403 1246 521 1300 cha:
566 1244 862 1314 promisisti
925 1242 1040 1297 fore
1107 1252 1167 1296 ut
1221 1257 1385 1312 super
1452 1254 1749 1298 .numerum
1804 1255 1984 1295 arenae

406 1317 726 1397 tnaris'cjus
773 1331 1160 1400 rnultiplicares
1211 1345 1426 1398 semen,
1460 1330 1877 1400 haudquaquam
1927 1329 1980 1385 id

405 1423 724 1493 multiplicis
776 1425 940 1493 prolis
991 1423 1228 1478 editione
1258 1421 1458 1486 fecisti,
1505 1423 1598 1478 sed
1633 1422 1793 1476 unius
1820 1433 1941 1476 ortu
1963 1462 1980 1487 ,

406 1515 820 1584 promissionem
863 1514 1116 1584 implesti.
1153 1513 1232 1568 Tu
1264 1513 1586 1584 promissam
1619 1521 1846 1576 terram,
1875 1528 1980 1566 non

405 1621 470 1660 ex
520 1608 736 1670 multis,
783 1607 875 1661 sed
909 1621 975 1660 ex
1003 1621 1110 1660 uno
1153 1606 1337 1660 hocin
1386 1605 1756 1660 luereditatem
1793 1605 1980 1659 distri-

406 1699 594 1752 huisti.
623 1698 701 1752 Tu
730 1697 878 1752 Sara:
911 1698 1376 1763 infecunditatem,
1404 1692 1459 1750 iu
1493 1697 1658 1766 prolis
1679 1695 1980 1752 fecunditao

2091 510 2308 583 Ταύτην
2342 514 2506 582 ἡμεῖς
2542 509 2939 583 μιμησώμεθα.
2989 511 3210 583 Ταύτης
3243 514 3483 568 κατόπιν
3530 514 3683 585 βαδί-

2066 600 2204 666 -ζειν
2233 601 2606 672 ἐπειγώμεθα.
2661 601 2810 674 Αὖτη
2847 605 3181 674 χειραγωγεί
3213 605 3350 675 πρὸς
3388 605 3504 660 τῶν
3533 605 3684 662 ἐλπι-

2091 689 2335 761 ζομένων
2387 690 2487 762 τὴν
2529 691 2772 763 αἴτησιν,
2823 693 2921 746 καὶ
2973 692 3072 760 τὴν
3120 693 3430 764 ἐπιτυχίαν,
3480 693 3555 750 δι’
3606 690 3684 751 ὧν

2091 783 2415 853 ἐνήργησεν,
2461 783 2884 852 ἐπαγγέλλεται.
2937 802 2956 836 ι
2987 782 3206 854 Ταύτην
3233 786 3536 856 τοιγαροῦν
3585 787 3682 860 τὴν

2092 873 2403 944 συμϐουλὴν
2439 875 2490 927 οί
2532 874 2733 928 δίκαιοι
2774 875 2855 938 είς
2897 874 3060 944 ἔργον
3099 875 3429 946 ἐξήνεγκαν,
3480 877 3569 932 διὸ
3613 881 3681 933 τά

2087 965 2186 1036 τῆς
2209 966 2375 1036 εὐχῆς
2403 965 2658 1020 ἐντεῦθεν
2681 967 2864 1031 αὐτοῖς
2887 966 3227 1038 κατεπῄδετο
3248 969 3497 1040 ῥήματα.
3533 989 3556 1022 ι
3585 972 3679 1035 Σὺ,

2089 1057 2246 1126 φησι,
2289 1056 2488 1128 Κύριε,
2534 1057 2616 1128 τῷ
2646 1059 2966 1131 πατριάρχῃ
2999 1059 3502 1130 ἐπαγγειλάμενος,
3537 1061 3677 1133 ὑπὲρ

2087 1144 2325 1216 ἀριθμὸν
2347 1144 2578 1215 ψάμμου
2603 1145 2883 1218 θαλάσσης
2912 1147 3012 1218 τὴν
3037 1148 3136 1202 τοῦ
3168 1151 3494 1222 σπέρματος
3513 1151 3677 1205 αὐτοῦ

2088 1233 2384 1306 πληθύνειν
2414 1237 2675 1302 ἐπίδοσιν,
2709 1238 2811 1291 ούκ
2843 1238 2908 1291 ἐκ
2942 1240 3308 1304 πολυτεκνίας
3339 1243 3498 1298 τοῦτο
3522 1247 3682 1317 ἐνερ-

2087 1327 2264 1396 γήσας
2297 1325 2465 1397 [Μαι.
2502 1327 2837 1400 ἐνήργησας]
2859 1370 2874 1394 ,
2905 1329 3024 1382 ἀλλ’
3047 1332 3116 1384 ἐκ
3149 1332 3248 1401 τῆς
3266 1332 3364 1386 τοῦ
3389 1335 3509 1398 ἑνὸς
3537 1353 3678 1405 προ-

2085 1416 2234 1479 όδου,
2267 1416 2366 1488 τὴν
2389 1417 2688 1488 ὑπόσχεσιν
2715 1417 3034 1483 ὲξετέλεσας
3053 1435 3070 1452 ο
3113 1421 3180 1476 σὺ
3217 1422 3316 1494 τὴν
3342 1424 3679 1494 κατάσχεσιν

2086 1509 2187 1580 τῆς
2207 1507 2332 1578 γῆς,
2351 1509 2454 1562 οὐκ
2481 1509 2544 1560 ἐκ
2572 1508 2858 1571 πλειόνων.
2884 1509 3022 1564 ἀλλὰ
3047 1512 3145 1565 τοῦ
3167 1514 3283 1578 ἐνὸς
3304 1515 3499 1570 τούτου
3517 1519 3680 1590 ἐκλη-

2089 1598 2408 1670 ροδότησας.
2441 1598 2519 1652 Σὺ
2553 1598 2652 1670 τὴν
2679 1600 2904 1668 ἀγονίαν
2931 1601 3028 1672 τῆς
3058 1603 3275 1674 Σάρρας
3301 1607 3383 1668 είς
3408 1622 3674 1675 τεκνογο-

2088 1688 2206 1742 νίαν
2232 1688 2554 1759 μετέϐαλες.
2583 1691 2656 1753 Σξίι
2687 1692 2756 1746 τά
2785 1694 3096 1764 παρειμένα
3113 1695 3320 1766 ,ταύτης
3334 1698 3499 1768 μέλη,
3530 1700 3676 1769 πρὸς

408 1797 512 1844 tem
541 1789 772 1842 vertisti.
811 1787 890 1841 Tu
919 1789 1036 1856 ejus
1063 1789 1289 1842 remissa
1319 1788 1584 1854 membra,
1610 1798 1668 1841 ut
1698 1798 1788 1842 tuo
1810 1788 1978 1844 inser-

2087 1779 2188 1850 τὴν
2221 1780 2320 1850 σὴν
2351 1781 2572 1853 ἐντολὴν
2601 1783 2954 1855 ὑπουργῆσαι
2982 1785 3282 1858 ἐνίσχυσας.
3313 1789 3385 1842 Σὺ
3408 1791 3510 1862 τὴν
3531 1793 3672 1846 am.

407 1881 582 1934 virent
612 1889 901 1950 praecepto,
959 1880 1248 1935 roborasti.
1283 1879 1360 1934 Tu
1389 1880 1514 1950 Ejus
1555 1873 1982 1936 incredulitatem

408 1972 462 2026 in
507 1972 667 2024 fidem
724 1972 1106 2032 cotumntasti,
1167 1971 1329 2039 inque
1373 1971 1507 2025 nihil
1554 1972 1982 2026 haesitahundam

405 2071 674 2126 mentem,
721 2060 1020 2114 haasitautis
1064 2061 1230 2114 animi
1265 2070 1444 2114 motus
1489 2061 1683 2116 cedere
1723 2061 1976 2116 effecisti.

405 2151 523 2207 Non
553 2153 811 2215 ridemus,
835 2159 892 2205 ut
908 2151 1018 2216 illa,
1039 2150 1132 2206 sed
1157 2162 1214 2205 ut
1245 2155 1424 2216 Anna,
1447 2152 1844 2221 supplicamus.
1866 2152 1986 2208 Non

405 2243 576 2296 dubio
603 2241 788 2294 animo
815 2256 1001 2294 sumus
1033 2240 1084 2294 in
1107 2242 1392 2306 oratione;
1419 2241 1514 2295 sed
1543 2256 1732 2296 sumus
1755 2252 1904 2296 certa
1930 2243 1982 2296 iu

404 2341 655 2386 eventum
693 2331 814 2384 fide.
844 2329 924 2384 Tu
968 2329 1212 2399 patribus
1257 2331 1456 2384 nostris
1494 2329 1758 2384 mirabilia
1791 2345 1984 2398 opera-

408 2430 498 2473 tus
521 2435 600 2473 es.
631 2419 710 2472 τυ
743 2415 914 2473 Jacob
936 2419 1256 2473 benedixisti
1277 2457 1292 2483 ,
1323 2433 1628 2486 nomenque
1669 2419 1718 2474 ei
1762 2419 1983 2474 lsraelis

409 2511 652 2565 iudidrsti
683 2552 699 2576 ,
771 2526 880 2580 quo
932 2511 1049 2577 ejus
1101 2511 1226 2566 inde
1282 2511 1450 2564 animi
1515 2511 1981 2580 perspicacitatem

406 2603 687 2658 inniteres.
721 2604 847 2670 Ejus
870 2612 923 2656 tu
946 2603 1138 2658 semini
1168 2603 1558 2671 profectionem
1584 2604 1637 2657 in
1664 2602 1981 2674 Egyptum,

405 2693 748 2763 salutemque
783 2694 1090 2762 providisti.
1123 2693 1238 2748 Non
1280 2694 1575 2762 permisisti
1607 2707 1665 2748 ut
1694 2692 1979 2764 Egyptia-

407 2799 525 2840 runt
565 2785 862 2840 crudelitas
895 2785 1148 2856 populum
1200 2797 1348 2840 tuum
1382 2787 1733 2853 deprimeret.
1770 2785 1849 2840 Tu
1899 2786 1984 2840 in-

407 2875 703 2931 tolerandis
727 2876 896 2946 plagis
917 2877 1224 2932 iucredulos
1255 2877 1531 2946 castigasti
1551 2917 1567 2942 ,
1600 2888 1659 2931 ut
1679 2888 1733 2930 et
1761 2889 1848 2930 tua
1885 2877 1983 2932 be-

406 2965 644 3034 nignitas
665 2975 990 3034 putesceret,
1024 2973 1320 3033 eorumque
1342 2966 1569 3019 durities
1591 2965 1981 3020 declararctur.

405 3055 488 3110 Tu
526 3072 722 3109 novum
768 3057 820 3110 in
862 3057 998 3110 mari
1028 3057 1133 3111 iter
1163 3057 1436 3111 invenisti.
1473 3055 1550 3110 Tu
1585 3057 1978 3112 elementorum

406 3149 635 3204 virtutes
666 3148 953 3201 innovusti.
993 3147 1072 3201 Tu
1109 3159 1358 3203 naturam
1406 3148 1606 3202 fluxam
1631 3187 1649 3215 ,
1681 3149 1737 3204 itt
1782 3150 1976 3204 duram

404 3240 639 3310 speciem
665 3240 1002 3306 convenisti,
1039 3241 1404 3312 populumque
1435 3251 1585 3294 tuum
1617 3241 1780 3296 siccis
1811 3242 1982 3296 vestio

399 3331 510 3402 giis
563 3331 869 3386 traduxisti.
925 3333 1005 3387 Tu
1063 3337 1284 3387 uberem
1341 3348 1521 3388 escam
1577 3333 1626 3387 ei
1675 3334 1727 3387 in
1768 3334 1984 3390 deserto

405 3423 613 3492 pluisti,
639 3424 1079 3495 esurientemque
1101 3426 1166 3479 ad
1201 3439 1374 3494 usque
1400 3427 1742 3480 saturitatem
1775 3425 1980 3480 aluisti.

406 3514 487 3572 Tu
530 3519 724 3573 duram
761 3531 971 3590 petram
1020 3535 1214 3588 aquam
1247 3521 1517 3574 scaturire
1567 3519 1766 3584 fecisti,
1811 3535 1878 3576 ac
1907 3521 1985 3576 si-

405 3611 628 3671 tientetn
661 3612 912 3682 populum
945 3612 1164 3680 potasti.
1197 3612 1278 3665 Ad
1305 3627 1428 3666 eam
1459 3626 1558 3666 nos
1590 3612 1938 3680 respicientes
1963 3652 1978 3678 ,

403 3703 824 3772 haudquaquam
865 3703 1140 3758 dubietate
1185 3719 1374 3774 preces
1423 3704 1842 3774 supprimimus,
1887 3708 1982 3760 sed

377 3793 580 3859 animi
628 3794 944 3848 sinceritate
1007 3810 1153 3864 spem
1203 3796 1557 3851 intendimus.
1605 3795 1760 3851 Tune
1812 3797 1976 3862 enim,

406 3883 658 3949 Domine,
697 3884 763 3938 iis
811 3882 1170 3952 producendis
1209 3883 1428 3950 efﬁcax,
1463 3901 1581 3954 quae
1615 3887 1840 3954 produci
1887 3901 1984 3942 ne-

401 3975 656 4042 quibant,
708 3971 760 4025 iu
815 3971 879 4025 iis
930 3985 1050 4042 qua:
1078 3971 1328 4028 humanm
1361 3984 1490 4028 sunt
1521 3972 1795 4030 facultatis
1821 3975 1978 4045 juxta

404 4061 784 4135 primigeniam
827 4063 1095 4118 rationem
1117 4101 1134 4129 ,
1167 4078 1267 4134 pro
1314 4075 1404 4118 tua
1441 4064 1729 4120 clementia
1764 4067 1982 4138 adjutor

405 4169 514 4210 non
561 4155 710 4210 eris?
758 4154 1036 4224 Siquidem
1079 4165 1194 4209 toto
1225 4155 1480 4211 distantia
1507 4171 1706 4224 genere
1739 4172 1982 4212 eorumn-

407 4243 570 4300 nione
603 4245 944 4314 temperasti;
985 4245 1169 4316 quidni
1209 4247 1356 4302 unita
1392 4262 1488 4314 per
1522 4257 1770 4302 naturam
1791 4286 1810 4314 ,
1840 4249 1979 4304 in-id

401 4333 550 4404 quod
588 4336 861 4404 proprium
899 4337 1120 4401 habent,
1154 4337 1424 4392 imbecilla
1451 4339 1845 4394 .comerteris?
1892 4337 1980 4394 Si-

2089 1873 2244 1926 στίαν
2291 1873 2501 1946 ταύτης
2546 1877 2628 1938 εἰς
2679 1875 2868 1929 πίστιν
2899 1879 3270 1950 μετήνεγκας,
3308 1883 3406 1935 καλ⁵
3435 1885 3517 1945 είς
3555 1883 3675 1936 ἁδί-

2088 1981 2321 2018 στακτον
2344 1965 2572 2035 γνώμην
2599 1966 2668 2020 τὰ
2689 1969 2784 2019 τοῦ
2811 1968 3105 2022 διστακτοῦ
3130 1971 3565 2038 μετεσκεύασας.
3595 1975 3672 2027 0'3

2089 2055 2368 2126 γελῶμεν,
2410 2057 2486 2122 ὼς
2522 2059 2729 2129 ἐκείνη,
2781 2060 2897 2113 ἀλλ’
2928 2061 3269 2132 ἱκετεύομεν,
3295 2063 3370 2127 ὡς
3397 2067 3433 2134 ἡ
3481 2067 3670 2119 Ἅννα.

2083 2149 2204 2202 οὐκ
2225 2149 2650 2230 ἀμφιϐάλλομεν
2675 2153 2758 2214 εἰς
2783 2151 2884 2224 τὴν
2910 2153 3098 2224 δέησιν
3115 2171 3128 2184 ·
3168 2155 3310 2210 ἀλλὰ
3339 2157 3672 2230 πιστεύομεν

2086 2241 2166 2302 εἰς
2187 2240 2287 2310 τὴν
2309 2239 2556 2296 ἔκϐασιν.
2582 2243 2654 2296 Σὺ
2677 2242 2748 2296 τά
2767 2245 3050 2314 παράδοξα
3074 2249 3190 2310 τοῖς
3215 2249 3498 2320 πατράσιν
3514 2251 3676 2321 ἡμῶν

2085 2331 2417 2402 ἐνήργησας.
2459 2334 2538 2386 Σὺ
2573 2334 2663 2386 τὸν
2707 2334 2904 2414 Ἰακὼϐ
2943 2337 3273 2408 εὐλόγησας,
3311 2341 3412 2393 καὶ
3458 2341 3672 2414 Ἰσραὴλ

2089 2423 2480 2494 μετεκάλεσας,
2507 2425 2567 2478 τδ
2588 2412 2895 2498 διορατικὸν
2922 2429 3086 2482 αὐτοῦ
3117 2430 3374 2484 ἐντεῦθεν
3422 2412 3672 2486 ὑπαινιτο

2085 2513 2333 2584 τόμενος.
2387 2515 2460 2567 Σὺ
2497 2515 2578 2585 τῷ
2613 2517 2890 2588 σπέρματι
2923 2520 3090 2573 αὑτοῦ
3128 2523 3231 2590 τὴν
3274 2525 3359 2586 εἰς
3395 2525 3671 2592 Αἴγυπτον

2084 2605 2412 2677 ὁδοιπορίαν,
2437 2607 2534 2661 καὶ
2559 2610 2892 2682 συντήρησιν
2917 2611 3301 2684 ᾠκονόμησας.
3330 2615 3407 2670 Σὺ
3439 2617 3550 2670 τῶν
3577 2618 3671 2674 A1-

2085 2700 2333 2770 γυπτίων
2356 2701 2460 2772 τὴν
2491 2703 2811 2773 μιαιφονίαν
2842 2703 2920 2774 τῷ
2949 2703 3066 2775 λαῷ
3105 2721 3199 2758 σω
3223 2704 3386 2776 [ιεσ.
3416 2707 3514 2761 τὸν
3543 2707 3668 2763 λαόν

2089 2791 2206 2865 σου]
2243 2792 2714 2863 κατασμικρύνειν
2757 2795 2818 2846 ού
2880 2793 3292 2865 συνεχώρησας.
3324 2797 3401 2850 Σὺ
3433 2795 3667 2866 πληγαῖς

2083 2882 2387 2952 άφορήτοις
2415 2883 2778 2948 ἀπειθοῦντας
2802 2882 3024 2946 τούτους
3050 2883 3336 2949 ὲκόλασας,
3369 2884 3451 2939 ἵνα
3481 2889 3576 2940 καὶ
3599 2885 3667 2938 τὸ

2087 2972 2178 3025 σὺν
2200 2972 2220 3044 [
2246 2959 2382 3028 Male
2413 2974 2579 3027 Allhl.
2606 2974 2666 3042 τὸ
2691 2973 2890 3046 σοφὸν]
2926 2975 3312 3046 φιλάνθρωπον
3343 2975 3665 3048 ἀναὰιχθῇ,

2087 3063 2359 3117 κάκείνων
2395 3065 2456 3118 τὸ
2483 3065 2798 3135 ἀμείλικτον
2826 3069 3142 3138 φανερωῠῇ.
3170 3069 3244 3118 Σὺ
3278 3066 3426 3138 ξένην
3452 3066 3576 3120 ὁδὸν
3602 3069 3668 3120 ἐν

2088 3153 2336 3228 Θαλάσσῃ
2367 3155 2762 3226 ἐνεούργησας.
2799 3157 2872 3210 Σὺ
2907 3157 3015 3219 τὰς
3049 3157 3160 3209 τῶν
3193 3159 3470 3227 στοιχείων
3507 3158 3666 3228 hisp.

2086 3247 2257 3316 γείας
2281 3248 2738 3318 ἐκαινοτόμησας.
2771 3249 2842 3303 Σὺ
2882 3249 2981 3318 τὴν
3019 3246 3196 3319 ῥοώδη
3230 3247 3540 3316 φύσινιείς
3572 3251 3668 3303 άν-

2083 3329 2312 3392 τίῗιυπον
2337 3339 2525 3411 σχῆμα
2556 3339 2921 3410 μετέστησας,
2949 3338 3044 3392 καὶ⁵
3067 3337 3158 3391 τὸν
3179 3337 3310 3392 λαόν
3333 3355 3429 3392 σου
3450 3337 3668 3410 ἀϐρόχρ

2087 3431 2283 3503 πορείᾳ
2310 3431 2651 3494 διεϐίϐασας.
2674 3432 2748 3486 Σὺ
2777 3430 2878 3503 τὴν
2898 3429 3132 3500 ἄφθονον
3151 3431 3359 3502 τροφὴν
3385 3433 3445 3485 ἐν
3474 3433 3670 3506 ἐρήμῳ

2085 3517 2482 3592 ἐπώμϐρησας,
2510 3521 2609 3574 καὶ
2639 3521 2910 3576 πεινῶντα
2940 3521 3129 3576 τοῦτον
3158 3523 3238 3586 είς
3265 3524 3429 3594 κόρον
3451 3523 3672 3594 ἐξέθρε-

2082 3611 2214 3681 ψας.
2247 3611 2320 3664 Σὺ
2356 3610 2455 3682 τὴν
2487 3612 2798 3683 άκρότομον
2845 3613 3054 3684 πέτραν
3092 3612 3235 3687 ὕδωρ
3269 3615 3525 3685 πηγάσαι
3565 3630 3668 3669 πε-

2082 3701 2340 3772 ποίηκας,
2362 3703 2456 3756 καὶ
2476 3702 2716 3773 διψῶντα
2739 3702 2925 3759 τοῦτον
2946 3705 3225 3769 ἐπότισας.
3249 3707 3393 3776 Πρὸς
3410 3706 3478 3776 ην
3497 3707 3666 3776 ἡμεῖς

2082 3791 2509 3859 ἀποϐλέποντες,
2539 3795 2639 3847 οὐκ
2680 3795 2984 3866 ἀμφιϐολίᾳ.
3013 3796 3082 3849 τὰ
3113 3797 3214 3866 τῆς
3257 3797 3420 3867 εύχῆς
3488 3815 3662 3854 κατα-

2085 3881 2408 3952 στέλλομεν,
2435 3882 2552 3935 ἀλλ’
2588 3883 2914 3954 είλικρινείᾳ
2953 3884 3021 3936 τὰ
3055 3883 3157 3953 τῆς
3192 3885 3405 3948 ἐλπίδος
3429 3887 3666 3940 ἐκτείνο-

2086 3989 2206 4044 μεν.
2232 3975 2308 4026 Οὐ
2328 3972 2438 4042 γὰρ
2463 3973 2548 4044 ἐφ’
2567 3968 2650 4038 οἷς
2669 3974 2771 4027 οὐκ
2795 3973 2933 4040 ἐστι,
2957 3973 3150 4046 Κύριε,
3171 3977 3448 4046 παράγειν
3468 3978 3506 4031 ἃ.
3529 3994 3663 4049 προ-

2082 4061 2246 4134 ήχθη,
2272 4063 2580 4135 ἐνήργησας
2617 4061 2844 4135 [Melius
2875 4065 3178 4135 ἐνεργήσας
3191 4062 3234 4136 ],
3260 4067 3375 4128 τοῖς
3398 4066 3487 4134 ἐφ’
3528 4067 3665 4138 metu

2081 4155 2358 4225 κειμένοις
2382 4156 2525 4210 κατὰ
2543 4155 2636 4209 τὸν
2667 4155 2759 4208 σδν
2783 4155 3010 4226 ἀρχικὸν
3030 4156 3175 4226 ὅρον,
3201 4157 3658 4228 οὑσυνεργήσεις,

2081 4248 2470 4320 φιλάνθρωπες
2539 4247 2686 4302 Bird
2711 4249 2880 4302 παντὶ
2918 4248 3242 4319 διεστηκότα
3278 4248 3357 4318 τῷ
3401 4251 3553 4318 γένει
3581 4251 3664 4312 είς

2081 4340 2369 4393 κοινωνίαν
2404 4339 2709 4410 ἐκέρασας,
2739 4340 2809 4394 τά
2836 4339 3098 4411 ἡνωμένα
3125 4343 3192 4412 τῇ
3223 4339 3392 4410 φύσει
3415 4381 3432 4400 .
3474 4338 3659 4412 [πρδςι

403 4426 622 4495 quidem
659 4414 961 4494 produxisti
1004 4433 1252 4481 naturam
1283 4443 1349 4481 ex
1379 4427 1586 4494 nihilo,
1615 4429 1800 4498 quidni
1835 4431 1974 4485 male

2083 4430 2140 4484 τὸ
2169 4429 2300 4485 ίδιον
2327 4431 2429 4484 οὐκ
2461 4431 2818 4502 ἀναστρέψεις
2859 4429 3334 4500 ἐξασθενήσαντα;
3365 4430 3428 4482 Et
3464 4432 3542 4500 μὴ
3572 4429 3662 4484 οὗ·

399 4517 690 4572 habentem
733 4524 988 4584 tauquam
1019 4515 1282 4572 Dominus
1338 4520 1762 4575 instauraveris?
1797 4519 1972 4576 Tuum

396 4618 508 4672 est,
545 4609 793 4672 Domine,
827 4625 966 4678 opus
998 4611 1129 4664 illud
1163 4629 1176 4664 :
1207 4620 1352 4664 tuum
1382 4611 1614 4678 facinus,
1639 4614 1782 4682 quod
1810 4629 1974 4670 nemo

393 4703 538 4757 alius
575 4717 602 4754 ο
631 4712 684 4757 te
709 4714 964 4771 praestare
999 4703 1184 4772 possit.
1211 4701 1455 4758 Potentia
1483 4713 1573 4758 tua
1609 4719 1696 4760 res
1723 4707 1974 4762 maxima:

393 4777 648 4866 prodigio
677 4806 983 4866 patrantur.
1019 4796 1130 4850 Tua
1151 4795 1415 4865 iussione.
1439 4795 1662 4852 flumina
1693 4809 1975 4854 revertun-

401 4900 511 4954 tur,
563 4904 628 4946 ac
679 4889 734 4944 in
790 4891 1121 4946 contrarium
1177 4890 1367 4944 lluttnt.
1419 4889 1536 4944 Tuo
1585 4889 1667 4945 sol
1701 4901 1975 4962 praecepto

400 4994 620 5034 cursum
667 4981 893 5048 inhibet,
931 4981 1284 5051 retrahitque.
1335 4979 1452 5034 Tuo
1488 4991 1620 5036 nutu
1653 4981 1974 5051 .ntultigenn

397 5072 679 5127 hrutarum
712 5073 1068 5128 auiumntium
1111 5074 1319 5142 species
1347 5072 1592 5128 fecunda
1630 5074 1699 5128 ad
1745 5088 1972 5129 succes-

397 5165 608 5221 sionem
651 5174 991 5234 permanent.
1029 5164 1370 5222 Ordinatioui
1408 5176 1511 5220 tua!
1539 5166 1736 5221 cedunt
1762 5165 1966 5231 omnia,

398 5270 501 5314 nec
546 5257 838 5328 quidquam
891 5265 983 5310 tuo
1031 5269 1298 5328 praecepto
1349 5258 1576 5313 resistit.
1631 5256 1710 5312 Tu
1755 5273 1970 5328 quoque

397 5354 609 5406 Annam
648 5349 791 5404 illam
831 5348 1020 5404 eodem
1071 5347 1403 5404 laborantem
1453 5349 1706 5410 orbitatis
1755 5351 1966 5414 morbo,

399 5444 565 5498 multa
600 5444 751 5515 prole
794 5443 1028 5508 donasti,
1078 5455 1143 5496 ac
1176 5455 1296 5496 eam
1339 5455 1459 5508 qua!
1511 5440 1710 5495 multos
1737 5439 1969 5496 habebat

400 5513 623 5601 liberos,
672 5513 791 5592 sine
839 5536 1024 5592 liberis
1069 5531 1322 5590 effecisti.
1372 5530 1483 5588 Nos
1519 5547 1756 5602 quoque,
1797 5546 1832 5586 ο
1865 5529 1970 5586 Do-

399 5621 567 5688 mine,
618 5627 817 5702 prohro
857 5626 1141 5692 afficiatur,
1180 5640 1284 5682 non
1323 5638 1430 5678 una
1462 5623 1726 5678 duntaxat
1773 5633 1966 5678 contu-

402 5711 607 5768 bernali
647 5717 950 5782 proferente
991 5719 1210 5786 femina,
1266 5718 1359 5776 scd
1392 5715 1535 5774 tribu
1566 5715 1817 5772 universa
1852 5725 1955 5771 tra-

2085 4539 2187 4575 σαν
2225 4522 2326 4593 τὴν
2356 4520 2518 4591 φύσιν
2557 4523 2905 4594 παρήγαγες,
2942 4521 3018 4592 μὴ
3051 4517 3112 4575 εὖ
3137 4519 3490 4591 διακειμένην
3509 4558 3527 4584 ,
3556 4521 3661 4574 οὐκ

2079 4615 2427 4686 άνορθώσεις,
2447 4615 2521 4676 ὡς
2543 4615 2776 4687 Κύριοςς
2800 4615 2919 4682 Σὺν,
2941 4609 2987 4668 ὦ
3003 4615 3268 4677 Δέσποτα,
3291 4611 3451 4666 τοῦτο
3473 4611 3657 4682 ἑργον.

2083 4706 2182 4760 Σὸν
2204 4706 2266 4759 τὸ
2291 4704 2650 4776 κατόρθωμα,
2674 4703 2736 4758 τὸ
2760 4706 2927 4760 πᾶσιν
2949 4706 3252 4775 ἀμήχανον.
3273 4703 3350 4772 Σῇ
3367 4701 3659 4772 δυναστείᾳ

2080 4797 2152 4852 τὰ
2163 4798 2396 4868 μέγιστα
2417 4796 2526 4851 τῶν
2545 4796 2890 4869 πραγμάτων
2902 4812 3130 4866 τερατου
3139 4798 3369 4866 ργεῖται.
3394 4793 3470 4863 Σῇ
3489 4807 3657 4862 προσ-

2079 4891 2232 4957 τάξει
2280 4889 2392 4944 τῶν
2421 4889 2682 4960 ποταμῶν
2720 4888 2791 4943 τὰ
2814 4887 3066 4960 ῥεύματα
3089 4889 3171 4951 είς
3193 4885 3499 4956 τοῦμπαλιν
3523 4885 3656 4937 ἀνα-

2079 4982 2284 5052 τρέχει.
2323 4979 2398 5052 Σῇ
2434 4979 2681 5035 κελεύσει
2707 4983 2736 5034 ὁ
2759 4981 2908 5050 ἥλιος
2940 4979 3032 5032 τὸν
3059 4979 3267 5052 δρόμον
3290 4975 3652 5045 ἀναχαιτίζει.

2078 5076 2156 5146 Σῇ
2189 5075 2466 5128 ἐπινεύσει
2495 5073 2564 5129 τὰ
2605 5072 2859 5142 πολυειδῆ
2901 5072 3012 5125 τῶν
3047 5071 3258 5140 ἀγόνων
3292 5068 3485 5141 [Μαι.
3522 5066 3652 5119 δ.λὸ-

2078 5161 2226 5236 γων]
2255 5167 2387 5233 γένη
2417 5201 2432 5226 ,
2465 5163 2666 5234 γόνιμα
2704 5163 2840 5233 πρὸς
2877 5161 3127 5233 διαδοχὴν
3175 5159 3516 5231 διαμένουσι.
3569 5159 3650 5230 Τῇ

2079 5257 2146 5326 σῇ
2169 5254 2412 5320 διατάξει
2436 5255 2614 5310 πάντα
2637 5255 2878 5319 ὑπείκει,
2907 5254 3004 5307 καὶ
3031 5253 3112 5324 τῷ
3141 5251 3526 5325 προστάγματί
3557 5269 3651 5305 σου

2076 5346 2230 5400 οὐδὲν
2270 5346 2606 5402 ἀντιπίπτει.
2661 5347 2734 5400 Σὺ
2782 5347 2878 5401 καὶ¹
2927 5347 3026 5415 τὴν
3088 5347 3288 5400 ’Δνναν
3318 5345 3434 5416 ’τὴν
3481 5344 3653 5414 αὐτὴν

2075 5437 2334 5492 ἀτεκνίαν
2366 5441 2676 5509 νοσήσασαν
2714 5439 2796 5502 εἰς
2848 5437 3206 5491 πολυτεκνίαν
3242 5437 3650 5507 μετεποίησας,

2076 5529 2172 5584 καὶ
2201 5531 2303 5600 τὴν
2347 5529 2672 5584 πολύτεκνον
2722 5530 2802 5593 είς
2849 5527 3076 5582 ἄτεκνον
3126 5527 3448 5598 μετέϐαλες.
3490 5527 3648 5581 Ἐστι

2075 5624 2173 5678 καὶ
2206 5626 2337 5696 ἡμῖν
2369 5623 2673 5695 ὀνειδισμὸς
2699 5663 2714 5688 ,
2750 5617 2796 5678 ὦ
2830 5621 3102 5685 Δέσποτα,
3127 5622 3244 5676 ,οὐκ
3275 5623 3341 5674 ἐκ
3377 5622 3509 5690 μιᾶς
3547 5621 3650 5686 ti};

2077 5717 2326 5770 συνοίκου
2371 5717 2630 5786 γυναικὸς
2657 5717 3048 5787 ἐκφερόμενος,
3075 5713 3210 5768 ἀλλὰ
3239 5713 3394 5785 παρὰ
3415 5714 3518 5785 τῆς
3543 5730 3648 5783 φυ-
