3970 6212
343 295 480 360 1413

1299 293 1382 355 IN
1423 294 1527 357 ss.
1568 287 1844 364 male
1868 277 2600 364 PRzESENTATIONEM.

339 407 440 478 λῆς
485 402 708 474 ἁπάσης
748 399 1287 474 ἐκτραγιρδούμενος.
1339 403 1412 458 Σὺ
1452 401 1678 466 δυνατὸς
1727 363 1914 454 τοῦτον

2031 391 2136 460 gice
2161 363 2441 442 illudente.
2477 385 2634 440 Potes
2656 385 2768 455 ipse
2791 381 2920 438 illud
2944 383 3180 440 auferre.
3205 382 3368 442 Vales
3399 392 3580 446 otian-

341 497 560 568 ἐξᾶραι·
589 495 656 550 σὺ
684 495 866 560 ἱκανὸς
887 495 988 565 τὴν
1011 494 1114 566 τῆς
1134 496 1349 566 φύσεως
1372 495 1570 565 ἀργίαν
1597 495 1676 557 είς
1701 508 1913 562 καρπο-

343 588 544 660 φορίαν
572 585 976 659 ἐξευτρεπίσαι.
1007 586 1100 640 Διὸ
1123 585 1257 657 πρὸς
1287 585 1348 638 σὲ
1387 584 1578 638 τοῦτον
1605 582 1791 645 ἁπλῶς
1825 581 1916 636 τὸν

344 679 472 734 νοῦν
507 677 936 748 ἐνστησάμενοι,
963 677 1062 748 οὐχ
1091 661 1293 748 ἐτέρῶς
1333 676 1656 748 ἐκκλίνομεν
1675 715 1690 740 ,
1725 674 1916 746 μέχρις

345 771 413 824 ἂν
437 771 548 826 τῶν
563 769 913 839 ἀἰτουμένων
951 767 1014 822 τδ
1043 769 1218 839 πέρας
1245 767 1575 838 κατίδοιμεν·
1611 767 1686 839 μὴ
1717 765 1918 838 βραδύ-

345 878 459 915 νειν
483 861 594 930 γὰρ
623 837 785 930 ίσμεν
815 857 908 913 τὸν
936 859 994 911 ἐν
1020 837 1136 921 τοῖς
1158 837 1338 933 ἄλλοις
1361 857 1573 950 ταχέωίς
1598 837 1918 928 προφθάντσ.

346 953 446 1017 τὰς
473 951 740 1020 αἰτήσεις.

419 1043 570 1110 Δῦτη
597 1043 709 1096 τῶν
733 1041 960 1103 δικαίων
1005 1041 1040 1111 ή
1075 1039 1276 1108 δέησις,
1315 1038 1381 1093 τδ
1411 1038 1700 1111 εἱλικρινὲς
1737 1038 1918 1094 αὐτῶν

348 1131 710 1203 τεκμηριῶσα
735 1134 838 1202 τῆς
865 1129 1123 1194 πίστεως⁹
1144 1130 1241 1184 καὶ
1263 1127 1345 1192 οἷς
1369 1123 1609 1202 sapam
1634 1111 1802 1203 [Μαι.
1827 1131 1920 1203 ερ-

353 1221 530 1296 ρήθη]
573 1221 638 1276 τδ
683 1223 744 1276 ἐν
792 1223 906 1284 τοῖς
973 1220 1155 1284 ἄλλοις
1191 1221 1477 1293 εὐδόκιμον
1521 1221 1916 1294 προφαίνουσα.

353 1313 522 1367 Τοῦτο
547 1313 645 1380 τῆς
675 1311 820 1366 κατὰ
841 1312 904 1365 τὸ
934 1311 1164 1384 κρύφιον
1194 1312 1374 1366 αὐτῶν
1403 1311 1686 1376 εὐσεϐείας
1711 1311 1920 1384 προχά-

358 1421 565 1475 ραγμα.
609 1405 721 1458 Καὶ
753 1402 864 1474 γὰρ
891 1405 926 1474 ἠ
968 1403 1076 1458 τῶν
1113 1403 1289 1471 λόγων
1320 1401 1579 1473 πρόοδος,
1623 1403 1722 1474 τὴν
1755 1403 1814 1468 ἐξ
1844 1395 1921 1457 ὧν

355 1493 592 1566 προῆλθε
641 1493 988 1566 καταμηνύει
1019 1493 1283 1549 διάθεσιν.
1335 1496 1398 1548 Ἀ
1430 1493 1540 1566 γὰρ
1573 1494 1718 1549 ἐνδον
1759 1493 1923 1566 ἐκρύ-

353 1601 518 1637 πτετο
549 1583 624 1655 μὴ
642 1583 948 1652 δηλούμενα
985 1583 1311 1653 πράγματα,
1341 1581 1496 1636 τοῦτο
1515 1579 1668 1653 [ιερ.
1688 1581 1919 1655 τούτων]

357 1673 602 1744 σύμϐολα
631 1672 996 1744 προαγόμενοι
1016 1675 1065 1727 οί
1095 1672 1246 1742 λόγοι
1273 1672 1647 1737 καθίσταντᾳιο
1677 1675 1773 1730 καὶ
1795 1672 1921 1738 νοῦς

361 1766 458 1835 μὲν
482 1763 575 1817 τὸν
602 1763 760 1832 λόγον
789 1765 1026 1832 ἐκφέρει.
1054 1763 1226 1832 Λόγος
1253 1763 1333 1830 δὲ,
1368 1763 1469 1832 τῆς
1497 1763 1679 1834 ψυχῆς
1711 1763 1780 1818 τὰ
1812 1781 1919 1818 πα·-
1950 1763 2007 1822 ⁸,

358 1852 576 1929 θήματα
600 1853 982 1922 καταγγέλλει.
1014 1853 1127 1908 Καὶ
1149 1854 1218 1908 τὰ
1249 1853 1348 1924 μὲν
1373 1853 1563 1924 ἄδηλα,
1615 1853 1748 1924 δῆλα
1790 1852 1922 1908 καθ·-

362 1941 562 2011 ίστησι,
595 1941 704 1996 τῶν
736 1942 1124 2014 πραττομένων
1145 1942 1204 1996 δὲ
1237 1943 1336 2006 τὰς
1373 1944 1548 2015 ἀρχὰς
1579 1944 1918 2016 ὑποτίθησιν.

359 2029 516 2086 Οὕτω
539 2031 720 2084 τοίνυν
743 2031 851 2086 τῶν
877 2031 1102 2086 δικαίων
1130 2034 1164 2103 ή
1192 2031 1375 2104 δέησις
1405 2037 1484 2097 είς
1513 2033 1674 2103 ἔργον
1705 2034 1918 2105 ἠνύετο.

359 2119 450 2174 Διὸ
485 2121 857 2192 χρηματισμῷ
882 2122 943 2174 τδ
967 2121 1160 2193 μέλλον
1192 2122 1614 2192 κατεμηνύοντο.
1647 2125 1712 2176 Ὠ
1737 2141 1921 2196 παρα-

359 2210 509 2278 δόξου
546 2211 862 2282 ἐπιτυχίαςί
907 2213 972 2265 Ὠ
1016 2213 1183 2284 εὐχῆς
1210 2215 1335 2278 τοὺς
1371 2213 1637 2284 οὐρανοὺς
1671 2212 1924 2284 διασχού-

361 2319 484 2372 σης,
519 2304 614 2356 καὶ
653 2303 790 2373 πρὸς
818 2303 969 2372 αὐτῷ
998 2302 1076 2374 τῷ
1115 2303 1288 2374 θρόνῳ
1329 2304 1428 2375 τῆς
1459 2303 1614 2374 δόξης
1651 2323 1924 2377 προσανα-

361 2391 605 2461 πτάσηςι
661 2391 726 2442 Ὢ
765 2391 975 2459 ἀλόγων
1018 2389 1206 2462 [Μαι.
1241 2389 1416 2458 λόγων
1445 2389 1596 2464 τῶν]
1637 2391 1746 2445 τῶν
1783 2391 1922 2462 ὑπὲρ

360 2483 516 2552 λόγον
533 2483 957 2553 ἁνυμνησάντων
975 2481 1039 2534 τὸ
1061 2480 1316 2552 μέγεθοςί
1353 2482 1572 2554 Ἐπειδὴ
1591 2483 1647 2535 δὲ
1672 2484 1732 2535 τὸ
1753 2499 1924 2554 μηνυ-

363 2573 454 2629 θὲν
491 2575 567 2640 ὡς
590 2572 670 2640 ὂν,
706 2575 740 2644 ὴ
787 2573 972 2644 μήτηρ
1011 2572 1275 2638 λαϐοῦσα,
1319 2573 1381 2627 τὸ
1407 2573 1802 2644 τεχθησόμενον
1846 2573 1925 2646 τῷ

361 2662 482 2734 Θεῷ
511 2663 798 2732 ἀφιεροῦν,
827 2661 921 2715 καλ⁵
942 2663 1003 2715 ἐν
1032 2661 1146 2729 ναῷ
1165 2662 1514 2716 ἀνατίθεσθαι
1548 2664 1922 2735 ὑπισχνεῖται·

365 2754 430 2806 Τί
463 2755 638 2816 τοῦτο,
667 2747 712 2807 ὦ
747 2753 940 2816 Ἄννα,
973 2754 1182 2822 είποιμι
1209 2754 1276 2807 ἂν
1309 2755 1444 2826 πρὸς
1475 2754 1712 2823 ταύτην;
1739 2755 1804 2806 Τί
1832 2752 1925 2808 τοῦ

366 2843 652 2914 μέλλοντος
680 2845 1000 2914 προτρέχεις
1025 2845 1123 2908 τῆς
1158 2845 1422 2916 προόδου;
1459 2845 1524 2898 Τί
1551 2848 1617 2915 τῇ
1649 2844 1928 2916 προθυμίᾳ

367 2933 696 3004 προφθᾶνεις
725 2935 788 2987 τὸ
821 2936 1248 3006 κηρυττόμενον;
1291 2937 1355 2990 Τί
1393 2937 1454 2990 τὸ
1499 2937 1669 3008 μήπω
1700 2936 1930 3008 γενόμε-

367 3043 453 3078 νον
481 3025 598 3096 Θεῷ
631 3027 817 3098 φέρειν
841 3025 1251 3102 κατεπαγγέλλῃ
1275 3025 1354 3094 ὡς
1380 3029 1600 3100 ἐνχερσὶ
1634 3029 1930 3100 κατεχόμε-
1957 3048 2002 3112 c

367 3133 474 3172 νον.
504 3118 632 3172 Δέον
669 3119 760 3172 τὸν
792 3119 891 3189 τῆς
920 3119 1108 3182 ὠδῖνος
1139 3120 1330 3190 καιρὸν
1359 3119 1750 3188 ἀναμείνασαν,
1793 3119 1934 3172 οὕτω

366 3208 538 3278 δῶρον
583 3208 662 3278 τῷ
710 3207 770 3273 ἐξ
817 3209 988 3280 αὐτῆς
1020 3207 1100 3280 τῷ
1127 3209 1380 3262 δεδωκότι
1415 3207 1931 3278 προσανατίθεσθαι.

369 3297 500 3356 Δέον
537 3296 614 3364 τῷ
639 3296 734 3349 τοῦ
769 3297 966 3368 ἀδήλου
1014 3299 1212 3368 πέρατι
1246 3295 1734 3368 συστοχαζομένην,
1763 3297 1840 3366 μὴ
1867 3297 1934 3368 τῇ

374 3386 714 3459 προκηρύξει
739 3387 1127 3458 διαμαρτάνειν
1172 3387 1281 3440 τῶν
1328 3386 1694 3457 ὑποσχέσεων.
1737 3386 1802 3441 Ὠ
1836 3386 1936 3457 τῆς

376 3477 487 3529 τῶν
513 3475 737 3529 δικαίων
759 3476 991 3541 πίστεως
1017 3477 1031 3530 l
1061 3477 1124 3530 Ὦ
1150 3477 1355 3548 μητρὸς
1385 3475 1760 3548 μεγαλοψύχου
1790 3476 1934 3545 γνὼ-

375 3583 546 3637 ρισμα
571 3568 584 3620 l
617 3567 734 3620 Οὐκ
759 3567 1257 3637 ἀμφισϐητήσειτδ
1291 3566 1484 3636 μέλλον
1509 3567 1846 3638 συνέκρινεν·
1871 3564 1935 3620 οὐ

369 3657 652 3730 δισταγμῷ
681 3659 741 3712 τὸ
767 3659 1038 3730 κηρυχθέν
1067 3658 1429 3731 [ἀνεϐάλλετο
1444 3658 1484 3732 ]·
1515 3660 1577 3714 οὐ
1607 3659 1706 3731 τήν
1736 3658 1936 3729 ἑαυτῆς

371 3747 664 3819 κατενόησε
719 3747 908 3820 μέχρις
955 3749 1164 3803 ἐκείνου
1209 3749 1580 3823 ἀνεπιτήδειον
1633 3749 1823 3818 φύσιν⁹
1860 3745 1934 3801 ὀὐ

370 3838 660 3912 δυσχερείᾳ
699 3839 795 3893 τοῦ
822 3840 1122 3912 ἀσυνήθους
1160 3839 1294 3912 πρὸς
1322 3840 1630 3910 ἀντιλογίαν
1661 3839 1896 3911 κατέστη
1917 3853 1932 3869 ·

372 3933 432 3985 οὐ
461 3931 539 4000 τῷ
570 3930 646 4002 μὴ
673 3921 879 4002 δυνατῷ
903 3931 1112 4004 ἀγωνίᾳ
1133 3931 1231 4002 τὴν
1247 3931 1424 4001 ψυχὴν
1445 3929 1791 4000 περιέϐαλεν.
1822 3929 1936 3982 Οὐκ

370 4021 648 4093 ἠπόρησεν
684 4021 744 4074 ἐν
789 4021 952 4092 ἑαυτῇ
995 4021 1346 4092 λογιζομένη,
1376 4019 1452 4084 ὡς
1496 4019 1654 4073 εἴωθε
1691 4021 1804 4082 τοῖς
1839 4019 1934 4074 ἄλ-

370 4110 520 4178 λοις;
553 4105 702 4180 ’Δρα
734 4109 811 4180 μὴ
845 4111 926 4173 είς
953 4109 1170 4178 ἀπάτην
1195 4109 1264 4163 τὰ
1295 4107 1390 4161 τοῦ
1429 4107 1678 4178 χρησμοῦ
1721 4107 1932 4178 ἀποϐή-

372 4215 551 4268 σοιτο;
583 4198 732 4274 ’Λρα
772 4201 848 4273 μὴ
889 4202 922 4272 ἡ
951 4201 1140 4273 χρονία
1172 4201 1458 4272 στείρωσις
1485 4203 1598 4264 τοῖς
1630 4202 1726 4269 τῆς
1759 4201 1932 4268 ἐπαγ-

369 4293 554 4364 γελίας
606 4294 968 4361 ὐπαντήσειεν
1001 4286 1188 4360 ;⁷Δρα
1243 4291 1318 4360 μὴ
1371 4289 1471 4360 τῆς
1507 4288 1864 4362 ψυχαγωγίας
1905 4289 1935 4342 ό

2025 489 2130 533 tem
2165 486 2412 531 naturam
2449 477 2500 530 in
2531 473 2816 530 fecundam
2848 475 3105 530 mutando
3145 486 3350 544 aptare.
3384 476 3587 544 Quam-

2017 570 2205 624 obrem
2228 584 2346 622 eam
2360 566 2615 630 omnino,
2659 574 2711 620 te
2741 579 2920 620 coram
2949 575 3180 619 mentem
3206 581 3584 638 proponentes,

2018 675 2126 716 non
2167 660 2325 713 aliter
2353 657 2718 724 deflectimus,
2761 657 2932 712 donec
2960 657 3275 726 petitionum
3305 661 3467 714 [luem
3508 661 3587 715 vi-

2017 749 2264 806 deamus.
2303 749 2520 804 Scimus
2563 747 2709 802 enim
2765 746 2882 802 fore
2915 755 2974 802 ut
3009 763 3114 802 non
3149 749 3350 816 tardes,
3395 753 3486 822 qui
3531 753 3584 807 in

2020 841 2140 897 aliis
2174 843 2282 897 cito
2306 840 2580 896 orationes
2609 853 2864 910 occupes.
2897 857 2917 891 ι
3027 897 3032 902 ,

2091 1029 2218 1085 Haec
2243 1028 2507 1098 justorum
2535 1026 2729 1090 oratio,
2760 1026 3024 1082 sinceram
3056 1040 3240 1082 eorum
3275 1025 3430 1082 fidem
3462 1043 3588 1096 pcr-

2021 1121 2209 1192 spicue
2251 1119 2526 1182 indicans,
2560 1132 2777 1188 quaque
2811 1117 3064 1172 exaudita
3097 1116 3218 1181 fuit,
3249 1117 3500 1185 probatos
3535 1117 3588 1172 in

2020 1211 2142 1266 aliis
2188 1225 2366 1265 mores
2407 1208 2710 1264 declarans.
2763 1208 2889 1262 Haec
2924 1206 3162 1276 pietatis,
3196 1221 3355 1275 quam
3393 1208 3451 1261 in
3495 1223 3589 1262 oc-

2021 1297 2166 1354 culto
2209 1296 2494 1364 colebant,
2543 1297 2787 1366 quaedam
2833 1295 2978 1350 velut
3019 1296 3342 1364 designatio.
3387 1295 3612 1364 Quippe,

2022 1386 2154 1442 foris
2180 1386 2494 1456 deprompta
2534 1387 2729 1450 verba,
2777 1385 3206 1454 depromeutium
3249 1383 3588 1440 affectionem

2021 1478 2348 1549 signiﬁcant.
2387 1476 2518 1544 Quae
2549 1477 2695 1530 enim
2731 1477 2874 1529 intus
2905 1475 3116 1529 occulta
3161 1476 3498 1543 tegebantur,
3528 1489 3590 1528 ea

2023 1571 2308 1626 verborum
2343 1569 2603 1640 symbolis
2624 1569 2676 1622 in
2703 1567 2878 1637 palam
2909 1575 3138 1637 aguntur
3163 1584 3177 1621 :
3205 1582 3268 1621 ac
3294 1581 3448 1622 mens
3474 1567 3592 1634 qui-

2022 1663 2144 1716 dem
2179 1676 2482 1728 sermonem
2513 1659 2698 1726 effert;
2753 1673 2934 1727 sermo
2981 1669 3162 1720 autem
3222 1660 3385 1715 animi
3427 1657 3592 1714 affcc-

2023 1753 2229 1809 tionum
2278 1751 2524 1812 nuntius,
2559 1750 2794 1814 exsistit,
2831 1765 2895 1804 ac
2923 1763 2985 1803 ea
3020 1763 3140 1816 quae
3175 1749 3408 1802 obscura
3437 1756 3595 1801 erant

2022 1845 2306 1916 perspicua
2336 1843 2482 1906 facit,
2514 1841 2896 1910 actionumqne
2920 1839 3183 1910 principia
3213 1841 3470 1894 ostendit.
3503 1839 3595 1896 Sic

2021 1948 2150 2003 ergo
2175 1933 2452 2002 justorum
2477 1931 2653 1986 oratio
2682 1945 2847 2000 opere
2889 1930 3262 1998 complebatur
3290 1947 3304 1984 :
3339 1927 3594 2000 quocirca

2024 2021 2261 2076 futurum
2302 2022 2379 2076 rei
2412 2029 2661 2075 eventum
2708 2019 2928 2074 oraculo
2969 2020 3251 2075 docentur.
3297 2021 3340 2076 Ο
3376 2021 3597 2076 mirabi-

2024 2111 2128 2166 lem
2158 2109 2531 2179 adeptioneml
2571 2106 2614 2162 ι)
2659 2109 3022 2178 precationem
3065 2109 3234 2165 cmlos
3275 2125 3596 2179 supergres-

2027 2217 2169 2266 sam,
2197 2215 2426 2269 quaeque
2453 2199 2518 2253 ad
2550 2199 2724 2268 ipsum
2768 2203 3020 2253 thronum
3049 2199 3232 2268 gloriae
3257 2201 3520 2256 evolavit!
3549 2202 3596 2257 0

2025 2305 2328 2353 sermones,
2379 2289 2575 2359 quibus
2624 2305 2814 2345 eorum
2865 2289 3078 2344 laudata
3133 2300 3214 2344 est
3261 2293 3594 2360 magnitudo,

2025 2397 2146 2452 qua:
2193 2389 2320 2434 sunt
2349 2381 2554 2449 majora
2604 2378 3062 2446 sertnonelQuod
3104 2366 3469 2437 verohfuturae
3517 2385 3594 2438 rei

2028 2472 2310 2532 nuntium,
2367 2479 2622 2540 tanquam
2659 2471 2767 2540 jam
2824 2481 3000 2536 esset,
3047 2484 3222 2527 mater
3274 2473 3595 2541 accepisset,

2029 2565 2359 2620 nascituram
2391 2563 2595 2632 prolem
2623 2563 2730 2618 Deo
2759 2577 2817 2618 se
2841 2576 3321 2630 consecraturam,
3343 2573 3508 2632 atque
3540 2565 3596 2620 in

2031 2657 2231 2724 templo
2264 2655 2568 2711 oblaturam
2623 2654 2926 2724 pollicetur.
2965 2655 3104 2721 Quid
3160 2657 3284 2720 hoc,
3332 2671 3366 2711 ο
3417 2659 3594 2724 Anna,

2030 2747 2258 2801 dixerim
2291 2745 2358 2800 ad
2391 2735 2553 2799 eam?
2583 2742 2650 2800 Ut
2679 2745 2808 2812 quid
2837 2743 3030 2799 futurae
3056 2745 3130 2799 rei
3155 2747 3429 2814 processui
3463 2761 3601 2816 prae-

2030 2837 2240 2892 curris?
2289 2836 2560 2902 Quorsnm
2609 2837 2892 2890 alacritate
2951 2836 3114 2890 animi
3169 2839 3311 2906 quod
3366 2838 3601 2892 edicitur

2031 2927 2332 2998 praevenis?
2374 2926 2738 2994 Quamobrem
2785 2925 2929 2995 quod
2985 2927 3215 2982 necdum
3266 2939 3448 2983 ortum
3483 2939 3598 2995 est,

2031 3017 2224 3074 offerre
2251 3019 2358 3073 Deo
2379 3017 2672 3088 promittis,
2702 3026 2956 3088 tanquam
2978 3018 3032 3071 in
3060 3019 3307 3072 manibus
3337 3019 3616 3074 haberes?

2033 3107 2142 3163 Par
2169 3121 2288 3164 erat
2317 3121 2380 3164 ut
2425 3117 2738 3178 exspectato
2783 3119 2973 3180 partus
3023 3119 3262 3178 tempore
3291 3111 3368 3164 sic
3407 3125 3618 3166 munus

2035 3199 2180 3267 quod
2213 3207 2363 3254 esset
2401 3199 2636 3265 editura,
2673 3200 2844 3254 datori
2885 3199 3126 3254 oifcrret.
3158 3199 3262 3254 Par
3287 3211 3405 3256 erat
3431 3209 3490 3254 ut
3517 3201 3603 3255 in-

2036 3291 2172 3344 certi
2217 3300 2446 3344 eventus
2489 3292 2650 3345 finem
2690 3292 3022 3353 observans.
3057 3295 3468 3364 haudquaquam
3510 3311 3623 3350 vo--

2044 3394 2178 3435 vens
2227 3378 2491 3457 violanda}
2524 3381 2904 3450 promissionis
2929 3381 3225 3450 periculum
3277 3385 3599 3440 incurreret.

2035 3469 2082 3527 0
2109 3469 2379 3539 justorum
2409 3471 2602 3528 ﬁdem!
2638 3471 2682 3527 Ο
2708 3473 3064 3538 magnanima:
3090 3474 3282 3528 Matris
3314 3475 3600 3533 indicium!

2035 3561 2190 3616 Nulla
2219 3561 2498 3616 dubietate
2538 3561 2775 3617 futurum
2805 3565 3175 3632 comparavit,
3208 3565 3460 3636 nullaque
3495 3567 3604 3623 ha:-

2035 3652 2292 3708 sitatione
2337 3654 2477 3722 quod
2523 3663 2638 3708 erat
2685 3653 2990 3708 nuntiatum
3043 3655 3158 3710 fore
3190 3657 3418 3711 distulit.
3458 3657 3602 3712 Nihil

2037 3743 2271 3812 ineptam
2307 3743 2568 3799 hactenus
2600 3753 2843 3798 naturam
2873 3746 3258 3802 consideravit.
3305 3745 3601 3820 Haudqua-

2036 3849 2199 3904 quam
2241 3835 2468 3890 insuetaa
2497 3839 2572 3890 rei
2618 3835 2930 3892 difficultate
2967 3839 3168 3893 moveri
3197 3854 3257 3894 se
3285 3841 3352 3895 ad
3380 3853 3602 3897 contra-

2035 3928 2326 3984 dicendutn
2375 3931 2520 3985 sivit.
2563 3919 2986 4002 Haudquaquam
3021 3947 3120 4002 pro
3150 3934 3226 3988 rei
3260 3937 3614 4004 impossibili--

2035 4025 2146 4074 tate
2183 4024 2421 4074 animum
2456 4021 2718 4075 anxietati
2769 4021 2935 4076 dedit.
2985 4021 3103 4076 Non
3141 4023 3409 4080 dubitavit
3460 4027 3602 4094 apud

2034 4125 2094 4167 se
2123 4113 2394 4180 cogitans,
2429 4112 2504 4165 uti
2532 4114 2817 4166 consuevit
2844 4111 3094 4166 accidere
3115 4112 3236 4166 aliis
3265 4130 3280 4166 :
3311 4113 3452 4168 Num
3479 4130 3604 4169 ora-

2035 4201 2212 4256 culum
2250 4201 2304 4255 in
2342 4201 2708 4270 deceptionem
2745 4201 3111 4260 cedetiJNum
3153 4203 3406 4257 diuturna
3439 4207 3601 4260 stt-ri-

2035 4293 2162 4348 litas
2183 4293 2526 4364 promissioni
2555 4294 2826 4348 incurret?
2857 4293 2996 4349 Num
3022 4295 3114 4364 qui
3147 4296 3396 4363 apparuit
3421 4312 3486 4352 eo
3512 4313 3600 4353 ve-

371 4385 559 4452 φανεὶς
578 4383 818 4455 κομίζων
837 4379 971 4454 ἧκεν
989 4383 1282 4452 εὐαγγέλια
1301 4401 1316 4448 ;
1351 4383 1480 4438 Ἰδοὺ
1503 4383 1572 4436 τὰ
1592 4383 1692 4452 τῆς
1714 4381 1930 4452 ήλικίας

2035 4383 2134 4450 nit,
2179 4395 2237 4438 ut
2285 4385 2546 4440 mulceret
2584 4385 2814 4440 nuntio?
2846 4387 2984 4440 Ecce
3011 4386 3126 4455 jam
3163 4385 3414 4441 defloruit
3445 4399 3607 4444 retas.

371 4475 710 4548 παρήϐησεν.
771 4477 900 4531 Ἰδοὺ
947 4477 1007 4532 τὺ
1054 4475 1156 4545 τῆς
1196 4475 1380 4546 ἀκμῆς
1433 4474 1799 4544 ἀνθηρότατον
1855 4471 1934 4542 τῷ

370 4569 547 4640 χρόνῳ
578 4568 924 4639 μαραίνεται.
960 4567 1096 4622 Ἰδοὺ
1127 4567 1188 4620 τὸ
1229 4567 1336 4620 τῶν
1374 4565 1551 4636 μελῶν
1582 4565 1934 4637 ἰσχυρότατον

372 4659 504 4728 πρὸς
527 4661 744 4716 ἔκλυσιν
770 4659 1070 4729 ἐπείγεται.
1101 4659 1175 4712 Τὸ
1195 4658 1291 4712 τοῦ
1347 4657 1462 4728 βίου
1500 4657 1754 4710 πλεῖστον
1789 4671 1934 4726 παρ-

371 4750 624 4820 έδραμεν.
661 4751 719 4804 '0
756 4753 868 4814 τοῐς
918 4753 1084 4805 πᾶσιν
1121 4749 1301 4822 [Μαι.
1333 4745 1560 4819 παισὶν]
1601 4745 1932 4815 ἐπαγγέλλε-

345 4892 350 4900 ,
373 4840 494 4895 σθαι
522 4839 951 4914 [ιες.ἐπαγάλλ.
975 4839 1447 4913 ]παρασκευάζων
1479 4839 1669 4910 καιρὸς
1694 4836 1934 4907 ὑποφεύ-

370 4945 479 4996 γει.
527 4931 590 4984 Ἦ
635 4931 736 5001 τῆς
771 4931 1111 4994 παιδοποιίας
1133 4931 1279 5002 χαρὰ
1319 4932 1377 4984 ἐν
1407 4932 1714 5002 προοιμίοις
1741 4928 1805 4982 τὸ
1834 4943 1934 4981 πο·-

374 5021 547 5076 θεινδν
573 5021 726 5092 φέρει
744 5023 878 5094 πρὸς
894 5022 972 5094 τῷ
987 5025 1134 5095 γήρᾳ
1145 5023 1240 5086 τὰς
1261 5022 1597 5093 ἐπικαρπίας
1619 5020 1934 5084 ἐλπίζουσα.

372 5111 438 5164 Τί
471 5113 608 5183 πρὸς
639 5114 738 5184 τὴν
753 5115 959 5185 δέησιν,
991 5113 1088 5168 καὶ
1109 5117 1207 5184 τὴν
1232 5113 1570 5182 ἐπαγγελίαν
1597 5107 1932 5182 ἐπασχολοῦ-

370 5219 471 5274 μαι
499 5221 516 5270 ;
546 5204 710 5259 Οὐδὲν
735 5206 974 5260 τοιοῦτον
1015 5207 1050 5278 il
1083 5206 1250 5260 Ἀννα
1269 5203 1346 5274 τῷ
1373 5201 1618 5273 λογισμῷ
1644 5218 1935 5274 παρεμπε-

374 5292 486 5344 σεῖν
517 5299 915 5364 συνεχωρησενο
945 5295 1062 5351 ἀλλ’
1088 5294 1221 5366 ὁμοῦ
1247 5311 1308 5349 τε
1341 5293 1410 5350 τὰ
1445 5293 1543 5362 τῆς
1577 5293 1740 5362 εὐχῆς
1801 5308 1935 5346 κατ-

371 5381 657 5450 εϐάλλετο,
706 5385 801 5438 καὶ
855 5385 958 5458 ,τὴν
987 5387 1270 5454 ἐπίτευξιν
1319 5370 1526 5454 ταύτης
1563 5384 1662 5474 κτῷ
1716 5383 1937 5454 ὀφθέντι

371 5475 746 5548 κατεμηνύθη,
801 5479 896 5532 καὶ
942 5479 1018 5542 ὡς
1074 5479 1174 5551 ήδη
1227 5479 1528 5548 κατέχουσα
1589 5477 1652 5531 τὸ
1713 5477 1940 5549 προσδο-

373 5565 638 5637 κώμενον,
687 5571 753 5638 τῇ
807 5569 1011 5640 σφοδρᾷ
1031 5569 1310 5640 προθυμίᾳ
1357 5568 1433 5638 τῷ
1449 5567 1562 5638 ναῷ
1581 5567 1740 5622 τοῦτο
1770 5584 1938 5640 προσ-

371 5655 527 5723 άγειν
595 5656 872 5730 ήπείγετο.
925 5659 1019 5724 Τίς
1078 5659 1144 5714 ἂν
1185 5659 1342 5728 λόγος
1385 5659 1446 5712 τὸ
1521 5659 1622 5730 τῆς
1699 5659 1938 5722 πίστεως

2038 4475 2175 4530 Ecce
2217 4473 2331 4545 jam
2383 4475 2796 4532 ﬂorentissimus
2825 4477 2978 4546 vigor
3027 4487 3266 4546 tempore
3315 4481 3600 4536 emarcuit.

2034 4565 2177 4622 Ecce
2203 4567 2314 4635 jam
2343 4567 2706 4622 membrorum
2749 4569 3073 4638 praecipuum
3103 4569 3265 4624 robur
3313 4571 3380 4624 ad
3411 4571 3608 4626 debili-

2039 4665 2200 4713 tatem
2245 4659 2438 4713 tendit.
2468 4657 2699 4712 Maxima
2730 4660 2852 4714 vitae
2881 4676 3007 4730 pars
3034 4663 3262 4718 decursa
3293 4673 3394 4718 est.
3435 4664 3610 4720 Tem-

2034 4764 2153 4820 pus,
2188 4765 2300 4820 quo
2351 4750 2594 4820 prolibus
2647 4751 2768 4818 quis
2812 4753 3003 4807 lubens
3046 4753 3376 4822 adgaudeat,
3431 4755 3611 4826 iisque

2035 4841 2254 4910 gestiat,
2290 4841 2556 4911 subfugil.
2586 4840 2820 4898 Edenda:
2849 4843 3014 4912 prolis
3045 4843 3296 4913 gaudium
3322 4843 3607 4900 desidera-

2037 4930 2143 4986 bile
2169 4929 2296 4998 qnid
2323 4931 2520 5000 primis
2545 4932 2706 4987 annis
2735 4929 2912 4998 affert,
2940 4933 3172 4988 fructum
3201 4949 3424 5004 sperans
3453 4940 3611 5008 gravi

2035 5021 2188 5077 senio
2215 5030 2396 5076 aetate.
2429 5019 2498 5076 Ut
2528 5023 2654 5091 quid
2681 5025 2916 5078 orationi
2948 5040 3013 5080 ac
3036 5027 3380 5094 promissioni
3413 5029 3610 5083 immo-

2037 5111 2170 5165 τοι-ί
2193 5109 2335 5164 Nihil
2362 5114 2516 5166 Anna
2537 5111 2804 5180 ejusmodi
2829 5115 3013 5168 animo
3042 5115 3284 5171 incidere
3311 5117 3604 5186 permisit:

2035 5203 2278 5273 quinimo
2303 5214 2360 5256 ut
2389 5219 2510 5258 mox
2544 5213 2760 5272 precata
2799 5215 2943 5260 esset
2975 5245 2996 5272 ,
3025 5217 3186 5278 atque
3215 5209 3282 5264 ab
3311 5219 3611 5280 apparente

2036 5294 2228 5365 angelo
2248 5295 2490 5364 prosperi
2519 5310 2806 5351 successus
2847 5299 3098 5352 nuntium
3127 5301 3450 5367 accepisset,
3482 5299 3607 5355 vcl-

2037 5399 2095 5442 ut
2117 5387 2230 5455 jam
2261 5399 2464 5444 teneret
2491 5396 2858 5458 expectatam
2889 5391 3119 5458 prolem,
3169 5387 3468 5447 vehementi
3492 5391 3610 5446 ala-

2037 5480 2230 5531 critate
2261 5475 2482 5532 festinat
2531 5477 2582 5530 in
2620 5477 2817 5545 templo
2866 5477 3084 5532 offerre.
3123 5477 3378 5543 Quaenam
3427 5483 3608 5536 oratio

2039 5581 2322 5624 accensam
2367 5569 2511 5623 illam
2546 5569 2702 5624 fidem
2741 5567 2962 5634 laudare
2999 5567 3263 5634 sufﬁciat,
3309 5585 3402 5639 per
3443 5588 3609 5641 quam

2039 5660 2147 5715 vcti
2175 5674 2392 5730 compos
2425 5659 2614 5714 cffecta
2642 5657 2760 5713 est?
2791 5673 2889 5728 pcr
2917 5672 3076 5728 quant
3107 5659 3238 5714 nihil
3263 5662 3472 5719 animus
3504 5665 3608 5718 du-

3444 276 3581 343 im
3657 319 3682 336 .
