  <div class='ocr_page' id='page_1' title='image "/cluster/home/n/w/nwhite01/storage/ocr_20150623/100/hvd.32044054111919/715.png"; bbox 0 0 4002 6232; ppageno 0'>
   <div class='ocr_carea' id='block_1_1' title="bbox 440 232 574 314">
    <p class='ocr_par' dir='ltr' id='par_1_1' title="bbox 440 232 574 314">
     <span class='ocr_line' id='line_1_1' title="bbox 440 232 574 314; baseline 0.015 -2"><span class='ocrx_word' id='word_1_1' title='bbox 440 232 574 314; x_wconf 70' lang='lat' dir='ltr'><strong>ius</strong></span> 
     </span>
    </p>
   </div>
   <div class='ocr_carea' id='block_1_2' title="bbox 1560 247 2520 312">
    <p class='ocr_par' dir='ltr' id='par_1_2' title="bbox 1560 247 2520 312">
     <span class='ocr_line' id='line_1_2' title="bbox 1560 247 2520 312; baseline 0.003 -3"><span class='ocrx_word' id='word_1_2' title='bbox 1560 247 1876 310; x_wconf 78' lang='lat' dir='ltr'><strong>GEORGII</strong></span> <span class='ocrx_word' id='word_1_3' title='bbox 1924 247 2392 312; x_wconf 71' lang='lat' dir='ltr'><strong>NICOMEDIEN</strong></span> <span class='ocrx_word' id='word_1_4' title='bbox 2403 251 2520 312; x_wconf 90' lang='lat' dir='ltr'><strong>SIS</strong></span> 
     </span>
    </p>
   </div>
   <div class='ocr_carea' id='block_1_3' title="bbox 3555 256 3694 326">
    <p class='ocr_par' dir='ltr' id='par_1_3' title="bbox 3555 256 3694 326">
     <span class='ocr_line' id='line_1_3' title="bbox 3555 256 3694 326; baseline 0.007 -4"><span class='ocrx_word' id='word_1_5' title='bbox 3555 256 3694 326; x_wconf 65' lang='grc'>1416</span> 
     </span>
    </p>
   </div>
   <div class='ocr_carea' id='block_1_4' title="bbox 436 352 2009 443">
    <p class='ocr_par' dir='ltr' id='par_1_4' title="bbox 436 355 2006 427">
     <span class='ocr_line' id='line_1_4' title="bbox 436 355 2006 427; baseline -0.004 -8"><span class='ocrx_word' id='word_1_6' title='bbox 436 360 656 419; x_wconf 88' lang='lat' dir='ltr'><strong>bietatis</strong></span> <span class='ocrx_word' id='word_1_7' title='bbox 695 357 929 416; x_wconf 87' lang='lat' dir='ltr'><strong>stimulis</strong></span> <span class='ocrx_word' id='word_1_8' title='bbox 962 357 1276 414; x_wconf 73' lang='lat' dir='ltr'><strong>vulneratus</strong></span> <span class='ocrx_word' id='word_1_9' title='bbox 1307 355 1444 412; x_wconf 70' lang='lat' dir='ltr'><strong>fuit?</strong></span> <span class='ocrx_word' id='word_1_10' title='bbox 1475 355 1531 412; x_wconf 87' lang='lat' dir='ltr'><strong>ld</strong></span> <span class='ocrx_word' id='word_1_11' title='bbox 1560 357 1717 427; x_wconf 84' lang='lat' dir='ltr'><strong>plane</strong></span> <span class='ocrx_word' id='word_1_12' title='bbox 1748 359 2006 414; x_wconf 89' lang='lat' dir='ltr'><strong>immuta-</strong></span> 
     </span>
    </p>
   </div>
   <div class='ocr_carea' id='block_1_5' title="bbox 2111 352 3705 443">
    <p class='ocr_par' dir='ltr' id='par_1_5' title="bbox 2111 352 3705 443">
     <span class='ocr_line' id='line_1_5' title="bbox 2111 352 3705 443; baseline 0.006 -29"><span class='ocrx_word' id='word_1_13' title='bbox 2111 359 2282 432; x_wconf 79' lang='grc' dir='ltr'>αὐτῆς</span> <span class='ocrx_word' id='word_1_14' title='bbox 2329 359 2632 415; x_wconf 75' lang='grc' dir='ltr'>ἐπαινέσειε</span> <span class='ocrx_word' id='word_1_15' title='bbox 2676 359 2969 432; x_wconf 78' lang='grc' dir='ltr'><strong>διάπυρον·</strong></span> <span class='ocrx_word' id='word_1_16' title='bbox 3011 363 3078 418; x_wconf 85' lang='grc' dir='ltr'>δι’</span> <span class='ocrx_word' id='word_1_17' title='bbox 3114 352 3181 436; x_wconf 71' lang='grc' dir='ltr'>ἧς</span> <span class='ocrx_word' id='word_1_18' title='bbox 3211 364 3322 420; x_wconf 88' lang='grc' dir='ltr'><strong>τῶν</strong></span> <span class='ocrx_word' id='word_1_19' title='bbox 3357 367 3705 443; x_wconf 56' lang='lat' dir='ltr'><strong>etmest</strong></span> 
     </span>
    </p>
   </div>
   <div class='ocr_carea' id='block_1_6' title="bbox 435 449 2010 519">
    <p class='ocr_par' dir='ltr' id='par_1_6' title="bbox 435 449 2010 519">
     <span class='ocr_line' id='line_1_6' title="bbox 435 449 2010 519; baseline -0.005 -7"><span class='ocrx_word' id='word_1_20' title='bbox 435 453 560 512; x_wconf 84' lang='lat' dir='ltr'><strong>bilis</strong></span> <span class='ocrx_word' id='word_1_21' title='bbox 589 451 714 508; x_wconf 87' lang='lat' dir='ltr'><strong>fidei</strong></span> <span class='ocrx_word' id='word_1_22' title='bbox 735 450 984 515; x_wconf 83' lang='lat' dir='ltr'><strong>.facinus,</strong></span> <span class='ocrx_word' id='word_1_23' title='bbox 1016 464 1112 519; x_wconf 87' lang='lat' dir='ltr'><strong>per</strong></span> <span class='ocrx_word' id='word_1_24' title='bbox 1141 463 1304 518; x_wconf 81' lang='lat' dir='ltr'><strong>quam</strong></span> <span class='ocrx_word' id='word_1_25' title='bbox 1338 449 1616 519; x_wconf 77' lang='lat' dir='ltr'><strong>propheta:</strong></span> <span class='ocrx_word' id='word_1_26' title='bbox 1647 464 1836 505; x_wconf 86' lang='lat' dir='ltr'><strong>omnes</strong></span> <span class='ocrx_word' id='word_1_27' title='bbox 1866 449 2010 504; x_wconf 86' lang='lat' dir='ltr'><strong>futu-</strong></span> 
     </span>
    </p>
   </div>
   <div class='ocr_carea' id='block_1_7' title="bbox 435 542 2009 613">
    <p class='ocr_par' dir='ltr' id='par_1_7' title="bbox 435 542 2009 613">
     <span class='ocr_line' id='line_1_7' title="bbox 435 542 2009 613; baseline 0 -14"><span class='ocrx_word' id='word_1_28' title='bbox 435 546 514 599; x_wconf 90' lang='lat' dir='ltr'><strong>ris</strong></span> <span class='ocrx_word' id='word_1_29' title='bbox 542 559 639 598; x_wconf 89' lang='lat' dir='ltr'><strong>ceu</strong></span> <span class='ocrx_word' id='word_1_30' title='bbox 682 543 1040 612; x_wconf 70' lang='lat' dir='ltr'><strong>przcsentibus</strong></span> <span class='ocrx_word' id='word_1_31' title='bbox 1073 542 1419 613; x_wconf 81' lang='lat' dir='ltr'><strong>crediderunt</strong></span> <span class='ocrx_word' id='word_1_32' title='bbox 1455 559 1468 596; x_wconf 91' lang='lat'><strong>:</strong></span> <span class='ocrx_word' id='word_1_33' title='bbox 1521 559 1686 612; x_wconf 89' lang='lat' dir='ltr'><strong>quam</strong></span> <span class='ocrx_word' id='word_1_34' title='bbox 1719 559 1844 599; x_wconf 86' lang='lat' dir='ltr'><strong>vere</strong></span> <span class='ocrx_word' id='word_1_35' title='bbox 1873 544 2009 600; x_wconf 76' lang='lat' dir='ltr'><strong>defl-</strong></span> 
     </span>
    </p>
   </div>
   <div class='ocr_carea' id='block_1_8' title="bbox 436 632 2009 704">
    <p class='ocr_par' dir='ltr' id='par_1_8' title="bbox 436 632 2009 704">
     <span class='ocr_line' id='line_1_8' title="bbox 436 632 2009 704; baseline -0.002 -11"><span class='ocrx_word' id='word_1_36' title='bbox 436 639 594 693; x_wconf 88' lang='lat' dir='ltr'><strong>niens</strong></span> <span class='ocrx_word' id='word_1_37' title='bbox 613 635 945 689; x_wconf 79' lang='lat' dir='ltr'><strong>admirabilis</strong></span> <span class='ocrx_word' id='word_1_38' title='bbox 968 633 1186 696; x_wconf 86' lang='lat' dir='ltr'><strong>Paulus,</strong></span> <span class='ocrx_word' id='word_1_39' title='bbox 1213 635 1287 688; x_wconf 93' lang='lat' dir='ltr'><strong>ait</strong></span> <span class='ocrx_word' id='word_1_40' title='bbox 1311 653 1324 688; x_wconf 88' lang='lat'><strong>:</strong></span> <span class='ocrx_word' id='word_1_41' title='bbox 1350 632 1514 689; x_wconf 76' lang='lat' dir='ltr'><strong>Fides</strong></span> <span class='ocrx_word' id='word_1_42' title='bbox 1535 646 1610 690; x_wconf 75' lang='lat' dir='ltr'><strong>est</strong></span> <span class='ocrx_word' id='word_1_43' title='bbox 1632 637 2009 704; x_wconf 80' lang='lat' dir='ltr'><strong>sperandorum</strong></span> 
     </span>
    </p>
   </div>
   <div class='ocr_carea' id='block_1_9' title="bbox 435 726 2006 794">
    <p class='ocr_par' dir='ltr' id='par_1_9' title="bbox 435 726 2006 794">
     <span class='ocr_line' id='line_1_9' title="bbox 435 726 2006 794; baseline 0.001 -13"><span class='ocrx_word' id='word_1_44' title='bbox 435 726 764 786; x_wconf 69' lang='lat' dir='ltr'><strong>substantia;</strong></span> <span class='ocrx_word' id='word_1_45' title='bbox 803 735 1170 793; x_wconf 73' lang='lat' dir='ltr'><strong>argumentum</strong></span> <span class='ocrx_word' id='word_1_46' title='bbox 1203 739 1375 777; x_wconf 83' lang='lat' dir='ltr'><strong>rerum</strong></span> <span class='ocrx_word' id='word_1_47' title='bbox 1404 741 1507 778; x_wconf 87' lang='lat' dir='ltr'><strong>non</strong></span> <span class='ocrx_word' id='word_1_48' title='bbox 1553 727 1914 794; x_wconf 81' lang='lat' dir='ltr'><strong>apparentium</strong></span> <span class='ocrx_word' id='word_1_49' title='bbox 1941 727 2006 782; x_wconf 83' lang='lat'><strong>&quot;.</strong></span> 
     </span>
    </p>
   </div>
   <div class='ocr_carea' id='block_1_10' title="bbox 437 811 2008 880">
    <p class='ocr_par' dir='ltr' id='par_1_10' title="bbox 437 811 2008 880">
     <span class='ocr_line' id='line_1_10' title="bbox 437 811 2008 880; baseline 0.001 -17"><span class='ocrx_word' id='word_1_50' title='bbox 437 814 571 880; x_wconf 86' lang='lat' dir='ltr'><strong>Quia</strong></span> <span class='ocrx_word' id='word_1_51' title='bbox 604 811 746 866; x_wconf 86' lang='lat' dir='ltr'><strong>enim</strong></span> <span class='ocrx_word' id='word_1_52' title='bbox 789 812 932 878; x_wconf 86' lang='lat' dir='ltr'><strong>quod</strong></span> <span class='ocrx_word' id='word_1_53' title='bbox 966 820 1238 879; x_wconf 73' lang='lat' dir='ltr'><strong>speratur,</strong></span> <span class='ocrx_word' id='word_1_54' title='bbox 1277 825 1465 865; x_wconf 91' lang='lat' dir='ltr'><strong>eorum</strong></span> <span class='ocrx_word' id='word_1_55' title='bbox 1508 811 1722 865; x_wconf 85' lang='lat' dir='ltr'><strong>videtur</strong></span> <span class='ocrx_word' id='word_1_56' title='bbox 1752 827 1870 879; x_wconf 76' lang='lat' dir='ltr'><strong>qua:</strong></span> <span class='ocrx_word' id='word_1_57' title='bbox 1903 825 2008 864; x_wconf 89' lang='lat' dir='ltr'><strong>non</strong></span> 
     </span>
    </p>
   </div>
   <div class='ocr_carea' id='block_1_11' title="bbox 435 900 2009 968">
    <p class='ocr_par' dir='ltr' id='par_1_11' title="bbox 435 900 2009 968">
     <span class='ocr_line' id='line_1_11' title="bbox 435 900 2009 968; baseline -0.002 -11"><span class='ocrx_word' id='word_1_58' title='bbox 435 903 726 961; x_wconf 81' lang='lat' dir='ltr'><strong>exsistunt,</strong></span> <span class='ocrx_word' id='word_1_59' title='bbox 752 915 855 953; x_wconf 90' lang='lat' dir='ltr'><strong>non</strong></span> <span class='ocrx_word' id='word_1_60' title='bbox 885 900 1186 952; x_wconf 80' lang='lat' dir='ltr'><strong>subsistens</strong></span> <span class='ocrx_word' id='word_1_61' title='bbox 1211 914 1307 968; x_wconf 88' lang='lat' dir='ltr'><strong>per</strong></span> <span class='ocrx_word' id='word_1_62' title='bbox 1339 914 1418 964; x_wconf 88' lang='lat' dir='ltr'><strong>se,</strong></span> <span class='ocrx_word' id='word_1_63' title='bbox 1453 911 1611 954; x_wconf 90' lang='lat' dir='ltr'><strong>autve</strong></span> <span class='ocrx_word' id='word_1_64' title='bbox 1644 909 1885 967; x_wconf 88' lang='lat' dir='ltr'><strong>tempore</strong></span> <span class='ocrx_word' id='word_1_65' title='bbox 1914 915 2009 954; x_wconf 90' lang='lat' dir='ltr'><strong>ne-</strong></span> 
     </span>
    </p>
   </div>
   <div class='ocr_carea' id='block_1_12' title="bbox 437 991 2009 1062">
    <p class='ocr_par' dir='ltr' id='par_1_12' title="bbox 437 991 2009 1062">
     <span class='ocr_line' id='line_1_12' title="bbox 437 991 2009 1062; baseline -0.003 -13"><span class='ocrx_word' id='word_1_66' title='bbox 437 994 708 1049; x_wconf 87' lang='lat' dir='ltr'><strong>cessitatis</strong></span> <span class='ocrx_word' id='word_1_67' title='bbox 755 1006 1020 1062; x_wconf 82' lang='lat' dir='ltr'><strong>apparens</strong></span> <span class='ocrx_word' id='word_1_68' title='bbox 1047 1029 1064 1055; x_wconf 84' lang='lat'><strong>,</strong></span> <span class='ocrx_word' id='word_1_69' title='bbox 1101 992 1435 1062; x_wconf 88' lang='lat' dir='ltr'><strong>dubiumque</strong></span> <span class='ocrx_word' id='word_1_70' title='bbox 1481 1003 1730 1047; x_wconf 81' lang='lat' dir='ltr'><strong>eventum</strong></span> <span class='ocrx_word' id='word_1_71' title='bbox 1761 991 2009 1046; x_wconf 87' lang='lat' dir='ltr'><strong>obscuri-</strong></span> 
     </span>
    </p>
   </div>
   <div class='ocr_carea' id='block_1_13' title="bbox 438 1082 2012 1154">
    <p class='ocr_par' dir='ltr' id='par_1_13' title="bbox 438 1082 2012 1154">
     <span class='ocr_line' id='line_1_13' title="bbox 438 1082 2012 1154; baseline -0.001 -15"><span class='ocrx_word' id='word_1_72' title='bbox 438 1093 546 1140; x_wconf 89' lang='lat' dir='ltr'><strong>tate</strong></span> <span class='ocrx_word' id='word_1_73' title='bbox 581 1085 782 1149; x_wconf 86' lang='lat' dir='ltr'><strong>ferens,</strong></span> <span class='ocrx_word' id='word_1_74' title='bbox 815 1098 876 1138; x_wconf 88' lang='lat' dir='ltr'><strong>ac</strong></span> <span class='ocrx_word' id='word_1_75' title='bbox 907 1083 1079 1152; x_wconf 79' lang='lat' dir='ltr'><strong>ntagis</strong></span> <span class='ocrx_word' id='word_1_76' title='bbox 1101 1083 1167 1137; x_wconf 90' lang='lat' dir='ltr'><strong>ad</strong></span> <span class='ocrx_word' id='word_1_77' title='bbox 1189 1084 1480 1138; x_wconf 81' lang='lat' dir='ltr'><strong>obscurum</strong></span> <span class='ocrx_word' id='word_1_78' title='bbox 1513 1098 1772 1154; x_wconf 86' lang='lat' dir='ltr'><strong>vergens;</strong></span> <span class='ocrx_word' id='word_1_79' title='bbox 1809 1082 2012 1137; x_wconf 81' lang='lat' dir='ltr'><strong>idcirco</strong></span> 
     </span>
    </p>
   </div>
   <div class='ocr_carea' id='block_1_14' title="bbox 437 1175 2012 1232">
    <p class='ocr_par' dir='ltr' id='par_1_14' title="bbox 437 1175 2012 1232">
     <span class='ocr_line' id='line_1_14' title="bbox 437 1175 2012 1232; baseline -0.002 0"><span class='ocrx_word' id='word_1_80' title='bbox 437 1178 674 1232; x_wconf 81' lang='lat' dir='ltr'><strong>ostendit</strong></span> <span class='ocrx_word' id='word_1_81' title='bbox 727 1175 942 1232; x_wconf 77' lang='lat' dir='ltr'><strong>ﬁrmam</strong></span> <span class='ocrx_word' id='word_1_82' title='bbox 1001 1191 1067 1232; x_wconf 87' lang='lat' dir='ltr'><strong>ac</strong></span> <span class='ocrx_word' id='word_1_83' title='bbox 1135 1176 1530 1231; x_wconf 86' lang='lat' dir='ltr'><strong>immutabilem</strong></span> <span class='ocrx_word' id='word_1_84' title='bbox 1580 1176 1741 1230; x_wconf 80' lang='lat' dir='ltr'><strong>(idem</strong></span> <span class='ocrx_word' id='word_1_85' title='bbox 1812 1175 2012 1230; x_wconf 82' lang='lat' dir='ltr'><strong>habere</strong></span> 
     </span>
    </p>
   </div>
   <div class='ocr_carea' id='block_1_15' title="bbox 436 1266 2010 1336">
    <p class='ocr_par' dir='ltr' id='par_1_15' title="bbox 436 1266 2010 1336">
     <span class='ocr_line' id='line_1_15' title="bbox 436 1266 2010 1336; baseline -0.004 -12"><span class='ocrx_word' id='word_1_86' title='bbox 436 1271 759 1324; x_wconf 84' lang='lat' dir='ltr'><strong>substantiae</strong></span> <span class='ocrx_word' id='word_1_87' title='bbox 804 1269 1106 1332; x_wconf 88' lang='lat' dir='ltr'><strong>rationem,</strong></span> <span class='ocrx_word' id='word_1_88' title='bbox 1153 1279 1210 1322; x_wconf 83' lang='lat' dir='ltr'><strong>ut</strong></span> <span class='ocrx_word' id='word_1_89' title='bbox 1242 1284 1420 1322; x_wconf 88' lang='lat' dir='ltr'><strong>rerum</strong></span> <span class='ocrx_word' id='word_1_90' title='bbox 1468 1269 1520 1321; x_wconf 93' lang='lat' dir='ltr'><strong>in</strong></span> <span class='ocrx_word' id='word_1_91' title='bbox 1572 1281 1668 1336; x_wconf 87' lang='lat' dir='ltr'><strong>spe</strong></span> <span class='ocrx_word' id='word_1_92' title='bbox 1711 1266 2010 1336; x_wconf 90' lang='lat' dir='ltr'><strong>positarum</strong></span> 
     </span>
    </p>
   </div>
   <div class='ocr_carea' id='block_1_16' title="bbox 437 1357 2012 1428">
    <p class='ocr_par' dir='ltr' id='par_1_16' title="bbox 437 1357 2012 1428">
     <span class='ocr_line' id='line_1_16' title="bbox 437 1357 2012 1428; baseline -0.004 -11"><span class='ocrx_word' id='word_1_93' title='bbox 437 1362 810 1417; x_wconf 80' lang='lat' dir='ltr'><strong>exsistentiam</strong></span> <span class='ocrx_word' id='word_1_94' title='bbox 837 1361 1140 1416; x_wconf 82' lang='lat' dir='ltr'><strong>subsistere</strong></span> <span class='ocrx_word' id='word_1_95' title='bbox 1171 1359 1356 1424; x_wconf 80' lang='lat' dir='ltr'><strong>faciat.</strong></span> <span class='ocrx_word' id='word_1_96' title='bbox 1389 1373 1554 1428; x_wconf 83' lang='lat' dir='ltr'><strong>seque</strong></span> <span class='ocrx_word' id='word_1_97' title='bbox 1579 1359 1748 1427; x_wconf 87' lang='lat' dir='ltr'><strong>ipsam</strong></span> <span class='ocrx_word' id='word_1_98' title='bbox 1775 1357 2012 1426; x_wconf 87' lang='lat' dir='ltr'><strong>practice</strong></span> 
     </span>
    </p>
   </div>
   <div class='ocr_carea' id='block_1_17' title="bbox 437 1450 2012 1521">
    <p class='ocr_par' dir='ltr' id='par_1_17' title="bbox 437 1450 2012 1521">
     <span class='ocr_line' id='line_1_17' title="bbox 437 1450 2012 1521; baseline -0.004 -13"><span class='ocrx_word' id='word_1_99' title='bbox 437 1454 784 1521; x_wconf 83' lang='lat' dir='ltr'><strong>sperantibus</strong></span> <span class='ocrx_word' id='word_1_100' title='bbox 811 1453 1032 1506; x_wconf 87' lang='lat' dir='ltr'><strong>inserat.</strong></span> <span class='ocrx_word' id='word_1_101' title='bbox 1067 1453 1447 1521; x_wconf 82' lang='lat' dir='ltr'><strong>Argumentum</strong></span> <span class='ocrx_word' id='word_1_102' title='bbox 1472 1463 1676 1518; x_wconf 86' lang='lat' dir='ltr'><strong>autem,</strong></span> <span class='ocrx_word' id='word_1_103' title='bbox 1703 1450 2012 1518; x_wconf 79' lang='lat' dir='ltr'><strong>ait“,rerum</strong></span> 
     </span>
    </p>
   </div>
   <div class='ocr_carea' id='block_1_18' title="bbox 438 1542 2010 1612">
    <p class='ocr_par' dir='ltr' id='par_1_18' title="bbox 438 1542 2010 1612">
     <span class='ocr_line' id='line_1_18' title="bbox 438 1542 2010 1612; baseline -0.003 -15"><span class='ocrx_word' id='word_1_104' title='bbox 438 1561 542 1598; x_wconf 83' lang='lat' dir='ltr'><strong>non</strong></span> <span class='ocrx_word' id='word_1_105' title='bbox 565 1543 963 1612; x_wconf 78' lang='lat' dir='ltr'><strong>apparentium;</strong></span> <span class='ocrx_word' id='word_1_106' title='bbox 995 1544 1136 1611; x_wconf 88' lang='lat' dir='ltr'><strong>quod</strong></span> <span class='ocrx_word' id='word_1_107' title='bbox 1169 1558 1284 1596; x_wconf 87' lang='lat' dir='ltr'><strong>rem</strong></span> <span class='ocrx_word' id='word_1_108' title='bbox 1323 1543 1448 1595; x_wconf 89' lang='lat' dir='ltr'><strong>olim</strong></span> <span class='ocrx_word' id='word_1_109' title='bbox 1477 1542 1579 1594; x_wconf 91' lang='lat' dir='ltr'><strong>tide</strong></span> <span class='ocrx_word' id='word_1_110' title='bbox 1607 1549 1971 1608; x_wconf 79' lang='lat' dir='ltr'><strong>exspectatam</strong></span> <span class='ocrx_word' id='word_1_111' title='bbox 1991 1578 2010 1605; x_wconf 88' lang='lat'><strong>,</strong></span> 
     </span>
    </p>
   </div>
   <div class='ocr_carea' id='block_1_19' title="bbox 437 1630 2012 1703">
    <p class='ocr_par' dir='ltr' id='par_1_19' title="bbox 437 1630 2012 1703">
     <span class='ocr_line' id='line_1_19' title="bbox 437 1630 2012 1703; baseline -0.003 -15"><span class='ocrx_word' id='word_1_112' title='bbox 437 1649 804 1703; x_wconf 83' lang='lat' dir='ltr'><strong>processuque</strong></span> <span class='ocrx_word' id='word_1_113' title='bbox 838 1633 1094 1701; x_wconf 88' lang='lat' dir='ltr'><strong>temporis</strong></span> <span class='ocrx_word' id='word_1_114' title='bbox 1135 1633 1186 1686; x_wconf 89' lang='lat' dir='ltr'><strong>in</strong></span> <span class='ocrx_word' id='word_1_115' title='bbox 1235 1647 1371 1701; x_wconf 86' lang='lat' dir='ltr'><strong>opus</strong></span> <span class='ocrx_word' id='word_1_116' title='bbox 1412 1633 1734 1694; x_wconf 89' lang='lat' dir='ltr'><strong>deductam,</strong></span> <span class='ocrx_word' id='word_1_117' title='bbox 1775 1645 1840 1683; x_wconf 90' lang='lat' dir='ltr'><strong>ac</strong></span> <span class='ocrx_word' id='word_1_118' title='bbox 1866 1630 2012 1684; x_wconf 86' lang='lat' dir='ltr'><strong>velut</strong></span> 
     </span>
    </p>
   </div>
   <div class='ocr_carea' id='block_1_20' title="bbox 2109 447 3706 532">
    <p class='ocr_par' dir='ltr' id='par_1_20' title="bbox 2109 447 3706 532">
     <span class='ocr_line' id='line_1_20' title="bbox 2109 447 3706 532; baseline 0.004 -25"><span class='ocrx_word' id='word_1_119' title='bbox 2109 454 2170 507; x_wconf 80' lang='grc' dir='ltr'><strong>ού</strong></span> <span class='ocrx_word' id='word_1_120' title='bbox 2206 453 2497 525; x_wconf 75' lang='grc' dir='ltr'><strong>διήμαρτε·</strong></span> <span class='ocrx_word' id='word_1_121' title='bbox 2547 453 2616 506; x_wconf 87' lang='grc' dir='ltr'>δι’</span> <span class='ocrx_word' id='word_1_122' title='bbox 2649 447 2717 528; x_wconf 83' lang='grc' dir='ltr'>ἧς</span> <span class='ocrx_word' id='word_1_123' title='bbox 2759 457 2873 519; x_wconf 87' lang='grc' dir='ltr'>τοῖς</span> <span class='ocrx_word' id='word_1_124' title='bbox 2919 455 3022 527; x_wconf 74' lang='grc' dir='ltr'>τῆς</span> <span class='ocrx_word' id='word_1_125' title='bbox 3066 457 3405 528; x_wconf 77' lang='grc' dir='ltr'>ἀμφιϐολίας</span> <span class='ocrx_word' id='word_1_126' title='bbox 3447 461 3706 532; x_wconf 77' lang='grc' dir='ltr'><strong>κέντροις</strong></span> 
     </span>
    </p>
   </div>
   <div class='ocr_carea' id='block_1_21' title="bbox 2110 545 3703 624">
    <p class='ocr_par' dir='ltr' id='par_1_21' title="bbox 2110 545 3703 624">
     <span class='ocr_line' id='line_1_21' title="bbox 2110 545 3703 624; baseline 0.005 -25"><span class='ocrx_word' id='word_1_127' title='bbox 2110 546 2208 615; x_wconf 81' lang='grc' dir='ltr'>τὴν</span> <span class='ocrx_word' id='word_1_128' title='bbox 2253 546 2493 599; x_wconf 82' lang='grc' dir='ltr'>διάνοιαν</span> <span class='ocrx_word' id='word_1_129' title='bbox 2519 546 2620 600; x_wconf 85' lang='grc' dir='ltr'><strong>ούκ</strong></span> <span class='ocrx_word' id='word_1_130' title='bbox 2661 545 2910 620; x_wconf 77' lang='grc' dir='ltr'>ὲτρώθης</span> <span class='ocrx_word' id='word_1_131' title='bbox 2946 551 3157 614; x_wconf 69' lang='grc' dir='ltr'>Ὄντως</span> <span class='ocrx_word' id='word_1_132' title='bbox 3185 551 3573 624; x_wconf 64' lang='grc' dir='ltr'>ἀμταόλὴτου</span> <span class='ocrx_word' id='word_1_133' title='bbox 3605 554 3703 607; x_wconf 62' lang='grc' dir='ltr'><strong>πίε</strong></span> 
     </span>
    </p>
   </div>
   <div class='ocr_carea' id='block_1_22' title="bbox 2113 632 3702 712">
    <p class='ocr_par' dir='ltr' id='par_1_22' title="bbox 2113 632 3702 712">
     <span class='ocr_line' id='line_1_22' title="bbox 2113 632 3702 712; baseline 0.005 -23"><span class='ocrx_word' id='word_1_134' title='bbox 2113 651 2284 700; x_wconf 87' lang='grc' dir='ltr'>στεως</span> <span class='ocrx_word' id='word_1_135' title='bbox 2334 632 2402 708; x_wconf 77' lang='grc' dir='ltr'>ἦν</span> <span class='ocrx_word' id='word_1_136' title='bbox 2431 637 2496 690; x_wconf 78' lang='grc' dir='ltr'>τὸ</span> <span class='ocrx_word' id='word_1_137' title='bbox 2530 638 2994 710; x_wconf 77' lang='grc' dir='ltr'><strong>κατορθούμενον,</strong></span> <span class='ocrx_word' id='word_1_138' title='bbox 3029 641 3096 693; x_wconf 78' lang='grc' dir='ltr'>δι’</span> <span class='ocrx_word' id='word_1_139' title='bbox 3135 636 3204 712; x_wconf 81' lang='grc' dir='ltr'>ἦς</span> <span class='ocrx_word' id='word_1_140' title='bbox 3235 643 3524 712; x_wconf 75' lang='grc' dir='ltr'><strong>προφῆται</strong></span> <span class='ocrx_word' id='word_1_141' title='bbox 3558 645 3702 697; x_wconf 77' lang='grc' dir='ltr'>πάν-</span> 
     </span>
    </p>
   </div>
   <div class='ocr_carea' id='block_1_23' title="bbox 2110 727 3705 804">
    <p class='ocr_par' dir='ltr' id='par_1_23' title="bbox 2110 727 3705 804">
     <span class='ocr_line' id='line_1_23' title="bbox 2110 727 3705 804; baseline 0.006 -26"><span class='ocrx_word' id='word_1_142' title='bbox 2110 743 2202 790; x_wconf 85' lang='grc' dir='ltr'><strong>τες</strong></span> <span class='ocrx_word' id='word_1_143' title='bbox 2249 729 2362 791; x_wconf 87' lang='grc' dir='ltr'>τοῖς</span> <span class='ocrx_word' id='word_1_144' title='bbox 2413 727 2698 798; x_wconf 74' lang='grc' dir='ltr'><strong>μέλλουσιν</strong></span> <span class='ocrx_word' id='word_1_145' title='bbox 2743 729 2820 794; x_wconf 85' lang='grc' dir='ltr'>ὼς</span> <span class='ocrx_word' id='word_1_146' title='bbox 2871 731 3164 786; x_wconf 80' lang='grc' dir='ltr'>ὲνεστῶσιν</span> <span class='ocrx_word' id='word_1_147' title='bbox 3216 731 3584 802; x_wconf 74' lang='grc' dir='ltr'>ἐπείσθησαν·</span> <span class='ocrx_word' id='word_1_148' title='bbox 3637 736 3705 804; x_wconf 67' lang='grc' dir='ltr'>ἡν</span> 
     </span>
    </p>
   </div>
   <div class='ocr_carea' id='block_1_24' title="bbox 2112 817 3706 893">
    <p class='ocr_par' dir='ltr' id='par_1_24' title="bbox 2112 817 3706 893">
     <span class='ocr_line' id='line_1_24' title="bbox 2112 817 3706 893; baseline 0.005 -22"><span class='ocrx_word' id='word_1_149' title='bbox 2112 817 2358 887; x_wconf 77' lang='grc' dir='ltr'>ἀψευδῶς</span> <span class='ocrx_word' id='word_1_150' title='bbox 2374 821 2401 872; x_wconf 88' lang='grc' dir='ltr'><strong>ό</strong></span> <span class='ocrx_word' id='word_1_151' title='bbox 2427 818 2714 884; x_wconf 80' lang='grc' dir='ltr'><strong>θεσπέσιος</strong></span> <span class='ocrx_word' id='word_1_152' title='bbox 2741 821 2951 884; x_wconf 79' lang='grc' dir='ltr'><strong>Παῦλος</strong></span> <span class='ocrx_word' id='word_1_153' title='bbox 2965 823 3282 892; x_wconf 77' lang='grc' dir='ltr'><strong>ὁριζόμενος</strong></span> <span class='ocrx_word' id='word_1_154' title='bbox 3297 840 3459 893; x_wconf 80' lang='grc' dir='ltr'>φησι·</span> <span class='ocrx_word' id='word_1_155' title='bbox 3486 827 3706 892; x_wconf 78' lang='grc' dir='ltr'>Πίστις</span> 
     </span>
    </p>
   </div>
   <div class='ocr_carea' id='block_1_25' title="bbox 2110 909 3702 988">
    <p class='ocr_par' dir='ltr' id='par_1_25' title="bbox 2110 909 3702 988">
     <span class='ocr_line' id='line_1_25' title="bbox 2110 909 3702 988; baseline 0.007 -25"><span class='ocrx_word' id='word_1_156' title='bbox 2110 909 2285 964; x_wconf 75' lang='grc' dir='ltr'>ἐστὶν</span> <span class='ocrx_word' id='word_1_157' title='bbox 2313 909 2715 981; x_wconf 75' lang='grc' dir='ltr'><strong>ἐλπιζομένων</strong></span> <span class='ocrx_word' id='word_1_158' title='bbox 2742 917 3107 980; x_wconf 81' lang='grc' dir='ltr'><strong>ὑπόστασις,</strong></span> <span class='ocrx_word' id='word_1_159' title='bbox 3128 917 3500 986; x_wconf 72' lang='grc' dir='ltr'><strong>πραγμάτων</strong></span> <span class='ocrx_word' id='word_1_160' title='bbox 3529 920 3702 988; x_wconf 50' lang='grc' dir='ltr'>ἐλᾶτε</span> 
     </span>
    </p>
   </div>
   <div class='ocr_carea' id='block_1_26' title="bbox 2111 1001 3705 1077">
    <p class='ocr_par' dir='ltr' id='par_1_26' title="bbox 2111 1001 3705 1077">
     <span class='ocr_line' id='line_1_26' title="bbox 2111 1001 3705 1077; baseline 0.005 -23"><span class='ocrx_word' id='word_1_161' title='bbox 2111 1017 2221 1070; x_wconf 85' lang='grc' dir='ltr'><strong>χος</strong></span> <span class='ocrx_word' id='word_1_162' title='bbox 2250 1002 2322 1055; x_wconf 86' lang='grc' dir='ltr'><strong>οὐ</strong></span> <span class='ocrx_word' id='word_1_163' title='bbox 2359 1001 2778 1072; x_wconf 76' lang='grc' dir='ltr'><strong>βλεπομένων.</strong></span> <span class='ocrx_word' id='word_1_164' title='bbox 2821 1005 3042 1076; x_wconf 82' lang='grc' dir='ltr'><strong>Ἐπειδὴ</strong></span> <span class='ocrx_word' id='word_1_165' title='bbox 3078 1007 3188 1077; x_wconf 83' lang='grc' dir='ltr'><strong>γὰρ</strong></span> <span class='ocrx_word' id='word_1_166' title='bbox 3233 1008 3295 1059; x_wconf 84' lang='grc' dir='ltr'>τὸ</span> <span class='ocrx_word' id='word_1_167' title='bbox 3317 1008 3705 1077; x_wconf 77' lang='grc' dir='ltr'><strong>ἐλπιζόμενον,</strong></span> 
     </span>
    </p>
   </div>
   <div class='ocr_carea' id='block_1_27' title="bbox 2111 1091 3703 1166">
    <p class='ocr_par' dir='ltr' id='par_1_27' title="bbox 2111 1091 3703 1166">
     <span class='ocr_line' id='line_1_27' title="bbox 2111 1091 3703 1166; baseline 0.007 -24"><span class='ocrx_word' id='word_1_168' title='bbox 2111 1091 2220 1143; x_wconf 88' lang='grc' dir='ltr'><strong>τῶν</strong></span> <span class='ocrx_word' id='word_1_169' title='bbox 2250 1091 2617 1163; x_wconf 83' lang='grc' dir='ltr'><strong>ἀνυπάρκτων</strong></span> <span class='ocrx_word' id='word_1_170' title='bbox 2657 1091 2800 1147; x_wconf 79' lang='grc' dir='ltr'>εἶναι</span> <span class='ocrx_word' id='word_1_171' title='bbox 2828 1094 2997 1162; x_wconf 86' lang='grc' dir='ltr'>δοκεῖ,</span> <span class='ocrx_word' id='word_1_172' title='bbox 3025 1095 3101 1166; x_wconf 80' lang='grc' dir='ltr'>μὴ</span> <span class='ocrx_word' id='word_1_173' title='bbox 3133 1098 3368 1166; x_wconf 80' lang='grc' dir='ltr'>ὑφεστδς</span> <span class='ocrx_word' id='word_1_174' title='bbox 3386 1099 3514 1152; x_wconf 81' lang='grc' dir='ltr'>καθ’</span> <span class='ocrx_word' id='word_1_175' title='bbox 3549 1101 3703 1163; x_wconf 74' lang='grc' dir='ltr'>αὐτὸ,</span> 
     </span>
    </p>
   </div>
   <div class='ocr_carea' id='block_1_28' title="bbox 2115 1179 3705 1264">
    <p class='ocr_par' dir='ltr' id='par_1_28' title="bbox 2115 1179 3705 1264">
     <span class='ocr_line' id='line_1_28' title="bbox 2115 1179 3705 1264; baseline 0.008 -32"><span class='ocrx_word' id='word_1_176' title='bbox 2115 1179 2250 1250; x_wconf 83' lang='grc' dir='ltr'>μηδὲ</span> <span class='ocrx_word' id='word_1_177' title='bbox 2281 1179 2358 1251; x_wconf 83' lang='grc' dir='ltr'>τῷ</span> <span class='ocrx_word' id='word_1_178' title='bbox 2389 1182 2569 1252; x_wconf 80' lang='grc' dir='ltr'>χρόνῳ</span> <span class='ocrx_word' id='word_1_179' title='bbox 2609 1183 2710 1252; x_wconf 81' lang='grc' dir='ltr'>τῆς</span> <span class='ocrx_word' id='word_1_180' title='bbox 2749 1183 2938 1254; x_wconf 82' lang='grc' dir='ltr'>χρείας</span> <span class='ocrx_word' id='word_1_181' title='bbox 2983 1185 3351 1257; x_wconf 81' lang='grc' dir='ltr'><strong>βλεπόμενον·</strong></span> <span class='ocrx_word' id='word_1_182' title='bbox 3394 1189 3705 1264; x_wconf 69' lang='grc' dir='ltr'>ἀμφίϐολόν</span> 
     </span>
    </p>
   </div>
   <div class='ocr_carea' id='block_1_29' title="bbox 2111 1270 3703 1352">
    <p class='ocr_par' dir='ltr' id='par_1_29' title="bbox 2111 1270 3703 1352">
     <span class='ocr_line' id='line_1_29' title="bbox 2111 1270 3703 1352; baseline 0.006 -30"><span class='ocrx_word' id='word_1_183' title='bbox 2111 1287 2172 1323; x_wconf 88' lang='grc' dir='ltr'><strong>τε</strong></span> <span class='ocrx_word' id='word_1_184' title='bbox 2195 1270 2272 1342; x_wconf 80' lang='grc' dir='ltr'><strong>τῷ</strong></span> <span class='ocrx_word' id='word_1_185' title='bbox 2305 1273 2505 1341; x_wconf 75' lang='grc' dir='ltr'>ἀφανεῖ</span> <span class='ocrx_word' id='word_1_186' title='bbox 2545 1274 2644 1344; x_wconf 77' lang='grc' dir='ltr'>τὴν</span> <span class='ocrx_word' id='word_1_187' title='bbox 2687 1273 2916 1328; x_wconf 75' lang='grc' dir='ltr'>ἔκϐασιν</span> <span class='ocrx_word' id='word_1_188' title='bbox 2951 1277 3150 1348; x_wconf 78' lang='grc' dir='ltr'>φέρον,</span> <span class='ocrx_word' id='word_1_189' title='bbox 3200 1279 3297 1332; x_wconf 74' lang='grc' dir='ltr'>καὶ</span> <span class='ocrx_word' id='word_1_190' title='bbox 3329 1279 3476 1350; x_wconf 76' lang='grc' dir='ltr'>πρὸς</span> <span class='ocrx_word' id='word_1_191' title='bbox 3506 1281 3703 1352; x_wconf 69' lang='grc' dir='ltr'>ἄδηλον</span> 
     </span>
    </p>
   </div>
   <div class='ocr_carea' id='block_1_30' title="bbox 2115 1362 3704 1440">
    <p class='ocr_par' dir='ltr' id='par_1_30' title="bbox 2115 1362 3704 1440">
     <span class='ocr_line' id='line_1_30' title="bbox 2115 1362 3704 1440; baseline 0.007 -24"><span class='ocrx_word' id='word_1_192' title='bbox 2115 1362 2318 1432; x_wconf 82' lang='grc' dir='ltr'>μᾶλλον</span> <span class='ocrx_word' id='word_1_193' title='bbox 2347 1365 2444 1433; x_wconf 81' lang='grc' dir='ltr'>τὴν</span> <span class='ocrx_word' id='word_1_194' title='bbox 2475 1365 2650 1436; x_wconf 79' lang='grc' dir='ltr'>ῥοπὴν</span> <span class='ocrx_word' id='word_1_195' title='bbox 2673 1364 2816 1435; x_wconf 72' lang='grc' dir='ltr'>ἔχον,</span> <span class='ocrx_word' id='word_1_196' title='bbox 2842 1366 3015 1438; x_wconf 81' lang='grc' dir='ltr'>ταύτῃ</span> <span class='ocrx_word' id='word_1_197' title='bbox 3041 1368 3314 1423; x_wconf 83' lang='grc' dir='ltr'>δείκνυσιν</span> <span class='ocrx_word' id='word_1_198' title='bbox 3339 1371 3704 1440; x_wconf 75' lang='grc' dir='ltr'>ὑποστάσεως</span> 
     </span>
    </p>
   </div>
   <div class='ocr_carea' id='block_1_31' title="bbox 2112 1453 3699 1533">
    <p class='ocr_par' dir='ltr' id='par_1_31' title="bbox 2112 1453 3699 1533">
     <span class='ocr_line' id='line_1_31' title="bbox 2112 1453 3699 1533; baseline 0.008 -27"><span class='ocrx_word' id='word_1_199' title='bbox 2112 1453 2272 1520; x_wconf 87' lang='grc' dir='ltr'>λόγον</span> <span class='ocrx_word' id='word_1_200' title='bbox 2303 1455 2840 1533; x_wconf 32' lang='grc' dir='ltr'>τὴνὶάμεσιάπτωτον</span> <span class='ocrx_word' id='word_1_201' title='bbox 2882 1461 3068 1514; x_wconf 88' lang='grc' dir='ltr'>πίστιν</span> <span class='ocrx_word' id='word_1_202' title='bbox 3103 1461 3360 1533; x_wconf 75' lang='grc' dir='ltr'>ἐπέχειν,</span> <span class='ocrx_word' id='word_1_203' title='bbox 3400 1465 3699 1520; x_wconf 74' lang='grc' dir='ltr'>ούσιοῦσάν</span> 
     </span>
    </p>
   </div>
   <div class='ocr_carea' id='block_1_32' title="bbox 2111 1546 3693 1624">
    <p class='ocr_par' dir='ltr' id='par_1_32' title="bbox 2111 1546 3693 1624">
     <span class='ocr_line' id='line_1_32' title="bbox 2111 1546 3693 1624; baseline 0.007 -26"><span class='ocrx_word' id='word_1_204' title='bbox 2111 1563 2172 1598; x_wconf 91' lang='grc' dir='ltr'><strong>τε</strong></span> <span class='ocrx_word' id='word_1_205' title='bbox 2199 1546 2310 1599; x_wconf 88' lang='grc' dir='ltr'><strong>τῶν</strong></span> <span class='ocrx_word' id='word_1_206' title='bbox 2336 1547 2710 1620; x_wconf 72' lang='grc' dir='ltr'><strong>ἐλπιζομένων</strong></span> <span class='ocrx_word' id='word_1_207' title='bbox 2738 1551 2836 1621; x_wconf 75' lang='grc' dir='ltr'>τὴν</span> <span class='ocrx_word' id='word_1_208' title='bbox 2867 1551 3122 1620; x_wconf 74' lang='grc' dir='ltr'>ὓπαρξιν,</span> <span class='ocrx_word' id='word_1_209' title='bbox 3155 1554 3252 1606; x_wconf 85' lang='grc' dir='ltr'>καὶ</span> <span class='ocrx_word' id='word_1_210' title='bbox 3285 1554 3494 1624; x_wconf 77' lang='grc' dir='ltr'>ἑαυτὴν</span> <span class='ocrx_word' id='word_1_211' title='bbox 3521 1555 3693 1608; x_wconf 71' lang='grc' dir='ltr'>ἐνθεῖ-</span> 
     </span>
    </p>
   </div>
   <div class='ocr_carea' id='block_1_33' title="bbox 2117 1639 3695 1714">
    <p class='ocr_par' dir='ltr' id='par_1_33' title="bbox 2117 1639 3695 1714">
     <span class='ocr_line' id='line_1_33' title="bbox 2117 1639 3695 1714; baseline 0.005 -24"><span class='ocrx_word' id='word_1_212' title='bbox 2117 1654 2216 1691; x_wconf 88' lang='grc' dir='ltr'><strong>σαν</strong></span> <span class='ocrx_word' id='word_1_213' title='bbox 2253 1639 2576 1710; x_wconf 80' lang='grc' dir='ltr'>πρακτικῶς</span> <span class='ocrx_word' id='word_1_214' title='bbox 2603 1645 2718 1705; x_wconf 86' lang='grc' dir='ltr'>τοῖς</span> <span class='ocrx_word' id='word_1_215' title='bbox 2745 1642 3046 1707; x_wconf 75' lang='grc' dir='ltr'>ἐλπίζουσι.</span> <span class='ocrx_word' id='word_1_216' title='bbox 3077 1643 3149 1696; x_wconf 76' lang='grc' dir='ltr'><strong>Τὸ</strong></span> <span class='ocrx_word' id='word_1_217' title='bbox 3176 1645 3234 1696; x_wconf 81' lang='grc' dir='ltr'>δὲ</span> <span class='ocrx_word' id='word_1_218' title='bbox 3257 1684 3274 1710; x_wconf 93' lang='grc'><strong>,</strong></span> <span class='ocrx_word' id='word_1_219' title='bbox 3324 1645 3695 1714; x_wconf 76' lang='grc' dir='ltr'>Πραγμὰτων</span> 
     </span>
    </p>
   </div>
   <div class='ocr_carea' id='block_1_34' title="bbox 438 1721 2009 1806">
    <p class='ocr_par' dir='ltr' id='par_1_34' title="bbox 438 1724 2008 1796">
     <span class='ocr_line' id='line_1_34' title="bbox 438 1724 2008 1796; baseline -0.004 -16"><span class='ocrx_word' id='word_1_220' title='bbox 438 1734 816 1796; x_wconf 75' lang='lat' dir='ltr'><strong>argumentum</strong></span> <span class='ocrx_word' id='word_1_221' title='bbox 851 1740 915 1777; x_wconf 91' lang='lat' dir='ltr'><strong>ac</strong></span> <span class='ocrx_word' id='word_1_222' title='bbox 942 1724 1287 1786; x_wconf 84' lang='lat' dir='ltr'><strong>evictionem,</strong></span> <span class='ocrx_word' id='word_1_223' title='bbox 1321 1737 1508 1776; x_wconf 90' lang='lat' dir='ltr'><strong>verum</strong></span> <span class='ocrx_word' id='word_1_224' title='bbox 1546 1736 1724 1774; x_wconf 89' lang='lat' dir='ltr'><strong>rerum</strong></span> <span class='ocrx_word' id='word_1_225' title='bbox 1756 1731 2008 1775; x_wconf 86' lang='lat' dir='ltr'><strong>eventum</strong></span> 
     </span>
    </p>
   </div>
   <div class='ocr_carea' id='block_1_35' title="bbox 2111 1721 3692 1806">
    <p class='ocr_par' dir='ltr' id='par_1_35' title="bbox 2111 1724 3692 1806">
     <span class='ocr_line' id='line_1_35' title="bbox 2111 1724 3692 1806; baseline 0.006 -24"><span class='ocrx_word' id='word_1_226' title='bbox 2111 1728 2364 1800; x_wconf 77' lang='grc' dir='ltr'>ἐλεγχος</span> <span class='ocrx_word' id='word_1_227' title='bbox 2398 1731 2472 1784; x_wconf 82' lang='grc' dir='ltr'><strong>οὐ</strong></span> <span class='ocrx_word' id='word_1_228' title='bbox 2494 1731 2922 1802; x_wconf 73' lang='grc' dir='ltr'><strong>βλεπομένων,</strong></span> <span class='ocrx_word' id='word_1_229' title='bbox 2965 1737 3034 1788; x_wconf 86' lang='grc' dir='ltr'>τὸ</span> <span class='ocrx_word' id='word_1_230' title='bbox 3080 1724 3213 1787; x_wconf 80' lang='grc' dir='ltr'>ποτὲ</span> <span class='ocrx_word' id='word_1_231' title='bbox 3246 1735 3351 1805; x_wconf 81' lang='grc' dir='ltr'>μὲν</span> <span class='ocrx_word' id='word_1_232' title='bbox 3399 1740 3466 1806; x_wconf 86' lang='grc' dir='ltr'>τῇ</span> <span class='ocrx_word' id='word_1_233' title='bbox 3515 1737 3692 1792; x_wconf 77' lang='grc' dir='ltr'>πίστει</span> 
     </span>
    </p>
   </div>
   <div class='ocr_carea' id='block_1_36' title="bbox 439 1810 2010 1885">
    <p class='ocr_par' dir='ltr' id='par_1_36' title="bbox 439 1810 2010 1885">
     <span class='ocr_line' id='line_1_36' title="bbox 439 1810 2010 1885; baseline -0.005 -13"><span class='ocrx_word' id='word_1_234' title='bbox 439 1824 812 1885; x_wconf 65' lang='lat' dir='ltr'><strong>repraesentet.</strong></span> <span class='ocrx_word' id='word_1_235' title='bbox 851 1815 943 1868; x_wconf 88' lang='lat' dir='ltr'><strong>Sic</strong></span> <span class='ocrx_word' id='word_1_236' title='bbox 980 1814 1106 1878; x_wconf 90' lang='lat' dir='ltr'><strong>illa,</strong></span> <span class='ocrx_word' id='word_1_237' title='bbox 1133 1823 1366 1867; x_wconf 81' lang='lat' dir='ltr'><strong>mentem</strong></span> <span class='ocrx_word' id='word_1_238' title='bbox 1397 1827 1662 1882; x_wconf 89' lang='lat' dir='ltr'><strong>superans</strong></span> <span class='ocrx_word' id='word_1_239' title='bbox 1685 1810 1845 1866; x_wconf 85' lang='lat' dir='ltr'><strong>Verbi</strong></span> <span class='ocrx_word' id='word_1_240' title='bbox 1884 1811 2010 1866; x_wconf 89' lang='lat' dir='ltr'><strong>illud</strong></span> 
     </span>
    </p>
   </div>
   <div class='ocr_carea' id='block_1_37' title="bbox 439 1902 2011 1978">
    <p class='ocr_par' dir='ltr' id='par_1_37' title="bbox 439 1902 2011 1978">
     <span class='ocr_line' id='line_1_37' title="bbox 439 1902 2011 1978; baseline -0.003 -16"><span class='ocrx_word' id='word_1_241' title='bbox 439 1907 777 1978; x_wconf 81' lang='lat' dir='ltr'><strong>mysterium,</strong></span> <span class='ocrx_word' id='word_1_242' title='bbox 808 1905 936 1960; x_wconf 87' lang='lat' dir='ltr'><strong>olim</strong></span> <span class='ocrx_word' id='word_1_243' title='bbox 980 1905 1203 1974; x_wconf 85' lang='lat' dir='ltr'><strong>quidem</strong></span> <span class='ocrx_word' id='word_1_244' title='bbox 1253 1903 1643 1974; x_wconf 83' lang='lat' dir='ltr'><strong>praedicatum,</strong></span> <span class='ocrx_word' id='word_1_245' title='bbox 1687 1902 1794 1958; x_wconf 85' lang='lat' dir='ltr'><strong>fide</strong></span> <span class='ocrx_word' id='word_1_246' title='bbox 1831 1911 2011 1957; x_wconf 87' lang='lat' dir='ltr'><strong>autem</strong></span> 
     </span>
    </p>
   </div>
   <div class='ocr_carea' id='block_1_38' title="bbox 438 1995 2010 2068">
    <p class='ocr_par' dir='ltr' id='par_1_38' title="bbox 438 1995 2010 2068">
     <span class='ocr_line' id='line_1_38' title="bbox 438 1995 2010 2068; baseline -0.002 -15"><span class='ocrx_word' id='word_1_247' title='bbox 438 2007 807 2068; x_wconf 77' lang='lat' dir='ltr'><strong>exspectatum</strong></span> <span class='ocrx_word' id='word_1_248' title='bbox 832 2038 849 2064; x_wconf 91' lang='lat'><strong>,</strong></span> <span class='ocrx_word' id='word_1_249' title='bbox 883 2013 946 2052; x_wconf 87' lang='lat' dir='ltr'><strong>ac</strong></span> <span class='ocrx_word' id='word_1_250' title='bbox 997 1997 1157 2067; x_wconf 85' lang='lat' dir='ltr'><strong>longo</strong></span> <span class='ocrx_word' id='word_1_251' title='bbox 1192 2007 1314 2066; x_wconf 88' lang='lat' dir='ltr'><strong>post</strong></span> <span class='ocrx_word' id='word_1_252' title='bbox 1355 2007 1600 2066; x_wconf 86' lang='lat' dir='ltr'><strong>tempore</strong></span> <span class='ocrx_word' id='word_1_253' title='bbox 1651 1995 2010 2061; x_wconf 87' lang='lat' dir='ltr'><strong>declaratum,</strong></span> 
     </span>
    </p>
   </div>
   <div class='ocr_carea' id='block_1_39' title="bbox 440 2085 2010 2160">
    <p class='ocr_par' dir='ltr' id='par_1_39' title="bbox 440 2085 2010 2160">
     <span class='ocr_line' id='line_1_39' title="bbox 440 2085 2010 2160; baseline -0.004 -16"><span class='ocrx_word' id='word_1_254' title='bbox 440 2089 519 2144; x_wconf 85' lang='lat' dir='ltr'><strong>rei</strong></span> <span class='ocrx_word' id='word_1_255' title='bbox 559 2089 924 2155; x_wconf 80' lang='lat' dir='ltr'><strong>itnpletionem</strong></span> <span class='ocrx_word' id='word_1_256' title='bbox 951 2127 968 2153; x_wconf 94' lang='lat'><strong>,</strong></span> <span class='ocrx_word' id='word_1_257' title='bbox 1015 2096 1395 2158; x_wconf 85' lang='lat' dir='ltr'><strong>argumentum</strong></span> <span class='ocrx_word' id='word_1_258' title='bbox 1439 2101 1506 2142; x_wconf 89' lang='lat' dir='ltr'><strong>ac</strong></span> <span class='ocrx_word' id='word_1_259' title='bbox 1549 2101 1648 2142; x_wconf 89' lang='lat' dir='ltr'><strong>ceu</strong></span> <span class='ocrx_word' id='word_1_260' title='bbox 1686 2085 2010 2160; x_wconf 81' lang='lat' dir='ltr'><strong>evictionctp</strong></span> 
     </span>
    </p>
   </div>
   <div class='ocr_carea' id='block_1_40' title="bbox 439 2176 694 2233">
    <p class='ocr_par' dir='ltr' id='par_1_40' title="bbox 439 2176 694 2233">
     <span class='ocr_line' id='line_1_40' title="bbox 439 2176 694 2233; baseline -0.008 -1"><span class='ocrx_word' id='word_1_261' title='bbox 439 2176 694 2233; x_wconf 87' lang='lat' dir='ltr'><strong>ostendit.</strong></span> 
     </span>
    </p>
   </div>
   <div class='ocr_carea' id='block_1_41' title="bbox 511 2452 2012 2524">
    <p class='ocr_par' dir='ltr' id='par_1_41' title="bbox 511 2452 2012 2524">
     <span class='ocr_line' id='line_1_41' title="bbox 511 2452 2012 2524; baseline -0.001 -14"><span class='ocrx_word' id='word_1_262' title='bbox 511 2455 646 2510; x_wconf 89' lang='lat' dir='ltr'><strong>Cum</strong></span> <span class='ocrx_word' id='word_1_263' title='bbox 673 2456 814 2509; x_wconf 89' lang='lat' dir='ltr'><strong>banc</strong></span> <span class='ocrx_word' id='word_1_264' title='bbox 835 2469 961 2524; x_wconf 84' lang='lat' dir='ltr'><strong>ergo</strong></span> <span class='ocrx_word' id='word_1_265' title='bbox 979 2453 1108 2523; x_wconf 82' lang='lat' dir='ltr'><strong>justi</strong></span> <span class='ocrx_word' id='word_1_266' title='bbox 1133 2452 1574 2523; x_wconf 83' lang='lat' dir='ltr'><strong>prehendissem,</strong></span> <span class='ocrx_word' id='word_1_267' title='bbox 1597 2454 2012 2524; x_wconf 84' lang='lat' dir='ltr'><strong>haudquaquam</strong></span> 
     </span>
    </p>
   </div>
   <div class='ocr_carea' id='block_1_42' title="bbox 441 2546 2014 2618">
    <p class='ocr_par' dir='ltr' id='par_1_42' title="bbox 441 2546 2014 2618">
     <span class='ocr_line' id='line_1_42' title="bbox 441 2546 2014 2618; baseline -0.003 -17"><span class='ocrx_word' id='word_1_268' title='bbox 441 2563 470 2601; x_wconf 90' lang='lat' dir='ltr'><strong>a</strong></span> <span class='ocrx_word' id='word_1_269' title='bbox 491 2563 589 2618; x_wconf 87' lang='lat' dir='ltr'><strong>spe</strong></span> <span class='ocrx_word' id='word_1_270' title='bbox 629 2546 1084 2617; x_wconf 84' lang='lat' dir='ltr'><strong>pet-itionibusque</strong></span> <span class='ocrx_word' id='word_1_271' title='bbox 1103 2547 1420 2600; x_wconf 80' lang='lat' dir='ltr'><strong>exciderunt</strong></span> <span class='ocrx_word' id='word_1_272' title='bbox 1442 2563 1457 2612; x_wconf 90' lang='lat'><strong>;</strong></span> <span class='ocrx_word' id='word_1_273' title='bbox 1481 2546 1833 2615; x_wconf 82' lang='lat' dir='ltr'><strong>quamobrem</strong></span> <span class='ocrx_word' id='word_1_274' title='bbox 1852 2546 2014 2601; x_wconf 88' lang='lat' dir='ltr'><strong>etiam</strong></span> 
     </span>
    </p>
   </div>
   <div class='ocr_carea' id='block_1_43' title="bbox 441 2637 2016 2708">
    <p class='ocr_par' dir='ltr' id='par_1_43' title="bbox 441 2637 2016 2708">
     <span class='ocr_line' id='line_1_43' title="bbox 441 2637 2016 2708; baseline 0.002 -15"><span class='ocrx_word' id='word_1_275' title='bbox 441 2639 846 2694; x_wconf 86' lang='lat' dir='ltr'><strong>immaculatam</strong></span> <span class='ocrx_word' id='word_1_276' title='bbox 887 2637 1032 2690; x_wconf 88' lang='lat' dir='ltr'><strong>illam</strong></span> <span class='ocrx_word' id='word_1_277' title='bbox 1069 2639 1314 2708; x_wconf 81' lang='lat' dir='ltr'><strong>gignunt,</strong></span> <span class='ocrx_word' id='word_1_278' title='bbox 1357 2640 1784 2705; x_wconf 76' lang='lat' dir='ltr'><strong>regenerationis</strong></span> <span class='ocrx_word' id='word_1_279' title='bbox 1813 2649 2016 2696; x_wconf 64' lang='lat' dir='ltr'><strong>nostra</strong></span> 
     </span>
    </p>
   </div>
   <div class='ocr_carea' id='block_1_44' title="bbox 440 2730 2014 2802">
    <p class='ocr_par' dir='ltr' id='par_1_44' title="bbox 440 2730 2014 2802">
     <span class='ocr_line' id='line_1_44' title="bbox 440 2730 2014 2802; baseline 0 -16"><span class='ocrx_word' id='word_1_280' title='bbox 440 2732 734 2786; x_wconf 87' lang='lat' dir='ltr'><strong>auctricem</strong></span> <span class='ocrx_word' id='word_1_281' title='bbox 757 2747 772 2798; x_wconf 91' lang='lat'><strong>;</strong></span> <span class='ocrx_word' id='word_1_282' title='bbox 797 2741 995 2785; x_wconf 59' lang='lat' dir='ltr'><strong>nostra;</strong></span> <span class='ocrx_word' id='word_1_283' title='bbox 1017 2730 1418 2785; x_wconf 81' lang='lat' dir='ltr'><strong>reformationis</strong></span> <span class='ocrx_word' id='word_1_284' title='bbox 1443 2746 1698 2796; x_wconf 80' lang='lat' dir='ltr'><strong>causam;</strong></span> <span class='ocrx_word' id='word_1_285' title='bbox 1737 2746 1833 2802; x_wconf 87' lang='lat' dir='ltr'><strong>per</strong></span> <span class='ocrx_word' id='word_1_286' title='bbox 1853 2747 2014 2802; x_wconf 87' lang='lat' dir='ltr'><strong>quam</strong></span> 
     </span>
    </p>
   </div>
   <div class='ocr_carea' id='block_1_45' title="bbox 439 2823 2012 2891">
    <p class='ocr_par' dir='ltr' id='par_1_45' title="bbox 439 2823 2012 2891">
     <span class='ocr_line' id='line_1_45' title="bbox 439 2823 2012 2891; baseline -0.001 -13"><span class='ocrx_word' id='word_1_287' title='bbox 439 2823 624 2878; x_wconf 86' lang='lat' dir='ltr'><strong>vitiata</strong></span> <span class='ocrx_word' id='word_1_288' title='bbox 661 2824 714 2877; x_wconf 86' lang='lat' dir='ltr'><strong>iu</strong></span> <span class='ocrx_word' id='word_1_289' title='bbox 751 2823 906 2877; x_wconf 87' lang='lat' dir='ltr'><strong>nobis</strong></span> <span class='ocrx_word' id='word_1_290' title='bbox 933 2823 1024 2877; x_wconf 88' lang='lat' dir='ltr'><strong>Dei</strong></span> <span class='ocrx_word' id='word_1_291' title='bbox 1054 2825 1230 2891; x_wconf 81' lang='lat' dir='ltr'><strong>imago</strong></span> <span class='ocrx_word' id='word_1_292' title='bbox 1254 2823 1320 2876; x_wconf 86' lang='lat' dir='ltr'><strong>ad</strong></span> <span class='ocrx_word' id='word_1_293' title='bbox 1351 2838 1508 2876; x_wconf 87' lang='lat' dir='ltr'><strong>suum</strong></span> <span class='ocrx_word' id='word_1_294' title='bbox 1533 2823 1696 2878; x_wconf 88' lang='lat' dir='ltr'><strong>rediit</strong></span> <span class='ocrx_word' id='word_1_295' title='bbox 1727 2825 2012 2889; x_wconf 87' lang='lat' dir='ltr'><strong>decorem;</strong></span> 
     </span>
    </p>
   </div>
   <div class='ocr_carea' id='block_1_46' title="bbox 441 2912 2016 2985">
    <p class='ocr_par' dir='ltr' id='par_1_46' title="bbox 441 2912 2016 2985">
     <span class='ocr_line' id='line_1_46' title="bbox 441 2912 2016 2985; baseline -0.003 -15"><span class='ocrx_word' id='word_1_296' title='bbox 441 2929 538 2985; x_wconf 89' lang='lat' dir='ltr'><strong>per</strong></span> <span class='ocrx_word' id='word_1_297' title='bbox 559 2929 720 2984; x_wconf 83' lang='lat' dir='ltr'><strong>quam</strong></span> <span class='ocrx_word' id='word_1_298' title='bbox 758 2913 972 2968; x_wconf 84' lang='lat' dir='ltr'><strong>tunicas</strong></span> <span class='ocrx_word' id='word_1_299' title='bbox 1003 2913 1210 2981; x_wconf 87' lang='lat' dir='ltr'><strong>peccati</strong></span> <span class='ocrx_word' id='word_1_300' title='bbox 1249 2913 1589 2982; x_wconf 82' lang='lat' dir='ltr'><strong>abjicientes,</strong></span> <span class='ocrx_word' id='word_1_301' title='bbox 1617 2912 1791 2966; x_wconf 88' lang='lat' dir='ltr'><strong>induti</strong></span> <span class='ocrx_word' id='word_1_302' title='bbox 1827 2927 2016 2968; x_wconf 90' lang='lat' dir='ltr'><strong>sumus</strong></span> 
     </span>
    </p>
   </div>
   <div class='ocr_carea' id='block_1_47' title="bbox 439 3003 2015 3074">
    <p class='ocr_par' dir='ltr' id='par_1_47' title="bbox 439 3003 2015 3074">
     <span class='ocr_line' id='line_1_47' title="bbox 439 3003 2015 3074; baseline -0.001 -12"><span class='ocrx_word' id='word_1_303' title='bbox 439 3005 634 3062; x_wconf 87' lang='lat' dir='ltr'><strong>stolam</strong></span> <span class='ocrx_word' id='word_1_304' title='bbox 683 3005 901 3059; x_wconf 88' lang='lat' dir='ltr'><strong>luminis</strong></span> <span class='ocrx_word' id='word_1_305' title='bbox 946 3021 960 3060; x_wconf 88' lang='lat'><strong>:</strong></span> <span class='ocrx_word' id='word_1_306' title='bbox 1024 3006 1408 3074; x_wconf 86' lang='lat' dir='ltr'><strong>prophetarum</strong></span> <span class='ocrx_word' id='word_1_307' title='bbox 1455 3003 1600 3058; x_wconf 89' lang='lat' dir='ltr'><strong>illam</strong></span> <span class='ocrx_word' id='word_1_308' title='bbox 1667 3004 2015 3060; x_wconf 84' lang='lat' dir='ltr'><strong>acclamatio-</strong></span> 
     </span>
    </p>
   </div>
   <div class='ocr_carea' id='block_1_48' title="bbox 441 3093 2014 3164">
    <p class='ocr_par' dir='ltr' id='par_1_48' title="bbox 441 3093 2014 3164">
     <span class='ocr_line' id='line_1_48' title="bbox 441 3093 2014 3164; baseline -0.001 -14"><span class='ocrx_word' id='word_1_309' title='bbox 441 3111 602 3162; x_wconf 89' lang='lat' dir='ltr'><strong>nem;</strong></span> <span class='ocrx_word' id='word_1_310' title='bbox 633 3096 936 3152; x_wconf 89' lang='lat' dir='ltr'><strong>diviuorum</strong></span> <span class='ocrx_word' id='word_1_311' title='bbox 974 3094 1362 3164; x_wconf 85' lang='lat' dir='ltr'><strong>plenitudinem</strong></span> <span class='ocrx_word' id='word_1_312' title='bbox 1394 3093 1772 3159; x_wconf 89' lang='lat' dir='ltr'><strong>oraculorum;</strong></span> <span class='ocrx_word' id='word_1_313' title='bbox 1814 3105 2014 3150; x_wconf 71' lang='lat' dir='ltr'><strong>nostra:</strong></span> 
     </span>
    </p>
   </div>
   <div class='ocr_carea' id='block_1_49' title="bbox 442 3184 2016 3257">
    <p class='ocr_par' dir='ltr' id='par_1_49' title="bbox 442 3184 2016 3257">
     <span class='ocr_line' id='line_1_49' title="bbox 442 3184 2016 3257; baseline -0.001 -16"><span class='ocrx_word' id='word_1_314' title='bbox 442 3185 570 3241; x_wconf 89' lang='lat' dir='ltr'><strong>illud</strong></span> <span class='ocrx_word' id='word_1_315' title='bbox 602 3186 790 3240; x_wconf 88' lang='lat' dir='ltr'><strong>salutis</strong></span> <span class='ocrx_word' id='word_1_316' title='bbox 819 3195 1001 3255; x_wconf 86' lang='lat' dir='ltr'><strong>caput.</strong></span> <span class='ocrx_word' id='word_1_317' title='bbox 1039 3186 1085 3240; x_wconf 76' lang='grc' dir='ltr'>υ</span> <span class='ocrx_word' id='word_1_318' title='bbox 1127 3184 1335 3240; x_wconf 76' lang='lat' dir='ltr'><strong>felicem</strong></span> <span class='ocrx_word' id='word_1_319' title='bbox 1376 3185 1520 3240; x_wconf 90' lang='lat' dir='ltr'><strong>illam</strong></span> <span class='ocrx_word' id='word_1_320' title='bbox 1565 3196 1848 3255; x_wconf 85' lang='lat' dir='ltr'><strong>parentum</strong></span> <span class='ocrx_word' id='word_1_321' title='bbox 1888 3203 2016 3257; x_wconf 84' lang='lat' dir='ltr'><strong>pro-</strong></span> 
     </span>
    </p>
   </div>
   <div class='ocr_carea' id='block_1_50' title="bbox 441 3277 2014 3348">
    <p class='ocr_par' dir='ltr' id='par_1_50' title="bbox 441 3277 2014 3348">
     <span class='ocr_line' id='line_1_50' title="bbox 441 3277 2014 3348; baseline 0.003 -17"><span class='ocrx_word' id='word_1_322' title='bbox 441 3277 578 3332; x_wconf 82' lang='lat' dir='ltr'><strong>lem!</strong></span> <span class='ocrx_word' id='word_1_323' title='bbox 622 3277 666 3332; x_wconf 89' lang='grc'>0</span> <span class='ocrx_word' id='word_1_324' title='bbox 696 3287 909 3348; x_wconf 86' lang='lat' dir='ltr'><strong>partum</strong></span> <span class='ocrx_word' id='word_1_325' title='bbox 935 3314 952 3341; x_wconf 92' lang='lat'><strong>,</strong></span> <span class='ocrx_word' id='word_1_326' title='bbox 987 3292 1094 3345; x_wconf 91' lang='lat' dir='ltr'><strong>quo</strong></span> <span class='ocrx_word' id='word_1_327' title='bbox 1123 3278 1263 3331; x_wconf 86' lang='lat' dir='ltr'><strong>bona</strong></span> <span class='ocrx_word' id='word_1_328' title='bbox 1302 3277 1410 3330; x_wconf 89' lang='lat' dir='ltr'><strong>vim</strong></span> <span class='ocrx_word' id='word_1_329' title='bbox 1449 3291 1664 3332; x_wconf 89' lang='lat' dir='ltr'><strong>omnem</strong></span> <span class='ocrx_word' id='word_1_330' title='bbox 1708 3278 2014 3335; x_wconf 80' lang='lat' dir='ltr'><strong>intellectus</strong></span> 
     </span>
    </p>
   </div>
   <div class='ocr_carea' id='block_1_51' title="bbox 441 3368 2012 3439">
    <p class='ocr_par' dir='ltr' id='par_1_51' title="bbox 441 3368 2012 3439">
     <span class='ocr_line' id='line_1_51' title="bbox 441 3368 2012 3439; baseline 0.001 -15"><span class='ocrx_word' id='word_1_331' title='bbox 441 3371 772 3439; x_wconf 87' lang='lat' dir='ltr'><strong>superantia,</strong></span> <span class='ocrx_word' id='word_1_332' title='bbox 802 3368 1134 3438; x_wconf 79' lang='lat' dir='ltr'><strong>genitoribus</strong></span> <span class='ocrx_word' id='word_1_333' title='bbox 1158 3378 1469 3437; x_wconf 88' lang='lat' dir='ltr'><strong>comparata</strong></span> <span class='ocrx_word' id='word_1_334' title='bbox 1495 3378 1646 3424; x_wconf 88' lang='lat' dir='ltr'><strong>sunt.</strong></span> <span class='ocrx_word' id='word_1_335' title='bbox 1671 3369 1730 3424; x_wconf 88' lang='lat' dir='ltr'><strong>In</strong></span> <span class='ocrx_word' id='word_1_336' title='bbox 1757 3369 2012 3426; x_wconf 86' lang='lat' dir='ltr'><strong>humanis</strong></span> 
     </span>
    </p>
   </div>
   <div class='ocr_carea' id='block_1_52' title="bbox 439 3457 2012 3531">
    <p class='ocr_par' dir='ltr' id='par_1_52' title="bbox 439 3457 2012 3531">
     <span class='ocr_line' id='line_1_52' title="bbox 439 3457 2012 3531; baseline 0.001 -21"><span class='ocrx_word' id='word_1_337' title='bbox 439 3461 682 3531; x_wconf 80' lang='lat' dir='ltr'><strong>quidem,</strong></span> <span class='ocrx_word' id='word_1_338' title='bbox 726 3468 784 3510; x_wconf 91' lang='lat' dir='ltr'><strong>ut</strong></span> <span class='ocrx_word' id='word_1_339' title='bbox 831 3458 918 3513; x_wconf 89' lang='lat' dir='ltr'><strong>cui</strong></span> <span class='ocrx_word' id='word_1_340' title='bbox 955 3458 1235 3526; x_wconf 77' lang='lat' dir='ltr'><strong>contingat</strong></span> <span class='ocrx_word' id='word_1_341' title='bbox 1288 3457 1404 3511; x_wconf 83' lang='lat' dir='ltr'><strong>fieri</strong></span> <span class='ocrx_word' id='word_1_342' title='bbox 1440 3467 1647 3525; x_wconf 90' lang='lat' dir='ltr'><strong>patrem</strong></span> <span class='ocrx_word' id='word_1_343' title='bbox 1673 3496 1688 3520; x_wconf 91' lang='lat'><strong>,</strong></span> <span class='ocrx_word' id='word_1_344' title='bbox 1743 3457 2012 3528; x_wconf 85' lang='lat' dir='ltr'><strong>siquidem</strong></span> 
     </span>
    </p>
   </div>
   <div class='ocr_carea' id='block_1_53' title="bbox 441 3548 2008 3622">
    <p class='ocr_par' dir='ltr' id='par_1_53' title="bbox 441 3548 2008 3622">
     <span class='ocr_line' id='line_1_53' title="bbox 441 3548 2008 3622; baseline -0.003 -14"><span class='ocrx_word' id='word_1_345' title='bbox 441 3565 583 3608; x_wconf 75' lang='lat' dir='ltr'><strong>natae</strong></span> <span class='ocrx_word' id='word_1_346' title='bbox 615 3552 809 3622; x_wconf 87' lang='lat' dir='ltr'><strong>proles,</strong></span> <span class='ocrx_word' id='word_1_347' title='bbox 835 3550 1195 3606; x_wconf 65' lang='lat' dir='ltr'><strong>vel’sazculari</strong></span> <span class='ocrx_word' id='word_1_348' title='bbox 1223 3549 1510 3618; x_wconf 88' lang='lat' dir='ltr'><strong>splendore</strong></span> <span class='ocrx_word' id='word_1_349' title='bbox 1536 3550 1862 3618; x_wconf 86' lang='lat' dir='ltr'><strong>spectabiles</strong></span> <span class='ocrx_word' id='word_1_350' title='bbox 1889 3548 2008 3604; x_wconf 89' lang='lat' dir='ltr'><strong>fne-</strong></span> 
     </span>
    </p>
   </div>
   <div class='ocr_carea' id='block_1_54' title="bbox 442 3639 2008 3708">
    <p class='ocr_par' dir='ltr' id='par_1_54' title="bbox 442 3639 2008 3708">
     <span class='ocr_line' id='line_1_54' title="bbox 442 3639 2008 3708; baseline -0.001 -11"><span class='ocrx_word' id='word_1_351' title='bbox 442 3643 584 3708; x_wconf 88' lang='lat' dir='ltr'><strong>rint,</strong></span> <span class='ocrx_word' id='word_1_352' title='bbox 615 3652 706 3696; x_wconf 92' lang='lat' dir='ltr'><strong>aut</strong></span> <span class='ocrx_word' id='word_1_353' title='bbox 743 3643 1000 3695; x_wconf 85' lang='lat' dir='ltr'><strong>virtutum</strong></span> <span class='ocrx_word' id='word_1_354' title='bbox 1045 3639 1166 3695; x_wconf 90' lang='lat' dir='ltr'><strong>luce</strong></span> <span class='ocrx_word' id='word_1_355' title='bbox 1211 3640 1511 3694; x_wconf 85' lang='lat' dir='ltr'><strong>claruerint</strong></span> <span class='ocrx_word' id='word_1_356' title='bbox 1537 3681 1553 3708; x_wconf 92' lang='lat'><strong>,</strong></span> <span class='ocrx_word' id='word_1_357' title='bbox 1591 3641 1677 3695; x_wconf 86' lang='lat' dir='ltr'><strong>vel</strong></span> <span class='ocrx_word' id='word_1_358' title='bbox 1726 3649 2008 3695; x_wconf 88' lang='lat' dir='ltr'><strong>strenuum</strong></span> 
     </span>
    </p>
   </div>
   <div class='ocr_carea' id='block_1_55' title="bbox 441 3727 2013 3804">
    <p class='ocr_par' dir='ltr' id='par_1_55' title="bbox 441 3727 2013 3804">
     <span class='ocr_line' id='line_1_55' title="bbox 441 3727 2013 3804; baseline 0 -22"><span class='ocrx_word' id='word_1_359' title='bbox 441 3733 594 3800; x_wconf 87' lang='lat' dir='ltr'><strong>quid,</strong></span> <span class='ocrx_word' id='word_1_360' title='bbox 620 3745 682 3786; x_wconf 92' lang='lat' dir='ltr'><strong>ac</strong></span> <span class='ocrx_word' id='word_1_361' title='bbox 703 3744 909 3798; x_wconf 80' lang='lat' dir='ltr'><strong>magna:</strong></span> <span class='ocrx_word' id='word_1_362' title='bbox 935 3728 1269 3788; x_wconf 84' lang='lat' dir='ltr'><strong>fortitudinis</strong></span> <span class='ocrx_word' id='word_1_363' title='bbox 1299 3727 1512 3783; x_wconf 88' lang='lat' dir='ltr'><strong>facinus</strong></span> <span class='ocrx_word' id='word_1_364' title='bbox 1535 3732 1770 3798; x_wconf 78' lang='lat' dir='ltr'><strong>gessisse</strong></span> <span class='ocrx_word' id='word_1_365' title='bbox 1795 3729 2013 3804; x_wconf 83' lang='lat' dir='ltr'><strong>videan-</strong></span> 
     </span>
    </p>
   </div>
   <div class='ocr_carea' id='block_1_56' title="bbox 443 3818 2009 3890">
    <p class='ocr_par' dir='ltr' id='par_1_56' title="bbox 443 3818 2009 3890">
     <span class='ocr_line' id='line_1_56' title="bbox 443 3818 2009 3890; baseline 0 -16"><span class='ocrx_word' id='word_1_366' title='bbox 443 3831 553 3883; x_wconf 89' lang='lat' dir='ltr'><strong>tur,</strong></span> <span class='ocrx_word' id='word_1_367' title='bbox 604 3819 744 3874; x_wconf 85' lang='lat' dir='ltr'><strong>haud</strong></span> <span class='ocrx_word' id='word_1_368' title='bbox 788 3818 1076 3872; x_wconf 85' lang='lat' dir='ltr'><strong>mediocris</strong></span> <span class='ocrx_word' id='word_1_369' title='bbox 1122 3819 1248 3872; x_wconf 90' lang='lat' dir='ltr'><strong>inde</strong></span> <span class='ocrx_word' id='word_1_370' title='bbox 1294 3818 1369 3872; x_wconf 91' lang='lat' dir='ltr'><strong>illi</strong></span> <span class='ocrx_word' id='word_1_371' title='bbox 1419 3820 1590 3874; x_wconf 89' lang='lat' dir='ltr'><strong>honor</strong></span> <span class='ocrx_word' id='word_1_372' title='bbox 1630 3819 1875 3886; x_wconf 86' lang='lat' dir='ltr'><strong>accedit,</strong></span> <span class='ocrx_word' id='word_1_373' title='bbox 1917 3819 2009 3890; x_wconf 86' lang='lat' dir='ltr'><strong>qui</strong></span> 
     </span>
    </p>
   </div>
   <div class='ocr_carea' id='block_1_57' title="bbox 440 3907 2008 3979">
    <p class='ocr_par' dir='ltr' id='par_1_57' title="bbox 440 3907 2008 3979">
     <span class='ocr_line' id='line_1_57' title="bbox 440 3907 2008 3979; baseline 0.001 -15"><span class='ocrx_word' id='word_1_374' title='bbox 440 3911 819 3964; x_wconf 89' lang='lat' dir='ltr'><strong>communione</strong></span> <span class='ocrx_word' id='word_1_375' title='bbox 893 3917 1102 3964; x_wconf 68' lang='lat' dir='ltr'><strong>natura:</strong></span> <span class='ocrx_word' id='word_1_376' title='bbox 1177 3907 1342 3962; x_wconf 89' lang='lat' dir='ltr'><strong>etiam</strong></span> <span class='ocrx_word' id='word_1_377' title='bbox 1423 3909 1608 3979; x_wconf 75' lang='lat' dir='ltr'><strong>glorize</strong></span> <span class='ocrx_word' id='word_1_378' title='bbox 1675 3911 2008 3968; x_wconf 84' lang='lat' dir='ltr'><strong>consortium</strong></span> 
     </span>
    </p>
   </div>
   <div class='ocr_carea' id='block_1_58' title="bbox 441 3981 2010 4073">
    <p class='ocr_par' dir='ltr' id='par_1_58' title="bbox 441 3981 2010 4073">
     <span class='ocr_line' id='line_1_58' title="bbox 441 3981 2010 4073; baseline -0.002 -14"><span class='ocrx_word' id='word_1_379' title='bbox 441 4004 590 4060; x_wconf 89' lang='lat' dir='ltr'><strong>ineat</strong></span> <span class='ocrx_word' id='word_1_380' title='bbox 621 4017 635 4055; x_wconf 88' lang='lat'><strong>:</strong></span> <span class='ocrx_word' id='word_1_381' title='bbox 669 4003 722 4056; x_wconf 89' lang='lat' dir='ltr'><strong>in</strong></span> <span class='ocrx_word' id='word_1_382' title='bbox 751 4003 835 4057; x_wconf 89' lang='lat' dir='ltr'><strong>his</strong></span> <span class='ocrx_word' id='word_1_383' title='bbox 861 4011 1064 4067; x_wconf 88' lang='lat' dir='ltr'><strong>autem,</strong></span> <span class='ocrx_word' id='word_1_384' title='bbox 1091 4015 1335 4069; x_wconf 79' lang='lat' dir='ltr'><strong>quamam</strong></span> <span class='ocrx_word' id='word_1_385' title='bbox 1369 4000 1504 4054; x_wconf 87' lang='lat' dir='ltr'><strong>adeo</strong></span> <span class='ocrx_word' id='word_1_386' title='bbox 1535 3981 1812 4057; x_wconf 62' lang='lat' dir='ltr'><strong>eicellens</strong></span> <span class='ocrx_word' id='word_1_387' title='bbox 1841 4002 2010 4073; x_wconf 89' lang='lat' dir='ltr'><strong>gloria</strong></span> 
     </span>
    </p>
   </div>
   <div class='ocr_carea' id='block_1_59' title="bbox 438 4091 2010 4165">
    <p class='ocr_par' dir='ltr' id='par_1_59' title="bbox 438 4091 2010 4165">
     <span class='ocr_line' id='line_1_59' title="bbox 438 4091 2010 4165; baseline -0.003 -13"><span class='ocrx_word' id='word_1_388' title='bbox 438 4093 739 4165; x_wconf 79' lang='lat' dir='ltr'><strong>excogitari</strong></span> <span class='ocrx_word' id='word_1_389' title='bbox 792 4093 987 4163; x_wconf 87' lang='lat' dir='ltr'><strong>possit,</strong></span> <span class='ocrx_word' id='word_1_390' title='bbox 1037 4092 1190 4162; x_wconf 90' lang='lat' dir='ltr'><strong>cujus</strong></span> <span class='ocrx_word' id='word_1_391' title='bbox 1225 4091 1258 4144; x_wconf 90' lang='lat' dir='ltr'><strong>ii</strong></span> <span class='ocrx_word' id='word_1_392' title='bbox 1308 4091 1696 4161; x_wconf 84' lang='lat' dir='ltr'><strong>praerogativas</strong></span> <span class='ocrx_word' id='word_1_393' title='bbox 1740 4107 1848 4147; x_wconf 89' lang='lat' dir='ltr'><strong>non</strong></span> <span class='ocrx_word' id='word_1_394' title='bbox 1896 4093 2010 4147; x_wconf 89' lang='lat' dir='ltr'><strong>sint</strong></span> 
     </span>
    </p>
   </div>
   <div class='ocr_carea' id='block_1_60' title="bbox 439 4179 2010 4253">
    <p class='ocr_par' dir='ltr' id='par_1_60' title="bbox 439 4179 2010 4253">
     <span class='ocr_line' id='line_1_60' title="bbox 439 4179 2010 4253; baseline -0.002 -11"><span class='ocrx_word' id='word_1_395' title='bbox 439 4185 760 4242; x_wconf 81' lang='lat' dir='ltr'><strong>consecuti?</strong></span> <span class='ocrx_word' id='word_1_396' title='bbox 809 4183 1008 4240; x_wconf 89' lang='lat' dir='ltr'><strong>Verum</strong></span> <span class='ocrx_word' id='word_1_397' title='bbox 1061 4182 1189 4253; x_wconf 89' lang='lat' dir='ltr'><strong>quid</strong></span> <span class='ocrx_word' id='word_1_398' title='bbox 1242 4197 1378 4251; x_wconf 88' lang='lat' dir='ltr'><strong>opus</strong></span> <span class='ocrx_word' id='word_1_399' title='bbox 1426 4179 1702 4251; x_wconf 81' lang='lat' dir='ltr'><strong>prolixiori</strong></span> <span class='ocrx_word' id='word_1_400' title='bbox 1755 4197 2010 4239; x_wconf 87' lang='lat' dir='ltr'><strong>sermone</strong></span> 
     </span>
    </p>
   </div>
   <div class='ocr_carea' id='block_1_61' title="bbox 439 4270 2004 4338">
    <p class='ocr_par' dir='ltr' id='par_1_61' title="bbox 439 4270 2004 4338">
     <span class='ocr_line' id='line_1_61' title="bbox 439 4270 2004 4338; baseline -0.003 -7"><span class='ocrx_word' id='word_1_401' title='bbox 439 4277 724 4331; x_wconf 83' lang='lat' dir='ltr'><strong>molestum</strong></span> <span class='ocrx_word' id='word_1_402' title='bbox 781 4272 895 4328; x_wconf 82' lang='lat' dir='ltr'><strong>fieri</strong></span> <span class='ocrx_word' id='word_1_403' title='bbox 947 4270 1320 4326; x_wconf 86' lang='lat' dir='ltr'><strong>auditoribus?</strong></span> <span class='ocrx_word' id='word_1_404' title='bbox 1358 4270 1820 4338; x_wconf 81' lang='lat' dir='ltr'><strong>Quemadmodum</strong></span> <span class='ocrx_word' id='word_1_405' title='bbox 1861 4273 2004 4328; x_wconf 89' lang='lat' dir='ltr'><strong>enim</strong></span> 
     </span>
    </p>
   </div>
   <div class='ocr_carea' id='block_1_62' title="bbox 2113 1821 3690 1900">
    <p class='ocr_par' dir='ltr' id='par_1_62' title="bbox 2113 1821 3690 1900">
     <span class='ocr_line' id='line_1_62' title="bbox 2113 1821 3690 1900; baseline 0.006 -27"><span class='ocrx_word' id='word_1_406' title='bbox 2113 1821 2485 1894; x_wconf 82' lang='grc' dir='ltr'>προσδοκηοὲν</span> <span class='ocrx_word' id='word_1_407' title='bbox 2509 1861 2524 1886; x_wconf 93' lang='grc'><strong>,</strong></span> <span class='ocrx_word' id='word_1_408' title='bbox 2561 1824 2804 1892; x_wconf 84' lang='grc' dir='ltr'>προῖόντι</span> <span class='ocrx_word' id='word_1_409' title='bbox 2832 1826 2891 1878; x_wconf 81' lang='grc' dir='ltr'>δὲ</span> <span class='ocrx_word' id='word_1_410' title='bbox 2920 1824 3002 1894; x_wconf 83' lang='grc' dir='ltr'>τῷ</span> <span class='ocrx_word' id='word_1_411' title='bbox 3037 1827 3217 1898; x_wconf 82' lang='grc' dir='ltr'>χρόνῳ</span> <span class='ocrx_word' id='word_1_412' title='bbox 3263 1829 3347 1891; x_wconf 82' lang='grc' dir='ltr'><strong>είς</strong></span> <span class='ocrx_word' id='word_1_413' title='bbox 3397 1829 3560 1900; x_wconf 75' lang='grc' dir='ltr'>ἔργον</span> <span class='ocrx_word' id='word_1_414' title='bbox 3601 1829 3690 1895; x_wconf 78' lang='grc' dir='ltr'><strong>ἑξ-</strong></span> 
     </span>
    </p>
   </div>
   <div class='ocr_carea' id='block_1_63' title="bbox 2110 1912 3694 1993">
    <p class='ocr_par' dir='ltr' id='par_1_63' title="bbox 2110 1912 3694 1993">
     <span class='ocr_line' id='line_1_63' title="bbox 2110 1912 3694 1993; baseline 0.008 -29"><span class='ocrx_word' id='word_1_415' title='bbox 2110 1912 2351 1982; x_wconf 81' lang='grc' dir='ltr'>ενεχθὲν,</span> <span class='ocrx_word' id='word_1_416' title='bbox 2380 1913 2478 1968; x_wconf 73' lang='grc' dir='ltr'>καὶ</span> <span class='ocrx_word' id='word_1_417' title='bbox 2506 1915 2672 1993; x_wconf 77' lang='grc' dir='ltr'>οἱονεὶ</span> <span class='ocrx_word' id='word_1_418' title='bbox 2700 1915 2919 1986; x_wconf 73' lang='grc' dir='ltr'>ἔλεγχον</span> <span class='ocrx_word' id='word_1_419' title='bbox 2944 1919 3227 1988; x_wconf 83' lang='grc' dir='ltr'>παριστῶν</span> <span class='ocrx_word' id='word_1_420' title='bbox 3255 1919 3355 1993; x_wconf 79' lang='grc' dir='ltr'>τὴν</span> <span class='ocrx_word' id='word_1_421' title='bbox 3391 1922 3572 1992; x_wconf 78' lang='grc' dir='ltr'>ἀληθῆ</span> <span class='ocrx_word' id='word_1_422' title='bbox 3591 1923 3694 1976; x_wconf 78' lang='grc' dir='ltr'><strong>τῶν</strong></span> 
     </span>
    </p>
   </div>
   <div class='ocr_carea' id='block_1_64' title="bbox 2113 1991 3694 2088">
    <p class='ocr_par' dir='ltr' id='par_1_64' title="bbox 2113 1991 3694 2088">
     <span class='ocr_line' id='line_1_64' title="bbox 2113 1991 3694 2088; baseline 0.008 -32"><span class='ocrx_word' id='word_1_423' title='bbox 2113 2007 2462 2075; x_wconf 81' lang='grc' dir='ltr'>πραγμάτων</span> <span class='ocrx_word' id='word_1_424' title='bbox 2494 1991 2741 2061; x_wconf 69' lang='grc' dir='ltr'>ἔκϐασιν.</span> <span class='ocrx_word' id='word_1_425' title='bbox 2781 2008 3030 2088; x_wconf 61' lang='grc' dir='ltr'>οὕτωπὸ</span> <span class='ocrx_word' id='word_1_426' title='bbox 3065 2009 3208 2081; x_wconf 78' lang='grc' dir='ltr'>ὑπὲρ</span> <span class='ocrx_word' id='word_1_427' title='bbox 3239 1991 3364 2065; x_wconf 78' lang='grc' dir='ltr'>νοῦν</span> <span class='ocrx_word' id='word_1_428' title='bbox 3392 1991 3493 2066; x_wconf 78' lang='grc' dir='ltr'><strong>τοῦ</strong></span> <span class='ocrx_word' id='word_1_429' title='bbox 3521 1991 3694 2080; x_wconf 79' lang='grc' dir='ltr'>Λόγου</span> 
     </span>
    </p>
   </div>
   <div class='ocr_carea' id='block_1_65' title="bbox 2117 2096 3696 2172">
    <p class='ocr_par' dir='ltr' id='par_1_65' title="bbox 2117 2096 3696 2172">
     <span class='ocr_line' id='line_1_65' title="bbox 2117 2096 3696 2172; baseline 0.008 -25"><span class='ocrx_word' id='word_1_430' title='bbox 2117 2098 2438 2166; x_wconf 84' lang='grc' dir='ltr'>μυστήριον,</span> <span class='ocrx_word' id='word_1_431' title='bbox 2491 2096 2682 2169; x_wconf 84' lang='grc' dir='ltr'>πρώην</span> <span class='ocrx_word' id='word_1_432' title='bbox 2731 2099 2838 2168; x_wconf 77' lang='grc' dir='ltr'>μὲν</span> <span class='ocrx_word' id='word_1_433' title='bbox 2891 2100 3340 2172; x_wconf 82' lang='grc' dir='ltr'>κηρυττόμενον,</span> <span class='ocrx_word' id='word_1_434' title='bbox 3403 2105 3592 2158; x_wconf 80' lang='grc' dir='ltr'>πίστει</span> <span class='ocrx_word' id='word_1_435' title='bbox 3639 2106 3696 2160; x_wconf 85' lang='grc' dir='ltr'>δὲ</span> 
     </span>
    </p>
   </div>
   <div class='ocr_carea' id='block_1_66' title="bbox 2115 2185 3692 2266">
    <p class='ocr_par' dir='ltr' id='par_1_66' title="bbox 2115 2185 3692 2266">
     <span class='ocr_line' id='line_1_66' title="bbox 2115 2185 3692 2266; baseline 0.008 -29"><span class='ocrx_word' id='word_1_436' title='bbox 2115 2185 2588 2256; x_wconf 83' lang='grc' dir='ltr'>προσδοκώμενον,</span> <span class='ocrx_word' id='word_1_437' title='bbox 2616 2188 2830 2252; x_wconf 79' lang='grc' dir='ltr'>πολλοῖς</span> <span class='ocrx_word' id='word_1_438' title='bbox 2855 2188 3086 2262; x_wconf 76' lang='grc' dir='ltr'>ὕστερον</span> <span class='ocrx_word' id='word_1_439' title='bbox 3112 2193 3332 2263; x_wconf 79' lang='grc' dir='ltr'>χρόνοις</span> <span class='ocrx_word' id='word_1_440' title='bbox 3355 2195 3692 2266; x_wconf 72' lang='grc' dir='ltr'>φανερωθὲν,</span> 
     </span>
    </p>
   </div>
   <div class='ocr_carea' id='block_1_67' title="bbox 2115 2276 3697 2358">
    <p class='ocr_par' dir='ltr' id='par_1_67' title="bbox 2115 2276 3697 2358">
     <span class='ocr_line' id='line_1_67' title="bbox 2115 2276 3697 2358; baseline 0.007 -29"><span class='ocrx_word' id='word_1_441' title='bbox 2115 2276 2338 2348; x_wconf 77' lang='grc' dir='ltr'>ἔλεγχον</span> <span class='ocrx_word' id='word_1_442' title='bbox 2387 2276 2526 2350; x_wconf 78' lang='grc' dir='ltr'>αὕτη</span> <span class='ocrx_word' id='word_1_443' title='bbox 2570 2279 2671 2349; x_wconf 78' lang='grc' dir='ltr'>τὴν</span> <span class='ocrx_word' id='word_1_444' title='bbox 2715 2279 2808 2334; x_wconf 86' lang='grc' dir='ltr'><strong>τοῦ</strong></span> <span class='ocrx_word' id='word_1_445' title='bbox 2851 2281 3176 2354; x_wconf 84' lang='grc' dir='ltr'>πράγματος</span> <span class='ocrx_word' id='word_1_446' title='bbox 3223 2283 3520 2355; x_wconf 79' lang='grc' dir='ltr'>παρέδειξε</span> <span class='ocrx_word' id='word_1_447' title='bbox 3563 2287 3697 2358; x_wconf 68' lang='grc' dir='ltr'>πλή-</span> 
     </span>
    </p>
   </div>
   <div class='ocr_carea' id='block_1_68' title="bbox 2118 2384 2306 2438">
    <p class='ocr_par' dir='ltr' id='par_1_68' title="bbox 2118 2384 2306 2438">
     <span class='ocr_line' id='line_1_68' title="bbox 2118 2384 2306 2438; baseline 0.011 -19"><span class='ocrx_word' id='word_1_448' title='bbox 2118 2384 2306 2438; x_wconf 89' lang='grc' dir='ltr'>ρωσιν.</span> 
     </span>
    </p>
   </div>
   <div class='ocr_carea' id='block_1_69' title="bbox 2186 2453 3696 2536">
    <p class='ocr_par' dir='ltr' id='par_1_69' title="bbox 2186 2453 3696 2536">
     <span class='ocr_line' id='line_1_69' title="bbox 2186 2453 3696 2536; baseline 0.006 -24"><span class='ocrx_word' id='word_1_449' title='bbox 2186 2458 2404 2529; x_wconf 81' lang='grc' dir='ltr'>Ταύτης</span> <span class='ocrx_word' id='word_1_450' title='bbox 2431 2460 2612 2514; x_wconf 82' lang='grc' dir='ltr'>τοίνυν</span> <span class='ocrx_word' id='word_1_451' title='bbox 2634 2461 2686 2514; x_wconf 80' lang='grc' dir='ltr'>οἱ</span> <span class='ocrx_word' id='word_1_452' title='bbox 2707 2453 2908 2516; x_wconf 83' lang='grc' dir='ltr'>δίκαιοι</span> <span class='ocrx_word' id='word_1_453' title='bbox 2930 2462 3283 2536; x_wconf 77' lang='grc' dir='ltr'>δραξάμενοι,</span> <span class='ocrx_word' id='word_1_454' title='bbox 3311 2464 3420 2519; x_wconf 86' lang='grc' dir='ltr'><strong>τῶν</strong></span> <span class='ocrx_word' id='word_1_455' title='bbox 3446 2465 3696 2536; x_wconf 69' lang='grc' dir='ltr'>αἰτηθέν-</span> 
     </span>
    </p>
   </div>
   <div class='ocr_carea' id='block_1_70' title="bbox 2113 2551 3695 2626">
    <p class='ocr_par' dir='ltr' id='par_1_70' title="bbox 2113 2551 3695 2626">
     <span class='ocr_line' id='line_1_70' title="bbox 2113 2551 3695 2626; baseline 0.008 -24"><span class='ocrx_word' id='word_1_456' title='bbox 2113 2565 2245 2615; x_wconf 87' lang='grc' dir='ltr'>των,</span> <span class='ocrx_word' id='word_1_457' title='bbox 2278 2551 2374 2604; x_wconf 79' lang='grc' dir='ltr'>καὶ</span> <span class='ocrx_word' id='word_1_458' title='bbox 2404 2551 2774 2607; x_wconf 75' lang='grc' dir='ltr'>ἐλπισθέντων</span> <span class='ocrx_word' id='word_1_459' title='bbox 2805 2555 2866 2607; x_wconf 82' lang='grc' dir='ltr'>οὐ</span> <span class='ocrx_word' id='word_1_460' title='bbox 2899 2554 3222 2626; x_wconf 82' lang='grc' dir='ltr'>διήμαρτον·</span> <span class='ocrx_word' id='word_1_461' title='bbox 3246 2556 3328 2609; x_wconf 74' lang='grc' dir='ltr'>διὸ</span> <span class='ocrx_word' id='word_1_462' title='bbox 3348 2556 3445 2612; x_wconf 78' lang='grc' dir='ltr'><strong>καὶ</strong></span> <span class='ocrx_word' id='word_1_463' title='bbox 3468 2561 3695 2626; x_wconf 83' lang='grc' dir='ltr'>γεννῶσι</span> 
     </span>
    </p>
   </div>
   <div class='ocr_carea' id='block_1_71' title="bbox 2129 2638 3692 2722">
    <p class='ocr_par' dir='ltr' id='par_1_71' title="bbox 2129 2638 3692 2722">
     <span class='ocr_line' id='line_1_71' title="bbox 2129 2638 3692 2722; baseline 0.008 -29"><span class='ocrx_word' id='word_1_464' title='bbox 2129 2638 2232 2709; x_wconf 83' lang='grc' dir='ltr'>τὴν</span> <span class='ocrx_word' id='word_1_465' title='bbox 2254 2697 2264 2700; x_wconf 99' lang='lat'><strong>_</strong></span> <span class='ocrx_word' id='word_1_466' title='bbox 2283 2639 2556 2712; x_wconf 79' lang='grc' dir='ltr'>ἄχραντον</span> <span class='ocrx_word' id='word_1_467' title='bbox 2579 2681 2594 2707; x_wconf 93' lang='grc'><strong>,</strong></span> <span class='ocrx_word' id='word_1_468' title='bbox 2652 2642 2752 2714; x_wconf 84' lang='grc' dir='ltr'>τὴν</span> <span class='ocrx_word' id='word_1_469' title='bbox 2810 2645 2912 2715; x_wconf 82' lang='grc' dir='ltr'>τῆς</span> <span class='ocrx_word' id='word_1_470' title='bbox 2962 2646 3383 2718; x_wconf 82' lang='grc' dir='ltr'>ἀναγεννήσεως</span> <span class='ocrx_word' id='word_1_471' title='bbox 3431 2651 3692 2722; x_wconf 77' lang='grc' dir='ltr'>πρόξενον</span> 
     </span>
    </p>
   </div>
   <div class='ocr_carea' id='block_1_72' title="bbox 2117 2730 3691 2813">
    <p class='ocr_par' dir='ltr' id='par_1_72' title="bbox 2117 2730 3691 2813">
     <span class='ocr_line' id='line_1_72' title="bbox 2117 2730 3691 2813; baseline 0.01 -31"><span class='ocrx_word' id='word_1_472' title='bbox 2117 2730 2295 2801; x_wconf 84' lang='grc' dir='ltr'>ήμῶν,</span> <span class='ocrx_word' id='word_1_473' title='bbox 2328 2732 2429 2804; x_wconf 82' lang='grc' dir='ltr'>τὴν</span> <span class='ocrx_word' id='word_1_474' title='bbox 2464 2733 2564 2803; x_wconf 82' lang='grc' dir='ltr'>τῆς</span> <span class='ocrx_word' id='word_1_475' title='bbox 2602 2733 2958 2801; x_wconf 80' lang='grc' dir='ltr'>ἀναπλάσεως</span> <span class='ocrx_word' id='word_1_476' title='bbox 3007 2737 3168 2808; x_wconf 69' lang='grc' dir='ltr'>ἡμῶν</span> <span class='ocrx_word' id='word_1_477' title='bbox 3198 2741 3399 2794; x_wconf 85' lang='grc' dir='ltr'>αίτίαν·</span> <span class='ocrx_word' id='word_1_478' title='bbox 3438 2743 3508 2795; x_wconf 86' lang='grc' dir='ltr'>δι’</span> <span class='ocrx_word' id='word_1_479' title='bbox 3528 2739 3600 2813; x_wconf 79' lang='grc' dir='ltr'><strong>ἧς</strong></span> <span class='ocrx_word' id='word_1_480' title='bbox 3626 2745 3691 2797; x_wconf 77' lang='grc' dir='ltr'>τὸ</span> 
     </span>
    </p>
   </div>
   <div class='ocr_carea' id='block_1_73' title="bbox 2117 2822 3686 2900">
    <p class='ocr_par' dir='ltr' id='par_1_73' title="bbox 2117 2822 3686 2900">
     <span class='ocr_line' id='line_1_73' title="bbox 2117 2822 3686 2900; baseline 0.008 -24"><span class='ocrx_word' id='word_1_481' title='bbox 2117 2824 2238 2876; x_wconf 83' lang='grc' dir='ltr'>κατ’</span> <span class='ocrx_word' id='word_1_482' title='bbox 2273 2822 2460 2876; x_wconf 75' lang='grc' dir='ltr'>εἰκόνα</span> <span class='ocrx_word' id='word_1_483' title='bbox 2488 2823 2625 2878; x_wconf 82' lang='grc' dir='ltr'><strong>Θεοῦ</strong></span> <span class='ocrx_word' id='word_1_484' title='bbox 2680 2826 3003 2896; x_wconf 78' lang='grc' dir='ltr'>ἀχρειωθὲν,</span> <span class='ocrx_word' id='word_1_485' title='bbox 3054 2830 3188 2900; x_wconf 78' lang='grc' dir='ltr'>πρὸς</span> <span class='ocrx_word' id='word_1_486' title='bbox 3217 2831 3314 2900; x_wconf 76' lang='grc' dir='ltr'>τὴν</span> <span class='ocrx_word' id='word_1_487' title='bbox 3343 2833 3549 2888; x_wconf 76' lang='grc' dir='ltr'>οίκείαν</span> <span class='ocrx_word' id='word_1_488' title='bbox 3582 2836 3686 2888; x_wconf 80' lang='grc' dir='ltr'><strong>ἐπ-</strong></span> 
     </span>
    </p>
   </div>
   <div class='ocr_carea' id='block_1_74' title="bbox 2117 2909 3688 2992">
    <p class='ocr_par' dir='ltr' id='par_1_74' title="bbox 2117 2909 3688 2992">
     <span class='ocr_line' id='line_1_74' title="bbox 2117 2909 3688 2992; baseline 0.009 -29"><span class='ocrx_word' id='word_1_489' title='bbox 2117 2909 2347 2982; x_wconf 80' lang='grc' dir='ltr'>ανῆλθεν</span> <span class='ocrx_word' id='word_1_490' title='bbox 2363 2913 2718 2982; x_wconf 79' lang='grc' dir='ltr'>εὐπρέπειαν·</span> <span class='ocrx_word' id='word_1_491' title='bbox 2741 2915 2810 2968; x_wconf 87' lang='grc' dir='ltr'><strong>δι’</strong></span> <span class='ocrx_word' id='word_1_492' title='bbox 2837 2911 2907 2986; x_wconf 84' lang='grc' dir='ltr'>ἦς</span> <span class='ocrx_word' id='word_1_493' title='bbox 2935 2918 3062 2981; x_wconf 79' lang='grc' dir='ltr'>τοὺς</span> <span class='ocrx_word' id='word_1_494' title='bbox 3088 2919 3182 2987; x_wconf 85' lang='grc' dir='ltr'>τῆς</span> <span class='ocrx_word' id='word_1_495' title='bbox 3209 2920 3481 2992; x_wconf 81' lang='grc' dir='ltr'>ἁμαρτίας</span> <span class='ocrx_word' id='word_1_496' title='bbox 3505 2925 3688 2992; x_wconf 82' lang='grc' dir='ltr'>χιτῶ-</span> 
     </span>
    </p>
   </div>
   <div class='ocr_carea' id='block_1_75' title="bbox 2118 3004 3688 3085">
    <p class='ocr_par' dir='ltr' id='par_1_75' title="bbox 2118 3004 3688 3085">
     <span class='ocr_line' id='line_1_75' title="bbox 2118 3004 3688 3085; baseline 0.009 -29"><span class='ocrx_word' id='word_1_497' title='bbox 2118 3020 2215 3067; x_wconf 85' lang='grc' dir='ltr'><strong>νας</strong></span> <span class='ocrx_word' id='word_1_498' title='bbox 2245 3004 2648 3070; x_wconf 79' lang='grc' dir='ltr'>ἀποσάλλοντες</span> <span class='ocrx_word' id='word_1_499' title='bbox 2689 3004 2871 3078; x_wconf 68' lang='grc' dir='ltr'><strong>[Μαι.</strong></span> <span class='ocrx_word' id='word_1_500' title='bbox 2903 3010 3197 3084; x_wconf 60' lang='grc' dir='ltr'>ἁποϐαλδνῙ</span> <span class='ocrx_word' id='word_1_501' title='bbox 3220 3014 3316 3083; x_wconf 81' lang='grc' dir='ltr'>τὴν</span> <span class='ocrx_word' id='word_1_502' title='bbox 3358 3014 3456 3066; x_wconf 84' lang='grc' dir='ltr'><strong>τοῦ</strong></span> <span class='ocrx_word' id='word_1_503' title='bbox 3491 3018 3688 3085; x_wconf 73' lang='grc' dir='ltr'>φωτὸς</span> 
     </span>
    </p>
   </div>
   <div class='ocr_carea' id='block_1_76' title="bbox 2116 3093 3684 3180">
    <p class='ocr_par' dir='ltr' id='par_1_76' title="bbox 2116 3093 3684 3180">
     <span class='ocr_line' id='line_1_76' title="bbox 2116 3093 3684 3180; baseline 0.012 -34"><span class='ocrx_word' id='word_1_504' title='bbox 2116 3093 2312 3166; x_wconf 83' lang='grc' dir='ltr'>στολὴν</span> <span class='ocrx_word' id='word_1_505' title='bbox 2333 3097 2758 3167; x_wconf 80' lang='grc' dir='ltr'>ἡμφιασάμεθα.</span> <span class='ocrx_word' id='word_1_506' title='bbox 2784 3099 2857 3151; x_wconf 83' lang='grc' dir='ltr'>Τὸ</span> <span class='ocrx_word' id='word_1_507' title='bbox 2875 3100 2983 3155; x_wconf 88' lang='grc' dir='ltr'><strong>τῶν</strong></span> <span class='ocrx_word' id='word_1_508' title='bbox 3001 3105 3289 3176; x_wconf 78' lang='grc' dir='ltr'>προφητῶν</span> <span class='ocrx_word' id='word_1_509' title='bbox 3312 3107 3684 3180; x_wconf 71' lang='grc' dir='ltr'>ἀναφώνημα·</span> 
     </span>
    </p>
   </div>
   <div class='ocr_carea' id='block_1_77' title="bbox 2113 3181 3692 3270">
    <p class='ocr_par' dir='ltr' id='par_1_77' title="bbox 2113 3181 3692 3270">
     <span class='ocr_line' id='line_1_77' title="bbox 2113 3181 3692 3270; baseline 0.013 -36"><span class='ocrx_word' id='word_1_510' title='bbox 2113 3181 2174 3234; x_wconf 84' lang='grc' dir='ltr'><strong>τὸ</strong></span> <span class='ocrx_word' id='word_1_511' title='bbox 2203 3184 2311 3236; x_wconf 88' lang='grc' dir='ltr'><strong>τῶν</strong></span> <span class='ocrx_word' id='word_1_512' title='bbox 2357 3183 2520 3238; x_wconf 87' lang='grc' dir='ltr'>θείων</span> <span class='ocrx_word' id='word_1_513' title='bbox 2551 3187 2818 3258; x_wconf 85' lang='grc' dir='ltr'>χρησμῶν</span> <span class='ocrx_word' id='word_1_514' title='bbox 2856 3191 3203 3264; x_wconf 80' lang='grc' dir='ltr'>ὲκπλήρωμα</span> <span class='ocrx_word' id='word_1_515' title='bbox 3229 3212 3243 3226; x_wconf 90' lang='grc'><strong>·</strong></span> <span class='ocrx_word' id='word_1_516' title='bbox 3293 3197 3354 3248; x_wconf 77' lang='grc' dir='ltr'><strong>τδ</strong></span> <span class='ocrx_word' id='word_1_517' title='bbox 3393 3199 3492 3268; x_wconf 81' lang='grc' dir='ltr'>τῆς</span> <span class='ocrx_word' id='word_1_518' title='bbox 3525 3201 3692 3270; x_wconf 74' lang='grc' dir='ltr'>ἡμῶν</span> 
     </span>
    </p>
   </div>
   <div class='ocr_carea' id='block_1_78' title="bbox 2117 3276 3690 3353">
    <p class='ocr_par' dir='ltr' id='par_1_78' title="bbox 2117 3276 3690 3353">
     <span class='ocr_line' id='line_1_78' title="bbox 2117 3276 3690 3353; baseline 0.013 -26"><span class='ocrx_word' id='word_1_519' title='bbox 2117 3276 2392 3346; x_wconf 85' lang='grc' dir='ltr'>σωτηρίας</span> <span class='ocrx_word' id='word_1_520' title='bbox 2437 3278 2755 3347; x_wconf 81' lang='grc' dir='ltr'>κεφάλαιον.</span> <span class='ocrx_word' id='word_1_521' title='bbox 2817 3282 2882 3334; x_wconf 86' lang='grc' dir='ltr'><strong>Ὢ</strong></span> <span class='ocrx_word' id='word_1_522' title='bbox 2923 3284 3024 3353; x_wconf 84' lang='grc' dir='ltr'>τῆς</span> <span class='ocrx_word' id='word_1_523' title='bbox 3071 3285 3181 3340; x_wconf 89' lang='grc' dir='ltr'><strong>τῶν</strong></span> <span class='ocrx_word' id='word_1_524' title='bbox 3223 3288 3492 3343; x_wconf 79' lang='grc' dir='ltr'>τεκόντων</span> <span class='ocrx_word' id='word_1_525' title='bbox 3533 3293 3690 3347; x_wconf 77' lang='grc' dir='ltr'>εὐτε-</span> 
     </span>
    </p>
   </div>
   <div class='ocr_carea' id='block_1_79' title="bbox 2115 3366 3695 3460">
    <p class='ocr_par' dir='ltr' id='par_1_79' title="bbox 2115 3366 3695 3460">
     <span class='ocr_line' id='line_1_79' title="bbox 2115 3366 3695 3460; baseline 0.016 -43"><span class='ocrx_word' id='word_1_526' title='bbox 2115 3366 2304 3430; x_wconf 79' lang='grc' dir='ltr'>κνίαςι</span> <span class='ocrx_word' id='word_1_527' title='bbox 2343 3369 2406 3422; x_wconf 84' lang='grc' dir='ltr'><strong>Ὢ</strong></span> <span class='ocrx_word' id='word_1_528' title='bbox 2437 3367 2532 3422; x_wconf 83' lang='grc' dir='ltr'><strong>τοῦ</strong></span> <span class='ocrx_word' id='word_1_529' title='bbox 2568 3372 2728 3425; x_wconf 88' lang='grc' dir='ltr'>τόκου</span> <span class='ocrx_word' id='word_1_530' title='bbox 2765 3373 2836 3427; x_wconf 84' lang='grc' dir='ltr'><strong>τὰ</strong></span> <span class='ocrx_word' id='word_1_531' title='bbox 2880 3375 3020 3448; x_wconf 81' lang='grc' dir='ltr'>ὑπὲρ</span> <span class='ocrx_word' id='word_1_532' title='bbox 3049 3379 3177 3432; x_wconf 79' lang='grc' dir='ltr'>νοῦν</span> <span class='ocrx_word' id='word_1_533' title='bbox 3206 3383 3394 3450; x_wconf 77' lang='grc' dir='ltr'>ἀγαθὰ</span> <span class='ocrx_word' id='word_1_534' title='bbox 3425 3386 3695 3460; x_wconf 73' lang='grc' dir='ltr'>προξενή-</span> 
     </span>
    </p>
   </div>
   <div class='ocr_carea' id='block_1_80' title="bbox 2115 3460 3694 3548">
    <p class='ocr_par' dir='ltr' id='par_1_80' title="bbox 2115 3460 3694 3548">
     <span class='ocr_line' id='line_1_80' title="bbox 2115 3460 3694 3548; baseline 0.017 -41"><span class='ocrx_word' id='word_1_535' title='bbox 2115 3472 2308 3548; x_wconf 74' lang='grc' dir='ltr'>σαντος</span> <span class='ocrx_word' id='word_1_536' title='bbox 2337 3460 2450 3548; x_wconf 87' lang='grc' dir='ltr'>τοῖς</span> <span class='ocrx_word' id='word_1_537' title='bbox 2475 3461 2796 3528; x_wconf 79' lang='grc' dir='ltr'>ὲνὲγκασινι</span> <span class='ocrx_word' id='word_1_538' title='bbox 2833 3464 2955 3518; x_wconf 85' lang='grc' dir='ltr'><strong>Ἐπὶ</strong></span> <span class='ocrx_word' id='word_1_539' title='bbox 2982 3468 3085 3536; x_wconf 78' lang='grc' dir='ltr'>μὲν</span> <span class='ocrx_word' id='word_1_540' title='bbox 3116 3469 3228 3540; x_wconf 83' lang='grc' dir='ltr'><strong>γὰρ</strong></span> <span class='ocrx_word' id='word_1_541' title='bbox 3252 3474 3363 3526; x_wconf 83' lang='grc' dir='ltr'><strong>τῶν</strong></span> <span class='ocrx_word' id='word_1_542' title='bbox 3391 3477 3517 3530; x_wconf 80' lang='grc' dir='ltr'>καθ’</span> <span class='ocrx_word' id='word_1_543' title='bbox 3543 3480 3694 3548; x_wconf 73' lang='grc' dir='ltr'>ἡμᾶς</span> 
     </span>
    </p>
   </div>
   <div class='ocr_carea' id='block_1_81' title="bbox 2111 3545 3692 3639">
    <p class='ocr_par' dir='ltr' id='par_1_81' title="bbox 2111 3545 3692 3639">
     <span class='ocr_line' id='line_1_81' title="bbox 2111 3545 3692 3639; baseline 0.017 -43"><span class='ocrx_word' id='word_1_544' title='bbox 2111 3545 2227 3598; x_wconf 84' lang='grc' dir='ltr'>ὅσοι</span> <span class='ocrx_word' id='word_1_545' title='bbox 2262 3547 2502 3639; x_wconf 77' lang='grc' dir='ltr'>πατέρες</span> <span class='ocrx_word' id='word_1_546' title='bbox 2523 3549 2717 3620; x_wconf 77' lang='grc' dir='ltr'>ἔτυχον</span> <span class='ocrx_word' id='word_1_547' title='bbox 2740 3554 3018 3620; x_wconf 78' lang='grc' dir='ltr'>γενέσθαι,</span> <span class='ocrx_word' id='word_1_548' title='bbox 3049 3558 3174 3628; x_wconf 70' lang='grc' dir='ltr'>ἦτοι</span> <span class='ocrx_word' id='word_1_549' title='bbox 3206 3568 3508 3633; x_wconf 85' lang='grc' dir='ltr'>κοσμικαῖς</span> <span class='ocrx_word' id='word_1_550' title='bbox 3535 3545 3692 3639; x_wconf 76' lang='grc' dir='ltr'>περι-</span> 
     </span>
    </p>
   </div>
   <div class='ocr_carea' id='block_1_82' title="bbox 2112 3635 3687 3727">
    <p class='ocr_par' dir='ltr' id='par_1_82' title="bbox 2112 3635 3687 3727">
     <span class='ocr_line' id='line_1_82' title="bbox 2112 3635 3687 3727; baseline 0.018 -41"><span class='ocrx_word' id='word_1_551' title='bbox 2112 3635 2366 3727; x_wconf 75' lang='grc' dir='ltr'>ςρανείαις</span> <span class='ocrx_word' id='word_1_552' title='bbox 2387 3639 2515 3702; x_wconf 76' lang='grc' dir='ltr'>τοὺς</span> <span class='ocrx_word' id='word_1_553' title='bbox 2538 3639 2600 3705; x_wconf 77' lang='grc' dir='ltr'>ἐξ</span> <span class='ocrx_word' id='word_1_554' title='bbox 2623 3641 2804 3696; x_wconf 73' lang='grc' dir='ltr'>αὐτῶν</span> <span class='ocrx_word' id='word_1_555' title='bbox 2825 3647 3192 3716; x_wconf 79' lang='grc' dir='ltr'>προελθόντας</span> <span class='ocrx_word' id='word_1_556' title='bbox 3213 3635 3687 3727; x_wconf 75' lang='grc' dir='ltr'>ἀνακηρυχθῆναι,</span> 
     </span>
    </p>
   </div>
   <div class='ocr_carea' id='block_1_83' title="bbox 2113 3724 3689 3817">
    <p class='ocr_par' dir='ltr' id='par_1_83' title="bbox 2113 3724 3689 3817">
     <span class='ocr_line' id='line_1_83' title="bbox 2113 3724 3689 3817; baseline 0.018 -40"><span class='ocrx_word' id='word_1_557' title='bbox 2113 3724 2146 3796; x_wconf 80' lang='grc' dir='ltr'>ἢ</span> <span class='ocrx_word' id='word_1_558' title='bbox 2175 3725 2252 3797; x_wconf 82' lang='grc' dir='ltr'>τῷ</span> <span class='ocrx_word' id='word_1_559' title='bbox 2273 3728 2385 3782; x_wconf 89' lang='grc' dir='ltr'><strong>τῶν</strong></span> <span class='ocrx_word' id='word_1_560' title='bbox 2414 3730 2629 3801; x_wconf 82' lang='grc' dir='ltr'>ἀρετῶν</span> <span class='ocrx_word' id='word_1_561' title='bbox 2658 3735 2802 3802; x_wconf 78' lang='grc' dir='ltr'>φωτὶ</span> <span class='ocrx_word' id='word_1_562' title='bbox 2837 3737 3294 3812; x_wconf 77' lang='grc' dir='ltr'>καταλαμφθῆναι</span> <span class='ocrx_word' id='word_1_563' title='bbox 3317 3759 3332 3775; x_wconf 75' lang='grc' dir='ltr'><strong>ο</strong></span> <span class='ocrx_word' id='word_1_564' title='bbox 3369 3724 3426 3816; x_wconf 59' lang='grc' dir='ltr'>ἦ·</span> <span class='ocrx_word' id='word_1_565' title='bbox 3441 3724 3689 3817; x_wconf 74' lang='grc' dir='ltr'>γενναῖόν</span> 
     </span>
    </p>
   </div>
   <div class='ocr_carea' id='block_1_84' title="bbox 2109 3819 3686 3911">
    <p class='ocr_par' dir='ltr' id='par_1_84' title="bbox 2109 3819 3686 3911">
     <span class='ocr_line' id='line_1_84' title="bbox 2109 3819 3686 3911; baseline 0.016 -40"><span class='ocrx_word' id='word_1_566' title='bbox 2109 3835 2163 3911; x_wconf 83' lang='grc' dir='ltr'>τι</span> <span class='ocrx_word' id='word_1_567' title='bbox 2192 3819 2288 3873; x_wconf 83' lang='grc' dir='ltr'>καὶ</span> <span class='ocrx_word' id='word_1_568' title='bbox 2322 3821 2471 3891; x_wconf 77' lang='grc' dir='ltr'>μέγα</span> <span class='ocrx_word' id='word_1_569' title='bbox 2503 3822 2807 3880; x_wconf 82' lang='grc' dir='ltr'>δοκούντων</span> <span class='ocrx_word' id='word_1_570' title='bbox 2831 3829 2932 3898; x_wconf 83' lang='grc' dir='ltr'>τῆς</span> <span class='ocrx_word' id='word_1_571' title='bbox 2953 3831 3210 3902; x_wconf 83' lang='grc' dir='ltr'>ἀνδρείας</span> <span class='ocrx_word' id='word_1_572' title='bbox 3237 3837 3686 3911; x_wconf 78' lang='grc' dir='ltr'>κατορθωμάτων</span> 
     </span>
    </p>
   </div>
   <div class='ocr_carea' id='block_1_85' title="bbox 2061 3910 3688 3997">
    <p class='ocr_par' dir='ltr' id='par_1_85' title="bbox 2061 3910 3688 3997">
     <span class='ocr_line' id='line_1_85' title="bbox 2061 3910 3688 3997; baseline 0.016 -35"><span class='ocrx_word' id='word_1_573' title='bbox 2061 3949 2068 3952; x_wconf 93' lang='grc'>.</span> <span class='ocrx_word' id='word_1_574' title='bbox 2110 3910 2488 3979; x_wconf 79' lang='grc' dir='ltr'>ινδείξασθαι,</span> <span class='ocrx_word' id='word_1_575' title='bbox 2528 3916 2589 3968; x_wconf 82' lang='grc' dir='ltr'><strong>ού</strong></span> <span class='ocrx_word' id='word_1_576' title='bbox 2633 3918 2697 3970; x_wconf 83' lang='grc' dir='ltr'>τὸ</span> <span class='ocrx_word' id='word_1_577' title='bbox 2735 3921 2896 3990; x_wconf 80' lang='grc' dir='ltr'>τυχὸν</span> <span class='ocrx_word' id='word_1_578' title='bbox 2939 3923 3126 3987; x_wconf 82' lang='grc' dir='ltr'>αὐτοῖς</span> <span class='ocrx_word' id='word_1_579' title='bbox 3175 3927 3241 3979; x_wconf 86' lang='grc' dir='ltr'>ὲκ</span> <span class='ocrx_word' id='word_1_580' title='bbox 3274 3910 3688 3997; x_wconf 11' lang='grc' dir='ltr'>τούτωννκλέος</span> 
     </span>
    </p>
   </div>
   <div class='ocr_carea' id='block_1_86' title="bbox 2112 4003 3690 4092">
    <p class='ocr_par' dir='ltr' id='par_1_86' title="bbox 2112 4003 3690 4092">
     <span class='ocr_line' id='line_1_86' title="bbox 2112 4003 3690 4092; baseline 0.015 -39"><span class='ocrx_word' id='word_1_581' title='bbox 2112 4003 2503 4073; x_wconf 88' lang='grc' dir='ltr'>προσγίνεται,</span> <span class='ocrx_word' id='word_1_582' title='bbox 2536 4009 2603 4078; x_wconf 76' lang='grc' dir='ltr'><strong>τῇ</strong></span> <span class='ocrx_word' id='word_1_583' title='bbox 2639 4010 2900 4082; x_wconf 80' lang='grc' dir='ltr'>κοινωνίᾳ</span> <span class='ocrx_word' id='word_1_584' title='bbox 2926 4012 3025 4084; x_wconf 85' lang='grc' dir='ltr'><strong>τῆς</strong></span> <span class='ocrx_word' id='word_1_585' title='bbox 3055 4013 3280 4084; x_wconf 79' lang='grc' dir='ltr'>φύσεως</span> <span class='ocrx_word' id='word_1_586' title='bbox 3313 4024 3690 4092; x_wconf 85' lang='grc' dir='ltr'>συμμετεχόν-</span> 
     </span>
    </p>
   </div>
   <div class='ocr_carea' id='block_1_87' title="bbox 2110 4095 3686 4186">
    <p class='ocr_par' dir='ltr' id='par_1_87' title="bbox 2110 4095 3686 4186">
     <span class='ocr_line' id='line_1_87' title="bbox 2110 4095 3686 4186; baseline 0.017 -43"><span class='ocrx_word' id='word_1_587' title='bbox 2110 4109 2220 4146; x_wconf 86' lang='grc' dir='ltr'><strong>των</strong></span> <span class='ocrx_word' id='word_1_588' title='bbox 2261 4095 2362 4164; x_wconf 77' lang='grc' dir='ltr'>τῆς</span> <span class='ocrx_word' id='word_1_589' title='bbox 2393 4095 2658 4163; x_wconf 77' lang='grc' dir='ltr'>εὐδοξίας·</span> <span class='ocrx_word' id='word_1_590' title='bbox 2689 4101 2783 4152; x_wconf 83' lang='grc' dir='ltr'><strong>ὲπὶ</strong></span> <span class='ocrx_word' id='word_1_591' title='bbox 2831 4101 2890 4154; x_wconf 81' lang='grc' dir='ltr'>δὲ</span> <span class='ocrx_word' id='word_1_592' title='bbox 2929 4103 3137 4158; x_wconf 87' lang='grc' dir='ltr'>τούτων</span> <span class='ocrx_word' id='word_1_593' title='bbox 3184 4107 3271 4172; x_wconf 78' lang='grc' dir='ltr'><strong>τίς</strong></span> <span class='ocrx_word' id='word_1_594' title='bbox 3306 4110 3376 4164; x_wconf 78' lang='grc' dir='ltr'>ἂν</span> <span class='ocrx_word' id='word_1_595' title='bbox 3410 4112 3686 4186; x_wconf 72' lang='grc' dir='ltr'>ὑπερϐολὴ</span> 
     </span>
    </p>
   </div>
   <div class='ocr_carea' id='block_1_88' title="bbox 2109 4185 3683 4276">
    <p class='ocr_par' dir='ltr' id='par_1_88' title="bbox 2109 4185 3683 4276">
     <span class='ocr_line' id='line_1_88' title="bbox 2109 4185 3683 4276; baseline -0.001 -17"><span class='ocrx_word' id='word_1_596' title='bbox 2109 4185 2268 4258; x_wconf 77' lang='grc' dir='ltr'>δόξης</span> <span class='ocrx_word' id='word_1_597' title='bbox 2293 4189 2642 4260; x_wconf 64' lang='grc' dir='ltr'>ἐπινοηθείη.</span> <span class='ocrx_word' id='word_1_598' title='bbox 2673 4186 2743 4263; x_wconf 78' lang='grc' dir='ltr'><strong>ἦς</strong></span> <span class='ocrx_word' id='word_1_599' title='bbox 2767 4192 2877 4246; x_wconf 78' lang='grc' dir='ltr'>τῶν</span> <span class='ocrx_word' id='word_1_600' title='bbox 2917 4197 3228 4266; x_wconf 78' lang='grc' dir='ltr'>πρεσὸείων</span> <span class='ocrx_word' id='word_1_601' title='bbox 3257 4201 3360 4256; x_wconf 82' lang='grc' dir='ltr'><strong>οὐκ</strong></span> <span class='ocrx_word' id='word_1_602' title='bbox 3387 4185 3683 4276; x_wconf 60' lang='grc' dir='ltr'>ἐπέτυχονέ</span> 
     </span>
    </p>
   </div>
   <div class='ocr_carea' id='block_1_89' title="bbox 2111 4279 3685 4373">
    <p class='ocr_par' dir='ltr' id='par_1_89' title="bbox 2111 4279 3685 4373">
     <span class='ocr_line' id='line_1_89' title="bbox 2111 4279 3685 4373; baseline 0.017 -44"><span class='ocrx_word' id='word_1_603' title='bbox 2111 4279 2204 4373; x_wconf 65' lang='grc' dir='ltr'>καὶ</span> <span class='ocrx_word' id='word_1_604' title='bbox 2237 4280 2290 4373; x_wconf 79' lang='grc' dir='ltr'><strong>τί</strong></span> <span class='ocrx_word' id='word_1_605' title='bbox 2453 4282 2903 4354; x_wconf 83' lang='grc' dir='ltr'>μακρολογοῦντα</span> <span class='ocrx_word' id='word_1_606' title='bbox 2951 4290 3069 4352; x_wconf 87' lang='grc' dir='ltr'>τοῖς</span> <span class='ocrx_word' id='word_1_607' title='bbox 3121 4290 3434 4363; x_wconf 73' lang='grc' dir='ltr'>ἀκροαταῖς</span> <span class='ocrx_word' id='word_1_608' title='bbox 3480 4317 3685 4373; x_wconf 83' lang='grc' dir='ltr'>παρεν-</span> 
     </span>
    </p>
   </div>
   <div class='ocr_carea' id='block_1_90' title="bbox 437 4360 2009 4463">
    <p class='ocr_par' dir='ltr' id='par_1_90' title="bbox 437 4360 2005 4434">
     <span class='ocr_line' id='line_1_90' title="bbox 437 4360 2005 4434; baseline -0.001 -16"><span class='ocrx_word' id='word_1_609' title='bbox 437 4380 598 4434; x_wconf 85' lang='lat' dir='ltr'><strong>quam</strong></span> <span class='ocrx_word' id='word_1_610' title='bbox 635 4372 956 4434; x_wconf 75' lang='lat' dir='ltr'><strong>genuerunt,</strong></span> <span class='ocrx_word' id='word_1_611' title='bbox 1001 4376 1313 4431; x_wconf 88' lang='lat' dir='ltr'><strong>supremum</strong></span> <span class='ocrx_word' id='word_1_612' title='bbox 1347 4361 1535 4431; x_wconf 64' lang='lat' dir='ltr'><strong>gloria:</strong></span> <span class='ocrx_word' id='word_1_613' title='bbox 1575 4363 1806 4432; x_wconf 88' lang='lat' dir='ltr'><strong>apicem,</strong></span> <span class='ocrx_word' id='word_1_614' title='bbox 1839 4360 2005 4417; x_wconf 83' lang='lat' dir='ltr'><strong>Crea-</strong></span> 
     </span>
    </p>
   </div>
   <div class='ocr_carea' id='block_1_91' title="bbox 2111 4360 3688 4463">
    <p class='ocr_par' dir='ltr' id='par_1_91' title="bbox 2111 4360 3688 4463">
     <span class='ocr_line' id='line_1_91' title="bbox 2111 4360 3688 4463; baseline 0.016 -43"><span class='ocrx_word' id='word_1_615' title='bbox 2111 4369 2316 4463; x_wconf 60' lang='grc' dir='ltr'>οχλεῖνς</span> <span class='ocrx_word' id='word_1_616' title='bbox 2337 4371 2548 4444; x_wconf 85' lang='grc' dir='ltr'>’Ὠσπερ</span> <span class='ocrx_word' id='word_1_617' title='bbox 2588 4373 2697 4446; x_wconf 82' lang='grc' dir='ltr'>γὰρ</span> <span class='ocrx_word' id='word_1_618' title='bbox 2732 4377 2766 4447; x_wconf 83' lang='grc' dir='ltr'>ὴ</span> <span class='ocrx_word' id='word_1_619' title='bbox 2801 4377 3080 4448; x_wconf 85' lang='grc' dir='ltr'>τεχθεῖσα,</span> <span class='ocrx_word' id='word_1_620' title='bbox 3119 4360 3512 4442; x_wconf 24' lang='grc' dir='ltr'>τὸνάνώτατον</span> <span class='ocrx_word' id='word_1_621' title='bbox 3546 4360 3688 4463; x_wconf 66' lang='grc' dir='ltr'>πλὴν</span> 
     </span>
    </p>
   </div>
   <div class='ocr_carea' id='block_1_92' title="bbox 441 4452 2004 4524">
    <p class='ocr_par' dir='ltr' id='par_1_92' title="bbox 441 4452 2004 4524">
     <span class='ocr_line' id='line_1_92' title="bbox 441 4452 2004 4524; baseline -0.002 -14"><span class='ocrx_word' id='word_1_622' title='bbox 441 4465 557 4510; x_wconf 90' lang='lat' dir='ltr'><strong>tore</strong></span> <span class='ocrx_word' id='word_1_623' title='bbox 587 4469 696 4509; x_wconf 91' lang='lat' dir='ltr'><strong>uno</strong></span> <span class='ocrx_word' id='word_1_624' title='bbox 721 4463 968 4524; x_wconf 80' lang='lat' dir='ltr'><strong>excepto,</strong></span> <span class='ocrx_word' id='word_1_625' title='bbox 997 4452 1234 4522; x_wconf 85' lang='lat' dir='ltr'><strong>accepit;</strong></span> <span class='ocrx_word' id='word_1_626' title='bbox 1273 4453 1352 4508; x_wconf 88' lang='lat' dir='ltr'><strong>sic</strong></span> <span class='ocrx_word' id='word_1_627' title='bbox 1387 4462 1442 4511; x_wconf 88' lang='lat' dir='ltr'><strong>et</strong></span> <span class='ocrx_word' id='word_1_628' title='bbox 1474 4453 1572 4507; x_wconf 73' lang='lat' dir='ltr'><strong>isti</strong></span> <span class='ocrx_word' id='word_1_629' title='bbox 1602 4453 2004 4524; x_wconf 87' lang='lat' dir='ltr'><strong>incomparabi-</strong></span> 
     </span>
    </p>
   </div>
   <div class='ocr_carea' id='block_1_93' title="bbox 437 4544 2007 4615">
    <p class='ocr_par' dir='ltr' id='par_1_93' title="bbox 437 4544 2007 4615">
     <span class='ocr_line' id='line_1_93' title="bbox 437 4544 2007 4615; baseline 0.001 -15"><span class='ocrx_word' id='word_1_630' title='bbox 437 4546 541 4600; x_wconf 86' lang='lat' dir='ltr'><strong>lem</strong></span> <span class='ocrx_word' id='word_1_631' title='bbox 585 4559 696 4615; x_wconf 59' lang='lat' dir='ltr'><strong>pra‘,</strong></span> <span class='ocrx_word' id='word_1_632' title='bbox 729 4546 1042 4613; x_wconf 88' lang='lat' dir='ltr'><strong>parentibus</strong></span> <span class='ocrx_word' id='word_1_633' title='bbox 1084 4544 1336 4600; x_wconf 88' lang='lat' dir='ltr'><strong>omnibus</strong></span> <span class='ocrx_word' id='word_1_634' title='bbox 1376 4545 1601 4615; x_wconf 88' lang='lat' dir='ltr'><strong>gloriam</strong></span> <span class='ocrx_word' id='word_1_635' title='bbox 1633 4548 2007 4602; x_wconf 89' lang='lat' dir='ltr'><strong>obtinuerunt.</strong></span> 
     </span>
    </p>
   </div>
   <div class='ocr_carea' id='block_1_94' title="bbox 441 4636 2007 4706">
    <p class='ocr_par' dir='ltr' id='par_1_94' title="bbox 441 4636 2007 4706">
     <span class='ocr_line' id='line_1_94' title="bbox 441 4636 2007 4706; baseline 0.001 -13"><span class='ocrx_word' id='word_1_636' title='bbox 441 4637 629 4694; x_wconf 87' lang='lat' dir='ltr'><strong>Divina</strong></span> <span class='ocrx_word' id='word_1_637' title='bbox 675 4636 859 4705; x_wconf 88' lang='lat' dir='ltr'><strong>itaque</strong></span> <span class='ocrx_word' id='word_1_638' title='bbox 900 4636 1074 4706; x_wconf 87' lang='lat' dir='ltr'><strong>puella</strong></span> <span class='ocrx_word' id='word_1_639' title='bbox 1123 4648 1278 4706; x_wconf 87' lang='lat' dir='ltr'><strong>partu</strong></span> <span class='ocrx_word' id='word_1_640' title='bbox 1326 4637 1490 4700; x_wconf 84' lang='lat' dir='ltr'><strong>edita,</strong></span> <span class='ocrx_word' id='word_1_641' title='bbox 1539 4649 1804 4694; x_wconf 83' lang='lat' dir='ltr'><strong>convocat</strong></span> <span class='ocrx_word' id='word_1_642' title='bbox 1851 4640 2007 4694; x_wconf 83' lang='lat' dir='ltr'><strong>Anna</strong></span> 
     </span>
    </p>
   </div>
   <div class='ocr_carea' id='block_1_95' title="bbox 436 4728 1267 4800">
    <p class='ocr_par' dir='ltr' id='par_1_95' title="bbox 436 4728 1267 4800">
     <span class='ocr_line' id='line_1_95' title="bbox 436 4728 1267 4800; baseline -0.001 -15"><span class='ocrx_word' id='word_1_643' title='bbox 436 4732 642 4786; x_wconf 86' lang='lat' dir='ltr'><strong>amicas</strong></span> <span class='ocrx_word' id='word_1_644' title='bbox 675 4745 741 4784; x_wconf 87' lang='lat' dir='ltr'><strong>ac</strong></span> <span class='ocrx_word' id='word_1_645' title='bbox 769 4729 1004 4793; x_wconf 84' lang='lat' dir='ltr'><strong>sodales,</strong></span> <span class='ocrx_word' id='word_1_646' title='bbox 1037 4728 1220 4800; x_wconf 88' lang='lat' dir='ltr'><strong>aitque</strong></span> <span class='ocrx_word' id='word_1_647' title='bbox 1252 4746 1267 4784; x_wconf 91' lang='lat'><strong>:</strong></span> 
     </span>
    </p>
   </div>
   <div class='ocr_carea' id='block_1_96' title="bbox 507 4820 2006 4893">
    <p class='ocr_par' dir='ltr' id='par_1_96' title="bbox 507 4820 2006 4893">
     <span class='ocr_line' id='line_1_96' title="bbox 507 4820 2006 4893; baseline 0.003 -18"><span class='ocrx_word' id='word_1_648' title='bbox 507 4821 698 4876; x_wconf 87' lang='lat' dir='ltr'><strong>Venite</strong></span> <span class='ocrx_word' id='word_1_649' title='bbox 722 4863 740 4889; x_wconf 95' lang='lat'><strong>,</strong></span> <span class='ocrx_word' id='word_1_650' title='bbox 776 4836 896 4878; x_wconf 89' lang='lat' dir='ltr'><strong>meo</strong></span> <span class='ocrx_word' id='word_1_651' title='bbox 947 4825 1284 4893; x_wconf 80' lang='lat' dir='ltr'><strong>congaudete</strong></span> <span class='ocrx_word' id='word_1_652' title='bbox 1338 4821 1550 4892; x_wconf 74' lang='lat' dir='ltr'><strong>partui,</strong></span> <span class='ocrx_word' id='word_1_653' title='bbox 1587 4820 1774 4878; x_wconf 88' lang='lat' dir='ltr'><strong>Venite</strong></span> <span class='ocrx_word' id='word_1_654' title='bbox 1801 4862 1818 4889; x_wconf 90' lang='lat'><strong>,</strong></span> <span class='ocrx_word' id='word_1_655' title='bbox 1873 4837 2006 4879; x_wconf 61' lang='lat' dir='ltr'><strong>mea:</strong></span> 
     </span>
    </p>
   </div>
   <div class='ocr_carea' id='block_1_97' title="bbox 433 4901 2006 4985">
    <p class='ocr_par' dir='ltr' id='par_1_97' title="bbox 433 4901 2006 4985">
     <span class='ocr_line' id='line_1_97' title="bbox 433 4901 2006 4985; baseline 0.003 -19"><span class='ocrx_word' id='word_1_656' title='bbox 433 4913 608 4984; x_wconf 87' lang='lat' dir='ltr'><strong>prolis</strong></span> <span class='ocrx_word' id='word_1_657' title='bbox 653 4914 898 4968; x_wconf 80' lang='lat' dir='ltr'><strong>editiOne</strong></span> <span class='ocrx_word' id='word_1_658' title='bbox 929 4915 1211 4969; x_wconf 69' lang='lat' dir='ltr'><strong>laetamini.</strong></span> <span class='ocrx_word' id='word_1_659' title='bbox 1255 4913 1472 4980; x_wconf 87' lang='lat' dir='ltr'><strong>Venite,</strong></span> <span class='ocrx_word' id='word_1_660' title='bbox 1499 4929 1620 4970; x_wconf 87' lang='lat' dir='ltr'><strong>eam</strong></span> <span class='ocrx_word' id='word_1_661' title='bbox 1653 4901 1853 4981; x_wconf 60' lang='lat' dir='ltr'><strong>videtis,</strong></span> <span class='ocrx_word' id='word_1_662' title='bbox 1887 4930 2006 4985; x_wconf 73' lang='lat' dir='ltr'><strong>quae</strong></span> 
     </span>
    </p>
   </div>
   <div class='ocr_carea' id='block_1_98' title="bbox 434 5005 2008 5078">
    <p class='ocr_par' dir='ltr' id='par_1_98' title="bbox 434 5005 2008 5078">
     <span class='ocr_line' id='line_1_98' title="bbox 434 5005 2008 5078; baseline 0.003 -20"><span class='ocrx_word' id='word_1_663' title='bbox 434 5013 634 5074; x_wconf 75' lang='lat' dir='ltr'><strong>praeter</strong></span> <span class='ocrx_word' id='word_1_664' title='bbox 662 5019 810 5073; x_wconf 88' lang='lat' dir='ltr'><strong>spem</strong></span> <span class='ocrx_word' id='word_1_665' title='bbox 845 5005 1028 5059; x_wconf 88' lang='lat' dir='ltr'><strong>lactat.</strong></span> <span class='ocrx_word' id='word_1_666' title='bbox 1065 5005 1277 5070; x_wconf 86' lang='lat' dir='ltr'><strong>Venite,</strong></span> <span class='ocrx_word' id='word_1_667' title='bbox 1325 5015 1540 5060; x_wconf 83' lang='lat' dir='ltr'><strong>enatam</strong></span> <span class='ocrx_word' id='word_1_668' title='bbox 1589 5006 1799 5078; x_wconf 84' lang='lat' dir='ltr'><strong>virgam</strong></span> <span class='ocrx_word' id='word_1_669' title='bbox 1827 5023 1896 5064; x_wconf 81' lang='lat' dir='ltr'><strong>ex</strong></span> <span class='ocrx_word' id='word_1_670' title='bbox 1926 5009 2008 5063; x_wconf 90' lang='lat' dir='ltr'><strong>in-</strong></span> 
     </span>
    </p>
   </div>
   <div class='ocr_carea' id='block_1_99' title="bbox 433 5096 2004 5170">
    <p class='ocr_par' dir='ltr' id='par_1_99' title="bbox 433 5096 2004 5170">
     <span class='ocr_line' id='line_1_99' title="bbox 433 5096 2004 5170; baseline 0.002 -17"><span class='ocrx_word' id='word_1_671' title='bbox 433 5097 681 5154; x_wconf 88' lang='lat' dir='ltr'><strong>fecundis</strong></span> <span class='ocrx_word' id='word_1_672' title='bbox 743 5096 945 5152; x_wconf 88' lang='lat' dir='ltr'><strong>lumbis</strong></span> <span class='ocrx_word' id='word_1_673' title='bbox 1004 5099 1268 5166; x_wconf 84' lang='lat' dir='ltr'><strong>aspicite,</strong></span> <span class='ocrx_word' id='word_1_674' title='bbox 1335 5099 1690 5170; x_wconf 86' lang='lat' dir='ltr'><strong>sterilemque</strong></span> <span class='ocrx_word' id='word_1_675' title='bbox 1745 5099 2004 5156; x_wconf 82' lang='lat' dir='ltr'><strong>feminam</strong></span> 
     </span>
    </p>
   </div>
   <div class='ocr_carea' id='block_1_100' title="bbox 433 5189 2007 5260">
    <p class='ocr_par' dir='ltr' id='par_1_100' title="bbox 433 5189 2007 5260">
     <span class='ocr_line' id='line_1_100' title="bbox 433 5189 2007 5260; baseline 0.001 -14"><span class='ocrx_word' id='word_1_676' title='bbox 433 5201 647 5246; x_wconf 87' lang='lat' dir='ltr'><strong>uterum</strong></span> <span class='ocrx_word' id='word_1_677' title='bbox 675 5197 918 5260; x_wconf 84' lang='lat' dir='ltr'><strong>gestasse</strong></span> <span class='ocrx_word' id='word_1_678' title='bbox 945 5191 1308 5246; x_wconf 88' lang='lat' dir='ltr'><strong>considerate.</strong></span> <span class='ocrx_word' id='word_1_679' title='bbox 1341 5189 1554 5257; x_wconf 81' lang='lat' dir='ltr'><strong>Venite,</strong></span> <span class='ocrx_word' id='word_1_680' title='bbox 1582 5202 1882 5247; x_wconf 82' lang='lat' dir='ltr'><strong>vestrarum</strong></span> <span class='ocrx_word' id='word_1_681' title='bbox 1909 5208 2007 5248; x_wconf 75' lang='lat' dir='ltr'><strong>ex-</strong></span> 
     </span>
    </p>
   </div>
   <div class='ocr_carea' id='block_1_101' title="bbox 433 5279 2003 5356">
    <p class='ocr_par' dir='ltr' id='par_1_101' title="bbox 433 5279 2003 5356">
     <span class='ocr_line' id='line_1_101' title="bbox 433 5279 2003 5356; baseline 0 -18"><span class='ocrx_word' id='word_1_682' title='bbox 433 5283 844 5353; x_wconf 87' lang='lat' dir='ltr'><strong>probrationum</strong></span> <span class='ocrx_word' id='word_1_683' title='bbox 895 5279 1127 5335; x_wconf 86' lang='lat' dir='ltr'><strong>fructum</strong></span> <span class='ocrx_word' id='word_1_684' title='bbox 1173 5283 1484 5351; x_wconf 85' lang='lat' dir='ltr'><strong>perdiscite,</strong></span> <span class='ocrx_word' id='word_1_685' title='bbox 1516 5298 1762 5354; x_wconf 82' lang='lat' dir='ltr'><strong>epusqne</strong></span> <span class='ocrx_word' id='word_1_686' title='bbox 1813 5300 2003 5356; x_wconf 88' lang='lat' dir='ltr'><strong>preca-</strong></span> 
     </span>
    </p>
   </div>
   <div class='ocr_carea' id='block_1_102' title="bbox 432 5371 2006 5442">
    <p class='ocr_par' dir='ltr' id='par_1_102' title="bbox 432 5371 2006 5442">
     <span class='ocr_line' id='line_1_102' title="bbox 432 5371 2006 5442; baseline 0.001 -14"><span class='ocrx_word' id='word_1_687' title='bbox 432 5377 596 5432; x_wconf 87' lang='lat' dir='ltr'><strong>tionis</strong></span> <span class='ocrx_word' id='word_1_688' title='bbox 630 5375 878 5431; x_wconf 86' lang='lat' dir='ltr'><strong>lustrate.</strong></span> <span class='ocrx_word' id='word_1_689' title='bbox 915 5371 1097 5427; x_wconf 81' lang='lat' dir='ltr'><strong>Alaeri</strong></span> <span class='ocrx_word' id='word_1_690' title='bbox 1128 5374 1440 5429; x_wconf 88' lang='lat' dir='ltr'><strong>concurrite</strong></span> <span class='ocrx_word' id='word_1_691' title='bbox 1471 5374 1678 5442; x_wconf 86' lang='lat' dir='ltr'><strong>animo,</strong></span> <span class='ocrx_word' id='word_1_692' title='bbox 1706 5391 1770 5431; x_wconf 88' lang='lat' dir='ltr'><strong>ac</strong></span> <span class='ocrx_word' id='word_1_693' title='bbox 1801 5377 2006 5432; x_wconf 89' lang='lat' dir='ltr'><strong>adven-</strong></span> 
     </span>
    </p>
   </div>
   <div class='ocr_carea' id='block_1_103' title="bbox 434 5463 2002 5547">
    <p class='ocr_par' dir='ltr' id='par_1_103' title="bbox 434 5463 2002 5547">
     <span class='ocr_line' id='line_1_103' title="bbox 434 5463 2002 5547; baseline 0.001 -27"><span class='ocrx_word' id='word_1_694' title='bbox 434 5468 604 5547; x_wconf 48' lang='lat' dir='ltr'><strong>tui’in</strong></span> <span class='ocrx_word' id='word_1_695' title='bbox 639 5469 898 5539; x_wconf 87' lang='lat' dir='ltr'><strong>temulum</strong></span> <span class='ocrx_word' id='word_1_696' title='bbox 933 5467 1141 5539; x_wconf 61' lang='lat' dir='ltr'><strong>praeitc.</strong></span> <span class='ocrx_word' id='word_1_697' title='bbox 1171 5463 1378 5520; x_wconf 86' lang='lat' dir='ltr'><strong>Ornate</strong></span> <span class='ocrx_word' id='word_1_698' title='bbox 1409 5465 1591 5534; x_wconf 76' lang='lat' dir='ltr'><strong>viCOs;</strong></span> <span class='ocrx_word' id='word_1_699' title='bbox 1627 5465 1904 5538; x_wconf 71' lang='lat' dir='ltr'><strong>ingressus</strong></span> <span class='ocrx_word' id='word_1_700' title='bbox 1937 5469 2002 5522; x_wconf 87' lang='lat' dir='ltr'><strong>il-</strong></span> 
     </span>
    </p>
   </div>
   <div class='ocr_carea' id='block_1_104' title="bbox 528 5619 974 5689">
    <p class='ocr_par' dir='ltr' id='par_1_104' title="bbox 528 5619 974 5689">
     <span class='ocr_line' id='line_1_104' title="bbox 528 5619 974 5689; baseline 0.013 -16"><span class='ocrx_word' id='word_1_701' title='bbox 528 5619 568 5649; x_wconf 84' lang='grc'><strong>¹⁶</strong></span> <span class='ocrx_word' id='word_1_702' title='bbox 611 5621 775 5675; x_wconf 74' lang='lat' dir='ltr'><strong>Hebr.</strong></span> <span class='ocrx_word' id='word_1_703' title='bbox 807 5637 886 5689; x_wconf 74' lang='lat' dir='ltr'><strong>XI,</strong></span> <span class='ocrx_word' id='word_1_704' title='bbox 925 5625 974 5679; x_wconf 83' lang='grc' dir='ltr'><strong>Ι.</strong></span> 
     </span>
    </p>
   </div>
   <div class='ocr_carea' id='block_1_105' title="bbox 2109 4459 3686 4544">
    <p class='ocr_par' dir='ltr' id='par_1_105' title="bbox 2109 4459 3686 4544">
     <span class='ocr_line' id='line_1_105' title="bbox 2109 4459 3686 4544; baseline 0.016 -32"><span class='ocrx_word' id='word_1_705' title='bbox 2109 4459 2202 4513; x_wconf 85' lang='grc' dir='ltr'><strong>τοῦ</strong></span> <span class='ocrx_word' id='word_1_706' title='bbox 2232 4463 2584 4534; x_wconf 84' lang='grc' dir='ltr'>Δημιουργοῦ</span> <span class='ocrx_word' id='word_1_707' title='bbox 2611 4467 2714 4538; x_wconf 82' lang='grc' dir='ltr'>τῆς</span> <span class='ocrx_word' id='word_1_708' title='bbox 2746 4467 2907 4540; x_wconf 78' lang='grc' dir='ltr'>δόξης</span> <span class='ocrx_word' id='word_1_709' title='bbox 2937 4471 3246 4544; x_wconf 80' lang='grc' dir='ltr'>ἀπείληφεν</span> <span class='ocrx_word' id='word_1_710' title='bbox 3264 4495 3279 4509; x_wconf 88' lang='grc'><strong>·</strong></span> <span class='ocrx_word' id='word_1_711' title='bbox 3304 4478 3450 4534; x_wconf 79' lang='grc' dir='ltr'>οὕτω</span> <span class='ocrx_word' id='word_1_712' title='bbox 3473 4483 3569 4535; x_wconf 82' lang='grc' dir='ltr'><strong>καὶ</strong></span> <span class='ocrx_word' id='word_1_713' title='bbox 3593 4459 3686 4538; x_wconf 65' lang='grc' dir='ltr'>οῦ-</span> 
     </span>
    </p>
   </div>
   <div class='ocr_carea' id='block_1_106' title="bbox 2106 4553 3684 4638">
    <p class='ocr_par' dir='ltr' id='par_1_106' title="bbox 2106 4553 3684 4638">
     <span class='ocr_line' id='line_1_106' title="bbox 2106 4553 3684 4638; baseline 0.018 -36"><span class='ocrx_word' id='word_1_714' title='bbox 2106 4567 2191 4604; x_wconf 81' lang='grc' dir='ltr'><strong>τοι</strong></span> <span class='ocrx_word' id='word_1_715' title='bbox 2219 4553 2282 4604; x_wconf 84' lang='grc' dir='ltr'>τὸ</span> <span class='ocrx_word' id='word_1_716' title='bbox 2321 4553 2416 4606; x_wconf 87' lang='grc' dir='ltr'><strong>τοῦ</strong></span> <span class='ocrx_word' id='word_1_717' title='bbox 2461 4555 2654 4620; x_wconf 84' lang='grc' dir='ltr'>κλέους</span> <span class='ocrx_word' id='word_1_718' title='bbox 2693 4558 3030 4632; x_wconf 84' lang='grc' dir='ltr'>ἀσύγκριτον</span> <span class='ocrx_word' id='word_1_719' title='bbox 3061 4569 3220 4636; x_wconf 82' lang='grc' dir='ltr'>παρὰ</span> <span class='ocrx_word' id='word_1_720' title='bbox 3255 4570 3383 4634; x_wconf 84' lang='grc' dir='ltr'>τοὺς</span> <span class='ocrx_word' id='word_1_721' title='bbox 3420 4575 3684 4638; x_wconf 79' lang='grc' dir='ltr'>τεκόντος</span> 
     </span>
    </p>
   </div>
   <div class='ocr_carea' id='block_1_107' title="bbox 2105 4643 3681 4739">
    <p class='ocr_par' dir='ltr' id='par_1_107' title="bbox 2105 4643 3681 4739">
     <span class='ocr_line' id='line_1_107' title="bbox 2105 4643 3681 4739; baseline 0.019 -46"><span class='ocrx_word' id='word_1_722' title='bbox 2105 4643 2590 4739; x_wconf 83' lang='grc' dir='ltr'>ἀπεκληρώσαντο.</span> <span class='ocrx_word' id='word_1_723' title='bbox 2624 4649 2929 4723; x_wconf 84' lang='grc' dir='ltr'>Τεχθείσης</span> <span class='ocrx_word' id='word_1_724' title='bbox 2971 4655 3154 4710; x_wconf 80' lang='grc' dir='ltr'>τοίνυν</span> <span class='ocrx_word' id='word_1_725' title='bbox 3183 4662 3284 4730; x_wconf 83' lang='grc' dir='ltr'><strong>τῆς</strong></span> <span class='ocrx_word' id='word_1_726' title='bbox 3311 4659 3620 4733; x_wconf 84' lang='grc' dir='ltr'>θεόπαιδος,</span> <span class='ocrx_word' id='word_1_727' title='bbox 3647 4669 3681 4739; x_wconf 74' lang='grc' dir='ltr'>ἡ</span> 
     </span>
    </p>
   </div>
   <div class='ocr_carea' id='block_1_108' title="bbox 2135 4735 3011 4812">
    <p class='ocr_par' dir='ltr' id='par_1_108' title="bbox 2135 4735 3011 4812">
     <span class='ocr_line' id='line_1_108' title="bbox 2135 4735 3011 4812; baseline 0.016 -27"><span class='ocrx_word' id='word_1_728' title='bbox 2135 4735 2284 4788; x_wconf 77' lang='grc' dir='ltr'>Αννα</span> <span class='ocrx_word' id='word_1_729' title='bbox 2305 4735 2404 4800; x_wconf 74' lang='grc' dir='ltr'><strong>τὰς</strong></span> <span class='ocrx_word' id='word_1_730' title='bbox 2449 4737 2611 4808; x_wconf 84' lang='grc' dir='ltr'>φίλας</span> <span class='ocrx_word' id='word_1_731' title='bbox 2637 4744 3011 4812; x_wconf 78' lang='grc' dir='ltr'>συνεκαλεῖτο,</span> 
     </span>
    </p>
   </div>
   <div class='ocr_carea' id='block_1_109' title="bbox 2180 4827 3677 4916">
    <p class='ocr_par' dir='ltr' id='par_1_109' title="bbox 2180 4827 3677 4916">
     <span class='ocr_line' id='line_1_109' title="bbox 2180 4827 3677 4916; baseline 0.016 -36"><span class='ocrx_word' id='word_1_732' title='bbox 2180 4827 2367 4893; x_wconf 86' lang='grc' dir='ltr'>Δεῦτε,</span> <span class='ocrx_word' id='word_1_733' title='bbox 2411 4830 2668 4899; x_wconf 82' lang='grc' dir='ltr'>λέγουσα,</span> <span class='ocrx_word' id='word_1_734' title='bbox 2719 4835 2798 4904; x_wconf 82' lang='grc' dir='ltr'>τῷ</span> <span class='ocrx_word' id='word_1_735' title='bbox 2826 4835 2944 4907; x_wconf 77' lang='grc' dir='ltr'>ἐμῷ</span> <span class='ocrx_word' id='word_1_736' title='bbox 2965 4839 3112 4910; x_wconf 84' lang='grc' dir='ltr'>τόκῳ</span> <span class='ocrx_word' id='word_1_737' title='bbox 3134 4845 3470 4916; x_wconf 57' lang='lat' dir='ltr'><strong>cunam-rs.</strong></span> <span class='ocrx_word' id='word_1_738' title='bbox 3492 4849 3677 4916; x_wconf 83' lang='grc' dir='ltr'>Δεῦτε,</span> 
     </span>
    </p>
   </div>
   <div class='ocr_carea' id='block_1_110' title="bbox 2103 4923 3678 5012">
    <p class='ocr_par' dir='ltr' id='par_1_110' title="bbox 2103 4923 3678 5012">
     <span class='ocr_line' id='line_1_110' title="bbox 2103 4923 3678 5012; baseline 0.014 -40"><span class='ocrx_word' id='word_1_739' title='bbox 2103 4923 2223 4982; x_wconf 89' lang='grc' dir='ltr'>ταῖς</span> <span class='ocrx_word' id='word_1_740' title='bbox 2253 4923 2413 4991; x_wconf 85' lang='grc' dir='ltr'>ὲμαῖς</span> <span class='ocrx_word' id='word_1_741' title='bbox 2441 4923 2629 4978; x_wconf 85' lang='grc' dir='ltr'>ὠδῖσιν</span> <span class='ocrx_word' id='word_1_742' title='bbox 2661 4925 3026 4998; x_wconf 69' lang='grc' dir='ltr'>εύφρὰνθητε.</span> <span class='ocrx_word' id='word_1_743' title='bbox 3065 4931 3234 4986; x_wconf 82' lang='grc' dir='ltr'>Δεῦτε</span> <span class='ocrx_word' id='word_1_744' title='bbox 3277 4936 3547 4993; x_wconf 82' lang='grc' dir='ltr'>θεάσασθε</span> <span class='ocrx_word' id='word_1_745' title='bbox 3578 4940 3678 5012; x_wconf 69' lang='grc' dir='ltr'>τὴν</span> 
     </span>
    </p>
   </div>
   <div class='ocr_carea' id='block_1_111' title="bbox 2105 5012 3676 5102">
    <p class='ocr_par' dir='ltr' id='par_1_111' title="bbox 2105 5012 3676 5102">
     <span class='ocr_line' id='line_1_111' title="bbox 2105 5012 3676 5102; baseline 0.015 -39"><span class='ocrx_word' id='word_1_746' title='bbox 2105 5012 2235 5081; x_wconf 76' lang='grc' dir='ltr'>παρ’</span> <span class='ocrx_word' id='word_1_747' title='bbox 2293 5013 2487 5068; x_wconf 78' lang='grc' dir='ltr'>ἐλπίδα</span> <span class='ocrx_word' id='word_1_748' title='bbox 2529 5013 2886 5087; x_wconf 78' lang='grc' dir='ltr'>θηλάζουσαν.</span> <span class='ocrx_word' id='word_1_749' title='bbox 2937 5021 3139 5088; x_wconf 82' lang='grc' dir='ltr'>Δεῦτε,</span> <span class='ocrx_word' id='word_1_750' title='bbox 3175 5025 3273 5097; x_wconf 81' lang='grc' dir='ltr'><strong>τὴν</strong></span> <span class='ocrx_word' id='word_1_751' title='bbox 3311 5025 3372 5091; x_wconf 81' lang='grc' dir='ltr'><strong>ἐξ</strong></span> <span class='ocrx_word' id='word_1_752' title='bbox 3405 5030 3676 5102; x_wconf 69' lang='grc' dir='ltr'>ἀκάρπων</span> 
     </span>
    </p>
   </div>
   <div class='ocr_carea' id='block_1_112' title="bbox 2103 5101 3678 5191">
    <p class='ocr_par' dir='ltr' id='par_1_112' title="bbox 2103 5101 3678 5191">
     <span class='ocr_line' id='line_1_112' title="bbox 2103 5101 3678 5191; baseline 0.016 -37"><span class='ocrx_word' id='word_1_753' title='bbox 2103 5101 2346 5172; x_wconf 82' lang='grc' dir='ltr'>λαγόνων</span> <span class='ocrx_word' id='word_1_754' title='bbox 2375 5105 2712 5173; x_wconf 81' lang='grc' dir='ltr'>ἀναφυεῖσαν</span> <span class='ocrx_word' id='word_1_755' title='bbox 2747 5109 2943 5178; x_wconf 78' lang='grc' dir='ltr'>ῥάϐδον</span> <span class='ocrx_word' id='word_1_756' title='bbox 2985 5113 3261 5179; x_wconf 84' lang='grc' dir='ltr'>κατίδετε,</span> <span class='ocrx_word' id='word_1_757' title='bbox 3295 5117 3389 5170; x_wconf 80' lang='grc' dir='ltr'>καὶ</span> <span class='ocrx_word' id='word_1_758' title='bbox 3417 5101 3678 5191; x_wconf 15' lang='grc' dir='ltr'>τὴνῗᾶγοο</span> 
     </span>
    </p>
   </div>
   <div class='ocr_carea' id='block_1_113' title="bbox 2106 5196 3680 5284">
    <p class='ocr_par' dir='ltr' id='par_1_113' title="bbox 2106 5196 3680 5284">
     <span class='ocr_line' id='line_1_113' title="bbox 2106 5196 3680 5284; baseline 0.014 -37"><span class='ocrx_word' id='word_1_759' title='bbox 2106 5211 2194 5248; x_wconf 91' lang='grc' dir='ltr'><strong>νον</strong></span> <span class='ocrx_word' id='word_1_760' title='bbox 2239 5196 2512 5267; x_wconf 76' lang='grc' dir='ltr'>κυοφόρον</span> <span class='ocrx_word' id='word_1_761' title='bbox 2541 5204 2938 5272; x_wconf 82' lang='grc' dir='ltr'>κατανοήσατε.</span> <span class='ocrx_word' id='word_1_762' title='bbox 2983 5205 3172 5272; x_wconf 86' lang='grc' dir='ltr'>Δεῦτε,</span> <span class='ocrx_word' id='word_1_763' title='bbox 3206 5207 3316 5262; x_wconf 60' lang='grc' dir='ltr'><strong>τῶν</strong></span> <span class='ocrx_word' id='word_1_764' title='bbox 3357 5210 3680 5284; x_wconf 73' lang='grc' dir='ltr'>ὀνειδισμῶν</span> 
     </span>
    </p>
   </div>
   <div class='ocr_carea' id='block_1_114' title="bbox 2101 5286 3679 5376">
    <p class='ocr_par' dir='ltr' id='par_1_114' title="bbox 2101 5286 3679 5376">
     <span class='ocr_line' id='line_1_114' title="bbox 2101 5286 3679 5376; baseline 0.013 -37"><span class='ocrx_word' id='word_1_765' title='bbox 2101 5286 2260 5376; x_wconf 71' lang='grc' dir='ltr'>ἡμῶν</span> <span class='ocrx_word' id='word_1_766' title='bbox 2309 5288 2402 5342; x_wconf 84' lang='grc' dir='ltr'>τὸν</span> <span class='ocrx_word' id='word_1_767' title='bbox 2441 5291 2654 5361; x_wconf 84' lang='grc' dir='ltr'>καρπὸν</span> <span class='ocrx_word' id='word_1_768' title='bbox 2703 5293 3091 5365; x_wconf 76' lang='grc' dir='ltr'>καταμάθετε,</span> <span class='ocrx_word' id='word_1_769' title='bbox 3134 5299 3230 5352; x_wconf 77' lang='grc' dir='ltr'>καὶ</span> <span class='ocrx_word' id='word_1_770' title='bbox 3272 5300 3335 5354; x_wconf 82' lang='grc' dir='ltr'>τὸ</span> <span class='ocrx_word' id='word_1_771' title='bbox 3377 5303 3482 5374; x_wconf 76' lang='grc' dir='ltr'>τῆς</span> <span class='ocrx_word' id='word_1_772' title='bbox 3513 5305 3679 5376; x_wconf 80' lang='grc' dir='ltr'>εὐχῆς</span> 
     </span>
    </p>
   </div>
   <div class='ocr_carea' id='block_1_115' title="bbox 2099 5375 3681 5465">
    <p class='ocr_par' dir='ltr' id='par_1_115' title="bbox 2099 5375 3681 5465">
     <span class='ocr_line' id='line_1_115' title="bbox 2099 5375 3681 5465; baseline 0.013 -36"><span class='ocrx_word' id='word_1_773' title='bbox 2099 5375 2260 5449; x_wconf 73' lang='grc' dir='ltr'>ἔργον</span> <span class='ocrx_word' id='word_1_774' title='bbox 2289 5379 2700 5453; x_wconf 82' lang='grc' dir='ltr'>ἀνιστορήσατε.</span> <span class='ocrx_word' id='word_1_775' title='bbox 2729 5383 3071 5457; x_wconf 81' lang='grc' dir='ltr'>Συνδράμετε</span> <span class='ocrx_word' id='word_1_776' title='bbox 3099 5388 3420 5460; x_wconf 85' lang='grc' dir='ltr'>προθύμως,</span> <span class='ocrx_word' id='word_1_777' title='bbox 3452 5395 3550 5448; x_wconf 72' lang='grc' dir='ltr'>καὶ</span> 
     </span>
    </p>
   </div>
   <div class='ocr_carea' id='block_1_116' title="bbox 2101 5469 3677 5553">
    <p class='ocr_par' dir='ltr' id='par_1_116' title="bbox 2101 5469 3677 5553">
     <span class='ocr_line' id='line_1_116' title="bbox 2101 5469 3677 5553; baseline 0.015 -31"><span class='ocrx_word' id='word_1_778' title='bbox 2101 5471 2158 5523; x_wconf 71' lang='grc' dir='ltr'>ἒν</span> <span class='ocrx_word' id='word_1_779' title='bbox 2179 5469 2294 5541; x_wconf 82' lang='grc' dir='ltr'><strong>ναῷ</strong></span> <span class='ocrx_word' id='word_1_780' title='bbox 2318 5469 2504 5542; x_wconf 78' lang='grc' dir='ltr'>ἄφιξιν</span> <span class='ocrx_word' id='word_1_781' title='bbox 2531 5475 3014 5548; x_wconf 69' lang='grc' dir='ltr'>προοδοποιῆσατε.</span> <span class='ocrx_word' id='word_1_782' title='bbox 3039 5481 3366 5553; x_wconf 68' lang='grc' dir='ltr'>Κοσμήσατε</span> <span class='ocrx_word' id='word_1_783' title='bbox 3391 5485 3489 5547; x_wconf 76' lang='grc' dir='ltr'>τὰς</span> <span class='ocrx_word' id='word_1_784' title='bbox 3510 5487 3677 5544; x_wconf 65' lang='grc' dir='ltr'>ἐπαύ-</span> 
     </span>
    </p>
   </div>
  </div>
