3970 6212
339 337 471 404 1421

1293 336 1378 402 IN
1416 337 1522 400 SS.
1561 337 1770 400 DEIP.
1807 334 2257 398 INGRESSUM
2295 337 2376 396 ΙΝ
2415 335 2639 397 ΤΕΜΡ.

3463 336 3598 400 153?.

338 453 594 523 αἴσθησις
633 450 1013 522 λαμϐάνουσα,
1062 449 1171 503 τῶν
1219 449 1463 519 ὐστέρων
1496 449 1911 518 ἐμφαινομένων

2022 447 2436 502 delcCtatinnem
2495 449 2682 517 capit;
2734 445 2786 500 in
2821 446 2908 501 his
2953 455 3298 526 autem,cttm
3355 449 3596 516 priorum

341 545 436 614 οὐχ
465 543 668 612 ὁμοίως
689 541 790 612 τὴν
816 542 1162 613 τερπνότητα
1189 539 1404 609 δέχεται
1432 556 1448 571 ο
1481 540 1576 592 ἐπὶ
1599 539 1658 591 δὲ
1691 538 1918 602 τούτων,

338 635 446 688 τῶν
473 631 801 701 φθασάντων
834 632 932 701 μὲν
954 631 988 700 ἡ
1023 629 1221 682 εὐωδία
1239 629 1542 698 παρέμεινε
1568 644 1582 658 ·
1604 618 1922 680 τῶνὲπιόν-

334 741 444 778 των
467 721 545 785 δὲ,
571 719 771 791 μείζων
795 721 828 790 ἠ
854 719 1040 788 ἔφεσις
1068 717 1396 787 ἐπιγίνεταιο
1419 719 1582 770 κάκεῖ
1610 716 1711 786 μὲν
1739 717 1772 786 ἡ
1799 715 1918 781 θέα,

342 813 871 886 συμμαραινόμενον
899 811 1012 882 ἔχει
1038 811 1116 880 τῷ
1149 811 1326 882 χρόνῳ
1343 811 1402 864 τὸ
1423 795 1653 872 κάλ).οςὀ
1685 808 1922 862 ἐνταῦθα

335 905 414 970 δὲ,
435 907 469 975 ἡ
501 905 829 972 εὐπρέπεια,
861 897 1278 965 διαιωνῖξουσαν
1326 901 1484 971 φέρει
1525 903 1590 970 τῇ
1645 899 1792 971 ψυχῇ
1821 899 1920 972 τὴν

335 997 666 1052 ἀπόλαυσιν.
703 995 812 1050 Καὶ
833 993 1024 1066 ῶσπερ
1055 994 1147 1046 ἐπὶ
1175 993 1465 1076 βασιλείων
1491 991 1780 1072 apud).th
1803 994 1922 1046 ἐπι-

335 1089 548 1144 ϐαίνειν
583 1089 866 1158 τυχόντες,
897 1087 997 1158 τὴν
1027 1085 1353 1139 ἐνδον·θέσιν
1373 1087 1486 1148 τοῖς
1513 1085 1618 1152 ἔξω
1645 1100 1920 1138 καταστο-

330 1179 593 1252 χάζονται
627 1195 642 1208 '
681 1177 844 1232 καὶ.ιᾶ
874 1181 938 1250 τῇ
969 1179 1221 1248 αἰσθήσει
1257 1177 1360 1229 οὐκ
1405 1177 1649 1247 ἔκριναν,
1678 1175 1916 1246 τεκμαί-

331 1287 521 1346 ρονται
569 1270 648 1340 τῷ
681 1270 790 1340 νῷ,
843 1271 939 1324 καὶ
993 1268 1388 1338 ὐπεραίρονται
1416 1283 1432 1298 ·
1487 1263 1652 1320 ταύτὸ
1699 1267 1794 1320 καὶ
1824 1267 1920 1320 ἐπὶ

331 1362 443 1415 τῶν
483 1361 844 1432 προπυλαίων
870 1359 980 1413 τῶν
1037 1358 1336 1429 ἐγκωμίων
1367 1350 1666 1428 συμϐαῖνον
1705 1357 1921 1411 δείκνυ-ι

332 1471 445 1508 ται.
491 1453 614 1505 Ἐπὶ
649 1439 1020 1520 πάντωίμὲν,
1055 1450 1130 1513 ὡς
1160 1447 1312 1520 οἶμαι
1331 1489 1346 1514 ,
1379 1451 1480 1518 οὐχ
1507 1450 1710 1518 ἥκιστα
1733 1448 1790 1501 δὲ
1821 1449 1916 1502 καὶ

337 1546 434 1598 ἐπὶ
460 1543 665 1597 τούτων
711 1541 1059 1613 κριθήσεται.
1113 1542 1206 1602 Είς
1239 1537 1374 1610 ὕψος
1413 1541 1512 1610 μὲν
1543 1539 1654 1608 γὰρ
1693 1539 1918 1610 ἐξῆρται

339 1631 409 1682 τὰ
439 1628 705 1700 προοίμια
733 1644 746 1657 ο
777 1628 1008 1698 λαμπρά
1037 1628 1096 1682 δὲ
1131 1629 1194 1681 ἐκ
1228 1628 1434 1681 τούτων
1466 1627 1568 1696 τῆς
1608 1627 1920 1692 ὑποθέσεως

333 1723 706 1791 ἐπικόσμησις
755 1721 1028 1790 φαίνεται,
1082 1720 1344 1784 πλείστας
1393 1720 1594 1790 ἔχουσα
1641 1719 1771 1792 δόξῃ
1825 1719 1920 1772 καὶ

332 1811 518 1866 κάλλει
539 1813 916 1880 διαφερούσας
929 1809 1030 1874 τὰς
1052 1809 1347 1872 ἐπιδόσεις.
1597 1793 1602 1796 ’
1713 1808 1716 1810 ⁷

405 1923 696 1994 Πρόκειται
728 1919 860 1990 γοῦν
889 1922 1026 1991 ἡμῖν
1079 1921 1275 1993 μικρὸν
1297 1921 1483 1992 διᾶραι
1512 1920 1652 1994 πρὸς
1677 1920 1777 1992 τὴν
1804 1920 1917 1974 εἰσ-

332 2011 453 2065 οδον
479 2010 542 2062 τὺ
570 2011 750 2082 δμμα,
774 2011 870 2063 καὶ
900 2009 1001 2079 τὴν
1023 2009 1412 2082 κρυπτομένην
1439 2010 1514 2074 ὡς
1537 2011 1758 2079 ἐφικτὸν
1782 2027 1920 2064 κατ-

331 2101 598 2156 οπτεῦσαι
638 2102 973 2171 εὐπρέπειαν
1003 2117 1020 2132 ο
1077 2101 1306 2172 καὶγὰρ
1336 2103 1516 2156 πᾶσαν
1541 2100 1700 2174 [Maz.
1729 2113 1782 2156 et
1805 2101 1915 2156 Sir.

331 2195 382 2247 ei
410 2192 507 2247 καὶ
535 2193 717 2245 πᾶσαν
753 2191 774 2264 ]
832 2192 1166 2264 φαιδρότητα
1211 2192 1571 2266 ἀνιπορῆσαι
1604 2194 1914 2264 ἀμήχανον.

330 2284 467 2355 Φέρε
518 2283 585 2354 δὴ
641 2283 938 2355 προθῶμεν
984 2283 1064 2354 τῷ
1105 2281 1252 2354 λόγῳ
1293 2283 1432 2356 πρὸς
1477 2284 1540 2337 τὸ
1597 2283 1914 2355 ἐνδότερον,

331 2374 697 2446 χειραγωγὸν·
741 2373 1094 2444 προάγουσαν
1151 2373 1323 2446 αὐτὴν
1369 2373 1471 2445 τὴν
1505 2373 1751 2444 βασιλίδα
1779 2391 1932 2430 κατε.

332 2465 570 2534 ἔχοντες.
615 2463 760 2516 Ἀλλ’
789 2462 901 2534 ὁρῶ
933 2462 1028 2515 νῦν
1067 2463 1208 2530 φωτὶ
1234 2461 1449 2534 ἀπείρῳ
1482 2464 1582 2534 τὴν
1606 2465 1916 2536 πανήγυριν

333 2553 932 2626 καταστραπτομένην,
961 2554 1058 2608 καὶ
1075 2553 1511 2624 καταλάμπομαι
1525 2555 1623 2624 τὴν
1651 2552 1912 2620 διάνοιαν,

333 2649 430 2702 καὶ
461 2649 692 2718 σκιρτᾷν
725 2663 815 2717 μοι
835 2647 1038 2710 ἑπεισι,
1076 2646 1172 2700 καὶ
1216 2645 1428 2716 μεγάλα
1461 2643 1808 2716 φαντάζομαι
1845 2645 1916 2699 τὰ

335 2741 431 2795 νῦν
461 2735 908 2808 ἑπιτελούμενα,.
941 2736 1210 2806 ἀγγέλους
1241 2753 1300 2790 τε
1343 2736 1781 2808 συγχορεύοντας
1811 2754 1912 2792 κα·

331 2827 532 2892 τανοῶ,
567 2829 663 2881 καὶ
686 2827 812 2892 ξένα
850 2828 1049 2892 πάντα,
1107 2827 1202 2880 καὶ
1243 2826 1343 2897 τῆς
1375 2828 1621 2898 οὐρανῶν
1658 2829 1914 2893 εὐταξίας

333 2919 427 2972 καὶ
483 2918 782 2987 εὐκοσμίας
843 2917 992 2982 ἄξια.
1051 2915 1244 2969 Ἔνθεν
1301 2933 1391 2987 μοι
1423 2917 1572 2970 δοκεῖ
1607 2918 1780 2988 αὐτῆς
1827 2921 1907 2983 είς

338 3010 504 3080 μέσον
527 3009 624 3080 τῆς
655 3000 1061 3080 ἐπαινουμένης
1101 3008 1202 3080 τὴν
1234 3007 1396 3088 χάριν
1449 3011 1777 3078 ἐπινοστεῖν,
1813 3009 1911 3065 καὶ

2024 545 2336 604 perseverat
2400 534 2789 598 suaveolentia,
2850 543 2962 588 tum
3016 534 3378 602 sequentium,
3425 533 3600 603 meiut-

2023 626 2296 694 cupiditas
2349 628 2577 680 accedit.
2635 627 2712 680 Ac
2749 625 2855 680 illic
2885 625 3100 692 quidem
3139 637 3420 694 aspectus,
3457 636 3597 679 tem-

2023 717 2143 786 pori
2222 717 2671 770 commorieutem
2745 715 3196 784 pulchritudinem
3261 716 3456 780 habet;
3508 715 3600 771 hic

2021 818 2225 872 autem,
2273 815 2590 876 perpetuam
2646 805 2814 860 decor
2865 805 3076 859 confert
3118 806 3310 859 anima:
3360 807 3598 862 delecta-

2024 899 2244 953 tionem.
2297 899 2476 967 Atque
2533 905 2591 951 ut
2637 897 2696 961 ii,
2732 896 2929 965 quibus
2999 897 3160 966 regiae
3215 897 3471 950 vestibula
3512 899 3598 950 in-

2021 991 2170 1061 gredi
2229 990 2400 1054 licuit,
2434 991 2706 1044 internata
2759 989 3207 1058 compositionem
3239 990 3306 1040 ab
3357 989 3598 1042 exterio-

1983 1085 2175 1152 ,ribus
2225 1083 2564 1156 conjectaut;
2589 1097 2818 1152 qua-que
2851 1083 3285 1136 seusu‘ntinime
3334 1082 3601 1135 discreve-

2022 1182 2166 1239 runt,
2217 1181 2398 1228 mente
2423 1174 2736 1232 observant.
2762 1183 2924 1242 atque
2956 1187 3208 1241 magnum
3253 1171 3451 1242 aliquid
3477 1173 3600 1227 inde

2019 1265 2304 1332 cogitant:
2353 1264 2405 1316 id
2477 1265 2650 1331 ipsum
2715 1264 2936 1318 omnino
2983 1263 3172 1332 primis
3225 1263 3594 1317 cncomiorum

2019 1355 2298 1424 praludiis
2318 1355 2538 1410 evenire
2556 1356 2863 1410 ostenditur
2881 1371 2896 1422 ;
2914 1371 2976 1409 ac
3003 1356 3221 1424 quidem
3251 1358 3301 1408 iu
3322 1357 3592 1420 omnibus,

2020 1456 2183 1515 puto;
2211 1447 2351 1500 haud
2377 1440 2577 1516 parum
2599 1457 2728 1500 vero
2755 1461 2820 1501 ex
2857 1448 2982 1506 istis
3009 1445 3180 1501 videri
3232 1447 3422 1514 possit.
3451 1447 3596 1502 Sane

2022 1539 2168 1592 enim
2199 1538 2433 1593 sublime
2457 1539 2632 1592 ductis
2654 1538 2920 1593 orationis
2941 1538 3204 1603 exordiis,
3243 1539 3488 1607 plurimis
3539 1555 3599 1592 se

2021 1628 2178 1688 exiis
2207 1628 2522 1698 splendidus
2541 1629 2845 1698 argumenti
2873 1638 3118 1689 ornatus,
3158 1628 3327 1698 gloria
3385 1643 3450 1683 ac
3503 1629 3596 1682 de-

2025 1733 2153 1772 eore
2239 1719 2471 1773 diversis
2535 1718 2826 1772 crementis
2892 1727 3178 1788 praestans,
3239 1733 3304 1773 ac
3365 1717 3600 1772 eximius

1947 1801 1990 1859 Β
2017 1811 2219 1880 prodit.

2090 1923 2257 1978 Nobis
2291 1923 2472 1993 itaque
2501 1923 2838 1992 propositum
2872 1930 2978 1988 est,
3009 1932 3066 1976 ut
3095 1922 3162 1976 ad
3203 1921 3294 1978 Dei
3359 1921 3600 1978 Genitti-

2017 2013 2098 2068 cis
2125 2011 2448 2068 hodiernum
2483 2013 2784 2080 ingressum
2819 2012 3090 2066 tantillum
3141 2013 3330 2068 oculos
3373 2017 3596 2070 diduca-

2020 2119 2161 2170 mus,
2194 2117 2258 2158 ac
2288 2115 2548 2170 quantum
2584 2102 2818 2164 licuerit,
2843 2102 3112 2155 occultam
3141 2103 3593 2171 pulchritudinem

2017 2193 2339 2251 obtueamur
2362 2211 2378 2262 ;
2400 2195 2596 2264 quippe
2627 2194 2813 2261 nequit
2837 2193 2976 2259 ﬁeri,
3003 2205 3060 2247 ttt
3094 2203 3259 2248 totum
3293 2207 3492 2264 quanta
3515 2213 3545 2250 e
3581 2211 3596 2248 t

2017 2287 2259 2342 laetitiam
2315 2288 2612 2341 videamus.
2667 2285 2762 2339 Eia
2824 2287 2988 2356 igitur
3050 2286 3118 2340 ad
3174 2287 3435 2343 interiora
3471 2305 3596 2358 pru-

2017 2378 2214 2450 gressi,
2273 2377 2593 2441 ductricem,
2626 2373 2887 2446 Reginam
2942 2375 3112 2446 ipsam
3148 2389 3473 2446 praseuntem
3517 2391 3596 2435 ιρις

2019 2481 2265 2523 ιιεειιιιιιε.
2299 2458 2612 2532 Enimvero,
2643 2463 2904 2519 immensa
2936 2481 3080 2520 nunc
3129 2466 3454 2549 lucevideo.
3491 2471 3595 2522 cir-

2019 2548 2322 2614 cumfusum
2363 2557 2700 2612 celebritatis
2751 2555 2970 2622 faciem,
2999 2572 3062 2612 ac
3098 2569 3276 2613 mente
3335 2548 3592 2624 i'lluslrm',

2015 2656 2267 2723 subitque
2315 2635 2554 2728 tinimllln
2596 2661 2654 2706 ut
2683 2660 2828 2706 totus
2874 2652 3136 2720 gestiam;
3173 2649 3493 2723 magnaque,
3529 2673 3591 2708 ea

2014 2761 2135 2814 qua:
2173 2743 2523 2814 celebrantur
2559 2743 2849 2814 imaginor.
2889 2743 3112 2812 parique
3140 2746 3360 2815 angelos
3398 2748 3594 2816 gaudia

2015 2838 2241 2892 choreas
2266 2847 2510 2906 agentes,
2536 2850 2602 2890 ac
2655 2850 2790 2890 nova
2821 2837 3025 2900 omnia,
3080 2838 3396 2908 cmlestique
3438 2855 3580 2894 com.

2014 2931 2284 3000 positione
2309 2945 2374 2984 ac
2407 2929 2603 2984 decore
2627 2929 2786 2998 digna
2850 2927 3156 2996 considero.
3188 2929 3325 2985 llinc
3377 2949 3590 2988 rursum

2013 3019 2198 3074 videre
2217 3019 2400 3074 videor
2420 3019 2610 3089 ipsius,
2629 3033 2752 3088 qua:
2781 3017 3045 3072 laudanda
3065 3019 3345 3087 incumbit,
3361 3027 3558 3092 redemi
3581 3058 3589 3065 -

333 3098 511 3153 πάντα
535 3098 780 3169 πληροῦν
819 3097 1164 3168 εὐφροσύνης
1212 3097 1307 3150 τὸν
1338 3098 1618 3168 σύλλογον,
1651 3098 1766 3162 ’τὰς
1807 3100 1911 3154 δω-

2017 3122 2122 3166 tem
2149 3115 2200 3166 in
2238 3114 2472 3168 medium
2497 3114 2752 3193 gratiam,
2777 3123 3089 3181 coetumque
3120 3115 3590 3190 universumlarga
3645 3149 3650 3159 -

340 3191 472 3262 ρεάς
509 3191 760 3259 ἀφθόνως
782 3189 1222 3266 προσνέμουσαν.
1253 3189 1345 3242 Διὸ
1383 3193 1448 3260 τῇ
1475 3189 1683 3242 τούτων
1729 3189 1910 3245 ἑλπίδι

2015 3219 2296 3258 munerum
2351 3187 2749 3272 distributione,
2793 3207 2974 3260 laetitia
3031 3208 3360 3279 implentrm.
3392 3187 3586 3278 Quam-

331 3281 719 3354 προσέχοντες,
747 3279 1186 3350 συνεισέλθωμεν
1203 3279 1469 3344 ἅπαντες,
1483 3279 1544 3333 τὸ
1563 3280 1910 3350 ὀφειλόμενον

335 3375 573 3438 ἀποδοὺς
601 3375 832 3437 ἕκαστος
861 3385 877 3402 ·
918 3373 948 3426 ό
971 3371 1172 3440 λέγων,
1201 3371 1327 3436 τούς
1354 3371 1546 3440 λόγους
1569 3387 1584 3403 ο
1612 3369 1712 3441 τὴν
1741 3371 1910 3442 ἀκοὴν

333 3467 588 3532 συνετῶς,
613 3466 643 3519 δ
669 3464 884 3519 ἀκούων
919 3480 932 3494 ·
967 3465 997 3517 ό
1047 3461 1338 3525 διακονῶν,
1388 3463 1488 3533 τὴν
1538 3461 1906 3532 ἐκπλήρωσιν,

333 3559 426 3612 καὶ
457 3557 636 3611 πάντα
687 3549 763 3608 ὧν
791 3557 824 3625 ἡ
849 3554 950 3624 τῆς
978 3550 1172 3624 χρείας
1196 3550 1429 3616 ἕκτισις,
1452 3553 1520 3624 τῇ
1549 3551 1740 3622 εἰσόδῳ
1775 3569 1910 3622 προ-

333 3649 618 3720 τρέπεται.
663 3645 1036 3715 Ἢγείσθωσαν
1071 3638 1250 3714 οὖνοοί
1287 3643 1460 3713 λόγοι,
1491 3644 1559 3698 τὰ
1591 3642 1720 3714 ἑξῆς
1771 3643 1908 3714 πρὸς

335 3741 560 3804 ἂαυτούς
591 3739 936 3814 συνάγοντες.

405 3966 548 4036 Ἤδη
583 3963 685 4032 μὲν
715 3957 808 4018 οὖν
839 3961 891 4016 οἱ
917 3959 1021 4032 τὴν
1063 3959 1344 4034 Παρθένον
1382 3962 1655 4026 τεκόντες,
1683 3959 1778 4014 ἐπὶ
1811 3957 1905 4014 τοῦ

335 4061 464 4118 ναοῦ
495 4060 616 4124 ταῖς
645 4059 840 4130 θύραις
863 4058 1074 4127 ταύτην
1104 4057 1406 4130 προσῆγον,
1441 4056 1693 4124 ἀγγέλων
1719 4056 1906 4126 κύκλῳ

329 4151 801 4226 δορυψορούντων,
845 4151 942 4203 καὶ⁹
971 4147 1163 4201 πασῶν
1189 4149 1578 4218 ὐπερκσσμίων
1621 4147 1907 4216 δυνάμεων

331 4241 761 4314 συγχαιρουσῶν.
799 4241 864 4294 Et
900 4239 1012 4310 γάρ
1053 4239 1150 4292 καὶ
1201 4238 1294 4292 τὸν
1319 4238 1634 4310 ἀπόρρητον
1676 4237 1930 4308 ἠγνόουν,

327 4336 423 4392 τοῦ
458 4333 782 4408 ιμυστηρίου
803 4373 812 4378 .
835 4331 1064 4403 τρόπον,
1119 4329 1237 4393 ἀλλ’
1265 4329 1343 4392 ὡς
1393 4327 1594 4393 δοῦλοι,
1629 4328 1904 4382 Δεσπότου

331 4423 652 4496 προστάξει,
679 4426 746 4494 τῇ
775 4421 984 4492 ταύτης
1041 4419 1256 4492 προόδῳ
1305 4418 1744 4516 καθοπηρέτρυν.
1791 4417 1902 4516 Kc}
1933 4463 1978 4516 Β

329 4515 559 4586 πρῶτον
579 4512 704 4584 μὲν,
761 4513 938 4583 αὐτὴν
977 4511 1274 4565 κατενόουν
1329 4509 1567 4578 ὁρῶντες
1609 4507 1688 4571 ὡς
1715 4507 1902 4578 νοεραὶ

333 4606 526 4676 φύσεις
553 4605 728 4670 ὅντες,
763 4598 959 4667 σκεῦος
981 4602 1162 4672 τίμιον
1183 4593 1394 4672 ἀρετῶν
1424 4595 1620 4664 οὖσαν,
1653 4599 1904 4670 σύμϐολά

324 4713 386 4750 τε
405 4697 504 4766 τῆς
524 4695 804 4768 ἀκηράτου
822 4693 1200 4766 καθαρότητος
1226 4693 1521 4764 φέρουσαν,
1544 4691 1642 4744 καὶ
1661 4691 1724 4744 τὸ
1741 4690 1901 4761 σῶμα

327 4788 705 4859 ἀνῳκισμένον
756 4787 856 4858 τῆς
900 4771 1010 4840 τῶν
1052 4784 1243 4840 παθῶν
1272 4783 1578 4854 ’ἐπιμιξίας
1628 4783 1897 4854 ἔχουσαν·

324 4872 518 4934 ἔπειτα
537 4879 631 4946 δὲ,
655 4879 758 4932 οὐκ
779 4875 1136 4938 ἀπειθοῦντες
1149 4875 1216 4946 τῇ
1239 4874 1515 4940 κελεύσει,
1533 4873 1632 4944 τὴν
1653 4873 1831 4927 λειτου
1841 4890 1900 4944 ρ-

303 4971 448 5040 ,γίαν
469 4957 766 5042 ἐπλήρουν.
798 4969 932 5022 Τότε
961 4967 1026 5038 δὴ
1055 4967 1340 5037 λαμπάδες
1379 4967 1558 5034 φωτὸς
1608 4966 1710 5038 τὴν
1766 4967 1884 5019 cla-

321 5061 442 5114 οδον
468 5058 922 5130 κατεφσίδρυνον,
951 5058 1048 5112 καὶ
1084 5057 1266 5110 πάντα
1294 5055 1398 5110 ὅσα
1429 5053 1506 5123 τῷ
1534 5053 1650 5124 ναῷ
1684 5054 1894 5126 περιεί-

321 5153 518 5220 ληπτο,
541 5150 678 5222 πρός
710 5148 943 5219 εὐωχίαν
987 5149 1302 5218 ἐτρέποντο,
1337 5145 1542 5208 αὐτῶν,
1575 5141 1752 5216 οἶμαι,
1782 5143 1892 5196 τῶν

321 5239 547 5312 ἀψύχων
585 5241 698 5302 τοῖς
731 5237 988 5307 ἀγγέλοις
1011 5235 1414 5306 συνηδομένων.
1437 5235 1536 5286 Διὸ
1569 5235 1737 5305 κάμώ⁸
1759 5251 1893 5302 συγ-

317 5331 568 5404 χορεύειν
597 5329 811 5396 τούτοις
859 5328 1236 5399 προσγίνεται,
1267 5327 1511 5397 μεγάλην
1541 5343 1602 5380 τε
1634 5325 1710 5391 ῶς
1748 5343 1892 5397 παρ-

2012 3297 2200 3356 obretn
2253 3297 2320 3350 iis
2369 3311 2464 3364 spe
2491 3309 2644 3352 certa
2670 3302 2907 3355 animum
2935 3303 3284 3364 adhibentes.
3323 3321 3426 3357 una
3470 3320 3588 3360 om-

2011 3402 2109 3441 nes
2135 3386 2518 3457 ingrediamur,
2549 3389 2856 3458 utquisque
2883 3400 3060 3448 tamen
3093 3395 3332 3448 debitum
3361 3393 3586 3452 oil‘erat:

1977 3470 2223 3539 orator.
2277 3490 2605 3543 sermones;
2669 3481 2988 3548 prudentem
3045 3483 3285 3538 auditum
3333 3487 3584 3552 auditor;

2015 3568 2292 3644 minister,
2315 3582 2504 3623 eorum
2533 3556 2657 3640 quae
2679 3571 2830 3640 jussa
2888 3571 3091 3626 fuerint
3123 3574 3583 3644 adimpletinnem.

2010 3651 2369 3728 universaque
2449 3675 2678 3729 quorum
2735 3665 3094 3719 necessariam
3166 3669 3585 3736 persolutiouem

2009 3749 2284 3820 ingressus
2315 3759 2518 3803 monet.
2542 3749 2790 3806 Praecant
2850 3768 2978 3824 ergo
3039 3769 3340 3824 sermones,
3376 3773 3440 3813 ac
3464 3760 3588 3816 reli-

2009 3854 2113 3910 qua
2133 3839 2200 3894 ad
2227 3853 2289 3894 se
2317 3839 2594 3910 colligant.

2075 3951 2196 4006 Jam
2222 3953 2404 4024 itaque
2459 3965 2712 4025 parentes
2753 3958 3016 4030 Virginis.
3051 3961 3280 4030 puellam
3308 3963 3583 4034 Virginem

2007 4057 2108 4112 pro
2133 4044 2318 4114 templi
2351 4045 2558 4102 foribus
2585 4047 2906 4117 oﬂerebant,
2932 4053 3358 4123 circumquaque
3377 4057 3586 4126 stipan-

2009 4134 2152 4190 tibus
2214 4135 2443 4202 angelis,
2483 4139 2857 4208 uuiversisque
2909 4147 3364 4212 supramuudauis
3403 4148 3586 4202 Virtu-

2009 4225 2151 4282 tibus
2174 4227 2592 4296 gratulantibus.
2634 4229 2950 4300 Quanquam
2985 4238 3130 4290 enim
3161 4237 3585 4294 nesciebantar-

2005 4331 2204 4372 canum
2233 4321 2560 4374 sacramenti
2595 4324 2834 4386 modum,
2861 4333 2919 4380 ut
2950 4327 3092 4380 servi
3129 4335 3332 4394 tamen,
3357 4329 3583 4398 jubente

2007 4410 2259 4475 Domino,
2292 4411 2570 4479 processui
2599 4413 2997 4470 ministrabant.
3017 4417 3096 4471 Ac
3130 4419 3305 4488 primo
3337 4424 3578 4492 quidem,

2005 4516 2106 4557 ceu
2169 4501 2404 4572 Spiritus
2455 4504 2802 4568 exsisteutes,
2863 4509 3161 4576 pretiosum
3201 4527 3298 4567 vas
3321 4516 3578 4570 virtutum

2001 4593 2192 4648 intenti
2237 4595 2674 4662 considerabant,
2699 4613 2819 4668 qua:
2851 4609 2906 4654 et
2963 4601 3286 4673 incorrupta;
3332 4609 3580 4676 puritatis

1999 4684 2241 4754 symbola
2270 4697 2484 4755 gereret
2513 4705 2818 4758 rorpusquc
2842 4705 2872 4743 a
2895 4691 3150 4748 vitiorum
3200 4699 3578 4752 commistione

1999 4785 2270 4829 secretum
2307 4777 2565 4843 haberet;
2615 4790 2836 4847 tumque
2869 4781 2963 4834 Dei
3006 4795 3304 4854 praecepto
3329 4799 3578 4856 gerentes

2001 4881 2232 4929 morem,
2263 4867 2622 4920 ministerium
2651 4868 2967 4936 implebant.
3001 4871 3152 4928 Tunc
3175 4876 3331 4942 plane
3367 4879 3576 4951 lampa-

2001 4959 2094 5012 des
2125 4957 2260 5012 lucis
2284 4958 2585 5027 ingressum
2627 4959 2985 5028 illustrabant,
3025 4969 3388 5038 universaque
3421 4981 3573 5026 tem-

2003 5050 2074 5118 pli
2101 5051 2308 5104 ambitu
2355 5058 2629 5116 contenta,
2666 5052 2730 5105 ad
2771 5053 2969 5109 laetitiae
3028 5060 3216 5126 epulas
3247 5061 3572 5127 invitabant,

1990 5142 2134 5210 ipsis
2168 5151 2298 5211 puto
2329 5141 2640 5198 inauimatis
2663 5145 2852 5209 rebus,
2879 5151 3318 5206 communicem
3367 5155 3572 5223 angelis

1995 5233 2190 5303 gaudio
2245 5231 2660 5288 exsultantibus.
2717 5236 3080 5304 Quamobrem
3156 5246 3282 5297 mihi
3355 5261 3570 5315 quoque

1997 5325 2230 5393 tripudio
2267 5325 2556 5380 lzetaudum
2592 5329 2758 5392 subit,
2799 5347 2863 5386 ac
2905 5336 3045 5388 velut
3071 5333 3121 5387 id
3144 5337 3398 5402 temporis
3431 5352 3569 5404 prm-

318 5425 432 5481 όπι
477 5424 602 5477 τότε
656 5422 844 5490 φωνὴν
882 5419 1214 5491 ἀπορρῆξαι,
1244 5419 1340 5472 καὶ
1375 5417 1570 5489 βοῆσαι
1625 5419 1761 5488 πρὸς
1804 5418 1895 5470 τὸν

2013 5431 2116 5496 ρης
2168 5429 2366 5480 essem,
2429 5433 2672 5486 magnam
2746 5418 2944 5478 tzll‘erre
3012 5440 3220 5490 vocent,
3285 5437 3450 5496 atque
3497 5432 3566 5484 ad

318 5513 448 5570 ναόν
479 5527 495 5544 ο
537 5509 951 5579 Ἐπεισέρχεται
1005 5509 1107 5579 ⁴ἤδη
1133 5525 1148 5539 °
1185 5509 1280 5560 καὶ
1336 5507 1679 5578 προσφόρωςι
1719 5506 1892 5596 ρῃθή-

320 5617 474 5656 σεται
506 5619 522 5635 ·
555 5601 835 5656 Πλάτυνον
862 5601 968 5666 τὰς.
989 5600 1270 5666 ἐπαύλεις,
1307 5597 1547 5670 λέγοντι,
1581 5599 1719 5670 πρὸς
1755 5601 1890 5652 ὐπο-

385 5757 431 5791 ¹⁸
473 5757 575 5812 !sa.
605 5773 709 5834 LJV,
739 5755 788 5810 2.

1994 5507 2248 5575 templum
2305 5507 2543 5563 clamare
2598 5529 2611 5564 :
2666 5509 2781 5566 iam
2843 5513 3181 5583 ingreditur,
3233 5517 3568 5590 proindeque

1991 5614 2222 5670 congrue
2239 5599 2447 5656 dicatur
2474 5621 2486 5655 :
2517 5601 2687 5658 Dilata
2713 5604 2910 5658 cubilia
2948 5615 3036 5660 tua
3065 5605 3130 5674 ⁸³,
3160 5617 3216 5664 ut
3239 5625 3358 5665 eam
3387 5612 3566 5669 susci-
