3970 6212
395 215 414 280 l
427 216 529 282 4.13

389 330 561 427 δημία
587 331 962 400 γίνεται.-Καὶ
1017 340 1078 393 τὸ
1133 346 1390 417 πρᾶγμα,
1446 351 1556 404 τῶν
1611 355 1960 427 ἀπορρήτων,

393 420 486 472 καὶ
507 419 787 494 λογισμοῖς
835 429 932 498 οὐχ
990 431 1439 491 ὑποπιπτόντων·
1487 444 1666 508 νεᾶνις
1704 448 1961 504 τοιούτων

389 507 656 607 τετύχηκε
673 513 794 607 Δτῶν
816 520 1190 588 χαρισμάτων,
1215 523 1291 588 ὡς
1311 527 1636 598 ἀσωμάτους
1665 536 1729 603 τῇ
1756 535 1964 607 ταύτης

391 598 636 696 ύπείκειν
665 603 957 696 ὑπηρεσίᾳ.
990 610 1086 672 Τίς
1129 614 1163 682 ἡ
1192 616 1428 688 τοσαύτη
1476 619 1585 673 τῶν
1623 598 1962 696 δωρημάτων

391 690 694 786 ὑπερδολης
723 695 788 748 Τί
816 700 1057 754 τοιοῦτον
1085 704 1206 757 κατ’
1229 705 1384 770 ἀξίαν
1415 712 1446 779 ἡ
1473 690 1963 786 Παρθένος-είργάο

393 796 554 875 σατος
587 783 708 875 "Det.
739 787 836 856 μὲν
865 789 1196 864 καθαρότητι
1222 795 1498 868 διενήνοχε
1530 802 1631 864 τάς
1661 783 1961 875 γεγενημὲο

391 884 490 932 νας
519 871 741 963 ἀπάσαις
778 878 991 944 γενεάς,
1023 875 1138 934 οἶδα
1164 885 1458 951 πιστωθεὶς
1489 893 1602 952 τοῖς
1630 871 1955 963 πράγμασι·

389 962 687 1032 τεκμήριον
715 967 884 1035 σαφὲς
913 972 974 1022 τ’)
1001 967 1158 1043 ἦθος,
1187 979 1281 1029 καὶ
1307 978 1482 1046 τέλος,
1510 981 1570 1034 τὸ
1602 982 1764 1052 ἔργον
1791 962 1959 1052 δεξά-

391 1063 584 1140 μενος·
609 1052 747 1106 ἀλλά
791 1056 886 1110 τοῦ
915 1060 1250 1128 τηλικούτων
1300 1068 1593 1132 τεύξασθαι
1623 1074 1867 1140 ἀγαθῶν,
1907 1076 1961 1128 τί

303 1212 310 1216 _
389 1137 456 1190 ἂν
480 1140 565 1235 ein
597 1142 658 1196 τὸ
687 1145 896 1214 αἵτιονς
949 1151 1101 1222 Τάχα
1127 1156 1379 1223 μεγάλων
1406 1137 1734 1230 εὐεργεσιῶν
1765 1166 1961 1235 πρόξε-

305 1295 307 1299 .
390 1245 478 1323 fw;
504 1231 686 1304 ήμῖνὴ
719 1238 992 1308 Παρθένος
1021 1242 1344 1315 ὀφθήσεται,
1383 1249 1451 1302 δι’
1492 1245 1568 1305 ὧν
1600 1254 1735 1323 πρὸς
1761 1231 1960 1323 ἑαυτὴν

389 1321 686 1377 ἔπισπᾶται
736 1328 797 1381 τὸ
833 1331 1008 1387 Θεῖον.
1078 1332 1225 1407 *Αρα
1289 1341 1364 1411 μὴ
1413 1343 1519 1394 τῶν
1565 1321 1856 1415 προφητῶν
1907 1321 1958 1400 οἱ

273 1489 284 1496 ξ
385 1416 721 1508 χρησμοὶ-ὲν
754 1420 924 1493 ταύτῃ
969 1425 1461 1498 πληρωθήσονται;
1507 1429 1653 1505 Ἀρα
1713 1437 1790 1508 μὴ
1847 1438 1957 1490 τῶν

385 1502 755 1598 ἐλπιζομένων
781 1510 840 1562 ὲν
893 1513 1066 1587 ταύτῃ
1109 1517 1170 1570 τὸ
1211 1520 1362 1582 τέλος
1392 1502 1896 1598 ἀποϐήσεταιίΜὴ
1931 1533 1956 1583 ό

387 1593 594 1661 μέλλων
634 1597 721 1649 ἐπ’
779 1601 1077 1670 ἀνορθὼσει
1133 1607 1227 1660 τοῦ
1279 1612 1469 1678 γένους
1512 1614 1850 1683 ἐλεύσεσθαι,
1892 1621 1955 1673 ἐκ

383 1683 588 1754 ταύτης
642 1686 704 1741 τὸ
757 1690 1026 1763 ἡμέτερον
1082 1698 1451 1770 ἀναλήψεται;
1506 1706 1602 1759 καὶ⁸
1649 1708 1759 1778 γὰρ
1792 1709 1952 1764 τοῦτο
1983 1725 2025 1779 Β

383 1779 826 1850 προκεκήρυκται
857 1782 918 1835 τὸ
953 1789 1273 1859 μυστήριον,
1319 1795 1411 1846 καὶ
1447 1796 1475 1846 ό
1509 1795 1666 1862 λόγος
1696 1797 1952 1869 τοιαύτην

381 1867 480 1936 τὴν
509 1868 958 1941 ύπηρετήσουσαν
988 1879 1256 1950 ἐπιζητεῖ.
1293 1884 1437 1954 ’Δρα
1474 1886 1643 1950 ὄντως
1678 1888 1777 1940 οὐκ
1820 1867 1952 1960 άλλη

383 1963 825 2032 προκεκήρυκται
846 1967 980 2039 [εἰν.
997 1973 1360 2044 προκέκριται
1388 1975 1502 2047 ]είς
1525 1977 1623 2048 τὴν
1637 1979 1824 2033 τούτου
1851 1981 1956 2034 λειο

379 2053 657 2121 τουργίαν,
699 2057 840 2129 πλὴν
892 2062 991 2131 τῆς
1042 2064 1326 2135 όρωμένης
1385 2067 1646 2129 νεάνιδος.
1694 2071 1803 2122 Καί
1838 2072 1948 2140 γὰρ

379 2141 657 2212 ἀμήχανον
684 2150 742 2201 ὲν
773 2151 910 2221 αὐτῇ
946 2151 1008 2205 τὸ
1033 2155 1406 2225 κρυπτόμενον
1455 2159 1553 2227 τῆς
1597 2159 1821 2225 ἁγνείας
1847 2179 1950 2214 κα-

376 2234 550 2287 τανοῶ
579 2236 795 2306 κάλλος,
842 2243 937 2321 καὶ
982 2242 1076 2295 τοῦ
1116 2246 1495 2314 κρυπτομένου
1542 2249 1870 2319 φανέρωσιν,
1919 2253 1951 2321 ή

375 2323 469 2377 τοῦ
495 2325 630 2381 Θεοῦ
656 2331 791 2401 πρὸς
823 2319 1029 2402 ταύτην
1077 2335 1294 2389 εὐποιία
1332 2334 1502 2407 [Μαι.
1556 2350 1609 2391 et
1657 2339 1821 2395 Sirm.
1859 2319 1952 2394 εὔέ

374 2413 530 2500 νοια]Δ
563 2419 908 2489 παρίστησιν.
983 2421 1070 2484 Ὠς
1129 2424 1401 2494 μακάριος
1434 2427 1463 2478 ό
1520 2421 1667 2490 οἶκος
1716 2429 1949 2500 Ἰσραὴλ,

376 2502 436 2567 ιε
473 2497 534 2556 οὗ
562 2505 623 2558 τὸ
650 2508 890 2562 τοιοῦτον
945 2512 1177 2582 ἀνέθηλε
1207 2513 1515 2584 βλάστημα.
1589 2517 1676 2580 Ὠς
1722 2497 1951 2589 εὐλογη-

379 2593 516 2663 μένη
575 2597 607 2666 ή
661 2599 787 2667 ῥίζα
830 2601 1063 2667 Ἰεσσαὶ,
1103 2603 1163 2668 ἐξ
1211 2601 1282 2676 ἦς
1335 2607 1369 2676 ἡ
1415 2607 1742 2676 ἀκμάζουσα
1786 2611 1948 2682 ,αὕτη

379 2683 574 2752 ῥάϐδος
599 2689 926 2758 ἀνέδραμεν,
954 2694 986 2762 ἡ
1029 2692 1109 2764 τῷ
1139 2695 1328 2765 κόσμῳ
1356 2696 1456 2766 τὴν
1487 2699 1762 2770 σωτηρίαν
1793 2701 1953 2754 ἀνθο-

375 2777 562 2852 φορεῖν
620 2778 906 2844 μέλλουσα.
962 2781 1050 2846 Ὠς
1107 2783 1463 2855 ὑπερένδοξος
1517 2790 1550 2857 ή
1609 2793 1794 2860 μνήμη
1841 2791 1950 2844 τῶν

377 2869 750 2954 γεννησάντων
784 2888 864 2936 σε,
899 2873 992 2926 καὶ
1023 2874 1206 2946 πάσης
1231 2877 1492 2931 ἐπέκεινα
1525 2881 1946 2954 μακαριότητος.

389 2951 480 3020 Ὦς
528 2951 913 3030 δεδοξασμένος
953 2963 1086 3031 ἐγὼ,
1131 2965 1390 3020 τοιούτων
1444 2951 1790 3040 ὲντρυιρήσας
1823 2951 1946 3026 θεα-

378 3045 564 3115 μάτων
585 3063 600 3079 ⁶
651 3048 928 3121 [τοιούτων
957 3054 1274 3119 ἀπολαύσας
1317 3058 1426 3111 τῶν
1460 3039 1844 3130 χαρισμάτων·
1881 3080 1944 3118 ex
1976 3039 2020 3095 δ

375 3135 514 3192 Max.
545 3138 848 3212 Ἰτοιαύτην
879 3146 1272 3213 νυμφοστολῶν
1315 3148 1417 3218 τὴν
1452 3149 1743 3220 Παρθένον.
1776 3152 1950 3221 Χάριν

377 3229 456 3291 εἰς
505 3230 710 3295 αίῶνας
763 3233 981 3303 εἴσομαι
1011 3252 1115 3300 σοι,
1147 3239 1244 3291 ναὲ
1289 3238 1520 3309 Κυρίου,
1579 3241 1662 3293 ὃτι
1711 3241 1807 3294 σοῦ
1852 3246 1949 3311 τῆς

375 3316 716 3391 λειτουργίας
743 3322 926 3390 ἕνεκα,
959 3325 1068 3378 τῶν
1112 3329 1247 3380 πάσι
1297 3328 1526 3392 δικαίοις
1578 3329 1950 3400 ὲπιθυμουμέ-

377 3425 484 3462 νων
515 3410 616 3463 οὐκ
653 3412 948 3483 ἀπέτυχον.
984 3417 1236 3488 Σήμερον
1265 3418 1377 3486 ἐγὼ
1432 3420 1573 3491 ὑπὲρ
1628 3422 1839 3484 πάντας
1871 3425 1947 3474 ls-

317 3556 344 3570 -
379 3497 510 3568 ρέας
546 3501 954 3574 έμεγαλύνθην
985 3507 1225 3576 σήμερον
1271 3507 1413 3578 ὑπὲρ
1450 3509 1699 3572 ἃπαντας
1730 3512 1946 3582 προφή-

377 3605 473 3651 τας
497 3591 810 3665 ὲδοξάσθην.
851 3595 920 3650 Ἀ
948 3597 1057 3666 γάρ
1081 3599 1278 3652 ἐκεῖνοι
1307 3601 1366 3652 ἐν
1394 3601 1575 3662 σκιαῖς
1600 3601 1946 3672 ἑμυήθησαν,

376 3682 583 3736 τούτων
624 3685 735 3754 ἐγὼ
774 3687 871 3750 τὰς
901 3689 1075 3759 ἀρχὰς
1108 3689 1329 3759 ἀληθεῖς
1353 3690 1692 3744 κατοπτεύω.
1741 3711 1759 3744 ι

447 3770 683 3827 Τοιαῦτα
701 3775 794 3829 τὸν
805 3777 1100 3848 Ζαχαρίαν,
1117 3779 1192 3842 ὡς
1211 3780 1380 3844 είκδς,
1395 3776 1465 3852 ἦν
1484 3781 1830 3846 διανοεῖσθαι,
1851 3783 1946 3837 ἅτε

377 3863 505 3926 ξένα
537 3864 632 3918 καὶ
663 3867 761 3937 τὴν
786 3869 950 3936 φύσιν
973 3870 1297 3935 ὲκνικῶντα,
1327 3871 1396 3924 τά
1415 3875 1513 3940 τῆς
1544 3873 1822 3944 Παρθένου
1847 3893 1949 3928 κα-

375 3954 668 4011 τανοοῦντα
693 3959 993 4029 παράδοξα.
1029 3961 1140 4014 Καὶ
1165 3963 1275 4034 γὰρ
1310 3962 1387 4027 ὡς
1414 3963 1627 4034 ἀληθῶς
1660 3965 1935 4036 ὑπῆρχον.

379 4046 443 4096 Ὢ
474 4048 773 4118 προοιμίων
804 4049 1098 4121 θαυμάτων
1116 4051 1307 4124 [Sirm.
1327 4053 1702 4128 θαυμαστῶν]ί
1729 4058 1792 4110 Ὠ
1809 4075 1946 4128 συμ-

373 4133 545 4190 ϐόλων
577 4137 846 4204 ὲξαισίωνί
882 4143 946 4194 Ὢ
976 4140 1260 4210 αὐξήσεως
1296 4142 1567 4213 σώματος,
1597 4146 1696 4215 τὴν
1726 4147 1821 4216 τῆς
1845 4149 1945 4216 χά-

375 4225 521 4291 ρίτος
551 4227 800 4285 ἐπίτασιν
830 4229 1236 4301 ὑπεραίρουσαν
1259 4231 1587 4303 δεχομένηςι
1624 4235 1687 4286 Ὢ
1717 4238 1814 4304 τῆς
1850 4254 1946 4289 κα-

1338 240 1419 301 IN
1461 239 1562 303 SS.
1607 245 1800 310 DEIP.
1844 251 2281 323 INGRESSUM
2322 265 2404 327 IN
2443 269 2665 332 ΤΕΜΡ.

3499 281 3636 349 1436

1991 366 2286 444 Αᾱίνειιῑίι
2317 391 2328 425 :
2365 389 2428 430 ac
2481 380 2638 447 plane
2689 384 2881 439 tnirum
2952 389 3236 456 videatur,
3288 392 3635 465 humanaque

2065 459 2228 513 altius
2279 468 2523 533 ratione,
2585 473 2750 529 tantis
2798 474 3142 544 juvettculatn
3203 483 3370 539 fuisse
3416 459 3630 541 auct-am

2063 551 2240 618 donis,
2271 566 2324 609 ut
2358 568 2411 612 et
2439 561 2774 631 incorporea:
2810 579 3019 640 mentes
3048 569 3164 638 ejus
3207 574 3469 643 obsequio
3515 590 3635 630 ces-

2064 643 2564 713 serint.-Qn:enatn
2619 663 2763 709 tanta
2815 658 2900 711 illa
2955 660 3218 716 donorum
3276 666 3632 719 excellentia?

2063 731 2342 824 Quodnam
2378 750 2584 798 tantum
2618 745 2778 817 Virgo
2820 749 3030 804 facinus
3058 739 3319 821 condigne
3347 758 3578 824 patravit
3605 756 3630 809 τ

2062 821 2220 879 Nov-it
2266 831 2547 900 equidem,
2582 837 2742 892 rebus
2789 839 2947 893 ﬁdem
2996 821 3383 907 astruentibns,
3430 844 3629 899 eximia

2061 917 2293 983 quadam
2328 924 2563 989 puritate
2596 941 2881 997 superasse
2928 932 3231 1000 praeteritas
3265 948 3459 987 omnes
3503 942 3628 986 teta-

2062 1014 2176 1072 tes;
2239 1023 2471 1082 suntque
2534 1018 2609 1072 rei
2674 1021 3018 1090 perspicuum
3085 1034 3461 1092 argumentum
3513 1023 3628 1090 ejus

2065 1111 2263 1165 mores,
2299 1116 2362 1156 ac
2390 1106 2625 1174 tandem,
2675 1124 2812 1180 opus
2841 1111 3119 1182 excipiens
3151 1129 3165 1164 :
3201 1124 3258 1168 ut
3287 1123 3464 1167 autem
3492 1115 3629 1167 adeo

2062 1201 2254 1256 magna
2279 1191 2539 1251 beneﬁcia
2563 1213 2852 1256 consecuta
2876 1203 2969 1266 sit,
2993 1218 3240 1270 quaenam
3270 1204 3406 1258 ratio
3427 1203 3628 1258 fuerit?

2060 1275 2358 1348 lugentium
2407 1287 2564 1342 nobis
2609 1290 2750 1344 forte
2797 1291 2888 1346 Dei
2933 1293 3318 1348 beneficiorum
3367 1293 3621 1348 concilia-

2060 1368 2165 1421 trix
2209 1369 2388 1426 futura
2421 1375 2489 1430 sit
2526 1377 2711 1448 Virgo,
2740 1396 2859 1450 qua:
2896 1383 2977 1438 sic
3017 1383 3260 1436 divinum
3289 1383 3491 1437 alliciat
3523 1398 3626 1436 nu-

2062 1473 2204 1512 men.
2243 1460 2379 1516 Num
2419 1469 2801 1535 prophetarum
2851 1473 3066 1527 oracula
3109 1474 3161 1528 in
3199 1488 3262 1527 ea
3307 1473 3625 1542 complenda

2057 1552 2218 1604 sunt?
2242 1551 2378 1607 Num
2399 1571 2586 1612 eorum
2616 1575 2734 1628 quae
2762 1562 2814 1616 in
2842 1578 2935 1631 spe
2958 1565 3130 1632 posita
3159 1573 3305 1626 sunt,
3339 1566 3391 1618 in
3416 1580 3476 1619 ea
3502 1563 3627 1618 ilnis

2058 1640 2209 1693 erit?
2265 1641 2400 1696 Num
2444 1645 2487 1698 is
2524 1648 2614 1715 qui
2675 1661 2932 1706 venturus
2983 1663 3064 1706 est
3101 1653 3168 1706 ad
3215 1652 3623 1706 instaurandum

2057 1726 2347 1782 humanum
2379 1747 2570 1800 genus,
2607 1736 2897 1792 humanam
2934 1753 3000 1793 ex
3030 1753 3094 1792 ea
3125 1749 3370 1792 naturam
3409 1753 3622 1791 assunt-

2061 1828 2251 1886 pturus
2285 1822 2408 1875 est?
2435 1824 2643 1879 Etenim
2679 1829 2993 1898 mysterium
3024 1829 3128 1884 hoc
3154 1831 3254 1882 fuit
3283 1830 3620 1898 praedictum,

2055 1925 2120 1964 ac
2145 1911 2361 1967 divinus
2393 1912 2583 1969 Sermo
2614 1922 2776 1978 talem
2814 1921 3039 1988 requirit
3069 1936 3191 1989 qua:
3219 1921 3292 1974 illi
3329 1920 3619 1973 ministret.

2056 1999 2208 2054 Haud
2256 2001 2413 2070 plane
2459 2005 2564 2058 alia
2598 2009 2734 2061 tanti
2775 2011 3022 2078 mysterii
3068 2011 3312 2066 ministra
3345 2010 3623 2079 praelecta

2054 2090 2245 2156 fuerit,
2274 2105 2434 2159 quam
2471 2094 2585 2148 haec
2627 2109 2808 2148 coram
2847 2099 3018 2165 posita
3046 2098 3359 2165 juvencnla.
3406 2098 3619 2152 Etenim

2054 2180 2378 2235 immensum
2409 2186 2694 2250 quemdam
2741 2188 3010 2242 castitatis
3044 2189 3096 2241 in
3125 2201 3187 2242 ea
3222 2187 3492 2242 occultum
3525 2187 3624 2242 de-

2054 2283 2234 2323 corem
2265 2273 2571 2338 considero,
2605 2291 2766 2344 quem
2790 2277 2966 2346 ipsum
2995 2277 3176 2332 divina
3214 2278 3266 2332 in
3301 2293 3420 2331 eam
3459 2277 3624 2332 bene-

2054 2359 2174 2412 ticia
2216 2360 2387 2429 palam
2420 2361 2646 2430 faciunt,
2685 2379 2748 2420 ac
2782 2377 3196 2436 repraesentant.
3243 2366 3412 2433 Quam
3463 2370 3621 2422 beata

2053 2449 2244 2504 domus
2268 2449 2452 2517 Israel,
2483 2468 2551 2508 ex
2585 2469 2685 2522 qua
2721 2456 2828 2510 tale
2857 2473 3075 2525 germen
3103 2458 3411 2526 pullulavitl
3447 2459 3622 2523 Quam

2054 2539 2333 2595 benedicta
2386 2545 2538 2598 radix
2584 2546 2769 2610 David,
2818 2561 2884 2601 ex
2914 2563 3017 2616 qua
3061 2549 3243 2603 virens
3290 2551 3403 2602 haec
3449 2551 3619 2618 virga.

2053 2632 2241 2686 salutis
2267 2632 2454 2687 ﬂorent
2483 2637 2681 2690 mundo
2702 2637 2934 2704 editura,
2961 2640 3206 2693 ascendit
3231 2639 3244 2692 l
3278 2639 3447 2706 Quam
3471 2640 3621 2694 omni

2055 2723 2226 2788 major
2277 2724 2470 2793 gloria,
2507 2727 2766 2781 memoria
2816 2743 3002 2782 eorum
3053 2730 3142 2798 qui
3194 2741 3245 2784 te
3291 2739 3618 2800 genuerunt,

2051 2815 2305 2891 omnique
2352 2827 2616 2884 praestans
2667 2818 2944 2874 felicitati!
2999 2820 3169 2886 Quam
3216 2822 3333 2891 ipse
3370 2837 3620 2891 magnam

2050 2902 2274 2971 gloriam
2321 2905 2564 2972 adeptus,
2603 2911 2691 2976 qui
2733 2910 2928 2965 talibus
2959 2913 3284 2980 spectaculis
3329 2913 3624 2968 delectatus

2052 2994 2188 3061 sim;
2247 2995 2373 3050 talia
2417 2997 2518 3052 sim
2567 3008 2892 3055 consecutus
2941 3001 3117 3065 dona;
3169 3011 3332 3054 tanta:
3387 3001 3624 3070 Virginis

2053 3084 2226 3141 factus
2259 3077 2572 3154 prdnnbusl
2606 3088 2941 3146 immortales
2975 3091 3068 3146 tibi
3101 3093 3304 3160 gratias
3338 3092 3624 3156 habebo,o

2052 3173 2261 3227 Domini
2315 3177 2593 3241 templum,
2648 3179 2790 3245 quod
2839 3179 3128 3234 occasione
3180 3179 3470 3234 ministerii
3519 3179 3621 3243 ttti,

2054 3261 2363 3314 desiderata
2409 3264 2620 3328 cunctis
2661 3264 2832 3319 Justis
2873 3267 3085 3318 tandem
3139 3277 3462 3320 consecutus
3495 3267 3617 3322 sim.

2050 3347 2214 3402 Plane
2244 3349 2406 3404 hodie
2431 3351 2806 3421 magniﬁcatus
2829 3368 2949 3407 sum
2977 3366 3088 3422 pra:
3111 3354 3482 3408 sacerdotibus
3503 3357 3624 3408 uni-

2051 3439 2262 3502 versis;
2331 3439 2588 3508 majorem
2638 3455 2802 3510 snpra
2854 3455 3045 3495 omnes
3091 3443 3408 3510 prophetas,
3458 3436 3624 3497 hodie

2050 3529 2258 3584 obtinui
2289 3531 2532 3598 gloriam.
2563 3531 2691 3597 Quae
2708 3533 2851 3586 enim
2879 3532 2955 3586 illi
2977 3532 3030 3587 in
3063 3531 3618 3600 umbrisdidicerunt,

2050 3633 2236 3683 eorum
2270 3636 2371 3691 ego
2397 3636 2523 3676 vera
2549 3623 2702 3678 initia
2736 3623 2909 3680 oculis
2942 3624 3174 3678 intueor.
3214 3641 3235 3675 ι

2121 3781 2271 3835 Talia
2323 3781 2619 3839 Zacharias
2650 3785 2790 3839 haud
2837 3785 3110 3841 immerito
3154 3799 3338 3842 secum
3379 3787 3621 3858 cogitare

2050 3881 2285 3940 poterat,
2313 3883 2368 3925 ttt
2387 3875 2478 3942 qui
2509 3889 2670 3940 nova,
2699 3891 2765 3930 ac
2793 3891 2955 3946 supra
2984 3892 3146 3945 quam
3179 3887 3371 3931 natura
3400 3879 3617 3943 habeat,

2049 3966 2386 4034 perspiceret
2434 3965 2673 4037 Virginis
2727 3968 2816 4022 illa
2881 3969 3150 4038 prodigia.
3204 3972 3282 4023 Ac
3334 3969 3492 4038 plane
3539 3971 3620 4026 sic

2050 4055 2347 4112 habebant.
2376 4057 2422 4113 Ο
2453 4059 2714 4114 miraculo
2761 4059 2917 4128 plena
2950 4059 3137 4114 initial
3167 4061 3212 4115 0
3240 4060 3438 4114 eximia
3467 4075 3618 4131 sym-

2048 4146 2202 4200 bolal
2236 4147 2282 4201 Ο
2315 4158 2650 4202 erementum
2702 4149 2945 4217 corporis
2986 4149 3382 4216 praecellentem
3427 4151 3618 4218 gratia:

2046 4237 2411 4289 acerctionem
2446 4237 2777 4305 suscipiens!
2812 4237 2858 4292 0
2889 4239 3142 4292 mundam
3195 4238 3342 4292 illam
3381 4253 3445 4292 ac
3476 4253 3618 4306 pra:-

371 4314 544 4387 θαρᾶς
597 4317 813 4388 ἐκείνης
867 4321 961 4373 καὶ
995 4321 1390 4392 ύπερλάμπρου
1443 4322 1656 4394 ψυχῆςι
1713 4325 1836 4395 ἥτις
1885 4329 1943 4380 ὲν

2052 4324 2196 4381 clare
2238 4328 2573 4396 splendidam
2611 4329 2870 4393 animam,
2897 4345 3017 4398 qua:
3063 4331 3115 4384 in
3142 4341 3332 4401 vegeto
3362 4345 3616 4400 corpore,

372 4406 672 4476 ἀκμάζοντι
698 4408 911 4480 σώματι
932 4410 1000 4463 τά
1027 4411 1167 4482 ὑπὲρ
1190 4411 1351 4480 φύσιν
1367 4413 1580 4467 ἐδείκνυ
1608 4415 1940 4489 πλεονεκτή-

374 4511 518 4559 ματα
540 4510 554 4523 ’
609 4497 730 4565 ητις
775 4497 853 4568 τῷ
885 4497 1075 4551 τούτου
1122 4500 1303 4553 ἀτελεῖ
1338 4502 1475 4571 πρὸς
1509 4503 1570 4554 τὸ
1601 4502 1808 4557 τέλειον
1842 4506 1943 4577 τῆς

370 4585 572 4654 ἀρετῆς
627 4586 728 4640 οὐκ
771 4587 1053 4658 ἐκωλύθη·
1108 4589 1232 4658 ἥτις
1281 4590 1381 4661 τὴν
1435 4592 1570 4660 πρὸς
1622 4593 1756 4646 Θεὸν
1817 4611 1944 4648 συν-

372 4673 593 4740 άφειαν,
622 4674 700 4745 τῷ
724 4676 829 4746 νέῳ
858 4677 959 4746 τῆς
1007 4679 1266 4749 ἠληκίας.
1313 4681 1373 4733 οὐ
1401 4681 1652 4752 διεκόπη.
1691 4683 1788 4747 Τίς
1811 4680 1940 4749 εἶδε,

369 4765 453 4828 τίς
479 4766 677 4836 ἢκουσε
747 4768 1004 4837 τοιαύτην
1057 4769 1319 4822 ἀνάϐασιν
1368 4770 1620 4839 σώματος
1667 4774 1724 4825 ἐν
1770 4775 1944 4842 ἁγίοις

372 4856 805 4927 ὶνδιαιτωμένου,
851 4862 946 4913 καὶ
998 4861 1088 4914 ὑπ’
1157 4862 1404 4929 ἀγγέλων
1451 4864 1940 4936 δορυφορούμενον.

371 4945 466 4998 καὶ
489 4947 794 5016 ἀμϐροσίαν
817 4949 1024 5018 τροφὴν
1047 4948 1425 5019 εἰσδεχομένου
1449 4968 1462 5016 ;
1497 4953 1680 5021 Ψυχαὶ
1712 4955 1808 5023 μὲν
1836 4957 1943 5026 γὰρ

369 5038 435 5106 τῇ
479 5037 734 5107 κοινωνίᾳ
768 5037 862 5091 τοῦ
891 5037 1140 5108 σώματος
1184 5036 1205 5108 [
1237 5037 1349 5108 Sir.
1397 5041 1490 5094 τοῦ
1524 5043 1843 5117 ἀσωμάτου]
1895 5049 1941 5097 εἰ

370 5127 463 5179 καὶ
487 5128 568 5192 τίς
595 5129 762 5198 ἄκρον
787 5126 1055 5193 ἀπαθείας
1081 5129 1517 5201 ὲλάσειε·ι,μόλις
1545 5132 1611 5185 ἂν
1641 5132 1937 5206 ἀγγελικῆς

437 5265 550 5336 (29)
583 5265 880 5336 Incorporei
919 5269 1296 5324 communione.
1329 5270 1597 5324 Κοινωνία
1644 5271 1737 5326 τοῦ
1789 5274 1931 5327 ἀσωο

375 5335 566 5399 μίτου.
629 5335 812 5391 Plat-et
839 5337 1027 5411 ⁵Ιιξςξιίο
1068 5339 1202 5411 haec,
1251 5355 1315 5392 ex
1375 5339 1540 5396 Sirm.
1573 5343 1779 5402 cmlice,
1814 5361 1934 5411 qnie

371 5413 450 5460 est
487 5409 650 5478 etiam
687 5405 890 5478 veteris.
922 5406 1255 5478 interpretis,
1288 5421 1346 5461 ut
1403 5411 1736 5478 signiﬁcetur
1769 5405 1927 5476 raiio,

374 5489 476 5546 qua
515 5473 710 5528 habent
741 5473 952 5546 annua),
995 5485 1053 5527 ut
1077 5476 1143 5529 ad
1171 5473 1479 5546 angelicam'
1501 5479 1643 5531 illam
1672 5473 1928 5546 itnpassiL

372 5544 630 5598 biiilulem
679 5543 1332 5616 [mssint'assurgcrm‘Ut
1392 5560 1533 5602 esset
1577 5552 1638 5616 τῇ
1674 5543 1926 5620 κοινωνίᾳ

2045 4417 2248 4484 majora
2274 4433 2434 4486 quam
2468 4435 2567 4487 pro
2601 4419 2832 4473 humana
2858 4422 3067 4475 ratione
3097 4436 3320 4476 munera
3344 4421 3614 4487 ostendit;

2041 4509 2126 4562 cui
2166 4511 2342 4564 aetatis
2374 4509 2648 4576 defectus,
2699 4513 2830 4566 nihil
2863 4513 2928 4566 ad
2972 4513 3186 4567 virtutis
3220 4513 3614 4568 absolutionem

2043 4599 2426 4666 impedimento
2472 4600 2610 4669 fuit;
2647 4604 2800 4670 cujus
2846 4605 2912 4656 ad
2957 4603 3124 4659 Deum
3174 4604 3612 4673 conjunctioneut

2044 4688 2178 4742 nihil
2223 4689 2476 4756 juventus
2526 4693 2830 4760 prohibuit!
2865 4693 2996 4758 Quis
3047 4694 3218 4756 vidit,
3251 4693 3374 4762 quis
3411 4692 3618 4745 udivit

2047 4779 2204 4832 talem
2236 4783 2632 4849 provectionetn
2659 4782 2924 4850 corporis,
2958 4785 3098 4850 quod
3131 4785 3184 4836 in
3219 4782 3424 4837 sanctis
3459 4783 3613 4836 habi-
3637 4773 3649 4810 ί

2042 4876 2201 4934 taret,
2240 4885 2304 4923 ac
2353 4871 2648 4937 sliparetur-
2681 4873 2749 4925 ab
2781 4873 3011 4941 angelis.
3060 4874 3290 4938 ciboque
3343 4875 3612 4926 ambrosia

2043 4962 2381 5015 nutriretur?
2409 4961 2573 5017 Plane
2603 4965 2818 5026 animm,
2854 4965 3066 5020 tametsi
3095 4966 3160 5018 ad
3195 4981 3461 5018 summam
3491 4981 3614 5033 per-

2043 5051 2290 5104 venerint
2342 5053 2874 5121 itnpassibilitalem,
2929 5055 3014 5109 vix
3071 5065 3248 5111 tamen
3303 5055 3611 5122 incorporei

2038 5141 2418 5196 communione
2445 5141 2578 5214 (29),
2613 5144 2853 5213 angelica
2886 5160 3010 5200 esca
3045 5146 3312 5213 fruantur,
3342 5146 3610 5214 siquidem

2041 5277 2158 5351 τούΔ
2197 5279 2468 5348 σώματος,
2499 5283 2897 5351 signiﬁcaretur
2917 5285 2968 5338 id
2997 5285 3136 5350 quod
3165 5283 3360 5336 animae
3394 5293 3477 5335 est
3511 5283 3613 5333 ini-

2040 5348 2373 5421 petlitnentg,
2410 5363 2466 5403 ut
2501 5348 2572 5406 ne
2600 5370 2718 5406 eam
2747 5353 2900 5407 facile
2931 5348 3099 5421 possit
3137 5353 3441 5417 attingere;
3465 5352 3611 5416 iuxta

2038 5416 2246 5472 illndzt
2302 5418 2509 5491 Corpus
2575 5423 2714 5490 quod
2769 5416 3444 5490 corrunvpitur,agg’ravat
3493 5423 3613 5477 ani-

2038 5501 2202 5553 lnam,
2242 5505 2260 5539 ι
2306 5498 2412 5545 etc.
