4002 6232
351 263 488 344 ttat

1305 289 1388 350 IN
1427 290 1530 350 SS.
1567 289 1768 352 DEIP.
1812 291 2256 379 INGRESSUM
2294 296 2377 359 IN
2415 237 2636 360 TiEMP.

3457 302 3596 372 1438

351 391 640 446 ἀνάϐασιν,
670 377 1030 456 Πεπτωκότες
1067 388 1211 454 ἦμεν
1236 399 1303 466 τῇ
1336 399 1648 468 παραϐάσει
1667 417 1682 431 ο
1713 401 1920 464 ἀνάξιοι

2031 409 2462 476 transgressione
2490 406 2726 461 mandati
2752 425 2766 474 ;
2800 406 2922 463 facti
2941 423 3173 464 eramus
3202 406 3594 478 indigniCrea—

352 479 456 542 τῖις
485 479 579 532 τοῦ
610 480 856 534 Πλάστου
893 481 1217 552 κηδεμονίας
1244 486 1570 553 γεγόναμεν,
1609 489 1761 541 οὐδὲν
1793 491 1928 562 πρὸς

359 570 657 638 ἀπολογίαν
685 571 785 640 τῆς
812 574 1028 643 ἀπάτης
1056 575 1422 644 εὑρίσκιντες.
1458 579 1680 631 Ἔκοιτο
1707 582 1739 648 ἡ
1767 581 1930 649 φύσις

357 661 462 714 ὑπδ
495 661 555 714 τὸ
593 661 791 730 πτῶμα
815 675 830 692 ⁸
867 663 1037 716 ἐδεῖτο
1067 663 1162 716 τοῦ
1197 666 1601 735 ἀνορθώσαντος
1621 685 1634 698 ’
1682 671 1876 740 ἔτυχεν
1902 689 1918 704 ο

355 751 416 802 οὐ
450 747 520 802 δι’
551 751 738 820 ἑτέρου
765 767 780 781 ο
823 752 892 804 δι’
927 753 1092 806 αὑτοῦ
1121 754 1179 806 δὲ
1213 754 1308 806 τοῦ
1361 758 1884 836 δημιουργήσαντος
1911 778 1925 794 ⁸

356 841 452 892 καὶ
481 840 514 908 ἡ
546 840 845 905 ἀνάστασις
865 883 878 905 ,
931 841 1056 914 ξένη
1081 861 1097 876 ο
1155 845 1217 897 οὑ
1265 848 1558 916 προστάξει
1584 890 1598 911 ,
1661 854 1805 904 κατά
1833 850 1930 922 τὴν

356 929 527 983 πάλαι
560 931 944 1000 δημιουργίαν,
1001 933 1119 988 ἀλλ’
1147 937 1433 1009 οἰκονομίᾳ
1461 980 1476 1006 ,
1510 939 1654 994 κατά
1703 937 1806 1012 τῆν
1839 943 1926 995 οἰ-

355 1021 512 1076 κείαν
548 1020 981 1090 φιλανθρωπίαν.

424 1206 539 1260 Οὑκ
583 1205 837 1274 ἀγγέλοις
879 1205 950 1260 τὰ
989 1207 1092 1278 τῆς
1141 1208 1496 1274 ἀναστάσεως
1548 1211 1919 1284 ἐνεχείρισαν,

351 1297 469 1352 ἀλλ’
499 1297 758 1368 ἑαυτῷ-τὰ
769 1297 870 1366 τῆς
886 1299 1343 1366 συγκαταϐὰςιεως
1363 1302 1724 1375 παρεχώρησε
1744 1303 1884 1374 ἔργα
1907 1321 1924 1336 ο

353 1389 449 1442 καὶ
472 1389 534 1442 οὑ
570 1389 732 1459 μόνον
760 1389 1112 1460 ἀνώρθωσεν,
1155 1392 1294 1445 ἀλλά
1317 1395 1414 1446 καὶ
1440 1394 1695 1458 ἀνέλαϐε,
1735 1397 1828 1448 καὶ
1857 1393 1925 1448 τδ

354 1481 696 1550 προσληφθὲν
727 1481 808 1552 τῷ
863 1485 1118 1555 πατρικῷ
1151 1483 1326 1556 θρόνῳ
1379 1487 1645 1555 ἐνίδρυσε.
1683 1488 1748 1540 Τί
1785 1487 1926 1556 πρὸς

349 1568 449 1638 τὴν
468 1568 672 1636 ἄφατον
695 1569 894 1642 ταύτην
918 1571 1330 1642 φιλανθρωπίαν
1360 1574 1600 1644 ἐννοήσω
1623 1591 1638 1640 ;
1681 1575 1804 1627 Τίσι
1831 1574 1924 1626 λόο-

349 1672 467 1722 γοι;
496 1656 596 1728 τὴν
623 1658 850 1730 ἄπειρον
903 1660 1312 1728 συγκατάϐασιν
1339 1664 1674 1732 ὲγκωμιάσω
1701 1681 1716 1731 ;
1741 1654 1922 1719 ’Τίσιν

350 1746 593 1811 ἐπαίνοις
623 1748 720 1816 τὴν
751 1749 1024 1819 Παρθένον
1050 1750 1116 1804 δι’
1143 1747 1213 1821 ἦς
1239 1751 1414 1804 ταῦτα
1443 1754 1876 1826 ὲπραγματεύθη
1904 1797 1918 1822 ,
1953 1733 1998 1787 Β

351 1841 729 1910 ἐπευφημήσω
754 1857 768 1872 ·
797 1841 864 1895 δι’
893 1836 960 1914 ἧς
997 1845 1031 1912 ὴ
1067 1841 1161 1895 τοῦ
1200 1843 1456 1912 σώματος
1489 1842 1652 1916 [Mam
1691 1846 1922 1917 πτώμα-

349 1942 461 1990 τος.
512 1929 676 1984 Sirnt.
739 1930 1100 2007 πλάσματος]
1144 1932 1445 2004 ἀνάκλησις
1519 1934 1772 2001 ὲγένετος
1825 1936 1923 2000 Τίς

347 2018 482 2088 τιμὴ
513 2021 808 2085 ἰσοστάσιος
835 2023 902 2092 τῇ
946 2021 1155 2093 ταύτης
1203 2023 1542 2096 καθαρότητι
1575 2025 1865 2098 ἀναδειχθῇ
1901 2043 1916 2093 ;

347 2101 417 2177 ἧς
444 2111 471 2160 ὁ
499 2110 846 2178 Δημιουργδς
874 2109 1130 2178 ἐρασθεὶς
1160 2151 1176 2175 ,
1205 2112 1306 2182 τὴν
1350 2113 1561 2168 οἰκείαν
1607 2116 1815 2185 σκηνὴν
1849 2117 1919 2170 ὲκ

347 2197 552 2267 ταύτης
578 2199 827 2270 ἐδείματο
852 2217 867 2231 ·
891 2195 959 2272 ἦς
986 2201 1084 2272 τὴν
1123 2201 1397 2272 ἐνοίκησιν
1425 2203 1488 2255 οὑ
1520 2206 1879 2275 παρῃτήσατο
1903 2221 1916 2236 ·

352 2287 412 2340 ἐν
503 2286 566 2339 τὸ
599 2289 864 2359 πατρικὸν
892 2290 1318 2359 ἐκπεπλήρωται
1347 2291 1596 2362 βούλημα
1617 2309 1633 2322 ⁸
1687 2298 1746 2346 ὲν
1843 2295 1904 2348 τὸ

349 2377 614 2443 πανάγιΟν
647 2380 1034 2434 ἀναπέπαυται
1054 2380 1298 2450 Πνεῦμα.
1337 2383 1435 2445 Τίς
1457 2383 1585 2450 δόξα
1614 2385 1736 2437 κατ’
1763 2385 1922 2450 ἀξίαν

347 2466 554 2536 ταύτης
579 2469 898 2540 ὀφθήσεται,
932 2467 1000 2542 ἧς
1033 2472 1344 2543 ὑπερτέραν
1373 2475 1474 2544 τὴν
1507 2475 1666 2540 δόξαν
1703 2475 1920 2548 [Sinin

289 2586 304 2600 ο
349 2559 416 2628 ἢν
445 2559 752 2629 ὑπερτέραν
788 2563 854 2631 τῇ
885 2560 1012 2633 δόξῃ
1032 2571 1052 2632 ]
1092 2561 1234 2632 πλὴν
1264 2565 1478 2630 ἑαυτοῦ,
1505 2564 1535 2618 ό
1562 2566 1803 2636 Κτίστης
1828 2570 1924 2620 ἀν-

347 2647 654 2713 ἐδειξεν;Ὢ
671 2649 838 2718 τιμῆς
858 2651 1080 2721 ἀπάσης
1109 2653 1412 2724 ὑπέρτιμον
1441 2655 1702 2726 δώρημαί
1726 2659 1789 2710 Ὢ
1807 2657 1921 2711 τῶν

315 2745 321 2750 ”
347 2737 571 2804 ὡραίων
603 2739 934 2808 ὡραιότατον
953 2742 1211 2812 ὡράῖσμα
1238 2745 1252 2797 !
1273 2741 1344 2798 Ὦ
1363 2738 1595 2801 Θεοτόκε
1611 2749 1720 2802 τῶν
1741 2751 1920 2803 καλῶν

346 2824 654 2896 ὑτέρτατον
695 2831 1158 2902 ἐγκαλλώπισμα·
1217 2835 1282 2888 σὺ
1331 2837 1432 2904 τῆς
1463 2841 1698 2907 ἀρχαίας
1751 2843 1918 2911 ἡμῶν

349 2918 625 2983 εὐγενείας
657 2919 756 2990 τὴν
794 2921 1092 2988 ἔκπτωσιν,
1129 2925 1208 2995 τῷ
1251 2925 1395 2993 ὑπὲρ
1443 2927 1602 2996 λόγον
1627 2948 1721 2982 σου
1767 2933 1915 3002 τόκῳ

347 3007 670 3078 ἁνώρθωσας
691 3026 703 3039 ·
737 3011 802 3064 σὺ
836 3013 935 3082 τὴν
966 3013 1277 3085 ὡραιότητα
1305 3019 1415 3085 τῆς
1451 3017 1676 3090 πρώτης
1714 3023 1918 3086 εἰκόνος
1947 3057 1990 3116 C

354 3097 521 3116 1__A-ﬂ,
581 3098 694 3116 0,9,
857 3103 870 3116 ι
968 3103 981 3116 ι
1055 3105 1067 3116 ι
1140 3107 1161 3116 -
1257 3107 1268 3116 ι
1308 3096 1316 3104 ⁸
1416 3107 1428 3116 .
1737 3110 1802 3116 ---

345 3097 786 3166 άμαυρωθείσαν,
823 3103 906 3164 είς
933 3103 992 3154 τὸ
1020 3105 1220 3156 οἰκεῖον
1247 3096 1660 3176 ἀπεμόρφωσας
1684 3110 1880 3176 κάλλος
1899 3129 1913 3143 ο

346 3189 412 3242 σὺ
443 3189 542 3251 τὰς
569 3190 628 3240 ὲν
649 3189 849 3254 λύπαις
875 3192 1072 3254 ὠδῖνας
1097 3195 1196 3262 τῆς
1233 3198 1606 3264 προμήτορος,
1639 3200 1720 3261 εἰς
1741 3203 1918 3270 χαρᾶς

233 3269 238 3273 ’
341 3281 657 3348 γεννήματα
700 3283 766 3351 τῇ
801 3284 997 3352 κυήσει
1031 3299 1126 3335 σου
1159 3284 1550 3354 μετεποίησαςο
1600 3287 1701 3340 Διά
1748 3269 1844 3340 σοῧ
1884 3292 1918 3360 ἡ

340 3370 436 3423 τοῦ
462 3370 651 3439 γένους
682 3371 932 3438 ἀποικία,
965 3373 1102 3444 πρὸς
1129 3374 1230 3444 τὴν
1257 3375 1396 3428 ἰδίαν
1420 3376 1593 3446 μονὴν
1617 3379 1922 3450 ὲπανέδρα-

347 3477 449 3532 μεν
474 3478 489 3492 ο
521 3463 612 3514 διὰ
648 3463 743 3514 σοῦ
781 3463 882 3532 τὴν
907 3465 1190 3534 ἀκήρατον
1215 3464 1310 3518 τοῦ
1347 3466 1922 3532 παραδείσου-ἀπελά-

343 3552 510 3622 6ομεν
537 3553 748 3622 τρυφὴν
775 3553 966 3625 [ὃίιιιι.
995 3554 1318 3629 ἀπόλαυσιν]
1338 3573 1354 3590 ο
1405 3557 1492 3612 διὰ
1519 3559 1614 3613 σοῦ
1640 3562 1738 3630 τῆς
1765 3577 1921 3631 στρε-

342 3643 583 3712 φομένης
612 3644 890 3718 ῥομφαίας
921 3647 954 3715 ἡ
983 3644 1334 3716 ὑποχώρησις
1366 3648 1564 3716 γέγονε
1587 3650 1715 3706 ’,διὰ
1739 3651 1835 3704 σοῦ
1863 3653 1919 3704 αἰ

343 3733 727 3804 κεκλεισμέναι
773 3735 942 3788 πύλαι
984 3739 1085 3808 τῆς
1131 3739 1382 3808 τρυφῆς,
1425 3740 1523 3810 τὴν
1588 3741 1793 3796 εἴσοδον
1827 3743 1918 3807 ἐξ-

341 3825 587 3896 ηνέιρξαν
611 3843 624 3857 ο
657 3827 748 3879 διὰ
779 3825 874 3880 σοῦ
909 3829 965 3880 αἰ
1005 3829 1114 3882 τῶν
1147 3831 1442 3900 προφητῶν
1466 3831 1681 3895 ἐλπίδες
1710 3837 1790 3896 εἰς
1821 3834 1915 3904 ερ-

340 3934 438 3982 γον
467 3915 731 3986 ἐξέϐησαν
753 3935 766 3948 ο
819 3919 878 3972 ἐν
921 3919 1003 3972 σοὶ
1034 3919 1092 3971 αἰ
1125 3919 1331 3972 τούτων
1379 3921 1604 3991 ῥήσεις,
1654 3921 1717 3974 τὺ
1763 3923 1919 3986 τέλος

341 4008 598 4078 εἰλήφασι
621 4027 635 4040 ι
691 4008 780 4060 διὰ
814 4009 908 4062 σοῦ
933 4049 947 4072 ,
1001 4009 1100 4079 τῆς
1135 4011 1481 4074 ἀναστάσεως
1515 4012 1684 4082 ἡμῶν.
1710 4013 1917 4084 ἀψευδῆ

338 4099 407 4151 τὰ
442 4097 684 4168 σὺμδολα
717 4100 1060 4168 κατέχομεν·
1100 4099 1190 4152 διὰ
1223 4098 1317 4152 σοῦ
1344 4100 1441 4168 τῆς
1483 4100 1732 4170 οὐρανῶν
1759 4101 1917 4170 βασι-

339 4191 488 4254 λείας
530 4192 805 4260 ἐπιτυχεῖν
838 4187 1134 4260 ἐλπίζομεν
1159 4208 1173 4222 °
1216 4191 1276 4261 σὲ
1315 4192 1413 4259 τῆς
1445 4192 1602 4261 ἡμῶν
1637 4193 1917 4263 σωτηρίας

339 4283 630 4354 ἐπίκουρον
661 4283 976 4352 κεκτήμεθα
1001 4299 1014 4313 ·
1042 4283 1104 4335 σὲ
1135 4283 1234 4352 τῆς
1265 4282 1420 4353 ἡμῶν
1452 4273 1709 4353 βοηθείας
1735 4283 1914 4356 ὑπέρ-

342 4388 516 4462 μαχον
545 4371 780 4462 ἔχομεν·
818 4373 880 4425 σὲ
925 4373 1019 4441 τῆς
1044 4371 1218 4462 ἡμῶν
1256 4373 1557 4440 ἀπολογίας
1603 4373 1908 4444 προσαλλόσ
1947 4401 1996 4462 υ

235 4509 238 4512 .
343 4459 484 4530 μεθα
515 4461 689 4530 στόμα
711 4478 725 4494 ο
769 4463 828 4513 σὲ
860 4463 957 4530 τῆς
989 4461 1149 4530 ἡμῶν
1176 4463 1492 4533 παρρησίας
1526 4463 1904 4532 περιφέρομεν

339 4553 641 4623 καύχημα·
685 4552 745 4605 σὲ
789 4553 1130 4623 Χριστιανῶν
1175 4555 1209 4622 ἡ
1262 4552 1474 4624 πληθὺς
1507 4593 1522 4617 ,
1565 4554 1912 4624 ὀχυρώτατον

336 4646 514 4714 τεῖχος
565 4643 926 4712 κεκτήμεθα·
984 4645 1042 4696 σὲ
1103 4644 1282 4699 πιστοὶ
1333 4645 1576 4712 βασιλεῖς
1645 4647 1910 4714 κραταιὸν

336 4734 500 4787 ὅπλον
534 4734 856 4804 κατέχουσιο
895 4734 981 4787 διὰ
1021 4733 1117 4786 σοῦ
1165 4735 1276 4788 τῶν
1312 4736 1584 4802 πολεμίων
1621 4737 1688 4788 τὰ
1733 4737 1910 4808 Opim

341 4825 706 4896 συντρίϐουσι.
750 4825 844 4886 Σὺ,
879 4824 1126 4890 Θεοτόκε,
1172 4827 1266 4878 καὶ
1295 4825 1401 4880 τῶν
1434 4825 1519 4878 ἀεὶ
1547 4827 1910 4896 αἰτουμένων..

265 4987 272 4994 .
341 4917 417 4987 μὴ
470 4918 706 4988 παρόψει
762 4917 860 4988 τὴν
903 4917 1120 4986 δέησιν·
1187 4919 1374 4990 ὄρεξον
1427 4924 1584 4991 χεῖρα
1636 4924 1753 4983 τοῖς
1812 4923 1911 4976 κά-

341 5025 538 5076 μνουσι
565 5023 579 5039 ⁸
617 5007 882 5061 ἐπιλαϐοῦ
912 5008 1019 5062 τῶν
1049 5001 1562 5080 κ).υδωνιζομένωνὀ
1601 5011 1798 5081 στῆσον
1827 5013 1908 5076 εἰς

409 5162 521 5232 (3i)
551 5159 775 5232 Manum
796 5162 944 5232 fessis
967 5163 1191 5232 porrige.
1220 5163 1294 5216 Ex
1343 5163 1442 5216 hoc
1473 5171 1526 5216 ct
1555 5165 1902 5231 sequentibus

338 5231 510 5301 cliulis
541 5231 672 5285 Satis"
695 5233 898 5287 iudicat
939 5233 1226 5301 Gentgtus,
1257 5234 1398 5300 inqui
1425 5249 1483 5284 se
1515 5247 1576 5287 ac
1609 5237 1786 5286 vivere
1806 5234 1901 5286 dif-

340 5300 572 5354 ficilibus
607 5301 758 5368 Beip.
801 5300 1149 5366 ιυιιιμυτιιηίε,
1185 5304 1362 5367 qualia
1416 5301 1778 5356 fere-fuerunt
1833 5305 1900 5356 ab

339 5369 612 5434 Heraclio,
645 5385 856 5441 semper
900 5371 1122 5424 infensis
1179 5375 1515 5441 Sarracenis,
1545 5390 1608 5423 ut:
1657 5372 1899 5426 cladihus

339 5441 506 5494 variis
567 5439 862 5494 Romanum
932 5442 1213 5506 imperium
1275 5439 1668 5505 allicieattlms,
1727 5443 1898 5495 donec

338 5511 551 5578 penitus
579 5510 920 5564 extinxet'unt
943 5509 1312 5572 totoOrit-nte,
1345 5525 1407 5564 ac
1439 5526 1615 5570 suum,
1650 5521 1892 5577 postzuu-

339 5581 570 5647 dumth
610 5581 1018 5633 Osmanidarum
1064 5579 1646 5634 lecet°unt.Occurruut
1699 5581 1893 5634 similia

339 5654 478 5717 apud
514 5651 780 5703 Andream
815 5651 957 5703 (λι-ει.
997 5650 1238 5704 oratione
1269 5651 1317 5703 in
1363 5650 1659 5720 apostolum
1694 5651 1892 5716 'I'ttutu,

2034 498 2163 549 toris
2195 499 2533 566 providentia
2561 537 2576 562 ,
2610 499 2803 566 quibus
2834 499 2966 553 nihil
2999 499 3064 552 ad
3094 501 3294 554 erroris
3319 501 3591 556 delensio-

2031 604 2150 642 nem
2205 590 2465 658 reliqunm
2543 598 2708 644 esset.
2779 587 3000 644 Iacebat
3051 599 3243 644 natura
3299 600 3446 644 tanta
3499 591 3590 644 illa

2031 679 2220 738 ruina;
2257 687 2376 730 erat
2427 679 2775 734 necessarius
2825 681 2914 747 qui
2965 681 3312 732 instauraret.
3358 681 3422 734 Et
3464 695 3592 735 vero

2029 766 2329 820 inStaurata
2383 777 2502 831 est,
2556 783 2663 820 non
2701 768 2928 822 alterius
2963 783 3160 835 opera,
3215 783 3378 836 quam
3423 769 3590 835 ipsius

2029 857 2116 924 qui
2173 859 2490 913 condiderat
2510 875 2538 911 .:
2571 861 2730 927 (qua
2769 873 2905 912 nova
2951 863 3196 925 quaedam
3228 875 3291 912 ac
3347 860 3585 913 inaudita

2031 947 2294 1013 reparatio
2337 959 2424 1000 est
2471 954 2488 1013 )
2548 962 2652 1001 non
2705 950 2848 1000 nudo
2900 957 3196 1013 praecepto;
3253 948 3327 998 uti
3381 946 3586 1015 pridem

2029 1035 2213 1090 habuit
2269 1038 2498 1100 erratio,
2549 1038 2642 1107 sed
2698 1039 3136 1103 dispensatione,
3184 1051 3248 1090 ac
3299 1047 3587 1106 assumpta:

2025 1125 2205 1179 carnis
2233 1135 2597 1187 sacramento,
2631 1109 2732 1194 pro
2775 1125 2866 1179 Dei
2893 1125 3203 1178 clementia.

2093 1214 2210 1270 Non
2236 1216 2442 1287 angelis
2468 1217 2698 1271 credidit
2749 1217 3110 1284 reparationis
3151 1217 3399 1269 humanae
3422 1228 3588 1283 nego-

2027 1307 2179 1370 tium,
2203 1307 2297 1360 sed
2323 1307 2435 1375 ipse
2449 1305 2548 1358 sibi
2576 1315 2632 1357 ut
2655 1305 2706 1358 in
2733 1316 2971 1358 nostram
2987 1320 3045 1360 se
3059 1305 3316 1358 vilitatem
3341 1304 3590 1358 demitte-

2027 1407 2128 1460 ret,
2159 1396 2381 1451 indulsit
2415 1413 2428 1449 :
2459 1409 2558 1448 nec
2586 1395 2770 1448 habuit
2793 1395 2927 1448 satis
2961 1405 3018 1448 ut
3038 1401 3314 1463 repararet
3341 1409 3357 1458 ;
3385 1395 3451 1446 ad
3476 1396 3590 1448 haec

2025 1489 2165 1540 enim
2195 1499 2474 1540 assumere
2495 1485 2694 1550 voluit,
2725 1493 3164 1552 assumptamque
3185 1493 3421 1537 nostram
3443 1483 3588 1536 illam

2026 1582 2267 1631 naturam
2284 1573 2334 1626 in
2350 1583 2571 1642 paterna
2585 1571 2710 1627 sede
2725 1570 3165 1636 collocavit.Quid
3177 1574 3243 1625 ad
3261 1559 3586 1624 ineﬂ‘abilem

2025 1661 2165 1714 illam
2187 1661 2594 1732 benignitatem,
2615 1664 3021 1731 impensiusque
3037 1663 3088 1716 in
3111 1663 3406 1714 humanum
3419 1675 3589 1730 genus

2023 1752 2254 1805 studium
2295 1751 2694 1822 cogitaverim?
2726 1751 2933 1817 Quibus
2972 1750 3239 1805 encomiis
3268 1750 3589 1813 immensam

2024 1843 2167 1896 illam
2193 1843 2246 1896 in
2279 1855 2436 1898 usum
2469 1852 2716 1896 nostrum
2746 1839 3132 1896 demissionem
3167 1839 3591 1894 celebraverint?

2021 1933 2228 2000 Quibus
2250 1911 2526 1996 laudibus,
2554 1933 2828 2002 Virginem
2861 1947 2960 2002 per
2987 1947 3149 2001 quam
3177 1945 3242 1984 ea
3268 1941 3417 2000 gesta
3439 1939 3588 1992 sunt,

2022 2023 2363 2092 prosequari.
2383 2023 2679 2091 Virginem,
2708 2023 2948 2090 inquam,
2983 2037 3078 2090 per
3096 2035 3260 2089 quant
3283 2021 3588 2090 ligtnentutl

2023 2123 2326 2182 reparatum
2359 2111 2501 2166 fuit?
2538 2112 2670 2177 Quis
2699 2121 2880 2166 tantus
2929 2111 3104 2164 honor
3151 2113 3272 2177 ejus
3298 2113 3589 2178 puritatem

2021 2219 2238 2272 mquans
2272 2205 2760 2266 deutonstraretur,
2809 2216 2875 2256 ex
2907 2215 3014 2270 qua
3064 2200 3180 2269 ipse
3218 2209 3431 2264 auctor,
3471 2199 3592 2268 ejus

2028 2297 2246 2348 aturator
2301 2294 2478 2348 factus
2501 2331 2518 2358 ,
2547 2308 2702 2348 suum
2739 2291 3144 2352 tabernaculum
3175 2281 3498 2355 aediﬁcavit;
3535 2291 3590 2344 itt

2026 2401 2129 2456 qua
2166 2385 2410 2439 habitare
2471 2400 2578 2440 non
2598 2385 2831 2449 'renuit,
2883 2383 2936 2436 in
2985 2397 3090 2452 qua
3149 2381 3428 2448 impletum
3485 2378 3591 2434 fuit

2027 2487 2309 2546 paternum
2341 2477 2623 2530 consilium
2645 2517 2661 2542 ,
2687 2477 2740 2527 in
2774 2489 2877 2542 qua
2914 2473 3180 2541 requievit
3212 2468 3591 2525 sanctissimus

1991 2601 1999 2606 ς
2031 2567 2303 2636 Spiritus?
2326 2567 2582 2632 Quaenam
2604 2565 2651 2618 ei
2684 2565 2850 2631 gloria
2879 2579 2976 2632 pro
3001 2561 3213 2616 meritis
3245 2559 3586 2630 respondeat,

1982 2677 2006 2688 ε
2031 2673 2188 2726 quam
2227 2659 2339 2726 ipse
2363 2664 2596 2717 creator,
2629 2653 3081 2714 rebusomnibus,
3113 2667 3220 2704 ttno
3251 2664 3310 2704 se
3339 2657 3590 2716 excepto,

2023 2749 2390 2804 sublimiorem
2407 2745 2688 2799 ostendit?
2711 2743 2757 2798 Ο
2783 2743 3037 2813 pretium,
3065 2757 3226 2797 omne
3249 2741 3592 2810 pretiositato

2022 2855 2285 2906 superans
2316 2837 2545 2890 munus!
2577 2834 2621 2890 0
2657 2837 2797 2889 inter
2825 2834 3044 2898 decora,
3077 2833 3333 2888 decorum
3357 2830 3592 2884 maxime

2023 2929 2224 2982 decus!
2257 2926 2302 2982 0
2343 2925 2570 2994 Deipara
2597 2963 2614 2989 ,
2659 2939 2838 2978 rerum
2873 2923 3222 2994 pulchrarum
3277 2935 3589 2990 supremum

2023 3018 2438 3074 ornamentum!
2474 3026 2528 3070 tu
2557 3057 2574 3082 ,
2607 3015 2846 3085 antiquae
2878 3024 3077 3068 nostra:
3103 3013 3455 3082 ingenuitatis
3481 3009 3592 3066 rui-

2025 3125 2169 3176 nam,
2201 3107 2466 3177 partuillo
2483 3121 2646 3176 supra
2675 3114 2942 3169 naturam,
2963 3103 3229 3173 reparasti
3257 3119 3273 3156 :
3303 3113 3381 3162 tu.
3406 3101 3592 3170 primae

2021 3196 2274 3268 imaginis
2299 3200 2628 3252 exstinctam
2670 3205 3010 3258 venustatem
3036 3237 3052 3260 ,
3081 3196 3146 3248 ad
3183 3193 3468 3263 pristinam
3499 3207 3595 3246 re-

2001 3289 2230 3354 ‘parasti
2257 3287 2712 3360 pulchritudinem
2743 3302 2760 3339 :
2789 3295 2870 3348 tu,
2906 3285 3150 3352 parentis
3179 3286 3370 3350 prima:
3405 3285 3459 3338 in
3489 3283 3595 3337 tri-

2022 3379 2186 3432 stitiis
2221 3387 2409 3446 partus
2433 3415 2449 3439 ,
2487 3387 2580 3430 tuo
2633 3375 2750 3443 ipsa
2789 3385 2946 3442 partu
2969 3413 2986 3436 ,
3041 3374 3096 3427 in
3132 3374 3314 3442 gaudii
3359 3374 3590 3428 feturam

2021 3467 2358 3524 convenisti.
2385 3465 2490 3522 Per
2521 3475 2606 3542 te,
2630 3463 2784 3518 exsul
2811 3465 3106 3518 humanmn
3139 3477 3337 3528 genus,
3371 3463 3438 3516 ad
3465 3477 3593 3517 suae

2023 3559 2184 3614 rediit
2211 3559 2366 3613 sedes
2390 3576 2404 3612 τ
2429 3572 2524 3626 per
2543 3565 2614 3621 te,
2646 3555 3004 3611 immortalem
3031 3553 3266 3621 paradisi
3291 3553 3593 3621 recepimus

2023 3648 2390 3718 voluptatem;
2423 3663 2517 3716 per
2549 3657 2601 3701 te
2642 3644 2872 3701 recessit
2901 3645 3112 3713 gladius
3155 3644 3464 3710 versatilis;
3492 3658 3590 3711 per

2025 3751 2099 3804 te.
2130 3741 2421 3810 voluptatis
2454 3739 2687 3794 occluste
2727 3745 2899 3808 porta:
2945 3745 3238 3806 patuerunt
3266 3736 3332 3790 ad
3383 3735 3593 3804 ingres-

2021 3847 2178 3887 sum:
2212 3847 2311 3900 per
2339 3841 2412 3897 te,
2447 3832 2830 3900 prophetarum
2861 3830 3296 3896 exspectationes
3341 3831 3590 3880 eventum

2023 3921 2326 3976 habuerunt
2355 3938 2370 3975 :
2395 3936 2582 3975 eorum
2619 3919 2968 3982 testimonia,
3003 3919 3054 3972 in
3098 3929 3149 3972 te
3180 3917 3336 3970 linem
3367 3929 3594 3983 accepe-

2023 4022 2148 4066 runt
2185 4030 2198 4066 :
2245 4027 2340 4080 per
2373 4021 2424 4064 te
2455 4011 2718 4065 habemus
2767 4009 3180 4066 resurrectionis
3224 4015 3424 4064 nostrae
3467 4020 3591 4060 vera

2021 4103 2261 4174 symbula
2285 4120 2300 4156 :
2327 4118 2423 4171 per
2447 4112 2496 4156 te
2515 4117 2798 4171 speramus
2829 4109 3214 4153 consecuturos
3240 4111 3338 4152 nos
3369 4111 3589 4166 regnum

2021 4192 2279 4246 caelorum
2311 4209 2324 4244 :
2354 4191 2668 4260 adiutricem
2694 4201 2747 4245 te
2780 4190 2972 4244 salutis
3011 4199 3208 4242 nostra:
3233 4189 3542 4242 obtinemus
3571 4203 3588 4241 :

2023 4287 2284 4340 habemus
2321 4295 2373 4340 te
2411 4285 2566 4338 nobis
2593 4282 3025 4344 auxiliatricem;
3057 4291 3109 4334 te
3139 4293 3203 4334 os
3237 4290 3478 4333 nostrum
3521 4281 3591 4334 ad

2021 4375 2394 4430 defensionem
2419 4373 2708 4444 objiciums
2733 4391 2748 4428 :
2777 4381 2828 4427 te
2856 4381 3054 4426 nostra:
3087 4371 3295 4438 fiduciae
3316 4369 3591 4438 gloriatio-

2023 4481 2144 4520 nem
2165 4464 2594 4520 circutut'erimus
2617 4483 2628 4519 :
2663 4465 2762 4532 ipsi
2781 4473 2910 4528 rte,
2933 4463 3367 4524 Christianorum
3393 4470 3591 4530 cetus,

2022 4571 2230 4609 mutum
2260 4553 2608 4608 fortissimum
2640 4555 2904 4607 habemus
2937 4568 2954 4606 :
2996 4562 3047 4606 te
3077 4551 3263 4606 ﬁdeles
3293 4552 3590 4620 imperato-
3619 4569 3628 4578 ο

2024 4660 2114 4700 res
2166 4660 2316 4698 arma
2363 4644 2696 4698 Validissima
2749 4651 2935 4698 tenent
2981 4661 2994 4697 :
3051 4658 3146 4710 per
3191 4651 3261 4705 te,
3299 4649 3592 4696 conterunt

2021 4735 2256 4790 hostium
2293 4735 2616 4799 audaciam;
2668 4750 2763 4802 per
2815 4744 2866 4788 te
2916 4734 3164 4788 obtinent
3212 4732 3452 4785 victoria:
3481 4742 3592 4786 tro-

2009 4827 2182 4898 phtea.
2232 4826 2334 4881 Tu.
2362 4841 2562 4896 porro,
2603 4827 2693 4879 Dei
2739 4824 2984 4879 Geuitrix
3015 4863 3032 4887 ,
3079 4837 3146 4876 ne
3189 4821 3256 4876 ad
3307 4833 3360 4876 te
3392 4821 3593 4892 iugiter

2007 4922 2274 4992 orantium
2307 4921 2749 4990 supplicationem
2775 4917 3107 4986 despexeris.
3147 4913 3362 4968 Manum
3406 4927 3592 4985 quaso

2011 5011 2169 5068 l'essis
2221 5012 2507 5081 exporrige
2546 5011 2660 5082 (51)
2710 5027 2726 5064 :
2779 5009 3048 5062 auxiliare
3102 5005 3586 5078 nauiragantibus;

2010 5165 2097 5218 ubi
2139 5173 2194 5218 et
2233 5165 2343 5232 ipse
2374 5163 2632 5234 βασιλεῖς.
2662 5163 2773 5217 AA.
2807 5162 2998 5231 plurali
3026 5163 3296 5226 nominat,
3341 5164 3434 5217 sed
3463 5175 3586 5234 _ma_-

2003 5234 2105 5303 juri
2139 5229 2509 5302 express-ioue,
2555 5229 2819 5286 addendo
2853 5234 3180 5302 όμοστεφείς
3209 5233 3310 5286 καὶ
3356 5229 3590 5300 συνθρό-

2007 5319 2130 5367 von;
2161 5318 2176 5332 '
2211 5307 2409 5373 quibus
2450 5303 2783 5358 ostendimm
2840 5305 3103 5373 designati
3149 5303 3446 5357 secundum
3486 5304 3590 5373 i_t_n-

2007 5377 2213 5441 perium
2231 5367 2529 5428 Iustiniani
2565 5373 2923 5434 llhiuotmeti,
2957 5367 3078 5426 cum
3100 5373 3212 5440 jam
3237 5373 3402 5422 lilium
3424 5367 3589 5441 colle-

2005 5439 2496 5524 gamﬂdcsignasset
2531 5461 2545 5497 :
2577 5444 2816 5524 adquod
2869 5443 3006 5521 forte
3032 5439 3585 5524 spectaveriutptiau}

2008 5505 2106 5565 ista
2132 5505 2348 5582 Georin
2383 5531 2396 5567 :
2431 5515 2509 5567 sic
2536 5505 2768 5580 undique
2787 5505 3096 5582 conspirauit
3128 5508 3464 5564 adminicula
3516 5505 3587 5567 ad

2004 5598 2120 5650 ctus
2151 5577 2368 5652 cpuclta:
2409 5577 2798 5652 coniectat-atii.
2902 5577 2929 5585 ’ί
3071 5585 3078 5592 “
