4002 6232
290 325 422 392 illi

1247 330 1328 390 IN
1368 332 1474 392 SS.
1517 332 1718 394 DElP.
1759 331 2212 394 INGBESSUM
2242 331 2326 392 IN
2362 331 2584 394 'IIEMP.

3399 333 3537 400 1“!

287 439 419 492 ιὸτδ
450 435 738 508 δηλοῦσαι,
789 437 922 509 πρὸς
957 438 1072 492 ἴσον
1131 438 1231 491 ούκ
1261 439 1488 503 ἀπεικὸς
1520 440 1583 493 ἂν
1620 440 1860 510 κριθεῐεν

1985 440 2032 495 is
2055 455 2202 504 vero,
2234 440 2398 494 etiam
2419 439 2654 509 Virginis
2681 440 2836 506 testa,
2870 454 2990 510 qua
3031 450 3084 496 et
3112 440 3224 512 ipsa
3281 442 3424 497 idem
3459 450 3535 500 si-

287 529 605 598 ἀποφέρειν.
625 529 764 597 Ἐγὼ
793 530 892 600 μὲν
915 525 1008 583 οὖν
1037 529 1113 593 ὡς
1154 529 1255 600 ἢδη
1287 530 1462 603 πέρας
1488 534 1545 583 ἐν
1577 535 1689 595 τοῖς
1718 531 1858 600 φθά·

288 637 446 674 σασιν
476 618 685 677 ἐπιθεὶς
719 618 797 688 τῷ
821 620 986 688 λόγῳ,
1021 618 1408 690 προεόαλόμην
1440 621 1508 673 τὰ
1536 622 1636 691 τῆς
1666 622 1863 675 ἀπολο-

287 711 434 776 γίας,
466 709 860 781 πολιορκούσης
897 711 989 763 τὸν
1021 710 1185 762 πόθον
1217 711 1315 778 τῆς
1345 711 1613 782 ἀπορίας,
1652 713 1745 766 καὶ
1783 712 1860 782 μὴ

287 787 499 871 ἐώσης.
547 801 690 854 κατά
737 801 798 853 τὸ
827 800 890 871 δὴ
922 800 1234 869 λεγόμενον,
1270 800 1654 870 ύπερϐάθμιον
1686 803 1865 856 ἐκτεί-

286 909 400 946 νειν
430 891 570 946 πόδα
594 931 610 956 ,
648 891 784 961 μηδὲ
811 891 919 945 τῶν
960 891 1102 962 ὑπὲρ
1130 890 1359 962 δύναμιν
1394 892 1620 961 προσέτι
1661 909 1864 961 κατεγ-

295 984 542 1052 χειρεῖντ
607 980 906 1050 ἐπειδήπερ
946 971 1104 1042 οὗτος
1161 979 1265 1032 ὑπὸ
1313 979 1412 1048 τῆς
1449 979 1672 1049 ἀφανῶς
1719 979 1866 1033 ἔνδον

289 1071 714 1143 ύποσμυχούσης
760 1070 958 1139 φλογὸς
1000 1070 1445 1141 πυρπολούμενος
1470 1111 1484 1137 ,
1523 1070 1765 1141 μεγάλης
1805 1087 1866 1124 τε

286 1161 392 1231 ἢδη
422 1160 627 1230 ταύτης
668 1159 1191 1231 ἀναρριπισθείσης,
1223 1162 1292 1230 τῇ
1346 1161 1529 1230 σιωπῇ
1566 1160 1642 1229 μὴ
1680 1159 1866 1229 φέρων

286 1251 386 1323 τὴν
414 1251 594 1322 ῥύμην
623 1250 899 1320 κατέχειν,
943 1251 1047 1316 ἐξω
1073 1249 1276 1321 ταύτην
1323 1251 1685 1320 ἐπειγομένην
1735 1266 1870 1320 προ-

287 1343 492 1410 ήγαγε’
512 1341 646 1411 πρὸς
669 1341 897 1412 ἄπειρον
922 1340 1174 1394 ἐντεῦθεν
1199 1341 1585 1412 ἐκτεινομένην
1611 1338 1870 1411 όρῶντὴν

286 1431 548 1485 ὑπόθεσιν
573 1472 587 1498 ,
628 1430 722 1483 τοῦ
777 1431 1208 1500 ὑπεκκαύματος
1253 1431 1607 1503 διαρκοῦντος
1660 1432 1741 1494 εἰς
1771 1431 1870 1500 τὴν

287 1519 629 1590 ἐκπύρωσιν,
668 1518 762 1572 καί
781 1535 880 1588 μοι
905 1518 1326 1588 τυραννουμένῳ
1359 1519 1438 1588 τῷ
1469 1519 1651 1583 πάθει,
1681 1519 1742 1571 τὸ
1770 1519 1871 1587 τῆς

289 1608 627 1680 συγγνώμης
648 1608 878 1672 ἕκαστος
911 1609 1021 1662 τῶν
1041 1601 1328 1681 παρόντων
1347 1612 1700 1681 ἀπονειμάτω
1729 1628 1792 1664 συ
1801 1629 1870 1680 μ-

287 1701 480 1772 παθές.
537 1701 756 1772 Μᾶλλον
795 1700 851 1754 δέ
895 1701 949 1753 τί
981 1701 1064 1754 δεῖ
1112 1702 1219 1773 πρὸ
1253 1700 1396 1774 Heg.
1433 1700 1611 1775 πρὸς]
1653 1702 1871 1757 πάντων

1964 530 2260 599 guillceut,
2297 532 2347 584 itt
2381 534 2588 599 aequale
2618 530 2722 584 non
2759 531 3036 586 imtnerito
3080 533 3409 588 desiderium
3470 551 3536 589 ac

1963 634 2200 674 amorem
2242 636 2430 690 rapere
2477 622 2778 678 videamur.
2834 621 2948 690 Ego
2995 639 3164 688 sane,
3204 624 3317 693 jam
3367 625 3532 680 linem

1964 711 2193 764 orationi
2246 712 2296 764 in
2335 713 2704 780 superioribus
2754 713 3079 781 imponens,
3128 715 3532 771 excusationem
3581 761 3584 764 ι

1965 803 2360 871 pmtendebam
2400 813 2742 871 oppugnante
2785 803 3106 857 desiderium
3159 808 3379 874 penuria
3409 846 3424 871 ,
3458 809 3538 862 vi-

1971 894 2220 962 riumque
2270 894 2515 947 exilitate
2551 909 2566 946 :
2596 907 2658 946 ac
2680 934 2695 956 ,
2727 894 2870 961 quod
2907 895 3012 947 dici
3042 894 3179 949 solet
3201 935 3214 957 ,
3246 911 3313 951 ne
3346 899 3534 964 pedem

1967 983 2184 1050 quidem
2231 985 2442 1037 sinente
2478 983 2645 1052 gradu
2678 985 2959 1037 sublimem
2995 986 3295 1039 extendere
3318 1027 3332 1050 ,
3369 1000 3539 1041 ηιθυιό

1968 1073 2142 1127 adhuc
2169 1087 2230 1128 ea
2256 1083 2487 1138 tentare,
2509 1090 2626 1142 qua:
2657 1073 2862 1143 majora
2899 1074 3097 1130 virtute
3125 1085 3306 1129 essent
3339 1094 3351 1128 :
3375 1075 3531 1145 (Nam

1969 1162 2123 1226 illud.
2160 1163 2358 1218 latente
2387 1165 2615 1218 interius
2648 1161 2862 1216 ﬂamma
2891 1166 3192 1218 clanculum
3227 1164 3534 1230 incensum,

1970 1268 2141 1320 eaque
2169 1254 2278 1322 jam
2311 1255 2500 1323 majori
2543 1257 2775 1310 excitata
2803 1294 2818 1320 ,
2852 1258 2978 1308 dum
3025 1256 3241 1310 silentio
3277 1256 3534 1324 impetum

1970 1345 2229 1400 cohibere
2285 1361 2389 1398 non
2439 1355 2656 1413 posset,
2711 1355 3007 1398 certantem
3063 1359 3181 1398 eam
3218 1359 3537 1413 erumpere,

1972 1429 2117 1485 foras
2160 1429 2490 1498 produxerat
2519 1431 2586 1499 :)
2634 1447 2756 1485 cum
2807 1432 3060 1485 nimirum
3111 1434 3162 1484 in
3208 1432 3534 1486 immensum

1973 1519 2096 1573 inde
2121 1532 2494 1590 argumentum
2522 1518 2771 1576 diliusum
2807 1524 3069 1587 viderem,
3113 1522 3205 1576 tali
3241 1526 3538 1578 exsistente

1975 1609 2091 1665 face
2119 1649 2135 1675 ,
2163 1626 2227 1665 ac
2256 1611 2528 1665 incentivo
2550 1650 2568 1675 ,
2604 1621 2662 1665 ut
2689 1613 2912 1664 omnino
2958 1621 3142 1680 posset
3189 1615 3534 1666 succendere.

1976 1699 2126 1754 Nunc
2164 1715 2382 1769 quoque
2407 1739 2424 1766 ,
2455 1700 2542 1754 cui
2572 1698 2785 1754 alfectio
2830 1700 2936 1753 vim
2971 1698 3170 1764 faciat,
3197 1701 3396 1770 quique
3421 1716 3537 1765 vos,

287 1793 464 1862 aixdv
518 1790 676 1846 τοῦτο
701 1833 716 1856 ,
767 1791 980 1844 πολλῶν
1030 1791 1200 1845 όντων
1251 1793 1632 1864 συνηδομένων
1677 1793 1827 1864 αύτῷ
1854 1809 1869 1825 ⁶

1979 1792 2281 1856 auditores,
2339 1791 2540 1845 affectu
2574 1789 2845 1858 indulgete
2868 1830 2886 1855 ,
2931 1804 2995 1842 ac
3023 1791 3248 1843 tribuite
3301 1791 3540 1845 veniam.

288 1882 672 1955 εύαριθμήτων
705 1881 782 1950 δὲ,
819 1884 928 1939 τῶν
957 1881 1027 1937 τὰ
1053 1883 1157 1953 τῆς
1189 1883 1313 1954 βίας
1376 1884 1454 1955 μὴ
1490 1885 1868 1955 προσιεμένων

1979 1881 2229 1949 Quinimo
2252 1918 2270 1946 ,
2302 1879 2431 1950 quid
2463 1881 2533 1936 ab
2584 1879 2851 1933 universis
2887 1879 2988 1932 ltoc
3013 1879 3382 1947 exigendum?
3415 1893 3542 1934 cum

285 1973 383 2044 τοῦ
434 1974 762 2045 πράγματος
788 1990 802 2039 ;
840 1974 954 2027 Καὶ
977 1977 1026 2028 εί
1061 1976 1163 2044 μέν
1195 1992 1246 2029 τι
1275 1975 1386 2029 τῶν
1419 1976 1774 2030 συνοισόντων
1799 1979 1866 2048 τῇ

1979 1973 2155 2043 plures
2183 1987 2239 2026 re
2263 1972 2601 2026 delectentur
2630 1987 2646 2037 ;
2679 1973 2898 2041 sintque
2923 1970 3213 2025 admodum
3245 1971 3422 2040 pauci,
3449 1971 3543 2041 qui

289 2063 604 2132 πανηγύρει
656 2065 694 2116 δ-
737 2062 930 2134 παρὼν
974 2063 1233 2131 ἐπιδείξει
1279 2064 1437 2134 λόγος
1470 2107 1484 2129 ,
1519 2053 1681 2137 χάρίν
1720 2066 1867 2138 ἔχειν

1979 2078 2083 2118 non
2109 2063 2364 2134 probent,
2399 2072 2563 2130 atque
2595 2062 2888 2115 admittant
2915 2061 3178 2127 ejusmodi
3212 2061 3544 2119 violentiam.

285 2154 370 2225 τῷ
427 2154 614 2223 ἀγοντι
661 2155 931 2226 ἐπαινετῷ
977 2155 1121 2222 δντι,
1176 2155 1273 2210 καὶ
1324 2159 1391 2228 τῇ
1442 2157 1548 2228 ίδίᾳ
1596 2155 1722 2229 νίκῃ
1775 2156 1869 2210 τὸν

1979 2155 2052 2209 Ac
2082 2154 2322 2224 quidem,
2354 2164 2412 2208 ut
2441 2153 2628 2208 istltaec
2647 2162 2827 2206 nostra
2859 2153 3035 2206 oratio
3054 2191 3070 2212 .
3100 2166 3278 2220 opera:
3311 2155 3542 2221 pretium

288 2246 593 2317 ἡττηθέντα
643 2247 969 2318 στεφανίτην
1019 2247 1417 2317 ἀποφαίνοντι·
1482 2249 1532 2300 εί
1594 2247 1652 2300 δὲ
1681 2247 1872 2318 πόρῤω

288 2357 398 2396 που
437 2342 545 2394 τῶν
588 2339 794 2412 ταύτης
846 2340 971 2395 κατ’
1020 2341 1180 2405 ἀξίαν
1213 2339 1572 2411 ἀπολειφθείη
1597 2357 1612 2372 ο
1652 2339 1874 2394 ἀπολει-

290 2431 563 2503 φθήσεται
620 2431 731 2503 γάρ
791 2432 1050 2508 πάντωςο
1103 2429 1252 2502 αύτῷ
1311 2432 1410 2502 μὲν
1463 2431 1530 2485 τά
1591 2431 1691 2502 τῆς
1749 2430 1874 2484 τόλ-

293 2537 426 2591 μης,
471 2522 602 2592 ἡμῖν
633 2521 692 2588 δὲ
721 2521 792 2574 τά
819 2522 920 2590 τῆς
955 2520 1252 2591 ἀπολογίας
1308 2522 1635 2594 κριθείησαν
1660 2521 1876 2590 εὔλογα.

293 2602 436 2678 Ὠδε,
463 2612 562 2682 μὲν
593 2607 688 2668 οὖν
708 2610 885 2665 ταῦτα
910 2610 1082 2680 ἐχέτω
1103 2628 1117 2642 ⁸
1152 2612 1314 2683 ἡμεῖς
1342 2612 1399 2666 δέ
1443 2613 1552 2666 τῶν
1583 2611 1711 2683 ἐξῆς
1739 2614 1876 2683 ἐχώ-

295 2701 479 2773 μεθα,
529 2701 724 2773 ὁδηγὸν
770 2701 870 2774 τὴν
911 2702 1093 2768 αἰτίαν
1133 2704 1232 2775 τῆς
1276 2704 1592 2768 ὑποθέσεως
1642 2705 1875 2775 αἰτησά-

295 2809 470 2865 μενοι,

1973 2244 2174 2314 aliquid
2199 2243 2528 2298 solemnitati
2557 2243 2829 2302 ostendat.
2861 2242 3036 2310 agenti
3063 2241 3331 2296 desiderio
3355 2257 3546 2311 repen-

1976 2335 2169 2390 dendae
2209 2346 2370 2390 erunt
2399 2334 2614 2404 gratiae,
2643 2348 2764 2388 cum
2805 2333 2932 2386 illud
2969 2333 3238 2388 laudabile
3270 2335 3542 2398 exsistat;

1978 2440 2186 2494 suaque
2213 2427 2389 2495 ipsum
2424 2424 2650 2479 victoria
2675 2459 2694 2486 ,
2729 2437 2855 2477 eum
2881 2461 2896 2486 ,
2926 2421 3019 2491 qui
3049 2423 3222 2475 victus
3254 2422 3348 2486 sit,
3375 2423 3548 2477 victo-

1979 2531 2115 2581 rem,
2148 2532 2212 2572 ac
2238 2519 2492 2571 donatum
2529 2529 2726 2569 corona
2758 2516 3030 2569 ostendat.
3059 2514 3157 2569 Sin
3179 2524 3359 2568 autem
3387 2514 3542 2584 longe

1977 2612 2188 2666 meritis
2241 2611 2416 2680 impar
2447 2591 2753 2664 inveniatur
2784 2624 2799 2662 :
2832 2608 2851 2677 (
2879 2606 3050 2664 Porro
3084 2618 3262 2663 autem
3303 2608 3552 2662 invenie-

1976 2714 2061 2758 tur
2089 2703 2140 2771 τ»)
2198 2703 2298 2772 ipsi
2343 2703 2556 2770 quidem
2593 2703 2914 2768 temeritas;
2980 2700 3133 2756 nobis
3181 2711 3358 2754 autem
3403 2700 3547 2770 jnsta

1972 2792 2215 2849 defensio
2254 2794 2445 2849 merito
2479 2794 2766 2853 tribuatur.
2808 2793 2982 2861 Atque
3009 2795 3122 2847 Iuec
3142 2793 3380 2861 quidem,
3419 2807 3552 2848 mo-

297 2882 425 2936 dum
480 2881 622 2936 hunc
675 2882 964 2940 habeant:
1016 2899 1114 2947 nos
1147 2894 1364 2951 autem,
1435 2885 1502 2940 iis
1570 2901 1691 2956 qua:
1748 2894 2069 2953 sequuntur,
2119 2883 2469 2948 iusistamus,
2520 2885 2710 2938 ducem
2774 2882 2891 2938 fore
2943 2892 3194 2952 rogantes
3237 2897 3392 2951 eam,
3431 2900 3553 2954 qua:

296 2972 598 3042 argumenti
631 2985 796 3026 causa
830 2973 1068 3039 exsistit,
1105 2982 1348 3036 sanctam
1379 2973 1688 3044 Deiparam.

370 3063 509 3134 Ἤδη
551 3062 648 3133 μὲν
692 3058 786 3116 οὖν
818 3065 952 3134 πρὸς
1006 3064 1070 3117 τὸ
1115 3064 1422 3140 παράδοξον
1458 3065 1557 3135 τῆς
1596 3065 1724 3126 θέας
1775 3064 1870 3116 ἐκ·

2043 3060 2162 3116 Jam
2193 3074 2344 3130 ergo,
2374 3074 2498 3115 cum
2529 3061 2610 3115 sic
2641 3060 2934 3117 Zacharias
2965 3065 3260 3134 spectaculi
3288 3067 3556 3123 miracu'o

294 3155 671 3227 πληττομένου
709 3155 979 3226 Ζαχαρίου
1009 3192 1026 3217 ,
1081 3153 1344 3223 ἐπιπνοίᾳ
1398 3170 1461 3205 τε
1514 3153 1764 3223 θειοτέρα
1813 3152 1891 3216 τδρ

299 3247 493 3317 μέλλον
529 3244 968 3315 τεκμαιρομένου
994 3259 1008 3273 ·
1050 3243 1106 3294 τί
1160 3243 1228 3296 ἂν
1283 3242 1335 3295 oi
1372 3242 1468 3295 τοῦ
1511 3240 1646 3295 ναοῦ
1689 3241 1876 3312 ἔφοροι

295 3335 521 3404 ἀγγελοι
553 3327 690 3406 πρὸς
717 3332 877 3386 τοῦτο
929 3333 1216 3385 κατανοεῖν
1245 3330 1502 3402 ἐμελλον;
1529 3330 1684 3384 Τίσιν
1705 3330 1878 3400 ἀμφιιέ

297 3426 530 3490 δολίαις,
565 3424 668 3480 κάν
701 3424 882 3496 νοεροὶ
910 3423 1273 3494 τυγχάνοντες
1317 3419 1481 3494 ἦσαν,
1516 3421 1579 3474 τὸ
1607 3420 1881 3491 βλεπόμε-

298 3535 389 3571 νον
415 3515 690 3571 διελύοντο
715 3532 728 3580 ;
782 3514 893 3575 Καὶ
916 3513 1026 3584 γὰρ
1052 3501 1364 3584 ἀπόρρητον
1390 3510 1549 3566 τοῦτο
1571 3506 1660 3582 ἦν,
1696 3510 1882 3581 μόνοις

300 3601 770 3676 δηλούμενον,·οἷς
803 3606 833 3658 ό
867 3602 1046 3674 δηλῶν
1093 3602 1256 3674 μόνος
1300 3602 1580 3672 ὴὸούλετο.
1617 3601 1780 3665 Εἰκὸς
1824 3587 1904 3654 δελ

298 3715 423 3752 τινα
460 3695 689 3750 τοιαῦτα
728 3696 860 3766 περὶ
900 3693 1066 3747 αὑτοῦ
1110 3694 1444 3762 ἐπαπορείνο
1485 3711 1503 3744 t
1527 3689 1610 3744 ’Τί
1644 3679 1704 3745 xii
1734 3690 1884 3756 ξένον

300 3769 485 3856 θέαμα
504 3785 692 3852 τοῦτο;
726 3786 822 3849 Τίς
847 3787 881 3855 ἡ
911 3783 1212 3855 δορυφορεα
1234 3783 1408 3852 αὖτη;
1444 3783 1537 3848 Τίς
1564 3785 1596 3854 ἡ
1624 3783 1691 3836 δι’
1719 3783 1884 3852 ἀγγέ-

300 3877 410 3929 λων
433 3875 737 3948 ἐστιωμένη
761 3892 777 3942 ;
817 3874 1132 3946 Παράδοξον
1160 3874 1220 3926 τὸ
1252 3874 1604 3946 βλεπόμενον,
1637 3875 1730 3928 καὶ
1752 3876 1884 3944 ἡμῖν

298 3964 689 4035 ἀγνοούμενον.
744 3965 887 4036 Γυνὴ
941 3965 1044 4034 τῆς
1092 3964 1251 4034 ἡμῶν
1322 3967 1563 4035 νοήσεως
1619 3965 1884 4034 κρείττων

298 4057 532 4126 δρᾶται,
577 4057 636 4109 ἐν
680 4055 852 4128 ταύτῃ
885 4056 1023 4126 μόνῃ
1066 4055 1136 4110 τά
1180 4053 1280 4123 τῆς
1346 4057 1617 4127 ἡμετέρας
1669 4055 1885 4123 φύσεως

302 4146 636 4218 ἐξησθένησε
669 4148 1127 4217 πλεονεκτήματα
1147 4165 1162 4180 ’
1200 4150 1401 4219 ταύτης
1431 4149 1526 4210 ὡς,
1551 4149 1885 4220 ἀπορρήτοις

301 4238 439 4291 Θεοῦ
468 4238 887 4310 λειτουργούσης
907 4277 923 4304 ,
954 4239 1046 4308 ἀφ’
1085 4240 1241 4310 ἡμῶν
1267 4238 1565 4310 ἀπεκρύὸη
1591 4241 1651 4292 τὸ
1685 4241 1880 4309 πέρας.

305 4331 376 4386 Ai
430 4328 538 4382 τῶν
591 4329 826 4383 ἐνταῦθα
874 4331 1046 4383 πᾶσαι
1111 4331 1405 4400 παράδοξοι
1447 4331 1780 4402 λειτουργίαι
1819 4331 1886 4383 δι’

1978 3165 2200 3219 prorsus
2258 3159 2519 3217 stuperet,
2554 3151 2922 3221 diviniorique
2969 3152 3189 3221 alilatu,
3243 3156 3388 3224 quod
3435 3169 3555 3211 erat

1977 3239 2217 3294 futurum
2245 3279 2261 3304 ,
2293 3241 2591 3308 conjiceret
2620 3259 2634 3295 :
2672 3243 2799 3311 quid
2827 3245 3028 3312 templo
3063 3247 3418 3313 prtesidentes
3458 3263 3555 3301 an-

1979 3328 2107 3396 geli,
2132 3328 2197 3380 ad
2230 3327 2332 3382 hoc
2365 3327 2654 3396 c0gitaturi
2691 3331 2892 3384 erant?
2915 3332 3126 3396 Quibus
3149 3336 3356 3402 dubiis,
3390 3353 3559 3405 quau-

1981 3435 2143 3488 quam
2170 3427 2330 3472 erant
2358 3417 2738 3496 intellectrices
2768 3419 3018 3488 virtutes,
3049 3425 3190 3492 quod
3226 3424 3299 3480 ita
3330 3427 3555 3482 videba-

1983 3517 2090 3570 tur,
2119 3504 2502 3561 resolvebant?
2527 3505 2672 3563 Sane
2692 3508 2834 3564 enim
2849 3525 2934 3565 res
2953 3524 3149 3568 arcana
3175 3523 3314 3580 erat,
3336 3515 3403 3570 iis
3419 3520 3556 3569 dun-

1981 3607 2134 3654 taxat
2163 3599 2448 3670 perspicua
2469 3639 2485 3663 ,
2509 3600 2708 3669 quibus
2737 3603 2782 3656 is
2811 3601 3004 3671 vellet,
3038 3606 3130 3673 qui
3161 3605 3310 3662 solus
3340 3608 3552 3676 perspi-

1984 3705 2137 3743 cuam
2179 3690 2495 3758 praestabat.
2529 3688 2635 3744 Par
2670 3705 2798 3746 vero
2827 3702 2950 3759 est,
2981 3703 3040 3748 ut
3065 3693 3330 3762 ejusmodi
3367 3699 3435 3751 de
3461 3700 3549 3751 illa

1985 3777 2280 3833 haesitaudo
2311 3789 2634 3847 quaererent.
2676 3799 2695 3831 ‹
2745 3780 2884 3848 Quid
2910 3782 3013 3837 ltoc
3051 3784 3173 3837 novi
3217 3787 3557 3853 spectaculi!

1986 3868 2264 3936 Quodnam
2300 3871 2402 3923 boc
2421 3869 2776 3925 satellitium?
2804 3870 2932 3938 Qua:
2960 3873 3072 3938 illa,
3097 3876 3182 3928 cui
3203 3876 3376 3946 angeli
3402 3877 3556 3931 cibus

1996 3959 2264 4014 inferant?
2288 3959 2496 4015 Novum
2529 3977 2594 4017 ac
2613 3965 2962 4031 stupendum,
3000 3966 3142 4033 quod
3172 3967 3436 4030 cernitur,
3470 3979 3555 4019 at-

1986 4068 2090 4122 que
2122 4055 2275 4110 nobis
2305 4054 2565 4124 ignotum.
2615 4052 2841 4110 Videtur
2867 4053 3063 4108 femina
3110 4054 3472 4123 intelligentia:
3499 4059 3550 4112 vi

1985 4147 2140 4201 nobis
2183 4147 2433 4215 superior
2463 4159 2480 4198 :
2513 4146 2564 4199 in
2597 4147 2696 4200 hac
2726 4161 2832 4201 una
2860 4185 2877 4209 ,
2909 4146 3144 4200 invalida
3185 4159 3312 4202 sunt
3355 4160 3558 4204 nostra:

1986 4252 2192 4297 natura;
2221 4241 2476 4311 praeclara
2509 4241 2649 4295 dona
2677 4259 2692 4294 :
2720 4240 2837 4308 ejus
2870 4253 2900 4292 a
2932 4241 3086 4295 nobis
3117 4239 3262 4306 linis,
3296 4249 3553 4311 tanquam

1987 4347 2106 4400 qua:
2148 4333 2238 4386 Dei
2287 4331 2837 4396 arcanisministret,
2881 4330 3232 4385 absconditus
3274 4343 3377 4386 est.
3429 4331 3558 4386 lini-

302 4420 463 4492 ⁴ἡμῶν
500 4423 612 4485 τοῖς
643 4422 1012 4493 προσήκουσιν
1039 4421 1452 4494 οἰκονομοῦνται
1489 4423 1706 4493 χρόνοις
1733 4437 1748 4451 °
1779 4423 1879 4486 τάς

1986 4436 2137 4475 versa
2162 4435 2347 4474 eorum
2381 4423 2469 4490 qni
2506 4406 2592 4474 ltic
2621 4429 2906 4475 versantur
2930 4421 3267 4486 ministeria,
3301 4425 3559 4492 congruis

302 4511 485 4576 αἰτίας
520 4511 629 4564 τῶν
655 4512 1077 4583 ἀναφεερμένων
1109 4513 1208 4565 οὐκ
1229 4513 1573 4580 ἀγνοούντων
1603 4513 1845 4585 δεήσεων
1866 4529 1882 4544 ·

302 4604 406 4657 καὶ
456 4603 558 4670 τὰς
612 4604 754 4674 μὲν,
808 4589 1075 4670 ἐθξιχαὶτ
1097 4605 1288 4667 τύποις
1335 4604 1689 4674 διακονοῦμεν
1746 4605 1888 4676 Heg.

301 4688 666 4761 διανεοῦμενΓ
701 4690 801 4754 τὰς
821 4691 900 4757 δὲ,
935 4692 1358 4762 συνισταμέναις
1384 4693 1635 4770 μελέταις
1662 4694 1762 4747 οὐκ
1791 4695 1898 4762 ἀγ·-

304 4778 558 4850 νοοῦμεν.
599 4780 712 4834 ’Δεὶ
757 4783 793 4852 ἡ
828 4781 940 4844 τῶν
979 4781 1275 4852 αἰτούντων
1299 4783 1442 4854 πρδς,
1463 4783 1522 4836 τὸ
1544 4783 1696 4838 Θεῖον
1715 4783 1890 4838 διάλε-

307 4868 424 4936 ξις,
464 4870 529 4923 οὐ
560 4870 864 4942 μόνονιιτῆς
896 4873 1204 4946 ἡμετέραις,
1259 4873 1523 4938 ἀλλάτκαὶ
1543 4875 1642 4946 τῇς
1679 4874 1886 4946 “GP-‘9‘

307 4959 472 5031 πίνης
507 4959 608 5014 οὐκ
631 4940 1048 5034 ἀποκρύπτεται
1071 4940 1316 5034 ῥύσεως.
1352 4965 1490 5017 Νυνὶ
1532 4940 1625 5030 δὲ,
1661 4964 1730 5018 τά
1777 4940 1886 5019 δει-

305 5048 572 5118 κνύμενα,
602 5051 810 5124 ταύτην
835 5052 1160 5128 διαλαϐόντα
1186 5095 1205 5121 ,
1233 5054 1488 5125 καὶτῆς,
1507 5055 1668 5126 ὴμῶν
1691 5056 1883 5118 ἀποδι-

276 5142 288 5152 ’
303 5139 536 5210 epam:
559 5144 818 5216 νοήσεως.
851 5141 990 5216 Οὔτε
1019 5143 1298 5216 γάρλαῦτη
1324 5145 1436 5214 τῷν
1457 5133 1764 5214 μελλόντων
1789 5147 1885 5210 τὰς

307 5230 482 5321 ἀρχάς
511 5233 952 5309 προκατεσάλετο
993 5235 1352 5321 μυστηρίων,
1404 5235 1532 5298 οὕτε
1558 5237 1705 5302 τινὲς
1745 5238 1887 5312 ὑπὲρ

305 5320 494 5403 αύτῶν
533 5323 854 5396 τῇισυνῄθει
900 5324 1140 5399 ἐντεύξει
1179 5326 1242 5380 τδ
1266 5327 1552 5398 ’,ἐσόμενον
1583 5328 1881 5399 ἐμήνυσαν.

308 5408 477 5488 Καὶ.νό
501 5412 1213 5502 ὑπηρετούμενοςμταύτῃ,
1257 5415 1464 5487 ἥνωται
1503 5416 1604 5486 μὲν
1653 5417 1784 5487 ἡμῖν
1807 5416 1909 5490 τῷ,

305 5500 475 5572 κοινῷ
497 5541 513 5567 ,
549 5500 800 5583 διῄρηται
827 5501 886 5558 δέ
913 5502 1025 5567 τῶν
1057 5503 1180 5578 ἰδίᾳ¹
1205 5505 1338 5575 παρ’
1361 5506 1493 5577 ἡμῖν
1525 5505 1880 5578 τελουμένων.

307 5591 418 5645 Καὶ
454 5593 730 5664 ἀσυνήθης
769 5594 869 5661 μὲν
912 5596 948 5666 η
987 5592 1182 5649 τούτου
1226 5595 1612 5665 ἐπιφοίτησις,
1665 5595 1794 5667 ξένη
1827 5585 1912 5652 δι’

310 5687 486 5756 πάντη
520 5687 553 5754 ἡ
586 5685 718 5757 πρὸς
776 5687 874 5758 τὴν
921 5685 1136 5742 νεάνιδα
1185 5687 1350 5740 αὐτοῦ
1399 5685 1656 5754 διάλεξις.
1707 5689 1802 5755 Τίς
1842 5693 1876 5758 ἡ

1991 4527 2085 4581 per
2122 4527 2220 4567 nos
2272 4511 2650 4580 dispensantur
2695 4511 3064 4580 temporibus,
3113 4513 3204 4580 qui
3247 4515 3557 4569 orationum

1988 4617 2109 4672 qua:
2159 4600 2478 4668 oli'eruntur,
2533 4618 2728 4658 causas
2781 4602 3014 4657 minime.
3059 4605 3370 4664 nesciamus
3419 4623 3434 4658 :
3489 4622 3557 4660 ac

1988 4692 2124 4745 altas
2158 4691 2374 4760 quidem
2400 4731 2415 4755 ,
2451 4693 2836 4758 assuetudineﬁ,
2867 4692 3262 4761 exqueliguris
3293 4694 3560 4762 intelligu—

1989 4797 2138 4847 nms;
2170 4780 2339 4844 alias,
2365 4781 2578 4836 collatis
2607 4769 2936 4854 studiisfac.
2957 4782 3311 4841 meditatione
3343 4785 3558 4853 peritis-

1989 4885 2195 4928 camus.
2231 4871 2434 4929 Eorum
2462 4873 2552 4940 qui
2583 4882 2896 4941 precantur,
2931 4874 3010 4942 ad,
3031 4873 3200 4931 Deum
3248 4889 3557 4937 sermones.

1989 4964 2184 5014 nedum
2211 4978 2239 5014 a
2271 4971 2450 5016 nostra
2489 4977 2724 5030 unquam
2755 4973 2945 5018 natura
2974 4981 2990 5031 ;
3019 4973 3076 5017 at
3105 4979 3172 5021 ne
3211 4966 3280 5020 ab
3324 4966 3560 5022 humana

1987 5053 2203 5122 quidem
2231 5054 2655 5109 abscondantur.
2690 5054 2849 5110 Nune
2889 5070 3018 5112 vero
3044 5071 3182 5125 quae,
3203 5056 3556 5120 exhibentur,

1986 5160 2109 5199 cum
2138 5159 2258 5199 eam
2282 5144 2469 5208 latent,
2494 5154 2605 5199 tum
2632 5155 2872 5202 nostram
2902 5161 3120 5218 quoque
3145 5134 3559 5218 intelligentiam

1988 5235 2217 5304 fugiunt.
2256 5235 2439 5304 Neque
2479 5237 2624 5290 enim
2667 5238 2754 5292 illa
2783 5277 2798 5300 .
2844 5241 3152 5295 futurorum
3186 5240 3342 5295 initia
3371 5251 3554 5292 sacra-

1988 5335 2292 5381 mentorum
2329 5327 2471 5388 velut
2494 5326 2844 5385 fundamento
2876 5331 3158 5400 prarjecit;
3189 5343 3361 5397 neque
3388 5328 3555 5394 aliqui

1985 5425 2240 5476 consueta
2268 5431 2366 5485 pro
2390 5417 2456 5472 iis
2480 5417 2876 5487 supplicatione
2895 5462 2910 5486 ,
2938 5423 3078 5490 quod
3113 5419 3259 5474 foret
3276 5417 3557 5487 significa-

1988 5517 2132 5562 runt.
2162 5508 2301 5576 Quin
2329 5517 2384 5565 et
2413 5511 2496 5574 is,
2531 5511 2622 5579 qui
2667 5512 2742 5565 illi
2778 5512 3098 5575 ministrat,
3135 5510 3292 5564 nobis
3339 5510 3556 5577 quidem

1988 5611 2193 5655 natura:
2236 5602 2621 5658 communione
2648 5603 2874 5671 junctus
2919 5601 3132 5656 exsistit
3165 5617 3180 5654 :
3217 5610 3276 5654 at
3313 5609 3562 5656 secretus

1989 5691 2054 5746 ab
2089 5693 2152 5747 iis
2181 5703 2261 5748 est
2291 5731 2308 5756 ,
2349 5709 2468 5764 qua:
2503 5711 2533 5748 a
2567 5697 2719 5750 nobis
2750 5694 2976 5764 singulis
3006 5693 3340 5748 etliciuutur.
3382 5688 3563 5760 Atque
