4002 6232
303 295 436 362 1H5

1255 301 1339 364 IN
1381 303 1485 364 ss.
1525 304 1728 367 DEIP.
1771 279 2214 369 INGRESS'UM
2248 308 2332 372 IN
2369 309 2597 375 TEMP.

3406 321 3544 388 1446

289 410 407 476 τὴν
442 402 677 472 Μαρίαν
727 403 848 470 πὰς
905 399 1068 472 οἶκος
1127 407 1396 476 Ἰσραήλ.
1457 410 1568 463 Καὶ
1605 405 1732 478 εὖγε
1772 410 1865 464 τοῦ

1973 411 2208 469 Mariam
2295 417 2464 473 omnis
2516 419 2704 476 domus
2763 419 2963 478 Israel.
3037 388 3362 484 Praeclarum
3409 449 3544 494 sane

291 495 493 562 λό;ου,
533 492 610 555 ὡς
659 493 841 557 καλῶς
882 493 961 564 τῷ
1009 493 1296 566 πράγματι
1333 499 1870 570 προσαρμοσθέντος,

290 585 368 648 ὡς
415 581 679 654 ἀσφαλῶς
739 582 804 636 τδ
861 584 1054 654 μέλλον
1109 585 1510 656 τρανώσαντος.
1557 589 1624 641 Τί
1664 585 1759 644 οὖν
1809 590 1870 644 τὸ

289 675 453 748 ῥηθὲν
493 672 900 740 ύπαινίττεταιξ
945 673 1134 740 υύδὲν,
1163 675 1349 746 φησὶν,
1380 676 1744 748 ἀκοινώνητον
1769 679 1870 750 τῆς

286 764 494 834 ταύτης
542 765 907 836 περιχαρείας
944 763 1163 835 ἔμεινεν
1187 782 1202 797 ·
1249 757 1402 820 οὐδὲν
1449 769 1716 839 ἀμέτοχον
1762 773 1868 825 τῶν

285 855 461 908 ὄντων
483 853 584 924 τῆς
641 855 833 924 κοινῆς
860 842 1241 922 ἀγαλλιάσεως
1273 857 1468 925 γέγονε
1497 873 1511 888 ο
1549 859 1726 912 πάντα
1771 859 1869 932 τὴν

285 946 496 1000 οἰκείαν
523 945 944 1016 πῳησπὰζοντο
977 949 1272 1018 σωτηρίαν.
1311 949 1386 1002 ού
1411 949 1480 1004 τά
1519 951 1618 1020 τῆς
1647 951 1866 1022 Παρθέ-

285 1051 378 1090 νου
435 1033 871 1107 φιλοτιμούμενα
920 1038 1240 1109 μυστήρια,
1284 1037 1356 1092 τά
1407 1038 1464 1092 δὲ
1496 1037 1588 1094 τοῦ
1645 1040 1866 1110 μέλλον-

283 1142 379 1189 τος
455 1125 886 1198 ὑποτυπούμενα
949 1127 1253 1198 πράγματα
1279 1144 1295 1160 ⁸
1376 1128 1576 1198 μᾶλλον
1627 1130 1728 1201 μὲν
1751 1127 1868 1187 ,οὖν

282 1215 514 1288 δυνάμει
537 1216 605 1270 δι’
629 1217 800 1287 αὐτῆς
826 1216 934 1270 τῶν
957 1211 1236 1288 ἐσομένων
1262 1219 1594 1292 κρατοῦντα,
1630 1224 1710 1286 είς
1736 1221 1869 1276 ταύ⁶

283 1325 386 1378 την
410 1308 514 1379 τὴν
539 1309 640 1386 τῆς
663 1309 997 1382 εὐεργεσίας
1029 1309 1206 1381 χαράν
1258 1313 1650 1382 περιέστησαν.

357 1399 482 1464 Πῶς
515 1400 627 1470 γὰρ
659 1402 753 1454 καὶ
812 1399 904 1479 τῷ.
953 1405 1211 1470 νεοφανεῐ
1259 1401 1433 1473 τούτῳ
1480 1402 1542 1454 οὐ
1587 1401 1867 1473 κατετρώ-

284 1490 460 1560 θησαν
501 1491 776 1560 θεάματι;
818 1491 939 1554 Πῶς
975 1491 1043 1545 ἂν
1092 1489 1473 1563 τῴ,ὀρωμένῳ
1507 1495 1568 1547 ού
1601 1494 1866 1556 κατεβέλ-

1973 519 2302 571 sermonem,
2332 517 2388 562 ut
2427 510 2517 576 qui
2555 509 2632 562 rei
2659 511 2830 578 probe
2879 517 3196 583 conveniat;
3227 523 3428 590 quique
3453 524 3544 578 fu-

1975 603 2154 650 turum
2189 606 2343 651 certo
2397 609 2659 668 exponat.
2705 599 2848 666 Quid
2893 619 3024 673 ergo
3067 608 3260 673 innuit,
3295 615 3438 678 quod
3472 615 3548 668 ita

1975 681 2176 736 dictum
2208 685 2329 738 est?
2350 685 2514 751 Nihil,
2539 689 2734 757 inquit,
2763 691 2999 760 ingentis
3021 701 3138 757 ejus
3169 703 3350 766 gaudii
3381 717 3545 756 exors

1973 774 2378 830 mansit:uiltil
2429 776 2533 832 fuit
2580 779 2632 832 in
2680 778 2866 843 rebus,
2897 783 3040 850 quod
3088 800 3193 839 non
3241 795 3548 844 communis

1970 863 2348 920 eXsultationis
2426 869 2698 938 particeps
2767 871 2930 926 fuerit
2984 889 3000 928 :
3053 877 3326 938 universa.
3388 897 3548 934 suam

1971 953 2170 1020 praevio
2213 955 2604 1010 osculabantur
2652 960 2906 1018 salutem.
2967 961 3083 1018 Non
3140 969 3425 1037 magniﬁca.
3455 972 3550 1025 illa

1980 1040 2216 1113 Virginis
2245 1051 2525 1117 mysteria,
2558 1051 2652 1104 sed
2667 1049 3304 1126 futurarum‘designatio
3327 1075 3544 1127 rerum;

1971 1135 2100 1202 quin
2131 1143 2184 1190 et
2205 1150 2388 1191 earum
2421 1152 2685 1207 peream,
2748 1145 2988 1212 potentia
3034 1161 3098 1202 ac
3153 1149 3352 1204 virtute
3395 1153 3556 1206 velut

1968 1225 2259 1290 exhibitio,
2319 1227 2374 1281 in
2425 1227 2526 1283 hoc
2556 1229 2808 1286 beneﬁcii
2856 1249 3018 1290 causa
3059 1237 3313 1306 gaudium
3365 1255 3542 1297 cesse-

1969 1320 2116 1366 runt.

2043 1400 2324 1469 Quomodo
2374 1405 2520 1460 enim
2583 1422 2721 1464 novo
2774 1411 2876 1466 hoc
2914 1415 3224 1482 spectaculo
3274 1418 3538 1477 vulnerati

1971 1506 2077 1551 non
2107 1495 2332 1564 essent?
2355 1497 2638 1562 Quomodo
2667 1501 2779 1567 illa,
2811 1519 2972 1571 quam
2996 1506 3172 1559 oculis
3199 1511 3548 1575 spectabant,

284 1579 496 1650 χθησαν
523 1581 736 1644 κάλλει,
783 1581 910 1635 νέαν
935 1581 1172 1652 ὁρῶντες
1213 1582 1290 1652 τῷ
1321 1584 1556 1652 σώματι,
1587 1584 1863 1656 ύπερανα·

1970 1581 2374 1646 pulchritudine
2400 1602 2508 1641 non
2551 1589 2783 1644 fuissent
2815 1593 3032 1660 allecti;
3065 1609 3188 1648 cum
3230 1599 3544 1654 adolescen-

285 1673 500 1724 πτᾶσαν
542 1670 652 1724 τῶν
696 1669 791 1724 τοῦ
826 1671 1079 1742 σώματος
1114 1687 1132 1738 ;
1187 1673 1354 1728 παῖδα
1393 1672 1493 1744 τὴν
1537 1671 1864 1745 συνηλικιῶέ

285 1779 373 1818 τιν
440 1761 788 1832 ἐκφυγοῦσαν
840 1763 1127 1832 συνήθειαν
1152 1779 1169 1796 ο
1240 1763 1537 1834 παρθένον,
1601 1765 1710 1819 τῶν
1763 1767 1864 1836 τῆς

287 1851 506 1921 φύσεως
535 1853 891 1928 ἐξῃρημένην
939 1853 1301 1924 μολυσμάτων
1331 1869 1348 1885 ο
1405 1854 1507 1923 τὴν
1529 1854 1627 1908 τοῦ
1673 1855 1866 1924 γένους

287 1943 606 2010 ἀποσπάδα,
639 1943 752 1997 τῶν
783 1943 1034 2013 ἀγγέλων
1079 1943 1372 2014 συνόμιλον
1398 1960 1414 1975 ⁸
1469 1944 1533 1997 τδ
1571 1945 1671 2016 τῆς
1705 1945 1870 1999 ἀσθε-

286 2033 438 2096 νείας
461 2029 624 2101 εῐδος,
665 2032 1112 2111 ὑπερανεστηκὸς
1159 2033 1268 2087 τῶν
1297 2033 1398 2105 τῆς
1433 2032 1688 2106 ἀνδρείας
1719 2021 1863 2105 γνωέ

289 2124 614 2199 ρισμάτωνο
663 2123 812 2178 ἔνδον
849 2124 958 2179 τῶν
1009 2125 1186 2192 ἀγίων
1213 2125 1275 2180 τὸ
1307 2127 1512 2189 οἰκεῖον
1558 2128 1863 2198 ὲμπεριχο-

295 2213 456 2288 ρεῦον
486 2213 935 2286 ὲγκαλλὼπισμα·
960 2215 1018 2267 ὲν
1033 2215 1145 2279 τοῖς
1161 2213 1376 2278 ἀδύτοις
1395 2215 1864 2287 ὶνδιατρίδουσαν,

287 2307 388 2380 τὴν
417 2306 526 2370 τῶν
550 2307 877 2380 ἀπορρήτων
919 2306 1178 2378 δήλωσιν.

355 2491 467 2566 Καὶ
511 2491 616 2564 δρα
639 2492 740 2562 τῆς
771 2489 1110 2562 προφητείας
1138 2489 1198 2544 τὸ
1237 2487 1599 2560 ἀδιάψευστον
1625 2505 1640 2520 °
1673 2491 1776 2566 δρα
1799 2490 1864 2545 τδ

285 2564 496 2655 ταύτης
523 2583 752 2654 ἀκριϐὲς
775 2580 872 2636 καὶ
895 2577 1238 2634 ἀδιάπ“τωτον
1265 2598 1278 2612 ·
1306 2582 1423 2646 πῶς
1445 2585 1512 2654 τῇ
1543 2581 1652 2636 τῶν
1666 2564 1865 2648 λέξεων

287 2674 557 2746 σημασία,
589 2671 659 2726 τά
686 2671 783 2726 τοῦ
817 2673 1148 2750 πράγματος
1172 2673 1590 2743 κατετράνωσεν
1612 2690 1626 2704 ο
1659 2677 1720 2728 ού
1755 2677 1866 2746 γὰρ

283 2770 374 2824 τὸν
408 2769 542 2823 λαὸν
572 2767 733 2838 μόνον
767 2767 1016 2840 ᾐνίξατο·
1065 2767 1206 2822 ἀλλά
1232 2771 1299 2839 τῇ
1326 2767 1420 2822 τοῦ
1455 2767 1672 2840 Ἰσραὴλ
1694 2783 1867 2838 προσ-

1970 1671 2138 1726 tulam
2171 1689 2402 1744 corpore
2435 1679 2706 1745 viderent,
2733 1696 2798 1735 ea
2823 1698 2943 1752 quae
2983 1695 3108 1738 sunt
3130 1689 3371 1755 corporis
3401 1706 3541 1758 pra:-

1967 1771 2296 1835 tergressam
2329 1784 2344 1822 :
2374 1783 2497 1824 cum
2545 1771 2803 1839 puellam,
2861 1784 3260 1832 coaetanearum
3291 1780 3554 1851 eﬁfttgisser

1967 1859 2414 1914 consuetudinem
2447 1879 2462 1914 :
2512 1875 2634 1916 cum
2668 1864 2956 1934 virginem,
2984 1881 3014 1920 a
3051 1877 3260 1922 natura!
3287 1871 3544 1940 inquina-

1969 1947 2168 2002 mentis
2189 1959 2500 2018 exemptam
2539 1967 2554 2006 :
2587 1963 2796 2020 partem
2829 1958 3067 2020 generis,
3121 1959 3433 2026 angelorum
3455 1976 3554 2014 εο-

1967 2037 2162 2090 ciam:
2223 2037 2617 2094 imbecillitatis
2667 2043 2929 2110 speciem,
2989 2045 3323 2102 fortitudinis
3381 2065 3544 2105 omne

1967 2140 2257 2196 superasse
2289 2129 2606 2198 specimen:
2644 2131 2786 2186 intra
2829 2145 3017 2189 sancta
3065 2147 3377 2192 sanctorum
3412 2155 3554 2208 pro-v

1965 2219 2144 2289 prium
2181 2217 2483 2288 tripudiare
2511 2233 2892 2278 ornamentum
2923 2241 2938 2280 :
2971 2225 3024 2278 in
3063 2229 3242 2298 adytis
3271 2243 3336 2283 ac
3365 2231 3542 2286 sacris

1969 2311 2347 2378 penetralibus
2374 2321 2678 2366 morantem
2711 2327 2854 2384 eam,
2919 2331 3044 2385 qua:
3071 2333 3394 2374 arcanorum
3441 2319 3543 2378 tie-1

1967 2400 2200 2456 claratio
2231 2401 2392 2460 foret.
3325 2455 3327 2458 ι

2037 2491 2174 2549 Vide
2205 2504 2388 2549 autem
2444 2495 2742 2566 prophetia:
2791 2498 3174 2555 certitudinem
3236 2520 3252 2558 :
3305 2505 3440 2562 Vide
3479 2515 3540 2561 ut

1975 2593 2233 2652 accurata
2275 2585 2502 2652 nitatur,
2529 2601 2594 2640 ac
2616 2587 2770 2641 ﬁrma
2803 2590 3031 2644 veritate
3063 2608 3078 2646 :
3109 2606 3214 2660 qua
3247 2597 3540 2652 verborum

1967 2675 2342 2746 expressioue,
2374 2691 2485 2730 rem
2541 2675 2919 2734 declaraverit.
2975 2679 3090 2736 Non
3135 2685 3283 2740 enim
3330 2695 3538 2742 tantum

1969 2767 2225 2836 populum
2274 2769 2579 2833 indicavit;
2617 2771 2712 2824 sed
2743 2780 2799 2824 et
2835 2770 3046 2827 Israelis
3069 2775 3275 2843 adjecta
3303 2779 3540 2846 appella-

282 2860 516 2930 ηγορίςι,
567 2859 670 2928 τὴν
708 2859 817 2934 τῶν
856 2857 1162 2928 μελλόντων
1206 2857 1274 2912 δι’
1317 2859 1663 2926 ἐπιγνώσεως
1693 2857 1864 2930 ταύτῃ

1971 2861 2136 2922 tione,
2171 2876 2359 2916 eorum
2390 2862 2478 2930 qui
2511 2877 2608 2930 per
2629 2863 2960 2932 agnitionem
2987 2881 3050 2920 ac
3083 2869 3240 2922 tidem
3279 2870 3330 2923 ei
3357 2879 3548 2926 essent

286 2949 663 3022 προσφύεσθαι
709 2950 1094 3022 προεδήλωσεν
1145 2949 1692 3024 ἀγάπησιν..Σχεδδν
1747 2949 1859 3017 γὰρ

1969 2953 2264 3016 accessuri,
2294 2954 2600 3022 designavit
2627 2954 2994 3010 dilectionem.
3031 2957 3166 3012 Fere
3199 2961 3343 3015 enim
3387 2964 3540 3018 Scri-

284 3041 486 3098 ὁπόταν
532 3041 594 3094 τὸ
665 3041 918 3113 Ἐϐραῖον
966 3041 1132 3110 φῦλον
1181 3044 1215 3112 ἡ
1277 3041 1400 3094 θεία
1462 3041 1858 3112 ὑποσημαίνειν

287 3130 530 3202 βούλοιτο
585 3132 797 3204 Γραφὴ,
855 3130 986 3185 λαὸν
1019 3131 1180 3184 τοῦτο
1223 3131 1400 3200 μόνως
1457 3131 1859 3201 κατονομάζειο·

281 3220 358 3285 ὡς
381 3221 468 3290 τὸ,
497 3219 914 3290 Εὐφράνθητε,
949 3220 1122 3287 ἔθνη,
1149 3219 1301 3293 μετὰ
1329 3217 1435 3272 τοῦ
1465 3219 1619 3272 λαοῦ
1645 3217 1856 3270 αὐτοῦ’

287 3311 405 3378 καὶ,
443 3310 506 3363 '0
530 3311 684 3373 λαός
711 3326 852 3378 μου,
879 3309 1066 3378 φησὶν,
1091 3310 1164 3362 οὐ
1193 3306 1468 3376 συνῆκεν
1487 3323 1500 3336 ·
1541 3308 1780 3378 ὁπηνίκα
1805 3305 1863 3358 δὲ

283 3403 416 3458 αὐτό
473 3417 534 3454 τε
605 3401 701 3454 καὶ
757 3399 849 3453 τὸν
903 3397 1078 3470 ἀληθῆ
1134 3396 1486 3468 ὲπιγνώμονα
1541 3397 1864 3467 ἐμφανίζειν

288 3473 578 3565 βουληθείη
611 3491 762 3557 λαὸν,
802 3493 869 3562 τῇ
897 3489 1004 3548 τοῦ.
1027 3489 1244 3562 Ἰσραὴλ
1278 3489 1470 3560 κλήσει
1505 3489 1664 3542 τοῦτο
1695 3505 1866 3558 προσ-

291 3583 568 3640 δείκνυσι.
609 3581 808 3652 Σαφῶς
855 3581 1017 3634 τοῦτο
1059 3579 1404 3651 βεϐαιοῦντος
1453 3579 1558 3644 τοῦ,
1579 3579 1862 3648 ὀνόματος,

289 3676 470 3734 πάντα
494 3675 619 3729 νοῦν
667 3675 778 3728 τῶν
831 3673 1087 3745 ὁρώντων
1136 3672 1270 3727 Θεὸν
1317 3671 1531 3742 Ἰσραὴλ
1571 3668 1712 3724 εἶναι
1769 3669 1865 3723 καὶ

286 3763 561 3833 λέγεσθαι.
610 3746 764 3816 Ἐπεὶ
809 3757 905 3816 οὖν
934 3763 988 3821 oi
1009 3761 1271 3816 ’²Ιουδαῖοι
1306 3760 1500 3832 ῶσπερ
1537 3761 1647 3814 τινὶ
1681 3762 1860 3830 σκότῳ

287 3854 697 3925 καλυπτόμενοι
727 3857 795 3926 τῇ
827 3853 1084 3924 ἀπιστίᾳ,
1123 3853 1220 3906 καὶ
1249 3852 1398 3924 πρὸς,
1418 3853 1519 3916 τὰς
1553 3851 1724 3920 αύγάς
1763 3851 1864 3921 τῆς

284 3933 547 4017 ἀληθείας
568 3944 911 4008 ὲθελοκάκως
929 3943 1352 4009 ἀδλεπτοῦντες,
1373 3941 1602 4013 ἔμελλον
1624 3941 1866 4011 τυφλώτ-

283 4053 400 4090 τειν
429 4035 538 4090 ἀπὸ
565 4035 726 4100 Θεοῦ,
747 4035 810 4090 τὸ
841 4035 988 4099 ἰδίως
1043 4035 1385 4106 ἐμφαντικὸν
1435 4033 1614 4090 αὐτῶν
1668 4035 1865 4104 παρεὶς

282 4128 461 4199 ὄνομα
495 4128 523 4180 ό
543 4125 724 4196 λόγος,
747 4125 810 4180 τὸ
838 4126 1020 4182 κοινὸν
1053 4126 1170 4180 τῶν
1201 4123 1482 4194 ἐσομένων
1509 4124 1860 4194 ύπεσημήνα-

285 4237 348 4274 το
377 4221 622 4291 φίλτρον.
649 4219 713 4273 El
757 4220 838 4274 δὲ.
869 4219 1133 4290 πλείστην
1173 4217 1306 4289 περὶ
1337 4215 1506 4270 αὐτοῦ
1544 4215 1644 4286 τὴν
1665 4217 1865 4270 οἰκειό-

1961 3053 2115 3112 ptura
2165 3058 2346 3107 sacra,
2391 3043 2902 3121 cumlieltraaorum
2941 3058 3158 3116 gentem
3227 3052 3542 3120 signiﬁcare

1963 3133 2112 3196 velit,
2141 3134 2394 3202 pOpulutn
2415 3135 2678 3190 duntaxat
2695 3135 2929 3204 appellat
2947 3154 2963 3203 ;
2984 3139 3069 3190 uti
3092 3149 3174 3194 est
3197 3140 3544 3198 ίΙΙιιιίςιιεια-
3633 3132 3637 3136 ”

1963 3221 2114 3284 mini,
2129 3231 2338 3290 gentes,
2363 3226 2491 3274 cum'
2501 3222 2644 3286 plebe
2663 3223 2778 3290 ejus
2799 3224 2868 3276 ⁸⁸.
2895 3223 2960 3278 Et
2981 3241 2998 3278 :
3017 3223 3252 3293 Populus
3271 3213 3434 3294 aiens,
3458 3230 3542 3283 in-
3619 3287 3635 3296 ,

1962 3313 2104 3378 quit,
2131 3323 2235 3361 non
2279 3308 2538 3361 intellexit
2553 3309 2632 3374 "’;
2664 3325 2788 3364 cum
2821 3322 3001 3366 autem
3045 3323 3156 3367 tutu
3185 3316 3545 3374 Hebraeorum

1965 3406 2200 3468 gentem,
2227 3408 2336 3452 tum
2361 3415 2545 3454 verum
2571 3399 2805 3454 ﬁdelium
2823 3401 3086 3470 populum
3101 3405 3390 3474 designare
3415 3425 3542 3478 pro-

1962 3491 2201 3560 positum
2243 3492 2338 3555 sit,
2370 3489 2588 3545 lsraelis
2613 3489 2666 3542 id
2696 3491 3056 3560 appellatione
3084 3497 3325 3551 ostendit
3373 3517 3387 3552 :
3431 3501 3538 3556 hoc

1965 3581 2148 3650 palam
2174 3582 2532 3636 conﬁrmante
2560 3595 2626 3634 eo
2652 3582 2890 3644 nomine,
2919 3591 3156 3637 mentem
3204 3601 3422 3640 omnem
3449 3590 3538 3642 vi-

1965 3672 2204 3726 dentium
2237 3671 2404 3726 Deum
2434 3672 2689 3727 lsraeletn
2726 3686 2847 3726 esse
2868 3686 2932 3724 ae
2953 3671 3389 3740 appellari.Quia
3409 3692 3544 3745 ergo

1968 3757 2163 3823 Judaei,
2195 3759 2344 3814 velut
2365 3761 2685 3828 quibusdam
2708 3759 3106 3816 obnubentibtts
3139 3765 3540 3831 tenebris,ittﬁ-
3645 3789 3670 3800 -

1971 3847 2210 3902 delitatis
2228 3848 2413 3902 nubilo
2447 3847 2690 3914 obducti,
2716 3849 3110 3917 adrersumque
3149 3854 3396 3906 veritatis
3435 3853 3546 3906 [ιιι-

1965 3953 2123 4008 gores
2159 3939 2304 3992 ultro
2332 3938 2730 4007 delinquentes,
2759 3953 2788 3992 a
2816 3936 2924 3993 Deo
2953 3939 3214 3994 caecutire
3241 3940 3543 4010 debebant,

1966 4043 2156 4084 eorum
2189 4027 2474 4097 Scriptura
2504 4025 2853 4097 peculiariter
2901 4029 3099 4098 gentile
3148 4045 3341 4084 nomen
3373 4032 3539 4085 omit-

1969 4127 2108 4182 tens,
2145 4133 2332 4174 eorum
2373 4107 2492 4188 qni'
2525 4119 2692 4172 futuri
2741 4129 2946 4184 essent,
3005 4119 3548 4187 impen'sioris.atno-

1971 4211 2048 4265 ris
2090 4209 2344 4264 aﬁ‘ectum
2375 4225 2716 4271 communem
2768 4210 3084 4278 designavit.
3119 4211 3212 4264 Sin
3248 4214 3542 4272 maximam

284 4325 426 4381 τητα
459 4310 597 4381 πρὸς
633 4310 726 4364 τὸν
785 4308 1131 4380 Δημιουργδν
1162 4306 1457 4378 σημαίνειν
1494 4305 1734 4380 ὁρῶμεν,
1780 4306 1863 4366 τὸ,

1969 4305 2239 4371 quandam
2291 4301 2410 4371 ejus
2457 4301 2523 4354 ad
2587 4299 2898 4355 Creatorem
2947 4303 3426 4368 necessitudinem,
3475 4319 3542 4359 ea

285 4401 447 4468 Λαὸς
478 4403 728 4470 Κυρίου,
770 4402 892 4463 καὶ,
933 4399 1127 4466 Αὐτὸς
1153 4397 1322 4459 σώζει
1349 4397 1458 4452 τὸν
1473 4397 1625 4450 ,λαὸν
1649 4394 1864 4449 αὐτοῦ’

237 4537 244 4558 ν
285 4489 355 4558 τῇ
377 4503 440 4556 γε
469 4486 701 4558 ἀληθείᾳ
715 4483 806 4558 ἦν,
835 4487 932 4540 καὶ
964 4487 1095 4557 περὶ
1123 4485 1316 4539 τούτου
1345 4484 1408 4537 τὸ
1425 4485 1591 4536 πλέον
1635 4485 1864 4556 προσῆνο

234 4557 240 4610 ί
287 4575 403 4630 ἀλλ’
433 4557 567 4629 ἔπεϊ
607 4557 750 4630 ἑκὼν
792 4577 987 4630 ἑαυτὸν
1033 4579 1134 4646 τῆς
1159 4575 1464 4644 ὲγγύτητος
1509 4575 1865 4638 ἀποσπάσας,

288 4666 386 4722 καὶ
425 4667 754 4739 παραλόγως
793 4667 891 4737 τῆς
922 4667 1198 4739 σωτηρίας
1231 4665 1868 4737 ἀποπηδήσας,”μακράν

285 4759 383 4824 τοῦ
445 4759 737 4824 καλοῦντος
790 4760 1179 4830 ἀπεπλανήθη,
1217 4759 1344 4822 τοὺς
1397 4758 1464 4811 δι’
1511 4757 1750 4830 ὁράσεως
1777 4755 1872 4810 τοῦ

287 4851 380 4905 νοῦ
419 4837 871 4924 οίκειῶθήσεσθαι
905 4851 1202 4925 μέλλοντας
1227 4888 1243 4912 ,
1303 4850 1378 4912 ὡς
1404 4848 1648 4930 ,ἔσονται
1683 4849 1872 4921 διεσή-

290 4958 451 5010 μανε.
491 4942 601 4996 Καὶ
629 4941 772 5012 οὐχὶ,
803 4939 917 5006 Πᾶς
943 4943 971 4996 ό
1001 4936 1151 5009 οζκος
1188 4939 1426 5011 Ἰσραὴλ,
1461 4939 1630 5010 ἔφησε
1651 4955 1665 4970 ⁸
1713 4939 1870 5004 ἀλλὰ,

288 5032 416 5098 Πιὶς
453 5031 656 5099 obeat,"
697 5036 764 5105 τῇ
818 5033 1109 5104 ἀφαιρέσει
1159 5029 1252 5084 τοῦ
1307 5030 1542 5102 ἄρθρου,
1588 5031 1700 5104 τὴν⁸
1764 5031 1872 5100 τῶν

287 5125 694 5196 ἐπιγινομένων
735 5125 1057 5197 προσθήκην
1092 5121 1487 5195 βεϐαιουμένη.

1969 4391 2226 4461 loquendi
2278 4393 2449 4445 forma
2497 4391 2794 4461 signiﬁcari
2848 4391 3150 4455 videamus,
3175 4408 3280 4460 qua
3335 4394 3543 4448 dictum

1968 4486 2059 4538 sit.
2087 4482 2322 4551 Populus
2343 4481 2556 4536 Domini
2575 4481 2644 4535 ⁸⁸.
2679 4481 2766 4546 Et,
2805 4481 2924 4551 Ipse
2950 4483 3152 4537 salvum
3189 4483 3348 4552 faciet
3369 4501 3544 4553 popu-

1968 4574 2079 4631 lum
2129 4575 2366 4628 suum”.
2428 4573 2520 4632 Sic
2575 4573 2852 4627 enimvero
2908 4573 3082 4642 reipsa
3139 4582 3278 4638 erat,
3307 4575 3532 4643 ejusque

1972 4665 2114 4718 Dens
2137 4663 2464 4732 praecipuam
2517 4675 2701 4716 curam
2761 4661 3245 4731 agebat:at-quia
3303 4677 3398 4715 sua
3455 4663 3544 4714 ille

1972 4755 2247 4818 voluntate
2284 4773 2298 4808 :
2331 4753 2400 4807 ab
2427 4767 2490 4806 ea
2521 4768 2580 4806 se
2605 4746 2866 4806 amnitate
2899 4751 3166 4815 avellens,
3197 4751 3538 4818 alienequea

1972 4848 2184 4912 ratione
2233 4861 2262 4899 a
2313 4845 2494 4900 salute
2545 4843 2814 4906 resiliens,
2846 4841 3034 4912 procul
3063 4843 3397 4895 aberravua
3447 4854 3544 4895 vo-

1976 4949 2158 5002 cante,
2192 4939 2397 4994 idcirco
2424 4933 2754 5006 signiﬁcavit
2788 4940 2848 4986 ut
2883 4931 3122 4987 habituri
3162 4941 3364 4996 essent,
3391 4931 3542 5002 quia

1971 5029 2174 5082 mentis
2219 5028 2428 5081 visione.
2457 5023 2735 5079 conciliari
2773 5023 3062 5086 habebant,
3109 5037 3174 5077 ac
3212 5020 3325 5091 Deo
3347 5037 3537 5078 tte-ces—

1976 5121 2208 5173 situdine
2243 5116 2419 5188 jungi.
2452 5115 2564 5171 Nec
2600 5130 2728 5169 vero
2755 5115 2930 5168 dixit:
2956 5113 3050 5168 llla
3089 5115 3267 5169 omnis
3318 5114 3537 5168 IsraelLs

289 5218 514 5283 domus;
600 5217 693 5272 scd
787 5216 1066 5285 absolute,
1137 5215 1326 5274 Omnis
1393 5217 1618 5278 domus;
1683 5213 1894 5268 articuli
1933 5211 2202 5266 ablatione
2253 5224 2438 5264 eorum
2489 5204 2581 5276 Qui
2669 5207 2940 5263 accessuri
2989 5216 3174 5264 essent
3224 5207 3530 5260 auctariutn

289 5318 556 5362 astruens.
671 5327 678 5333 '

360 5395 482 5449 Τῶν
509 5396 608 5466 μὲν
638 5395 810 5459 οὕτως
847 5393 1104 5466 ἐχόντων,
1164 5391 1321 5445 οὐδὲν
1355 5371 1459 5446 ’τοῦ
1513 5391 1705 5462 ἱερέως
1772 5392 1876 5442 ἀπ-

295 5471 500 5556 εκρύῦη
567 5483 674 5536 τῶν
719 5483 1000 5536 τοιούτων.
1055 5480 1128 5536 Τὸ
1197 5477 1391 5550 μέλλον
1430 5474 1524 5533 οὖν
1567 5479 1718 5550 παρᾶ
1775 5477 1868 5530 τοῦ

2057 5387 2190 5441 Cum
2235 5388 2348 5446 iure
2385 5387 2566 5455 itaque
2593 5385 2671 5439 sic
2704 5385 2992 5453 haberent,
3017 5383 3149 5442 nihil
3181 5397 3363 5436 eorum
3410 5381 3534 5432 late-

1917 5501 1957 5536 -,
1982 5478 2072 5529 but
2104 5479 2462 5530 sacerdotem.
2500 5473 2650 5542 Quod
2683 5489 2813 5546 ergo
2868 5471 3029 5541 foret,
3079 5467 3271 5529 sancti"
3309 5467 3555 5540 Spiritus”

334 5632 408 5683 "'
439 5661 595 5719 ιιοιιι.
633 5677 716 5722 xv.
751 5661 837 5716 to.
914 5662 958 5694 ετ
999 5661 1102 5717 lsa.
1135 5676 1176 5731 1,
1214 5660 1270 5718 3.
1330 5658 1393 5735 f'
1435 5657 1844 5725 Dcut.nv,21.
1925 5658 1968 5689 η
2008 5657 2196 5712 λίιιιξίε.
2223 5659 2384 5723 t,~2t.
