4002 6232
513 289 646 359 1451

1641 279 1963 342 GEORGII
2002 276 2600 340 NICOMEDIENSIS

3649 275 3783 338 1452

511 407 595 462 his
623 414 752 456 vero
796 397 925 468 quid
956 395 1221 468 ejusmodi
1254 392 1321 450 ad
1374 390 1624 449 solatium
1663 391 1926 462 reliquum
1962 400 2080 458 est;

2207 388 2487 454 ,Anfﬁsrat.
2523 387 2686 460 Ὑμῖν
2707 387 2763 442 δὲ
2813 387 2880 440 τί·
2907 387 3149 442 τοιοῦτον
3173 387 3281 442 τῶν
3301 386 3786 458 ψυχαγωγοίντων

508 494 706 566 quibus
742 489 895 546 labor
933 491 1253 551 immensus,
1288 499 1518 556 spesque
1547 484 1778 541 obscura
1812 497 1876 538 ac
1910 480 2089 537 inanis

508 583 690 640 cedit?

585 673 786 744 Utique
817 685 916 741 par
953 677 1108 735 erat,
1160 675 1220 722 ut
1270 665 1401 738 justi
1455 664 1585 720 talia
1634 664 1973 736 loqueretur,
2031 672 2090 719 ut

515 767 662 839 passi
710 765 942 819 fuissent
997 762 1295 816 humanum
1349 757 1574 830 aliquid.
1606 756 1807 813 Verum
1839 757 2090 812 onmibus

510 860 598 914 his
630 855 939 926 superiores
973 852 1172 918 e'll‘ecti,
1211 866 1276 906 ac
1311 860 1566 921 tanquam
1599 857 1845 906 tenerent
1888 849 1942 904 in
1969 863 2088 902 ma-

514 952 676 1006 nibus
707 963 867 1019 quam
904 947 1017 1003 Deo
1051 945 1400 1009 obtulissent,
1445 945 1641 1000 nedum
1701 941 1845 997 nulla
1890 941 2090 997 emise-

513 1053 644 1098 runt
670 1043 855 1109 verba,
881 1039 1049 1094 animi
1077 1038 1394 1093 mmstitiam
1421 1034 1754 1102 indicantia;
1776 1034 1904 1104 quin
1924 1034 2089 1090 etiam

518 1135 819 1205 gratiarum
846 1131 1080 1187 actionis
1104 1143 1384 1186 sermones
1413 1129 1624 1184 sincere
1649 1127 2088 1198 pratenderunt;

517 1238 578 1283 ut
607 1228 701 1298 qui
737 1227 946 1281 l'ructus
984 1223 1250 1294 ejusmodi
1314 1222 1414 1293 ipsi
1470 1232 1725 1292 parentes
1758 1227 1940 1275 essent
1981 1234 1996 1271 :
2034 1225 2092 1271 ut

514 1319 609 1389 qui
639 1318 752 1374 Deo
777 1331 911 1372 suas
948 1321 1366 1370 consecrassent
1393 1310 1664 1382 primitias
1691 1327 1704 1363 :
1742 1319 1798 1362 ut
1828 1307 1919 1377 qui
1947 1307 2089 1361 intra

511 1419 702 1466 sancta
753 1421 950 1462 novum
988 1406 1173 1460 virens
1202 1417 1422 1474 germen
1461 1399 1792 1456 intulissent.

595 1504 637 1555 0
663 1501 938 1571 justorum
967 1497 1228 1567 praeclare
1256 1502 1534 1564 acceptam
1565 1491 1795 1546 hostiam
1819 1489 1832 1543 l
1864 1485 1908 1542 0
1937 1485 2091 1542 obla-

512 1597 719 1651 tionem
745 1590 933 1646 mundi
961 1589 1161 1644 factam
1196 1584 1585 1655 redemptionis
1626 1583 1857 1652 pretium
1883 1581 1895 1633 l
1925 1577 1970 1633 0
1995 1579 2094 1633 bo-

515 1701 643 1742 nam
672 1684 909 1739 radicem
935 1696 998 1734 ex
1029 1695 1134 1748 qua
1163 1679 1426 1748 Optimum
1448 1675 1574 1728 illud
1599 1687 1818 1743 germen
1854 1667 2087 1742 prodiit!

509 1779 846 1845 Quibusnam
898 1747 1078 1827 verbis
1116 1747 1363 1825 Joaichim
1413 1777 1468 1822 et
1516 1769 1732 1820 Annam
1781 1760 2092 1818 dilaudem?
2125 1747 2164 1800 Β

518 1869 726 1936 Quibus
758 1864 1132 1920 cncomiorum
1167 1859 1390 1914 ﬂoribus
1447 1872 1634 1914 eorum
1663 1856 1810 1910 varie
1839 1847 2098 1909 coronam

513 1959 881 2019 intertexam?
913 1957 1117 2024 Quibus
1153 1953 1598 2026 cogitationibus,
1633 1949 1774 2019 quod
1808 1947 1973 2002 animi
2007 1961 2101 2001 co-

516 2054 690 2125 gitatu
709 2051 858 2108 Omni
885 2049 1058 2118 majus
1070 2056 1174 2111 est,
1201 2058 1388 2099 eorum
1414 2042 1736 2098 miraculum
1758 2036 2093 2110 coniectem?

517 2141 813 2202 Enimvero
869 2141 998 2212 quid
1051 2151 1365 2194 sermonum
1425 2133 1577 2188 varia
1632 2131 1957 2203 compositio
1987 2127 2098 2186 illis

517 2237 769 2293 conferre
807 2230 1022 2305 possit?
1069 2243 1296 2299 quorum
1331 2227 1504 2298 gloria
1535 2239 1598 2280 ac
1632 2238 1854 2287 corona,
1913 2223 2091 2292 ipsum

517 2328 780 2398 sit,quod
805 2327 873 2380 ab
923 2325 1004 2378 eis
1029 2321 1230 2393 prodiit
1258 2320 1509 2390 gaudium
1548 2335 1562 2372 :
1592 2331 1823 2386 quorum
1853 2315 2099 2370 exsulta-

529 2422 608 2476 tio
631 2430 792 2490 atque
829 2415 1102 2488 gloriatio,
1138 2415 1444 2468 communls
1471 2410 1700 2466 exsistat
1720 2410 1939 2464 humani
1967 2408 2100 2462 laeti—

521 2514 596 2568 tia
626 2509 843 2583 generis
879 2508 1115 2578 :quibus
1167 2505 1440 2576 pretiosus
1492 2503 1749 2568 mundus,
1803 2502 1950 2556 omni
2008 2500 2100 2556 illa

515 2605 693 2676 pretio
730 2601 902 2670 major
955 2597 1143 2668 Virgo,
1175 2597 1422 2666 adiaceat
1456 2613 1471 2650 :
1506 2594 1826 2665 praeclarum
1857 2593 1989 2647 illud
2035 2606 2100 2647 ac

513 2697 810 2768 gloriosum
866 2692 1151 2758 diadema;
1204 2690 1358 2744 laetus
1411 2687 1502 2743 ille
1565 2701 1630 2741 ac
1681 2684 1836 2740 multi
1869 2683 2096 2740 luminis

515 2789 807 2861 Splendor;
869 2787 1080 2841 micans
1142 2782 1252 2850 ille,
1307 2781 1458 2836 radio
1517 2779 1668 2836 omni
1718 2778 1948 2834 lucidior
2009 2793 2099 2831 ra-

519 2882 662 2936 dius.
698 2879 826 2934 llace
859 2892 991 2933 sane
1021 2875 1370 2932 ornatissima
1404 2873 1509 2928 illis
1537 2871 1778 2926 laudatio
1806 2879 1920 2935 est;
1951 2869 2097 2932 haec,

414 3009 420 3044 ρ
514 2976 620 3031 illis
670 2987 942 3044 congruus
989 2973 1187 3034 decor;
1231 2961 1366 3032 haec,
1389 2963 1586 3018 divitiae
1615 2959 2008 3023 inauferibiles,
2043 2961 2098 3013 in

413 3041 424 3092 θ
515 3067 710 3121 saecula
741 3041 952 3118 inﬁnita
984 3062 1208 3114 uberem
1251 3055 1532 3110 eminentes
1563 3051 1794 3122 copiam.
1839 3051 1884 3103 ί)
1911 3067 2096 3106 eorum

518 3157 889 3225 adeptionem,
918 3167 982 3206 ac
1014 3151 1228 3219 impleta
1273 3157 1396 3202 vota
1427 3147 1440 3199 l
1473 3143 1517 3200 Ο
1550 3145 1800 3200 virtutem
1833 3144 2096 3213 ejusmodi

520 3249 730 3301 fructus
792 3240 1108 3314 parentem!
1146 3238 1311 3293 Plane
1369 3238 1457 3292 ille
1520 3237 1710 3306 ingens
1754 3251 1818 3293 ac
1885 3253 2104 3294 omnem

519 3352 784 3409 superans
833 3335 1093 3390 fructum.
1121 3331 1258 3386 Cum
1286 3345 1416 3402 ergo
1445 3329 1520 3384 illi
1580 3328 1714 3384 tales
1764 3341 2103 3400 essentqua-

515 3432 597 3487 les
639 3427 878 3486 ostendit
910 3441 1112 3490 sermo,
1145 3423 1272 3494 quid
1303 3422 1502 3478 frustra
1533 3435 1744 3491 quaeras
1775 3422 2103 3494 degenerino

517 3522 798 3595 proposito
826 3535 1046 3575 recessu
1082 3535 1111 3572 a
1143 3516 1252 3571 lilia
1281 3513 1588 3570 doluerint?

588 3615 685 3669 Illa
715 3627 899 3682 porro,
934 3609 1178 3680 angelica
1209 3609 1331 3661 vitae
1366 3607 1576 3661 ratione
1602 3607 1889 3662 diuturnas
1920 3625 2101 3666 moras

516 3713 710 3775 agente
739 3706 791 3754 in
833 3700 1052 3770 templo,
1106 3698 1258 3753 alluit
1312 3708 1526 3769 tempus
1583 3701 1728 3768 quod
1788 3700 2102 3758 mulieribus

523 3811 554 3848 a
583 3792 762 3868 sacris
788 3790 1167 3845 abstinendum
1188 3791 1564 3856 denuntiaret;
1584 3792 1800 3860 quando
1827 3790 1960 3844 nihil
1989 3801 2102 3847 tute

517 3873 802 3942 silentibus
833 3879 1053 3947 Iudaeis,
1111 3881 1342 3952 populus
1389 3884 1676 3938 consilium
1711 3883 1854 3948 iniit,
1893 3895 1950 3937 ut
1979 3894 2102 3937 tan-

516 3989 679 4045 quam
719 3988 879 4027 unam
912 3987 976 4028 ex
1011 3973 1278 4028 universis
1322 3986 1442 4027 eam
1493 3989 1521 4026 a
1552 3973 1753 4043 templo
1791 3985 2096 4030 arcerent:

518 4063 697 4119 aliene
729 4072 878 4120 certe
910 4073 941 4118 a
996 4064 1232 4129 ratione,
1269 4077 1373 4119 nec
1419 4072 1634 4119 maturo
1665 4067 1942 4121 examine.
1989 4064 2098 4123 Nec

518 4159 662 4214 enim
681 4160 791 4227 jam
810 4157 1116 4214 sanctitatis
1145 4156 1260 4226 ejus
1283 4155 1606 4211 miraculum
1665 4157 1935 4213 occultum
1960 4168 2096 4213 erat.

518 4250 662 4308 Vere
693 4265 928 4321 namque
957 4251 1236 4306 aestimans
1265 4259 1418 4321 puto,
1451 4249 1628 4306 nullas
1665 4265 1901 4318 unquam
1936 4263 2095 4305 uatu-

519 4347 660 4400 rales
686 4344 876 4400 sordes
899 4344 953 4397 in
985 4343 1341 4398 mundissimo
1367 4342 1484 4413 ejus
1544 4357 1772 4412 corpore
1799 4343 2100 4413 deprehen-

2195 480 2555 550 παρέμεινεν,
2614 473 2695 544 οἷς
2722 481 2750 532 ό
2780 479 2943 542 πόνος
2989 479 3240 552 ἄπειρος,
3276 480 3371 532 καὶ
3403 484 3463 533 ἐν
3497 482 3699 550 ἀφανεῖ
3722 483 3780 535 τὰ

2189 574 2291 644 τῆς
2320 571 2532 635 ἐλπίδος
2560 573 2741 625 κεῖται
2760 588 2775 638 ;

2262 663 2504 718 Τοιαῦτα
2533 663 2679 728 me;
2711 659 2780 736 ἦν
2829 663 2957 726 τοὺς
2989 663 3231 726 δικαίους
3265 663 3478 732 λέγειν,
3520 664 3686 735 εἴπερ
3735 684 3780 720 τι

2191 755 2301 810 τῶν
2358 755 2719 827 ἀνθρωπίνων
2750 756 3015 826 ἔπασχον.
3063 755 3229 808 Ἀλλά
3273 757 3488 808 τούτων
3527 758 3783 810 ἀπάντων

2192 845 2450 917 ὑπεράνω
2483 845 2790 915 γενόμενοι,
2815 845 2909 898 καὶ
2941 845 3016 906 ὡς
3038 846 3098 896 ἐν
3116 845 3304 914 χερσὶν
3330 841 3508 898 οὖσαν
3541 847 3645 915 τὴν
3671 847 3783 916 Θεῷ

2191 937 2550 993 ἀνατεθεῖσαν
2583 937 2929 1006 κατέχοντες,
2963 937 3022 989 ού
3082 937 3242 1006 μόνον
3273 939 3341 990 τὰ
3399 937 3502 1006 τῆς
3547 939 3782 1010 ἀθυμίας

2191 1032 2530 1086 ἀπεόάλοντο
2565 1021 2810 1102 ῥήματα,
2843 1031 2982 1085 ἀλλά
3013 1030 3108 1085 καὶ
3133 1032 3260 1095 τοὺς
3291 1031 3395 1101 τῆς
3425 1033 3780 1106 εὐχαριστίας

2192 1124 2505 1196 εἰλικρινῶς
2549 1125 2863 1194 προέτεινον
2885 1126 3080 1194 λόγους
3108 1141 3122 1154 ·
3152 1125 3228 1189 ὡς
3249 1125 3520 1194 τοιαύτης
3545 1129 3779 1200 aito-ap-

2193 1221 2282 1289 γοὶ
2313 1219 2694 1290 καρποφορίας
2738 1217 3030 1286 γεγονότες
3053 1232 3067 1244 ’
3109 1217 3184 1280 ὡς
3213 1217 3313 1287 τὴν
3349 1217 3497 1270 ἰδίαν
3527 1219 3780 1289 ἀπαρχὴν

2191 1309 2600 1381 ἀφιερώσαντες
2639 1307 2717 1380 τῷ
2743 1309 2898 1379 Θεῷ·
2924 1309 2999 1372 ὡς
3045 1307 3196 1361 ένδον
3225 1310 3336 1361 τῶν
3364 1309 3545 1378 ἁγίων
3576 1310 3637 1362 τδ
3669 1328 3779 1362 vso-

2193 1402 2352 1466 θαλές
2383 1402 2707 1472 ἀναθέμενοι
2742 1401 2945 1472 βλάστη
2955 1418 3050 1472 μα.

2264 1493 2575 1547 Ὠδικαίων
2597 1493 3146 1564 ὑπερευπροσδέκτου
3177 1493 3374 1559 θυσίας
3405 1495 3419 1549 l
3453 1495 3500 1547 ὢ
3532 1512 3778 1566 προσφο-

2197 1588 2295 1657 ρᾶς
2317 1585 2632 1658 ἀντίλυτρον
2659 1585 2752 1640 τοῦ
2795 1585 3003 1655 κόσμον
3048 1585 3450 1656 ἀνατεθείσηςί
3488 1587 3536 1641 ὣ
3567 1589 3782 1658 ἀγαθῆς

2195 1679 2355 1756 ῥίζης
2385 1678 2742 1749 ἀγαθώτατον
2769 1677 3095 1751 ὲκφυσάσης
3123 1679 3355 1750 βλαστόν
3381 1683 3394 1734 l
3433 1683 3587 1736 Τίσιν
3626 1685 3778 1736 Ἰωα-

2201 1772 2332 1841 κεὶμ
2359 1772 2456 1825 καὶ
2489 1773 2692 1824 Ἀνναν
2715 1771 2990 1824 ἐπαινέσω
3021 1773 3132 1835 τοῖς
3160 1771 3378 1840 λόγοις;
3405 1774 3583 1844 Ποίοις
3607 1777 3773 1844 ἐγκω-

2207 1865 2348 1936 μίων
2393 1863 2582 1918 ἄνθεσι
2649 1863 2742 1917 τὸν
2785 1863 2992 1917 τούτων
3040 1866 3421 1918 καταποικιλῶ
3478 1868 3779 1935 στέφανονς

2202 1956 2391 2020 Ποίαις
2410 1957 2640 2020 ἐννοίαις
2655 1957 2713 2008 τὸ
2727 1957 2867 2027 ὑπὲρ
2881 1956 3088 2011 ἔννοιαν
3107 1957 3290 2011 αὐτῶν
3311 1962 3778 2032 καταστοχάσομαι

2203 2049 2390 2120 θαῦμα
2418 2048 2613 2114 ram
2633 2050 2684 2102 τί
2701 2047 2911 2113 τούτοις
2943 2050 3102 2121 ἡτῶν
3123 2050 3301 2118 λόγων
3336 2057 3780 2121 συνεισενεγκεῖν

2201 2141 2496 2212 δυνήσεται
2560 2140 2845 2206 ποικιλίας
2899 2137 2980 2204 οἷς
3018 2141 3147 2207 δόξα
3195 2143 3290 2196 καὶ
3328 2143 3616 2210 στέφανος,
3650 2144 3781 2204 αὕτη

2203 2227 2544 2301 καθέστηκεν
2572 2233 2603 2302 ὴ
2635 2231 2692 2298 ἐξ
2721 2232 2901 2286 αὐτῶν
2926 2232 3272 2304 προελθοῦσα
3298 2236 3448 2305 χαρά
3467 2251 3481 2265 ⁸
3511 2227 3598 2299 οἷς
3621 2235 3770 2304 ἀγαλο

2202 2323 2376 2392 λίαμα
2410 2325 2505 2377 καί⁵
2538 2323 2995 2394 ἐγκαλλώπισμα,
3035 2327 3068 2396 ἠ
3102 2328 3257 2396 κοινή
3293 2329 3414 2380 ἐστι
3458 2327 3554 2380 τοῦ
3601 2328 3784 2396 γένους

2203 2416 2513 2488 εὐφροσύνη
2541 2431 2555 2445 ⁸
2592 2411 2675 2480 οἷς
2713 2416 2919 2487 κόσμος
2948 2418 3133 2489 τίμιος
3171 2420 3507 2490 περίκειται,
3540 2422 3575 2492 ἡ
3607 2422 3783 2489 πάσης

2199 2509 2370 2579 τιμῆς
2403 2509 2652 2580 ἀνωτέρα
2708 2509 3013 2580 Παρθένος·
3068 2510 3132 2564 τὸ
3158 2511 3413 2583 λαμπρὸν
3441 2513 3539 2566 καὶ
3570 2513 3784 2584 περίδο-

2204 2599 2292 2667 ξον
2323 2601 2562 2672 διάδημα
2581 2616 2594 2630 ·
2635 2601 2700 2654 τὸ
2727 2601 2952 2672 φαιδρὸν
2981 2602 3081 2656 καὶ
3117 2603 3436 2672 πολύφωτον
3462 2605 3745 2675 ἀγλάϊσμα
3764 2622 3782 2638 ·

2201 2693 2261 2746 τὸ
2295 2693 2478 2763 πάσης
2524 2692 2869 2763 λαμπηδόνος
2903 2694 3298 2766 φωτεινότερον
3342 2696 3579 2767 ἕξαλμα.
3631 2697 3782 2767 Αὕτη

2200 2787 2266 2856 δή
2296 2787 2443 2839 ἐστιν
2475 2785 2752 2855 ἐγκώμιον
2783 2784 2968 2849 αὐτοῖς
3007 2787 3411 2858 ὑπερκόσμιονο
3445 2788 3586 2859 αὕτη
3620 2806 3785 2860 περι-

2201 2877 2372 2942 δέξιος
2411 2879 2595 2940 αὐτοῖς
2627 2878 3127 2949 εὐπρέπειαοιαῦτη
3171 2879 3399 2942 πλοῦτος
3443 2883 3636 2944 αὐτοῖς
3680 2884 3790 2934 ἀν-

2201 2970 2533 3039 αφαίρετος,
2587 2971 2668 3031 είς
2709 2970 3044 3040 ἀπεράντους
3095 2969 3294 3032 arma;
3356 2969 3640 3043 ἐπιρρέων
3683 2975 3790 3041 τὴν

2206 3061 2485 3131 ἀφθονίαν.
2508 3061 2572 3114 Ὢ
2600 3061 2700 3132 τῆς
2726 3061 2936 3116 τούτων
2963 3061 3334 3132 ἐπιτυχίαςὶὣ
3366 3064 3573 3134 ἀρετῆς
3601 3067 3790 3119 tomu-

2208 3171 2305 3217 τας
2333 3155 2430 3217 τάς
2489 3154 2827 3224 ἐπικαρπίας
2860 3156 3278 3226 συγκομισᾶωης
3304 3155 3318 3206 l
3343 3156 3532 3223 Μέγας
3587 3157 3792 3220 ὅντως,

2208 3249 2305 3300 καὶ
2341 3248 2520 3317 πάσης
2552 3247 2812 3300 ἐπέκεινα
2842 3246 3251 3316 καρποφορίας.
3282 3246 3577 3312 Τοιούτους
3610 3249 3791 3299 τοίνυν

2205 3340 2428 3404 τούτους
2455 3339 2640 3403 ὄντας,
2669 3339 2815 3402 οἴους
2847 3341 2874 3392 ὁ
2905 3338 3066 3406 λόγος
3094 3337 3370 3404 ὑπέδειξε,
3390 3339 3440 3390 τί
3471 3339 3551 3392 δεῖ
3586 3335 3792 3400 διερει-

2205 3431 2303 3499 νᾷν
2350 3431 2400 3482 εί
2447 3427 2693 3496 ἀγεννῶς
2736 3429 2832 3492 τάς
2859 3429 3037 3500 ψυχὰς
3067 3429 3148 3499 τῷ
3177 3429 3448 3499 χωρισμῷ
3477 3426 3573 3495 τῆς
3601 3426 3788 3488 παιδυί

2205 3520 2561 3590 ὼδυνήθησαν
2591 3536 2606 3584 ;

2275 3611 2753 3683 Χρονοτριόούσης
2798 3607 2892 3666 οὖν
2940 3612 3112 3681 αὐτῆς
3160 3609 3596 3678 ἀγγε>.οπρ-επῶς
3631 3612 3687 3661 ἐν
3719 3607 3790 3677 τῷ

2205 3703 2334 3774 ναῷ,
2367 3704 2462 3758 καὶ
2489 3705 2519 3756 ό
2544 3704 2736 3775 καιρὸς
2765 3704 3091 3774 ἐφέστηκεν,
3125 3705 3152 3755 ό
3194 3703 3440 3770 γυναιξὶν
3478 3699 3788 3768 ἀπέχεσθαι

2204 3795 2313 3847 τῶν
2353 3793 2531 3863 ἁγίων
2577 3797 3050 3866 παρεγγυώμενος
3075 3809 3089 3822 ο
3123 3792 3186 3844 ὃν
3225 3792 3325 3844 οὐκ
3355 3789 3615 3858 ἀσφαλῶς
3656 3806 3789 3840 σιω·

2204 3883 2430 3938 πώντων
2463 3884 2572 3938 τῶν
2618 3883 2912 3948 Ἰουδαίων,
2955 3881 3184 3950 όδῆμος
3231 3881 3309 3944 ὡς
3362 3882 3497 3950 μίαν
3533 3882 3788 3932 ἀπαντῶν

2201 3975 2297 4029 τοῦ
2332 3975 2482 4048 ίεροῦ
2526 3976 2734 4046 ταύτην
2775 3975 3064 4044 ἀπείργειν
3111 3972 3542 4025 συνεΰούλευεν·
3581 3970 3786 4036 ἀλλοίως

2203 4069 2311 4139 ἄρα
2341 4069 2436 4122 καὶ
2479 4067 2873 4134 ἀνεξετάστως.
2914 4067 2989 4119 Ού
3031 4066 3141 4135 γάρ
3179 4065 3279 4136 ἤδη
3310 4065 3374 4117 τὸ
3404 4066 3462 4116 ἐν
3496 4062 3672 4132 ταύτῃ
3697 4061 3784 4112 τοῦ

2202 4160 2481 4231 ἀγιασμοῦ
2511 4160 2891 4231 κρυπτόμενον
2923 4157 3252 4228 παράδοξον.
3318 4156 3464 4225 Ἐγὼ
3492 4158 3603 4224 γὰρ
3637 4149 3785 4222 οἴμαι

2201 4256 2268 4322 τῇ
2295 4252 2525 4323 ἀληθεία
2553 4252 2754 4322 κρίνων
2789 4251 2992 4321 μηδένα
3024 4248 3300 4302 τῶν-κατά
3329 4251 3492 4317 φύσιν
3520 4247 3708 4318 ρύπων
3731 4248 3787 4298 ἐν

2202 4342 2280 4413 τῷ
2327 4341 2652 4411 πανασπίλῳ
2707 4339 2922 4410 σώματι
2976 4338 3185 4408 ταύτης
3242 4336 3571 4408 φωραθῆναί
3623 4350 3783 4387 ποτεο

517 4453 607 4494 sas
635 4453 754 4492 esse
786 4455 800 4491 :
839 4436 932 4491 sed
985 4437 1167 4490 omnia
1203 4451 1342 4490 nova
1393 4435 1626 4505 quadam
1657 4450 1720 4489 ac
1748 4434 1979 4488 mirabili
2009 4435 2098 4490 de-

2207 4435 2350 4488 ἀλλέι·
2372 4435 2538 4502 ξένιος
2560 4435 2740 4488 πάντα
2769 4431 3253 4503 καινοτομηθῆναι,
3275 4429 3539 4499 Δκαθάπερ
3571 4427 3668 4482 καὶ
3692 4426 3785 4496 τὴν

519 4529 730 4599 signata
763 4528 992 4595 ratione,
1020 4529 1093 4581 uti
1116 4526 1297 4594 ctejus
1326 4526 1563 4580 futurum
1582 4539 1813 4597 partum.

591 4621 887 4676 Zacharias
936 4635 1067 4689 ergo
1123 4618 1238 4672 haec
1271 4618 1600 4686 intelligens,
1652 4617 1786 4669 nihil
1824 4617 1939 4684 ipse
1979 4631 2008 4670 a
2039 4629 2100 4672 se

521 4713 801 4784 Virginem
831 4713 1088 4780 cegitavit
1113 4712 1386 4773 educere;
1417 4709 1596 4778 potius
1623 4719 1771 4763 ratus
1801 4709 1943 4763 laesa:
1968 4723 2099 4763 con-

518 4805 828 4863 suetudinis
867 4805 1157 4874 populique
1210 4811 1419 4856 reatum
1458 4800 1740 4854 iucurrere
1763 4839 1779 4866 ,
1814 4813 1978 4868 quam
2013 4813 2101 4853 se—

513 4900 794 4969 junetioue
857 4899 994 4952 bona
1029 4897 1170 4950 illius
1201 4895 1476 4949 amittere.
1511 4894 1591 4946 Ad
1629 4895 1731 4946 hoc
1763 4894 1943 4960 itaque
1973 4907 2097 4962 per-

519 4998 746 5058 urgente
777 4987 995 5057 populo,
1028 4999 1214 5040 secum
1267 4982 1355 5038 ille
1404 4981 1603 5036 anxius
1663 4979 1927 5042 haerebat,
1970 4979 2097 5032 talia

515 5079 765 5152 quaedam
805 5089 982 5134 mente
1011 5077 1245 5148 agitans,
1295 5090 1360 5132 ac
1393 5074 1620 5145 loquens
1651 5089 1666 5128 :
1705 5090 1726 5125 ε
1766 5071 1906 5139 Quid
1939 5071 2100 5127 rebus

515 5175 589 5230 ita
633 5170 960 5227 habentibus
1004 5169 1243 5225 faciam?
1275 5170 1448 5235 Quam
1517 5182 1665 5222 nunc
1712 5166 2096 5220 necessitatem

513 5265 755 5337 eligam?
787 5262 955 5330 Quem
993 5261 1126 5315 mihi
1165 5262 1512 5330 praestituens
1555 5260 1716 5313 linem
1741 5301 1756 5326 ,
1791 5272 1896 5312 non
1931 5266 2100 5310 teme-

516 5361 664 5416 rario
692 5373 833 5414 ausu
867 5355 1095 5413 irritabo
1129 5353 1390 5408 Numen?
1440 5351 1482 5406 E
1519 5352 1790 5421 templone
1821 5347 2099 5419 Virginem

510 5452 778 5509 educam?
805 5451 1002 5508 Verum
1032 5461 1116 5501 me
1152 5455 1320 5500 terret
1351 5460 1546 5500 eorum
1570 5459 1689 5514 quae
1727 5457 1934 5499 arcana
1969 5458 2098 5512 spe-

517 5546 664 5600 ctavi
697 5545 944 5610 novitas;
991 5537 1478 5608 vehementiusque
1501 5535 1747 5606 percellit
1771 5534 2099 5590 adolescen-

518 5637 640 5690 tulae
665 5637 1036 5706 miraculum;
1074 5651 1140 5692 ne
1166 5635 1210 5692 si
1239 5635 1378 5690 forte
1405 5633 1456 5686 in
1482 5645 1602 5685 eam
1623 5627 1988 5700 peccaverim,
2019 5637 2099 5680 te-

517 5728 785 5785 mctitatis
807 5744 996 5799 punias
1023 5729 1191 5787 luam.
1223 5727 1408 5798 Neque
1437 5724 1582 5783 enim
1601 5723 1754 5779 .alius
1782 5730 1982 5792 praeter
2012 5736 2096 5776 me

2209 4527 2511 4599 μέλλουσαν
2536 4526 2754 4598 κύησιν.

2277 4619 2465 4672 Ταῦτα
2494 4618 2674 4672 τοίνυν
2700 4619 2728 4670 ὁ
2773 4618 3055 4690 Ζαχαρίας
3104 4616 3322 4679 συνεὶς,
3372 4614 3474 4684 τὴν
3509 4616 3609 4684 τῆς
3643 4614 3785 4681 nap-

2207 4710 2364 4765 θένου
2391 4710 2605 4764 οἴκοθεν
2623 4711 2722 4765 οὐκ
2751 4711 3084 4783 ἐμελέτησεν
3105 4708 3287 4772 ἔξοδον
3303 4722 3318 4736 ·
3347 4708 3600 4777 κρεῖττον
3625 4703 3782 4772 inre-J-

2209 4822 2370 4875 μενος
2396 4799 2536 4857 εἶναι
2563 4804 2638 4875 τῷ
2669 4803 2782 4857 ἔθει
2811 4804 2907 4856 καὶ
2935 4801 3049 4872 λαῷ
3081 4797 3471 4872 προσπταίειν,
3507 4796 3541 4866 ἢ
3569 4794 3651 4864 τῷ
3679 4812 3781 4863 χω-

2209 4894 2393 4965 ρισμῷ
2415 4893 2621 4962 ταύτης
2645 4893 2830 4946 καλῶν
2861 4891 3284 4961 ἀποτυγχάνειν.
3311 4887 3455 4958 Πρός
3477 4885 3634 4937 τοῦτο
3657 4882 3782 4951 γοῦν

2208 4984 2633 5053 κατεπείγοντος
2656 4984 2752 5039 τοῦ
2785 4985 2981 5056 δήμου,
3014 4985 3094 5047 εἰς
3123 4981 3434 5053 ἀμηχανίαν
3463 4973 3618 5040 οὗτος
3653 4975 3782 5030 καθ·

2210 5077 2417 5143 ίστατο,
2451 5078 2680 5132 τοιαῦτα
2727 5079 2924 5132 ἐννοῶν
2955 5078 3050 5131 καὶ
3074 5076 3468 5145 φθεγγόμενος⁸
3509 5091 3532 5123 ι
3565 5072 3631 5123 Τί
3660 5073 3784 5139 περὶ

2206 5170 2414 5222 τούτων
2442 5169 2816 5241 διαπράξομαι
2847 5187 2862 5237 ;
2906 5169 3075 5222 Ποίαν
3117 5169 3364 5236 ἀνάγκην
3393 5165 3473 5236 τῷ
3504 5166 3622 5217 νυνὶ
3672 5166 3784 5215 ἐπι-

2207 5259 2432 5330 λέξομαι
2457 5277 2471 5326 ;
2493 5261 2636 5332 Πρὸς
2655 5265 2808 5314 ποῖον
2830 5261 3032 5314 σκοπδν
3049 5259 3281 5323 ἀπιδὼν,
3300 5260 3359 5313 τὸ
3382 5260 3537 5311 Θεῖον
3563 5257 3638 5329 μὴ
3654 5273 3784 5324 παρ·

2207 5353 2421 5423 οργίσω
2463 5356 2529 5424 τῇ
2561 5354 2738 5426 τόλμῃ
2769 5371 2784 5421 ;
2819 5354 3026 5421 Ἐξάξω
3062 5353 3156 5408 τοῦ
3184 5353 3314 5407 ναοῦ
3352 5353 3449 5423 τὴν
3476 5350 3780 5420 Παρθένον;

2222 5447 2384 5500 ’Λλλά
2415 5449 2574 5516 φοϐεῖ
2613 5465 2679 5519 με
2704 5449 2814 5503 τῶν
2839 5450 3168 5520 ἀπορρήτων
3191 5448 3480 5518 θεαμάτων
3512 5447 3572 5498 τὸ
3597 5445 3743 5512 ξένον
3766 5457 3779 5468 ·

2209 5538 2302 5590 καὶ⁵
2329 5537 2701 5610 καταπλήττει
2723 5557 2788 5608 με
2807 5540 2903 5610 τῆς
2919 5540 3159 5601 νεάνιδος
3175 5539 3236 5590 τὸ
3263 5538 3367 5590 θαῦ
3379 5553 3476 5607 μα·
3500 5541 3692 5606 μήπως
3709 5535 3783 5594 εἰς

2207 5628 2412 5698 ταύτην
2425 5629 2761 5703 διαμαρτὼν,
2782 5633 2881 5702 τὴν
2897 5632 3055 5700 δίκην
3076 5631 3321 5683 ἀποτίσω
3349 5631 3450 5700 τῆς
3479 5625 3777 5686 αὐθαδείας.

2211 5719 2288 5773 Ού
2308 5719 2412 5792 γὰρ
2431 5721 2589 5784 ἄλλος
2613 5722 2722 5776 τῶν
2743 5723 2946 5794 ταύτης
2965 5723 3104 5795 πλὴν
3129 5724 3152 5774 ἐ
3161 5720 3263 5794 μού
3284 5720 3600 5794 marg-59:;
3610 5735 3665 5770 σε
3686 5735 3780 5789 μυ-
